3862 6204
407 290 542 344 Ηιὸ

1500 289 1560 347 S.
1601 286 2058 344 ATHANASIUS.
2096 315 2164 328 --
2201 285 2480 344 SPURIA.

3493 285 3648 341 1144

403 408 555 463 Orth.
606 407 684 460 Eo
715 406 971 460 diﬂ‘erunt
1027 409 1172 476 quod
1212 410 1521 478 hypostasis
1567 417 1660 462 tua
1712 425 1821 462 non
1882 416 1967 462 est

2072 425 2175 462 των
2211 409 2530 480 ἀνθρώπων.
2566 409 2763 478 Ἀνόμ.
2813 410 2875 462 Ἥ
2911 407 3019 480 ἐμὴ
3045 407 3339 473 ὑπόστασις
3359 409 3460 464 οὑκ
3487 410 3647 465 ἔστιν

399 499 641 552 omnium
671 498 950 551 hominum
982 517 992 551 :
1027 498 1120 553 sed
1150 498 1460 554 humanitas
1484 507 1569 555 est
1597 500 1839 553 omnium
1863 499 1962 553 ho-

402 588 608 641 minum
640 586 967 642 communis.
1000 587 1188 638 Anam.
1233 586 1317 639 An
1348 602 1468 640 mea
1514 585 1819 657 hypostasis
1854 602 1962 641 non

397 689 484 735 est
532 679 680 734 aliud
737 695 900 749 quam
959 678 1518 747 humanitas?‘0r(h.
1587 677 1958 747 Nequaquam.

2064 499 2252 570 άλλοῆ
2313 499 2704 572 ἀνθρωπότης;
2749 503 2904 568 Ὀρθ.
2956 500 3054 554 Οὔ.
3089 501 3285 570 Ἀνόμ.
3329 499 3455 564 Πῶς
3504 495 3675 582 οὗνςξ

2064 591 2218 657 Ὀρθ.
2254 591 2373 645 Ὅτι
2406 594 2437 662 ἡ
2476 590 2573 661 μὲν
2617 591 2972 663 ἀνθρωπότης
2996 593 3148 664 κοινὴ
3175 593 3392 647 πάντων
3428 591 3650 665 ἀνθρώ-

2065 701 2202 748 πων,
2235 684 2268 754 ἡ
2301 683 2357 736 δὲ
2392 683 2748 754 ὑπόστασιςή
2782 681 2980 754 ίδιότης
3007 683 3256 737 ἑκάστου.

401 777 592 829 Anam.
635 773 959 840 Quomodo?
989 773 1140 827 Orlh.
1171 771 1435 838 Quoniam
1479 773 1789 828 humanitas
1832 776 2051 842 quidem
2088 785 2172 832 est
2201 778 2445 832 omnium
2475 777 2759 831 hominum
2802 778 3126 842 communis,
3179 777 3490 842 hvpostasis
3512 792 3654 834 vero

397 875 482 922 est
519 867 950 934 uniuscujusque
994 866 1319 934 proprietas.

471 960 554 1011 l7.
586 961 770 1012 Anam.
813 957 1132 1028 llypostasis
1173 958 1350 1011 Patris
1397 973 1576 1012 nonne
1613 965 1697 1012 est
1743 959 1959 1012 deitas?

401 1046 557 1102 Ort/c.
587 1046 834 1100 Maxime.
873 1047 977 1100 Sed
1021 1047 1194 1100 deitas
1235 1047 1501 1116 signiﬁcat
1528 1046 1782 1114 quiddam
1817 1061 1956 1111 esse,

401 1138 712 1209 hypostasis
747 1154 875 1192 vero
907 1155 1045 1192 esse.
1083 1138 1271 1195 Anam.
1319 1138 1447 1193 item
1481 1140 1789 1210 hypostasis
1817 1137 1960 1201 Filii,

399 1244 582 1284 annon
613 1240 696 1284 est
727 1231 943 1284 dcitas?
978 1230 1129 1284 Orth.
1176 1230 1372 1285 Etiam.
1433 1231 1619 1286 Anam.
1670 1231 1797 1284 Duae
1835 1237 1963 1284 sunt

331 1305 334 1308 ”
399 1321 564 1391 igitur
635 1321 884 1377 deitates.
948 1322 1099 1377 Orth.
1161 1321 1531 1392 Nequaquam.
1602 1319 1790 1376 Anam.
1842 1321 1961 1385 Quo

398 1412 596 1466 modo?
627 1411 781 1466 Orth.
816 1412 1084 1478 Quoniam
1133 1428 1241 1467 non
1270 1421 1353 1467 est
1389 1413 1494 1466 alia
1528 1423 1579 1468 et
1608 1415 1714 1467 alia
1765 1413 1959 1468 deitas.

395 1501 586 1557 Anam.
624 1504 787 1573 Atqui
824 1505 928 1557 alia
957 1512 1010 1559 et
1041 1505 1146 1558 alia
1191 1512 1277 1560 est
1307 1505 1635 1574 hypostasis.
1668 1503 1820 1558 Orth.
1855 1502 1960 1557 Sed

398 1594 507 1648 dixi
539 1595 757 1649 deitatis
794 1602 848 1649 et
897 1595 1255 1665 hypostaseos
1304 1595 1618 1649 nominibus
1667 1594 1809 1649 idem
1848 1609 1961 1647 non

2133 957 2218 1008 l7.
2262 958 2460 1025 Ἀνόμ.
2497 957 2562 1008 Ἦ
2608 958 2904 1019 ὑποστασις
2951 973 3044 1010 του
3092 959 3308 1031 Πατρος
3366 963 3470 1016 οὑκ
3523 963 3650 1016 ἐστι

2067 1048 2291 1120 θεότης;
2323 1049 2476 1116 Ὄρθ.
2506 1049 2634 1106 Ναί.
2663 1049 2801 1101 Ἀλλ’
2832 1051 2865 1120 ἡ
2895 1049 3083 1122 θεότης
3109 1053 3170 1105 τό
3191 1070 3244 1106 τι
3267 1049 3402 1108 εἶναι
3437 1055 3651 1126 σημαί-

2068 1157 2168 1205 νει,
2196 1141 2230 1212 ἡ
2258 1140 2314 1193 δὲ
2351 1141 2648 1204 ὑπόστασις
2681 1141 2739 1194 τὺ
2766 1137 2927 1194 εῖναι.
2957 1141 3156 1211 Ἀνόμ.
3191 1144 3302 1212 Καὶ
3344 1145 3378 1216 ἡ
3405 1146 3652 1200 ὑπόστα-

2072 1247 2154 1293 σις
2195 1230 2288 1282 τοῦ
2321 1230 2450 1284 Υἱοῦ
2499 1231 2598 1284 οὑκ
2644 1229 2759 1284 ἐστι
2796 1231 3020 1302 θεότης;
3068 1234 3222 1302 Ὀρθ.
3273 1235 3400 1288 Ναί.
3437 1237 3648 1306 Ἀνόμ.

2065 1321 2168 1372 Δύο
2188 1316 2280 1373 οὖν
2304 1320 2576 1392 θεότητες.
2623 1321 2778 1390 Ὀρθ.
2810 1322 2906 1377 Οὔ.
2939 1324 3138 1392 Ἀνόμ.
3164 1323 3290 1389 Πῶς
3319 1321 3444 1392 οὖν;
3481 1327 3647 1394 Ὄρθ.

2066 1411 2140 1462 Ού
2168 1410 2276 1481 γὰρ
2318 1410 2450 1480 άλλη
2499 1412 2593 1464 καὶ
2627 1412 2758 1482 άλλη
2806 1411 2995 1482 θεότης
3035 1413 3201 1467 ἐστίν.
3233 1416 3434 1485 Ἀνόμ.
3475 1416 3654 1486 ama,

2066 1499 2158 1552 καὶ
2189 1499 2321 1568 άλλη
2357 1500 2650 1564 ὑπόστασίς
2684 1503 2850 1556 ἐστιν.
2889 1504 3042 1570 Ὀρθ.
3078 1503 3220 1556 Ἀλλ’
3257 1505 3378 1575 οὐχ).
3410 1505 3475 1558 τὺ
3507 1505 3652 1558 αὐτὸ

2066 1591 2348 1660 σημαίνειν
2381 1586 2530 1644 εἶπον
2564 1591 2794 1662 θεότητα
2822 1593 2917 1646 καὶ
2946 1594 3239 1648 ὑπόστασιν
3259 1612 3272 1626 ·
3304 1597 3338 1666 ἡ
3372 1596 3484 1666 γὰρ
3515 1597 3655 1650 ὑπό-

398 1685 716 1756 signiﬁcari.
780 1684 916 1738 Nam
967 1686 1274 1756 hypostasis
1325 1687 1564 1740 declarat
1592 1702 1735 1750 esse,
1786 1685 1960 1740 deitas

2072 1698 2252 1744 ττασις
2283 1681 2346 1734 τὸ
2374 1677 2532 1746 εἶναι,
2565 1683 2599 1752 ή
2629 1681 2685 1734 δὲ
2717 1682 2908 1754 θεότης
2939 1683 2998 1735 τό
3025 1702 3076 1737 τι
3101 1682 3237 1739 εἶναι
3256 1703 3270 1716 ⁸
3300 1687 3377 1751 ὡς
3407 1689 3516 1760 γὰρ
3544 1689 3654 1740 οὑκ

397 1793 528 1832 vero
565 1777 820 1847 quiddam
865 1794 1007 1832 esse.
1052 1777 1203 1833 Sicut
1229 1778 1375 1832 enim
1418 1795 1526 1832 non
1560 1787 1688 1833 sunt
1715 1777 1835 1831 duae
1860 1777 1963 1830 hu-

396 1867 685 1922 manitales
713 1866 859 1921 Petri
887 1875 941 1921 et
969 1867 1143 1933 Pauli,
1165 1870 1237 1923 ita
1266 1885 1366 1924 nec
1394 1868 1572 1924 Patris
1603 1875 1657 1924 et
1687 1869 1810 1923 Filii
1845 1870 1966 1924 dua:

397 1961 527 2009 sunt
557 1953 805 2012 deitates.
835 1956 1022 2010 Anam.
1059 1957 1220 2027 Atqui
1254 1973 1433 2013 nonne
1461 1959 1627 2030 418
1655 1959 1966 2029 hypostasis

396 2045 578 2103 Patris
633 2054 718 2104 est
743 2049 905 2103 etiam
938 2049 1148 2104 deitas?
1193 2048 1348 2104 Ortli.
1385 2049 1702 2120 Hypostasis
1744 2049 1966 2120 quidem

399 2136 579 2193 Patris
609 2147 693 2194 est
743 2139 906 2194 etiam
947 2139 1138 2208 deitas,
1186 2149 1238 2196 et
1281 2141 1404 2195 Filii
1447 2141 1756 2212 hypostasis
1801 2142 1966 2197 etiam

398 2228 575 2286 deitas
619 2249 632 2285 :
667 2238 722 2285 at
761 2247 870 2288 non
899 2233 1275 2304 consequitur,
1309 2233 1439 2304 quia
1471 2235 1592 2288 duae
1625 2241 1752 2290 sunt
1791 2233 1966 2306 hypo-

398 2329 595 2386 stases,
641 2323 776 2380 duas
824 2339 946 2381 esse
994 2325 1246 2381 deitates.
1285 2325 1476 2380 Anam.
1526 2324 1810 2391 Quomodo
1855 2341 1966 2381 non

398 2412 790 2482 consequitur?
820 2413 972 2470 Orth.
1021 2414 1287 2480 Quoniam
1330 2415 1710 2471 immortalitas
1752 2429 1968 2484 quoque

395 2511 481 2559 est
512 2505 822 2576 hypostasis
871 2506 1071 2573 Patris,
1128 2517 1184 2562 et
1231 2507 1608 2564 immortalitas
1660 2507 1967 2578 hypostasis

399 2594 546 2658 Filii,
579 2612 680 2650 nec
713 2606 892 2651 tamen
924 2605 1052 2652 sunt
1104 2597 1225 2652 dua:
1279 2599 1733 2654 immortalitates.
1774 2599 1964 2652 Anam.

397 2684 518 2740 Non
572 2695 700 2741 sunt
747 2687 867 2741 duae
902 2688 1376 2744 immortalitates?
1409 2689 1560 2744 Ortlt.
1595 2689 1734 2743 Non.
1776 2691 1962 2743 Anam.

401 2778 727 2843 Quomodo?
760 2778 915 2836 Orth.
949 2779 1216 2844 Quoniam
1245 2797 1354 2835 non
1393 2789 1477 2836 est
1499 2782 1713 2836 diversa
1747 2781 1968 2847 immor-

401 2869 584 2925 talitas
618 2890 630 2924 ε
665 2871 1044 2926 immortalitas
1087 2873 1230 2926 enim
1277 2872 1346 2926 ab
1396 2872 1803 2926 immortalitate
1857 2888 1968 2926 non

402 2959 602 3026 diﬁ‘ert,
631 2975 737 3029 qua
768 2961 1147 3016 immortalitas
1166 2970 1267 3016 est.
1298 2961 1483 3014 Anam.
1511 2962 1566 3015 Si
1597 2963 1814 3032 quidem
1842 2978 1967 3017 vere

403 3058 487 3105 est
512 3052 617 3106 alia
651 3059 704 3106 et
733 3052 838 3106 alia
868 3052 1176 3123 hypostasis
1220 3051 1397 3108 Patris
1431 3065 1482 3108 et
1516 3053 1658 3116 Filii,
1692 3055 1963 3123 quomodo
1990 3036 2033 3095 (ἶ

404 3158 512 3198 non
553 3151 636 3198 est
664 3144 769 3197 alia
798 3151 852 3198 et
875 3145 983 3197 alia
1008 3145 1422 3201 immortalitas?
1453 3145 1603 3202 Orth.
1636 3147 1754 3201 Alia
1777 3155 1831 3202 et
1863 3148 1968 3201 alia

403 3242 490 3291 est
518 3234 828 3306 hypostasis
863 3234 1043 3291 Patris
1070 3247 1124 3292 et
1176 3237 1322 3303 Filii,
1359 3239 1454 3294 sed
1502 3254 1609 3293 non
1644 3247 1727 3293 est
1767 3238 1870 3292 alia
1916 3247 1969 3293 et

405 3327 512 3382 alia
545 3327 944 3384 immortalitas.
984 3326 1119 3382 Nam
1171 3337 1224 3384 et
1269 3345 1369 3385 nos
1399 3330 1561 3384 aliam
1595 3338 1649 3386 et
1679 3330 1838 3384 aliam
1874 3329 1970 3400 hy-

404 3419 656 3489 postasin
683 3418 963 3485 habemus,
996 3427 1051 3474 at
1092 3436 1202 3477 non
1231 3421 1392 3476 aliam
1419 3430 1472 3476 et
1512 3421 1670 3474 aliam
1720 3422 1965 3475 humani-

404 3519 595 3564 tatem.
631 3509 698 3564 Et
718 3509 865 3566 Petri
892 3511 1207 3582 hypostasis
1252 3521 1336 3568 est
1365 3511 1563 3576 homo;
1603 3518 1657 3566 et
1685 3510 1836 3565 Pauli
1866 3511 1966 3582 hy-

402 3600 642 3672 postasis
702 3607 786 3656 est
833 3601 997 3656 homo
1055 3619 1069 3656 :
1125 3609 1180 3656 et
1236 3601 1511 3656 suntduae
1542 3600 1883 3672 hypostases,
1913 3609 1970 3656 at

407 3707 517 3748 non
549 3693 671 3748 dun
715 3692 1100 3748 humanitates.
1144 3691 1336 3748 Itidem
1388 3693 1551 3747 aliam
1599 3699 1762 3763 atque
1807 3693 1968 3747 aliam

408 3784 727 3855 hypostasin
772 3785 1058 3850 habemus,
1111 3793 1430 3840 nontamen
1480 3783 1641 3838 aliam
1698 3791 1752 3839 et
1805 3785 1969 3858 aliam

407 3872 891 3938 immortalitatem,
927 3888 1089 3943 quam
1119 3888 1216 3944 per
1249 3889 1417 3928 unum
1451 3874 1718 3944 baptisma
1761 3875 1970 3945 recepi-

407 3979 550 4020 mus.
582 3961 716 4018 Nam
749 3965 793 4020 si
833 3965 938 4019 alia
970 3974 1023 4019 et
1051 3965 1157 4019 alia
1207 3975 1292 4021 est
1321 3967 1719 4029 immortalitas,
1748 3967 1885 4022 alius
1915 3974 1969 4022 et

407 4055 548 4109 alius
593 4055 918 4126 baptismus,
947 4057 1053 4111 alia
1101 4063 1155 4111 et
1189 4055 1296 4110 alia
1334 4056 1488 4120 ﬁdes,
1520 4072 1629 4111 non
1675 4065 1758 4112 est
1803 4059 1972 4112 etiam

412 4164 433 4197 ι
473 4162 616 4202 unus
647 4145 927 4213 Dominus,
958 4161 1065 4201 una
1101 4147 1252 4212 ﬁdes,
1280 4163 1448 4201 unum
1484 4148 1772 4218 baptisma.
1837 4167 1856 4200 ι

482 4235 567 4290 18.
609 4235 801 4291 Anam.
835 4237 939 4292 Sed
969 4244 1158 4293 nostra
1188 4237 1496 4309 hypostasis
1527 4238 1672 4293 aliud
1711 4238 1970 4308 quiddam

2066 1773 2171 1826 είσὶ
2203 1772 2296 1826 δύο
2326 1772 2739 1844 ἀνθρωπότητες
2765 1776 2973 1846 Πέτρου
2999 1777 3092 1830 καὶ
3126 1777 3359 1844 Παύλου,
3393 1781 3514 1832 οὑδὲ
3548 1780 3654 1832 δύο

2066 1862 2318 1933 θεότητες
2361 1863 2573 1933 Πατρὸς
2605 1866 2699 1916 καὶ
2740 1863 2891 1920 Υίοῦ.
2936 1867 3132 1936 Ἀνόμ.
3186 1869 3393 1922 Οὐκοῦν
3437 1871 3562 1939 οὐχὶ
3615 1873 3653 1940 ἡ

2066 1953 2360 2016 ὑπόστασις
2393 1953 2487 2006 τοῦ
2519 1954 2767 2026 Πατρός;
2807 1955 2960 2022 Ὄρθ.
2997 1957 3061 2009 Ἠ
3093 1957 3192 2027 μὲν
3221 1959 3518 2022 ὑπόστασις
3549 1958 3659 2013 τοῦ

2065 2045 2275 2116 Πατρὸς
2305 2044 2395 2097 καὶ
2443 2043 2654 2115 θεότης,
2688 2047 2782 2100 καὶ
2823 2049 2856 2118 ἡ
2902 2047 3197 2112 ὑπόστασις
3242 2049 3336 2102 τοῦ
3371 2050 3500 2103 Υἱοῦ
3550 2051 3656 2106 καὶ

2067 2135 2258 2206 θεότης
2279 2153 2292 2167 ι
2317 2136 2436 2207 ούχὶ
2465 2136 2543 2200 δὲ,
2579 2137 2764 2208 ἐπειδὴ
2802 2137 2894 2190 δύο
2923 2139 3248 2204 ὑποστάσεις
3273 2142 3396 2205 είσὶ,
3422 2143 3516 2194 δύο
3550 2143 3656 2197 καὶ

2068 2227 2338 2299 θεότητες.
2373 2227 2571 2297 Ἀνόμ.
2615 2228 2741 2292 Πῶς
2772 2229 2924 2300 οὑχί;
2976 2232 3132 2299 Ὀρθ.
3162 2233 3282 2286 Ὅτι
3311 2234 3404 2287 καὶ
3437 2234 3656 2287 ἀθανα-

2068 2320 2157 2374 σία
2181 2321 2479 2384 ὑπόστασις
2518 2319 2612 2374 τοῦ
2644 2322 2876 2392 Πατρὸς,
2911 2323 3006 2375 καὶ
3049 2321 3318 2378 ἀθανασία
3351 2325 3660 2390 ὑπόστασις

2065 2410 2158 2464 τοῦ
2190 2411 2342 2478 Υίοῦ,
2375 2413 2470 2465 καὶ
2492 2413 2551 2467 οὑ
2581 2411 2675 2466 δύο
2705 2412 3017 2467 ἀθανασίαι.
3047 2415 3246 2484 Ἀνόμ.
3276 2416 3386 2468 Καὶ
3415 2417 3515 2468 οὐκ
3538 2417 3657 2470 εἰσὶ

2065 2503 2158 2556 δύο
2207 2503 2530 2570 ἀθανασίαι;
2575 2506 2722 2572 Ὀρθ.
2769 2503 2866 2558 Οὔ.
2898 2505 3100 2574 Ἀνόμ.
3144 2506 3297 2574 Πῶς;
3328 2508 3483 2575 Ὀρθ.
3523 2509 3656 2563 Ὀτι

2071 2596 2144 2664 μὴ
2173 2595 2425 2666 διάφορός
2454 2595 2602 2649 ἐστιν
2638 2593 2939 2649 ἀθανασία·
2993 2595 3261 2649 ἀθανασία
3304 2597 3412 2669 γὰρ
3441 2597 3658 2651 ἀθανα-

2069 2687 2189 2750 σίας
2230 2686 2380 2739 οὑδὲν
2422 2687 2687 2757 διαφέρει,
2803 2685 3069 2740 ἀθανασία
3089 2688 3234 2741 ἐστίν
3264 2688 3396 2758 (76).
3434 2690 3651 2760 Ἀνόμ.

2069 2776 2240 2846 Εἴπερ
2271 2774 2484 2846 ἀληθῶς
2510 2774 2642 2846 ἄλλη
2671 2765 2966 2839 ὑπόστασίς
2994 2778 3109 2831 ἐστι
3138 2778 3349 2848 Πατρδς
3372 2779 3466 2831 καὶ
3489 2780 3658 2845 Ὶ’ἱοῦ,

2069 2868 2184 2931 πῶς
2216 2869 2335 2936 ούχὶ
2366 2867 2499 2937 ἄλλη
2534 2867 2627 2919 καὶ¹
2661 2865 2792 2936 άλλη
2829 2866 3136 2933 ἀθανασία;
3166 2871 3322 2936 Ὀρθ.
3359 2869 3525 2940 Ἀλλη
3554 2873 3658 2924 καὶ

2069 2960 2200 3030 ἄλλη
2227 2960 2520 3022 ὑπόστασίς
2544 2959 2658 3012 ἐστι
2687 2959 2899 3030 Πατρὸς
2928 2960 3022 3012 καὶ
3049 2960 3200 3024 Υίοῦ,
3225 2960 3337 3014 ἀλλ’
3361 2962 3482 3032 οὐχὶ
3509 2963 3655 3034 άλλη

2066 3050 2160 3103 καὶ
2193 3049 2322 3120 άλλη
2367 3049 2652 3103 ἀθανασία.
2687 3049 2796 3102 Καὶ
2828 3049 2936 3119 γὰρ
2984 3049 3077 3102 καὶ
3123 3051 3282 3119 ἡμεῖς
3325 3049 3492 3121 ἄλλην
3545 3053 3652 3104 καὶ

2067 3142 2231 3212 ἀλλην
2273 3140 2466 3211 ἔχομεν
2503 3141 2816 3204 ὑπόστασιν,
2851 3141 2964 3195 ἀλλ’
2999 3141 3118 3210 οὑχὶ
3148 3141 3311 3213 ἀλλην
3347 3144 3439 3195 καὶ
3467 3141 3648 3212 ἀλλην

2069 3232 2476 3303 ἀνθρωπότητα.
2523 3232 2633 3285 Ka‘t
2674 3234 2706 3302 ἡ
2760 3231 3054 3295 ὑπόστασις
3099 3233 3304 3304 Πέτρου
3349 3233 3652 3302 ἄνθρωπός

2068 3325 2203 3390 ἐστι,
2235 3325 2328 3378 καὶ
2360 3325 2394 3395 ή
2438 3323 2728 3385 ὑπόστασις
2769 3323 2984 3378 Παύλου
3030 3323 3312 3394 ἄνθρωπός
3358 3326 3508 3376 ἐστι’
3552 3324 3658 3376 καὶ

2067 3415 2162 3469 δύο
2205 3399 2341 3468 εἰσιν
2391 3414 2752 3477 ὑποστάσεις,
2791 3413 2884 3467 καὶ
2935 3414 2998 3466 οὑ
3054 3413 3146 3466 δύο
3203 3413 3650 3484 ἀνθρωπότητες.

2069 3506 2181 3560 Καὶ
2230 3505 2398 3592 ἀλλην
2468 3505 2563 3558 καὶ
2609 3503 2772 3575 ἀλλην
2819 3504 3119 3558 ὑπόστασιν
3165 3503 3380 3575 ἔχομεν,
3425 3505 3549 3574 οὐχὶ
3594 3505 3656 3558 δὲ

2067 3597 2232 3668 ἀλλην
2263 3597 2358 3650 καὶ
2404 3595 2568 3666 ἀλλην
2609 3594 2927 3661 ἀθανασίαν,
2967 3594 3035 3665 ἢν
3081 3595 3170 3648 διά
3229 3592 3322 3648 τοῦ
3360 3594 3480 3658 ἑνὸς
3542 3594 3652 3664 βα-

2069 3687 2371 3756 πτίσματος
2410 3683 2695 3754 ἐλάϐομεν.
2730 3684 2794 3736 El
2817 3684 2926 3755 γὰρ
2963 3682 3096 3754 ἄλλη
3141 3683 3236 3737 καὶ
3282 3681 3414 3752 ἄλλη
3453 3681 3658 3736 ἀθανα-

2071 3777 2182 3842 σία,
2226 3775 2353 3832 ἀλλο
2395 3775 2487 3829 καὶ⁸
2536 3775 2663 3829 ἄλλο
2712 3774 3016 3846 βάπτισμα,
3065 3774 3159 3829 καὶ
3189 3773 3320 3846 ἄλλη
3365 3771 3457 3828 καὶ
3508 3772 3658 3846 ἄλλη

2070 3868 2271 3931 πίστις,
2301 3867 2396 3922 καὶ
2421 3866 2520 3920 οὐκ
2545 3865 2694 3922 ἔστιν
2729 3885 2748 3918 ι
2773 3860 2853 3932 εἷς
2882 3867 3106 3937 Κύριος,
3127 3865 3224 3938 μία
3250 3865 3517 3932 πίστις,ἓν
3546 3865 3660 3936 βά-

2070 3975 2300 4030 πτισμα.
2329 3977 2353 4012 ι

2142 4223 2227 4278 18.
2263 4221 2462 4291 Ἀνόμ.
2513 4219 2676 4273 Ἀλλά
2743 4220 2777 4290 ἡ
2841 4219 3083 4290 ἡμετέρα
3153 4218 3448 4279 ὑπόστασις
3511 4216 3658 4287 ἄλλη

407 4333 513 4390 εει,
556 4342 719 4394 quam
760 4327 1144 4384 immortalitas
1173 4307 1237 4383 et
1271 4329 1538 4398 baptisma
1581 4307 1756 4400 :ergo
1808 4330 1967 4384 etiam

2075 4317 2191 4369 ἐστὶ
2218 4313 2368 4385 παρὰ
2395 4313 2493 4384 τὴν
2523 4310 2820 4366 ἀθανασίαν
2851 4311 2946 4365 καὶ
2972 4311 3034 4363 τὸ
3065 4309 3345 4380 βάπτισμα
3369 4325 3384 4340 ’
3415 4307 3525 4380 ἄρα
3551 4311 3659 4362 καὶ

410 4391 718 4486 hypostasis
746 4417 840 4472 Dei
876 4419 981 4473 alia
1029 4428 1114 4475 est
1150 4436 1314 4490 quam
1343 4391 1753 4475 immortalitas.
1813 4419 1965 4474 Orth.

2076 4408 2109 4476 ἡ
2138 4405 2231 4458 τοῦ
2256 4402 2390 4458 Θεοῦ
2416 4403 2712 4465 ὑπόστασις
2736 4402 2868 4473 ἄλλη
2893 4402 3011 4454 ἐστὶ
3033 4400 3180 4472 παρά
3205 4398 3303 4470 τὴν
3324 4397 3653 4452 ἀθανασίαν.

408 4506 781 4577 Nequaquam.
815 4506 920 4563 Sed
951 4509 1072 4578 ipsa
1105 4510 1415 4580 hypostasis
1445 4518 1529 4566 est
1557 4512 1720 4566 etiam
1748 4511 1972 4566 immor-

411 4599 594 4652 talitas
635 4615 650 4653 :
681 4613 858 4667 neque
879 4600 1256 4655 immortalitas
1284 4600 1569 4662 duntaxat,
1593 4615 1779 4656 verum
1807 4600 1970 4656 etiam
2011 4664 2016 4668 η

409 4688 920 4759 incorruptibilitas,
949 4695 1004 4742 et
1031 4689 1266 4757 justitia,
1295 4698 1349 4746 et
1386 4690 1762 4753 sanctiﬁcatio,
1799 4698 1852 4744 et
1887 4705 1974 4744 re—

410 4780 668 4850 demptio,
716 4788 770 4834 et
807 4779 1126 4846 dominatio,
1169 4787 1224 4835 et
1281 4790 1542 4852 potestas.
1595 4782 1780 4853 Neque
1828 4781 1972 4838 Deus

409 4871 526 4925 haec
557 4887 679 4926 esse
705 4871 905 4925 dicitur
934 4887 1029 4941 per
1059 4875 1505 4943 compositionem
1540 4895 1552 4930 :
1579 4875 1674 4930 sed
1703 4891 1766 4930 ex
1797 4873 1974 4930 diver-

411 4963 490 5017 sis
522 4963 1051 5020 considerationibus
1068 4965 1246 5022 dictus
1289 4968 1687 5031 immortalitas,
1715 4969 1858 5038 quod
1883 4970 1975 5024 de-

415 5054 594 5108 sinere
626 5073 638 5108 :
664 5055 1174 5125 incorruptibilitas,
1206 5057 1349 5128 quod
1370 5059 1594 5114 dissolvi
1627 5075 1731 5114 non
1757 5060 1931 5129 possit
1957 5078 1971 5115 :

414 5143 624 5206 iustitia
672 5152 892 5215 propter
943 5148 1251 5216 aequitatem
1287 5165 1300 5200 :
1337 5148 1719 5215 sanctiﬁcatio,
1751 5151 1895 5220 quod
1943 5166 1974 5205 a

416 5239 643 5299 peccato
671 5235 944 5289 custodiat
979 5255 990 5290 :
1018 5235 1336 5306 redemptio,
1363 5237 1509 5306 quod
1538 5237 1702 5291 vitam
1729 5247 1972 5293 nostram

416 5317 606 5373 liberet
633 5337 663 5374 a
692 5324 1038 5394 corruptione
1066 5343 1079 5380 :
1105 5325 1426 5390 dominatio,
1464 5326 1607 5396 quod
1636 5327 1875 5380 omnium
1906 5327 1976 5381 sit

413 5407 676 5467 Dominus
707 5433 722 5470 :
759 5421 1019 5484 potestas,
1046 5417 1191 5487 quod
1221 5417 1353 5471 nihil
1381 5418 1430 5473 ei
1463 5418 1695 5474 resistat.
1725 5417 1850 5472 llaec
1879 5433 1967 5471 au-

488 5582 610 5662 ςἹῦ).
637 5581 711 5662 ⁷ῌ
738 5587 1002 5662 ἀθανασία
1043 5592 1205 5644 ἐστίν.
1255 5592 1423 5662 Εἴπερ
1465 5589 1678 5662 ἁληθῇις
1885 5591 1979 5662 καὶ

419 5649 550 5722 ἄλλη
592 5649 883 5722 ύπόστασίς
933 5663 1046 5713 ἐστι
1096 5662 1304 5731 Πατρδς
1357 5649 1447 5716 καὶ
1491 5649 1977 5725 Υἰοῦ.”Α).λ”ούχ”ι

2073 4499 2231 4566 Ὀρθ.
2281 4495 2391 4550 Οὔ.
2418 4493 2584 4548 Ἀλλά
2631 4493 2766 4564 αύτὴ
2806 4495 2838 4565 ὴ
2883 4493 3177 4556 ὑπόστασις
3236 4491 3329 4545 καὶ
3381 4490 3660 4545 ἀθανασία

2073 4590 2190 4644 ὲστί
2205 4607 2219 4620 ·
2248 4590 2342 4642 καὶ
2365 4588 2426 4640 οὑ
2463 4587 2621 4657 μόνον
2643 4586 2926 4650 ἀθανασία,
2955 4584 3090 4638 ἀλλά
3112 4586 3204 4637 καὶ
3227 4583 3525 4655 ἀφθαρσία,
3551 4585 3659 4638 καὶ

2077 4679 2408 4748 δικαιοσύνη,
2438 4679 2530 4730 καὶ
2553 4677 2841 4746 ἁγιασμὸς,
2883 4677 2975 4729 καὶ
3000 4674 3390 4746 ἀπολύτρωσις,
3428 4674 3525 4726 καὶ
3553 4691 3658 4727 κυ-

2078 4775 2279 4844 ριότης,
2315 4772 2408 4824 καὶ
2457 4770 2702 4840 δύναμις.
2747 4769 2855 4822 Καὶ
2897 4769 2997 4820 οὑκ
3040 4761 3155 4820 ἐστι
3205 4766 3346 4820 κατά
3395 4765 3659 4820 σύνθεσιν

2075 4866 2247 4920 ταῦτα
2282 4867 2310 4918 ὁ
2333 4863 2483 4926 Θεὸς,
2509 4861 2644 4916 ἀλλά
2668 4860 2808 4930 κατά
2837 4859 3121 4930 διαφόρους
3152 4859 3394 4922 ἐπινοίας
3425 4859 3656 4929 λεγόμε-

2077 4975 2164 5021 νος
2183 4974 2196 4987 ·
2220 4955 2482 5010 ἀθανασία
2520 4955 2616 5024 μὲν
2648 4953 2735 5007 διὰ
2759 4952 2819 5005 τὸ
2840 4952 3222 5022 ἀτελεύτητον·
3254 4950 3531 5020 ἀφθαρσία
3563 4951 3653 5017 δὲ,

2075 5049 2162 5103 διά
2207 5049 2269 5101 τὸ
2315 5046 2504 5102 ἄλυτον
2545 5045 2688 5116 (77)’
2732 5042 3040 5114 δικαιοσύνη
3073 5042 3160 5096 διὰ
3197 5042 3257 5096 τὸ
3290 5043 3438 5096 τσον’
3486 5043 3653 5110 ἁγιασ-

2078 5140 2214 5212 σμὸς
2255 5137 2344 5192 διὰ
2374 5138 2436 5190 τὸ
2470 5137 2756 5208 φυλάττειν
2783 5136 2890 5189 ἀπὸ
2927 5135 3230 5206 ἁμαρτίας·
3267 5132 3652 5203 ἀπολύτρωσις

2075 5234 2162 5287 διὰ
2190 5232 2250 5285 τὸ
2276 5229 2466 5294 σώζειν
2499 5230 2563 5283 ἐκ
2589 5229 2792 5298 φθορᾶς
2813 5227 2910 5297 τὴν
2951 5225 3094 5296 ζωὴν
3135 5223 3293 5295 ἡμῶν
3317 5242 3331 5256 '
3362 5222 3651 5293 κυριότης.

2076 5321 2162 5374 διά
2185 5320 2244 5372 τὸ
2283 5319 2496 5372 πάντων
2529 5320 2747 5389 κρατεῖν
2767 5333 2779 5346 ·
2811 5315 3060 5386 δύναμις,
3084 5315 3172 5368 διὰ
3209 5315 3270 5366 τὺ
3301 5313 3464 5383 μηδὲν
3496 5307 3652 5384 αὐτῷ

2077 5410 2425 5465 ἀντικεῖσθαι.
2459 5407 2642 5463 Ταῦτα
2681 5408 2738 5460 δὲ
2768 5409 2940 5462 πάντα
2972 5405 3065 5461 καὶ
3106 5405 3234 5476 περὶ
3264 5404 3363 5476 τὴν
3407 5403 3648 5465 ὑπόστυ

2079 5587 2208 5654 άλλη
2242 5587 2336 5638 καὶ
2367 5585 2520 5655 ἄλλη.
2542 5585 2631 5638 Sic
2656 5583 2827 5639 Palat,

2151 5658 2260 5722 (77)
2302 5657 2497 5718 l’alal.,
2523 5655 2813 5710 ἀδιάλυτον.
