3862 6204
133 350 271 405 Η-ίῦ

1110 356 1198 411 DE
1238 355 1513 412 SANCT'A
1551 355 1924 445 TRlNlTATE
1961 355 2302 414 DIALOGUS
2339 360 2382 416 l‘.

3220 361 3368 419 ιησ

130 481 214 518 σιν
262 463 356 518 τοῦ
387 465 515 520 Υίοῦ
550 467 853 540 θεωρεῖται,
887 471 1086 542 ὁμοίως
1130 472 1207 543 τῷ
1260 475 1453 544 Πατρὶ,
1503 476 1598 528 καὶ
1638 475 1699 528 οὐ

1801 481 1906 527 ιεηι
1932 475 2134 538 omnia,
2168 483 2226 528 ut
2251 477 2305 529 in
2332 475 2530 540 Patris,
2553 477 2628 531 ita
2657 476 2820 532 etiam
2845 476 2900 532 in
2919 476 3042 532 Filii
3075 477 3365 549 hypostasi:

131 561 407 632 μεθεκτῶς
429 579 442 592 ·
471 563 564 614 καὶ
604 562 689 615 διὰ
715 562 870 615 τοῦτο
906 563 998 616 δύο
1041 566 1138 634 μὲν
1177 567 1502 629 ὑποστάσεις
1542 566 1693 634 λέγο-

131 671 232 724 μεν
254 652 467 724 Πατρὸς
500 653 591 705 κα)⁸
620 653 770 716 Υἱοῦ,
805 654 932 724 μίαν
955 656 1011 708 δὲ
1034 655 1283 726 θεότητα,
1318 656 1567 726 δύναμιν,
1596 675 1693 710 κυ-

130 744 370 816 ριότητα,
424 745 518 798 καὶ
565 745 880 811 ἀθανασίαν,
935 750 1028 802 καὶ
1088 750 1414 821 ἀφθαρσίαν,
1450 753 1546 804 καὶ
1595 752 1694 804 ὅσα

125 839 371 891 τοιαῦτα.
403 839 600 907 Ἀνόμ.
631 840 836 892 Οὐκοῦν
855 842 948 894 xal
973 843 1298 912 ἀγεννησίαν
1327 843 1437 911 (78)
1459 845 1586 912 μίαν
1606 843 1696 896 λέ-

126 944 267 994 γεις,
303 930 459 995 Ὀρθ.
505 929 794 998 Ἀγένητον
842 932 941 1000 μὲν
979 930 1120 999 λέγω
1151 933 1244 986 καὶ
1281 933 1370 985 τὸν
1416 934 1564 1000 Υἱὸν,
1595 934 1695 986 οὐκ

127 1020 422 1090 ἀγέννητον
480 1020 555 1072 δέ.
590 1023 789 1088 Ἀντία.
834 1023 996 1074 Ἀλλο
1046 1022 1152 1092 γάρ
1211 1026 1355 1075 ἐστιν
1408 1023 1690 1092 ἀγένητον,

128 1113 225 1164 καὶ
253 1111 377 1163 ἄλλο
416 1111 732 1181 ἀγέννητον;
769 1114 920 1180 Ὀρθ.
956 1116 1064 1166 Kai.
1102 1115 1262 1168 πάνυ.
1296 1116 1494 1183 Ἀνόμ.
1538 1113 1692 1180 Πῶς;

127 1205 284 1270 Ὀρθ.
320 1203 442 1254 Ὅτι
470 1202 529 1254 τὸ
556 1203 654 1271 μὲν
683 1203 937 1274 γεννητόν
966 1205 1081 1257 ἐστι
1121 1207 1180 1258 τὸ
1218 1208 1281 1258 ὲκ
1320 1205 1421 1274 τῆς
1455 1206 1696 1260 ὑποστά-

130 1310 269 1355 σεως
299 1292 652 1362 γεννώμενον,
680 1294 773 1346 καὶ
803 1295 891 1348 διά
918 1295 1073 1348 τοῦτο
1102 1300 1165 1349 ὲκ
1195 1297 1428 1367 γαστρὸς
1470 1297 1697 1367 λεγόμε-

125 1399 218 1434 νον
237 1399 249 1410 ·
282 1383 341 1434 τὸ
371 1383 426 1434 δὲ
448 1384 671 1454 γενητὸν
692 1384 750 1437 τὸ
779 1388 842 1438 ἐκ
873 1386 972 1456 τῆς
993 1387 1238 1451 ἐξουσίας
1263 1388 1356 1440 τοῦ
1389 1405 1698 1458 γενεσιουρ-

126 1472 247 1538 γοῦ.
289 1473 500 1526 (Πάντα
532 1474 640 1544 γάρ
663 1476 762 1528 ὅσα
786 1477 1066 1547 ἠθέλησεν,
1096 1478 1400 1549 ἐποίησεν.»
1442 1479 1697 1548 Ἐποίησε

124 1560 184 1612 δὲ
234 1559 381 1626 πῶς;
431 1581 450 1613 ι
482 1558 670 1625 Εἶπεν,
697 1565 790 1617 καὶ
828 1565 1163 1636 ἐγενήθησαν
1186 1585 1198 1597 ·
1229 1567 1551 1629 ἐνετείλατο,
1604 1567 1698 1620 καὶ

125 1651 474 1721 ἐκτίσθησαν.
511 1673 530 1704 ι
571 1655 767 1724 Ἀνόμ.
807 1658 921 1709 Οὑκ
947 1657 1225 1727 ἠρώτησα,
1257 1659 1309 1710 τί
1346 1660 1460 1710 ἐστι
1507 1675 1697 1728 γεννη-

123 1741 240 1806 τὸν,
271 1743 364 1796 καὶ
403 1745 455 1796 τί
489 1747 742 1817 γενητόν·
778 1748 892 1801 ἀλλ’
925 1751 972 1801 εὶ
1006 1749 1132 1802 ἄλλο
1163 1751 1277 1802 ἐστὶ
1307 1749 1369 1802 τὸ
1410 1749 1694 1819 ἀγένητον,

127 1834 222 1886 καὶ
265 1834 391 1888 ἄλλο
418 1835 476 1888 τὸ
499 1807 816 1907 ἀγέννητον.
851 1841 1003 1908 Ὄρθ.
1026 1841 1090 1915 EE
1119 1840 1178 1892 τὺ
1204 1807 1471 1910 γεννητόν.
1491 1807 1604 1892 ἐστι
1636 1807 1697 1892 τὸ
1729 1807 1770 1866 Β

125 1928 191 1978 ἐκ
221 1927 318 1995 τῆς
353 1929 698 1992 ὑποστάσεως
725 1934 816 1985 καὶ
837 1935 900 1986 ἐκ
935 1935 1187 2004 γαστρὸς,
1225 1935 1285 1987 τὸ
1314 1935 1386 2004 μὴ
1414 1934 1474 1987 ὃν
1503 1935 1568 1987 ὲκ
1595 1951 1697 2002 γα·-

128 2018 308 2088 στρὸς,
325 2020 486 2090 ἤγουν
512 2023 620 2092 (79)
643 2025 707 2075 ἐκ
725 2026 821 2094 τῆς
846 2025 1210 2089 ὑποστάσεως,
1240 2025 1532 2096 ἀγέννητόν
1559 2027 1695 2078 ἐστι·

125 2109 222 2162 καὶ
252 2113 299 2163 εί
327 2111 385 2163 τὸ
418 2113 638 2184 γενητὸν
669 2116 732 2168 ὲκ
760 2117 858 2184 τῆς
885 2116 1130 2180 ἐξουσίας
1159 2117 1274 2168 ἐστὶ
1300 2118 1419 2170 κατ’
1447 2115 1696 2187 ἐντολὴν,

125 2198 189 2251 τὸ
231 2201 491 2268 ἀγένητον
532 2204 594 2256 τὸ
646 2204 719 2275 μὴ
765 2208 884 2258 κατ’
937 2205 1152 2276 ἐντολὴν
1197 2204 1466 2276 ὑπάρχον,
1505 2203 1618 2258 ἀλλ’
1662 2205 1696 2276 ἢ

128 2291 368 2346 ἀναίτιον
394 2293 473 2360 ὃν,
507 2297 539 2366 ἢ
570 2297 634 2349 ὲκ
674 2298 770 2366 τῆς
809 2298 1156 2360 ὑποστάσεως
1184 2295 1274 2349 τοῦ
1305 2296 1627 2368 ἀγεννήτου.

1795 567 2231 628 considerantur,
2265 567 2426 637 idque
2460 568 2681 623 minime
2712 584 2778 623 ex
2811 570 3242 640 participatione.
3274 570 3360 624 ld-

1793 657 1942 709 circa
1995 656 2133 712 duas
2179 658 2400 726 quidem
2447 657 2770 728 hypostases
2803 658 3035 714 dicimus
3083 657 3262 714 Patris
3303 672 3358 715 et

1793 747 1942 811 Filii,
1980 764 2143 803 unam
2180 759 2360 803 autem
2396 749 2677 815 deitatem,
2733 758 3078 820 potestatem,
3112 751 3359 805 domina-

1794 841 2037 906 tionem,
2100 841 2603 906 immortalitatem,
2657 843 3256 912 incorruptibilitatem,
3305 854 3360 899 et

1794 933 2061 1003 ejusmodi
2091 933 2215 986 alia.
2237 933 2422 986 Anam.
2449 929 2618 986 Unam
2647 935 2809 1003 igitur
2827 935 2990 989 etiam
3020 934 3180 996 dicis,
3201 937 3367 1003 ἀγενο.

1794 1023 2002 1092 νησίαν,
2024 1021 2079 1076 id
2109 1029 2192 1076 est
2210 1022 2576 1091 generationis
2606 1022 2921 1080 carentiam.
2955 1023 3107 1078 Orth.
3139 1024 3360 1095 Ἀγένη-

1793 1129 1904 1175 τον,
1939 1112 1992 1166 id
2033 1118 2116 1166 est
2157 1129 2178 1162 ‹
2218 1127 2325 1166 non
2359 1112 2580 1179 factum,
2614 1132 2632 1163 ι
2680 1113 2895 1182 quidem
2924 1114 3047 1168 dico
3074 1115 3236 1169 etiam
3271 1112 3360 1168 Fi-

1795 1203 1968 1258 lium:
2011 1203 2302 1273 ἀγέννητον
2343 1211 2555 1268 autem,
2599 1203 2654 1257 id
2698 1213 2802 1269 est,
2840 1223 2858 1255 ι
2903 1220 3012 1260 non
3038 1207 3300 1276 genitum.
3333 1225 3357 1260 ι

1794 1309 2159 1364 nequaquam.
2190 1294 2377 1347 Anam.
2410 1294 2574 1349 Estne
2604 1295 2767 1366 igitur
2793 1296 2959 1358 aliud,
2988 1313 3098 1350 non
3133 1297 3358 1366 factum,

1797 1383 1943 1436 aliud
1997 1398 2105 1437 non
2141 1384 2423 1453 genitum?
2472 1383 2622 1438 Orth.
2689 1382 2831 1438 Sane
2879 1385 3120 1454 quidem.
3165 1385 3357 1442 Anam.

1795 1475 2110 1541 Quomodo?
2149 1474 2300 1529 Orth.
2337 1473 2605 1540 Quoniam
2656 1475 2719 1528 τὸ
2765 1477 3040 1547 γεννητόν,
3087 1477 3218 1530 illud
3251 1487 3359 1543 est,

1795 1565 1942 1636 quod
1975 1582 2041 1621 ex
2081 1567 2360 1637 hypostasi
2389 1567 2652 1636 gignitur,
2694 1567 2928 1637 ideoque
2968 1584 3033 1621 cx
3061 1575 3248 1624 ventre
3275 1569 3359 1623 vel

1799 1671 1953 1714 utero
1978 1659 2178 1713 dicitur
2212 1678 2224 1712 :
2265 1659 2489 1727 γενητόν
2535 1674 2664 1713 vero
2697 1659 2830 1714 illud
2879 1666 2984 1722 est,
3037 1660 3180 1728 quod
3215 1668 3299 1715 est
3328 1675 3370 1714 a-

1797 1760 2063 1821 potestate
2093 1750 2324 1819 opiﬁcis.
2389 1749 2526 1803 Nam
2567 1770 2584 1801 ι
2618 1751 2798 1804 omnia
2832 1765 3166 1820 quaecunque
3194 1751 3362 1805 voluit

1797 1843 1925 1897 fecit
1965 1844 2026 1896 η.
2065 1863 2082 1894 ι
2119 1841 2402 1906 Quomodo
2441 1848 2620 1895 autem
2669 1840 2830 1895 fecit?
2868 1860 2887 1892 ς
2921 1840 3088 1904 Dixit,
3134 1849 3187 1896 et
3217 1842 3361 1895 facta

1799 1945 1927 1990 sunt
1951 1953 1964 1988 :
1984 1933 2259 1988 mandavit
2280 1940 2332 1986 et
2361 1940 2542 1988 creata
2570 1941 2699 1988 sunt
2719 1932 2785 1987 ¹³.
2809 1951 2828 1984 ι
2855 1932 3043 1988 Anam.
3070 1932 3187 1987 Non
3215 1948 3362 2003 qua:-

1801 2025 1903 2080 sivi
1946 2024 2076 2096 quid
2113 2024 2184 2078 sit
2226 2024 2464 2093 genitum
2501 2031 2556 2078 et
2599 2023 2730 2093 quid
2765 2023 2990 2088 factum,
3024 2025 3117 2080 sed
3149 2040 3218 2078 an
3251 2041 3370 2080 non-

1801 2115 2004 2168 factum
2035 2114 2107 2167 sit
2132 2114 2301 2177 aliud,
2348 2129 2512 2182 quam
2552 2129 2661 2168 non
2692 2115 2956 2184 genitum.
2991 2113 3145 2170 Orth.
3179 2115 3236 2169 Si
3269 2131 3362 2184 ge-

1800 2205 1973 2258 nitum
2015 2205 2144 2258 illud
2180 2211 2284 2266 est,
2315 2203 2458 2273 quod
2509 2211 2592 2258 est
2645 2219 2712 2258 ex
2763 2205 3044 2275 hypostasi
3093 2212 3147 2259 et
3181 2211 3370 2272 utero,

1805 2310 1934 2350 sane
1963 2293 2096 2348 illud
2123 2301 2207 2349 est
2238 2308 2346 2347 non
2381 2293 2641 2363 genitum,
2674 2295 2817 2362 quod
2851 2310 2960 2348 non
2991 2310 3058 2350 ex
3091 2302 3248 2350 utero
3278 2295 3363 2351 vel

129 2385 412 2456 hypostasi
446 2407 458 2442 :
491 2399 545 2442 et
579 2390 626 2444 si
665 2388 867 2444 factum
909 2391 1040 2444 illud
1070 2398 1190 2453 est,
1226 2389 1372 2461 quod
1392 2397 1480 2445 est
1540 2405 1609 2446 ex
1661 2395 1933 2459 potestate
2001 2388 2300 2443 secundum
2351 2387 2702 2452 mandatum,
2757 2389 2946 2457 utique
2989 2404 3100 2443 non
3161 2388 3362 2443 factum

129 2481 264 2535 illud
296 2490 398 2547 est,
439 2484 586 2554 quod
629 2500 738 2539 non
779 2486 992 2541 exsistit
1030 2502 1098 2540 ex
1131 2485 1390 2541 mandato
1414 2525 1430 2552 ,
1483 2487 1580 2543 sed
1626 2487 1711 2540 vel
1748 2499 1970 2540 causam
2012 2499 2123 2538 non
2166 2483 2364 2549 habet,
2419 2483 2502 2538 vel
2548 2491 2634 2538 est
2673 2499 2742 2538 ex
2789 2484 3073 2555 hypostasi
3123 2500 3230 2540 non
3265 2500 3354 2556 ge-

128 2572 253 2627 niti.

203 2664 288 2719 19.
323 2666 521 2734 Ἀνόμ.
553 2665 657 2720 Δύο
695 2663 788 2720 οὖν
835 2669 1074 2740 ἀγένητα
1113 2668 1324 2737 λέγεις;
1354 2671 1500 2739 Ὀρθ.
1552 2670 1695 2740 Ἐγὼ

1861 2666 1948 2720 19.
1975 2664 2164 2717 Anam.
2195 2663 2311 2717 Duo
2329 2663 2492 2733 igitur
2514 2663 2652 2719 dicis
2709 2679 2816 2718 non
2850 2663 2992 2718 facta
3015 2667 3040 2719 ?
3073 2665 3224 2720 Orlh.
3250 2667 3365 2740 Ego

130 2755 226 2807 καὶ
254 2756 491 2826 Πατέρα,
539 2757 632 2810 καὶ
678 2758 825 2822 Υἱὺν,
873 2761 966 2812 καὶ
998 2761 1149 2827 ἅγιον
1191 2761 1416 2832 Πνεῦμα
1456 2761 1697 2832 ἀγένητα

1801 2762 1848 2810 et
1878 2753 2092 2808 Patrem
2139 2760 2192 2808 et
2216 2750 2409 2806 Filium
2439 2759 2492 2806 et
2522 2751 2782 2822 Spiritum
2817 2763 3064 2808 sanctum
3087 2756 3211 2810 dico
3238 2774 3366 2814 esse

128 2845 290 2914 λέγω,
335 2848 446 2900 ἀλλ’
493 2849 592 2901 οὐκ
631 2850 877 2921 ἀπάτορα
919 2851 1066 2921 τρία,
1111 2852 1232 2905 οὑδὲ
1274 2854 1517 2916 ἀναίτια·
1565 2853 1700 2908 ἀλλά

127 2939 220 2992 τὸν
243 2939 342 3010 μὲν
370 2940 478 3007 (80)
511 2941 746 3014 Πατέρα,
780 2943 873 2994 καὶ
897 2943 1163 3014 ἀπάτορα,
1195 2947 1288 2998 καὶ
1315 2946 1572 3010 ἀναίτιον,
1608 2946 1702 2999 καὶ

128 3031 408 3100 ἀγένητον.
444 3033 552 3086 Kal
580 3033 687 3104 γὰρ
716 3033 838 3086 οὗτε
868 3035 1082 3105 Πατέρα
1114 3020 1225 3106 ἔχει
1257 3039 1286 3089 6
1324 3036 1537 3108 Πατὴρ,
1578 3036 1701 3090 οὑτε

125 3123 522 3193 γενεσιουργὸν,
565 3122 685 3176 οὔτε
715 3125 884 3178 αἴτιον
931 3127 1027 3180 τοῦ
1072 3123 1208 3180 εἷναι
1245 3127 1320 3191 ὡς
1366 3127 1424 3192 ἐξ
1465 3129 1702 3182 ὑποστά-

127 3231 288 3277 σεως.
335 3216 393 3268 '0
424 3216 480 3268 δὲ
511 3216 637 3278 Υἱὸς
664 3217 880 3288 Πατέρα
919 3219 1017 3288 μὲν
1054 3219 1196 3288 ἔχει,
1232 3220 1610 3289 γενεσιουργὺν
1646 3220 1704 3273 δὲ

126 3305 229 3358 οὑκ
276 3305 423 3376 ἔχει·
482 3308 541 3360 οὑ
591 3308 696 3379 γὰρ
753 3310 989 3377 ἐγένετο,
1042 3311 1159 3364 ἀλλ’
1209 3311 1495 3382 ἐγεννήθη.
1542 3311 1617 3363 Τὸ
1647 3311 1704 3363 δὲ

125 3397 354 3468 Πνεῦμα
383 3400 442 3452 τὸ
467 3400 620 3468 άγιον
653 3402 868 3472 Πατέρα
893 3403 991 3455 οὑκ
1019 3402 1130 3472 ἕχει
1148 3445 1162 3468 ,
1188 3403 1248 3455 οὑ
1281 3403 1388 3474 γὰρ
1413 3401 1700 3472 ἐγεννήθη·

124 3489 504 3561 γενεσιουργὸν
551 3491 650 3543 οὑκ
692 3491 841 3562 ἔχει,
881 3494 941 3545 οὑ
987 3493 1094 3565 γὰρ
1139 3493 1384 3562 ἐγένετο·
1435 3495 1606 3548 αἴτιον
1647 3495 1704 3549 δὲ

124 3581 242 3645 ἔχει
283 3580 374 3633 τὸν
416 3582 566 3647 Θεὸν,
601 3575 662 3636 οῦ
707 3585 929 3655 Πνεῦμά
969 3587 1104 3647 ἐστι,
1150 3585 1278 3654 παρ’
1322 3580 1382 3639 οὑ
1409 3585 1505 3640 καὶ
1542 3587 1706 3638 ἐκπο-

129 3671 367 3742 ρεύεται.
414 3673 598 3743 Ἀνόμ.
631 3675 710 3728 Τά
741 3676 850 3747 γάρ
877 3676 1012 3730 ἄλλα
1033 3676 1316 3746 πνεύματα
1347 3676 1408 3729 οὐ
1442 3678 1574 3747 παρ’
1608 3677 1705 3729 αὑ-

123 3761 221 3815 τοῦ
247 3763 634 3835 ὲκπορεύεται;
668 3767 814 3834 Ὀρθ.
844 3769 953 3820 Καὶ
987 3770 1146 3838 ἡμεῖς
1175 3769 1240 3821 ὲκ
1267 3766 1360 3821 τοῦ
1391 3767 1528 3832 Θεοῦ
1553 3770 1706 3836 ἐγεν-

124 3853 400 3924 νήθημεν·
434 3875 452 3909 ς
484 3857 636 3911 Ὅσοι
685 3859 790 3930 γὰρ
832 3860 991 3914 αὑτὸν
1029 3859 1219 3912 ἔλαϐον
1242 3899 1256 3924 ,
1290 3878 1308 3910 ι
1356 3859 1700 3929 γέγραπται,

124 3943 326 3997 ἔδωκεν
377 3945 558 4008 αὑτοῖς
608 3945 852 4011 ἐξουσίαν
910 3948 1076 4001 τέκνα
1117 3946 1250 4001 Θεοῦ
1321 3947 1610 4016 γενέσθαι,
1653 3949 1703 4001 οἳ

124 4034 229 4087 οὑκ
262 4034 320 4100 ἐξ
347 4035 610 4106 αἱμάτων,
640 4037 760 4090 οὑδὲ
793 4039 856 4090 ἐκ
895 4037 1198 4109 θελήματος
1236 4038 1458 4109 σαρκὸς,
1495 4037 1609 4092 ἀλλ’
1639 4039 1705 4090 ὲκ

123 4125 263 4178 Θεοῦ
305 4127 687 4199 ἐγεννήθησαν.
723 4148 742 4180 ι
801 4129 936 4182 Ἀλλ’
981 4129 1169 4201 ὥσπερ
1217 4131 1398 4201 ἡμεῖς,
1450 4130 1518 4183 ἐκ
1568 4128 1704 4182 Θεοῦ

123 4219 494 4298 γεννηθέντες,
527 4223 625 4274 οὐκ
655 4224 720 4275 ὲκ
755 4222 989 4293 γαστρὸς
1014 4223 1112 4293 τῆς
1151 4222 1506 4286 ὑποστάσεως
1550 4222 1704 4290 ὲγεν-

123 4308 392 4379 νήθημεν,
437 4309 578 4363 οὑτω
618 4311 712 4364 καὶ
753 4309 821 4364 τὰ
865 4310 1272 4382 ἐκπορευόμενα
1313 4310 1602 4381 πνεύματα
1639 4311 1704 4363 ὲκ

1795 2862 1906 2901 non
1934 2845 2097 2909 facta,
2151 2858 2491 2914 nequaquam
2535 2860 2662 2898 vero
2713 2845 2815 2898 tria
2865 2853 3014 2908 sunt,
3064 2845 3226 2901 Patre
3274 2851 3360 2904 vel

1798 2952 1962 2992 causa
1984 2937 2223 2990 carentia
2258 2955 2270 2990 :
2309 2935 2401 2989 sed
2424 2933 2642 2990 Patrem
2674 2937 2916 3006 quidem,
2948 2940 3152 3007 absque
3181 2939 3360 3002 Patre,

1803 3035 1863 3080 et
1884 3027 2089 3095 absque
2117 3039 2304 3086 causa,
2339 3030 2392 3078 et
2418 3039 2525 3077 nou
2563 3025 2784 3080 factum.
2815 3025 3000 3095 Neque
3029 3029 3170 3082 enim
3207 3030 3380 3085 Pater-

1807 3119 1968 3173 habet
1997 3117 2236 3180 Patrem,
2273 3133 2449 3186 neque
2482 3117 2751 3186 Opilicem,
2783 3116 2851 3171 ad
2879 3134 3038 3187 quem
3070 3126 3247 3173 ortum
3281 3137 3366 3177 re-

1805 3209 1964 3270 ferat,
1995 3221 2171 3276 neque
2199 3221 2528 3276 quemquam
2567 3214 2867 3271 auctorem,
2910 3222 2940 3260 a
2974 3223 3082 3276 quo
3110 3209 3180 3263 sit
3213 3217 3271 3263 ut
3299 3225 3367 3265 ex

1803 3299 2108 3370 hypostasi.
2140 3298 2205 3351 At
2243 3299 2417 3352 Filius
2456 3297 2673 3352 Patrem
2703 3297 2920 3367 quidem
2955 3299 3137 3360 habet,
3175 3301 3268 3355 sed
3299 3303 3369 3356 ab

1804 3393 1996 3463 opilice
2023 3403 2206 3448 ortum
2241 3409 2349 3448 non
2389 3393 2551 3447 habet
2588 3412 2602 3449 ε
2635 3408 2812 3462 neque
2855 3393 3000 3446 enim
3039 3393 3217 3447 fartus
3263 3404 3367 3458 est,

1804 3486 1900 3540 sed
1933 3486 2150 3555 genitus
2179 3504 2192 3539 :
2223 3484 2458 3555 Spiritus
2487 3493 2710 3539 sanctus
2741 3491 2919 3538 autem
2968 3484 3180 3538 Patrem
3207 3484 3388 3556 419.

1802 3592 1912 3631 ιιοιι
1945 3578 2126 3641 habet,
2151 3578 2278 3647 quia
2309 3592 2417 3630 non
2453 3585 2537 3631 est
2568 3576 2804 3644 genitus,
2833 3590 2934 3629 nec
2965 3575 3034 3629 ab
3061 3577 3257 3644 opilice
3277 3592 3360 3629 or-

1803 3677 1916 3724 tum
1945 3670 2124 3732 habet,
2164 3670 2292 3740 quia
2322 3685 2430 3722 non
2459 3675 2542 3723 est
2579 3666 2758 3722 factus
2805 3685 2819 3721 :
2861 3666 2956 3722 sed
3000 3677 3277 3722 auctorem
3315 3674 3379 3721 eti

1802 3777 2023 3818 causam
2068 3761 2231 3815 habet
2264 3759 2455 3822 Deum,
2510 3757 2668 3827 cujus
2701 3760 2927 3827 spiritus
2967 3765 3071 3822 est,
3103 3768 3160 3814 et
3191 3775 3220 3812 a
3261 3774 3388 3829 quo-

1801 3853 2070 3926 procedit.
2095 3851 2282 3906 Anam.
2314 3851 2419 3904 Alii
2446 3865 2576 3905 vero
2606 3849 2832 3919 spiritus
2857 3864 3038 3903 annon
3067 3849 3136 3904 ab
3157 3864 3222 3904 eo
3245 3865 3384 3919 pro--

1802 3945 2042 4001 cedunt?
2083 3942 2235 3999 Orth.
2264 3941 2330 3998 Et
2352 3958 2452 3998 uos
2477 3956 2692 4012 quoque
2726 3941 2796 3996 ab
2829 3955 2894 3996 eo
2923 3940 3090 4011 geniti
3125 3955 3318 3996 sumus
3352 3960 3369 3996 :

1802 4037 2076 4109 Quotquot
2119 4035 2264 4091 enim
2314 4040 2636 4104 receperunt
2661 4048 2806 4097 eum,
2846 4039 2950 4087 »ιιι
2975 4033 3236 4102 scriptum
3258 4041 3380 4098 est,w

1803 4128 1961 4184 dedit,
1995 4127 2086 4183 eis.
2130 4132 2453 4197 potestatem
2498 4124 2636 4180 ﬁlios
2682 4124 2772 4178 Dei
2831 4124 2967 4188 ﬁeri,
3013 4126 3106 4194 qui
3147 4139 3256 4178 non
3293 4141 3375 4179 ex.

1804 4219 2180 4289 sanguinibus,
2209 4233 2385 4287 neque
2408 4232 2474 4272 ex
2506 4217 2783 4271 voluntate
2803 4215 3006 4278 carnis,
3037 4214 3132 4270 sed
3154 4229 3220 4269 ex
3250 4213 3364 4269 Deo

1804 4311 1918 4366 nati
1947 4317 2084 4367 sunt
2121 4311 2184 4364 ιδ.
2225 4329 2244 4362 ι
2281 4307 2387 4364 Sed
2428 4309 2572 4364 sicut
2601 4324 2725 4372 nos,
2765 4307 2859 4376 qui
2891 4321 2960 4360 ex
2993 4305 3103 4361 Deo
3127 4305 3240 4360 nati
3277 4322 3372 4361 su-

123 4401 223 4457 τοῦ
263 4401 418 4465 Θεοῦ,
448 4403 547 4460 οὑκ
579 4403 644 4454 ὲκ
669 4401 764 4454 τοῦ
798 4403 1060 4473 στόματος
1087 4403 1187 4472 τῆς
1218 4402 1570 4464 ὑποστάσεως
1608 4403 1699 4454 αὑ-

1807 4418 1950 4467 mus,
1985 4417 2094 4456 non
2130 4415 2320 4456 sumus
2351 4415 2416 4455 ex
2467 4406 2623 4454 utero
2666 4398 3020 4468 hypostaseos
3047 4396 3212 4468 geniti
3243 4414 3257 4450 :
3295 4395 3386 4450 ita.

123 4494 223 4549 τοῦ
256 4496 380 4547 εἰσι.
409 4494 482 4547 Τὸ
505 4495 562 4547 δὲ
589 4495 812 4564 Πνεῦμα
830 4495 891 4547 τὸ
917 4495 1067 4562 ἅγιον
1096 4495 1160 4547 ὲκ
1190 4493 1283 4547 τοῦ
1310 4494 1580 4564 στόματος
1608 4495 1708 4564 τῆς

124 4586 475 4650 ὑποστάσεως
507 4589 623 4638 ἐστι
658 4585 898 4656 Πνεῦμα·
939 4605 957 4636 ‹
992 4585 1081 4655 Τῷ
1108 4585 1217 4656 γὰρ
1241 4585 1381 4656 λόγῳ
1415 4585 1622 4654 Κυρίου
1656 4585 1706 4637 οἱ

123 4679 346 4750 οὐρανοὶ
373 4677 802 4747 ἐστερεώθησαν,
835 4678 928 4729 καὶ
958 4676 1035 4746 τῷ
1066 4676 1343 4745 Πνεύματι
1373 4674 1471 4728 τοῦ
1505 4675 1706 4745 στόμα-

122 4787 216 4834 τος
252 4769 412 4822 αὑτοῦ
440 4771 588 4823 πᾶσα
613 4769 646 4836 ἡ
669 4767 894 4838 δύναμις
919 4766 1115 4821 αὐτῶν.
1155 4787 1172 4819 ι
1204 4767 1314 4820 Ka‘t
1342 4768 1369 4819 6
1397 4765 1592 4836 Πατὴρ
1621 4764 1707 4817 λέ-

124 4877 248 4930 γει·
284 4881 304 4911 ι
358 4861 484 4913 Ἰδοὺ
533 4864 560 4914 6
606 4860 742 4922 Παῖς
781 4875 902 4928 μου,
951 4861 980 4912 6
1016 4859 1294 4932 ἀγαπητός
1341 4874 1472 4928 μου,
1522 4858 1604 4920 εἰς
1645 4856 1706 4911 ὃν

125 4951 419 5020 εὐδόκησεν
449 4953 482 5022 ἡ
507 4951 650 5023 ψυχή
680 4966 804 5023 μου.
829 4950 989 5019 Θήσω
1015 4949 1074 5003 τὸ
1102 4949 1327 5019 Πνεῦμά
1355 4966 1460 5019 μου
1493 4950 1582 5000 ἐπ’
1611 4948 1706 5001 αὑ-

123 5044 240 5096 τόν.
282 5060 298 5092 ι
343 5043 534 5112 Ἀνόμ.
565 5044 627 5096 Ei
660 5047 752 5098 καὶ
775 5043 806 5098 ὁ
836 5041 962 5104 Υἱὸς
988 5043 1050 5094 ὲκ
1080 5041 1180 5110 τῆς
1207 5040 1580 5103 ὑποστάσεως,
1613 5041 1708 5093 καὶ

122 5134 186 5186 τὸ
215 5132 438 5204 Πνεῦμα
470 5134 533 5187 ὲκ
563 5135 659 5204 τῆς
690 5131 1064 5194 ὑποστάσεως,
1090 5131 1225 5183 είσὶν
1255 5129 1509 5198 (Maliaci;
1551 5129 1703 5196 ’0p0.

123 5225 217 5295 Μὴ
251 5225 488 5292 γένοιτοῑ
517 5226 691 5289 οὐδεὶς
727 5226 882 5280 τοῦτο
919 5223 1087 5291 λέγει.
1115 5221 1238 5284 Πῶς
1270 5220 1378 5291 γὰρ
1410 5219 1708 5291 μονογενὴς

123 5318 154 5368 6
177 5316 328 5382 Υἱὸς,
361 5319 408 5370 εἰ
441 5316 531 5370 δύο
570 5319 704 5371 εἰσὶν
742 5316 962 5388 ἀδελφοὶ
978 5333 998 5376 ;
1028 5316 1224 5383 Ἀνόμ.
1276 5314 1398 5377 Πῶς
1425 5309 1522 5368 οῦν
1548 5313 1641 5366 καὶ
1672 5314 1702 5364 6

125 5405 256 5469 Υἱὸς
282 5409 346 5460 ἐκ
384 5408 479 5479 τῆς
512 5409 858 5476 ὑποστάσεως
891 5413 982 5464 καὶ
1012 5408 1076 5471 τῇ
1109 5405 1348 5476 Πνεῦμα,
1381 5407 1480 5461 καὶ
1518 5406 1578 5459 οὑ
1610 5405 1702 5458 δύο

1803 4503 1860 4550 ει
1905 4475 2132 4563 spiritus
2155 4491 2249 4561 qui
2294 4507 2371 4546 ex.
2396 4489 2506 4544 Deo
2551 4488 2856 4559 procedunt
2881 4502 2951 4542 ex
2980 4501 3076 4541 ore
3109 4486 3372 4557 hyposta-

1804 4601 1928 4642 seos
1955 4585 2076 4654 ejus
2104 4599 2211 4638 non
2240 4588 2386 4639 sunt.
2417 4581 2487 4634 At
2513 4580 2751 4650 Spiritus
2777 4586 3000 4634 sanctus
3021 4585 3106 4634 est
3130 4577 3384 4646 Spiritus

1803 4692 1870 4730 ex
1924 4689 2021 4729 ore
2070 4672 2428 4743 hypostaseos
2469 4669 2645 4739 ipsius
2678 4688 2691 4723 :
2728 4687 2746 4719 ε
2783 4667 2920 4721 Nam
2950 4668 3117 4723 verbo
3160 4667 3376 4721 Domini.

1808 4765 1932 4822 cmli
1971 4763 2172 4817 ﬁrmati
2210 4768 2358 4824 sunt,
2395 4768 2449 4815 et
2493 4760 2700 4830 Spiritu
2743 4760 2856 4814 oris
2893 4759 3014 4828 ejus
3045 4757 3225 4812 omnis
3259 4756 3372 4810 vir-

1804 4863 1894 4910 tus
1916 4869 2104 4910 eorum
2131 4853 2192 4908 “.
2221 4871 2253 4904 ιη
2276 4851 2340 4905 Ει
2366 4850 2525 4905 Pater
2576 4851 2707 4906 dicit
2733 4869 2744 4903 :
2775 4869 2792 4900 ι
2831 4849 2970 4904 Ecce
3005 4847 3174 4902 Filius
3198 4862 3374 4911 meus,

1805 4948 2036 5002 dilectus
2073 4960 2248 5007 meus,
2284 4944 2342 4998 in
2377 4957 2487 5013 quo
2520 4940 2852 5011 complacuit
2892 4940 3072 4992 anima
3106 4952 3246 5001 mea,
3277 4950 3376 5006 po-

1805 5053 1932 5092 nam
1965 5037 2224 5106 Spiritum
2257 5050 2436 5090 meum
2470 5049 2634 5104 super
2663 5033 2841 5102 ipsum
2869 5031 2930 5087 ¹⁸.
2965 5049 2982 5080 ι
3009 5028 3196 5083 Anam.
3231 5026 3290 5081 Si
3321 5033 3376 5082 et

1807 5128 1978 5184 Filius
2011 5135 2095 5183 est
2131 5143 2194 5182 ex
2228 5125 2530 5196 hypostasi,
2581 5131 2636 5179 et
2692 5122 2927 5193 Spiritus
2973 5117 3371 5190 eshypostasi.

1807 5220 2005 5274 fratres
2054 5225 2182 5273 sunt
2214 5216 2420 5286 igitur?
2453 5214 2602 5270 Orth.
2647 5213 2839 5268 Absit!
2875 5211 3060 5266 nullus
3093 5211 3194 5263 hoc
3220 5208 3372 5262 dicit.

1807 5311 2090 5376 Quomodo
2117 5309 2260 5363 enim
2293 5307 2465 5362 Filius
2495 5314 2578 5362 est
2618 5303 2949 5375 unigenitus,
3003 5303 3049 5356 si
3095 5301 3204 5354 duo
3247 5308 3376 5354 sunt

1808 5402 2048 5458 fratres?
2079 5401 2268 5456 Anam.
2298 5399 2582 5466 Quomodo
2613 5398 2777 5467 igitur
2797 5402 2850 5447 et
2871 5391 3042 5447 Filius
3067 5399 3152 5446 est
3179 5407 3246 5446 ex
3277 5391 3378 5464 hy-

199 5560 246 5592 “
283 5563 428 5617 Psal.
458 5578 681 5626 cxxxlv,
714 5565 766 5618 6.
846 5565 887 5596 ’³
928 5565 1067 5618 Psal.
1101 5565 1307 5619 cum:
1334 5599 1349 5624 ,
1382 5559 1441 5615 5..
1522 5559 1566 5591 ¹⁵
1636 5557 1792 5614 Joan.
1835 5575 1885 5623 ι,
1922 5555 2023 5622 12,
2065 5555 2151 5609 l3.
2230 5554 2272 5585 ¹⁸
2309 5553 2680 5614 Psal.’xxxu,
2713 5551 2768 5606 6.
2847 5551 2890 5582 ¹⁶
2927 5549 3028 5604 lsa.
3068 5563 3212 5612 mi,
3250 5548 3302 5606 i.

199 5679 310 5747 (78)
350 5678 642 5738 Palatinus.
669 5684 980 5752 ἀγενησίαν.
1407 5694 1420 5790 ε

203 5749 316 5790 nm
354 5748 564 5790 ιῖίιιριηη
636 5754 792 5790 am."
853 5752 994 5790 βηιςη
1077 5752 1258 5790 erm”

203 5759 217 5817 ί
227 5749 316 5807 79)
353 5748 583 5808 Felckm.
597 5792 611 5817 ,
636 5754 812 5821 ἤτουν.
825 5748 834 5752 ⁷
849 5752 1016 5808 Palat.
1029 5793 1044 5820 ,
1075 5752 1281 5818 εἴτουνι,

1881 5673 1992 5745 (80)
2032 5671 2309 5728 Palatinus
2337 5680 2389 5728 ct
2416 5668 2680 5737 Felckm.,
2719 5667 2853 5723 ἀλλά
2881 5665 2940 5720 τὸ
2972 5665 3090 5736 μέν.
