3862 6204
470 323 609 387 ΗΠ

1562 324 1619 380 s.
1658 287 2125 378 Arnamsws.
2163 319 2242 360 -’
2273 316 2539 374 spuma.

3575 317 3731 374 ηιε

469 445 675 517 postasi
701 452 755 502 et
785 443 1042 518 Spiritus,
1072 461 1251 518 neque
1282 453 1463 501 tamen
1494 454 1624 501 sunt
1656 445 1766 500 duo
1800 442 2038 499 fratres?

2158 439 2393 510 ὶδελφοί;
2425 442 2580 508 ὀρθ.
2628 438 2728 494 Διὰ
2773 438 2934 494 τοῦτο
2974 441 3005 494 6
3040 438 3165 505 Υίδς
3205 441 3268 495 οὑ
3310 428 3471 513 μόνον
3510 443 3579 496 ὲκ
3621 442 3732 513 τῆς

471 535 625 592 Orth.
660 535 956 607 Propterea
981 536 1152 593 Filius
1184 537 1364 592 dictus
1388 545 1472 592 est
1501 551 1626 591 esse
1669 552 1778 590 non
1824 542 2038 589 tantum

471 644 537 685 ex
583 630 883 700 bypostasi,
923 645 1111 685 verum
1160 631 1324 685 etiam
1357 645 1425 684 ex
1472 637 1664 696 utero;
1707 639 1759 684 et
1800 627 2040 698 Spiritus

471 727 697 775 sanctus
721 735 831 774 non
860 729 1074 775 tantum
1104 738 1170 776 ex
1197 723 1500 793 hypostasi,
1534 723 1629 778 sed
1657 723 1822 777 etiam
1863 722 2038 791 Spiri-

473 821 563 873 tus
591 815 727 879 oris,
770 821 830 868 ut
861 814 1163 869 differentia
1197 815 1267 869 sit
1306 829 1416 868 non
1447 813 1627 868 habita
1656 814 1775 882 ejus
1807 814 2038 877 ratione,

473 904 617 974 quod
648 906 758 961 sint
795 921 863 960 ex
903 907 1200 977 bypostasi,
1236 906 1330 962 sed
1362 920 1594 976 quorum
1635 920 1780 959 unus
1820 904 2039 973 quidem

474 1011 539 1050 ex
572 1006 729 1050 utero
757 997 848 1057 sit,
882 998 1019 1053 alter
1044 1013 1109 1052 ex
1138 1012 1250 1051 ore.

545 1086 634 1143 20.
670 1087 860 1141 Anam.
903 1088 1064 1142 Aliud
1096 1104 1225 1158 ergo
1264 1096 1349 1145 est
1389 1103 1472 1153 os,
1506 1089 1651 1144 aliud
1691 1096 1776 1143 est
1829 1095 2040 1153 uterus,

477 1178 624 1234 aliud
673 1180 1020 1251 bypostasis?
1050 1179 1202 1235 Orth.
1228 1179 1347 1235 Non
1378 1181 1526 1235 aliud
1573 1189 1627 1236 ct
1655 1178 1824 1242 aliud,
1861 1188 1923 1233 ut
1952 1195 2043 1235 res

476 1278 572 1329 aut
601 1272 955 1342 tritonymum
1003 1271 1305 1341 quidpiam.
1356 1272 1547 1325 Anam.
1600 1270 1670 1327 Ut
1715 1272 1844 1342 quid
1877 1272 2045 1342 ergo?

480 1359 632 1422 Orth.
667 1360 729 1415 Ut
762 1363 909 1416 aliud
939 1361 1157 1432 quidem
1189 1363 1529 1432 signiﬁcante
1561 1363 1866 1433 hypostasi,
1894 1362 2039 1417 aliud

478 1459 656 1516 utero,
677 1459 732 1506 et
757 1452 904 1507 aliud
933 1468 1049 1508 ore.
1092 1453 1283 1508 Anam.
1313 1451 1453 1518 Quid
1486 1453 1758 1523 signiﬁcat
1785 1454 2044 1524 byposta-

476 1541 574 1605 sis,
604 1543 733 1612 quid
762 1558 848 1609 os,
881 1543 1012 1614 quid
1046 1546 1270 1600 uterus?
1303 1545 1459 1600 Orth.
1506 1544 1826 1614 Hypostasis
1859 1545 2043 1598 decla-

478 1638 583 1693 rat,
614 1631 675 1684 τὸ
706 1628 864 1698 εἶναι,
918 1633 972 1688 id
1017 1642 1102 1689 est
1156 1653 1191 1686 ι.
1241 1650 1362 1690 esse
1409 1656 1428 1688 ι
1467 1651 1478 1685 :
1516 1650 1704 1690 uterus
1751 1635 2043 1703 generandi

2139 533 2509 597 ὑποστάσεως,
2545 532 2679 586 ἀλλὰ
2716 532 2812 586 καὶ
2853 535 2917 586 ὲκ
2960 533 3194 605 γαστρὸς
3232 532 3484 605 εῐρηταιτ
3535 533 3638 588 καὶ
3663 533 3731 587 τὺ

2138 622 2363 692 Πνεῦμα
2408 624 2468 675 οὑ
2524 623 2682 693 μόνον
2734 623 2799 676 ὲκ
2850 625 2950 694 τῆς
2997 623 3367 690 ὑποστάσεως,
3422 623 3568 679 ἀλλὰ
3623 623 3729 681 καὶ

2141 713 2365 784 Πνεῦμα
2396 714 2663 784 στόματος
2709 714 2951 785 εἶρηται’
2985 716 3074 768 ἵνα
3117 715 3412 787 ήδιαφορὰ
3458 716 3534 788 μὴ
3575 715 3729 772 κατὰ

2137 806 2231 858 τὸν
2274 807 2338 858 ὲκ
2379 805 2476 876 τῆς
2521 806 2869 869 ὑποστάσεως
2908 807 3064 876 λόγον
3101 807 3346 879 γένηται,
3393 806 3535 862 ἀλλὰ
3576 808 3739 877 κατὰ,

2138 898 2230 951 τὸν
2256 898 2368 970 (Si)
2393 901 2457 952 ὲκ
2477 900 2712 970 γαστρὸς
2744 900 2837 953 καὶ
2865 901 3146 970 στόματος.
3757 939 3767 1010 ἰ

2209 1075 2299 1128 20.
2352 1075 2540 1143 Ἇνόμ.
2577 1073 2738 1128 ’Ἄλλο
2760 1069 2853 1129 οῦν
2878 1074 3070 1145 στόμα,
3096 1074 3191 1127 καὶ
3210 1073 3336 1127 ἄλλο
3354 1074 3597 1146 γαστὴρ,
3622 1072 3728 1128 καὶ

2140 1164 2267 1220 ἄλλο
2296 1165 2591 1227 ὑπόστασις
2607 1204 2623 1228 ,
2639 1164 2785 1232 Ὀρθ.
2809 1163 2922 1218 Οὑκ
2942 1163 3068 1217 ἄλλο
3084 1163 3177 1218 καὶ
3193 1162 3337 1224 άλλὸ,
3359 1164 3435 1228 ὡς
3455 1167 3726 1236 πρᾶγμα,

2140 1255 2216 1319 ῶς
2231 1254 2569 1326 τριτώνυμόν
2595 1273 2669 1309 τι.
2699 1257 2886 1325 Ἀνόμ.
2919 1254 3057 1308 Ἀλλ’
3089 1254 3165 1318 ὡς
3186 1255 3272 1321 τίς
3296 1256 3440 1323 Ὀρθ.
3470 1256 3563 1318 Ὣς
3588 1255 3731 1310 ἄλλο

2141 1364 2195 1400 τι
2226 1347 2338 1419 (82)
2372 1346 2745 1417 σημαινούσης
2785 1345 2886 1415 τῆς
2922 1347 3290 1409 ὑποστάσεως,
3333 1347 3428 1400 καὶ
3458 1345 3591 1400 ἄλλο
3617 1346 3728 1416 τῆς

2142 1437 2397 1507 γαστρὸς,
2429 1437 2524 1489 καὶ
2551 1435 2678 1490 ἄλλο
2707 1435 2801 1490 τοῦ
2828 1435 3112 1505 στόματος.
3148 1436 3335 1505 Ἁνόμ.
3367 1436 3432 1489 Τί
3462 1436 3729 1506 σημαίνει

2143 1531 2176 1599 ἡ
2206 1528 2520 1590 ὑπόστασις,
2546 1526 2641 1580 καὶ
2660 1527 2710 1579 τι
2732 1525 2793 1578 τὸ
2813 1526 3011 1597 στόμα,
3035 1526 3129 1580 καὶ
3151 1526 3257 1597 τίη
3279 1528 3529 1597 γαστήρς
3568 1528 3737 1595 Ὀρθε

2172 1619 2221 1671 Η
2250 1608 2546 1680 ὑπόστασις
2573 1616 2634 1669 τὸ
2663 1613 2800 1671 εἷναι
2830 1617 3101 1688 σημαίνει·
3132 1620 3166 1689 ἡ
3198 1619 3411 1690 γαστὴρ
3434 1618 3499 1671 τὺ
3521 1635 3734 1689 γεννη-

478 1722 587 1777 νίιη
627 1740 640 1775 :
666 1737 751 1787 os,
784 1724 959 1793 ipsam
980 1723 1211 1780 docendi
1244 1725 1577 1781 facultatem.
1606 1726 1892 1791 Quomodo
1912 1742 2043 1780 vero

2158 1707 2318 1760 τικόν·
2350 1708 2411 1760 τὸ
2436 1707 2610 1777 στόμα
2632 1707 2692 1759 τὸ
2713 1707 3037 1760 διδακτικόν.
3066 1707 3190 1771 Πῶς
3209 1708 3267 1761 δὲ
3291 1710 3453 1777 γεννᾷ
3476 1707 3571 1760 τὸν
3595 1707 3737 1762 Υίδν

478 1816 663 1885 gignat
694 1776 891 1870 Filium
925 1816 1089 1881 Deus,
1122 1825 1176 1873 et
1202 1819 1476 1888 quomodo
1511 1819 1772 1887 Spiritum
1805 1820 2039 1883 emittat,

2158 1804 2179 1853 δ
2224 1796 2386 1864 Θεὸς,
2423 1802 2484 1853 οὑ
2537 1776 2998 1871 πολυπραγμονῶ·
3055 1800 3148 1854 καὶ
3190 1800 3309 1863 πῶς
3336 1776 3621 1870 ἐκπέμπει
3670 1800 3742 1853 τὸ

478 1905 697 1963 curiose
728 1922 838 1961 non
868 1909 1213 1979 pervestigo:
1249 1909 1343 1964 sed
1376 1908 1542 1963 credo
1572 1908 1768 1963 Filium
1803 1911 2043 1979 genitum

481 1998 850 2070 inexplicabili
900 2003 1064 2057 modo
1093 2010 1147 2057 et
1193 2002 1398 2073 absque
1439 2004 1694 2073 passione
1725 2003 1854 2069 ulla,
1885 2011 1939 2057 et
1968 2003 2038 2058 si-

480 2091 682 2147 militer
731 2090 994 2163 Spiritum
1033 2102 1282 2149 sanctum
1322 2095 1621 2164 procedere
1676 2093 2046 2165 inexplicabili

481 2182 645 2240 modo
672 2191 726 2238 et
749 2185 955 2253 absque
975 2184 1227 2252 passione
1252 2184 1380 2237 ulla.
1416 2184 1606 2238 Anam.
1638 2183 1741 2239 Ubi
1768 2193 1853 2240 est
1877 2200 1961 2249 os,
1992 2194 2048 2239 et

482 2279 693 2336 uterus,
736 2280 790 2328 et
837 2273 1171 2344 hypostasis,
1205 2274 1335 2343 quid
1370 2274 1538 2336 aliud,
1572 2288 1739 2343 quam
1773 2272 2049 2344 composi-

480 2364 687 2422 tionem
722 2364 923 2421 dicas?
962 2366 1117 2423 Orth.
1157 2366 1621 2436 Compositionem
1655 2382 1766 2421 non
1807 2366 2048 2421 etliciunt

480 2458 598 2513 haec
626 2460 867 2515 nomina.
899 2458 1311 2516 Omninoenim
1345 2461 1451 2515 ista
1473 2476 1579 2516 non
1601 2460 1878 2525 dicuntur,
1894 2467 1953 2513 ut
1981 2459 2050 2514 de

481 2551 741 2606 membris
758 2553 956 2608 solent.
988 2553 1178 2606 Anam.
1205 2551 1302 2617 Os,
1322 2567 1502 2607 nonne
1526 2565 1610 2607 est
1631 2553 1731 2606 os?
1753 2558 1807 2607 et
1837 2560 2046 2615 uterus,

481 2657 664 2698 annon
695 2651 778 2699 est
813 2645 1043 2700 uterus?
1073 2643 1227 2699 Orth.
1256 2643 1374 2699 Non
1410 2659 1571 2699 omne
1591 2659 1653 2699 os
1672 2652 1754 2699 est
1784 2642 1928 2698 idem
1961 2656 2046 2706 os,

482 2750 661 2806 neque
687 2737 867 2792 omnis
900 2744 1093 2793 uterus
1137 2744 1222 2793 est
1267 2737 1409 2792 idem
1446 2742 1634 2792 uterus
1666 2752 1680 2789 :
1717 2750 1841 2790 nam
1873 2749 2051 2805 neque

480 2842 642 2883 omne
671 2843 733 2884 os
778 2836 863 2884 est
894 2830 1219 2894 membrum,
1246 2845 1425 2899 neque
1469 2830 1647 2883 omnis
1676 2837 1865 2884 uterus
1894 2843 2052 2899 pror-

480 2930 579 2978 sus
616 2916 918 2971 membrum
957 2926 1062 2973 est.
1106 2919 1296 2974 Anam.
1330 2918 1436 2984 Qui
1467 2934 1595 2974 vero
1628 2919 1721 2973 ﬁat
1761 2925 1820 2972 ut
1853 2934 1915 2974 os
1942 2935 2051 2973 non

481 3006 556 3061 sit
583 3022 679 3071 os,
713 3015 767 3061 et
796 3014 988 3063 uterus
1040 3024 1151 3063 non
1203 3010 1276 3065 sit
1325 3011 1554 3064 uterus?
1585 3009 1738 3065 Orth.
1771 3009 2050 3080 Scriptura

2151 1892 2394 1963 Πνεῦμα,
2441 1893 2639 1963 ὁμοίως
2683 1892 2743 1944 οὑ
2791 1892 3250 1963 πολυπραγμονῶο
3293 1891 3426 1946 ἀλλὰ
3458 1891 3743 1959 πιστεύω,

2151 1987 2233 2040 ὃτι
2263 1986 2358 2040 καὶ
2387 1987 2415 2039 6
2442 1985 2568 2048 Υἱὸς
2601 1985 2851 2053 γεννᾶται
2875 1984 3130 2056 ἀρρήτως
3156 1985 3249 2038 καὶ
3271 1982 3515 2048 ἀπαθῶς,
3540 1984 3651 2037 καὶ
3680 1985 3749 2037 τὸ

2153 2078 2379 2149 Πνεῦμα
2414 2077 2774 2148 ἐκπορεύεται
2813 2078 3069 2148 ἀρρήτως
3109 2077 3201 2129 καὶ
3241 2076 3486 2139 ἀπαθῶς.
3529 2077 3745 2146 "Av-dy.

2157 2169 2324 2222 Ἔνθα
2358 2169 2550 2240 στόμα,
2596 2170 2693 2222 καὶ⁸
2731 2168 2966 2239 γαστὴρ,
3009 2168 3104 2220 καὶ
3145 2166 3457 2230 ὑπόστασις,
3494 2167 3550 2220 τί
3604 2168 3751 2221 ἄλλο

2154 2260 2359 2332 ἐστὶνῆ
2398 2260 2645 2315 σύνθεσιν
2680 2262 2888 2327 είπεῖν;
2945 2261 3088 2327 Ὀρθ.
3133 2258 3386 2312 Σύνθεσιν
3415 2259 3478 2312 οὑ
3510 2258 3752 2315 ποιοῦσι

2152 2353 2222 2407 τά
2255 2354 2511 2425 ὀνόματα·
2547 2352 2667 2406 οὐδὲ
2708 2352 2816 2425 γὰρ
2859 2353 3074 2416 πάντως
3114 2353 3207 2406 ἐπὶ
3248 2350 3422 2422 μελῶν
3450 2351 3757 2420 λέγονται,

2167 2447 2355 2516 Ἀνόμ.
2380 2445 2453 2498 Τὸ
2482 2445 2654 2516 στόμα
2684 2445 2784 2498 οὑκ
2815 2443 2930 2497 ἐστι
2959 2445 3167 2514 στόμα;
3195 2443 3290 2497 καὶ
3320 2445 3353 2515 ή
3381 2442 3604 2515 γαστὴρ
3643 2444 3752 2497 οὑκ

2155 2541 2270 2594 ἔστι
2295 2542 2536 2612 γαστήρ;
2580 2539 2724 2606 Ὀρθ.
2761 2537 2836 2592 υὺ
2882 2536 2990 2591 πᾶν
3034 2537 3210 2607 στόμα
3250 2536 3312 2589 τὸ
3351 2537 3485 2590 αὑτὸ
3529 2537 3749 2608 στόμα,

2153 2631 2274 2684 οὑδὲ
2322 2632 2470 2684 πᾶσα
2511 2628 2723 2700 γαστὴρ
2764 2630 2798 2701 ἡ
2841 2627 2979 2700 αὑτὴ
3024 2628 3256 2698 γαστήρο
3303 2626 3425 2680 οὑδὲ
3465 2626 3584 2698 γὰρ
3630 2631 3749 2683 πᾶν
3860 2688 3862 2723 i

2158 2725 2331 2792 στόμα
2361 2723 2476 2774 ἐστὶ
2511 2720 2688 2792 μέλος,
2737 2719 2858 2773 οὑδὲ
2902 2720 3049 2771 πᾶσα
3089 2718 3301 2788 γαστὴρ
3348 2717 3567 2780 πάντως
3619 2718 3749 2771 ἐστὶ
3860 2717 3862 2755 ί

2160 2814 2337 2886 μέλος.
2387 2815 2575 2883 Ἀνόμ.
2598 2814 2709 2867 Καὶ
2737 2812 2856 2876 πῶς
2880 2811 3103 2865 δύναται
3137 2810 3310 2880 στόμα
3342 2808 3417 2880 μὴ
3440 2804 3587 2862 εἶναι
3615 2809 3747 2862 στό-

2160 2924 2255 2978 μα,
2292 2907 2386 2960 καὶ
2426 2905 2639 2976 γαστὴρ
2689 2904 2763 2976 μὴ
2797 2902 2935 2957 εἶναι
2962 2904 3205 2972 γαστήρ;
3252 2902 3397 2969 Ὀρθ.
3441 2899 3507 2953 Ἠ
3533 2899 3746 2973 Γραφὴ

2159 2998 2425 3069 πολλαχοῦ
2458 2998 2634 3068 στόμα
2668 2996 2936 3067 μαχαίρας
2964 2994 3232 3065 ὠνόμασε’
3262 2995 3355 3047 καὶ
3383 2992 3561 3056 οὐδεὶς
3594 2992 3749 3046 οὕτω

483 3096 670 3151 multis
708 3096 842 3153 locis
867 3112 930 3153 os
974 3098 1140 3166 gladii
1173 3100 1495 3163 nominavit,
1544 3114 1644 3153 nec
1674 3099 1944 3168 quispiam
1974 3100 2048 3153 ita

2163 3093 2421 3163 μέμηνεν,
2461 3089 2601 3144 ὥστε
2635 3089 2814 3157 λέγειν
2855 3088 3016 3159 μέλος
3057 3086 3200 3158 ἔχειν
3239 3085 3338 3156 τὴν
3372 3085 3683 3156 μάχαιραν,
3717 3086 3749 3138 ὃ

483 3185 708 3250 insanit,
765 3194 826 3241 ut
870 3186 1019 3241 dicat
1065 3188 1307 3258 gladium
1358 3204 1425 3244 eo
1475 3189 1719 3243 membro
1769 3190 2050 3259 pmditum

482 3292 630 3341 esse,
672 3278 820 3348 quod
868 3293 932 3334 os
980 3287 1241 3347 vocatur;
1274 3281 1369 3336 sed
1414 3279 1698 3351 Scriptura
1752 3297 1815 3337 os
1842 3283 2055 3337 vocavit

485 3368 645 3436 illud,
673 3384 786 3440 quo
820 3369 1035 3440 gladius
1083 3371 1322 3427 absumit
1354 3389 1368 3423 :
1409 3381 1465 3427 et
1497 3387 1621 3427 cum
1659 3372 1793 3427 dicit
1846 3388 1914 3428 ex
1946 3388 2054 3444 quo

485 3468 645 3519 utero
682 3463 970 3532 proveniat
1025 3465 1254 3535 glacies,
1300 3473 1517 3519 uterum
1568 3480 1889 3535 corporeum
1946 3483 2055 3521 non

486 3553 769 3624 requirit:
828 3561 883 3609 et
935 3570 1062 3610 cum
1110 3555 1305 3612 faciem
1358 3556 1499 3627 ignis
1556 3556 1711 3621 dicit,
1762 3572 1872 3612 non
1920 3557 2056 3612 dicit

483 3642 664 3713 ignem
692 3659 816 3700 esse
861 3646 1099 3700 humana
1147 3647 1319 3701 {arma
1369 3647 1677 3717 praeditum,
1705 3649 1866 3717 cujus
1893 3663 2060 3703 mem-

487 3733 648 3788 brum
681 3749 846 3789 unum
894 3735 965 3789 sit
1017 3736 1205 3804 facies,
1239 3737 1466 3793 alterum
1496 3754 1627 3793 vero
1666 3738 1843 3809 ignis;
1881 3753 2058 3808 neque

489 3823 684 3881 faciem
712 3835 872 3884 terra:
901 3828 1114 3889 dicens,
1133 3837 1335 3884 terram
1357 3830 1487 3884 dicit
1513 3831 1803 3885 humanam
1828 3830 2058 3885 formam

488 3914 714 3972 referre.

559 4008 648 4063 21.
691 4010 884 4064 Anam.
930 4017 1001 4064 At
1031 4012 1252 4067 uoinam
1301 4013 1505 4067 dictum
1547 4020 1632 4067 est
1684 4020 1889 4067 terram
1936 4029 2061 4069 esse

489 4098 630 4156 facie
657 4101 975 4172 praeditam?
1002 4102 1161 4159 Orth.
1208 4104 1483 4175 Scriptum
1514 4112 1597 4159 est
1628 4107 1769 4175 apud
1825 4106 2061 4175 prophe-

491 4201 606 4246 tam
636 4213 650 4248 :
688 4212 707 4245 ι
738 4193 842 4260 Qui
870 4194 1030 4266 fugit,
1061 4197 1166 4252 erit
1222 4204 1280 4251 ut
1314 4197 1408 4267 qui
1440 4197 1575 4267 fugit
1607 4211 1638 4250 a
1662 4197 1802 4252 facie
1841 4199 2003 4268 ignis.
2035 4218 2054 4251 ι

492 4284 559 4338 Et
588 4286 644 4339 in
669 4284 867 4342 Genesi
900 4287 1038 4342 Cain
1084 4289 1260 4358 inquit
1289 4307 1303 4343 :
1336 4308 1356 4341 ι
1407 4286 1464 4343 Si
1503 4290 1659 4358 ejicis
1706 4306 1793 4345 me
1830 4290 1995 4345 hodie
2025 4304 2056 4343 a

494 4374 635 4430 facie
654 4384 831 4438 terrae,
855 4378 1018 4433 etiam
1048 4394 1078 4433 a
1103 4379 1242 4439 facie
1262 4389 1353 4435 tua
1383 4381 1691 4437 abscondar
1715 4382 1779 4434 ".
1814 4400 1834 4433 ι
1862 4381 2054 4436 Anam.

2155 3184 2402 3247 καλεῖται
2436 3181 2631 3254 στόμαο
2681 3180 2817 3234 ἀλλὰ.
2850 3180 2982 3235 αὑτὸ
3016 3178 3078 3232 τὸ
3115 3178 3444 3232 ἀναλωτικδν
3482 3176 3585 3246 τῆς
3639 3193 3747 3247 μα-

2153 3275 2351 3346 χαίρας
2400 3274 2572 3344 στόμα
2621 3272 2892 3343 ὠνόμασε·
2936 3270 3051 3335 καὶ,
3101 3272 3166 3323 ὲκ
3213 3270 3370 3333 ποίας
3406 3268 3464 3322 δὲ
3494 3269 3747 3340 γαστρδς

2154 3364 2892 3439 ὲκπορεύεταιῖκρύσταλλος,
2926 3363 3174 3426 εἰποῦσα,
3205 3362 3266 3415 οὐ
3291 3361 3621 3431 σωματικὴν
3645 3379 3750 3430 γα.»-

2157 3459 2324 3530 στέρα
2361 3457 2629 3528 ἐπιζητεῖ·
2662 3456 2756 3510 καὶ
2784 3456 3074 3527 πρόσωπον
3119 3454 3290 3525 πυρὸς
3333 3451 3592 3514 εἰποῦσα,
3645 3453 3752 3504 οὑκ

2156 3548 2549 3620 ἁνθρωποειδὲς
2577 3547 2724 3615 λέγει
2750 3547 2811 3599 τὸ
2842 3545 2974 3617 πῦρ,
3008 3546 3103 3598 καὶ
3136 3544 3197 3597 τὸ
3228 3544 3326 3613 μὲν
3363 3542 3532 3596 αὑτοῦ
3575 3542 3751 3612 μέλος

2157 3637 2293 3694 εἶναι
2326 3640 2634 3725 πρόσωπον,
2688 3637 2750 3690 τὸ
2797 3637 2853 3691 δὲ
2886 3635 3018 3707 πῦρ’
3062 3636 3155 3688 καὶ
3199 3635 3489 3705 πρόσωπον
3520 3634 3637 3704 τῆς
3668 3634 3751 3699 εις

2159 3733 2357 3797 ποῦσα,
2391 3733 2494 3787 οὑκ
2517 3730 2888 3803 ἀνθρωποειδῆ
2920 3731 3066 3801 λέγει
3096 3728 3195 3801 τὴν
3224 3727 3348 3809 γῆν.

2231 4015 2323 4071 2L
2393 4016 2587 4084 Ἄνόμ.
2634 4012 2746 4069 Ποῦ
2808 4012 2917 4085 γὰρ
2964 4013 3181 4085 εἴρηται
3238 4009 3533 4080 πρόσωπον
3592 4008 3754 4079 ἔχειν

2158 4105 2256 4176 τὴν
2277 4106 2410 4176 ﬁs;
2451 4106 2594 4172 Ὀρθ.
2625 4122 2645 4154 ι
2676 4104 2868 4157 Ἔσται
2893 4104 2923 4155 6
2954 4100 3190 4172 φεύγων,
3225 4101 3301 4164 ὡς
3326 4100 3356 4152 6
3386 4097 3610 4168 φεύγων
3638 4099 3755 4152 ἀπὸ

2162 4194 2453 4267 προσώπου
2491 4194 2681 4265 πυρὸς,
2714 4213 2734 4246 ι
2782 4192 2932 4264 παρὰ
2978 4191 3057 4262 τῷ
3104 4191 3353 4263 προφήτῃ
3401 4188 3751 4260 γέγραπται.

2160 4286 2268 4338 Καὶ
2297 4285 2354 4337 ἐν
2379 4287 2448 4356 τῇ
2478 4284 2692 4337 Γενέσει
2719 4283 2748 4334 ό
2780 4283 2917 4336 Κάῖν
2966 4281 3134 4350 λέγει’
3190 4299 3209 4332 ι
3254 4281 3318 4333 El
3357 4278 3638 4348 ὲκὸάλλῃς
3682 4296 3753 4350 με

2164 4377 2400 4447 σήμερον
2432 4375 2540 4429 ἀπὸ
2567 4373 2859 4446 προσώπου
2895 4371 2995 4441 τῆς
3022 4372 3147 4441 γῆς,
3179 4371 3273 4424 καὶ
3304 4368 3415 4422 άπὸ
3440 4367 3536 4420 τοῦ
3566 4385 3756 4438 προσ-

492 4464 601 4521 Sed
633 4480 757 4520 cum
797 4468 866 4523 de
920 4471 1444 4527 animantibus’ista
1496 4473 1716 4526 nomina
1775 4473 2049 4541 dicuntur,

2162 4466 2311 4520 ώπου
2340 4484 2434 4531 σου
2456 4466 2818 4537 κρυϐήσομαι.
2847 4485 2865 4517 ι
2911 4464 3101 4532 Ἀνόμ.
3144 4461 3283 4515 Ἀλλ’
3311 4462 3436 4515 ὅταν
3456 4460 3553 4512 ἐπὶ
3583 4459 3757 4524 ζώων

494 4559 733 4613 membra
765 4560 1043 4615 declarant
1076 4579 1088 4614 :
1124 4564 1179 4617 in
1233 4565 1302 4619 iis
1345 4580 1494 4629 vero,
1547 4580 1668 4634 quae
1697 4580 1892 4620 sensus
1930 4574 2058 4622 sunt

488 4650 754 4719 expertia,
802 4652 1067 4708 abusione
1098 4654 1331 4723 quadam
1370 4665 1728 4727 usurpantur.
1761 4656 1915 4713 Orth.
1951 4658 2060 4711 An-

492 4758 603 4797 non
647 4743 746 4797 tibi
773 4743 987 4798 videtur
1010 4746 1189 4801 anima
1216 4763 1338 4803 esse
1366 4750 1606 4803 animal?
1649 4749 1840 4804 Anam.
1886 4749 2052 4805 Sane.

492 4832 628 4887 Nam
679 4841 734 4889 et
789 4835 1015 4905 angelus
1043 4836 1245 4891 animal
1294 4845 1399 4902 est,
1440 4846 1494 4893 et
1545 4853 1735 4894 omnes
1785 4840 2052 4909 spiritus:

493 4933 780 4994 propterea
828 4926 975 4980 enim
1040 4927 1201 4980 etiam
1243 4942 1433 4984 omnes
1482 4930 1754 5000 seraphim
1802 4932 2058 4986 animalia

494 5016 796 5069 dicuntur:
831 5025 883 5070 et
911 5015 1177 5086 scriptum
1203 5026 1288 5073 est
1322 5036 1336 5072 :
1368 5036 1388 5071 ι
1437 5018 1601 5083 Deus,
1632 5022 1688 5075 in
1715 5023 1892 5077 medio
1921 5023 2056 5077 duo-

494 5121 615 5159 rum
643 5105 957 5159 animalium
983 5110 1336 5177 cognosceris
1361 5110 1425 5165 ‘3.
1456 5131 1476 5162 ›
1499 5110 1654 5166 Orth.
1675 5112 1872 5169 Dicens
1894 5115 2059 5185 igitur

495 5196 640 5252 Deus
668 5214 682 5250 :
717 5217 736 5250 ι
772 5199 935 5269 Aperi
968 5214 1033 5254 os
1066 5198 1231 5271 5.20
1261 5210 1411 5255 tuum
1443 5211 1499 5257 et
1525 5204 1763 5274 implebo
1791 5205 1923 5259 illud
1953 5204 2052 5270 ¹⁹,»

490 5289 770 5359 quodnam
791 5305 855 5347 os
883 5291 1050 5347 dicit?
1070 5290 1135 5345 Et
1156 5290 1324 5346 David
1346 5295 1483 5363 psal.
1512 5310 1678 5350 cxvnt
1701 5310 1714 5347 :
1739 5315 1757 5348 ι
1780 5294 1854 5352 Os
1876 5312 2057 5353 meum

2163 4558 2384 4628 λέγηται
2413 4556 2582 4611 ταῦτα
2615 4556 2684 4610 τὰ
2704 4555 2962 4627 ὀνόματα,
2992 4554 3127 4626 μέλη
3162 4552 3533 4625 σημαίνουσιν⁸
3560 4551 3669 4605 ἐπὶ
3693 4551 3752 4604 δὲ

2163 4651 2272 4706 τῶν
2300 4649 2643 4721 ἀναισθήτων
2668 4648 2778 4719 (85)
2804 4644 3270 4717 καταχρηστικῶς.
3314 4644 3458 4711 Ὀρθ.
3491 4642 3567 4695 Οὑ
3594 4641 3756 4695 δοκεῖ

2167 4764 2249 4800 σοι
2291 4749 2325 4818 ἡ
2364 4745 2510 4817 ψυχὴ
2543 4743 2679 4809 ζῶον
2720 4738 2890 4808 εἶναι,
2934 4741 3120 4809 Ἀνόμ.
3152 4737 3264 4790 Καὶ
3290 4735 3453 4789 πάνυ.
3488 4735 3605 4787 Καὶ
3636 4734 3753 4806 γὰρ

2164 4839 2258 4892 καὶ
2289 4836 2518 4906 ἄγγελος
2552 4832 2688 4898 ζῶόν
2714 4834 2851 4895 ἐστι,
2882 4832 2977 4885 καὶ
3012 4830 3188 4885 πάντα
3216 4828 3285 4881 τὰ
3311 4826 3628 4896 πνεύματω
3658 4827 3754 4881 διὰ

2163 4925 2274 4997 γὰρ
2293 4924 2452 4978 τοῦτο
2463 4921 2638 4977 καὶτὰ
2654 4922 2897 4992 σεραφὶμ
2911 4918 3025 4983 ζῶα
3048 4918 3314 4985 λέγονται·
3331 4915 3446 4977 καὶ,
3465 4932 3486 4964 ι
3509 4913 3568 4967 ’0
3580 4912 3749 4979 Θεὸς,

2163 5020 2221 5072 ὲν
2243 5018 2392 5090 μέσῳ
2408 5016 2502 5070 δύο
2521 5015 2673 5080 ζώων
2692 5013 2999 5085 γνωσθήσῃ,
3025 5031 3043 5062 ι
3070 5009 3394 5090 γέγραπται.
3432 5006 3580 5073 Ὁρθ.
3620 5007 3753 5060 Ἐὰν

2162 5106 2256 5164 οῦν
2283 5110 2420 5183 λέγῃ
2445 5110 2475 5162 6
2487 5107 2636 5170 Θεός’
2650 5125 2669 5157 ι
2683 5104 2926 5170 Ἀνοιξον
2939 5104 3000 5157 τὸ
3016 5102 3190 5173 στόμα
3217 5118 3331 5164 σου,
3349 5099 3444 5153 καὶ
3463 5097 3751 5169 πληρὼσω

2164 5201 2318 5265 αὑτὸ,
2345 5220 2363 5252 ι
2396 5201 2550 5253 ποῖον
2569 5197 2717 5265 λέγει
2748 5195 2951 5267 στόμα;
2984 5192 3111 5249 Ἐὰν
3135 5191 3192 5246 δὲ
3212 5193 3241 5244 ὁ
3260 5189 3424 5244 Δασὶδ
3450 5190 3511 5242 ἐν
3534 5187 3617 5258 τῷ
3637 5196 3749 5261 ριη’

2162 5294 2384 5366 ψαλμιῖν
2422 5310 2442 5350 ι
2468 5291 2542 5345 Τδ
2568 5290 2745 5361 στόμα
2772 5305 2875 5360 μου
2900 5286 3106 5358 ἧνοιξα,
3133 5279 3358 5338 εἵλκυσα
3380 5280 3635 5351 Πνεῦμα,
3659 5280 3746 5335 ότι

567 5466 611 5498 ³⁷
650 5465 849 5524 Cenes.
883 5484 955 5537 IV,
989 5468 1074 5535 14.
1152 5469 1195 5502 ⁸³
1233 5468 1434 5527 Habac.
1473 5487 1555 5540 ιιι,
1602 5471 1658 5528 2.
1735 5473 1778 5506 ¹⁹
1818 5471 1965 5530 Psal.
2001 5489 2181 5545 un,
2213 5474 2303 5530 ll.

592 5648 681 5713 81)
718 5648 1022 5711 Palatinus,
1048 5651 1182 5704 ἀλλὰ
1207 5653 1298 5705 καὶ
1326 5653 1465 5707 κατὰ
1488 5654 1595 5708 τόν.
1696 5660 1699 5663 ’

593 5715 682 5780 82)
723 5717 1031 5784 Mss.,‘Alt).’
1061 5721 1134 5784 ὼς
1165 5722 1291 5775 ἄλλο
1316 5739 1385 5776 τι.

2234 5653 2346 5725 (83)
2388 5651 2611 5726 Regius,
2632 5648 2803 5705 Palat.
2840 5655 2892 5704 et
2913 5637 3501 5715 Ρειοκω.,αἰσθητῶνο
