  <div class='ocr_page' id='page_1' title='image "/cluster/home/n/w/nwhite01/storage/ocr_20150623/28/nnc1.0046978690/626.png"; bbox 0 0 3862 6204; ppageno 0'>
   <div class='ocr_carea' id='block_1_1' title="bbox 218 329 352 394">
    <p class='ocr_par' dir='ltr' id='par_1_1' title="bbox 218 329 352 394">
     <span class='ocr_line' id='line_1_1' title="bbox 218 329 352 394; baseline -0.075 0"><span class='ocrx_word' id='word_1_1' title='bbox 218 329 352 394; x_wconf 62' lang='grc'><strong>1149</strong></span> 
     </span>
    </p>
   </div>
   <div class='ocr_carea' id='block_1_2' title="bbox 1193 324 2463 385">
    <p class='ocr_par' dir='ltr' id='par_1_2' title="bbox 1193 324 2463 385">
     <span class='ocr_line' id='line_1_2' title="bbox 1193 324 2463 385; baseline 0.005 -8"><span class='ocrx_word' id='word_1_2' title='bbox 1193 325 1281 378; x_wconf 84' lang='lat' dir='ltr'><strong>DE</strong></span> <span class='ocrx_word' id='word_1_3' title='bbox 1322 324 1589 379; x_wconf 76' lang='lat' dir='ltr'><strong>SANCTA</strong></span> <span class='ocrx_word' id='word_1_4' title='bbox 1632 325 2003 378; x_wconf 79' lang='lat' dir='ltr'><strong>TRINITATE</strong></span> <span class='ocrx_word' id='word_1_5' title='bbox 2041 325 2386 385; x_wconf 82' lang='lat' dir='ltr'><strong>DlALOGUS</strong></span> <span class='ocrx_word' id='word_1_6' title='bbox 2422 329 2463 384; x_wconf 88' lang='grc' dir='ltr'><strong>Ι.</strong></span> 
     </span>
    </p>
   </div>
   <div class='ocr_carea' id='block_1_3' title="bbox 3316 330 3455 386">
    <p class='ocr_par' dir='ltr' id='par_1_3' title="bbox 3316 330 3455 386">
     <span class='ocr_line' id='line_1_3' title="bbox 3316 330 3455 386; baseline 0.022 -4"><span class='ocrx_word' id='word_1_7' title='bbox 3316 330 3455 386; x_wconf 67' lang='grc'><strong>11⁸50</strong></span> 
     </span>
    </p>
   </div>
   <div class='ocr_carea' id='block_1_4' title="bbox 216 441 1775 514">
    <p class='ocr_par' dir='ltr' id='par_1_4' title="bbox 216 441 1775 512">
     <span class='ocr_line' id='line_1_4' title="bbox 216 441 1775 512; baseline -0.006 -11"><span class='ocrx_word' id='word_1_8' title='bbox 216 447 316 512; x_wconf 78' lang='grc' dir='ltr'>τὰς</span> <span class='ocrx_word' id='word_1_9' title='bbox 357 460 572 506; x_wconf 75' lang='grc' dir='ltr'>εντοΑας</span> <span class='ocrx_word' id='word_1_10' title='bbox 609 459 700 495; x_wconf 90' lang='grc' dir='ltr'><strong>σου</strong></span> <span class='ocrx_word' id='word_1_11' title='bbox 733 456 1094 512; x_wconf 77' lang='grc' dir='ltr'>ῃρετισαμην,</span> <span class='ocrx_word' id='word_1_12' title='bbox 1134 461 1150 491; x_wconf 75' lang='grc' dir='ltr'><strong>ι</strong></span> <span class='ocrx_word' id='word_1_13' title='bbox 1187 445 1336 493; x_wconf 86' lang='grc' dir='ltr'>ποῖον</span> <span class='ocrx_word' id='word_1_14' title='bbox 1381 441 1527 508; x_wconf 83' lang='grc' dir='ltr'>λέγει</span> <span class='ocrx_word' id='word_1_15' title='bbox 1572 441 1775 510; x_wconf 85' lang='grc' dir='ltr'>στόμα;</span> 
     </span>
    </p>
   </div>
   <div class='ocr_carea' id='block_1_5' title="bbox 1882 441 3454 514">
    <p class='ocr_par' dir='ltr' id='par_1_5' title="bbox 1887 443 3454 514">
     <span class='ocr_line' id='line_1_5' title="bbox 1887 443 3454 514; baseline 0.004 -22"><span class='ocrx_word' id='word_1_16' title='bbox 1887 443 2096 510; x_wconf 84' lang='lat' dir='ltr'><strong>aperui,</strong></span> <span class='ocrx_word' id='word_1_17' title='bbox 2133 452 2184 498; x_wconf 89' lang='lat' dir='ltr'><strong>et</strong></span> <span class='ocrx_word' id='word_1_18' title='bbox 2219 445 2420 498; x_wconf 79' lang='lat' dir='ltr'><strong>attraxi</strong></span> <span class='ocrx_word' id='word_1_19' title='bbox 2466 443 2750 514; x_wconf 72' lang='lat' dir='ltr'><strong>Spiritum,</strong></span> <span class='ocrx_word' id='word_1_20' title='bbox 2793 445 3049 513; x_wconf 86' lang='lat' dir='ltr'><strong>quoniam</strong></span> <span class='ocrx_word' id='word_1_21' title='bbox 3083 445 3333 498; x_wconf 89' lang='lat' dir='ltr'><strong>mandata</strong></span> <span class='ocrx_word' id='word_1_22' title='bbox 3358 453 3454 499; x_wconf 89' lang='lat' dir='ltr'><strong>tua</strong></span> 
     </span>
    </p>
   </div>
   <div class='ocr_carea' id='block_1_6' title="bbox 230 532 1778 607">
    <p class='ocr_par' dir='ltr' id='par_1_6' title="bbox 230 532 1778 607">
     <span class='ocr_line' id='line_1_6' title="bbox 230 532 1778 607; baseline -0.005 -15"><span class='ocrx_word' id='word_1_23' title='bbox 230 537 354 592; x_wconf 77' lang='grc' dir='ltr'><strong>Ἐὰν</strong></span> <span class='ocrx_word' id='word_1_24' title='bbox 381 537 436 589; x_wconf 88' lang='grc' dir='ltr'>δὲ</span> <span class='ocrx_word' id='word_1_25' title='bbox 464 535 649 607; x_wconf 68' lang='grc' dir='ltr'>λέγῃὸ</span> <span class='ocrx_word' id='word_1_26' title='bbox 683 532 819 586; x_wconf 72' lang='grc' dir='ltr'><strong>Ἰὡὸο</strong></span> <span class='ocrx_word' id='word_1_27' title='bbox 860 552 877 584; x_wconf 73' lang='grc' dir='ltr'><strong>ι</strong></span> <span class='ocrx_word' id='word_1_28' title='bbox 922 533 1194 602; x_wconf 86' lang='grc' dir='ltr'>Ἀληθινὸν</span> <span class='ocrx_word' id='word_1_29' title='bbox 1222 533 1277 584; x_wconf 86' lang='grc' dir='ltr'><strong>δὲ</strong></span> <span class='ocrx_word' id='word_1_30' title='bbox 1311 533 1484 602; x_wconf 83' lang='grc' dir='ltr'>στόμα</span> <span class='ocrx_word' id='word_1_31' title='bbox 1511 533 1778 602; x_wconf 77' lang='grc' dir='ltr'><strong>ἐμπλήσει</strong></span> 
     </span>
    </p>
   </div>
   <div class='ocr_carea' id='block_1_7' title="bbox 216 623 1779 695">
    <p class='ocr_par' dir='ltr' id='par_1_7' title="bbox 216 623 1779 695">
     <span class='ocr_line' id='line_1_7' title="bbox 216 623 1779 695; baseline -0.003 -16"><span class='ocrx_word' id='word_1_32' title='bbox 216 627 467 695; x_wconf 78' lang='grc' dir='ltr'>γέλωτος,</span> <span class='ocrx_word' id='word_1_33' title='bbox 500 645 517 676; x_wconf 76' lang='grc' dir='ltr'><strong>ι</strong></span> <span class='ocrx_word' id='word_1_34' title='bbox 553 627 702 677; x_wconf 82' lang='grc' dir='ltr'>ποῖον</span> <span class='ocrx_word' id='word_1_35' title='bbox 731 625 877 692; x_wconf 81' lang='grc' dir='ltr'><strong>λέγει</strong></span> <span class='ocrx_word' id='word_1_36' title='bbox 911 623 1115 694; x_wconf 86' lang='grc' dir='ltr'>στόμα;</span> <span class='ocrx_word' id='word_1_37' title='bbox 1146 623 1288 692; x_wconf 81' lang='grc' dir='ltr'>Ποίῳ</span> <span class='ocrx_word' id='word_1_38' title='bbox 1316 623 1373 675; x_wconf 81' lang='grc' dir='ltr'>δὲ</span> <span class='ocrx_word' id='word_1_39' title='bbox 1403 623 1629 692; x_wconf 87' lang='grc' dir='ltr'>στόματι</span> <span class='ocrx_word' id='word_1_40' title='bbox 1653 623 1779 674; x_wconf 77' lang='grc' dir='ltr'>ἐϐόα</span> 
     </span>
    </p>
   </div>
   <div class='ocr_carea' id='block_1_8' title="bbox 219 714 1780 790">
    <p class='ocr_par' dir='ltr' id='par_1_8' title="bbox 219 714 1780 790">
     <span class='ocr_line' id='line_1_8' title="bbox 219 714 1780 790; baseline -0.006 -17"><span class='ocrx_word' id='word_1_41' title='bbox 219 719 422 790; x_wconf 72' lang='grc' dir='ltr'>Μωσῆς</span> <span class='ocrx_word' id='word_1_42' title='bbox 461 717 704 771; x_wconf 57' lang='grc' dir='ltr'>ἀκούων</span> <span class='ocrx_word' id='word_1_43' title='bbox 750 735 768 768; x_wconf 75' lang='grc' dir='ltr'><strong>ι</strong></span> <span class='ocrx_word' id='word_1_44' title='bbox 809 718 872 769; x_wconf 95' lang='grc' dir='ltr'>Τί</span> <span class='ocrx_word' id='word_1_45' title='bbox 906 717 1033 787; x_wconf 77' lang='grc' dir='ltr'>βοᾷς</span> <span class='ocrx_word' id='word_1_46' title='bbox 1075 715 1210 785; x_wconf 86' lang='grc' dir='ltr'>πρὸς</span> <span class='ocrx_word' id='word_1_47' title='bbox 1247 715 1346 784; x_wconf 87' lang='grc' dir='ltr'>μέ;</span> <span class='ocrx_word' id='word_1_48' title='bbox 1402 734 1420 765; x_wconf 71' lang='grc' dir='ltr'><strong>ι</strong></span> <span class='ocrx_word' id='word_1_49' title='bbox 1451 715 1546 776; x_wconf 87' lang='grc' dir='ltr'>Τίς</span> <span class='ocrx_word' id='word_1_50' title='bbox 1587 714 1643 766; x_wconf 83' lang='grc' dir='ltr'>δὲ</span> <span class='ocrx_word' id='word_1_51' title='bbox 1682 714 1780 765; x_wconf 80' lang='grc' dir='ltr'><strong>οὐκ</strong></span> 
     </span>
    </p>
   </div>
   <div class='ocr_carea' id='block_1_9' title="bbox 216 803 1780 872">
    <p class='ocr_par' dir='ltr' id='par_1_9' title="bbox 216 803 1780 872">
     <span class='ocr_line' id='line_1_9' title="bbox 216 803 1780 872; baseline -0.006 -10"><span class='ocrx_word' id='word_1_52' title='bbox 216 807 376 872; x_wconf 78' lang='grc' dir='ltr'>οἶδεν,</span> <span class='ocrx_word' id='word_1_53' title='bbox 410 809 491 860; x_wconf 83' lang='grc' dir='ltr'>ὅτι</span> <span class='ocrx_word' id='word_1_54' title='bbox 523 807 615 860; x_wconf 76' lang='grc' dir='ltr'><strong>καὶ</strong></span> <span class='ocrx_word' id='word_1_55' title='bbox 642 805 966 858; x_wconf 85' lang='grc' dir='ltr'><strong>σιωπώντων</strong></span> <span class='ocrx_word' id='word_1_56' title='bbox 1005 804 1189 857; x_wconf 78' lang='grc' dir='ltr'>ἀκούει</span> <span class='ocrx_word' id='word_1_57' title='bbox 1220 806 1247 856; x_wconf 93' lang='lat'><strong>6</strong></span> <span class='ocrx_word' id='word_1_58' title='bbox 1275 803 1426 866; x_wconf 88' lang='grc' dir='ltr'>Θεὸς,</span> <span class='ocrx_word' id='word_1_59' title='bbox 1459 805 1780 871; x_wconf 79' lang='grc' dir='ltr'>στεναγμοῖς</span> 
     </span>
    </p>
   </div>
   <div class='ocr_carea' id='block_1_10' title="bbox 218 895 1778 970">
    <p class='ocr_par' dir='ltr' id='par_1_10' title="bbox 218 895 1778 970">
     <span class='ocr_line' id='line_1_10' title="bbox 218 895 1778 970; baseline -0.006 -16"><span class='ocrx_word' id='word_1_60' title='bbox 218 900 501 970; x_wconf 75' lang='grc' dir='ltr'><strong>ἀλαλήτοις</strong></span> <span class='ocrx_word' id='word_1_61' title='bbox 550 898 828 968; x_wconf 86' lang='grc' dir='ltr'>βοώντων;</span> <span class='ocrx_word' id='word_1_62' title='bbox 873 896 1037 950; x_wconf 86' lang='grc' dir='ltr'>Ποίαν</span> <span class='ocrx_word' id='word_1_63' title='bbox 1081 896 1137 948; x_wconf 81' lang='grc' dir='ltr'><strong>δὲ</strong></span> <span class='ocrx_word' id='word_1_64' title='bbox 1171 896 1407 965; x_wconf 79' lang='grc' dir='ltr'>γαστέρα</span> <span class='ocrx_word' id='word_1_65' title='bbox 1435 898 1463 947; x_wconf 98' lang='lat'><strong>6</strong></span> <span class='ocrx_word' id='word_1_66' title='bbox 1494 895 1778 964; x_wconf 80' lang='grc' dir='ltr'><strong>προφήτης</strong></span> 
     </span>
    </p>
   </div>
   <div class='ocr_carea' id='block_1_11' title="bbox 216 987 1780 1058">
    <p class='ocr_par' dir='ltr' id='par_1_11' title="bbox 216 987 1780 1058">
     <span class='ocr_line' id='line_1_11' title="bbox 216 987 1780 1058; baseline -0.001 -16"><span class='ocrx_word' id='word_1_67' title='bbox 216 990 385 1058; x_wconf 83' lang='grc' dir='ltr'>λέγει·</span> <span class='ocrx_word' id='word_1_68' title='bbox 421 1008 442 1042; x_wconf 82' lang='grc'><strong>‹</strong></span> <span class='ocrx_word' id='word_1_69' title='bbox 485 989 616 1044; x_wconf 86' lang='grc' dir='ltr'><strong>Ἀπὸ</strong></span> <span class='ocrx_word' id='word_1_70' title='bbox 649 987 742 1042; x_wconf 87' lang='grc' dir='ltr'><strong>τοῦ</strong></span> <span class='ocrx_word' id='word_1_71' title='bbox 771 989 933 1057; x_wconf 81' lang='grc' dir='ltr'>φόϐου</span> <span class='ocrx_word' id='word_1_72' title='bbox 972 1006 1085 1049; x_wconf 89' lang='grc' dir='ltr'>σου,</span> <span class='ocrx_word' id='word_1_73' title='bbox 1117 989 1309 1058; x_wconf 83' lang='grc' dir='ltr'>Κύριε,</span> <span class='ocrx_word' id='word_1_74' title='bbox 1346 991 1403 1041; x_wconf 84' lang='grc' dir='ltr'><strong>ὲν</strong></span> <span class='ocrx_word' id='word_1_75' title='bbox 1439 987 1636 1058; x_wconf 77' lang='grc' dir='ltr'>γαστρὶ</span> <span class='ocrx_word' id='word_1_76' title='bbox 1660 987 1780 1040; x_wconf 83' lang='grc' dir='ltr'>ἐλά-</span> 
     </span>
    </p>
   </div>
   <div class='ocr_carea' id='block_1_12' title="bbox 217 1078 1778 1150">
    <p class='ocr_par' dir='ltr' id='par_1_12' title="bbox 217 1078 1778 1150">
     <span class='ocr_line' id='line_1_12' title="bbox 217 1078 1778 1150; baseline -0.002 -18"><span class='ocrx_word' id='word_1_77' title='bbox 217 1081 404 1150; x_wconf 71' lang='grc' dir='ltr'>θομεν,</span> <span class='ocrx_word' id='word_1_78' title='bbox 433 1080 528 1132; x_wconf 74' lang='grc' dir='ltr'><strong>καὶ</strong></span> <span class='ocrx_word' id='word_1_79' title='bbox 553 1079 909 1150; x_wconf 83' lang='grc' dir='ltr'>ὼδινήσαμεν,</span> <span class='ocrx_word' id='word_1_80' title='bbox 941 1080 1034 1132; x_wconf 79' lang='grc' dir='ltr'><strong>καὶ</strong></span> <span class='ocrx_word' id='word_1_81' title='bbox 1066 1080 1324 1148; x_wconf 86' lang='grc' dir='ltr'>ὲτέκομεν</span> <span class='ocrx_word' id='word_1_82' title='bbox 1347 1078 1565 1148; x_wconf 82' lang='grc' dir='ltr'>πνεῦμα</span> <span class='ocrx_word' id='word_1_83' title='bbox 1606 1095 1778 1148; x_wconf 88' lang='grc' dir='ltr'>σωτη-</span> 
     </span>
    </p>
   </div>
   <div class='ocr_carea' id='block_1_13' title="bbox 219 1166 1778 1246">
    <p class='ocr_par' dir='ltr' id='par_1_13' title="bbox 219 1166 1778 1246">
     <span class='ocr_line' id='line_1_13' title="bbox 219 1166 1778 1246; baseline 0 -24"><span class='ocrx_word' id='word_1_84' title='bbox 219 1172 338 1246; x_wconf 79' lang='grc' dir='ltr'>ρίας</span> <span class='ocrx_word' id='word_1_85' title='bbox 371 1172 462 1223; x_wconf 75' lang='grc' dir='ltr'>ἐπὶ</span> <span class='ocrx_word' id='word_1_86' title='bbox 483 1170 584 1240; x_wconf 81' lang='grc' dir='ltr'>τῆς</span> <span class='ocrx_word' id='word_1_87' title='bbox 610 1170 745 1239; x_wconf 83' lang='grc' dir='ltr'><strong>γῆς;</strong></span> <span class='ocrx_word' id='word_1_88' title='bbox 773 1191 792 1222; x_wconf 70' lang='grc' dir='ltr'><strong>ι</strong></span> <span class='ocrx_word' id='word_1_89' title='bbox 820 1171 1029 1242; x_wconf 83' lang='grc' dir='ltr'>Ὥσπερ</span> <span class='ocrx_word' id='word_1_90' title='bbox 1054 1166 1145 1223; x_wconf 81' lang='grc' dir='ltr'><strong>οῦν</strong></span> <span class='ocrx_word' id='word_1_91' title='bbox 1175 1173 1208 1240; x_wconf 90' lang='grc' dir='ltr'><strong>ή</strong></span> <span class='ocrx_word' id='word_1_92' title='bbox 1240 1170 1380 1240; x_wconf 77' lang='grc' dir='ltr'>ψυχὴ</span> <span class='ocrx_word' id='word_1_93' title='bbox 1414 1170 1507 1222; x_wconf 79' lang='grc' dir='ltr'><strong>καὶ</strong></span> <span class='ocrx_word' id='word_1_94' title='bbox 1536 1170 1778 1240; x_wconf 79' lang='grc' dir='ltr'>γαστέρα</span> 
     </span>
    </p>
   </div>
   <div class='ocr_carea' id='block_1_14' title="bbox 216 1256 1773 1332">
    <p class='ocr_par' dir='ltr' id='par_1_14' title="bbox 216 1256 1773 1332">
     <span class='ocr_line' id='line_1_14' title="bbox 216 1256 1773 1332; baseline -0.001 -18"><span class='ocrx_word' id='word_1_95' title='bbox 216 1263 358 1332; x_wconf 84' lang='grc' dir='ltr'>ἔχειν</span> <span class='ocrx_word' id='word_1_96' title='bbox 395 1263 626 1330; x_wconf 89' lang='grc' dir='ltr'>λέγεται,</span> <span class='ocrx_word' id='word_1_97' title='bbox 664 1263 758 1314; x_wconf 76' lang='grc' dir='ltr'><strong>καὶ</strong></span> <span class='ocrx_word' id='word_1_98' title='bbox 786 1262 980 1331; x_wconf 87' lang='grc' dir='ltr'>στόμα,</span> <span class='ocrx_word' id='word_1_99' title='bbox 1015 1263 1108 1327; x_wconf 77' lang='grc' dir='ltr'><strong>καὶ</strong></span> <span class='ocrx_word' id='word_1_100' title='bbox 1135 1262 1462 1332; x_wconf 74' lang='grc' dir='ltr'>ὀφθαλμοὺς,</span> <span class='ocrx_word' id='word_1_101' title='bbox 1508 1263 1600 1314; x_wconf 77' lang='grc' dir='ltr'><strong>καὶ</strong></span> <span class='ocrx_word' id='word_1_102' title='bbox 1641 1256 1773 1326; x_wconf 80' lang='grc' dir='ltr'>ὦτα,</span> 
     </span>
    </p>
   </div>
   <div class='ocr_carea' id='block_1_15' title="bbox 215 1350 1772 1423">
    <p class='ocr_par' dir='ltr' id='par_1_15' title="bbox 215 1350 1772 1423">
     <span class='ocr_line' id='line_1_15' title="bbox 215 1350 1772 1423; baseline -0.003 -17"><span class='ocrx_word' id='word_1_103' title='bbox 215 1355 309 1406; x_wconf 72' lang='grc' dir='ltr'><strong>καὶ</strong></span> <span class='ocrx_word' id='word_1_104' title='bbox 337 1353 514 1407; x_wconf 83' lang='grc' dir='ltr'>πάντα</span> <span class='ocrx_word' id='word_1_105' title='bbox 551 1353 620 1405; x_wconf 81' lang='grc' dir='ltr'>τὰ</span> <span class='ocrx_word' id='word_1_106' title='bbox 655 1352 790 1406; x_wconf 78' lang='grc' dir='ltr'>ἄλλα</span> <span class='ocrx_word' id='word_1_107' title='bbox 831 1353 963 1423; x_wconf 83' lang='grc' dir='ltr'>μέλη</span> <span class='ocrx_word' id='word_1_108' title='bbox 992 1351 1086 1406; x_wconf 90' lang='grc' dir='ltr'><strong>τοῦ</strong></span> <span class='ocrx_word' id='word_1_109' title='bbox 1122 1351 1390 1421; x_wconf 83' lang='grc' dir='ltr'>σώματος,</span> <span class='ocrx_word' id='word_1_110' title='bbox 1424 1353 1518 1404; x_wconf 75' lang='grc' dir='ltr'><strong>καὶ</strong></span> <span class='ocrx_word' id='word_1_111' title='bbox 1549 1353 1608 1404; x_wconf 84' lang='grc' dir='ltr'><strong>οὐ</strong></span> <span class='ocrx_word' id='word_1_112' title='bbox 1642 1350 1772 1419; x_wconf 85' lang='grc' dir='ltr'>σύγ-</span> 
     </span>
    </p>
   </div>
   <div class='ocr_carea' id='block_1_16' title="bbox 215 1441 1775 1515">
    <p class='ocr_par' dir='ltr' id='par_1_16' title="bbox 215 1441 1775 1515">
     <span class='ocr_line' id='line_1_16' title="bbox 215 1441 1775 1515; baseline -0.002 -19"><span class='ocrx_word' id='word_1_113' title='bbox 215 1460 392 1510; x_wconf 74' lang='grc' dir='ltr'>κειται</span> <span class='ocrx_word' id='word_1_114' title='bbox 422 1445 486 1496; x_wconf 81' lang='grc' dir='ltr'>ὲκ</span> <span class='ocrx_word' id='word_1_115' title='bbox 519 1443 713 1513; x_wconf 86' lang='grc' dir='ltr'>μελῶν·</span> <span class='ocrx_word' id='word_1_116' title='bbox 745 1442 934 1506; x_wconf 82' lang='grc' dir='ltr'>οὓτως,</span> <span class='ocrx_word' id='word_1_117' title='bbox 962 1445 1084 1496; x_wconf 82' lang='grc' dir='ltr'>ὅταν</span> <span class='ocrx_word' id='word_1_118' title='bbox 1114 1443 1351 1515; x_wconf 78' lang='grc' dir='ltr'>ἀκούσῃς</span> <span class='ocrx_word' id='word_1_119' title='bbox 1384 1443 1474 1495; x_wconf 76' lang='grc' dir='ltr'><strong>ἐπὶ</strong></span> <span class='ocrx_word' id='word_1_120' title='bbox 1501 1442 1656 1507; x_wconf 86' lang='grc' dir='ltr'>Θεοῦ,</span> <span class='ocrx_word' id='word_1_121' title='bbox 1683 1441 1775 1493; x_wconf 90' lang='grc' dir='ltr'><strong>τοῦ</strong></span> 
     </span>
    </p>
   </div>
   <div class='ocr_carea' id='block_1_17' title="bbox 218 1533 1774 1606">
    <p class='ocr_par' dir='ltr' id='par_1_17' title="bbox 218 1533 1774 1606">
     <span class='ocr_line' id='line_1_17' title="bbox 218 1533 1774 1606; baseline -0.001 -18"><span class='ocrx_word' id='word_1_122' title='bbox 218 1534 436 1605; x_wconf 85' lang='grc' dir='ltr'>ἀληθῶς</span> <span class='ocrx_word' id='word_1_123' title='bbox 469 1534 780 1604; x_wconf 85' lang='grc' dir='ltr'>ἀσωμάτου,</span> <span class='ocrx_word' id='word_1_124' title='bbox 828 1535 1000 1604; x_wconf 86' lang='grc' dir='ltr'>στόμα</span> <span class='ocrx_word' id='word_1_125' title='bbox 1031 1535 1064 1605; x_wconf 80' lang='grc' dir='ltr'>ἢ</span> <span class='ocrx_word' id='word_1_126' title='bbox 1096 1535 1355 1606; x_wconf 79' lang='grc' dir='ltr'>γαστέρα,</span> <span class='ocrx_word' id='word_1_127' title='bbox 1406 1534 1479 1604; x_wconf 86' lang='grc' dir='ltr'>μὴ</span> <span class='ocrx_word' id='word_1_128' title='bbox 1531 1533 1774 1586; x_wconf 87' lang='grc' dir='ltr'>σύνθεσιν</span> 
     </span>
    </p>
   </div>
   <div class='ocr_carea' id='block_1_18' title="bbox 215 1624 1776 1695">
    <p class='ocr_par' dir='ltr' id='par_1_18' title="bbox 215 1624 1776 1695">
     <span class='ocr_line' id='line_1_18' title="bbox 215 1624 1776 1695; baseline -0.001 -17"><span class='ocrx_word' id='word_1_129' title='bbox 215 1627 346 1688; x_wconf 86' lang='grc' dir='ltr'>νόει,</span> <span class='ocrx_word' id='word_1_130' title='bbox 382 1625 515 1678; x_wconf 84' lang='grc' dir='ltr'>ἀλλὰ</span> <span class='ocrx_word' id='word_1_131' title='bbox 544 1624 783 1695; x_wconf 83' lang='grc' dir='ltr'>γαστέρα</span> <span class='ocrx_word' id='word_1_132' title='bbox 814 1625 874 1676; x_wconf 88' lang='grc' dir='ltr'><strong>τὸ</strong></span> <span class='ocrx_word' id='word_1_133' title='bbox 904 1626 1235 1695; x_wconf 83' lang='grc' dir='ltr'>γεννητικὸν,</span> <span class='ocrx_word' id='word_1_134' title='bbox 1264 1625 1436 1695; x_wconf 87' lang='grc' dir='ltr'>στόμα</span> <span class='ocrx_word' id='word_1_135' title='bbox 1459 1624 1517 1678; x_wconf 92' lang='grc' dir='ltr'><strong>τὸ</strong></span> <span class='ocrx_word' id='word_1_136' title='bbox 1543 1624 1776 1677; x_wconf 88' lang='grc' dir='ltr'>διδακτι-</span> 
     </span>
    </p>
   </div>
   <div class='ocr_carea' id='block_1_19' title="bbox 214 1708 1770 1784">
    <p class='ocr_par' dir='ltr' id='par_1_19' title="bbox 214 1708 1770 1784">
     <span class='ocr_line' id='line_1_19' title="bbox 214 1708 1770 1784; baseline 0.001 -17"><span class='ocrx_word' id='word_1_137' title='bbox 214 1716 331 1782; x_wconf 70' lang='grc' dir='ltr'>κὸν,</span> <span class='ocrx_word' id='word_1_138' title='bbox 355 1714 660 1784; x_wconf 79' lang='grc' dir='ltr'>ὀφθαλμοὺς</span> <span class='ocrx_word' id='word_1_139' title='bbox 687 1714 747 1766; x_wconf 84' lang='grc' dir='ltr'><strong>τὸ</strong></span> <span class='ocrx_word' id='word_1_140' title='bbox 773 1714 1180 1784; x_wconf 85' lang='grc' dir='ltr'>κατανοητικὸν,</span> <span class='ocrx_word' id='word_1_141' title='bbox 1207 1708 1320 1768; x_wconf 76' lang='grc' dir='ltr'>ὦτα</span> <span class='ocrx_word' id='word_1_142' title='bbox 1348 1714 1408 1767; x_wconf 88' lang='grc' dir='ltr'><strong>τὸ</strong></span> <span class='ocrx_word' id='word_1_143' title='bbox 1435 1715 1770 1768; x_wconf 84' lang='grc' dir='ltr'>ἀκουστικόν.</span> 
     </span>
    </p>
   </div>
   <div class='ocr_carea' id='block_1_20' title="bbox 212 1787 1850 1876">
    <p class='ocr_par' dir='ltr' id='par_1_20' title="bbox 212 1787 1850 1876">
     <span class='ocr_line' id='line_1_20' title="bbox 212 1787 1850 1876; baseline -0.001 -18"><span class='ocrx_word' id='word_1_144' title='bbox 212 1807 323 1860; x_wconf 76' lang='grc' dir='ltr'>Καὶ</span> <span class='ocrx_word' id='word_1_145' title='bbox 354 1805 442 1859; x_wconf 82' lang='grc' dir='ltr'>διὰ</span> <span class='ocrx_word' id='word_1_146' title='bbox 471 1804 626 1862; x_wconf 86' lang='grc' dir='ltr'>τοῦτο</span> <span class='ocrx_word' id='word_1_147' title='bbox 653 1807 717 1858; x_wconf 81' lang='grc' dir='ltr'><strong>ὲκ</strong></span> <span class='ocrx_word' id='word_1_148' title='bbox 742 1805 978 1875; x_wconf 89' lang='grc' dir='ltr'>γαστρὸς</span> <span class='ocrx_word' id='word_1_149' title='bbox 1007 1805 1216 1876; x_wconf 77' lang='grc' dir='ltr'>εἴρηται</span> <span class='ocrx_word' id='word_1_150' title='bbox 1244 1808 1272 1857; x_wconf 91' lang='grc' dir='ltr'>ὁ</span> <span class='ocrx_word' id='word_1_151' title='bbox 1306 1806 1454 1868; x_wconf 83' lang='grc' dir='ltr'>Υἱὸς,</span> <span class='ocrx_word' id='word_1_152' title='bbox 1485 1805 1668 1876; x_wconf 76' lang='grc' dir='ltr'>ἐπειδὴ</span> <span class='ocrx_word' id='word_1_153' title='bbox 1693 1822 1778 1872; x_wconf 82' lang='grc' dir='ltr'>γε·</span> <span class='ocrx_word' id='word_1_154' title='bbox 1807 1787 1850 1840; x_wconf 76' lang='grc' dir='ltr'>Β</span> 
     </span>
    </p>
   </div>
   <div class='ocr_carea' id='block_1_21' title="bbox 211 1893 1772 1964">
    <p class='ocr_par' dir='ltr' id='par_1_21' title="bbox 211 1893 1772 1964">
     <span class='ocr_line' id='line_1_21' title="bbox 211 1893 1772 1964; baseline 0 -18"><span class='ocrx_word' id='word_1_155' title='bbox 211 1893 482 1964; x_wconf 84' lang='grc' dir='ltr'>γέννηται·</span> <span class='ocrx_word' id='word_1_156' title='bbox 508 1895 600 1946; x_wconf 75' lang='grc' dir='ltr'><strong>καὶ</strong></span> <span class='ocrx_word' id='word_1_157' title='bbox 623 1893 708 1946; x_wconf 84' lang='grc' dir='ltr'>διὰ</span> <span class='ocrx_word' id='word_1_158' title='bbox 735 1893 890 1946; x_wconf 88' lang='grc' dir='ltr'>τοῦτο</span> <span class='ocrx_word' id='word_1_159' title='bbox 913 1894 1135 1964; x_wconf 82' lang='grc' dir='ltr'>Πνεῦμα</span> <span class='ocrx_word' id='word_1_160' title='bbox 1158 1895 1418 1963; x_wconf 83' lang='grc' dir='ltr'>στόματος</span> <span class='ocrx_word' id='word_1_161' title='bbox 1445 1895 1505 1946; x_wconf 86' lang='grc' dir='ltr'><strong>τὸ</strong></span> <span class='ocrx_word' id='word_1_162' title='bbox 1531 1893 1772 1964; x_wconf 81' lang='grc' dir='ltr'>Πνεῦμα,</span> 
     </span>
    </p>
   </div>
   <div class='ocr_carea' id='block_1_22' title="bbox 211 1965 1776 2056">
    <p class='ocr_par' dir='ltr' id='par_1_22' title="bbox 211 1965 1776 2056">
     <span class='ocr_line' id='line_1_22' title="bbox 211 1965 1776 2056; baseline 0.001 -20"><span class='ocrx_word' id='word_1_163' title='bbox 211 1965 396 2055; x_wconf 64' lang='grc' dir='ltr'>ἐπειδὴ</span> <span class='ocrx_word' id='word_1_164' title='bbox 434 1984 756 2039; x_wconf 86' lang='grc' dir='ltr'>διδακτικόν.</span> <span class='ocrx_word' id='word_1_165' title='bbox 791 1986 898 2038; x_wconf 76' lang='grc' dir='ltr'>Καὶ</span> <span class='ocrx_word' id='word_1_166' title='bbox 927 1985 1114 2056; x_wconf 81' lang='grc' dir='ltr'>ὥσπερ</span> <span class='ocrx_word' id='word_1_167' title='bbox 1143 1986 1202 2038; x_wconf 82' lang='grc' dir='ltr'><strong>οὐ</strong></span> <span class='ocrx_word' id='word_1_168' title='bbox 1233 1984 1412 2053; x_wconf 86' lang='grc' dir='ltr'>λέγεις</span> <span class='ocrx_word' id='word_1_169' title='bbox 1436 1984 1692 2055; x_wconf 88' lang='grc' dir='ltr'>γεννητὸν</span> <span class='ocrx_word' id='word_1_170' title='bbox 1715 1985 1776 2037; x_wconf 87' lang='grc' dir='ltr'><strong>τὸ</strong></span> 
     </span>
    </p>
   </div>
   <div class='ocr_carea' id='block_1_23' title="bbox 210 2074 1775 2148">
    <p class='ocr_par' dir='ltr' id='par_1_23' title="bbox 210 2074 1775 2148">
     <span class='ocr_line' id='line_1_23' title="bbox 210 2074 1775 2148; baseline -0.001 -21"><span class='ocrx_word' id='word_1_171' title='bbox 210 2074 451 2146; x_wconf 82' lang='grc' dir='ltr'>Πνεῦμα,</span> <span class='ocrx_word' id='word_1_172' title='bbox 483 2075 572 2129; x_wconf 81' lang='grc' dir='ltr'><strong>ἵνα</strong></span> <span class='ocrx_word' id='word_1_173' title='bbox 597 2076 670 2148; x_wconf 84' lang='grc' dir='ltr'>μὴ</span> <span class='ocrx_word' id='word_1_174' title='bbox 692 2076 786 2130; x_wconf 85' lang='grc' dir='ltr'><strong>δύο</strong></span> <span class='ocrx_word' id='word_1_175' title='bbox 809 2077 958 2140; x_wconf 81' lang='grc' dir='ltr'>υἱοὺς</span> <span class='ocrx_word' id='word_1_176' title='bbox 986 2075 1174 2146; x_wconf 73' lang='grc' dir='ltr'>εἴπῃς·</span> <span class='ocrx_word' id='word_1_177' title='bbox 1205 2075 1376 2137; x_wconf 79' lang='grc' dir='ltr'>οὕτως</span> <span class='ocrx_word' id='word_1_178' title='bbox 1393 2075 1466 2146; x_wconf 83' lang='grc' dir='ltr'>μὴ</span> <span class='ocrx_word' id='word_1_179' title='bbox 1494 2075 1616 2142; x_wconf 84' lang='grc' dir='ltr'>λέγε</span> <span class='ocrx_word' id='word_1_180' title='bbox 1646 2074 1775 2127; x_wconf 85' lang='grc' dir='ltr'>αὐτὸ</span> 
     </span>
    </p>
   </div>
   <div class='ocr_carea' id='block_1_24' title="bbox 209 2164 1775 2242">
    <p class='ocr_par' dir='ltr' id='par_1_24' title="bbox 209 2164 1775 2242">
     <span class='ocr_line' id='line_1_24' title="bbox 209 2164 1775 2242; baseline 0 -24"><span class='ocrx_word' id='word_1_181' title='bbox 209 2165 455 2242; x_wconf 86' lang='grc' dir='ltr'>γενητὸν,</span> <span class='ocrx_word' id='word_1_182' title='bbox 504 2167 589 2219; x_wconf 79' lang='grc' dir='ltr'><strong>ἵνα</strong></span> <span class='ocrx_word' id='word_1_183' title='bbox 633 2167 706 2238; x_wconf 84' lang='grc' dir='ltr'>μὴ</span> <span class='ocrx_word' id='word_1_184' title='bbox 733 2166 806 2236; x_wconf 70' lang='grc' dir='ltr'><strong>[ἓν</strong></span> <span class='ocrx_word' id='word_1_185' title='bbox 838 2167 946 2221; x_wconf 89' lang='grc' dir='ltr'><strong>τῶν</strong></span> <span class='ocrx_word' id='word_1_186' title='bbox 973 2165 1213 2236; x_wconf 83' lang='grc' dir='ltr'>γενητῶν</span> <span class='ocrx_word' id='word_1_187' title='bbox 1245 2164 1434 2237; x_wconf 77' lang='grc' dir='ltr'>εἴπῃς,</span> <span class='ocrx_word' id='word_1_188' title='bbox 1477 2165 1569 2218; x_wconf 75' lang='grc' dir='ltr'><strong>καὶ</strong></span> <span class='ocrx_word' id='word_1_189' title='bbox 1610 2166 1775 2233; x_wconf 82' lang='grc' dir='ltr'>ἀναγ-</span> 
     </span>
    </p>
   </div>
   <div class='ocr_carea' id='block_1_25' title="bbox 208 2257 1773 2328">
    <p class='ocr_par' dir='ltr' id='par_1_25' title="bbox 208 2257 1773 2328">
     <span class='ocr_line' id='line_1_25' title="bbox 208 2257 1773 2328; baseline -0.003 -16"><span class='ocrx_word' id='word_1_190' title='bbox 208 2257 414 2328; x_wconf 81' lang='grc' dir='ltr'>κασθῇς</span> <span class='ocrx_word' id='word_1_191' title='bbox 440 2258 533 2311; x_wconf 77' lang='grc' dir='ltr'><strong>καὶ</strong></span> <span class='ocrx_word' id='word_1_192' title='bbox 557 2258 740 2311; x_wconf 88' lang='grc' dir='ltr'>δοῦλον</span> <span class='ocrx_word' id='word_1_193' title='bbox 767 2259 937 2311; x_wconf 83' lang='grc' dir='ltr'>εἰπεῖν</span> <span class='ocrx_word' id='word_1_194' title='bbox 962 2259 1049 2312; x_wconf 86' lang='grc' dir='ltr'><strong>διὰ</strong></span> <span class='ocrx_word' id='word_1_195' title='bbox 1071 2260 1161 2311; x_wconf 88' lang='grc' dir='ltr'><strong>τὸν</strong></span> <span class='ocrx_word' id='word_1_196' title='bbox 1188 2258 1442 2328; x_wconf 71' lang='grc' dir='ltr'>εἰρηκότα</span> <span class='ocrx_word' id='word_1_197' title='bbox 1461 2258 1773 2328; x_wconf 79' lang='grc' dir='ltr'>Προφήτην,</span> 
     </span>
    </p>
   </div>
   <div class='ocr_carea' id='block_1_26' title="bbox 206 2348 1135 2420">
    <p class='ocr_par' dir='ltr' id='par_1_26' title="bbox 206 2348 1135 2420">
     <span class='ocr_line' id='line_1_26' title="bbox 206 2348 1135 2420; baseline 0.004 -16"><span class='ocrx_word' id='word_1_198' title='bbox 206 2349 290 2417; x_wconf 68' lang='grc' dir='ltr'>ᾃτι</span> <span class='ocrx_word' id='word_1_199' title='bbox 317 2367 337 2399; x_wconf 76' lang='grc' dir='ltr'>ί</span> <span class='ocrx_word' id='word_1_200' title='bbox 368 2348 448 2402; x_wconf 83' lang='grc' dir='ltr'><strong>Τὰ</strong></span> <span class='ocrx_word' id='word_1_201' title='bbox 479 2348 766 2420; x_wconf 79' lang='grc' dir='ltr'>σύμπαντα</span> <span class='ocrx_word' id='word_1_202' title='bbox 798 2349 957 2402; x_wconf 90' lang='grc' dir='ltr'>δοῦλα</span> <span class='ocrx_word' id='word_1_203' title='bbox 989 2350 1076 2404; x_wconf 88' lang='grc' dir='ltr'>σά.</span> <span class='ocrx_word' id='word_1_204' title='bbox 1117 2369 1135 2408; x_wconf 70' lang='lat' dir='ltr'><strong>t</strong></span> 
     </span>
    </p>
   </div>
   <div class='ocr_carea' id='block_1_27' title="bbox 276 2632 1773 2708">
    <p class='ocr_par' dir='ltr' id='par_1_27' title="bbox 276 2632 1773 2708">
     <span class='ocr_line' id='line_1_27' title="bbox 276 2632 1773 2708; baseline -0.003 -18"><span class='ocrx_word' id='word_1_205' title='bbox 276 2636 367 2690; x_wconf 72' lang='grc'><strong>22.</strong></span> <span class='ocrx_word' id='word_1_206' title='bbox 413 2637 601 2708; x_wconf 82' lang='grc' dir='ltr'>Ἀνόμ.</span> <span class='ocrx_word' id='word_1_207' title='bbox 633 2632 800 2692; x_wconf 69' lang='grc' dir='ltr'>Εἶπον</span> <span class='ocrx_word' id='word_1_208' title='bbox 830 2636 924 2689; x_wconf 71' lang='grc' dir='ltr'><strong>καὶ</strong></span> <span class='ocrx_word' id='word_1_209' title='bbox 973 2637 1030 2688; x_wconf 83' lang='grc' dir='ltr'><strong>ὲν</strong></span> <span class='ocrx_word' id='word_1_210' title='bbox 1081 2635 1218 2706; x_wconf 83' lang='grc' dir='ltr'>ἀρχῇ</span> <span class='ocrx_word' id='word_1_211' title='bbox 1261 2633 1354 2686; x_wconf 88' lang='grc' dir='ltr'><strong>τοῦ</strong></span> <span class='ocrx_word' id='word_1_212' title='bbox 1405 2633 1586 2701; x_wconf 85' lang='grc' dir='ltr'>λόγου,</span> <span class='ocrx_word' id='word_1_213' title='bbox 1641 2635 1773 2704; x_wconf 77' lang='grc' dir='ltr'>παρ’</span> 
     </span>
    </p>
   </div>
   <div class='ocr_carea' id='block_1_28' title="bbox 205 2723 1768 2796">
    <p class='ocr_par' dir='ltr' id='par_1_28' title="bbox 205 2723 1768 2796">
     <span class='ocr_line' id='line_1_28' title="bbox 205 2723 1768 2796; baseline -0.003 -18"><span class='ocrx_word' id='word_1_214' title='bbox 205 2727 386 2794; x_wconf 79' lang='grc' dir='ltr'>ὀλίγον</span> <span class='ocrx_word' id='word_1_215' title='bbox 418 2743 484 2796; x_wconf 88' lang='grc' dir='ltr'><strong>με</strong></span> <span class='ocrx_word' id='word_1_216' title='bbox 514 2726 718 2788; x_wconf 86' lang='grc' dir='ltr'>πείθεις</span> <span class='ocrx_word' id='word_1_217' title='bbox 750 2725 1142 2796; x_wconf 85' lang='grc' dir='ltr'>ὁμοουσιαστὴν</span> <span class='ocrx_word' id='word_1_218' title='bbox 1177 2723 1448 2790; x_wconf 86' lang='grc' dir='ltr'>γενέσθαι.</span> <span class='ocrx_word' id='word_1_219' title='bbox 1497 2724 1638 2790; x_wconf 85' lang='grc' dir='ltr'>Ὀρθ.</span> <span class='ocrx_word' id='word_1_220' title='bbox 1671 2723 1768 2774; x_wconf 85' lang='grc' dir='ltr'><strong>Γέ-⁶</strong></span> 
     </span>
    </p>
   </div>
   <div class='ocr_carea' id='block_1_29' title="bbox 203 2816 1771 2890">
    <p class='ocr_par' dir='ltr' id='par_1_29' title="bbox 203 2816 1771 2890">
     <span class='ocr_line' id='line_1_29' title="bbox 203 2816 1771 2890; baseline -0.004 -17"><span class='ocrx_word' id='word_1_221' title='bbox 203 2821 348 2886; x_wconf 75' lang='grc' dir='ltr'>νοιτό</span> <span class='ocrx_word' id='word_1_222' title='bbox 408 2837 468 2876; x_wconf 86' lang='grc' dir='ltr'><strong>σε</strong></span> <span class='ocrx_word' id='word_1_223' title='bbox 514 2821 710 2885; x_wconf 83' lang='grc' dir='ltr'>εἰπεῖν,</span> <span class='ocrx_word' id='word_1_224' title='bbox 750 2819 1072 2890; x_wconf 80' lang='grc' dir='ltr'>Χριστιανὸν</span> <span class='ocrx_word' id='word_1_225' title='bbox 1130 2816 1408 2885; x_wconf 75' lang='grc' dir='ltr'>γενέσθαιῐ</span> <span class='ocrx_word' id='word_1_226' title='bbox 1480 2816 1771 2886; x_wconf 84' lang='grc' dir='ltr'>Γενόμενος</span> 
     </span>
    </p>
   </div>
   <div class='ocr_carea' id='block_1_30' title="bbox 205 2906 1771 2982">
    <p class='ocr_par' dir='ltr' id='par_1_30' title="bbox 205 2906 1771 2982">
     <span class='ocr_line' id='line_1_30' title="bbox 205 2906 1771 2982; baseline -0.004 -17"><span class='ocrx_word' id='word_1_227' title='bbox 205 2912 315 2982; x_wconf 78' lang='grc' dir='ltr'>γὰρ</span> <span class='ocrx_word' id='word_1_228' title='bbox 343 2909 454 2982; x_wconf 68' lang='grc'><strong>(84)</strong></span> <span class='ocrx_word' id='word_1_229' title='bbox 503 2911 846 2982; x_wconf 87' lang='grc' dir='ltr'>Χριστιανὸς,</span> <span class='ocrx_word' id='word_1_230' title='bbox 899 2909 1198 2982; x_wconf 85' lang='grc' dir='ltr'>ὲπιγνώσῃ,</span> <span class='ocrx_word' id='word_1_231' title='bbox 1248 2911 1328 2962; x_wconf 83' lang='grc' dir='ltr'>ὅτι</span> <span class='ocrx_word' id='word_1_232' title='bbox 1377 2908 1656 2978; x_wconf 87' lang='grc' dir='ltr'>ὁμοούσιον</span> <span class='ocrx_word' id='word_1_233' title='bbox 1691 2906 1771 2958; x_wconf 87' lang='grc' dir='ltr'><strong>δεῖ</strong></span> 
     </span>
    </p>
   </div>
   <div class='ocr_carea' id='block_1_31' title="bbox 206 2995 1770 3070">
    <p class='ocr_par' dir='ltr' id='par_1_31' title="bbox 206 2995 1770 3070">
     <span class='ocr_line' id='line_1_31' title="bbox 206 2995 1770 3070; baseline -0.004 -18"><span class='ocrx_word' id='word_1_234' title='bbox 206 3001 385 3067; x_wconf 87' lang='grc' dir='ltr'>λέγειν</span> <span class='ocrx_word' id='word_1_235' title='bbox 415 2999 523 3052; x_wconf 81' lang='grc' dir='ltr'>ἀπὸ</span> <span class='ocrx_word' id='word_1_236' title='bbox 551 3000 658 3052; x_wconf 89' lang='grc' dir='ltr'><strong>τῶν</strong></span> <span class='ocrx_word' id='word_1_237' title='bbox 691 2999 848 3052; x_wconf 85' lang='grc' dir='ltr'>θείων</span> <span class='ocrx_word' id='word_1_238' title='bbox 891 2999 1118 3070; x_wconf 83' lang='grc' dir='ltr'>Γραφῶν</span> <span class='ocrx_word' id='word_1_239' title='bbox 1160 2997 1442 3068; x_wconf 85' lang='grc' dir='ltr'>διδαχθείς.</span> <span class='ocrx_word' id='word_1_240' title='bbox 1491 2997 1631 3048; x_wconf 85' lang='grc' dir='ltr'>Ὅσα</span> <span class='ocrx_word' id='word_1_241' title='bbox 1662 2995 1770 3066; x_wconf 73' lang='grc' dir='ltr'><strong>γὰρ</strong></span> 
     </span>
    </p>
   </div>
   <div class='ocr_carea' id='block_1_32' title="bbox 206 3089 1771 3162">
    <p class='ocr_par' dir='ltr' id='par_1_32' title="bbox 206 3089 1771 3162">
     <span class='ocr_line' id='line_1_32' title="bbox 206 3089 1771 3162; baseline -0.004 -15"><span class='ocrx_word' id='word_1_242' title='bbox 206 3094 317 3158; x_wconf 71' lang='grc' dir='ltr'>ιδιά</span> <span class='ocrx_word' id='word_1_243' title='bbox 360 3095 464 3146; x_wconf 73' lang='grc' dir='ltr'>εἰσι</span> <span class='ocrx_word' id='word_1_244' title='bbox 504 3093 661 3155; x_wconf 87' lang='grc' dir='ltr'>Θεοῦ,</span> <span class='ocrx_word' id='word_1_245' title='bbox 693 3093 865 3146; x_wconf 89' lang='grc' dir='ltr'>ταῦτα</span> <span class='ocrx_word' id='word_1_246' title='bbox 899 3093 1051 3146; x_wconf 75' lang='grc' dir='ltr'>κοινὰ</span> <span class='ocrx_word' id='word_1_247' title='bbox 1085 3094 1318 3162; x_wconf 89' lang='grc' dir='ltr'>Πατρὸς,</span> <span class='ocrx_word' id='word_1_248' title='bbox 1358 3092 1451 3144; x_wconf 74' lang='grc' dir='ltr'><strong>καὶ</strong></span> <span class='ocrx_word' id='word_1_249' title='bbox 1491 3090 1642 3154; x_wconf 82' lang='grc' dir='ltr'>Υἱοῦ,</span> <span class='ocrx_word' id='word_1_250' title='bbox 1677 3089 1771 3142; x_wconf 73' lang='grc' dir='ltr'>καὶ</span> 
     </span>
    </p>
   </div>
   <div class='ocr_carea' id='block_1_33' title="bbox 208 3180 1776 3256">
    <p class='ocr_par' dir='ltr' id='par_1_33' title="bbox 208 3180 1776 3256">
     <span class='ocr_line' id='line_1_33' title="bbox 208 3180 1776 3256; baseline -0.005 -16"><span class='ocrx_word' id='word_1_251' title='bbox 208 3186 364 3254; x_wconf 72' lang='grc' dir='ltr'>ἁγίου</span> <span class='ocrx_word' id='word_1_252' title='bbox 397 3185 728 3256; x_wconf 81' lang='grc' dir='ltr'>Πνεύματος.</span> <span class='ocrx_word' id='word_1_253' title='bbox 772 3186 957 3254; x_wconf 76' lang='grc' dir='ltr'>Ἄνόμ.</span> <span class='ocrx_word' id='word_1_254' title='bbox 987 3184 1111 3247; x_wconf 87' lang='grc' dir='ltr'><strong>Πῶς</strong></span> <span class='ocrx_word' id='word_1_255' title='bbox 1131 3183 1344 3255; x_wconf 72' lang='grc' dir='ltr'>εἴρηται</span> <span class='ocrx_word' id='word_1_256' title='bbox 1365 3181 1513 3253; x_wconf 84' lang='grc' dir='ltr'>παρὰ</span> <span class='ocrx_word' id='word_1_257' title='bbox 1541 3181 1618 3251; x_wconf 82' lang='grc' dir='ltr'>τῷ</span> <span class='ocrx_word' id='word_1_258' title='bbox 1641 3180 1776 3252; x_wconf 78' lang='grc' dir='ltr'>ἁγίῳ</span> 
     </span>
    </p>
   </div>
   <div class='ocr_carea' id='block_1_34' title="bbox 220 3267 1772 3346">
    <p class='ocr_par' dir='ltr' id='par_1_34' title="bbox 220 3267 1772 3346">
     <span class='ocr_line' id='line_1_34' title="bbox 220 3267 1772 3346; baseline -0.006 -17"><span class='ocrx_word' id='word_1_259' title='bbox 220 3275 544 3346; x_wconf 84' lang='grc' dir='ltr'>Ἀποστόλῳ,</span> <span class='ocrx_word' id='word_1_260' title='bbox 562 3276 644 3328; x_wconf 85' lang='grc' dir='ltr'>ὅτι</span> <span class='ocrx_word' id='word_1_261' title='bbox 665 3275 807 3345; x_wconf 84' lang='grc' dir='ltr'>μόνῳ</span> <span class='ocrx_word' id='word_1_262' title='bbox 827 3273 943 3344; x_wconf 81' lang='grc' dir='ltr'>Θεῷ</span> <span class='ocrx_word' id='word_1_263' title='bbox 958 3272 1211 3325; x_wconf 81' lang='grc' dir='ltr'>ἀδύνατόν</span> <span class='ocrx_word' id='word_1_264' title='bbox 1231 3274 1346 3323; x_wconf 78' lang='grc' dir='ltr'>ἐστι</span> <span class='ocrx_word' id='word_1_265' title='bbox 1366 3270 1426 3322; x_wconf 89' lang='grc' dir='ltr'><strong>τὸ</strong></span> <span class='ocrx_word' id='word_1_266' title='bbox 1443 3267 1741 3338; x_wconf 79' lang='grc' dir='ltr'>ψεύσασθαι</span> <span class='ocrx_word' id='word_1_267' title='bbox 1759 3285 1772 3334; x_wconf 92' lang='grc'>;</span> 
     </span>
    </p>
   </div>
   <div class='ocr_carea' id='block_1_35' title="bbox 219 3359 1779 3434">
    <p class='ocr_par' dir='ltr' id='par_1_35' title="bbox 219 3359 1779 3434">
     <span class='ocr_line' id='line_1_35' title="bbox 219 3359 1779 3434; baseline -0.006 -14"><span class='ocrx_word' id='word_1_268' title='bbox 219 3369 363 3434; x_wconf 81' lang='grc' dir='ltr'>Ὀρθ.</span> <span class='ocrx_word' id='word_1_269' title='bbox 387 3365 556 3419; x_wconf 88' lang='grc' dir='ltr'>Τοῦτο</span> <span class='ocrx_word' id='word_1_270' title='bbox 583 3366 639 3418; x_wconf 80' lang='grc' dir='ltr'>δὲ</span> <span class='ocrx_word' id='word_1_271' title='bbox 656 3366 746 3417; x_wconf 71' lang='grc' dir='ltr'>ἐπὶ</span> <span class='ocrx_word' id='word_1_272' title='bbox 774 3365 1004 3434; x_wconf 82' lang='grc' dir='ltr'>Πατρὸς,</span> <span class='ocrx_word' id='word_1_273' title='bbox 1033 3365 1124 3416; x_wconf 78' lang='grc' dir='ltr'><strong>καὶ</strong></span> <span class='ocrx_word' id='word_1_274' title='bbox 1143 3362 1295 3426; x_wconf 84' lang='grc' dir='ltr'>Υἰοῦ,</span> <span class='ocrx_word' id='word_1_275' title='bbox 1323 3362 1415 3414; x_wconf 74' lang='grc' dir='ltr'><strong>καὶ</strong></span> <span class='ocrx_word' id='word_1_276' title='bbox 1443 3360 1598 3429; x_wconf 82' lang='grc' dir='ltr'>ἁγίου</span> <span class='ocrx_word' id='word_1_277' title='bbox 1617 3359 1779 3412; x_wconf 79' lang='grc' dir='ltr'>Πνεῦ-</span> 
     </span>
    </p>
   </div>
   <div class='ocr_carea' id='block_1_36' title="bbox 211 3451 1777 3530">
    <p class='ocr_par' dir='ltr' id='par_1_36' title="bbox 211 3451 1777 3530">
     <span class='ocr_line' id='line_1_36' title="bbox 211 3451 1777 3530; baseline -0.004 -20"><span class='ocrx_word' id='word_1_278' title='bbox 211 3474 378 3530; x_wconf 78' lang='grc' dir='ltr'>ματος</span> <span class='ocrx_word' id='word_1_279' title='bbox 391 3455 728 3527; x_wconf 87' lang='grc' dir='ltr'>λεχθήσεται.</span> <span class='ocrx_word' id='word_1_280' title='bbox 751 3457 814 3508; x_wconf 89' lang='grc' dir='ltr'><strong><em>Ὃ</em></strong></span> <span class='ocrx_word' id='word_1_281' title='bbox 830 3455 936 3527; x_wconf 86' lang='grc' dir='ltr'><strong>γάρ</strong></span> <span class='ocrx_word' id='word_1_282' title='bbox 958 3457 1103 3507; x_wconf 75' lang='grc' dir='ltr'>ἐστιν</span> <span class='ocrx_word' id='word_1_283' title='bbox 1125 3454 1252 3506; x_wconf 81' lang='grc' dir='ltr'>ἴδιον</span> <span class='ocrx_word' id='word_1_284' title='bbox 1268 3453 1365 3522; x_wconf 85' lang='grc' dir='ltr'><strong>τῆς</strong></span> <span class='ocrx_word' id='word_1_285' title='bbox 1379 3452 1608 3521; x_wconf 80' lang='grc' dir='ltr'>φύσεως,</span> <span class='ocrx_word' id='word_1_286' title='bbox 1621 3451 1777 3503; x_wconf 87' lang='grc' dir='ltr'>τοῦτο</span> 
     </span>
    </p>
   </div>
   <div class='ocr_carea' id='block_1_37' title="bbox 208 3543 1779 3612">
    <p class='ocr_par' dir='ltr' id='par_1_37' title="bbox 208 3543 1779 3612">
     <span class='ocr_line' id='line_1_37' title="bbox 208 3543 1779 3612; baseline -0.003 -12"><span class='ocrx_word' id='word_1_287' title='bbox 208 3547 385 3600; x_wconf 79' lang='grc' dir='ltr'>κοινὸν</span> <span class='ocrx_word' id='word_1_288' title='bbox 417 3545 523 3598; x_wconf 89' lang='grc' dir='ltr'><strong>τῶν</strong></span> <span class='ocrx_word' id='word_1_289' title='bbox 553 3546 923 3602; x_wconf 81' lang='grc' dir='ltr'>ὑποστάσεων.</span> <span class='ocrx_word' id='word_1_290' title='bbox 974 3545 1161 3612; x_wconf 81' lang='grc' dir='ltr'>Ἀνόμ.</span> <span class='ocrx_word' id='word_1_291' title='bbox 1211 3543 1438 3596; x_wconf 80' lang='grc' dir='ltr'>Δύναται</span> <span class='ocrx_word' id='word_1_292' title='bbox 1480 3544 1537 3596; x_wconf 87' lang='grc' dir='ltr'>δὲ</span> <span class='ocrx_word' id='word_1_293' title='bbox 1572 3543 1779 3612; x_wconf 69' lang='grc' dir='ltr'>ψεύσατ</span> 
     </span>
    </p>
   </div>
   <div class='ocr_carea' id='block_1_38' title="bbox 211 3633 1773 3706">
    <p class='ocr_par' dir='ltr' id='par_1_38' title="bbox 211 3633 1773 3706">
     <span class='ocr_line' id='line_1_38' title="bbox 211 3633 1773 3706; baseline -0.001 -18"><span class='ocrx_word' id='word_1_294' title='bbox 211 3635 336 3690; x_wconf 85' lang='grc' dir='ltr'>σθαι</span> <span class='ocrx_word' id='word_1_295' title='bbox 365 3635 432 3688; x_wconf 82' lang='grc' dir='ltr'>τὰ</span> <span class='ocrx_word' id='word_1_296' title='bbox 465 3635 738 3706; x_wconf 78' lang='grc' dir='ltr'>σεραφίμ;</span> <span class='ocrx_word' id='word_1_297' title='bbox 785 3635 929 3702; x_wconf 80' lang='grc' dir='ltr'>Ὀρθ.</span> <span class='ocrx_word' id='word_1_298' title='bbox 983 3633 1046 3686; x_wconf 76' lang='grc' dir='ltr'><strong>Εἰ</strong></span> <span class='ocrx_word' id='word_1_299' title='bbox 1087 3633 1160 3704; x_wconf 83' lang='grc' dir='ltr'>μὴ</span> <span class='ocrx_word' id='word_1_300' title='bbox 1201 3633 1424 3686; x_wconf 79' lang='grc' dir='ltr'>δύναται</span> <span class='ocrx_word' id='word_1_301' title='bbox 1449 3633 1773 3702; x_wconf 74' lang='grc' dir='ltr'>ψεύσασθαι,</span> 
     </span>
    </p>
   </div>
   <div class='ocr_carea' id='block_1_39' title="bbox 208 3720 1773 3796">
    <p class='ocr_par' dir='ltr' id='par_1_39' title="bbox 208 3720 1773 3796">
     <span class='ocr_line' id='line_1_39' title="bbox 208 3720 1773 3796; baseline -0.005 -12"><span class='ocrx_word' id='word_1_302' title='bbox 208 3727 395 3784; x_wconf 80' lang='grc' dir='ltr'>οὐκέτι</span> <span class='ocrx_word' id='word_1_303' title='bbox 428 3726 585 3796; x_wconf 88' lang='grc' dir='ltr'>μόνος</span> <span class='ocrx_word' id='word_1_304' title='bbox 603 3728 630 3778; x_wconf 91' lang='lat'><strong>6</strong></span> <span class='ocrx_word' id='word_1_305' title='bbox 652 3725 782 3788; x_wconf 84' lang='grc' dir='ltr'>Θεὸς</span> <span class='ocrx_word' id='word_1_306' title='bbox 807 3725 1038 3795; x_wconf 69' lang='grc' dir='ltr'>ἀψευδής</span> <span class='ocrx_word' id='word_1_307' title='bbox 1066 3727 1230 3778; x_wconf 83' lang='grc' dir='ltr'>ἐστιν.</span> <span class='ocrx_word' id='word_1_308' title='bbox 1252 3726 1437 3793; x_wconf 80' lang='grc' dir='ltr'><strong>Ἁνόμ.</strong></span> <span class='ocrx_word' id='word_1_309' title='bbox 1459 3725 1572 3778; x_wconf 76' lang='grc' dir='ltr'>Οὐκ</span> <span class='ocrx_word' id='word_1_310' title='bbox 1598 3720 1773 3788; x_wconf 81' lang='grc' dir='ltr'>εἶπεν,</span> 
     </span>
    </p>
   </div>
   <div class='ocr_carea' id='block_1_40' title="bbox 207 3815 1775 3889">
    <p class='ocr_par' dir='ltr' id='par_1_40' title="bbox 207 3815 1775 3889">
     <span class='ocr_line' id='line_1_40' title="bbox 207 3815 1775 3889; baseline -0.003 -16"><span class='ocrx_word' id='word_1_311' title='bbox 207 3821 290 3873; x_wconf 83' lang='grc' dir='ltr'><strong>ὅτι</strong></span> <span class='ocrx_word' id='word_1_312' title='bbox 321 3820 465 3889; x_wconf 85' lang='grc' dir='ltr'>μόνῳ</span> <span class='ocrx_word' id='word_1_313' title='bbox 494 3816 610 3887; x_wconf 86' lang='grc' dir='ltr'>Θεῷ</span> <span class='ocrx_word' id='word_1_314' title='bbox 643 3817 898 3870; x_wconf 73' lang='grc' dir='ltr'>ἀδύνατον</span> <span class='ocrx_word' id='word_1_315' title='bbox 934 3816 994 3868; x_wconf 87' lang='grc' dir='ltr'><strong>τὸ</strong></span> <span class='ocrx_word' id='word_1_316' title='bbox 1031 3815 1349 3884; x_wconf 71' lang='grc' dir='ltr'>ψεύσασθαι,</span> <span class='ocrx_word' id='word_1_317' title='bbox 1382 3815 1494 3870; x_wconf 82' lang='grc' dir='ltr'>ἀλλ’</span> <span class='ocrx_word' id='word_1_318' title='bbox 1528 3817 1610 3869; x_wconf 82' lang='grc' dir='ltr'><strong>ὅτι</strong></span> <span class='ocrx_word' id='word_1_319' title='bbox 1647 3817 1775 3870; x_wconf 83' lang='grc' dir='ltr'>ἁδύ-</span> 
     </span>
    </p>
   </div>
   <div class='ocr_carea' id='block_1_41' title="bbox 207 3908 1779 3979">
    <p class='ocr_par' dir='ltr' id='par_1_41' title="bbox 207 3908 1779 3979">
     <span class='ocr_line' id='line_1_41' title="bbox 207 3908 1779 3979; baseline -0.003 -15"><span class='ocrx_word' id='word_1_320' title='bbox 207 3928 367 3964; x_wconf 86' lang='grc' dir='ltr'>νατον</span> <span class='ocrx_word' id='word_1_321' title='bbox 426 3909 543 3979; x_wconf 84' lang='grc' dir='ltr'>Θεῷ</span> <span class='ocrx_word' id='word_1_322' title='bbox 587 3908 909 3978; x_wconf 77' lang='grc' dir='ltr'>ψεύσασθαι.</span> <span class='ocrx_word' id='word_1_323' title='bbox 983 3909 1129 3974; x_wconf 83' lang='grc' dir='ltr'>Ὀρθ.</span> <span class='ocrx_word' id='word_1_324' title='bbox 1193 3909 1309 3962; x_wconf 76' lang='grc' dir='ltr'>Πᾶν</span> <span class='ocrx_word' id='word_1_325' title='bbox 1367 3908 1395 3960; x_wconf 87' lang='grc' dir='ltr'><strong>ὂ</strong></span> <span class='ocrx_word' id='word_1_326' title='bbox 1449 3926 1502 3961; x_wconf 86' lang='grc' dir='ltr'><strong>τι</strong></span> <span class='ocrx_word' id='word_1_327' title='bbox 1553 3909 1779 3978; x_wconf 87' lang='grc' dir='ltr'>γενητόν</span> 
     </span>
    </p>
   </div>
   <div class='ocr_carea' id='block_1_42' title="bbox 207 3992 1779 4066">
    <p class='ocr_par' dir='ltr' id='par_1_42' title="bbox 207 3992 1779 4066">
     <span class='ocr_line' id='line_1_42' title="bbox 207 3992 1779 4066; baseline 0.001 -18"><span class='ocrx_word' id='word_1_328' title='bbox 207 4000 356 4065; x_wconf 62' lang='grc' dir='ltr'>εστιν</span> <span class='ocrx_word' id='word_1_329' title='bbox 393 3996 526 4066; x_wconf 83' lang='grc'>(85),</span> <span class='ocrx_word' id='word_1_330' title='bbox 561 3997 779 4048; x_wconf 82' lang='grc' dir='ltr'>δύναται</span> <span class='ocrx_word' id='word_1_331' title='bbox 820 3995 1149 4065; x_wconf 71' lang='grc' dir='ltr'>ψεύσασθαιο</span> <span class='ocrx_word' id='word_1_332' title='bbox 1191 3996 1286 4048; x_wconf 74' lang='grc' dir='ltr'><strong>καὶ</strong></span> <span class='ocrx_word' id='word_1_333' title='bbox 1315 3992 1403 4049; x_wconf 76' lang='grc' dir='ltr'>διὰ</span> <span class='ocrx_word' id='word_1_334' title='bbox 1436 3996 1591 4049; x_wconf 89' lang='grc' dir='ltr'>τοῦτο</span> <span class='ocrx_word' id='word_1_335' title='bbox 1630 3998 1721 4050; x_wconf 74' lang='grc' dir='ltr'><strong>καὶ</strong></span> <span class='ocrx_word' id='word_1_336' title='bbox 1750 3999 1779 4050; x_wconf 88' lang='grc' dir='ltr'>ὁ</span> 
     </span>
    </p>
   </div>
   <div class='ocr_carea' id='block_1_43' title="bbox 207 4087 1779 4160">
    <p class='ocr_par' dir='ltr' id='par_1_43' title="bbox 207 4087 1779 4160">
     <span class='ocr_line' id='line_1_43' title="bbox 207 4087 1779 4160; baseline -0.001 -17"><span class='ocrx_word' id='word_1_337' title='bbox 207 4089 472 4152; x_wconf 80' lang='grc' dir='ltr'>διάϐολος,</span> <span class='ocrx_word' id='word_1_338' title='bbox 509 4090 565 4141; x_wconf 84' lang='grc' dir='ltr'><strong>ὲν</strong></span> <span class='ocrx_word' id='word_1_339' title='bbox 595 4089 742 4158; x_wconf 81' lang='grc' dir='ltr'>μέσῳ</span> <span class='ocrx_word' id='word_1_340' title='bbox 771 4088 880 4141; x_wconf 91' lang='grc' dir='ltr'><strong>τῶν</strong></span> <span class='ocrx_word' id='word_1_341' title='bbox 903 4087 1166 4160; x_wconf 77' lang='grc' dir='ltr'>χερουὸὶμ</span> <span class='ocrx_word' id='word_1_342' title='bbox 1197 4087 1292 4152; x_wconf 84' lang='grc' dir='ltr'><strong>ὢν,</strong></span> <span class='ocrx_word' id='word_1_343' title='bbox 1321 4089 1550 4159; x_wconf 75' lang='grc' dir='ltr'>ἐδυνήθη</span> <span class='ocrx_word' id='word_1_344' title='bbox 1576 4089 1779 4159; x_wconf 71' lang='grc' dir='ltr'>ψεύσα-</span> 
     </span>
    </p>
   </div>
   <div class='ocr_carea' id='block_1_44' title="bbox 211 4177 1775 4251">
    <p class='ocr_par' dir='ltr' id='par_1_44' title="bbox 211 4177 1775 4251">
     <span class='ocr_line' id='line_1_44' title="bbox 211 4177 1775 4251; baseline -0.001 -18"><span class='ocrx_word' id='word_1_345' title='bbox 211 4179 356 4249; x_wconf 82' lang='grc' dir='ltr'>σθαι.</span> <span class='ocrx_word' id='word_1_346' title='bbox 380 4180 490 4232; x_wconf 73' lang='grc' dir='ltr'>Καὶ</span> <span class='ocrx_word' id='word_1_347' title='bbox 509 4177 666 4232; x_wconf 89' lang='grc' dir='ltr'>τοῦτό</span> <span class='ocrx_word' id='word_1_348' title='bbox 690 4179 805 4231; x_wconf 77' lang='grc' dir='ltr'>ἐστι</span> <span class='ocrx_word' id='word_1_349' title='bbox 832 4178 941 4231; x_wconf 93' lang='grc' dir='ltr'><strong>τῶν</strong></span> <span class='ocrx_word' id='word_1_350' title='bbox 969 4177 1201 4246; x_wconf 84' lang='grc' dir='ltr'>λογικῶν</span> <span class='ocrx_word' id='word_1_351' title='bbox 1223 4178 1504 4248; x_wconf 85' lang='grc' dir='ltr'>δυνάμεων</span> <span class='ocrx_word' id='word_1_352' title='bbox 1527 4181 1560 4250; x_wconf 84' lang='grc' dir='ltr'>ἡ</span> <span class='ocrx_word' id='word_1_353' title='bbox 1580 4179 1775 4251; x_wconf 83' lang='grc' dir='ltr'>τροπὴ,</span> 
     </span>
    </p>
   </div>
   <div class='ocr_carea' id='block_1_45' title="bbox 209 4267 1779 4342">
    <p class='ocr_par' dir='ltr' id='par_1_45' title="bbox 209 4267 1779 4342">
     <span class='ocr_line' id='line_1_45' title="bbox 209 4267 1779 4342; baseline 0 -19"><span class='ocrx_word' id='word_1_354' title='bbox 209 4271 270 4323; x_wconf 87' lang='grc' dir='ltr'><strong>τὸ</strong></span> <span class='ocrx_word' id='word_1_355' title='bbox 299 4269 620 4339; x_wconf 76' lang='grc' dir='ltr'>ψεύσασθαι.</span> <span class='ocrx_word' id='word_1_356' title='bbox 669 4269 798 4333; x_wconf 85' lang='grc' dir='ltr'>Θεὸς</span> <span class='ocrx_word' id='word_1_357' title='bbox 830 4269 908 4334; x_wconf 84' lang='grc' dir='ltr'><strong>δὲ,</strong></span> <span class='ocrx_word' id='word_1_358' title='bbox 957 4269 1221 4340; x_wconf 80' lang='grc' dir='ltr'>ἄτρεπτος</span> <span class='ocrx_word' id='word_1_359' title='bbox 1261 4267 1356 4335; x_wconf 84' lang='grc' dir='ltr'><strong>ὢν,</strong></span> <span class='ocrx_word' id='word_1_360' title='bbox 1406 4270 1498 4323; x_wconf 74' lang='grc' dir='ltr'>καὶ</span> <span class='ocrx_word' id='word_1_361' title='bbox 1546 4269 1779 4342; x_wconf 74' lang='grc' dir='ltr'>ἀψευδής</span> 
     </span>
    </p>
   </div>
   <div class='ocr_carea' id='block_1_46' title="bbox 210 4360 1779 4433">
    <p class='ocr_par' dir='ltr' id='par_1_46' title="bbox 210 4360 1779 4433">
     <span class='ocr_line' id='line_1_46' title="bbox 210 4360 1779 4433; baseline -0.002 -18"><span class='ocrx_word' id='word_1_362' title='bbox 210 4365 348 4415; x_wconf 69' lang='grc' dir='ltr'>ἐστι*</span> <span class='ocrx_word' id='word_1_363' title='bbox 395 4363 489 4416; x_wconf 74' lang='grc' dir='ltr'>καὶ</span> <span class='ocrx_word' id='word_1_364' title='bbox 524 4360 711 4433; x_wconf 84' lang='grc' dir='ltr'>ῶσπερ</span> <span class='ocrx_word' id='word_1_365' title='bbox 761 4361 917 4432; x_wconf 86' lang='grc' dir='ltr'>μόνος</span> <span class='ocrx_word' id='word_1_366' title='bbox 971 4360 1237 4431; x_wconf 83' lang='grc' dir='ltr'>ἀτρεπτός</span> <span class='ocrx_word' id='word_1_367' title='bbox 1288 4363 1426 4426; x_wconf 78' lang='grc' dir='ltr'>ἐστι,</span> <span class='ocrx_word' id='word_1_368' title='bbox 1477 4361 1572 4413; x_wconf 76' lang='grc' dir='ltr'>καὶ</span> <span class='ocrx_word' id='word_1_369' title='bbox 1621 4360 1779 4431; x_wconf 85' lang='grc' dir='ltr'>μόνος</span> 
     </span>
    </p>
   </div>
   <div class='ocr_carea' id='block_1_47' title="bbox 212 4451 1774 4524">
    <p class='ocr_par' dir='ltr' id='par_1_47' title="bbox 212 4451 1774 4524">
     <span class='ocr_line' id='line_1_47' title="bbox 212 4451 1774 4524; baseline -0.003 -16"><span class='ocrx_word' id='word_1_370' title='bbox 212 4454 498 4518; x_wconf 83' lang='grc' dir='ltr'>ἀθάνατος,</span> <span class='ocrx_word' id='word_1_371' title='bbox 543 4454 635 4508; x_wconf 78' lang='grc' dir='ltr'><strong>καὶ</strong></span> <span class='ocrx_word' id='word_1_372' title='bbox 677 4453 834 4524; x_wconf 89' lang='grc' dir='ltr'>μόνος</span> <span class='ocrx_word' id='word_1_373' title='bbox 871 4453 1120 4521; x_wconf 82' lang='grc' dir='ltr'>ἀόρατος,</span> <span class='ocrx_word' id='word_1_374' title='bbox 1163 4454 1257 4506; x_wconf 83' lang='grc' dir='ltr'><strong>καὶ</strong></span> <span class='ocrx_word' id='word_1_375' title='bbox 1291 4452 1449 4523; x_wconf 88' lang='grc' dir='ltr'>μόνος</span> <span class='ocrx_word' id='word_1_376' title='bbox 1481 4451 1774 4522; x_wconf 78' lang='grc' dir='ltr'>ἄφθαρτος,</span> 
     </span>
    </p>
   </div>
   <div class='ocr_carea' id='block_1_48' title="bbox 210 4540 1777 4614">
    <p class='ocr_par' dir='ltr' id='par_1_48' title="bbox 210 4540 1777 4614">
     <span class='ocr_line' id='line_1_48' title="bbox 210 4540 1777 4614; baseline -0.004 -16"><span class='ocrx_word' id='word_1_377' title='bbox 210 4543 383 4608; x_wconf 80' lang='grc' dir='ltr'>οὕτως</span> <span class='ocrx_word' id='word_1_378' title='bbox 413 4545 506 4598; x_wconf 75' lang='grc' dir='ltr'>καὶ</span> <span class='ocrx_word' id='word_1_379' title='bbox 539 4543 694 4614; x_wconf 84' lang='grc' dir='ltr'>μόνος</span> <span class='ocrx_word' id='word_1_380' title='bbox 724 4541 958 4611; x_wconf 71' lang='grc' dir='ltr'>ἀψευδής</span> <span class='ocrx_word' id='word_1_381' title='bbox 979 4560 990 4570; x_wconf 91' lang='grc'>·</span> <span class='ocrx_word' id='word_1_382' title='bbox 1022 4540 1179 4594; x_wconf 82' lang='grc' dir='ltr'>τοῦτο</span> <span class='ocrx_word' id='word_1_383' title='bbox 1213 4541 1268 4593; x_wconf 87' lang='grc' dir='ltr'><strong>δὲ</strong></span> <span class='ocrx_word' id='word_1_384' title='bbox 1293 4541 1479 4602; x_wconf 79' lang='grc' dir='ltr'>,κοινόν</span> <span class='ocrx_word' id='word_1_385' title='bbox 1510 4542 1624 4592; x_wconf 79' lang='grc' dir='ltr'>ἐστι</span> <span class='ocrx_word' id='word_1_386' title='bbox 1663 4541 1777 4593; x_wconf 90' lang='grc' dir='ltr'>Πα-</span> 
     </span>
    </p>
   </div>
   <div class='ocr_carea' id='block_1_49' title="bbox 209 4632 1779 4711">
    <p class='ocr_par' dir='ltr' id='par_1_49' title="bbox 209 4632 1779 4711">
     <span class='ocr_line' id='line_1_49' title="bbox 209 4632 1779 4711; baseline -0.003 -22"><span class='ocrx_word' id='word_1_387' title='bbox 209 4636 360 4711; x_wconf 67' lang='grc' dir='ltr'>τρὸς,</span> <span class='ocrx_word' id='word_1_388' title='bbox 395 4635 486 4688; x_wconf 77' lang='grc' dir='ltr'><strong>καὶ</strong></span> <span class='ocrx_word' id='word_1_389' title='bbox 518 4632 668 4702; x_wconf 68' lang='grc' dir='ltr'>Υίοῦ,</span> <span class='ocrx_word' id='word_1_390' title='bbox 704 4634 798 4686; x_wconf 77' lang='grc' dir='ltr'><strong>καὶ</strong></span> <span class='ocrx_word' id='word_1_391' title='bbox 831 4633 988 4700; x_wconf 86' lang='grc' dir='ltr'>ἁγίου</span> <span class='ocrx_word' id='word_1_392' title='bbox 1033 4632 1366 4704; x_wconf 88' lang='grc' dir='ltr'>Πνεύματος.</span> <span class='ocrx_word' id='word_1_393' title='bbox 1425 4633 1610 4702; x_wconf 75' lang='grc' dir='ltr'>Ἄνόμ.</span> <span class='ocrx_word' id='word_1_394' title='bbox 1657 4633 1779 4697; x_wconf 90' lang='grc' dir='ltr'><strong>Πῶς</strong></span> 
     </span>
    </p>
   </div>
   <div class='ocr_carea' id='block_1_50' title="bbox 209 4719 1778 4797">
    <p class='ocr_par' dir='ltr' id='par_1_50' title="bbox 209 4719 1778 4797">
     <span class='ocr_line' id='line_1_50' title="bbox 209 4719 1778 4797; baseline -0.005 -15"><span class='ocrx_word' id='word_1_395' title='bbox 209 4724 305 4782; x_wconf 85' lang='grc' dir='ltr'><strong>οὖν</strong></span> <span class='ocrx_word' id='word_1_396' title='bbox 330 4726 542 4796; x_wconf 78' lang='grc' dir='ltr'>εἴρηται</span> <span class='ocrx_word' id='word_1_397' title='bbox 575 4723 702 4793; x_wconf 77' lang='grc' dir='ltr'>περὶ</span> <span class='ocrx_word' id='word_1_398' title='bbox 728 4721 821 4774; x_wconf 89' lang='grc' dir='ltr'><strong>τοῦ</strong></span> <span class='ocrx_word' id='word_1_399' title='bbox 863 4719 1198 4797; x_wconf 85' lang='grc' dir='ltr'>Πνεύματος,</span> <span class='ocrx_word' id='word_1_400' title='bbox 1239 4722 1319 4774; x_wconf 86' lang='grc' dir='ltr'>ὃτι</span> <span class='ocrx_word' id='word_1_401' title='bbox 1348 4721 1406 4774; x_wconf 79' lang='grc' dir='ltr'><strong>οὐ</strong></span> <span class='ocrx_word' id='word_1_402' title='bbox 1436 4720 1657 4792; x_wconf 86' lang='grc' dir='ltr'>λαλήσει</span> <span class='ocrx_word' id='word_1_403' title='bbox 1686 4722 1778 4789; x_wconf 81' lang='grc' dir='ltr'><strong>ἀφ’</strong></span> 
     </span>
    </p>
   </div>
   <div class='ocr_carea' id='block_1_51' title="bbox 209 4811 1780 4883">
    <p class='ocr_par' dir='ltr' id='par_1_51' title="bbox 209 4811 1780 4883">
     <span class='ocr_line' id='line_1_51' title="bbox 209 4811 1780 4883; baseline -0.006 -11"><span class='ocrx_word' id='word_1_404' title='bbox 209 4817 428 4881; x_wconf 74' lang='grc' dir='ltr'>ἑαυτοῦ,</span> <span class='ocrx_word' id='word_1_405' title='bbox 465 4815 576 4868; x_wconf 81' lang='grc' dir='ltr'>ἀλλ’</span> <span class='ocrx_word' id='word_1_406' title='bbox 611 4816 710 4868; x_wconf 85' lang='grc' dir='ltr'>ὅσα</span> <span class='ocrx_word' id='word_1_407' title='bbox 740 4812 980 4877; x_wconf 82' lang='grc' dir='ltr'>ἀκούσει,</span> <span class='ocrx_word' id='word_1_408' title='bbox 1012 4811 1251 4883; x_wconf 81' lang='grc' dir='ltr'>λαλήσει,</span> <span class='ocrx_word' id='word_1_409' title='bbox 1293 4811 1448 4882; x_wconf 75' lang='grc' dir='ltr'>εἴπερ</span> <span class='ocrx_word' id='word_1_410' title='bbox 1479 4811 1576 4882; x_wconf 81' lang='grc' dir='ltr'>τῆς</span> <span class='ocrx_word' id='word_1_411' title='bbox 1610 4811 1780 4880; x_wconf 83' lang='grc' dir='ltr'>αὐτῆς</span> 
     </span>
    </p>
   </div>
   <div class='ocr_carea' id='block_1_52' title="bbox 211 4903 1776 4978">
    <p class='ocr_par' dir='ltr' id='par_1_52' title="bbox 211 4903 1776 4978">
     <span class='ocr_line' id='line_1_52' title="bbox 211 4903 1776 4978; baseline -0.003 -16"><span class='ocrx_word' id='word_1_412' title='bbox 211 4912 327 4962; x_wconf 78' lang='grc' dir='ltr'>ἐστι</span> <span class='ocrx_word' id='word_1_413' title='bbox 357 4908 608 4978; x_wconf 81' lang='grc' dir='ltr'>φύσεως;</span> <span class='ocrx_word' id='word_1_414' title='bbox 652 4907 797 4973; x_wconf 84' lang='grc' dir='ltr'>Ὀρθ.</span> <span class='ocrx_word' id='word_1_415' title='bbox 841 4905 1011 4958; x_wconf 89' lang='grc' dir='ltr'>Τοῦτο</span> <span class='ocrx_word' id='word_1_416' title='bbox 1041 4904 1148 4974; x_wconf 84' lang='grc' dir='ltr'><strong>γάρ</strong></span> <span class='ocrx_word' id='word_1_417' title='bbox 1176 4906 1341 4970; x_wconf 77' lang='grc' dir='ltr'>ἐστιν,</span> <span class='ocrx_word' id='word_1_418' title='bbox 1364 4903 1392 4954; x_wconf 78' lang='grc' dir='ltr'><strong>ὃ</strong></span> <span class='ocrx_word' id='word_1_419' title='bbox 1417 4904 1650 4956; x_wconf 79' lang='grc' dir='ltr'>δείκνυσι</span> <span class='ocrx_word' id='word_1_420' title='bbox 1683 4904 1776 4957; x_wconf 77' lang='grc' dir='ltr'><strong>καὶ</strong></span> 
     </span>
    </p>
   </div>
   <div class='ocr_carea' id='block_1_53' title="bbox 211 4995 1771 5072">
    <p class='ocr_par' dir='ltr' id='par_1_53' title="bbox 211 4995 1771 5072">
     <span class='ocr_line' id='line_1_53' title="bbox 211 4995 1771 5072; baseline -0.003 -16"><span class='ocrx_word' id='word_1_421' title='bbox 211 5002 345 5070; x_wconf 69' lang='grc' dir='ltr'>αὐτὸ</span> <span class='ocrx_word' id='word_1_422' title='bbox 371 5000 598 5072; x_wconf 82' lang='grc' dir='ltr'>ἀψευδὲς</span> <span class='ocrx_word' id='word_1_423' title='bbox 630 4995 789 5063; x_wconf 75' lang='grc' dir='ltr'>εἶναι,</span> <span class='ocrx_word' id='word_1_424' title='bbox 809 4999 902 5051; x_wconf 68' lang='grc' dir='ltr'><strong>καὶ¹</strong></span> <span class='ocrx_word' id='word_1_425' title='bbox 933 4998 1031 5068; x_wconf 83' lang='grc' dir='ltr'>τῆς</span> <span class='ocrx_word' id='word_1_426' title='bbox 1058 4997 1227 5067; x_wconf 83' lang='grc' dir='ltr'>αὐτῆς</span> <span class='ocrx_word' id='word_1_427' title='bbox 1252 4996 1462 5065; x_wconf 80' lang='grc' dir='ltr'>φύσεως</span> <span class='ocrx_word' id='word_1_428' title='bbox 1487 4997 1564 5050; x_wconf 78' lang='grc' dir='ltr'>δν.</span> <span class='ocrx_word' id='word_1_429' title='bbox 1584 4997 1771 5066; x_wconf 76' lang='grc' dir='ltr'><strong>Ἇνόμ.</strong></span> 
     </span>
    </p>
   </div>
   <div class='ocr_carea' id='block_1_54' title="bbox 214 5084 1776 5162">
    <p class='ocr_par' dir='ltr' id='par_1_54' title="bbox 214 5084 1776 5162">
     <span class='ocr_line' id='line_1_54' title="bbox 214 5084 1776 5162; baseline -0.005 -14"><span class='ocrx_word' id='word_1_430' title='bbox 214 5093 368 5159; x_wconf 88' lang='grc' dir='ltr'>Πῶς;</span> <span class='ocrx_word' id='word_1_431' title='bbox 416 5095 558 5161; x_wconf 83' lang='grc' dir='ltr'>Ὀρθ.</span> <span class='ocrx_word' id='word_1_432' title='bbox 596 5091 716 5152; x_wconf 75' lang='grc' dir='ltr'>Ὀτι</span> <span class='ocrx_word' id='word_1_433' title='bbox 756 5092 864 5144; x_wconf 83' lang='grc' dir='ltr'>πᾶν</span> <span class='ocrx_word' id='word_1_434' title='bbox 885 5089 946 5142; x_wconf 89' lang='grc' dir='ltr'><strong>τὸ</strong></span> <span class='ocrx_word' id='word_1_435' title='bbox 965 5089 1208 5159; x_wconf 89' lang='grc' dir='ltr'>γενητὸν,</span> <span class='ocrx_word' id='word_1_436' title='bbox 1236 5088 1330 5148; x_wconf 70' lang='grc' dir='ltr'>ἐὰν</span> <span class='ocrx_word' id='word_1_437' title='bbox 1422 5088 1658 5156; x_wconf 89' lang='grc' dir='ltr'>λογικὸν,</span> <span class='ocrx_word' id='word_1_438' title='bbox 1689 5090 1776 5142; x_wconf 81' lang='grc' dir='ltr'>ὅτε</span> 
     </span>
    </p>
   </div>
   <div class='ocr_carea' id='block_1_55' title="bbox 213 5180 1780 5256">
    <p class='ocr_par' dir='ltr' id='par_1_55' title="bbox 213 5180 1780 5256">
     <span class='ocr_line' id='line_1_55' title="bbox 213 5180 1780 5256; baseline -0.004 -16"><span class='ocrx_word' id='word_1_439' title='bbox 213 5187 362 5240; x_wconf 89' lang='grc' dir='ltr'>θέλει</span> <span class='ocrx_word' id='word_1_440' title='bbox 408 5185 543 5256; x_wconf 89' lang='grc'>(86),</span> <span class='ocrx_word' id='word_1_441' title='bbox 594 5185 688 5237; x_wconf 74' lang='grc' dir='ltr'><strong>καὶ</strong></span> <span class='ocrx_word' id='word_1_442' title='bbox 720 5184 813 5252; x_wconf 86' lang='grc' dir='ltr'><strong>ἀφ’</strong></span> <span class='ocrx_word' id='word_1_443' title='bbox 844 5181 1037 5235; x_wconf 79' lang='grc' dir='ltr'>ἑαυτοῦ</span> <span class='ocrx_word' id='word_1_444' title='bbox 1072 5180 1241 5244; x_wconf 83' lang='grc' dir='ltr'>λαλεῖ,</span> <span class='ocrx_word' id='word_1_445' title='bbox 1285 5180 1472 5252; x_wconf 81' lang='grc' dir='ltr'>ἐπειδὴ</span> <span class='ocrx_word' id='word_1_446' title='bbox 1520 5182 1613 5234; x_wconf 75' lang='grc' dir='ltr'>καὶ</span> <span class='ocrx_word' id='word_1_447' title='bbox 1651 5182 1780 5234; x_wconf 83' lang='grc' dir='ltr'>ῐδιον</span> 
     </span>
    </p>
   </div>
   <div class='ocr_carea' id='block_1_56' title="bbox 209 5271 1781 5354">
    <p class='ocr_par' dir='ltr' id='par_1_56' title="bbox 209 5271 1781 5354">
     <span class='ocr_line' id='line_1_56' title="bbox 209 5271 1781 5354; baseline -0.004 -21"><span class='ocrx_word' id='word_1_448' title='bbox 209 5279 328 5354; x_wconf 73' lang='grc' dir='ltr'>εχει</span> <span class='ocrx_word' id='word_1_449' title='bbox 351 5278 586 5349; x_wconf 73' lang='grc' dir='ltr'>θέλημα,</span> <span class='ocrx_word' id='word_1_450' title='bbox 609 5276 638 5329; x_wconf 82' lang='grc' dir='ltr'>ὃ</span> <span class='ocrx_word' id='word_1_451' title='bbox 663 5273 1038 5344; x_wconf 83' lang='grc' dir='ltr'>κατασιγάζει,</span> <span class='ocrx_word' id='word_1_452' title='bbox 1075 5274 1161 5327; x_wconf 82' lang='grc' dir='ltr'>ἵνα</span> <span class='ocrx_word' id='word_1_453' title='bbox 1189 5272 1251 5326; x_wconf 90' lang='grc' dir='ltr'><strong>τὸ</strong></span> <span class='ocrx_word' id='word_1_454' title='bbox 1279 5271 1374 5326; x_wconf 85' lang='grc' dir='ltr'><strong>τοῦ</strong></span> <span class='ocrx_word' id='word_1_455' title='bbox 1407 5273 1542 5326; x_wconf 87' lang='grc' dir='ltr'>Θεοῦ</span> <span class='ocrx_word' id='word_1_456' title='bbox 1572 5272 1781 5345; x_wconf 87' lang='grc' dir='ltr'>θέλημα</span> 
     </span>
    </p>
   </div>
   <div class='ocr_carea' id='block_1_57' title="bbox 309 5426 1506 5497">
    <p class='ocr_par' dir='ltr' id='par_1_57' title="bbox 309 5426 1506 5497">
     <span class='ocr_line' id='line_1_57' title="bbox 309 5426 1506 5497; baseline -0.003 -13"><span class='ocrx_word' id='word_1_457' title='bbox 309 5435 356 5465; x_wconf 79' lang='grc' dir='ltr'><strong>³ο</strong></span> <span class='ocrx_word' id='word_1_458' title='bbox 393 5431 537 5489; x_wconf 89' lang='lat' dir='ltr'><strong>Psal.</strong></span> <span class='ocrx_word' id='word_1_459' title='bbox 572 5446 774 5497; x_wconf 80' lang='lat' dir='ltr'><strong>cxvm,</strong></span> <span class='ocrx_word' id='word_1_460' title='bbox 808 5431 929 5495; x_wconf 73' lang='grc'><strong>131,</strong></span> <span class='ocrx_word' id='word_1_461' title='bbox 1033 5428 1077 5460; x_wconf 86' lang='grc'>²¹</span> <span class='ocrx_word' id='word_1_462' title='bbox 1113 5426 1214 5483; x_wconf 86' lang='lat' dir='ltr'><strong>Job</strong></span> <span class='ocrx_word' id='word_1_463' title='bbox 1252 5441 1385 5496; x_wconf 80' lang='lat' dir='ltr'><strong>vui,</strong></span> <span class='ocrx_word' id='word_1_464' title='bbox 1416 5428 1506 5481; x_wconf 73' lang='grc'><strong>21.</strong></span> 
     </span>
    </p>
   </div>
   <div class='ocr_carea' id='block_1_58' title="bbox 209 5498 1298 5570">
    <p class='ocr_par' dir='ltr' id='par_1_58' title="bbox 209 5498 1298 5570">
     <span class='ocr_line' id='line_1_58' title="bbox 209 5498 1298 5570; baseline -0.005 -14"><span class='ocrx_word' id='word_1_465' title='bbox 209 5504 262 5539; x_wconf 76' lang='grc'><strong>⁸⁵</strong></span> <span class='ocrx_word' id='word_1_466' title='bbox 299 5503 465 5558; x_wconf 82' lang='lat' dir='ltr'><strong>Hebr.</strong></span> <span class='ocrx_word' id='word_1_467' title='bbox 499 5517 586 5570; x_wconf 78' lang='lat' dir='ltr'><strong>Vl,</strong></span> <span class='ocrx_word' id='word_1_468' title='bbox 620 5502 708 5556; x_wconf 87' lang='grc'><strong>18.</strong></span> <span class='ocrx_word' id='word_1_469' title='bbox 783 5501 828 5532; x_wconf 81' lang='grc'><strong>⁸⁵</strong></span> <span class='ocrx_word' id='word_1_470' title='bbox 863 5499 1018 5555; x_wconf 86' lang='lat' dir='ltr'><strong>Joan.</strong></span> <span class='ocrx_word' id='word_1_471' title='bbox 1056 5513 1177 5566; x_wconf 78' lang='lat' dir='ltr'><strong>xvr,</strong></span> <span class='ocrx_word' id='word_1_472' title='bbox 1212 5498 1298 5552; x_wconf 81' lang='grc'><strong>15.</strong></span> 
     </span>
    </p>
   </div>
   <div class='ocr_carea' id='block_1_59' title="bbox 287 5609 1776 5685">
    <p class='ocr_par' dir='ltr' id='par_1_59' title="bbox 287 5609 1776 5685">
     <span class='ocr_line' id='line_1_59' title="bbox 287 5609 1776 5685; baseline -0.004 -13"><span class='ocrx_word' id='word_1_473' title='bbox 287 5617 396 5685; x_wconf 71' lang='lat' dir='ltr'><strong>(8t)</strong></span> <span class='ocrx_word' id='word_1_474' title='bbox 436 5618 512 5672; x_wconf 85' lang='lat' dir='ltr'><strong>Ita</strong></span> <span class='ocrx_word' id='word_1_475' title='bbox 545 5633 678 5673; x_wconf 89' lang='lat' dir='ltr'><strong>mss.</strong></span> <span class='ocrx_word' id='word_1_476' title='bbox 713 5615 854 5671; x_wconf 88' lang='lat' dir='ltr'><strong>Editi</strong></span> <span class='ocrx_word' id='word_1_477' title='bbox 893 5630 1045 5682; x_wconf 92' lang='lat' dir='ltr'><strong>vero,</strong></span> <span class='ocrx_word' id='word_1_478' title='bbox 1088 5613 1380 5684; x_wconf 86' lang='grc' dir='ltr'>γενόμενος</span> <span class='ocrx_word' id='word_1_479' title='bbox 1407 5611 1467 5665; x_wconf 79' lang='grc' dir='ltr'><strong>οὐ</strong></span> <span class='ocrx_word' id='word_1_480' title='bbox 1492 5610 1628 5682; x_wconf 76' lang='grc' dir='ltr'>γάρ.</span> <span class='ocrx_word' id='word_1_481' title='bbox 1653 5609 1776 5674; x_wconf 76' lang='lat' dir='ltr'><strong>Mox</strong></span> 
     </span>
    </p>
   </div>
   <div class='ocr_carea' id='block_1_60' title="bbox 214 5687 930 5756">
    <p class='ocr_par' dir='ltr' id='par_1_60' title="bbox 214 5687 930 5756">
     <span class='ocr_line' id='line_1_60' title="bbox 214 5687 930 5756; baseline -0.008 -13"><span class='ocrx_word' id='word_1_482' title='bbox 214 5689 345 5743; x_wconf 85' lang='lat' dir='ltr'><strong>edit.</strong></span> <span class='ocrx_word' id='word_1_483' title='bbox 373 5687 581 5756; x_wconf 78' lang='lat' dir='ltr'><strong>Steplt.,</strong></span> <span class='ocrx_word' id='word_1_484' title='bbox 601 5687 930 5756; x_wconf 80' lang='grc' dir='ltr'>έπιγνώσκῃ.</span> 
     </span>
    </p>
   </div>
   <div class='ocr_carea' id='block_1_61' title="bbox 288 5750 1770 5830">
    <p class='ocr_par' dir='ltr' id='par_1_61' title="bbox 288 5750 1770 5830">
     <span class='ocr_line' id='line_1_61' title="bbox 288 5750 1770 5830; baseline -0.008 -12"><span class='ocrx_word' id='word_1_485' title='bbox 288 5757 399 5830; x_wconf 82' lang='lat'><strong>(8.5)</strong></span> <span class='ocrx_word' id='word_1_486' title='bbox 439 5750 608 5814; x_wconf 61' lang='lat' dir='ltr'><strong>Palat.</strong></span> <span class='ocrx_word' id='word_1_487' title='bbox 650 5750 715 5814; x_wconf 36' lang='lat' dir='ltr'><strong>et‘</strong></span> <span class='ocrx_word' id='word_1_488' title='bbox 741 5750 1026 5828; x_wconf 60' lang='lat' dir='ltr'><strong>lieg.,&#39;ﬂa&#39;tv</strong></span> <span class='ocrx_word' id='word_1_489' title='bbox 1061 5753 1190 5809; x_wconf 80' lang='grc' dir='ltr'>εἴτι</span> <span class='ocrx_word' id='word_1_490' title='bbox 1219 5771 1444 5830; x_wconf 83' lang='grc' dir='ltr'>γενητον</span> <span class='ocrx_word' id='word_1_491' title='bbox 1477 5770 1612 5808; x_wconf 87' lang='grc' dir='ltr'>εστι.</span> <span class='ocrx_word' id='word_1_492' title='bbox 1647 5750 1770 5808; x_wconf 80' lang='lat' dir='ltr'><strong>Mox</strong></span> 
     </span>
    </p>
   </div>
   <div class='ocr_carea' id='block_1_62' title="bbox 1611 5426 2138 5495">
    <p class='ocr_par' dir='ltr' id='par_1_62' title="bbox 1611 5426 2138 5495">
     <span class='ocr_line' id='line_1_62' title="bbox 1611 5426 2138 5495; baseline 0.006 -14"><span class='ocrx_word' id='word_1_493' title='bbox 1611 5430 1656 5461; x_wconf 82' lang='grc'>³³</span> <span class='ocrx_word' id='word_1_494' title='bbox 1693 5426 1864 5485; x_wconf 86' lang='lat' dir='ltr'><strong>Exod.</strong></span> <span class='ocrx_word' id='word_1_495' title='bbox 1903 5445 2016 5495; x_wconf 80' lang='lat' dir='ltr'><strong>xiv,</strong></span> <span class='ocrx_word' id='word_1_496' title='bbox 2052 5429 2138 5484; x_wconf 85' lang='grc'><strong>15.</strong></span> 
     </span>
    </p>
   </div>
   <div class='ocr_carea' id='block_1_63' title="bbox 1883 535 3454 606">
    <p class='ocr_par' dir='ltr' id='par_1_63' title="bbox 1883 535 3454 606">
     <span class='ocr_line' id='line_1_63' title="bbox 1883 535 3454 606; baseline 0.003 -19"><span class='ocrx_word' id='word_1_497' title='bbox 1883 535 2112 603; x_wconf 76' lang='lat' dir='ltr'><strong>elegi”,</strong></span> <span class='ocrx_word' id='word_1_498' title='bbox 2149 537 2458 606; x_wconf 72' lang='lat' dir='ltr'><strong>iquodnam</strong></span> <span class='ocrx_word' id='word_1_499' title='bbox 2482 552 2544 592; x_wconf 94' lang='lat' dir='ltr'><strong>os</strong></span> <span class='ocrx_word' id='word_1_500' title='bbox 2574 537 2752 592; x_wconf 86' lang='lat' dir='ltr'><strong>dicit?</strong></span> <span class='ocrx_word' id='word_1_501' title='bbox 2781 536 2847 590; x_wconf 91' lang='lat' dir='ltr'><strong>Et</strong></span> <span class='ocrx_word' id='word_1_502' title='bbox 2873 535 2975 591; x_wconf 82' lang='lat' dir='ltr'><strong>Job</strong></span> <span class='ocrx_word' id='word_1_503' title='bbox 2998 539 3250 606; x_wconf 87' lang='lat' dir='ltr'><strong>inquiens</strong></span> <span class='ocrx_word' id='word_1_504' title='bbox 3283 553 3295 587; x_wconf 92' lang='lat'>:</span> <span class='ocrx_word' id='word_1_505' title='bbox 3326 555 3345 586; x_wconf 70' lang='grc' dir='ltr'><strong>ι</strong></span> <span class='ocrx_word' id='word_1_506' title='bbox 3379 535 3454 591; x_wconf 87' lang='lat' dir='ltr'><strong>Os</strong></span> 
     </span>
    </p>
   </div>
   <div class='ocr_carea' id='block_1_64' title="bbox 1882 629 3455 700">
    <p class='ocr_par' dir='ltr' id='par_1_64' title="bbox 1882 629 3455 700">
     <span class='ocr_line' id='line_1_64' title="bbox 1882 629 3455 700; baseline 0.003 -22"><span class='ocrx_word' id='word_1_507' title='bbox 1882 645 2044 685; x_wconf 79' lang='lat' dir='ltr'><strong>verax</strong></span> <span class='ocrx_word' id='word_1_508' title='bbox 2077 630 2320 700; x_wconf 89' lang='lat' dir='ltr'><strong>implebit</strong></span> <span class='ocrx_word' id='word_1_509' title='bbox 2354 631 2499 685; x_wconf 90' lang='lat' dir='ltr'><strong>risus</strong></span> <span class='ocrx_word' id='word_1_510' title='bbox 2520 631 2585 695; x_wconf 84' lang='grc'>²¹,</span> <span class='ocrx_word' id='word_1_511' title='bbox 2625 650 2643 682; x_wconf 84' lang='grc'><strong>›</strong></span> <span class='ocrx_word' id='word_1_512' title='bbox 2667 630 2944 700; x_wconf 83' lang='lat' dir='ltr'><strong>quodnam</strong></span> <span class='ocrx_word' id='word_1_513' title='bbox 2977 646 3040 686; x_wconf 90' lang='lat' dir='ltr'><strong>os</strong></span> <span class='ocrx_word' id='word_1_514' title='bbox 3073 630 3282 700; x_wconf 85' lang='lat' dir='ltr'><strong>inquit?</strong></span> <span class='ocrx_word' id='word_1_515' title='bbox 3308 629 3455 695; x_wconf 91' lang='lat' dir='ltr'><strong>Quo-</strong></span> 
     </span>
    </p>
   </div>
   <div class='ocr_carea' id='block_1_65' title="bbox 1879 720 3476 784">
    <p class='ocr_par' dir='ltr' id='par_1_65' title="bbox 1879 720 3476 784">
     <span class='ocr_line' id='line_1_65' title="bbox 1879 720 3476 784; baseline 0.001 -11"><span class='ocrx_word' id='word_1_516' title='bbox 1879 734 2006 773; x_wconf 87' lang='lat' dir='ltr'><strong>nam</strong></span> <span class='ocrx_word' id='word_1_517' title='bbox 2067 729 2248 774; x_wconf 90' lang='lat' dir='ltr'><strong>autem</strong></span> <span class='ocrx_word' id='word_1_518' title='bbox 2297 736 2392 775; x_wconf 91' lang='lat' dir='ltr'><strong>ore</strong></span> <span class='ocrx_word' id='word_1_519' title='bbox 2447 723 2718 776; x_wconf 85' lang='lat' dir='ltr'><strong>clamabat</strong></span> <span class='ocrx_word' id='word_1_520' title='bbox 2772 721 2970 784; x_wconf 85' lang='lat' dir='ltr'><strong>Moses,</strong></span> <span class='ocrx_word' id='word_1_521' title='bbox 3020 737 3142 775; x_wconf 92' lang='lat' dir='ltr'><strong>cum</strong></span> <span class='ocrx_word' id='word_1_522' title='bbox 3191 720 3400 773; x_wconf 86' lang='lat' dir='ltr'><strong>audiret</strong></span> <span class='ocrx_word' id='word_1_523' title='bbox 3435 738 3476 774; x_wconf 52' lang='grc' dir='ltr'><strong>εν</strong></span> 
     </span>
    </p>
   </div>
   <div class='ocr_carea' id='block_1_66' title="bbox 1886 809 3454 880">
    <p class='ocr_par' dir='ltr' id='par_1_66' title="bbox 1886 809 3454 880">
     <span class='ocr_line' id='line_1_66' title="bbox 1886 809 3454 880; baseline 0.001 -21"><span class='ocrx_word' id='word_1_524' title='bbox 1886 828 1904 859; x_wconf 73' lang='grc' dir='ltr'><strong>ε</strong></span> <span class='ocrx_word' id='word_1_525' title='bbox 1938 809 2049 862; x_wconf 89' lang='lat' dir='ltr'><strong>Cur</strong></span> <span class='ocrx_word' id='word_1_526' title='bbox 2091 810 2296 864; x_wconf 88' lang='lat' dir='ltr'><strong>clamas</strong></span> <span class='ocrx_word' id='word_1_527' title='bbox 2333 811 2399 864; x_wconf 88' lang='lat' dir='ltr'><strong>ad</strong></span> <span class='ocrx_word' id='word_1_528' title='bbox 2435 826 2519 864; x_wconf 92' lang='lat' dir='ltr'><strong>me</strong></span> <span class='ocrx_word' id='word_1_529' title='bbox 2564 810 2645 863; x_wconf 80' lang='lat'><strong>”?</strong></span> <span class='ocrx_word' id='word_1_530' title='bbox 2692 833 2710 861; x_wconf 72' lang='grc' dir='ltr'><strong>ι</strong></span> <span class='ocrx_word' id='word_1_531' title='bbox 2753 810 2885 875; x_wconf 86' lang='lat' dir='ltr'><strong>Quis</strong></span> <span class='ocrx_word' id='word_1_532' title='bbox 2919 826 3048 864; x_wconf 76' lang='lat' dir='ltr'><strong>vero</strong></span> <span class='ocrx_word' id='word_1_533' title='bbox 3097 811 3311 880; x_wconf 79' lang='lat' dir='ltr'><strong>ignorat</strong></span> <span class='ocrx_word' id='word_1_534' title='bbox 3369 816 3454 861; x_wconf 80' lang='lat' dir='ltr'><strong>ta-</strong></span> 
     </span>
    </p>
   </div>
   <div class='ocr_carea' id='block_1_67' title="bbox 1880 901 3454 973">
    <p class='ocr_par' dir='ltr' id='par_1_67' title="bbox 1880 901 3454 973">
     <span class='ocr_line' id='line_1_67' title="bbox 1880 901 3454 973; baseline -0.001 -19"><span class='ocrx_word' id='word_1_535' title='bbox 1880 911 2066 955; x_wconf 84' lang='lat' dir='ltr'><strong>centes</strong></span> <span class='ocrx_word' id='word_1_536' title='bbox 2105 917 2322 972; x_wconf 88' lang='lat' dir='ltr'><strong>quoque</strong></span> <span class='ocrx_word' id='word_1_537' title='bbox 2361 918 2392 955; x_wconf 91' lang='lat' dir='ltr'><strong>a</strong></span> <span class='ocrx_word' id='word_1_538' title='bbox 2431 901 2543 957; x_wconf 90' lang='lat' dir='ltr'><strong>Deo</strong></span> <span class='ocrx_word' id='word_1_539' title='bbox 2572 903 2818 956; x_wconf 68' lang='lat' dir='ltr'><strong>exaudiri</strong></span> <span class='ocrx_word' id='word_1_540' title='bbox 2849 903 3140 973; x_wconf 76' lang='lat' dir='ltr'><strong>gemitibus</strong></span> <span class='ocrx_word' id='word_1_541' title='bbox 3172 903 3454 956; x_wconf 89' lang='lat' dir='ltr'><strong>inenarra-</strong></span> 
     </span>
    </p>
   </div>
   <div class='ocr_carea' id='block_1_68' title="bbox 1879 994 3456 1064">
    <p class='ocr_par' dir='ltr' id='par_1_68' title="bbox 1879 994 3456 1064">
     <span class='ocr_line' id='line_1_68' title="bbox 1879 994 3456 1064; baseline -0.001 -17"><span class='ocrx_word' id='word_1_542' title='bbox 1879 994 2080 1050; x_wconf 90' lang='lat' dir='ltr'><strong>bilibus</strong></span> <span class='ocrx_word' id='word_1_543' title='bbox 2135 996 2472 1050; x_wconf 82' lang='lat' dir='ltr'><strong>clamantes?</strong></span> <span class='ocrx_word' id='word_1_544' title='bbox 2511 995 2681 1061; x_wconf 86' lang='lat' dir='ltr'><strong>Quem</strong></span> <span class='ocrx_word' id='word_1_545' title='bbox 2727 1003 2907 1050; x_wconf 91' lang='lat' dir='ltr'><strong>autem</strong></span> <span class='ocrx_word' id='word_1_546' title='bbox 2960 1004 3176 1050; x_wconf 85' lang='lat' dir='ltr'><strong>uterum</strong></span> <span class='ocrx_word' id='word_1_547' title='bbox 3205 994 3456 1064; x_wconf 80' lang='lat' dir='ltr'><strong>intelligit</strong></span> 
     </span>
    </p>
   </div>
   <div class='ocr_carea' id='block_1_69' title="bbox 1879 1085 3458 1154">
    <p class='ocr_par' dir='ltr' id='par_1_69' title="bbox 1879 1085 3458 1154">
     <span class='ocr_line' id='line_1_69' title="bbox 1879 1085 3458 1154; baseline 0.001 -17"><span class='ocrx_word' id='word_1_548' title='bbox 1879 1087 2175 1154; x_wconf 87' lang='lat' dir='ltr'><strong>propheta,</strong></span> <span class='ocrx_word' id='word_1_549' title='bbox 2214 1086 2473 1141; x_wconf 78' lang='lat' dir='ltr'><strong>scribens</strong></span> <span class='ocrx_word' id='word_1_550' title='bbox 2511 1103 2524 1138; x_wconf 91' lang='lat'><strong>:</strong></span> <span class='ocrx_word' id='word_1_551' title='bbox 2563 1104 2582 1138; x_wconf 76' lang='grc' dir='ltr'><strong>ι</strong></span> <span class='ocrx_word' id='word_1_552' title='bbox 2619 1089 2664 1139; x_wconf 82' lang='grc' dir='ltr'>Α</span> <span class='ocrx_word' id='word_1_553' title='bbox 2700 1087 2897 1141; x_wconf 88' lang='lat' dir='ltr'><strong>timore</strong></span> <span class='ocrx_word' id='word_1_554' title='bbox 2949 1087 3059 1152; x_wconf 92' lang='lat' dir='ltr'><strong>tui,</strong></span> <span class='ocrx_word' id='word_1_555' title='bbox 3110 1087 3355 1150; x_wconf 89' lang='lat' dir='ltr'><strong>Domine,</strong></span> <span class='ocrx_word' id='word_1_556' title='bbox 3398 1085 3458 1139; x_wconf 88' lang='lat' dir='ltr'><strong>in</strong></span> 
     </span>
    </p>
   </div>
   <div class='ocr_carea' id='block_1_70' title="bbox 1880 1177 3464 1247">
    <p class='ocr_par' dir='ltr' id='par_1_70' title="bbox 1880 1177 3464 1247">
     <span class='ocr_line' id='line_1_70' title="bbox 1880 1177 3464 1247; baseline 0.001 -16"><span class='ocrx_word' id='word_1_557' title='bbox 1880 1186 2036 1232; x_wconf 88' lang='lat' dir='ltr'><strong>utero</strong></span> <span class='ocrx_word' id='word_1_558' title='bbox 2078 1179 2428 1247; x_wconf 88' lang='lat' dir='ltr'><strong>concepimus</strong></span> <span class='ocrx_word' id='word_1_559' title='bbox 2479 1187 2533 1232; x_wconf 92' lang='lat' dir='ltr'><strong>et</strong></span> <span class='ocrx_word' id='word_1_560' title='bbox 2573 1178 2991 1247; x_wconf 87' lang='lat' dir='ltr'><strong>parturivimus,</strong></span> <span class='ocrx_word' id='word_1_561' title='bbox 3039 1186 3094 1231; x_wconf 87' lang='lat' dir='ltr'><strong>et</strong></span> <span class='ocrx_word' id='word_1_562' title='bbox 3141 1177 3464 1246; x_wconf 30' lang='lat' dir='ltr'><strong>peperimus.</strong></span> 
     </span>
    </p>
   </div>
   <div class='ocr_carea' id='block_1_71' title="bbox 1879 1269 3456 1340">
    <p class='ocr_par' dir='ltr' id='par_1_71' title="bbox 1879 1269 3456 1340">
     <span class='ocr_line' id='line_1_71' title="bbox 1879 1269 3456 1340; baseline -0.003 -13"><span class='ocrx_word' id='word_1_563' title='bbox 1879 1272 2129 1340; x_wconf 81' lang='lat' dir='ltr'><strong>Spiritum</strong></span> <span class='ocrx_word' id='word_1_564' title='bbox 2180 1271 2372 1326; x_wconf 91' lang='lat' dir='ltr'><strong>salutis</strong></span> <span class='ocrx_word' id='word_1_565' title='bbox 2405 1272 2460 1325; x_wconf 89' lang='lat' dir='ltr'><strong>in</strong></span> <span class='ocrx_word' id='word_1_566' title='bbox 2499 1281 2642 1326; x_wconf 90' lang='lat' dir='ltr'><strong>terra</strong></span> <span class='ocrx_word' id='word_1_567' title='bbox 2675 1272 2759 1324; x_wconf 66' lang='lat'><strong>&#39;3?</strong></span> <span class='ocrx_word' id='word_1_568' title='bbox 2791 1291 2808 1323; x_wconf 75' lang='grc' dir='ltr'><strong>ι</strong></span> <span class='ocrx_word' id='word_1_569' title='bbox 2855 1269 3318 1336; x_wconf 83' lang='lat' dir='ltr'><strong>Quemadmodum</strong></span> <span class='ocrx_word' id='word_1_570' title='bbox 3351 1270 3456 1340; x_wconf 86' lang='lat' dir='ltr'><strong>igi-</strong></span> 
     </span>
    </p>
   </div>
   <div class='ocr_carea' id='block_1_72' title="bbox 1879 1362 3460 1429">
    <p class='ocr_par' dir='ltr' id='par_1_72' title="bbox 1879 1362 3460 1429">
     <span class='ocr_line' id='line_1_72' title="bbox 1879 1362 3460 1429; baseline 0.001 -15"><span class='ocrx_word' id='word_1_571' title='bbox 1879 1369 1968 1415; x_wconf 88' lang='lat' dir='ltr'><strong>tur</strong></span> <span class='ocrx_word' id='word_1_572' title='bbox 1999 1363 2179 1416; x_wconf 88' lang='lat' dir='ltr'><strong>anima</strong></span> <span class='ocrx_word' id='word_1_573' title='bbox 2207 1362 2411 1416; x_wconf 91' lang='lat' dir='ltr'><strong>dicitur</strong></span> <span class='ocrx_word' id='word_1_574' title='bbox 2444 1370 2660 1417; x_wconf 89' lang='lat' dir='ltr'><strong>uterum</strong></span> <span class='ocrx_word' id='word_1_575' title='bbox 2699 1362 2921 1426; x_wconf 88' lang='lat' dir='ltr'><strong>habere,</strong></span> <span class='ocrx_word' id='word_1_576' title='bbox 2955 1369 3009 1416; x_wconf 90' lang='lat' dir='ltr'><strong>et</strong></span> <span class='ocrx_word' id='word_1_577' title='bbox 3039 1377 3124 1425; x_wconf 87' lang='lat' dir='ltr'><strong>os,</strong></span> <span class='ocrx_word' id='word_1_578' title='bbox 3148 1368 3202 1415; x_wconf 87' lang='lat' dir='ltr'><strong>et</strong></span> <span class='ocrx_word' id='word_1_579' title='bbox 3237 1362 3460 1429; x_wconf 66' lang='lat' dir='ltr'><strong>oculos,</strong></span> 
     </span>
    </p>
   </div>
   <div class='ocr_carea' id='block_1_73' title="bbox 1877 1452 3463 1523">
    <p class='ocr_par' dir='ltr' id='par_1_73' title="bbox 1877 1452 3463 1523">
     <span class='ocr_line' id='line_1_73' title="bbox 1877 1452 3463 1523; baseline 0 -17"><span class='ocrx_word' id='word_1_580' title='bbox 1877 1461 1930 1506; x_wconf 90' lang='lat' dir='ltr'><strong>et</strong></span> <span class='ocrx_word' id='word_1_581' title='bbox 1989 1468 2168 1517; x_wconf 89' lang='lat' dir='ltr'><strong>aures,</strong></span> <span class='ocrx_word' id='word_1_582' title='bbox 2199 1461 2252 1508; x_wconf 88' lang='lat' dir='ltr'><strong>et</strong></span> <span class='ocrx_word' id='word_1_583' title='bbox 2299 1462 2495 1507; x_wconf 71' lang='lat' dir='ltr'><strong>caetera</strong></span> <span class='ocrx_word' id='word_1_584' title='bbox 2548 1455 2732 1507; x_wconf 85' lang='lat' dir='ltr'><strong>omnia</strong></span> <span class='ocrx_word' id='word_1_585' title='bbox 2767 1454 3016 1523; x_wconf 88' lang='lat' dir='ltr'><strong>corporis</strong></span> <span class='ocrx_word' id='word_1_586' title='bbox 3049 1452 3322 1517; x_wconf 90' lang='lat' dir='ltr'><strong>membra,</strong></span> <span class='ocrx_word' id='word_1_587' title='bbox 3355 1467 3463 1506; x_wconf 84' lang='lat' dir='ltr'><strong>nec</strong></span> 
     </span>
    </p>
   </div>
   <div class='ocr_carea' id='block_1_74' title="bbox 1877 1541 3466 1613">
    <p class='ocr_par' dir='ltr' id='par_1_74' title="bbox 1877 1541 3466 1613">
     <span class='ocr_line' id='line_1_74' title="bbox 1877 1541 3466 1613; baseline -0.001 -16"><span class='ocrx_word' id='word_1_588' title='bbox 1877 1551 2064 1598; x_wconf 88' lang='lat' dir='ltr'><strong>tamen</strong></span> <span class='ocrx_word' id='word_1_589' title='bbox 2093 1560 2160 1598; x_wconf 81' lang='lat' dir='ltr'><strong>ex</strong></span> <span class='ocrx_word' id='word_1_590' title='bbox 2193 1545 2454 1598; x_wconf 85' lang='lat' dir='ltr'><strong>membris</strong></span> <span class='ocrx_word' id='word_1_591' title='bbox 2493 1545 2796 1613; x_wconf 85' lang='lat' dir='ltr'><strong>composita</strong></span> <span class='ocrx_word' id='word_1_592' title='bbox 2836 1551 2919 1598; x_wconf 90' lang='lat' dir='ltr'><strong>est</strong></span> <span class='ocrx_word' id='word_1_593' title='bbox 2956 1563 2970 1597; x_wconf 88' lang='lat'><strong>:</strong></span> <span class='ocrx_word' id='word_1_594' title='bbox 3006 1542 3080 1596; x_wconf 88' lang='lat' dir='ltr'><strong>ita</strong></span> <span class='ocrx_word' id='word_1_595' title='bbox 3110 1558 3232 1596; x_wconf 93' lang='lat' dir='ltr'><strong>cum</strong></span> <span class='ocrx_word' id='word_1_596' title='bbox 3256 1543 3322 1596; x_wconf 91' lang='lat' dir='ltr'><strong>de</strong></span> <span class='ocrx_word' id='word_1_597' title='bbox 3348 1541 3466 1597; x_wconf 84' lang='lat' dir='ltr'><strong>Deo</strong></span> 
     </span>
    </p>
   </div>
   <div class='ocr_carea' id='block_1_75' title="bbox 1877 1633 3460 1704">
    <p class='ocr_par' dir='ltr' id='par_1_75' title="bbox 1877 1633 3460 1704">
     <span class='ocr_line' id='line_1_75' title="bbox 1877 1633 3460 1704; baseline -0.002 -16"><span class='ocrx_word' id='word_1_598' title='bbox 1877 1651 2006 1690; x_wconf 92' lang='lat' dir='ltr'><strong>vere</strong></span> <span class='ocrx_word' id='word_1_599' title='bbox 2035 1636 2361 1704; x_wconf 90' lang='lat' dir='ltr'><strong>incorporeo</strong></span> <span class='ocrx_word' id='word_1_600' title='bbox 2392 1635 2584 1690; x_wconf 91' lang='lat' dir='ltr'><strong>audies</strong></span> <span class='ocrx_word' id='word_1_601' title='bbox 2626 1651 2709 1700; x_wconf 92' lang='lat' dir='ltr'><strong>os,</strong></span> <span class='ocrx_word' id='word_1_602' title='bbox 2757 1635 2841 1690; x_wconf 91' lang='lat' dir='ltr'><strong>vel</strong></span> <span class='ocrx_word' id='word_1_603' title='bbox 2871 1641 3109 1696; x_wconf 87' lang='lat' dir='ltr'><strong>uterum,</strong></span> <span class='ocrx_word' id='word_1_604' title='bbox 3142 1633 3277 1686; x_wconf 89' lang='lat' dir='ltr'><strong>nihil</strong></span> <span class='ocrx_word' id='word_1_605' title='bbox 3310 1648 3460 1686; x_wconf 87' lang='lat' dir='ltr'><strong>com-</strong></span> 
     </span>
    </p>
   </div>
   <div class='ocr_carea' id='block_1_76' title="bbox 1878 1723 3455 1796">
    <p class='ocr_par' dir='ltr' id='par_1_76' title="bbox 1878 1723 3455 1796">
     <span class='ocr_line' id='line_1_76' title="bbox 1878 1723 3455 1796; baseline -0.001 -17"><span class='ocrx_word' id='word_1_606' title='bbox 1878 1728 2117 1796; x_wconf 90' lang='lat' dir='ltr'><strong>positum</strong></span> <span class='ocrx_word' id='word_1_607' title='bbox 2147 1727 2417 1796; x_wconf 87' lang='lat' dir='ltr'><strong>intellige;</strong></span> <span class='ocrx_word' id='word_1_608' title='bbox 2454 1727 2548 1782; x_wconf 89' lang='lat' dir='ltr'><strong>sed</strong></span> <span class='ocrx_word' id='word_1_609' title='bbox 2573 1727 2714 1781; x_wconf 86' lang='lat' dir='ltr'><strong>uteri</strong></span> <span class='ocrx_word' id='word_1_610' title='bbox 2743 1726 2986 1789; x_wconf 91' lang='lat' dir='ltr'><strong>nomine,</strong></span> <span class='ocrx_word' id='word_1_611' title='bbox 3020 1724 3276 1794; x_wconf 82' lang='lat' dir='ltr'><strong>gignendi</strong></span> <span class='ocrx_word' id='word_1_612' title='bbox 3305 1723 3414 1776; x_wconf 88' lang='lat' dir='ltr'><strong>vim</strong></span> <span class='ocrx_word' id='word_1_613' title='bbox 3440 1741 3455 1778; x_wconf 91' lang='lat'>:</span> 
     </span>
    </p>
   </div>
   <div class='ocr_carea' id='block_1_77' title="bbox 1882 1815 3462 1885">
    <p class='ocr_par' dir='ltr' id='par_1_77' title="bbox 1882 1815 3462 1885">
     <span class='ocr_line' id='line_1_77' title="bbox 1882 1815 3462 1885; baseline -0.003 -13"><span class='ocrx_word' id='word_1_614' title='bbox 1882 1818 2018 1885; x_wconf 89' lang='lat' dir='ltr'><strong>oris,</strong></span> <span class='ocrx_word' id='word_1_615' title='bbox 2072 1817 2303 1871; x_wconf 89' lang='lat' dir='ltr'><strong>docendi</strong></span> <span class='ocrx_word' id='word_1_616' title='bbox 2349 1818 2458 1870; x_wconf 90' lang='lat' dir='ltr'><strong>vim</strong></span> <span class='ocrx_word' id='word_1_617' title='bbox 2507 1839 2518 1872; x_wconf 92' lang='lat'>:</span> <span class='ocrx_word' id='word_1_618' title='bbox 2574 1819 2881 1881; x_wconf 87' lang='lat' dir='ltr'><strong>oculorum,</strong></span> <span class='ocrx_word' id='word_1_619' title='bbox 2915 1816 3251 1885; x_wconf 82' lang='lat' dir='ltr'><strong>intelligendi</strong></span> <span class='ocrx_word' id='word_1_620' title='bbox 3303 1815 3412 1868; x_wconf 89' lang='lat' dir='ltr'><strong>vim</strong></span> <span class='ocrx_word' id='word_1_621' title='bbox 3441 1831 3462 1867; x_wconf 88' lang='lat'><strong>:-</strong></span> 
     </span>
    </p>
   </div>
   <div class='ocr_carea' id='block_1_78' title="bbox 1883 1907 3461 1979">
    <p class='ocr_par' dir='ltr' id='par_1_78' title="bbox 1883 1907 3461 1979">
     <span class='ocr_line' id='line_1_78' title="bbox 1883 1907 3461 1979; baseline -0.001 -18"><span class='ocrx_word' id='word_1_622' title='bbox 1883 1909 2118 1973; x_wconf 91' lang='lat' dir='ltr'><strong>aurium,</strong></span> <span class='ocrx_word' id='word_1_623' title='bbox 2151 1908 2478 1963; x_wconf 83' lang='lat' dir='ltr'><strong>exaudiendi</strong></span> <span class='ocrx_word' id='word_1_624' title='bbox 2532 1909 2664 1963; x_wconf 88' lang='lat' dir='ltr'><strong>vim.</strong></span> <span class='ocrx_word' id='word_1_625' title='bbox 2713 1909 2926 1963; x_wconf 85' lang='lat' dir='ltr'><strong>Idcirco</strong></span> <span class='ocrx_word' id='word_1_626' title='bbox 2956 1909 3122 1979; x_wconf 81' lang='lat' dir='ltr'><strong>igitur</strong></span> <span class='ocrx_word' id='word_1_627' title='bbox 3165 1907 3346 1962; x_wconf 91' lang='lat' dir='ltr'><strong>dictus</strong></span> <span class='ocrx_word' id='word_1_628' title='bbox 3374 1915 3461 1961; x_wconf 88' lang='lat' dir='ltr'><strong>est</strong></span> 
     </span>
    </p>
   </div>
   <div class='ocr_carea' id='block_1_79' title="bbox 1880 1997 3461 2070">
    <p class='ocr_par' dir='ltr' id='par_1_79' title="bbox 1880 1997 3461 2070">
     <span class='ocr_line' id='line_1_79' title="bbox 1880 1997 3461 2070; baseline -0.001 -18"><span class='ocrx_word' id='word_1_629' title='bbox 1880 1998 2051 2054; x_wconf 88' lang='lat' dir='ltr'><strong>Filius</strong></span> <span class='ocrx_word' id='word_1_630' title='bbox 2083 2015 2148 2054; x_wconf 76' lang='lat' dir='ltr'><strong>ex</strong></span> <span class='ocrx_word' id='word_1_631' title='bbox 2178 2009 2355 2063; x_wconf 88' lang='lat' dir='ltr'><strong>utero,</strong></span> <span class='ocrx_word' id='word_1_632' title='bbox 2380 2000 2525 2070; x_wconf 92' lang='lat' dir='ltr'><strong>quod</strong></span> <span class='ocrx_word' id='word_1_633' title='bbox 2559 2001 2629 2055; x_wconf 91' lang='lat' dir='ltr'><strong>sit</strong></span> <span class='ocrx_word' id='word_1_634' title='bbox 2656 2001 2874 2070; x_wconf 83' lang='lat' dir='ltr'><strong>genitus</strong></span> <span class='ocrx_word' id='word_1_635' title='bbox 2903 2017 2916 2052; x_wconf 89' lang='lat'>:</span> <span class='ocrx_word' id='word_1_636' title='bbox 2941 2009 2995 2054; x_wconf 93' lang='lat' dir='ltr'><strong>et</strong></span> <span class='ocrx_word' id='word_1_637' title='bbox 3021 2007 3308 2070; x_wconf 84' lang='lat' dir='ltr'><strong>propterea</strong></span> <span class='ocrx_word' id='word_1_638' title='bbox 3337 1997 3461 2068; x_wconf 92' lang='lat' dir='ltr'><strong>Spi-</strong></span> 
     </span>
    </p>
   </div>
   <div class='ocr_carea' id='block_1_80' title="bbox 1880 2090 3457 2162">
    <p class='ocr_par' dir='ltr' id='par_1_80' title="bbox 1880 2090 3457 2162">
     <span class='ocr_line' id='line_1_80' title="bbox 1880 2090 3457 2162; baseline 0 -18"><span class='ocrx_word' id='word_1_639' title='bbox 1880 2092 2021 2146; x_wconf 88' lang='lat' dir='ltr'><strong>ritus</strong></span> <span class='ocrx_word' id='word_1_640' title='bbox 2068 2101 2152 2145; x_wconf 89' lang='lat' dir='ltr'><strong>est</strong></span> <span class='ocrx_word' id='word_1_641' title='bbox 2185 2092 2297 2146; x_wconf 92' lang='lat' dir='ltr'><strong>oris</strong></span> <span class='ocrx_word' id='word_1_642' title='bbox 2331 2090 2590 2161; x_wconf 90' lang='lat' dir='ltr'><strong>Spiritus,</strong></span> <span class='ocrx_word' id='word_1_643' title='bbox 2619 2093 2876 2161; x_wconf 90' lang='lat' dir='ltr'><strong>quoniam</strong></span> <span class='ocrx_word' id='word_1_644' title='bbox 2915 2092 2963 2148; x_wconf 93' lang='lat' dir='ltr'><strong>is</strong></span> <span class='ocrx_word' id='word_1_645' title='bbox 3011 2103 3094 2147; x_wconf 90' lang='lat' dir='ltr'><strong>est</strong></span> <span class='ocrx_word' id='word_1_646' title='bbox 3151 2092 3246 2162; x_wconf 91' lang='lat' dir='ltr'><strong>qui</strong></span> <span class='ocrx_word' id='word_1_647' title='bbox 3279 2091 3457 2146; x_wconf 90' lang='lat' dir='ltr'><strong>docet.</strong></span> 
     </span>
    </p>
   </div>
   <div class='ocr_carea' id='block_1_81' title="bbox 1880 2182 3462 2254">
    <p class='ocr_par' dir='ltr' id='par_1_81' title="bbox 1880 2182 3462 2254">
     <span class='ocr_line' id='line_1_81' title="bbox 1880 2182 3462 2254; baseline 0.001 -17"><span class='ocrx_word' id='word_1_648' title='bbox 1880 2183 1947 2237; x_wconf 89' lang='lat' dir='ltr'><strong>Et</strong></span> <span class='ocrx_word' id='word_1_649' title='bbox 1978 2184 2120 2239; x_wconf 87' lang='lat' dir='ltr'><strong>sicut</strong></span> <span class='ocrx_word' id='word_1_650' title='bbox 2142 2199 2250 2238; x_wconf 89' lang='lat' dir='ltr'><strong>non</strong></span> <span class='ocrx_word' id='word_1_651' title='bbox 2279 2185 2419 2240; x_wconf 79' lang='lat' dir='ltr'><strong>dicis</strong></span> <span class='ocrx_word' id='word_1_652' title='bbox 2474 2183 2737 2254; x_wconf 87' lang='lat' dir='ltr'><strong>Spiritum</strong></span> <span class='ocrx_word' id='word_1_653' title='bbox 2769 2199 2890 2240; x_wconf 90' lang='lat' dir='ltr'><strong>esse</strong></span> <span class='ocrx_word' id='word_1_654' title='bbox 2921 2185 3184 2254; x_wconf 89' lang='lat' dir='ltr'><strong>genitum,</strong></span> <span class='ocrx_word' id='word_1_655' title='bbox 3221 2198 3291 2238; x_wconf 90' lang='lat' dir='ltr'><strong>ne</strong></span> <span class='ocrx_word' id='word_1_656' title='bbox 3321 2182 3462 2238; x_wconf 86' lang='lat' dir='ltr'><strong>duos</strong></span> 
     </span>
    </p>
   </div>
   <div class='ocr_carea' id='block_1_82' title="bbox 1881 2274 3463 2345">
    <p class='ocr_par' dir='ltr' id='par_1_82' title="bbox 1881 2274 3463 2345">
     <span class='ocr_line' id='line_1_82' title="bbox 1881 2274 3463 2345; baseline -0.001 -16"><span class='ocrx_word' id='word_1_657' title='bbox 1881 2275 2023 2330; x_wconf 86' lang='lat' dir='ltr'><strong>tilias</strong></span> <span class='ocrx_word' id='word_1_658' title='bbox 2043 2276 2194 2330; x_wconf 90' lang='lat' dir='ltr'><strong>dicas</strong></span> <span class='ocrx_word' id='word_1_659' title='bbox 2237 2294 2250 2328; x_wconf 75' lang='grc' dir='ltr'>ε</span> <span class='ocrx_word' id='word_1_660' title='bbox 2286 2276 2360 2330; x_wconf 87' lang='lat' dir='ltr'><strong>ita</strong></span> <span class='ocrx_word' id='word_1_661' title='bbox 2387 2291 2455 2330; x_wconf 91' lang='lat' dir='ltr'><strong>ne</strong></span> <span class='ocrx_word' id='word_1_662' title='bbox 2488 2276 2654 2330; x_wconf 90' lang='lat' dir='ltr'><strong>dicito</strong></span> <span class='ocrx_word' id='word_1_663' title='bbox 2689 2277 2866 2345; x_wconf 85' lang='lat' dir='ltr'><strong>ipsum</strong></span> <span class='ocrx_word' id='word_1_664' title='bbox 2888 2290 3010 2330; x_wconf 90' lang='lat' dir='ltr'><strong>esse</strong></span> <span class='ocrx_word' id='word_1_665' title='bbox 3044 2274 3272 2340; x_wconf 86' lang='lat' dir='ltr'><strong>factum,</strong></span> <span class='ocrx_word' id='word_1_666' title='bbox 3306 2283 3366 2327; x_wconf 94' lang='lat' dir='ltr'><strong>ut</strong></span> <span class='ocrx_word' id='word_1_667' title='bbox 3393 2290 3463 2328; x_wconf 91' lang='lat' dir='ltr'><strong>ne</strong></span> 
     </span>
    </p>
   </div>
   <div class='ocr_carea' id='block_1_83' title="bbox 1881 2365 3462 2436">
    <p class='ocr_par' dir='ltr' id='par_1_83' title="bbox 1881 2365 3462 2436">
     <span class='ocr_line' id='line_1_83' title="bbox 1881 2365 3462 2436; baseline 0 -17"><span class='ocrx_word' id='word_1_668' title='bbox 1881 2365 2032 2419; x_wconf 91' lang='lat' dir='ltr'><strong>illum</strong></span> <span class='ocrx_word' id='word_1_669' title='bbox 2071 2381 2245 2420; x_wconf 89' lang='lat' dir='ltr'><strong>unum</strong></span> <span class='ocrx_word' id='word_1_670' title='bbox 2286 2383 2475 2421; x_wconf 91' lang='lat' dir='ltr'><strong>eorum</strong></span> <span class='ocrx_word' id='word_1_671' title='bbox 2525 2383 2645 2436; x_wconf 65' lang='lat' dir='ltr'><strong>quae</strong></span> <span class='ocrx_word' id='word_1_672' title='bbox 2702 2367 2841 2420; x_wconf 82' lang='lat' dir='ltr'><strong>facta</strong></span> <span class='ocrx_word' id='word_1_673' title='bbox 2877 2365 3216 2432; x_wconf 85' lang='lat' dir='ltr'><strong>sunt&#39;dicas,</strong></span> <span class='ocrx_word' id='word_1_674' title='bbox 3240 2380 3304 2419; x_wconf 86' lang='lat' dir='ltr'><strong>ac</strong></span> <span class='ocrx_word' id='word_1_675' title='bbox 3334 2380 3462 2433; x_wconf 91' lang='lat' dir='ltr'><strong>pro-</strong></span> 
     </span>
    </p>
   </div>
   <div class='ocr_carea' id='block_1_84' title="bbox 1879 2458 3462 2527">
    <p class='ocr_par' dir='ltr' id='par_1_84' title="bbox 1879 2458 3462 2527">
     <span class='ocr_line' id='line_1_84' title="bbox 1879 2458 3462 2527; baseline -0.002 -16"><span class='ocrx_word' id='word_1_676' title='bbox 1879 2458 2006 2512; x_wconf 91' lang='lat' dir='ltr'><strong>inde</strong></span> <span class='ocrx_word' id='word_1_677' title='bbox 2058 2473 2183 2512; x_wconf 89' lang='lat' dir='ltr'><strong>eum</strong></span> <span class='ocrx_word' id='word_1_678' title='bbox 2236 2458 2418 2513; x_wconf 88' lang='lat' dir='ltr'><strong>dicere</strong></span> <span class='ocrx_word' id='word_1_679' title='bbox 2473 2458 2637 2512; x_wconf 89' lang='lat' dir='ltr'><strong>etiam</strong></span> <span class='ocrx_word' id='word_1_680' title='bbox 2685 2474 2902 2514; x_wconf 87' lang='lat' dir='ltr'><strong>servum</strong></span> <span class='ocrx_word' id='word_1_681' title='bbox 2957 2458 3192 2527; x_wconf 82' lang='lat' dir='ltr'><strong>cogaris,</strong></span> <span class='ocrx_word' id='word_1_682' title='bbox 3240 2463 3462 2526; x_wconf 88' lang='lat' dir='ltr'><strong>prapter</strong></span> 
     </span>
    </p>
   </div>
   <div class='ocr_carea' id='block_1_85' title="bbox 1876 2548 3456 2618">
    <p class='ocr_par' dir='ltr' id='par_1_85' title="bbox 1876 2548 3456 2618">
     <span class='ocr_line' id='line_1_85' title="bbox 1876 2548 3456 2618; baseline -0.001 -17"><span class='ocrx_word' id='word_1_683' title='bbox 1876 2549 2228 2618; x_wconf 89' lang='lat' dir='ltr'><strong>Prophetam,</strong></span> <span class='ocrx_word' id='word_1_684' title='bbox 2264 2549 2358 2618; x_wconf 90' lang='lat' dir='ltr'><strong>qui</strong></span> <span class='ocrx_word' id='word_1_685' title='bbox 2405 2549 2541 2604; x_wconf 86' lang='lat' dir='ltr'><strong>dixit</strong></span> <span class='ocrx_word' id='word_1_686' title='bbox 2576 2569 2587 2604; x_wconf 91' lang='lat'>:</span> <span class='ocrx_word' id='word_1_687' title='bbox 2629 2569 2648 2601; x_wconf 85' lang='grc'><strong><em>‹</em></strong></span> <span class='ocrx_word' id='word_1_688' title='bbox 2687 2549 2882 2603; x_wconf 86' lang='lat' dir='ltr'><strong>Omnia</strong></span> <span class='ocrx_word' id='word_1_689' title='bbox 2913 2548 3010 2601; x_wconf 89' lang='lat' dir='ltr'><strong>tibi</strong></span> <span class='ocrx_word' id='word_1_690' title='bbox 3047 2548 3296 2602; x_wconf 87' lang='lat' dir='ltr'><strong>serviunt</strong></span> <span class='ocrx_word' id='word_1_691' title='bbox 3326 2548 3396 2602; x_wconf 73' lang='lat'><strong>&quot;.</strong></span> <span class='ocrx_word' id='word_1_692' title='bbox 3436 2567 3456 2600; x_wconf 73' lang='grc' dir='ltr'><strong>ι</strong></span> 
     </span>
    </p>
   </div>
   <div class='ocr_carea' id='block_1_86' title="bbox 1947 2639 3462 2710">
    <p class='ocr_par' dir='ltr' id='par_1_86' title="bbox 1947 2639 3462 2710">
     <span class='ocr_line' id='line_1_86' title="bbox 1947 2639 3462 2710; baseline 0.001 -18"><span class='ocrx_word' id='word_1_693' title='bbox 1947 2640 2036 2692; x_wconf 73' lang='lat'><strong>29..</strong></span> <span class='ocrx_word' id='word_1_694' title='bbox 2072 2640 2264 2696; x_wconf 89' lang='lat' dir='ltr'><strong>Anam.</strong></span> <span class='ocrx_word' id='word_1_695' title='bbox 2297 2641 2452 2706; x_wconf 83' lang='lat' dir='ltr'><strong>Quod</strong></span> <span class='ocrx_word' id='word_1_696' title='bbox 2509 2640 2666 2695; x_wconf 90' lang='lat' dir='ltr'><strong>initio</strong></span> <span class='ocrx_word' id='word_1_697' title='bbox 2710 2640 2848 2705; x_wconf 84' lang='lat' dir='ltr'><strong>dixi,</strong></span> <span class='ocrx_word' id='word_1_698' title='bbox 2882 2655 3073 2710; x_wconf 89' lang='lat' dir='ltr'><strong>parum</strong></span> <span class='ocrx_word' id='word_1_699' title='bbox 3139 2640 3294 2694; x_wconf 87' lang='lat' dir='ltr'><strong>abest</strong></span> <span class='ocrx_word' id='word_1_700' title='bbox 3330 2639 3462 2709; x_wconf 88' lang='lat' dir='ltr'><strong>quin</strong></span> 
     </span>
    </p>
   </div>
   <div class='ocr_carea' id='block_1_87' title="bbox 1876 2732 3461 2802">
    <p class='ocr_par' dir='ltr' id='par_1_87' title="bbox 1876 2732 3461 2802">
     <span class='ocr_line' id='line_1_87' title="bbox 1876 2732 3461 2802; baseline 0 -15"><span class='ocrx_word' id='word_1_701' title='bbox 1876 2732 2009 2787; x_wconf 88' lang='lat' dir='ltr'><strong>mihi</strong></span> <span class='ocrx_word' id='word_1_702' title='bbox 2071 2733 2421 2802; x_wconf 87' lang='lat' dir='ltr'><strong>persuadeas,</strong></span> <span class='ocrx_word' id='word_1_703' title='bbox 2481 2733 2720 2800; x_wconf 66' lang='lat' dir='ltr'><strong>ut,tiam</strong></span> <span class='ocrx_word' id='word_1_704' title='bbox 2781 2733 3202 2796; x_wconf 89' lang='lat' dir='ltr'><strong>homousiastes,</strong></span> <span class='ocrx_word' id='word_1_705' title='bbox 3264 2732 3320 2787; x_wconf 90' lang='lat' dir='ltr'><strong>id</strong></span> <span class='ocrx_word' id='word_1_706' title='bbox 3378 2746 3461 2788; x_wconf 82' lang='lat' dir='ltr'><strong>est</strong></span> 
     </span>
    </p>
   </div>
   <div class='ocr_carea' id='block_1_88' title="bbox 1883 2822 3461 2891">
    <p class='ocr_par' dir='ltr' id='par_1_88' title="bbox 1883 2822 3461 2891">
     <span class='ocr_line' id='line_1_88' title="bbox 1883 2822 3461 2891; baseline 0.003 -16"><span class='ocrx_word' id='word_1_707' title='bbox 1883 2843 1902 2875; x_wconf 76' lang='grc' dir='ltr'><strong>ι</strong></span> <span class='ocrx_word' id='word_1_708' title='bbox 1949 2824 2509 2879; x_wconf 81' lang='lat' dir='ltr'><strong>consubstantialista.</strong></span> <span class='ocrx_word' id='word_1_709' title='bbox 2543 2843 2560 2874; x_wconf 74' lang='grc' dir='ltr'><strong>ι</strong></span> <span class='ocrx_word' id='word_1_710' title='bbox 2606 2823 2757 2878; x_wconf 79' lang='lat' dir='ltr'><strong>Orth.</strong></span> <span class='ocrx_word' id='word_1_711' title='bbox 2813 2822 3032 2877; x_wconf 87' lang='lat' dir='ltr'><strong>Utinam</strong></span> <span class='ocrx_word' id='word_1_712' title='bbox 3097 2823 3304 2880; x_wconf 74' lang='lat' dir='ltr'><strong>dixeris</strong></span> <span class='ocrx_word' id='word_1_713' title='bbox 3335 2866 3350 2891; x_wconf 95' lang='lat'><strong>,</strong></span> <span class='ocrx_word' id='word_1_714' title='bbox 3402 2832 3461 2880; x_wconf 87' lang='lat' dir='ltr'><strong>ut</strong></span> 
     </span>
    </p>
   </div>
   <div class='ocr_carea' id='block_1_89' title="bbox 1890 2912 3459 2977">
    <p class='ocr_par' dir='ltr' id='par_1_89' title="bbox 1890 2912 3459 2977">
     <span class='ocr_line' id='line_1_89' title="bbox 1890 2912 3459 2977; baseline -0.001 -8"><span class='ocrx_word' id='word_1_715' title='bbox 1890 2914 2236 2970; x_wconf 89' lang='lat' dir='ltr'><strong>Christianus</strong></span> <span class='ocrx_word' id='word_1_716' title='bbox 2269 2914 2429 2967; x_wconf 86' lang='lat' dir='ltr'><strong>ﬁam!</strong></span> <span class='ocrx_word' id='word_1_717' title='bbox 2461 2912 2659 2968; x_wconf 83' lang='lat' dir='ltr'><strong>Factus</strong></span> <span class='ocrx_word' id='word_1_718' title='bbox 2687 2914 2830 2968; x_wconf 90' lang='lat' dir='ltr'><strong>enim</strong></span> <span class='ocrx_word' id='word_1_719' title='bbox 2865 2913 3236 2977; x_wconf 86' lang='lat' dir='ltr'><strong>Christianus,</strong></span> <span class='ocrx_word' id='word_1_720' title='bbox 3261 2912 3459 2969; x_wconf 90' lang='lat' dir='ltr'><strong>didice-</strong></span> 
     </span>
    </p>
   </div>
   <div class='ocr_carea' id='block_1_90' title="bbox 1879 3004 3459 3074">
    <p class='ocr_par' dir='ltr' id='par_1_90' title="bbox 1879 3004 3459 3074">
     <span class='ocr_line' id='line_1_90' title="bbox 1879 3004 3459 3074; baseline 0.001 -15"><span class='ocrx_word' id='word_1_721' title='bbox 1879 3006 1956 3062; x_wconf 89' lang='lat' dir='ltr'><strong>ris</strong></span> <span class='ocrx_word' id='word_1_722' title='bbox 1991 3013 2244 3074; x_wconf 87' lang='lat' dir='ltr'><strong>oportere</strong></span> <span class='ocrx_word' id='word_1_723' title='bbox 2285 3005 2809 3059; x_wconf 80' lang='lat' dir='ltr'><strong>consubstantialem</strong></span> <span class='ocrx_word' id='word_1_724' title='bbox 2839 3004 3036 3058; x_wconf 91' lang='lat' dir='ltr'><strong>Filium</strong></span> <span class='ocrx_word' id='word_1_725' title='bbox 3075 3006 3281 3070; x_wconf 90' lang='lat' dir='ltr'><strong>dicere,</strong></span> <span class='ocrx_word' id='word_1_726' title='bbox 3325 3021 3354 3059; x_wconf 91' lang='lat' dir='ltr'><strong>a</strong></span> <span class='ocrx_word' id='word_1_727' title='bbox 3383 3006 3459 3060; x_wconf 88' lang='lat' dir='ltr'><strong>di—</strong></span> 
     </span>
    </p>
   </div>
   <div class='ocr_carea' id='block_1_91' title="bbox 1878 3096 3459 3166">
    <p class='ocr_par' dir='ltr' id='par_1_91' title="bbox 1878 3096 3459 3166">
     <span class='ocr_line' id='line_1_91' title="bbox 1878 3096 3459 3166; baseline -0.001 -15"><span class='ocrx_word' id='word_1_728' title='bbox 1878 3097 2026 3151; x_wconf 88' lang='lat' dir='ltr'><strong>vinis</strong></span> <span class='ocrx_word' id='word_1_729' title='bbox 2059 3097 2358 3166; x_wconf 84' lang='lat' dir='ltr'><strong>Scripturis</strong></span> <span class='ocrx_word' id='word_1_730' title='bbox 2387 3096 2634 3151; x_wconf 83' lang='lat' dir='ltr'><strong>edoctus.</strong></span> <span class='ocrx_word' id='word_1_731' title='bbox 2665 3097 3014 3166; x_wconf 72' lang='lat' dir='ltr'><strong>Quaecunque</strong></span> <span class='ocrx_word' id='word_1_732' title='bbox 3036 3097 3182 3151; x_wconf 88' lang='lat' dir='ltr'><strong>enim</strong></span> <span class='ocrx_word' id='word_1_733' title='bbox 3215 3103 3343 3152; x_wconf 91' lang='lat' dir='ltr'><strong>sunt</strong></span> <span class='ocrx_word' id='word_1_734' title='bbox 3365 3097 3459 3152; x_wconf 89' lang='lat' dir='ltr'><strong>Dei</strong></span> 
     </span>
    </p>
   </div>
   <div class='ocr_carea' id='block_1_92' title="bbox 1883 3187 3459 3258">
    <p class='ocr_par' dir='ltr' id='par_1_92' title="bbox 1883 3187 3459 3258">
     <span class='ocr_line' id='line_1_92' title="bbox 1883 3187 3459 3258; baseline 0.003 -19"><span class='ocrx_word' id='word_1_735' title='bbox 1883 3188 2126 3257; x_wconf 88' lang='lat' dir='ltr'><strong>propria,</strong></span> <span class='ocrx_word' id='word_1_736' title='bbox 2166 3201 2229 3241; x_wconf 90' lang='lat' dir='ltr'><strong>ea</strong></span> <span class='ocrx_word' id='word_1_737' title='bbox 2263 3193 2390 3242; x_wconf 89' lang='lat' dir='ltr'><strong>sunt</strong></span> <span class='ocrx_word' id='word_1_738' title='bbox 2415 3187 2724 3240; x_wconf 91' lang='lat' dir='ltr'><strong>communia</strong></span> <span class='ocrx_word' id='word_1_739' title='bbox 2757 3187 2921 3254; x_wconf 83' lang='lat' dir='ltr'><strong>Patri,</strong></span> <span class='ocrx_word' id='word_1_740' title='bbox 2948 3187 3107 3252; x_wconf 90' lang='lat' dir='ltr'><strong>Filio,</strong></span> <span class='ocrx_word' id='word_1_741' title='bbox 3142 3195 3198 3242; x_wconf 90' lang='lat' dir='ltr'><strong>et</strong></span> <span class='ocrx_word' id='word_1_742' title='bbox 3232 3187 3459 3258; x_wconf 79' lang='lat' dir='ltr'><strong>Spiritui</strong></span> 
     </span>
    </p>
   </div>
   <div class='ocr_carea' id='block_1_93' title="bbox 1880 3277 3451 3349">
    <p class='ocr_par' dir='ltr' id='par_1_93' title="bbox 1880 3277 3451 3349">
     <span class='ocr_line' id='line_1_93' title="bbox 1880 3277 3451 3349; baseline 0 -17"><span class='ocrx_word' id='word_1_743' title='bbox 1880 3287 2091 3333; x_wconf 90' lang='lat' dir='ltr'><strong>sancto.</strong></span> <span class='ocrx_word' id='word_1_744' title='bbox 2148 3277 2340 3333; x_wconf 83' lang='lat' dir='ltr'><strong>Anam.</strong></span> <span class='ocrx_word' id='word_1_745' title='bbox 2372 3277 2657 3342; x_wconf 88' lang='lat' dir='ltr'><strong>Quomodo</strong></span> <span class='ocrx_word' id='word_1_746' title='bbox 2687 3278 2826 3332; x_wconf 81' lang='lat' dir='ltr'><strong>dixit</strong></span> <span class='ocrx_word' id='word_1_747' title='bbox 2855 3285 3079 3333; x_wconf 88' lang='lat' dir='ltr'><strong>sanctus</strong></span> <span class='ocrx_word' id='word_1_748' title='bbox 3107 3280 3406 3349; x_wconf 86' lang='lat' dir='ltr'><strong>Apostolus</strong></span> <span class='ocrx_word' id='word_1_749' title='bbox 3438 3297 3451 3332; x_wconf 94' lang='lat'>:</span> 
     </span>
    </p>
   </div>
   <div class='ocr_carea' id='block_1_94' title="bbox 1881 3370 3454 3440">
    <p class='ocr_par' dir='ltr' id='par_1_94' title="bbox 1881 3370 3454 3440">
     <span class='ocr_line' id='line_1_94' title="bbox 1881 3370 3454 3440; baseline 0.002 -19"><span class='ocrx_word' id='word_1_750' title='bbox 1881 3389 1899 3421; x_wconf 77' lang='grc' dir='ltr'><strong>ι</strong></span> <span class='ocrx_word' id='word_1_751' title='bbox 1942 3370 2050 3425; x_wconf 91' lang='lat' dir='ltr'><strong>Deo</strong></span> <span class='ocrx_word' id='word_1_752' title='bbox 2075 3372 2174 3426; x_wconf 91' lang='lat' dir='ltr'><strong>soli</strong></span> <span class='ocrx_word' id='word_1_753' title='bbox 2201 3371 2536 3440; x_wconf 87' lang='lat' dir='ltr'><strong>impossibile</strong></span> <span class='ocrx_word' id='word_1_754' title='bbox 2565 3380 2648 3425; x_wconf 90' lang='lat' dir='ltr'><strong>est</strong></span> <span class='ocrx_word' id='word_1_755' title='bbox 2677 3372 2895 3425; x_wconf 87' lang='lat' dir='ltr'><strong>mentiri</strong></span> <span class='ocrx_word' id='word_1_756' title='bbox 2919 3373 2962 3404; x_wconf 74' lang='lat'><strong>&quot;</strong></span> <span class='ocrx_word' id='word_1_757' title='bbox 2986 3372 3010 3425; x_wconf 65' lang='grc' dir='ltr'><em>ἲ</em></span> <span class='ocrx_word' id='word_1_758' title='bbox 3040 3391 3058 3422; x_wconf 74' lang='grc' dir='ltr'><strong>ι</strong></span> <span class='ocrx_word' id='word_1_759' title='bbox 3083 3370 3234 3426; x_wconf 81' lang='lat' dir='ltr'><strong>Orth.</strong></span> <span class='ocrx_word' id='word_1_760' title='bbox 3261 3370 3375 3425; x_wconf 83' lang='lat' dir='ltr'><strong>Hoc</strong></span> <span class='ocrx_word' id='word_1_761' title='bbox 3399 3379 3454 3426; x_wconf 88' lang='lat' dir='ltr'><strong>et</strong></span> 
     </span>
    </p>
   </div>
   <div class='ocr_carea' id='block_1_95' title="bbox 1876 3458 3453 3531">
    <p class='ocr_par' dir='ltr' id='par_1_95' title="bbox 1876 3458 3453 3531">
     <span class='ocr_line' id='line_1_95' title="bbox 1876 3458 3453 3531; baseline 0 -17"><span class='ocrx_word' id='word_1_762' title='bbox 1876 3460 1946 3514; x_wconf 91' lang='lat' dir='ltr'><strong>de</strong></span> <span class='ocrx_word' id='word_1_763' title='bbox 1981 3459 2161 3523; x_wconf 89' lang='lat' dir='ltr'><strong>Patre,</strong></span> <span class='ocrx_word' id='word_1_764' title='bbox 2196 3467 2251 3514; x_wconf 92' lang='lat' dir='ltr'><strong>et</strong></span> <span class='ocrx_word' id='word_1_765' title='bbox 2283 3458 2442 3524; x_wconf 88' lang='lat' dir='ltr'><strong>Filio,</strong></span> <span class='ocrx_word' id='word_1_766' title='bbox 2473 3467 2526 3514; x_wconf 91' lang='lat' dir='ltr'><strong>et</strong></span> <span class='ocrx_word' id='word_1_767' title='bbox 2564 3458 2768 3529; x_wconf 87' lang='lat' dir='ltr'><strong>Spiritu</strong></span> <span class='ocrx_word' id='word_1_768' title='bbox 2797 3468 2988 3514; x_wconf 83' lang='lat' dir='ltr'><strong>sancto</strong></span> <span class='ocrx_word' id='word_1_769' title='bbox 3020 3461 3270 3516; x_wconf 88' lang='lat' dir='ltr'><strong>dicetur:</strong></span> <span class='ocrx_word' id='word_1_770' title='bbox 3302 3461 3453 3531; x_wconf 88' lang='lat' dir='ltr'><strong>quod</strong></span> 
     </span>
    </p>
   </div>
   <div class='ocr_carea' id='block_1_96' title="bbox 1875 3552 3460 3622">
    <p class='ocr_par' dir='ltr' id='par_1_96' title="bbox 1875 3552 3460 3622">
     <span class='ocr_line' id='line_1_96' title="bbox 1875 3552 3460 3622; baseline 0.004 -18"><span class='ocrx_word' id='word_1_771' title='bbox 1875 3552 2022 3605; x_wconf 89' lang='lat' dir='ltr'><strong>enim</strong></span> <span class='ocrx_word' id='word_1_772' title='bbox 2047 3559 2257 3605; x_wconf 69' lang='lat' dir='ltr'><strong>naturae</strong></span> <span class='ocrx_word' id='word_1_773' title='bbox 2285 3552 2598 3621; x_wconf 82' lang='lat' dir='ltr'><strong>proprium,</strong></span> <span class='ocrx_word' id='word_1_774' title='bbox 2627 3568 2914 3606; x_wconf 90' lang='lat' dir='ltr'><strong>commune</strong></span> <span class='ocrx_word' id='word_1_775' title='bbox 2938 3560 3022 3607; x_wconf 89' lang='lat' dir='ltr'><strong>est</strong></span> <span class='ocrx_word' id='word_1_776' title='bbox 3048 3553 3460 3622; x_wconf 49' lang='lat' dir='ltr'><strong>hypostasibusq</strong></span> 
     </span>
    </p>
   </div>
   <div class='ocr_carea' id='block_1_97' title="bbox 1876 3641 3458 3711">
    <p class='ocr_par' dir='ltr' id='par_1_97' title="bbox 1876 3641 3458 3711">
     <span class='ocr_line' id='line_1_97' title="bbox 1876 3641 3458 3711; baseline 0.001 -17"><span class='ocrx_word' id='word_1_777' title='bbox 1876 3641 2066 3705; x_wconf 80' lang='lat' dir='ltr'><strong>Anam.</strong></span> <span class='ocrx_word' id='word_1_778' title='bbox 2111 3642 2191 3694; x_wconf 81' lang='lat' dir='ltr'><strong>An</strong></span> <span class='ocrx_word' id='word_1_779' title='bbox 2242 3649 2472 3711; x_wconf 91' lang='lat' dir='ltr'><strong>possunt</strong></span> <span class='ocrx_word' id='word_1_780' title='bbox 2517 3642 2734 3696; x_wconf 90' lang='lat' dir='ltr'><strong>mentiri</strong></span> <span class='ocrx_word' id='word_1_781' title='bbox 2787 3642 3104 3711; x_wconf 87' lang='lat' dir='ltr'><strong>seraphim?</strong></span> <span class='ocrx_word' id='word_1_782' title='bbox 3143 3641 3297 3696; x_wconf 81' lang='lat' dir='ltr'><strong>Orth.</strong></span> <span class='ocrx_word' id='word_1_783' title='bbox 3341 3641 3458 3698; x_wconf 86' lang='lat' dir='ltr'><strong>Nisi</strong></span> 
     </span>
    </p>
   </div>
   <div class='ocr_carea' id='block_1_98' title="bbox 1875 3732 3459 3803">
    <p class='ocr_par' dir='ltr' id='par_1_98' title="bbox 1875 3732 3459 3803">
     <span class='ocr_line' id='line_1_98' title="bbox 1875 3732 3459 3803; baseline 0 -17"><span class='ocrx_word' id='word_1_784' title='bbox 1875 3733 2088 3803; x_wconf 88' lang='lat' dir='ltr'><strong>possint</strong></span> <span class='ocrx_word' id='word_1_785' title='bbox 2119 3732 2356 3797; x_wconf 88' lang='lat' dir='ltr'><strong>mentiri,</strong></span> <span class='ocrx_word' id='word_1_786' title='bbox 2410 3748 2519 3786; x_wconf 91' lang='lat' dir='ltr'><strong>non</strong></span> <span class='ocrx_word' id='word_1_787' title='bbox 2568 3733 2680 3802; x_wconf 83' lang='lat' dir='ltr'><strong>jam</strong></span> <span class='ocrx_word' id='word_1_788' title='bbox 2731 3740 2816 3787; x_wconf 91' lang='lat' dir='ltr'><strong>est</strong></span> <span class='ocrx_word' id='word_1_789' title='bbox 2869 3733 3019 3788; x_wconf 92' lang='lat' dir='ltr'><strong>solus</strong></span> <span class='ocrx_word' id='word_1_790' title='bbox 3061 3732 3204 3788; x_wconf 91' lang='lat' dir='ltr'><strong>Deus</strong></span> <span class='ocrx_word' id='word_1_791' title='bbox 3256 3733 3327 3799; x_wconf 92' lang='lat' dir='ltr'><strong>is,</strong></span> <span class='ocrx_word' id='word_1_792' title='bbox 3363 3734 3459 3802; x_wconf 88' lang='lat' dir='ltr'><strong>qui</strong></span> 
     </span>
    </p>
   </div>
   <div class='ocr_carea' id='block_1_99' title="bbox 1876 3823 3458 3894">
    <p class='ocr_par' dir='ltr' id='par_1_99' title="bbox 1876 3823 3458 3894">
     <span class='ocr_line' id='line_1_99' title="bbox 1876 3823 3458 3894; baseline 0.003 -17"><span class='ocrx_word' id='word_1_793' title='bbox 1876 3824 2094 3878; x_wconf 85' lang='lat' dir='ltr'><strong>mentiri</strong></span> <span class='ocrx_word' id='word_1_794' title='bbox 2115 3840 2220 3877; x_wconf 89' lang='lat' dir='ltr'><strong>non</strong></span> <span class='ocrx_word' id='word_1_795' title='bbox 2239 3825 2431 3894; x_wconf 91' lang='lat' dir='ltr'><strong>possit.</strong></span> <span class='ocrx_word' id='word_1_796' title='bbox 2447 3825 2639 3878; x_wconf 89' lang='lat' dir='ltr'><strong>Anam.</strong></span> <span class='ocrx_word' id='word_1_797' title='bbox 2659 3823 2775 3878; x_wconf 88' lang='lat' dir='ltr'><strong>Non</strong></span> <span class='ocrx_word' id='word_1_798' title='bbox 2795 3824 2932 3877; x_wconf 84' lang='lat' dir='ltr'><strong>dixit</strong></span> <span class='ocrx_word' id='word_1_799' title='bbox 2949 3824 3243 3893; x_wconf 86' lang='lat' dir='ltr'><strong>Apostolus</strong></span> <span class='ocrx_word' id='word_1_800' title='bbox 3277 3825 3458 3881; x_wconf 87' lang='lat' dir='ltr'><strong>solum</strong></span> 
     </span>
    </p>
   </div>
   <div class='ocr_carea' id='block_1_100' title="bbox 1878 3915 3446 3986">
    <p class='ocr_par' dir='ltr' id='par_1_100' title="bbox 1878 3915 3446 3986">
     <span class='ocr_line' id='line_1_100' title="bbox 1878 3915 3446 3986; baseline 0.003 -18"><span class='ocrx_word' id='word_1_801' title='bbox 1878 3915 2046 3970; x_wconf 90' lang='lat' dir='ltr'><strong>Deum</strong></span> <span class='ocrx_word' id='word_1_802' title='bbox 2074 3932 2183 3970; x_wconf 90' lang='lat' dir='ltr'><strong>non</strong></span> <span class='ocrx_word' id='word_1_803' title='bbox 2211 3933 2372 3986; x_wconf 88' lang='lat' dir='ltr'><strong>posse</strong></span> <span class='ocrx_word' id='word_1_804' title='bbox 2399 3917 2638 3980; x_wconf 86' lang='lat' dir='ltr'><strong>mentiri,</strong></span> <span class='ocrx_word' id='word_1_805' title='bbox 2667 3917 2761 3971; x_wconf 93' lang='lat' dir='ltr'><strong>sed</strong></span> <span class='ocrx_word' id='word_1_806' title='bbox 2795 3917 3131 3986; x_wconf 89' lang='lat' dir='ltr'><strong>impossibile</strong></span> <span class='ocrx_word' id='word_1_807' title='bbox 3172 3916 3282 3972; x_wconf 90' lang='lat' dir='ltr'><strong>Deo</strong></span> <span class='ocrx_word' id='word_1_808' title='bbox 3319 3933 3446 3973; x_wconf 87' lang='lat' dir='ltr'><strong>esse</strong></span> 
     </span>
    </p>
   </div>
   <div class='ocr_carea' id='block_1_101' title="bbox 1878 4007 3438 4079">
    <p class='ocr_par' dir='ltr' id='par_1_101' title="bbox 1878 4007 3438 4079">
     <span class='ocr_line' id='line_1_101' title="bbox 1878 4007 3438 4079; baseline 0.003 -19"><span class='ocrx_word' id='word_1_809' title='bbox 1878 4007 2115 4062; x_wconf 89' lang='lat' dir='ltr'><strong>mentiri.</strong></span> <span class='ocrx_word' id='word_1_810' title='bbox 2145 4007 2298 4064; x_wconf 82' lang='lat' dir='ltr'><strong>Orth.</strong></span> <span class='ocrx_word' id='word_1_811' title='bbox 2326 4008 2597 4078; x_wconf 86' lang='lat' dir='ltr'><strong>Quidquid</strong></span> <span class='ocrx_word' id='word_1_812' title='bbox 2633 4008 2835 4062; x_wconf 83' lang='lat' dir='ltr'><strong>factum</strong></span> <span class='ocrx_word' id='word_1_813' title='bbox 2853 4017 2957 4073; x_wconf 90' lang='lat' dir='ltr'><strong>est,</strong></span> <span class='ocrx_word' id='word_1_814' title='bbox 2981 4008 3200 4063; x_wconf 90' lang='lat' dir='ltr'><strong>mentiri</strong></span> <span class='ocrx_word' id='word_1_815' title='bbox 3223 4016 3438 4079; x_wconf 90' lang='lat' dir='ltr'><strong>potest:</strong></span> 
     </span>
    </p>
   </div>
   <div class='ocr_carea' id='block_1_102' title="bbox 1879 4098 3457 4169">
    <p class='ocr_par' dir='ltr' id='par_1_102' title="bbox 1879 4098 3457 4169">
     <span class='ocr_line' id='line_1_102' title="bbox 1879 4098 3457 4169; baseline 0 -17"><span class='ocrx_word' id='word_1_816' title='bbox 1879 4098 2110 4169; x_wconf 90' lang='lat' dir='ltr'><strong>ideoque</strong></span> <span class='ocrx_word' id='word_1_817' title='bbox 2146 4099 2308 4154; x_wconf 88' lang='lat' dir='ltr'><strong>etiam</strong></span> <span class='ocrx_word' id='word_1_818' title='bbox 2339 4099 2611 4163; x_wconf 88' lang='lat' dir='ltr'><strong>diabolus,</strong></span> <span class='ocrx_word' id='word_1_819' title='bbox 2643 4114 2766 4153; x_wconf 91' lang='lat' dir='ltr'><strong>cum</strong></span> <span class='ocrx_word' id='word_1_820' title='bbox 2794 4107 2940 4154; x_wconf 84' lang='lat' dir='ltr'><strong>esset</strong></span> <span class='ocrx_word' id='word_1_821' title='bbox 2970 4099 3026 4153; x_wconf 93' lang='lat' dir='ltr'><strong>in</strong></span> <span class='ocrx_word' id='word_1_822' title='bbox 3056 4099 3234 4153; x_wconf 91' lang='lat' dir='ltr'><strong>medio</strong></span> <span class='ocrx_word' id='word_1_823' title='bbox 3258 4099 3457 4153; x_wconf 88' lang='lat' dir='ltr'><strong>cheru-</strong></span> 
     </span>
    </p>
   </div>
   <div class='ocr_carea' id='block_1_103' title="bbox 1879 4187 3458 4258">
    <p class='ocr_par' dir='ltr' id='par_1_103' title="bbox 1879 4187 3458 4258">
     <span class='ocr_line' id='line_1_103' title="bbox 1879 4187 3458 4258; baseline -0.001 -16"><span class='ocrx_word' id='word_1_824' title='bbox 1879 4189 2010 4254; x_wconf 90' lang='lat' dir='ltr'><strong>bim,</strong></span> <span class='ocrx_word' id='word_1_825' title='bbox 2039 4188 2217 4258; x_wconf 90' lang='lat' dir='ltr'><strong>potuit</strong></span> <span class='ocrx_word' id='word_1_826' title='bbox 2246 4188 2487 4243; x_wconf 89' lang='lat' dir='ltr'><strong>mentiri.</strong></span> <span class='ocrx_word' id='word_1_827' title='bbox 2523 4187 2588 4241; x_wconf 91' lang='lat' dir='ltr'><strong>Et</strong></span> <span class='ocrx_word' id='word_1_828' title='bbox 2609 4189 2713 4242; x_wconf 88' lang='lat' dir='ltr'><strong>hoc</strong></span> <span class='ocrx_word' id='word_1_829' title='bbox 2742 4189 2919 4257; x_wconf 91' lang='lat' dir='ltr'><strong>ipsum</strong></span> <span class='ocrx_word' id='word_1_830' title='bbox 2946 4187 3186 4254; x_wconf 88' lang='lat' dir='ltr'><strong>mentiri,</strong></span> <span class='ocrx_word' id='word_1_831' title='bbox 3219 4194 3304 4242; x_wconf 89' lang='lat' dir='ltr'><strong>est</strong></span> <span class='ocrx_word' id='word_1_832' title='bbox 3335 4203 3458 4241; x_wconf 80' lang='lat' dir='ltr'><strong>mu—</strong></span> 
     </span>
    </p>
   </div>
   <div class='ocr_carea' id='block_1_104' title="bbox 1879 4277 3459 4356">
    <p class='ocr_par' dir='ltr' id='par_1_104' title="bbox 1879 4277 3459 4356">
     <span class='ocr_line' id='line_1_104' title="bbox 1879 4277 3459 4356; baseline -0.001 -23"><span class='ocrx_word' id='word_1_833' title='bbox 1879 4281 2014 4333; x_wconf 86' lang='lat' dir='ltr'><strong>tatio</strong></span> <span class='ocrx_word' id='word_1_834' title='bbox 2066 4280 2180 4344; x_wconf 87' lang='lat' dir='ltr'><strong>illa,</strong></span> <span class='ocrx_word' id='word_1_835' title='bbox 2235 4279 2324 4334; x_wconf 91' lang='lat' dir='ltr'><strong>cui</strong></span> <span class='ocrx_word' id='word_1_836' title='bbox 2382 4280 2616 4335; x_wconf 87' lang='lat' dir='ltr'><strong>virtutes</strong></span> <span class='ocrx_word' id='word_1_837' title='bbox 2649 4279 2946 4356; x_wconf 85' lang='lat' dir='ltr'><strong>rationales</strong></span> <span class='ocrx_word' id='word_1_838' title='bbox 2997 4284 3126 4334; x_wconf 90' lang='lat' dir='ltr'><strong>sunt</strong></span> <span class='ocrx_word' id='word_1_839' title='bbox 3181 4277 3459 4340; x_wconf 65' lang='lat' dir='ltr'><strong>obnoxiae.</strong></span> 
     </span>
    </p>
   </div>
   <div class='ocr_carea' id='block_1_105' title="bbox 1880 4355 3460 4435">
    <p class='ocr_par' dir='ltr' id='par_1_105' title="bbox 1880 4355 3460 4435">
     <span class='ocr_line' id='line_1_105' title="bbox 1880 4355 3460 4435; baseline 0 -12"><span class='ocrx_word' id='word_1_840' title='bbox 1880 4369 2022 4426; x_wconf 87' lang='lat' dir='ltr'><strong>Deus</strong></span> <span class='ocrx_word' id='word_1_841' title='bbox 2072 4377 2275 4434; x_wconf 88' lang='lat' dir='ltr'><strong>autem,</strong></span> <span class='ocrx_word' id='word_1_842' title='bbox 2306 4355 2449 4426; x_wconf 87' lang='lat' dir='ltr'><strong>cum</strong></span> <span class='ocrx_word' id='word_1_843' title='bbox 2484 4370 2556 4424; x_wconf 85' lang='lat' dir='ltr'><strong>sit</strong></span> <span class='ocrx_word' id='word_1_844' title='bbox 2588 4370 2944 4426; x_wconf 89' lang='lat' dir='ltr'><strong>immutabilis</strong></span> <span class='ocrx_word' id='word_1_845' title='bbox 2965 4411 2980 4435; x_wconf 89' lang='lat'><strong>,</strong></span> <span class='ocrx_word' id='word_1_846' title='bbox 3028 4369 3249 4425; x_wconf 90' lang='lat' dir='ltr'><strong>mentiri</strong></span> <span class='ocrx_word' id='word_1_847' title='bbox 3281 4369 3460 4424; x_wconf 87' lang='lat' dir='ltr'><strong>nulla-</strong></span> 
     </span>
    </p>
   </div>
   <div class='ocr_carea' id='block_1_106' title="bbox 1884 4458 3459 4528">
    <p class='ocr_par' dir='ltr' id='par_1_106' title="bbox 1884 4458 3459 4528">
     <span class='ocr_line' id='line_1_106' title="bbox 1884 4458 3459 4528; baseline 0.003 -16"><span class='ocrx_word' id='word_1_848' title='bbox 1884 4468 2042 4513; x_wconf 89' lang='lat' dir='ltr'><strong>tenus</strong></span> <span class='ocrx_word' id='word_1_849' title='bbox 2095 4465 2275 4528; x_wconf 88' lang='lat' dir='ltr'><strong>potest</strong></span> <span class='ocrx_word' id='word_1_850' title='bbox 2311 4474 2325 4510; x_wconf 88' lang='lat'><strong>:</strong></span> <span class='ocrx_word' id='word_1_851' title='bbox 2361 4473 2426 4512; x_wconf 88' lang='lat' dir='ltr'><strong>ac</strong></span> <span class='ocrx_word' id='word_1_852' title='bbox 2477 4458 2622 4513; x_wconf 88' lang='lat' dir='ltr'><strong>sicut</strong></span> <span class='ocrx_word' id='word_1_853' title='bbox 2670 4460 2822 4514; x_wconf 91' lang='lat' dir='ltr'><strong>solus</strong></span> <span class='ocrx_word' id='word_1_854' title='bbox 2873 4467 2957 4515; x_wconf 88' lang='lat' dir='ltr'><strong>est</strong></span> <span class='ocrx_word' id='word_1_855' title='bbox 2995 4459 3373 4526; x_wconf 88' lang='lat' dir='ltr'><strong>immutabilis,</strong></span> <span class='ocrx_word' id='word_1_856' title='bbox 3405 4464 3459 4518; x_wconf 80' lang='lat' dir='ltr'><strong>et.</strong></span> 
     </span>
    </p>
   </div>
   <div class='ocr_carea' id='block_1_107' title="bbox 1886 4547 3458 4612">
    <p class='ocr_par' dir='ltr' id='par_1_107' title="bbox 1886 4547 3458 4612">
     <span class='ocr_line' id='line_1_107' title="bbox 1886 4547 3458 4612; baseline -0.001 -10"><span class='ocrx_word' id='word_1_857' title='bbox 1886 4549 2038 4602; x_wconf 89' lang='lat' dir='ltr'><strong>solus</strong></span> <span class='ocrx_word' id='word_1_858' title='bbox 2067 4547 2413 4611; x_wconf 84' lang='lat' dir='ltr'><strong>immortalis,</strong></span> <span class='ocrx_word' id='word_1_859' title='bbox 2449 4557 2502 4602; x_wconf 89' lang='lat' dir='ltr'><strong>et</strong></span> <span class='ocrx_word' id='word_1_860' title='bbox 2540 4548 2692 4602; x_wconf 87' lang='lat' dir='ltr'><strong>solus</strong></span> <span class='ocrx_word' id='word_1_861' title='bbox 2740 4548 3055 4612; x_wconf 89' lang='lat' dir='ltr'><strong>invisibilis,</strong></span> <span class='ocrx_word' id='word_1_862' title='bbox 3091 4555 3144 4602; x_wconf 89' lang='lat' dir='ltr'><strong>et</strong></span> <span class='ocrx_word' id='word_1_863' title='bbox 3194 4548 3345 4604; x_wconf 88' lang='lat' dir='ltr'><strong>solus</strong></span> <span class='ocrx_word' id='word_1_864' title='bbox 3375 4549 3458 4601; x_wconf 82' lang='lat' dir='ltr'><strong>in-</strong></span> 
     </span>
    </p>
   </div>
   <div class='ocr_carea' id='block_1_108' title="bbox 1885 4638 3454 4708">
    <p class='ocr_par' dir='ltr' id='par_1_108' title="bbox 1885 4638 3454 4708">
     <span class='ocr_line' id='line_1_108' title="bbox 1885 4638 3454 4708; baseline -0.001 -16"><span class='ocrx_word' id='word_1_865' title='bbox 1885 4638 2282 4708; x_wconf 88' lang='lat' dir='ltr'><strong>corruptibilis,</strong></span> <span class='ocrx_word' id='word_1_866' title='bbox 2321 4638 2396 4692; x_wconf 88' lang='lat' dir='ltr'><strong>ita</strong></span> <span class='ocrx_word' id='word_1_867' title='bbox 2435 4639 2597 4693; x_wconf 89' lang='lat' dir='ltr'><strong>etiam</strong></span> <span class='ocrx_word' id='word_1_868' title='bbox 2633 4640 2785 4694; x_wconf 90' lang='lat' dir='ltr'><strong>solus</strong></span> <span class='ocrx_word' id='word_1_869' title='bbox 2837 4640 3056 4695; x_wconf 91' lang='lat' dir='ltr'><strong>mentiri</strong></span> <span class='ocrx_word' id='word_1_870' title='bbox 3090 4655 3198 4693; x_wconf 90' lang='lat' dir='ltr'><strong>non</strong></span> <span class='ocrx_word' id='word_1_871' title='bbox 3254 4646 3454 4708; x_wconf 88' lang='lat' dir='ltr'><strong>potest,</strong></span> 
     </span>
    </p>
   </div>
   <div class='ocr_carea' id='block_1_109' title="bbox 1887 4729 3457 4801">
    <p class='ocr_par' dir='ltr' id='par_1_109' title="bbox 1887 4729 3457 4801">
     <span class='ocr_line' id='line_1_109' title="bbox 1887 4729 3457 4801; baseline -0.001 -16"><span class='ocrx_word' id='word_1_872' title='bbox 1887 4739 1938 4785; x_wconf 85' lang='lat' dir='ltr'><strong>et</strong></span> <span class='ocrx_word' id='word_1_873' title='bbox 1975 4731 2078 4785; x_wconf 89' lang='lat' dir='ltr'><strong>hoc</strong></span> <span class='ocrx_word' id='word_1_874' title='bbox 2111 4745 2400 4786; x_wconf 91' lang='lat' dir='ltr'><strong>commune</strong></span> <span class='ocrx_word' id='word_1_875' title='bbox 2433 4738 2516 4787; x_wconf 89' lang='lat' dir='ltr'><strong>est</strong></span> <span class='ocrx_word' id='word_1_876' title='bbox 2553 4730 2702 4786; x_wconf 85' lang='lat' dir='ltr'><strong>Patri</strong></span> <span class='ocrx_word' id='word_1_877' title='bbox 2730 4771 2745 4796; x_wconf 90' lang='lat'><strong>,</strong></span> <span class='ocrx_word' id='word_1_878' title='bbox 2788 4730 2949 4797; x_wconf 90' lang='lat' dir='ltr'><strong>Filio,</strong></span> <span class='ocrx_word' id='word_1_879' title='bbox 2983 4740 3037 4786; x_wconf 91' lang='lat' dir='ltr'><strong>et</strong></span> <span class='ocrx_word' id='word_1_880' title='bbox 3071 4729 3296 4801; x_wconf 88' lang='lat' dir='ltr'><strong>Spiritui</strong></span> <span class='ocrx_word' id='word_1_881' title='bbox 3331 4744 3457 4784; x_wconf 89' lang='lat' dir='ltr'><strong>san-</strong></span> 
     </span>
    </p>
   </div>
   <div class='ocr_carea' id='block_1_110' title="bbox 1887 4821 3459 4893">
    <p class='ocr_par' dir='ltr' id='par_1_110' title="bbox 1887 4821 3459 4893">
     <span class='ocr_line' id='line_1_110' title="bbox 1887 4821 3459 4893; baseline -0.002 -16"><span class='ocrx_word' id='word_1_882' title='bbox 1887 4831 1994 4878; x_wconf 86' lang='lat' dir='ltr'><strong>ato.</strong></span> <span class='ocrx_word' id='word_1_883' title='bbox 2028 4822 2216 4876; x_wconf 81' lang='lat' dir='ltr'><strong>Anam.</strong></span> <span class='ocrx_word' id='word_1_884' title='bbox 2246 4822 2528 4888; x_wconf 91' lang='lat' dir='ltr'><strong>Quomodo</strong></span> <span class='ocrx_word' id='word_1_885' title='bbox 2552 4839 2684 4893; x_wconf 84' lang='lat' dir='ltr'><strong>ergo</strong></span> <span class='ocrx_word' id='word_1_886' title='bbox 2699 4823 2767 4878; x_wconf 91' lang='lat' dir='ltr'><strong>de</strong></span> <span class='ocrx_word' id='word_1_887' title='bbox 2799 4823 3005 4893; x_wconf 86' lang='lat' dir='ltr'><strong>Spiritu</strong></span> <span class='ocrx_word' id='word_1_888' title='bbox 3057 4821 3280 4885; x_wconf 89' lang='lat' dir='ltr'><strong>dicitur,</strong></span> <span class='ocrx_word' id='word_1_889' title='bbox 3308 4822 3459 4891; x_wconf 79' lang='lat' dir='ltr'><strong>quod</strong></span> 
     </span>
    </p>
   </div>
   <div class='ocr_carea' id='block_1_111' title="bbox 1892 4910 3456 4982">
    <p class='ocr_par' dir='ltr' id='par_1_111' title="bbox 1892 4910 3456 4982">
     <span class='ocr_line' id='line_1_111' title="bbox 1892 4910 3456 4982; baseline -0.001 -20"><span class='ocrx_word' id='word_1_890' title='bbox 1892 4929 1912 4962; x_wconf 74' lang='grc' dir='ltr'><strong>ι</strong></span> <span class='ocrx_word' id='word_1_891' title='bbox 1951 4926 2062 4968; x_wconf 89' lang='lat' dir='ltr'><strong>non</strong></span> <span class='ocrx_word' id='word_1_892' title='bbox 2111 4912 2367 4980; x_wconf 88' lang='lat' dir='ltr'><strong>loquetur</strong></span> <span class='ocrx_word' id='word_1_893' title='bbox 2406 4927 2471 4966; x_wconf 83' lang='lat' dir='ltr'><strong>ex</strong></span> <span class='ocrx_word' id='word_1_894' title='bbox 2506 4912 2823 4982; x_wconf 89' lang='lat' dir='ltr'><strong>semetipso,</strong></span> <span class='ocrx_word' id='word_1_895' title='bbox 2858 4910 2955 4965; x_wconf 84' lang='lat' dir='ltr'><strong>sed</strong></span> <span class='ocrx_word' id='word_1_896' title='bbox 2987 4924 3324 4978; x_wconf 65' lang='lat' dir='ltr'><strong>quaecunque</strong></span> <span class='ocrx_word' id='word_1_897' title='bbox 3366 4923 3456 4961; x_wconf 89' lang='lat' dir='ltr'><strong>au-</strong></span> 
     </span>
    </p>
   </div>
   <div class='ocr_carea' id='block_1_112' title="bbox 1893 5000 3457 5074">
    <p class='ocr_par' dir='ltr' id='par_1_112' title="bbox 1893 5000 3457 5074">
     <span class='ocr_line' id='line_1_112' title="bbox 1893 5000 3457 5074; baseline -0.003 -18"><span class='ocrx_word' id='word_1_898' title='bbox 1893 5002 2026 5068; x_wconf 88' lang='lat' dir='ltr'><strong>diet,</strong></span> <span class='ocrx_word' id='word_1_899' title='bbox 2067 5004 2319 5073; x_wconf 91' lang='lat' dir='ltr'><strong>loquetur</strong></span> <span class='ocrx_word' id='word_1_900' title='bbox 2341 5005 2385 5036; x_wconf 75' lang='grc'><strong>³⁸</strong></span> <span class='ocrx_word' id='word_1_901' title='bbox 2411 5022 2425 5058; x_wconf 88' lang='lat'><strong>:</strong></span> <span class='ocrx_word' id='word_1_902' title='bbox 2465 5023 2484 5056; x_wconf 77' lang='grc' dir='ltr'><strong>ι</strong></span> <span class='ocrx_word' id='word_1_903' title='bbox 2524 5004 2792 5074; x_wconf 90' lang='lat' dir='ltr'><strong>siquidem</strong></span> <span class='ocrx_word' id='word_1_904' title='bbox 2823 5002 3063 5072; x_wconf 85' lang='lat' dir='ltr'><strong>ejusdem</strong></span> <span class='ocrx_word' id='word_1_905' title='bbox 3091 5006 3175 5056; x_wconf 85' lang='lat' dir='ltr'><strong>est</strong></span> <span class='ocrx_word' id='word_1_906' title='bbox 3201 5007 3408 5053; x_wconf 58' lang='lat' dir='ltr'><strong>natura}</strong></span> <span class='ocrx_word' id='word_1_907' title='bbox 3431 5000 3457 5053; x_wconf 69' lang='lat'><strong>1‘</strong></span> 
     </span>
    </p>
   </div>
   <div class='ocr_carea' id='block_1_113' title="bbox 1886 5091 3457 5165">
    <p class='ocr_par' dir='ltr' id='par_1_113' title="bbox 1886 5091 3457 5165">
     <span class='ocr_line' id='line_1_113' title="bbox 1886 5091 3457 5165; baseline -0.001 -19"><span class='ocrx_word' id='word_1_908' title='bbox 1886 5092 2037 5156; x_wconf 81' lang='lat' dir='ltr'><strong>Orth.</strong></span> <span class='ocrx_word' id='word_1_909' title='bbox 2064 5093 2176 5150; x_wconf 91' lang='lat' dir='ltr'><strong>lmo</strong></span> <span class='ocrx_word' id='word_1_910' title='bbox 2207 5095 2312 5150; x_wconf 90' lang='lat' dir='ltr'><strong>hoc</strong></span> <span class='ocrx_word' id='word_1_911' title='bbox 2343 5097 2520 5165; x_wconf 88' lang='lat' dir='ltr'><strong>ipsum</strong></span> <span class='ocrx_word' id='word_1_912' title='bbox 2541 5095 2780 5152; x_wconf 88' lang='lat' dir='ltr'><strong>ostendit</strong></span> <span class='ocrx_word' id='word_1_913' title='bbox 2810 5109 2934 5149; x_wconf 90' lang='lat' dir='ltr'><strong>eum</strong></span> <span class='ocrx_word' id='word_1_914' title='bbox 2989 5107 3206 5163; x_wconf 90' lang='lat' dir='ltr'><strong>quoque</strong></span> <span class='ocrx_word' id='word_1_915' title='bbox 3235 5091 3457 5145; x_wconf 83' lang='lat' dir='ltr'><strong>mentiri</strong></span> 
     </span>
    </p>
   </div>
   <div class='ocr_carea' id='block_1_114' title="bbox 1885 5179 3456 5256">
    <p class='ocr_par' dir='ltr' id='par_1_114' title="bbox 1885 5179 3456 5256">
     <span class='ocr_line' id='line_1_114' title="bbox 1885 5179 3456 5256; baseline -0.003 -18"><span class='ocrx_word' id='word_1_916' title='bbox 1885 5200 1994 5239; x_wconf 91' lang='lat' dir='ltr'><strong>non</strong></span> <span class='ocrx_word' id='word_1_917' title='bbox 2039 5201 2222 5255; x_wconf 87' lang='lat' dir='ltr'><strong>posse,</strong></span> <span class='ocrx_word' id='word_1_918' title='bbox 2257 5195 2311 5241; x_wconf 89' lang='lat' dir='ltr'><strong>et</strong></span> <span class='ocrx_word' id='word_1_919' title='bbox 2344 5187 2586 5256; x_wconf 87' lang='lat' dir='ltr'><strong>ejusdem</strong></span> <span class='ocrx_word' id='word_1_920' title='bbox 2636 5201 2759 5242; x_wconf 91' lang='lat' dir='ltr'><strong>esse</strong></span> <span class='ocrx_word' id='word_1_921' title='bbox 2805 5193 3031 5238; x_wconf 83' lang='lat' dir='ltr'><strong>naturae.</strong></span> <span class='ocrx_word' id='word_1_922' title='bbox 3082 5181 3270 5235; x_wconf 84' lang='lat' dir='ltr'><strong>Anam.</strong></span> <span class='ocrx_word' id='word_1_923' title='bbox 3308 5179 3456 5247; x_wconf 50' lang='lat' dir='ltr'><strong>Quo.</strong></span> 
     </span>
    </p>
   </div>
   <div class='ocr_carea' id='block_1_115' title="bbox 1887 5273 3513 5348">
    <p class='ocr_par' dir='ltr' id='par_1_115' title="bbox 1887 5273 3513 5348">
     <span class='ocr_line' id='line_1_115' title="bbox 1887 5273 3513 5348; baseline -0.002 -18"><span class='ocrx_word' id='word_1_924' title='bbox 1887 5275 2084 5332; x_wconf 86' lang='lat' dir='ltr'><strong>modo?</strong></span> <span class='ocrx_word' id='word_1_925' title='bbox 2122 5277 2276 5332; x_wconf 82' lang='lat' dir='ltr'><strong>Orth.</strong></span> <span class='ocrx_word' id='word_1_926' title='bbox 2308 5277 2576 5343; x_wconf 90' lang='lat' dir='ltr'><strong>Quoniam</strong></span> <span class='ocrx_word' id='word_1_927' title='bbox 2606 5275 2870 5348; x_wconf 88' lang='lat' dir='ltr'><strong>quidquid</strong></span> <span class='ocrx_word' id='word_1_928' title='bbox 2902 5274 3107 5328; x_wconf 84' lang='lat' dir='ltr'><strong>factum</strong></span> <span class='ocrx_word' id='word_1_929' title='bbox 3139 5280 3243 5337; x_wconf 91' lang='lat' dir='ltr'><strong>est,</strong></span> <span class='ocrx_word' id='word_1_930' title='bbox 3280 5273 3456 5342; x_wconf 89' lang='lat' dir='ltr'><strong>siqui-</strong></span> <span class='ocrx_word' id='word_1_931' title='bbox 3491 5297 3513 5343; x_wconf 64' lang='grc' dir='ltr'>,ι</span> 
     </span>
    </p>
   </div>
   <div class='ocr_carea' id='block_1_116' title="bbox 2243 5425 3456 5498">
    <p class='ocr_par' dir='ltr' id='par_1_116' title="bbox 2243 5425 3456 5498">
     <span class='ocr_line' id='line_1_116' title="bbox 2243 5425 3456 5498; baseline -0.003 -15"><span class='ocrx_word' id='word_1_932' title='bbox 2243 5431 2287 5462; x_wconf 83' lang='grc'>³⁸</span> <span class='ocrx_word' id='word_1_933' title='bbox 2325 5428 2430 5486; x_wconf 87' lang='lat' dir='ltr'><strong>lsa.</strong></span> <span class='ocrx_word' id='word_1_934' title='bbox 2469 5445 2628 5498; x_wconf 69' lang='grc' dir='ltr'>χχιιι,</span> <span class='ocrx_word' id='word_1_935' title='bbox 2664 5429 2750 5484; x_wconf 90' lang='grc'><strong>18.</strong></span> <span class='ocrx_word' id='word_1_936' title='bbox 2857 5429 2902 5462; x_wconf 72' lang='grc'>³⁸</span> <span class='ocrx_word' id='word_1_937' title='bbox 2941 5425 3082 5484; x_wconf 88' lang='lat' dir='ltr'><strong>Psal.</strong></span> <span class='ocrx_word' id='word_1_938' title='bbox 3121 5440 3327 5492; x_wconf 76' lang='lat' dir='ltr'><strong>cxvm,</strong></span> <span class='ocrx_word' id='word_1_939' title='bbox 3365 5425 3456 5484; x_wconf 77' lang='lat' dir='ltr'><strong>9L</strong></span> 
     </span>
    </p>
   </div>
   <div class='ocr_carea' id='block_1_117' title="bbox 1883 5611 2374 5683">
    <p class='ocr_par' dir='ltr' id='par_1_117' title="bbox 1883 5611 2374 5683">
     <span class='ocr_line' id='line_1_117' title="bbox 1883 5611 2374 5683; baseline -0.002 -15"><span class='ocrx_word' id='word_1_940' title='bbox 1883 5611 2050 5674; x_wconf 86' lang='lat' dir='ltr'><strong>idem,</strong></span> <span class='ocrx_word' id='word_1_941' title='bbox 2091 5613 2374 5683; x_wconf 79' lang='grc' dir='ltr'>χερουϐίμ.</span> 
     </span>
    </p>
   </div>
   <div class='ocr_carea' id='block_1_118' title="bbox 1960 5683 2580 5756">
    <p class='ocr_par' dir='ltr' id='par_1_118' title="bbox 1960 5683 2580 5756">
     <span class='ocr_line' id='line_1_118' title="bbox 1960 5683 2580 5756; baseline -0.006 -18"><span class='ocrx_word' id='word_1_942' title='bbox 1960 5683 2070 5756; x_wconf 79' lang='grc'><strong>(86)</strong></span> <span class='ocrx_word' id='word_1_943' title='bbox 2111 5683 2232 5737; x_wconf 85' lang='grc' dir='ltr'>Ὅτι</span> <span class='ocrx_word' id='word_1_944' title='bbox 2262 5683 2421 5750; x_wconf 85' lang='grc' dir='ltr'>θέλει,</span> <span class='ocrx_word' id='word_1_945' title='bbox 2448 5683 2580 5756; x_wconf 73' lang='lat' dir='ltr'><strong>Reg.</strong></span> 
     </span>
    </p>
   </div>
  </div>
