3862 6204
361 311 492 366 1151

1434 309 1492 367 S.
1525 309 1988 367 ATIIANASIUS.
2028 343 2098 354 -
2134 311 2404 368 SPURIA.

3467 314 3626 365 “52

359 425 482 478 dem
517 423 588 478 sit
621 423 848 480 rationis
886 423 1180 495 particeps,
1234 425 1325 480 ubi
1377 427 1513 491 vult,
1555 427 1720 482 etiam
1753 443 1818 482 ex
1864 443 1955 492 se,

2058 429 2172 501 ῖπῃ.
2198 428 2270 482 Τὸ
2294 428 2350 480 δὲ
2376 427 2600 498 Πνεῦμα
2619 429 2717 499 οὺχ
2743 427 2937 495 οὕτως,
2961 427 3073 482 ἀλλ’
3095 427 3171 491 ὡς
3194 424 3420 496 Πνεῦμα
3441 425 3611 491 Θεοῦ,

361 514 621 583 loquitur,
659 516 1098 586 quandoquidem
1143 517 1307 572 etiam
1348 534 1446 573 sua
1475 520 1696 588 propria
1731 519 1927 588 praedi-

2031 521 2194 572 ταυτὸ
2227 519 2435 590 θέλημα
2471 518 2582 588 ἔχει
2620 519 2697 589 τῷ
2732 517 2868 588 Θεῷ·
2898 520 2990 572 καὶ
3023 519 3178 573 τοῦτό
3209 521 3325 571 ἐστι
3353 517 3434 581 τὸ,
3473 537 3490 568 ι
3524 519 3609 571 Οὐ

362 611 476 658 tum
519 613 603 660 est
643 607 940 671 voluntate,
995 609 1080 661 cui
1131 608 1403 663 silentium
1445 610 1692 678 imponit,
1735 617 1795 662 ut
1835 607 1926 661 Dei

2058 610 2251 679 ,αλήσει
2286 611 2374 678 ἀφ’
2401 609 2616 664 ἐαυτοῦ.
2645 628 2660 660 ι
2689 610 2797 662 Καὶ
2811 608 2918 680 γὰρ
2936 611 3027 663 καὶ
3055 609 3184 680 περὶ
3201 608 3391 662 ἑαυτοῦ
3420 609 3449 660 6
3475 607 3610 670 Υἱὸς

353 693 697 764 voluntatem
748 695 914 751 dicat.
961 697 1029 750 At
1070 696 1304 768 Spiritus
1354 715 1461 752 non
1496 701 1567 753 ita
1597 707 1701 763 est,
1749 700 1842 754 sed
1873 708 1931 753 ut

365 783 458 839 Dei
483 785 720 855 Spiritus
747 789 988 842 eamdem
1020 805 1182 858 quam
1220 789 1360 845 Deus
1397 791 1558 845 habet
1593 791 1708 860 ipse
1737 791 1931 843 volun-

365 885 573 933 tatem:
609 887 662 934 et
701 880 804 934 hoc
849 889 954 944 est,
998 900 1017 931 ι
1056 881 1172 935 Non
1200 882 1454 951 loquetur
1494 897 1523 934 a
1557 883 1870 951 semetipso.
1909 901 1926 933 ι

368 968 502 1022 Nam
530 979 584 1025 et
621 969 791 1027 Filius
818 973 885 1027 de
918 989 976 1027 se
1006 973 1144 1026 dixit
1171 992 1184 1028 :
1217 993 1235 1024 ε
1270 973 1348 1027 Ex
1372 974 1580 1044 mcipso
1609 974 1744 1028 nihil
1769 973 1933 1037 facio,

369 1061 463 1114 sed
500 1070 558 1114 ut
586 1063 772 1116 docuit
795 1080 879 1118 me
910 1065 1088 1129 Pater,
1122 1065 1224 1120 ista
1256 1067 1450 1136 loquor
1491 1067 1560 1119 ".
1600 1087 1616 1116 ι
1649 1066 1730 1118 An
1773 1066 1936 1135 igitur

369 1150 606 1204 Verbum
660 1153 789 1207 illud
828 1154 918 1208 Dei
962 1166 1016 1209 et
1051 1156 1138 1208 illa
1189 1155 1280 1209 Dei
1335 1156 1611 1226 Sapientia
1641 1157 1934 1220 nesciebat,

367 1241 498 1310 quid
529 1243 775 1298 locutura
805 1248 992 1300 esset?
1025 1247 1198 1309 Absit,
1233 1256 1292 1300 ut
1337 1249 1624 1317 quisquam
1670 1248 1940 1301 Christia-

372 1347 478 1386 nus
511 1333 612 1386 hoc
656 1335 961 1389 existimet!
998 1337 1100 1392 sed
1123 1337 1224 1392 ista
1259 1354 1358 1391 nos
1386 1338 1666 1400 docemur,
1692 1348 1749 1391 ut
1779 1346 1831 1392 et
1856 1354 1942 1391 na-

369 1428 548 1475 turam
575 1424 858 1494 utriusque
881 1428 1124 1482 eamdem
1169 1444 1290 1482 esse
1321 1431 1580 1492 sciamus,
1610 1435 1662 1480 et
1695 1429 1945 1480 volunta-

369 1519 498 1578 tem,
550 1529 672 1582 qua:
721 1514 1040 1571 divisionem
1089 1519 1292 1571 nullam
1349 1519 1553 1587 patitur
1583 1537 1596 1572 :
1625 1518 1710 1572 sin
1741 1518 1940 1580 minus,

2035 697 2206 763 εἶπεν,
2235 702 2314 754 ὃτι
2359 720 2376 752 t
2425 690 2544 754 Ἀπ’
2579 700 2810 772 ἐμαυτοῦ
2853 701 2989 753 ποιῶ
3022 702 3194 766 οὐδὲν,
3239 700 3374 754 ἀλλὰ
3419 697 3607 761 καθὼς

2035 789 2238 855 ἐδίδαξέ
2272 808 2336 860 με
2362 793 2389 844 6
2420 793 2627 863 Πατὴρ,
2652 791 2822 844 ταῦτα
2845 792 3007 846 λαλῶ.
3040 813 3058 844 ι
3089 788 3235 862 ’Ἃρα
3261 787 3354 844 οῦν
3378 793 3406 843 6
3434 792 3606 857 Λόγος

2039 883 2067 933 6
2093 879 2186 932 τοῦ
2217 880 2372 946 Θεοῦ,
2392 883 2424 952 ή
2442 883 2601 950 σοφία
2629 884 2661 954 ἡ
2690 882 2783 936 τοῦ
2815 883 2971 949 Θεοῦ,
3007 884 3107 937 οὐκ
3131 883 3246 953 ᾔδει
3267 883 3319 935 τί
3345 882 3602 952 λαλήσει;

2037 973 2128 1042 Μὴ
2163 971 2369 1025 γένοιτο
2397 957 2548 1026 τοῦτο
2575 973 2855 1044 ἄνθρωπον
2896 975 3214 1046 Χριστιανὸν
3254 972 3600 1041 λογίσασθαιε

2040 1058 2154 1109 ἀλλ’
2192 1060 2276 1112 ἵνα
2317 1060 2530 1132 γνῶμεν
2564 1063 2721 1132 ἡμεῖς
2756 1063 2818 1116 τὸ
2847 1063 3010 1116 ταυτὸ
3040 1062 3137 1132 τῆς
3167 1060 3396 1131 φύσεως,
3427 1059 3608 1112 καὶτὸ

2040 1147 2338 1217 ἀδιαίρετον
2366 1149 2459 1202 τοῦ
2500 1149 2820 1221 θελήματος,
2859 1150 3029 1204 ταῦτα
3057 1133 3440 1219 διδασκόμεθαί
3470 1149 3517 1200 εἰ
3549 1146 3605 1199 δὲ

2045 1240 2139 1310 μὴ,
2176 1241 2384 1306 Παῦλος
2411 1244 2507 1312 μὲν
2534 1243 2703 1311 λέγει·
2737 1261 2755 1294 ι
2797 1243 2931 1314 Περὶ
2957 1242 3015 1294 δὲ
3038 1242 3144 1294 τῶν
3174 1240 3457 1311 παρθένων
3487 1239 3608 1288 ἑπι-

2038 1332 2211 1402 ταγὴν
2234 1333 2438 1403 Κυρίου
2465 1335 2564 1386 οὐκ
2596 1333 2724 1403 ἔχω,
2757 1333 2980 1404 γνώμην
3019 1333 3074 1385 δὲ
3102 1331 3292 1401 δίδωμι
3335 1330 3410 1392 ὼς
3440 1328 3609 1397 ἠλεη-

2045 1424 2220 1494 μένοςο
2246 1444 2264 1475 ι
2293 1426 2322 1477 6
2354 1424 2410 1478 δὲ
2442 1425 2567 1488 Υἱὸς
2599 1424 2817 1494 ἐντολὴν
2850 1423 3135 1494 λαμϐάνει,
3175 1423 3226 1474 τί
3257 1423 3403 1494 εἴτι-ῃ,
3441 1419 3536 1471 καὶ
3557 1418 3611 1468 τί

2039 1515 2283 1586 λαλήσει,
2318 1517 2411 1569 καὶ
2436 1516 2497 1568 τὸ
2526 1516 2748 1586 Πνεῦμα
2771 1516 2830 1568 οὐ
2860 1514 3006 1567 λαλεῖ
3039 1513 3132 1582 ἀφ’
3162 1511 3372 1566 ἑαυτοῦ.

370 1600 572 1659 Paulus
635 1604 853 1674 quidem
909 1605 1042 1661 dicit
1078 1623 1090 1657 :
1132 1625 1151 1657 ε
1208 1607 1282 1662 De
1316 1608 1618 1676 virginibus
1668 1615 1994 1677 praeceptum
2036 1604 2249 1660 Domini
2297 1622 2405 1660 non
2446 1607 2644 1670 habeo,
2699 1606 2988 1661 consilium
3019 1614 3199 1659 autem
3250 1605 3316 1658 do
3346 1611 3616 1671 tanquam

371 1694 798 1750 misericordiam
829 1706 1160 1752 consecutus
1178 1700 1242 1751 ³⁸.
1275 1719 1292 1750 ι
1325 1699 1394 1752 At
1418 1699 1586 1755 Filius
1635 1706 1964 1769 praeceptum
2007 1698 2206 1768 accipit
2251 1697 2317 1754 de
2354 1713 2420 1753 eo
2462 1697 2608 1769 quod
2651 1697 2904 1759 dicturus
2962 1704 3016 1752 et
3065 1697 3349 1751 locuturus
3392 1702 3499 1755 est,
3562 1700 3620 1746 et

373 1782 612 1855 Spiritus
640 1803 706 1842 ex
740 1790 1036 1858 semetipso
1067 1806 1174 1844 non
1205 1791 1446 1859 loquitur

441 1876 599 1949 42],
625 1879 714 1933 25.
732 1881 921 1934 Anam.
941 1881 1058 1936 Non
1081 1884 1240 1938 habet
1268 1900 1396 1953 ergo
1415 1882 1649 1952 Spiritus
1664 1882 1936 1952 propriam

2108 1879 2198 1932 23.
2249 1879 2436 1947 ’Δγ-ὀμ.
2462 1879 2574 1931 Ούκ
2602 1877 2714 1948 ἔχει
2737 1873 2831 1931 οῦν
2857 1878 2985 1930 ἴδιον
3025 1876 3233 1948 Θέλημα
3271 1876 3331 1928 τὸ
3363 1875 3622 1945 Πνεῦμα.

372 1967 748 2022 Voluntatem?
794 1969 948 2025 Ort/z.
984 1973 1159 2036 Absit,
1196 1989 1317 2042 qua:
1349 1974 1566 2042 quidem
1601 1974 1708 2028 Deo
1748 1989 1813 2027 ex
1843 1974 1941 2026 ad-

375 2073 536 2114 verso
563 2061 926 2129 respondeat!
973 2079 1074 2117 nec
1124 2064 1270 2118 enim
1305 2065 1466 2118 modo
1514 2065 1628 2118 vult
1679 2079 1800 2134 qua:
1847 2062 1944 2118 Dei

377 2158 541 2215 sunt,
578 2151 737 2206 modo
762 2168 889 2207 vero
924 2171 1045 2224 qua:
1094 2157 1176 2210 sui
1205 2155 1376 2221 ipsius
1405 2173 1417 2208 :
1461 2157 1556 2210 sed
1590 2157 1636 2211 si
1668 2157 1799 2228 quid
1830 2156 1945 2209 vult

378 2240 617 2312 Spiritus
649 2252 894 2307 sanctus,
935 2246 1050 2300 haec
1093 2259 1177 2302 est
1210 2247 1300 2302 Dei
1331 2249 1582 2303 voluntas
1616 2267 1629 2302 :
1661 2257 1715 2302 et
1741 2249 1787 2303 si
1814 2248 1946 2318 quid

377 2333 494 2386 vult
533 2331 693 2400 Deus,
715 2335 830 2388 haec
858 2344 942 2390 est
976 2337 1214 2405 Spiritus
1236 2339 1508 2392 voluntas.
1532 2344 1722 2392 Anam.
1757 2337 1946 2392 Enim-

377 2439 528 2488 vero,
557 2439 739 2480 annon
795 2427 940 2495 quod
991 2426 1134 2483 Deus
1195 2431 1343 2492 vult,
1385 2431 1573 2483 volunt
1605 2432 1769 2484 etiam
1823 2445 1949 2499 pro-

379 2515 588 2586 phetaa?
623 2516 774 2572 Ortlt.
825 2517 944 2572 Non
984 2535 1233 2590 semper;
1273 2521 1542 2575 interdum
1595 2521 1742 2575 enim
1783 2522 1949 2576 etiam

379 2623 447 2662 ex
484 2609 681 2678 seipsis
711 2611 1090 2680 loquebantur.
1136 2612 1272 2666 Cum
1306 2613 1508 2666 diceret
1542 2613 1686 2665 enim
1715 2614 1950 2682 primum

383 2699 604 2755 Moses:
645 2720 664 2752 ‹
704 2701 1067 2771 lmpeditioris
1119 2712 1173 2757 et
1217 2704 1476 2758 tardioris
1538 2704 1734 2773 linguae
1791 2720 1948 2766 sum,

383 2805 559 2860 neque
611 2791 794 2846 audiet
822 2809 907 2845 me
934 2792 1144 2846 Pharao
1177 2793 1223 2824 "
1253 2811 1264 2846 :
1308 2812 1326 2844 ι
1361 2800 1415 2847 et
1440 2792 1568 2846 illud
1604 2812 1616 2846 :
1658 2813 1678 2844 ε
1713 2792 1952 2848 Obsecro

387 2889 460 2945 te,
483 2883 621 2953 elige
648 2883 814 2937 alium
837 2883 913 2950 '°;
960 2903 978 2934 ι
1016 2883 1144 2953 quid
1176 2885 1320 2939 aliud
1350 2885 1636 2954 signiﬁcat,
1662 2900 1824 2954 quam
1849 2884 1954 2939 sibi

387 2975 548 3028 aliam
582 2976 912 3030 voluntatem
947 2979 1147 3042 inesse,
1188 2995 1350 3047 quam
1395 2988 1578 3048 postea
1610 2979 1871 3042 coercuit,
1895 2986 1955 3032 ut

387 3065 482 3120 Dei
515 3068 775 3122 voluntati
803 3069 1231 3138 obsequeretur?
1275 3071 1456 3122 Aaron
1488 3086 1704 3140 quoque
1739 3077 1792 3124 et
1837 3071 1957 3124 Mao

387 3158 468 3212 ria
486 3173 514 3212 a
533 3159 726 3227 seipsis
750 3161 1004 3214 commoti
1027 3169 1435 3214 murmurarunt
1456 3160 1717 3215 adversus
1730 3160 1952 3225 Mosem,

2057 1969 2201 2036 Ὀρθ.
2226 1968 2492 2020 Ἐναντίον
2519 1966 2614 2020 τοῦ
2640 1966 2796 2033 Θεοῦ,
2822 1966 2895 2038 μὴ
2929 1967 3167 2034 γένοιτοῑ
3203 1966 3322 2018 οὐδὲ
3349 1966 3477 2017 ποτὲ
3505 1965 3624 2037 γὰρ

2046 2060 2187 2114 θέλει
2218 2059 2285 2112 τὰ
2313 2057 2406 2110 τοῦ
2437 2057 2594 2122 Θεοῦ,
2630 2059 2759 2112 ποτὲ
2814 2058 2870 2110 δὲ
2911 2059 2979 2110 τὰ
3025 2056 3217 2110 ἑαυτοῦ
3240 2074 3254 2086 °
3290 2056 3402 2110 ἀλλ’
3451 2055 3506 2108 εἴ
3568 2074 3630 2108 τι

2047 2151 2186 2204 θέλει
2227 2149 2444 2220 Πνεῦμα
2471 2149 2531 2202 τὸ
2570 2151 2744 2219 ἅγιον,
2778 2148 2936 2202 τοῦτο
2962 2148 3054 2201 τοῦ
3085 2147 3218 2202 Θεοῦ
3242 2150 3353 2200 ἑστι
3380 2147 3628 2218 Θέλημα’

2048 2241 2140 2293 καὶ
2162 2240 2282 2292 εἴτι
2312 2239 2453 2292 θέλει
2480 2241 2508 2292 6
2541 2239 2693 2302 Θεὸς,
2717 2239 2873 2292 τοῦτο
2900 2237 3112 2308 θέλημα
3145 2239 3260 2290 ἐστι
3303 2236 3396 2289 τοῦ
3444 2237 3632 2291 Ilva-.3-

2052 2348 2238 2400 ματος.
2275 2331 2472 2398 Ἀνόμ.
2505 2331 2566 2383 Οἱ
2611 2330 2718 2402 γὰρ
2771 2329 3065 2401 προφῆται,
3099 2330 3199 2382 οὐκ
3235 2329 3287 2381 εί
3311 2346 3365 2380 τι
3405 2329 3553 2382 θέλει
3602 2329 3642 2382 6

2048 2421 2198 2484 Θεὸς,
2223 2421 2493 2484 θὲλουσιν;
2542 2422 2685 2488 Ὀρθ.
2721 2422 2794 2474 Οὐ
2825 2422 3084 2474 πάντοτεσ
3118 2420 3226 2472 ἐσθ’
3252 2421 3341 2472 ὅτε
3375 2421 3484 2490 γὰρ
3520 2420 3635 2472 καὶ

2049 2513 2139 2580 ἀφ’
2175 2512 2381 2565 ἑαυτῶν
2424 2513 2667 2566 ἐλάλουν.
2725 2513 2930 2582 Μωσῆς
2969 2511 3076 2583 γὰρ
3129 2511 3341 2582 πρῶτος
3393 2511 3588 2578 ἔλεγεν
3614 2529 3632 2543 ο

2057 2623 2076 2654 ι
2128 2604 2469 2673 ’ἰσχνόφωνος
2493 2605 2586 2656 καὶ
2626 2603 3040 2674 βραδύγλωσσος
3069 2602 3178 2672 ἐγώ
3208 2605 3341 2672 εἰμι,
3373 2603 3469 2656 καὶ
3517 2603 3637 2656 οὐκ

2053 2693 2430 2748 είσακούσεταί
2463 2713 2562 2764 μου
2587 2692 2815 2766 Φαραώο
2851 2713 2869 2745 ι
2910 2693 3004 2746 καὶ
3042 2693 3125 2756 τὸ,
3174 2713 3192 2744 ‹
3240 2693 3439 2763 Δέομαί
3489 2710 3636 2758 σου,

2055 2784 2397 2854 προχείρισαι
2439 2785 2616 2850 ἄλλον,
2659 2804 2678 2838 ι
2706 2785 2758 2837 τί
2799 2783 3110 2854 σημαίνειῆ
3145 2784 3270 2838 ἄλλο
3311 2783 3533 2854 θέλημα·
3571 2785 3640 2836 ἐν

2054 2875 2230 2946 ἐαυτῷ
2255 2871 2413 2942 εἶναι,
2446 2875 2474 2926 ὃ
2521 2876 2794 2940 ἐκόλασεν,
2826 2875 2916 2928 ἵνα
2959 2875 3022 2928 τὸ
3070 2874 3164 2926 τοῦ
3206 2873 3340 2926 Θεοῦ
3385 2877 3635 2946 ποιήσῃ;

2054 2967 2164 3019 Καὶ
2200 2967 2406 3036 Ἀαρὼν
2429 2968 2522 3020 καὶ
2554 2967 2742 3038 Μαρία
2769 2967 2861 3035 ἀφ’
2885 2964 3092 3020 ἑαυτῶν
3130 2965 3431 3036 κινούμενοι
3474 2967 3645 3034 ἐγόγ-,

2055 3074 2227 3125 γυσαν
2257 3057 2398 3111 κατὰ
2423 3057 2684 3121 Μωσέως,
2721 3057 2807 3110 ὅτε
2839 3058 3158 3129 ἐλεπρίασεν
3198 3058 3230 3127 ἡ
3263 3056 3482 3127 Μαρία,
3529 3059 3640 3110 καὶ

2057 3147 2300 3219 ὠργίσθη
2333 3147 2493 3219 θυμῷ
2518 3147 2738 3220 Κύριος.
2769 3149 3053 3221 Ἱερεμίας,
3077 3146 3508 3218 παραιτούμενος
3526 3149 3648 3218 τὴν.

389 3265 498 3318 quo
527 3259 765 3320 tempore
791 3252 950 3304 etiam
987 3252 1133 3320 lepra
1168 3253 1433 3305 laboravit
1475 3250 1664 3315 Maria,
1699 3253 1951 3321 indigna-

2059 3239 2414 3309 προφητείαν,
2468 3239 2661 3308 ἔλεγε·
2708 3257 2727 3290 ‹
2783 3239 3198 3311 Νεώτερός-είμι
3245 3238 3375 3308 ἐγὼ,
3421 3241 3514 3292 καὶ
3567 3241 3642 3292 οὐ

389 3349 590 3410 tuaque
633 3349 715 3396 est
742 3341 1020 3397 Dominus.
1052 3341 1318 3398 Jeremias
1348 3344 1722 3413 propheticum
1761 3360 1960 3399 munus

393 3430 718 3501 deprecans,
753 3433 968 3486 dicebat
1000 3452 1013 3486 :
1055 3451 1074 3484 ‹
1108 3432 1301 3487 Junior
1333 3449 1475 3500 sum,
1511 3450 1687 3504 neque
1736 3449 1962 3504 possum

393 3527 716 3594 prophetare
737 3524 800 3577 ³⁸.
836 3543 855 3576 ι
903 3524 968 3577 Ει
994 3523 1161 3581 Jonas
1185 3542 1251 3580 eo
1278 3541 1452 3596 usque
1480 3526 1534 3579 in
1573 3525 1676 3580 hoc
1704 3540 1964 3580 recusan-

394 3616 466 3671 do
522 3633 843 3686 progressus
874 3625 994 3683 est,
1053 3625 1114 3672 ut
1163 3619 1326 3674 etiam
1376 3617 1676 3673 decreverit
1709 3617 1894 3688 fugere
1933 3633 1964 3672 a

396 3705 537 3760 facie
563 3705 790 3761 Domini.
821 3707 887 3761 Et
918 3708 1086 3764 David
1125 3725 1248 3764 cum
1277 3725 1390 3765 sua:
1424 3710 1696 3764 voluntati
1729 3710 1962 3764 obsecu-

398 3802 510 3857 tus.
548 3797 803 3864 populum
858 3799 1262 3862 recensuisset,
1314 3800 1632 3869 castigatur.
1671 3799 1822 3854 Mitto
1874 3800 1967 3853 illa

396 3885 467 3942 de
503 3885 628 3941 Uria
657 3888 917 3944 Chettreo.
954 3889 1090 3944 Nam
1124 3907 1314 3947 omnes
1343 3907 1562 3962 quoque
1586 3893 1797 3946 ratione
1829 3908 1966 3962 pra:-

398 3977 525 4032 ditae
545 3987 836 4044 creaturae,
873 3981 1145 4036 interdum
1179 3997 1300 4052 quae
1345 3998 1444 4038 sua
1468 4023 1482 4046 ,
1538 3983 1808 4037 interdum
1845 3998 1968 4052 qua:

399 4066 496 4127 Dei
526 4077 675 4134 sunt,
703 4071 1020 4140 loquuntur.
1053 4073 1122 4126 At
1152 4088 1260 4128 non
1284 4073 1357 4126 ita
1384 4071 1622 4143 Spiritus
1651 4091 1664 4126 :
1697 4088 1798 4127 nec
1819 4074 1964 4127 enim

402 4159 564 4213 modo
591 4175 710 4230 qua:
739 4159 832 4216 Dei
865 4170 1028 4225 sunt,
1081 4162 1243 4217 modo
1270 4176 1370 4216 sua
1423 4162 1699 4231 loquitur,
1762 4176 1885 4216 cum
1918 4159 1969 4214 ei

402 4265 512 4303 non
562 4250 694 4305 insit
737 4253 842 4307 alia
891 4252 1156 4322 quaepiam
1203 4253 1455 4306 voluntas
1480 4294 1495 4317 ,
1524 4260 1586 4306 ut
1637 4267 1706 4314 ne
1748 4252 1802 4306 in
1833 4249 1973 4307 Filio

403 4339 647 4409 quidem,
671 4341 767 4395 sed
801 4357 906 4395 una
936 4343 1008 4398 sit
1050 4341 1246 4406 Patris,
1270 4341 1416 4405 Filii,
1443 4349 1498 4397 et
1529 4339 1766 4411 Spiritus
1795 4342 1972 4397 sancti

405 4430 678 4484 voluntas.
720 4430 928 4486 Idcirco
967 4432 1175 4486 dictum
1233 4441 1318 4488 est
1363 4433 1432 4488 de
1481 4431 1734 4502 Spiritu:
1801 4451 1820 4482 ‹
1853 4431 1973 4486 Non

408 4522 662 4590 loquetur
689 4536 718 4573 a
763 4523 1054 4592 semetipso
1089 4524 1155 4578 ⁸³.
1199 4543 1218 4576 ι
1266 4523 1333 4578 Et
1376 4523 1444 4579 de
1487 4523 1670 4578 Filio:
1710 4541 1730 4574 ‹
1765 4522 1907 4577 Nihil
1942 4538 1972 4577 a

2062 3329 2296 3401 δύναμαι
2319 3331 2697 3402 προφητεύειν.
2739 3351 2757 3382 ›
2810 3332 2920 3385 Καὶ
2962 3334 2990 3384 6
3031 3333 3211 3395 Ἰωνᾶς
3249 3334 3328 3395 εἰς
3378 3331 3645 3385 τοσοῦτον

2064 3424 2437 3493 παρῃτήσατο,
2481 3423 2556 3486 ὡς
2593 3423 2688 3476 καὶ
2726 3423 2871 3490 δόξαι
2925 3422 3144 3492 φεύγειν
3188 3422 3295 3476 ἀπὸ
3337 3421 3648 3494 προσώπου

2064 3514 2293 3583 Κυρίου.
2319 3514 2429 3566 Καὶ
2451 3516 2478 3567 ὁ
2503 3513 2687 3578 Δαόὶδ,
2722 3513 2783 3567 τὸ
2815 3513 3028 3585 θέλημα
3057 3514 3117 3567 τὸ
3145 3513 3338 3567 ἑαυτοῦ
3378 3514 3645 3584 ποιήσας,

2065 3605 2158 3658 καὶ
2191 3603 2439 3676 ἀριθμῶν
2467 3604 2557 3657 τὸν
2591 3605 2739 3669 λαὸν,
2790 3607 3128 3676 ἐπιτιμᾶται.
3180 3604 3376 3658 Σιωπῶ
3412 3605 3518 3676 γὰρ
3569 3606 3650 3658 τὰ

2065 3696 2206 3748 κατὰ
2236 3696 2327 3748 τὸν
2351 3695 2554 3767 Ούρίαν
2593 3696 2684 3748 τὸν
2714 3697 2994 3749 Χετταῖον.
3053 3696 3160 3748 Καὶ
3189 3696 3363 3749 πάντα
3411 3695 3522 3764 γὰρ
3572 3695 3652 3747 τὰ

2065 3787 2261 3855 λογικὰ
2294 3789 2569 3858 κτίσματα
2601 3788 2732 3841 ποτὲ
2762 3787 2830 3841 τὰ
2872 3788 3080 3842 ἑαυτῶν
3116 3786 3358 3851 λαλοῦσι,
3396 3787 3527 3838 ποτὲ
3576 3784 3651 3838 τὰ

2064 3878 2157 3931 τοῦ
2181 3879 2316 3932 Θεοῦ
2335 3897 2348 3910 ’
2371 3880 2430 3932 τὸ
2447 3879 2502 3932 δέ
2534 3880 2754 3950 Πνεῦμα
2785 3881 2883 3950 οὐχ
2903 3878 3074 3942 οὕτως
3097 3897 3112 3910 ο
3146 3881 3206 3932 οὑ
3260 3879 3368 3950 γὰρ
3399 3878 3528 3931 ποτέ
3573 3877 3653 3929 τὰ

2066 3967 2158 4021 τοῦ
2189 3967 2344 4032 Θεοῦ,
2378 3970 2471 4022 καὶ
2497 3969 2627 4022 ποτὲ
2656 3969 2723 4022 τὰ
2753 3967 2947 4022 ἑαυτοῦ
2968 3987 2984 4001 ο
3019 3969 3139 4021 οῦδὲ
3176 3968 3284 4039 γάρ
3333 3970 3480 4020 ἐστιν
3522 3968 3645 4039 (87)

2067 4058 2196 4112 ἄλλο
2222 4077 2272 4112 τι
2296 4062 2353 4112 ἐν
2377 4059 2526 4130 αὐτῷ
2553 4059 2781 4130 θέλημα,
2804 4058 2989 4130 ἐπειδὴ
3011 4059 3131 4112 οῦδὲ
3163 4059 3222 4111 ἑν
3249 4057 3327 4128 τῷ
3350 4058 3488 4128 Υἱῴ,
3525 4059 3651 4112 ἀλλ’

2067 4149 2126 4201 ἓν
2158 4151 2272 4202 ἐστι
2295 4148 2504 4219 θέλημα
2530 4149 2761 4220 Πατρὺς,
2783 4150 2878 4203 καὶ
2910 4148 3061 4212 Υίοῦ,
3083 4149 3176 4202 καὶ
3203 4148 3360 4216 ἁγίου
3389 4148 3653 4218 Πνεῦμα-

2070 4257 2178 4303 τος.
2206 4240 2315 4293 Kal.
2335 4239 2421 4293 διὰ
2441 4239 2599 4293 τοῦτο
2623 4241 2834 4312 εἴρηται
2863 4241 2991 4312 περὶ
3015 4241 3108 4294 τοῦ
3129 4242 3439 4312 Πνεύματος
3457 4258 3471 4272 ·
3518 4261 3537 4294 ε
3570 4245 3653 4296 0-3

2070 4331 2292 4403 λαλήσει
2318 4332 2410 4400 ἀφ’
2435 4330 2627 4384 ἑαυτοῦ
2651 4348 2665 4362 ·
2710 4351 2727 4383 ι
2759 4333 2852 4385 καὶ
2877 4333 3005 4402 περὶ
3033 4331 3127 4384 τοῦ
3160 4331 3314 4396 Υἱοῦ,
3343 4334 3426 4385 ὅτι
3461 4351 3480 4383 ε
3525 4333 3656 4385 Ἀπ’

2071 4423 2302 4494 ἐμαυτοῦ
2334 4423 2474 4478 ποιῶ
2498 4424 2669 4487 οὐδὲν,
2697 4422 2830 4478 ἀλλὰ
2853 4424 3036 4486 καθὼς
3061 4423 3261 4490 ἐδίδαξὲ
3287 4441 3352 4494 με
3378 4426 3408 4476 6
3430 4425 3656 4495 Πατὴρ,

2072 4517 2243 4570 ταῦτα
2270 4517 2415 4571 λαλῶ
2436 4532 2453 4547 ⁸
2501 4536 2520 4568 ι
2557 4516 2656 4569 οὐκ
2689 4515 2879 4586 ἐπειδὴ
2911 4515 3021 4584 (88)
3043 4516 3141 4568 οὐκ
3170 4513 3275 4568 οἶδε
3305 4515 3540 4586 λαλῆσαί
3573 4533 3656 4582 τι,

410 4626 497 4666 me
523 4611 642 4680 ipso
666 4610 805 4666 facio
831 4651 845 4675 ,
889 4613 983 4666 sed
1013 4613 1155 4667 sicut
1183 4614 1369 4669 docuit
1411 4629 1498 4670 me
1527 4613 1708 4676 Pater,
1739 4613 1853 4668 haec
1893 4613 1955 4667 lo-

2077 4608 2190 4660 ἀλλ’
2224 4609 2304 4660 ὅτι
2336 4608 2434 4660 οὒκ
2472 4605 2600 4660 ἄλλο
2636 4605 2778 4658 θέλει
2815 4607 2844 4658 6
2885 4605 3098 4677 Πατὴρ,
3137 4607 3230 4658 καὶ
3272 4604 3399 4659 ἄλλο
3445 4605 3591 4658 θέλει
3630 4609 3658 4658 6

408 4717 551 4772 quor
578 4703 622 4734 ³³
653 4722 666 4758 :
712 4722 731 4754 ι
764 4718 873 4760 non
899 4703 1044 4773 quod
1081 4706 1288 4760 nesciat
1309 4706 1606 4776 quidquam
1640 4706 1824 4775 loqui,
1871 4705 1967 4760 sed

410 4795 540 4864 quia
579 4810 686 4850 non
716 4795 866 4849 aliud
896 4795 1013 4850 vult
1047 4795 1228 4862 Pater,
1257 4797 1405 4850 aliud
1425 4798 1538 4852 vult
1560 4796 1734 4852 Filius
1753 4805 1807 4852 et
1829 4796 1976 4851 aliud

413 4882 656 4953 Spiritus
686 4893 932 4941 sanctus.

485 4975 576 5030 24.
617 4977 807 5030 Anam.
849 4976 1074 5032 Etiamsi
1121 4992 1230 5031 non
1260 4992 1476 5046 semper
1505 4991 1624 5045 quae
1657 4975 1752 5032 Dei
1806 4987 1975 5043 sunt,

417 5064 583 5119 locuti
614 5066 724 5119 sint
754 5067 1029 5136 prophetae
1055 5105 1072 5129 ,
1126 5073 1183 5120 ut
1235 5073 1290 5119 tu
1320 5065 1550 5121 dicendo
1579 5067 1976 5136 comprobasti;

419 5163 477 5209 at
506 5163 654 5211 certe
687 5157 919 5226 apostoli
951 5156 1174 5211 nihilex
1207 5156 1422 5226 seipsis,
1455 5156 1548 5211 sed
1569 5171 1689 5225 quae
1713 5163 1842 5210 sunt
1865 5155 1977 5221 Dei,

420 5263 636 5319 semper
690 5249 856 5303 locuti
909 5257 1058 5304 sunt.
1117 5248 1270 5304 Orth.
1333 5247 1499 5303 Docet
1568 5263 1668 5302 nos
1701 5246 1982 5317 Scriptura

2080 4698 2228 4764 Υἱὸς,
2261 4699 2351 4752 καὶ
2380 4697 2507 4752 ἄλλο
2535 4698 2596 4750 τὸ
2627 4698 2872 4769 Πνεῦμα.

2151 4979 2240 5032 24.
2284 4981 2470 5047 Ἁνόμ.
2517 4979 2578 5031 Et
2611 4979 2706 5033 καὶ
2772 4979 2845 5049 μὴ
2887 4979 3115 5031 πάντοτε
3169 4979 3217 5030 οἱ
3275 4979 3555 5048 προφῆται
3593 4981 3661 5034 τὸ

2085 5067 2178 5119 τοῦ
2205 5066 2337 5119 Θεοῦ
2369 5067 2568 5136 ἔλεγον,
2587 5069 2662 5131 ὼς
2687 5067 2881 5134 ἔδειξεν
2907 5067 3124 5135 όλόγος,
3158 5066 3269 5119 ἀλλ’
3292 5068 3343 5118 οἱ
3367 5067 3660 5122 ἀπόστολοι

2085 5156 2206 5210 οὐδὲ
2232 5155 2447 5210 ἐλάλουν
2475 5157 2567 5226 ἀφ’
2602 5158 2828 5220 ἑαυτῶν,
2866 5156 3000 5210 ἀλλὰ
3033 5157 3261 5210 πάντοτε
3292 5157 3361 5210 τὰ
3384 5157 3480 5209 τοῦ
3499 5146 3661 5212 Θεοῦ.

2103 5249 2247 5317 Ὀρθ.
2277 5248 2342 5300 Ἦ
2377 5248 2567 5320 Γραφὴ
2599 5249 2747 5319 ἡμᾶς
2769 5247 3029 5319 ἐδίδαξεν,
3052 5249 3200 5301 ὅτιοὶ
3227 5247 3517 5301 ἀπόστολοι
3539 5249 3652 5302 ἐλά·

494 5401 537 5470 ’ἶ
577 5399 731 5455 Joan.
766 5418 882 5466 vni,
916 5403 1006 5457 28.
1082 5404 1127 5434 ³⁸
1165 5401 1183 5456 l
1219 5403 1340 5457 Cor.
1377 5419 1470 5467 vn,
1496 5402 1585 5457 25.
1664 5403 1707 5433 ²⁹
1749 5401 1955 5458 Εκοάοι

2059 5401 2144 5456 10.
2221 5401 2266 5434 ³⁸
2305 5401 2436 5457 ibid.
2470 5403 2555 5457 1'5.
2632 5402 2673 5433 ³³
2713 5400 2910 5457 Jerem.
2947 5417 2988 5465 ι,
3017 5402 3072 5457 6.
3148 5403 3192 5434 ³¹
3228 5401 3385 5458 Joan.
3426 5419 3539 5470 xvi,
3573 5402 3665 5458 15.

424 5470 472 5502 ³³
508 5469 667 5526 Joan.
702 5487 832 5537 vm,
867 5472 936 5526 28

502 5622 614 5696 (8_7)
649 5623 843 5690 Palat.,
866 5625 958 5677 τοῦ
980 5627 1130 5679 Θεοῦ·
1152 5627 1269 5680 οὐδὲ
1298 5625 1403 5696 γάρ
1429 5630 1594 5692 ἐστιν,
1623 5627 1840 5682 omissis
1865 5626 1987 5696 qui-

431 5692 680 5748 busdam.

2168 5625 2277 5694 (88)
2317 5624 2498 5678 Ταῦτα
2525 5624 2666 5679 λαλῶ
2693 5626 2856 5680 λαλεῖ·
2885 5626 2982 5680 οῦκ
3016 5626 3218 5696 ἐπειδὴ.
