3870 6208
170 238 305 294 1155

1118 207 1238 292 ’ῡε
1279 234 1544 292 suam
1584 235 1958 291 TRINITATE
1998 237 2342 294 DlALOGlIS
2381 238 2399 292 ι

3257 237 3394 290 1154

167 356 288 409 λουν
342 354 437 423 ἀφ’
498 353 726 412 ἑαυτῶν.
786 356 976 424 Ἀνόμ.
1031 355 1196 421 Πῶς;
1239 356 1381 423 Ὀρθ.
1451 355 1576 408 Ἐάν
1637 353 1729 408 οὖν

1844 344 2110 427 apostolos
2140 358 2411 414 interdum
2444 375 2474 413 a
2509 357 2702 429 scipsis
2742 373 2864 414 esse
2909 359 3144 414 locutos.
3202 359 3394 411 Anam.

165 445 404 516 deadd-nc
459 445 674 498 Παύλου
728 445 976 515 λέγοντος
1032 448 1162 519 περὶ
1215 447 1322 500 τῶν
1385 448 1692 500 ἀποστόλων
1714 488 1728 512 ,

172 555 192 588 ι
233 535 374 590 Ἀλλ’
397 538 487 590 ὅτε
518 532 675 601 εἶδον,
699 537 780 590 ὅτι
811 539 910 592 οὐκ
936 539 1284 608 ὀρθοποδοῦσι
1316 541 1450 611 πρὸς
1481 541 1578 611 τὴν
1602 541 1731 610 ἀλή-

167 629 315 684 θειαν
331 628 424 681 τοῦ
440 628 798 698 Εὑαγγελίου,
817 626 966 683 εἷπον
992 631 1070 702 τῷ
1092 631 1252 702 Κηφᾷ
1271 632 1578 704 ἔμπροσθεν
1600 634 1734 688 πάν-

164 735 274 772 των
328 737 352 772 ι
389 719 480 790 (τὰ
505 719 563 772 δὲ
620 721 861 792 ἑπόμενα
900 717 1065 787 οἶδας,
1123 726 1172 776 εί
1206 723 1482 792 φιλόλογος
1516 706 1631 795 εἴ),
1680 726 1733 779 τί

164 807 292 862 ἄλλο
315 808 529 883 λογίζῃ,
562 810 595 881 ἢ
623 811 684 864 τὸ
707 813 799 879 ἀφ’
829 812 1034 866 ἑαυτῶν
1062 831 1115 866 τι
1147 814 1496 885 λελαληκέναι
1517 817 1610 870 καὶ
1641 835 1736 870 πε·-

167 901 468 972 ποιηκέναι,
501 903 640 973 ὅπερ
666 903 765 956 οὐκ
786 899 853 974 ἦν
883 903 1234 958 θεόπνευστον
1258 921 1272 970 ;
1297 907 1408 960 Καὶ
1443 909 1572 979 περὶ
1605 909 1733 962 ἑαυ-

161 991 258 1046 τοῦ
291 993 348 1045 δὲ
374 992 541 1062 λέγει·
585 1011 605 1045 ‹
645 993 811 1047 Οὐδὲν
839 994 945 1066 γὰρ
974 995 1193 1066 ἐμαυτῷ
1221 996 1436 1051 σύνοιδα
1453 1015 1467 1029 ·
1494 999 1608 1052 ἀλλ’
1636 1002 1737 1056 οὐκ

163 1084 228 1138 ὲν
259 1082 434 1154 τούτῳ
464 1083 836 1155 δεδικαίωμαι.
877 1102 894 1136 ι
937 1085 1009 1137 Τὸ
1036 1086 1092 1138 δὲ
1138 1087 1361 1158 Πνεῦμα
1405 1090 1503 1160 οὐχ
1529 1091 1730 1156 οὕτως·

167 1174 260 1228 καὶ
292 1174 381 1228 διὰ
409 1173 566 1228 τοῦτο
591 1174 824 1246 εἴρηται,
842 1176 924 1229 ὃτι
948 1194 966 1228 ι
993 1175 1070 1230 Οὐ
1096 1177 1316 1249 λαλήσει
1349 1181 1440 1249 ἀφ’
1465 1182 1680 1238 ἑαυτοῦ.
1710 1203 1729 1234 ι

177 1269 365 1337 Ἀνόμ.
403 1268 565 1321 Ἀλλᾶ
618 1270 713 1322 καὶ
762 1270 961 1333 πάντες
1005 1269 1280 1340 ἄνθρωποι
1330 1273 1461 1327 ποτὲ
1516 1274 1614 1344 μὲν
1663 1275 1732 1329 τὰ

164 1359 376 1412 ἑαυτῶν
405 1359 670 1429 λέγουσιν,
701 1361 795 1413 καὶ
825 1360 954 1414 ποτὲ
990 1361 1048 1414 δὲ
1072 1362 1141 1414 τὰ
1173 1362 1265 1416 τοῦ
1305 1363 1470 1418 Θεοῦ’
1528 1367 1643 1420 ἀλλ’
1683 1369 1733 1421 οἱ

165 1450 387 1519 ἄγγελοι
421 1451 652 1504 πάντοτε
677 1452 746 1505 τὰ
779 1451 869 1505 τοῦ
914 1452 1047 1505 Θεοῦ
1081 1452 1348 1521 λέγουσιν.
1398 1457 1543 1525 Ὀρθ.
1601 1459 1736 1512 Οὐδὲ

165 1540 325 1593 τοῦτο
344 1541 559 1612 ἀληθές.
593 1543 656 1595 Ei
699 1541 808 1613 γὰρ
837 1543 1065 1597 πάντοτε
1111 1545 1179 1599 τὰ
1222 1547 1316 1600 τοῦ
1350 1547 1483 1602 Θεοῦ
1530 1550 1734 1619 ἔλεγον,

161 1632 270 1683 οὐκ
303 1629 372 1682 ἂν
399 1630 662 1701 ἥμαρτον,
692 1632 833 1686 ὥστε
860 1632 1144 1701 λέγεσθαι·
1185 1652 1204 1686 ‹
1253 1636 1315 1688 Et
1353 1637 1462 1708 γὰρ
1493 1639 1737 1707 ἀγγέλων

1833 447 2156 513 Quomodo?
2190 448 2342 504 Orth.
2378 449 2513 504 Cum
2541 451 2697 505 audis
2739 449 2966 502 Paulum
3011 448 3281 503 dicentem
3331 448 3400 502 de

1833 541 2095 608 apostolis
2128 558 2141 593 :
2187 558 2206 592 ι
2243 539 2348 594 Sed
2369 556 2492 594 cum
2524 541 2758 596 viderem
2789 556 2885 596 eos
2934 555 3045 595 non
3076 549 3228 595 recto
3261 539 3400 609 pede

1833 631 2087 685 incedere
2135 633 2434 686 secundum
2474 633 2756 687 veritatem
2789 632 3090 702 Evangelii,
3130 633 3238 686 dixi
3292 629 3398 685 Ce-

1834 720 1953 789 phze
2004 736 2185 775 coram
2235 723 2488 777 omnibus
2520 723 2564 754 “
2599 742 2617 774 ι
2671 724 2813 792 (quze
2867 727 3169 791 sequuntur
3219 727 3398 772 autem

1833 816 2001 876 nosti,
2038 814 2082 867 si
2116 813 2333 882 quidem
2395 829 2454 868 es
2511 828 2792 868 sacrorum
2825 827 3136 868 sermonum
3191 808 3402 864 studio--

1834 902 1950 973 sus)
1976 942 1992 968 ,
2023 905 2154 974 quid
2189 903 2335 958 aliud
2366 904 2682 972 existimas,
2737 919 2899 974 quam
2934 918 3030 959 eos
3055 901 3218 956 aliud
3249 901 3400 954 locu-

1833 1002 1919 1051 tus
1943 1011 2064 1052 esse
2097 1005 2192 1051 aut
2227 996 2422 1053 iecisse
2444 1040 2460 1063 ,
2515 997 2661 1067 quod
2719 1013 2785 1053 ex
2828 997 3010 1051 divina
3044 995 3402 1066 inspiratione

1833 1101 1943 1140 non
1975 1086 2464 1156 proﬁciscebatur?
2502 1089 2642 1142 Idem
2675 1087 2743 1142 de
2769 1087 2951 1157 seipso
2973 1073 3106 1140 dicit
3138 1105 3150 1140 :
3186 1103 3205 1136 ‹
3257 1085 3401 1138 Nihil

1835 1179 1968 1232 mihi
2014 1181 2269 1235 conscius
2322 1195 2479 1243 sum,
2527 1181 2619 1234 sed
2666 1195 2776 1233 non
2821 1179 2876 1232 in
2927 1180 3030 1232 hoc
3071 1178 3403 1249 justiﬁcatus

1835 1284 1957 1324 sum
1998 1269 2067 1324 ⁸⁵.
2106 1288 2126 1322 ›
2159 1270 2228 1323 At
2259 1285 2370 1324 non
2419 1269 2494 1322 ita
2540 1269 2814 1337 Spiritus:
2872 1267 2994 1323 ideo
3032 1267 3236 1322 dictum
3270 1275 3398 1323 est:

1841 1379 1861 1411 ι
1899 1360 2015 1415 Νοη
2048 1362 2300 1432 loquetur
2326 1377 2356 1414 a
2382 1361 2707 1430 semetipso.--
2733 1379 2752 1412 ι
2778 1361 2968 1415 Anam.
3005 1360 3208 1414 Omnes
3237 1362 3404 1430 igitur

1837 1452 2086 1509 homines
2120 1454 2281 1508 modo
2310 1453 2528 1523 quidem
2573 1468 2671 1507 sua
2695 1493 2710 1520 ,
2757 1454 2919 1507 modo
2972 1467 3101 1508 vero
3154 1467 3276 1522 quae
3307 1452 3402 1508 Dei

1837 1551 1986 1607 sunt,
2019 1545 2352 1614 loquuntur:
2387 1553 2444 1598 at
2475 1545 2672 1614 angeli,
2721 1561 2840 1615 qua
2869 1545 2959 1599 Dei
3016 1553 3144 1600 sunt
3189 1561 3404 1616 semper

1837 1633 2151 1704 loquuntur.
2174 1633 2326 1688 Ortlt.
2359 1633 2436 1689 Ne
2469 1635 2572 1689 hoc
2604 1635 2822 1704 quidem
2853 1653 3036 1690 verum
3058 1645 3164 1690 est.
3199 1635 3334 1690 Nam
3357 1638 3404 1693 si

161 1721 598 1791 ἁμαρτησάντων
643 1723 745 1776 οὐκ
776 1723 1046 1792 ἐφείσατο.
1085 1744 1103 1776 ι
1161 1727 1346 1795 Ἁνόμ.
1389 1727 1547 1782 Ἀλλά
1579 1731 1671 1782 καὶ
1695 1731 1742 1783 εί

1845 1743 2078 1798 semper,
2099 1743 2219 1798 qua:
2236 1726 2327 1782 Dci
2362 1735 2513 1791 sunt,
2539 1727 2913 1797 loquerentur,
2934 1743 3040 1781 non
3058 1736 3402 1796 peccassent,

165 1831 300 1866 ποτε
319 1814 352 1883 ἦ
361 1831 434 1884 μα
441 1815 564 1884 ρτόν
579 1831 722 1878 τινες
736 1815 844 1868 τῶν
860 1817 1124 1885 ἀγγέλων,
1139 1817 1250 1870 ἀλλ’
1265 1819 1400 1871 εἰσὶν
1421 1820 1638 1888 ἄγγελοι
1656 1823 1741 1875 ἀν-

163 1907 492 1977 αμάρτητοι.
511 1907 653 1975 Ὀρθ.
669 1908 741 1960 Οὐ
758 1907 1044 1980 ζητοῦμεν,
1061 1909 1257 1963 είείσιν
1272 1910 1489 1979 ἄγγελοι
1506 1913 1604 1965 ἀνα
1612 1914 1742 1986 μάρ-

161 2016 340 2069 τητοι,
357 1999 470 2052 ἀλλ’
500 2001 549 2051 εί
571 1999 821 2052 δύνανται
841 2000 1176 2071 ἁμαρτῆσαι.
1211 2001 1322 2054 Καὶ
1341 2001 1450 2074 γὰρ
1470 2003 1564 2056 καὶ
1583 2005 1741 2073 ἡμεῖς

164 2091 279 2160 (89)
315 2091 420 2154 ἕως
451 2089 546 2144 νῦν
592 2091 690 2144 οὐκ
734 2090 1098 2162 ἀπεθάνομεν,
1132 2092 1227 2145 καὶ
1260 2093 1425 2162 ἐσμὲν
1459 2091 1641 2161 θνητοὶ
1664 2091 1740 2162 τῷ

160 2185 428 2238 δύνασθαι
456 2183 762 2242 ἀποθανεῖν,
787 2184 848 2235 οὐ
873 2183 949 2252 τῷ
980 2184 1080 2254 ἤδη
1097 2183 1552 2254 ἀποτεθνηκέναιο
1577 2185 1743 2252 ἐγχωο

167 2279 256 2345 ρεῖ
278 2274 388 2346 γάρ
417 2274 510 2328 καὶ
543 2278 616 2344 μὴ
653 2274 942 2328 ἀποθανεῖν
962 2291 1081 2326 τινα
1111 2272 1288 2343 ἡμῶν,
1309 2273 1382 2335 ὡς
1402 2273 1490 2325 τὸν
1534 2273 1737 2326 Ἠλίαν.

164 2366 288 2418 Κᾶν
326 2367 400 2436 μή
435 2383 520 2428 τις
543 2365 599 2418 δὲ
633 2365 788 2435 ἡμῶν
839 2365 1103 2438 ἀποθάνῃ,
1147 2365 1262 2419 ἀλλ’
1311 2367 1344 2436 ἡ
1389 2365 1548 2434 φύσις
1605 2366 1740 2437 αὐτὴ

163 2457 338 2528 θνητή
372 2460 539 2511 ἐστιν.
576 2458 738 2510 Ὥστε
765 2459 859 2512 καὶ
887 2457 995 2510 τῶν
1025 2457 1270 2524 ἀγγέλων
1289 2458 1344 2509 αἱ
1367 2457 1620 2527 μυριάδες
1640 2459 1742 2510 οὐκ

163 2549 488 2618 ἐψεύσαντο,
524 2550 640 2604 ἀλλ’
679 2549 947 2619 ἐφύλαξαν
983 2549 1054 2602 τὰ
1084 2549 1178 2602 τοῦ
1224 2549 1358 2601 Θεοῦ
1409 2549 1594 2617 λόγιαο
1626 2549 1739 2602 ἀλλ’

164 2641 392 2713 ὲδείχθη
438 2642 681 2713 αὐτῶνὴ
727 2645 887 2711 φύσις
936 2641 1164 2713 τρεπτὴ,
1220 2641 1314 2693 καὶ
1361 2639 1598 2692 λαλοῦσα
1647 2641 1740 2708 ἀφ’

165 2735 396 2806 ἑαυτῆς,
427 2736 486 2788 τό
517 2752 668 2798 τινας
694 2734 803 2806 (90)
827 2734 1005 2788 αὐτῶν
1033 2733 1307 2802 τραπῆναι
1337 2733 1428 2784 καὶ
1447 2731 1623 2784 λαλεῖν
1649 2733 1740 2798 ἀφ’

167 2827 406 2881 ἑαυτῶν.
438 2827 511 2880 Τὸ
531 2827 586 2879 δὲ
620 2827 842 2898 Πνεῦμα
862 2827 922 2878 τὸ
948 2827 1099 2895 ἅγιον
1134 2827 1194 2878 οὐ
1227 2825 1379 2878 λαλεῖ
1405 2827 1496 2893 ἀφ’
1526 2823 1738 2877 ἑαυτοῦ.

163 2921 247 2976 Οὐ
278 2921 389 2992 γάρ
432 2923 546 2974 ἐστι
594 2921 826 2992 γενητῆς
877 2921 1110 2989 φύσεως,
1156 2919 1298 2972 ὥστε
1346 2919 1440 2971 καὶ
1490 2917 1742 2970 δύνασθαι

164 3015 470 3086 τραπῆναι.
1337 3055 1345 3064 .

1842 1819 1976 1874 adeo
2007 1827 2066 1872 ut
2097 1820 2356 1888 scriptum
2397 1819 2509 1873 sit:
2547 1838 2565 1869 ‹
2604 1818 2735 1872 Nam
2768 1819 2814 1874 si
2859 1821 3096 1890 angelis,
3153 1820 3244 1890 qui
3280 1836 3408 1890 pec-

1841 1919 2116 1973 caverant,
2147 1927 2255 1964 non
2285 1911 2524 1980 pepercit
2543 1910 2608 1977 3‘,
2650 1931 2668 1962 ι
2707 1919 2811 1965 etc.
2843 1912 3033 1965 Anam.
3063 1909 3168 1964 Sed
3192 1913 3406 1966 etiamsi

1840 2003 2088 2056 nonnulli
2114 2003 2425 2072 angelorum
2483 2003 2611 2057 olim
2661 2010 2997 2072 peccarunt,
3051 2010 3180 2056 sunt
3225 2011 3408 2057 tamen

1848 2094 2022 2163 angeli
2085 2094 2292 2163 peccati
2350 2101 2617 2162 expertes.
2686 2092 2836 2148 Orth.
2897 2092 3015 2148 Non
3088 2096 3405 2164 quaarimus,

1844 2199 1914 2239 an
1970 2185 2080 2240 sint
2142 2185 2317 2254 angeli
2375 2186 2580 2255 absque
2628 2193 2875 2256 peccato,
2935 2187 3028 2242 sed
3085 2202 3152 2240 an
3198 2188 3410 2258 possint

1845 2291 2088 2346 peccare.
2134 2260 2344 2331 Etenim
2389 2293 2488 2331 nos
2534 2293 2753 2347 quoque
2793 2294 2967 2348 usque
3012 2295 3159 2334 nunc
3208 2282 3408 2335 mortui

1844 2384 1954 2422 non
1986 2384 2198 2431 sumus,
2227 2376 2279 2422 et
2305 2384 2496 2424 sumus
2526 2372 2780 2425 mortales
2801 2411 2816 2434 ,
2859 2386 2926 2424 eo
2962 2372 3106 2440 quod
3138 2375 3411 2441 possimus

1843 2462 2005 2526 mori,
2040 2477 2148 2516 non
2181 2463 2325 2531 quod
2352 2463 2462 2531 jam
2492 2464 2692 2516 mortui
2729 2478 2919 2518 sumus
2946 2502 2962 2527 ,
3002 2464 3266 2530 siquidem
3294 2464 3410 2520 ﬁeri

1843 2561 2020 2623 potest
2088 2560 2148 2607 ut
2198 2553 2364 2622 aliqui
2422 2564 2666 2607 nostrum
2715 2569 2824 2608 non
2878 2557 3223 2618 moriantur,
3284 2555 3410 2610 Elia?

1844 2643 2110 2713 exemplo.
2151 2643 2372 2700 Etiamsi
2404 2659 2534 2698 vero
2553 2645 2822 2714 quispiam
2860 2654 3109 2700 nostrum
3149 2663 3256 2701 non
3291 2662 3409 2702 mo-

1845 2734 2038 2799 riatur,
2070 2741 2125 2787 at
2173 2735 2290 2805 ipsa
2342 2742 2489 2789 certe
2531 2743 2726 2788 natura
2773 2743 2857 2789 est
2911 2738 3175 2791 mortalis.
3229 2737 3409 2808 Itaque

1845 2825 2092 2895 quamvis
2113 2827 2382 2896 myriades
2407 2827 2720 2895 angelorum
2747 2842 2857 2880 non
2886 2828 3124 2881 mentitae
3160 2827 3290 2893 sint,
3316 2827 3408 2882 sed

1845 2915 1941 2970 Dei
1969 2931 2274 2971 sermonem
2306 2919 2686 2982 custodierint,
2718 2918 2897 2987 rcipsa
2926 2926 3107 2972 tamen
3139 2921 3406 2988 apparuit.

1847 3009 2162 3063 mutabilem
2194 3024 2314 3064 esse
2347 3009 2591 3079 ipsorum
2624 3019 2898 3076 naturam,
2932 3024 2996 3064 ac
3031 3011 3177 3080 loqui
3206 3026 3327 3066 eam
3349 3027 3407 3066 ex

165 3106 514 3174 semetipsa,
572 3101 1013 3173 quandoquidem
1077 3115 1267 3156 eorum
1325 3098 1493 3169 aliqui
1553 3097 1746 3152 mutati
1784 3106 1930 3159 sunt.
1966 3114 2030 3152 ac
2083 3099 2248 3153 locuti
2287 3115 2316 3152 a
2383 3101 2713 3170 semetipsis.
2769 3101 2838 3154 At
2899 3100 3135 3171 Spiritus
3191 3113 3406 3157 sanctus

168 3211 285 3250 non
318 3195 564 3264 loquitur
593 3209 623 3248 a
649 3195 962 3265 semetipso.
1003 3192 1121 3248 Non
1163 3192 1311 3247 enim
1351 3198 1436 3246 est
1460 3207 1523 3245 ea
1561 3198 1758 3244 natura
1795 3191 2090 3260 praeditus,
2122 3206 2242 3260 qua:
2275 3191 2417 3246 facta
2448 3194 2556 3256 sit,
2589 3209 2653 3247 ac
2693 3193 2924 3264 proinde
2985 3197 3181 3248 mutari
3220 3199 3394 3265 possit

243 3285 337 3338 25.
381 3269 576 3353 Ἀνίόμ.
610 3284 782 3336 Πόθεν
807 3283 936 3354 γὰρ,
985 3283 1067 3335 ὅτι
1110 3282 1170 3334 οὐ
1203 3280 1424 3334 δύναται
1473 3280 1742 3350 τραπῆναι

1916 3278 2006 3332 25.
2047 3282 2235 3334 Anam.
2269 3279 2582 3345 Enimvero,
2617 3284 2758 3340 unde
2786 3283 2920 3338 illud
2951 3284 3113 3340 habet
3147 3283 3406 3356 Spiritus,

163 3376 236 3429 ’τὸ
274 3372 535 3444 Πνεῦμα;
571 3375 724 3441 Ὀρθ.
765 3373 838 3426 Τὸ
863 3372 1099 3444 παρέχον
1131 3371 1309 3434 ἄλλοις
1331 3371 1428 3441 τὴν
1460 3370 1741 3441 ἀτρεψίαν,

1845 3374 1904 3420 ut
1947 3373 2144 3424 mutari
2175 3385 2283 3423 non
2317 3371 2530 3440 possit?
2567 3372 2720 3428 Orth.
2753 3373 2909 3440 Quod
2941 3377 3064 3430 aliis
3093 3377 3296 3446 praebet
3320 3379 3393 3431 im

171 3467 395 3536 ἀνάγκη
430 3467 697 3536 ἄτρεπτον
730 3460 868 3517 εἶναι
903 3467 968 3535 τῇ
1014 3464 1187 3532 φύσει.
1241 3464 1437 3532 Ἀνόμ.
1476 3463 1597 3514 Εἰσὶ
1637 3461 1742 3534 γὰρ

1844 3460 2291 3526 mutabilitatem,
2337 3479 2558 3518 necesse
2597 3473 2683 3518 est
2717 3475 2909 3519 natura
2961 3481 3084 3522 esse
3141 3467 3396 3523 immuta-

170 3555 270 3612 οὖν
302 3559 398 3611 καὶ
431 3557 567 3611 ἄλλα
597 3555 860 3627 ἄτρεπτα.
911 3557 986 3608 Ἐί
1038 3555 1148 3626 γὰρ
1179 3554 1406 3626 παρέχει
1458 3552 1635 3616 ἄλλοις
1687 3553 1742 3605 τὸ

1847 3550 1974 3605 bilc.
2014 3553 2206 3608 Anam.
2250 3553 2390 3607 Sunt
2419 3555 2584 3624 igitur
2615 3556 2776 3627 422
2808 3558 2910 3610 alia
2943 3574 3159 3628 quoque
3215 3559 3395 3613 immu

166 3649 403 3720 Πνεῦμα
423 3648 522 3719 τὴν
551 3647 834 3719 ἀτρεψίαν,
884 3647 1022 3701 αὐτά
1068 3648 1274 3714 ἐκεῖνα,
1299 3641 1380 3710 οἷς
1429 3645 1654 3716 παρέχει
1687 3644 1749 3698 τὸ

173 3741 409 3812 Πνεῦμα
451 3742 551 3811 τὴν
596 3740 894 3811 ἀτρεψίαν,
946 3739 1190 3812 ἄτρεπτα
1231 3741 1368 3791 εἰσιν
1417 3737 1549 3809 (91).
1596 3738 1744 3806 Ὀρθ.

182 3835 353 3888 Ἀλλά
373 3833 442 3887 τὰ
463 3833 559 3904 μέν
581 3833 686 3885 εἰσι
717 3834 915 3903 μετοχῇ
944 3831 1204 3902 ἄτρεπτα,
1227 3830 1296 3883 τὰ
1319 3830 1374 3882 δὲ
1392 3831 1458 3899 τῇ
1479 3828 1656 3897 φύσει,
1675 3828 1750 3890 ὡς

167 3926 236 3981 τὺ
251 3926 368 3996 πῦρ
398 3925 557 3994 φύσει
584 3924 699 3977 ἐστὶ
715 3923 1024 3991 καυστικὺν,
1043 3923 1105 3976 τὸ
1125 3923 1181 3975 δὲ
1198 3921 1338 3993 ὕδωρ
1359 3919 1498 3974 κατά
1515 3920 1753 3991 παράθε-

173 4034 262 4071 σιν
276 4016 375 4070 τοῦ
393 4016 564 4087 πυρὸς
578 4016 868 4070 καυστικὸν
882 4016 1107 4084 γίνεται.
1128 4013 1312 4077 Οῦτως
1333 4013 1392 4066 τὸ
1417 4013 1514 4084 μὲν
1529 4012 1753 4082 Πνεῦμα

174 4104 340 4174 φύσει
357 4105 503 4156 ἐστὶν
519 4105 804 4176 ἄτρεπτον,
821 4105 868 4156 οἱ
885 4103 942 4154 δὲ
963 4104 1278 4174 μετέχοντες
1295 4101 1456 4155 αὐτοῦ
1475 4101 1615 4154 κατά
1635 4118 1756 4170 μετ-

173 4197 309 4268 οχὴν
341 4195 619 4268 ἄτρεπτοι.
639 4197 836 4264 Ἀνόμ.
866 4195 958 4267 Μὴ
978 4196 1151 4260 θέλεις
1179 4197 1352 4248 εἰπεῖν
1385 4195 1465 4248 ὅτι
1504 4196 1597 4247 καὶ
1624 4193 1754 4245 αὐτὸ

172 4292 239 4344 τὸ
277 4289 504 4360 Πνεῦμα
551 4289 743 4358 Πατήρ
777 4291 960 4353 tactv;
995 4290 1139 4355 Ὀρθ.
1160 4288 1252 4358 Μὴ
1283 4287 1518 4356 γένοιτοῑ
1556 4287 1750 4354 Ἀνόμ.

173 4383 245 4434 Εἰ
269 4380 450 4433 πάντα
480 4377 548 4431 τὰ
575 4378 683 4432 ἴδια
698 4377 790 4431 τοῦ
819 4379 1053 4450 Πατρὸς,
1072 4375 1166 4430 καὶ
1187 4377 1282 4430 τοῦ
1304 4377 1622 4448 Πνεύματός
1647 4379 1753 4429 εἰσι

173 4471 280 4524 καὶ
314 4469 411 4523 τοῦ
450 4468 581 4522 Υίοῦ
634 4469 810 4534 κοινὰ,
860 4469 1063 4538 ὀφείλει
1113 4468 1206 4522 καὶ
1255 4469 1444 4541 Πατὴρ
1498 4463 1635 4522 εἶναι
1691 4470 1754 4524 τὸ

173 4556 409 4627 Πνεῦμα
434 4555 543 4627 (92)
566 4559 660 4611 καὶ
691 4558 837 4622 Υἱός.
879 4559 1024 4626 Ὀρθ.
1055 4557 1169 4611 Οὐκ
1191 4553 1374 4611 εἶπον·
1405 4558 1485 4612 Τά
1524 4559 1628 4612 ίδια
1659 4559 1753 4614 τοῦ

1846 3643 2050 3697 tabilia.
2083 3642 2216 3698 Nam
2251 3645 2297 3698 si
2339 3646 2462 3701 aliis
2500 3655 2721 3715 prastat
2753 3647 2990 3716 Spiritus
3023 3649 3171 3702 illam
3219 3650 3406 3704 immu-

1850 3735 2202 3799 tabilitatem,
2251 3753 2445 3808 nempe
2496 3739 2619 3804 illa,
2675 3740 2876 3809 quibus
2924 3741 3406 3796 immutabilitatem

1851 3826 1996 3879 illam
2048 3827 2250 3895 praebet
2301 3825 2579 3896 Spiritus,
2641 3828 2806 3883 etiam
2857 3840 2987 3884 sunt
3034 3829 3394 3885 immutabilia

1853 3916 2002 3972 Orth.
2032 3916 2138 3973 Sed
2165 3918 2407 3988 quaedam
2432 3930 2559 3975 sunt
2586 3921 2944 3975 immutabilis
2974 3922 3395 3992 participatione

1851 4009 2096 4079 quaedam
2127 4019 2343 4072 natura,
2367 4018 2427 4064 ut
2462 4012 2601 4082 ignis
2627 4020 2816 4065 natura
2856 4011 3074 4081 quidem
3111 4020 3194 4067 est
3219 4027 3383 4068 urens

1853 4115 1992 4170 aqua
2014 4116 2143 4156 vero
2169 4103 2416 4170 apposito
2446 4103 2568 4172 igne
2617 4103 2678 4155 lit
2720 4118 2906 4157 urens.
2940 4103 3017 4155 Ita
3048 4100 3286 4172 Spiritus
3332 4115 3406 4158 est

1853 4201 2050 4247 natura
2077 4193 2432 4248 immutabilis
2467 4211 2480 4246 :
2515 4195 2609 4263 qui
2643 4209 2770 4247 vero
2821 4193 2946 4247 facti
2983 4200 3111 4248 sunt
3144 4193 3263 4261 ejus
3293 4208 3400 4262 par-

1855 4284 2087 4354 ticipes,
2168 4283 2272 4338 hac
2345 4285 2760 4353 participatione
2822 4284 2958 4337 ﬁunt
3028 4284 3394 4339 immutabilcs

1856 4375 2044 4427 Anam.
2079 4374 2164 4428 An
2194 4373 2278 4428 vis
2335 4374 2516 4428 dicere
2562 4374 2712 4427 illum
2766 4374 2943 4442 ipsum
2997 4373 3257 4442 Spiritum
3315 4373 3402 4428 Pa-

1857 4473 1994 4520 trem
2031 4466 2196 4520 esse?
2231 4463 2382 4520 Orth.
2419 4465 2605 4520 Absit!
2663 4466 2850 4518 Anam.
2883 4465 3050 4534 Atqui
3081 4465 3127 4519 si
3161 4481 3402 4536 quaecun-

1853 4572 1960 4626 que
1987 4564 2114 4611 sunt
2145 4554 2290 4609 Patri
2316 4555 2556 4625 propria,
2587 4563 2714 4610 sunt
2744 4571 2961 4626 quoque
2982 4554 3120 4610 Filio
3155 4564 3209 4610 et
3243 4554 3405 4625 Spiri-

172 4649 418 4719 Πατρὺς,
448 4647 655 4702 καὶτοῦ
683 4647 809 4700 Υίοῦ
833 4649 927 4701 καὶ
951 4647 1042 4701 τοῦ
1067 4649 1380 4719 Πνεύματὸς
1424 4651 1529 4702 εἰσι
1563 4651 1716 4704 κοινά
1737 4669 1742 4682 ε

1858 4649 1934 4703 tui
1960 4648 2290 4712 communia,
2313 4654 2526 4717 oportet
2547 4656 2606 4700 ut
2633 4646 2792 4702 Pater
2833 4648 2903 4703 sit
2951 4648 3069 4718 ipse
3099 4646 3338 4718 Spiritus
3366 4660 3408 4702 e'

168 4738 338 4801 ἀλλὰ,
369 4737 452 4789 Τὰ
480 4737 586 4791 ῐδια
610 4738 708 4807 τῆς
734 4738 922 4801 οὐσίας
950 4739 1045 4790 τοῦ
1073 4736 1229 4803 Θεοῦ,
1264 4737 1358 4791 τοῦ
1404 4739 1618 4810 Πατρὸς
1659 4741 1752 4793 καὶ¹

166 4831 274 4885 τοῦ
312 4829 446 4882 Υἱοῦ
497 4829 591 4882 καὶ
619 4829 712 4882 τοῦ
742 4829 898 4898 ἁγίου
929 4828 1246 4900 Πνεύματός
1272 4831 1375 4882 είσι
1411 4829 1597 4883 κοινά·
1640 4824 1751 4883 οἷον

165 4925 238 4979 τὸ
262 4922 564 4995 ἄφθαρτον,
595 4922 656 4974 τὸ
685 4921 972 4985 ἀθάνατον,
1001 4921 1061 4974 τὸ
1081 4921 1456 4984 ἀναλλοίωτον,
1482 4919 1543 4973 τὸ
1580 4920 1748 4990 ἀψευ-

163 5018 290 5079 δὲς,
340 5016 436 5069 καὶ
471 5014 572 5069 ὅσα
624 5013 869 5069 τοιαῦτα.
922 5015 1121 5083 Ἀνόμ.
1158 5013 1350 5077 ’Ἄλλος
1395 5008 1488 5066 οὖν
1539 5014 1684 5066 ἐστιν
1720 5012 1750 5064 ὁ

162 5110 334 5176 Θεὸς,
369 5108 464 5161 καὶ
491 5107 647 5172 ἄλλος
682 5108 711 5159 ὁ
742 5110 967 5179 Πατήρ;
1007 5107 1152 5174 Ὀρθ.
1185 5106 1277 5177 Μὴ
1326 5106 1535 5174 γένοιτο
1567 5107 1580 5158 l
1614 5104 1751 5158 ἀλλὰ

159 5203 257 5267 τὸ,
297 5201 454 5266 Θεὸς,
480 5201 580 5273 τὴν
611 5199 770 5271 φύσιν
791 5200 962 5272 δηλοῖ,
992 5199 1054 5252 τὸ
1080 5199 1137 5252 δὲ
1171 5198 1384 5270 Πατὴρ,
1425 5197 1525 5268 τὴν
1564 5197 1750 5268 σχέσιν

1857 4739 2048 4794 Filius.
2103 4737 2258 4793 Orth.
2297 4737 2414 4793 Non
2443 4737 2579 4799 dixi,
2613 4753 2734 4807 quae
2780 4738 3000 4808 propria
3031 4747 3160 4792 sunt
3198 4735 3406 4791 Patris.

1855 4845 1978 4886 esse
2003 4844 2218 4900 quoque
2248 4827 2388 4882 Filio
2430 4838 2484 4884 et
2523 4827 2750 4899 Spiritui
2794 4826 3140 4882 communia:
3173 4826 3269 4882 sed
3307 4827 3406 4881 dix’

1830 4937 1940 4988 ea,
1967 4937 2089 4992 quae
2115 4919 2338 4991 propria
2369 4929 2496 4975 sunt
2525 4921 2845 4976 substantiae
2877 4918 3006 4982 Dei,
3051 4934 3175 4973 esse
3197 4927 3252 4972 et
3282 4918 3404 4973 Fiiit

1855 5023 1909 5070 et
1938 5013 2164 5086 Spiritui
2209 5021 2401 5069 sancto
2441 5012 2772 5076 communia,
2811 5019 2872 5066 ut
2914 5009 3407 5080 incorruptibilem.

1855 5106 2233 5171 immortalem,
2260 5105 2649 5160 immutabilem
2669 5119 2812 5170 esse,
2837 5101 3055 5157 mentiri
3086 5115 3196 5154 non
3235 5115 3399 5169 posse

1855 5205 1912 5252 et
1943 5212 2281 5268 quaecunque
2311 5204 2440 5252 sunt
2471 5195 2802 5266 hujusmodi.
2832 5193 3023 5248 Anam.
3045 5193 3258 5262 Ergone
3281 5191 3404 5246 aliua

137 5313 141 5324 γ
247 5354 299 5388 ³⁸
335 5351 514 5411 Galat.
550 5370 620 5415 ll.
662 5355 747 5409 14.
823 5355 866 5387 ³⁸
907 5353 925 5407 l
957 5354 1082 5410 Cor.
1122 5371 1193 5418 IV,
1229 5355 1284 5409 4.
1361 5354 1406 5385 ³⁸
1439 5351 1481 5405 ll
1516 5351 1665 5409 Petr.
1704 5366 1766 5418 11,
1799 5351 1854 5407 4-

115 5481 144 5553 l

248 5509 367 5582 (89)
403 5509 604 5582 Balat.,
629 5473 866 5582 K_at7:kp
895 5511 1074 5580 ἡμεῖς.

251 5579 369 5652 (90)
409 5579 591 5652 Forte,
631 5580 708 5651 τῷ
735 5579 906 5652 τινας.

251 5583 347 5652 (90
409 5582 591 5644 Forte,
631 5582 708 5651 τῷ
735 5597 906 5644 τινας.

249 5582 369 5724 (9ίί
415 5650 531 5721 Τὴν
545 5651 852 5720 dapsili-lar,
871 5647 1128 5719 ᾶτρεπτά
1148 5650 1322 5702 εἰσιν.
1345 5645 1434 5701 Sic
1452 5643 1650 5712 Palat.,
1681 5645 1750 5699 δι’

1854 5501 2269 5576 ὁμοιοτὲλέυτον.
2315 5563 2341 5576 _
2495 5567 2508 5576 ι
2553 5566 2566 5576 ι
2601 5566 2648 5576 __
2713 5563 2740 5575 η
2880 5562 2976 5576 Μ,

1929 5573 2038 5646 (9‘2)
2077 5572 2264 5643 Πατὴρ
2289 5563 2436 5647 εῖναι
2450 5566 2579 5626 αὐτὸ
2601 5563 2845 5637 Πνεῦμα.
2880 5562 3022 5619 Edit.
3052 5560 3244 5635 Steph.
