3862 6204
476 234 619 290 Ηῦὸ

1569 230 1634 288 8.
1673 226 2140 287 ATHANASIUS.
2181 264 2248 274 -—-
2285 228 2557 288 SPURIA.

3604 224 3743 289 1156

468 345 617 401 Deus
646 351 749 409 est,
780 343 923 400 alius
949 343 1152 399 Pater?
1179 343 1331 399 Orth.
1360 344 1547 399 Absit!
1585 345 1681 399 sed
1710 345 1802 400 Dei
1842 361 2037 401 nomen

2145 346 2243 418 τὴν
2275 346 2410 417 πρὸς
2440 345 2533 399 τὸν
2565 345 2711 397 Υίόν.
2744 344 2884 398 Ὅσα
2912 340 3004 399 ούν
3037 344 3145 398 ἴδιά
3180 346 3292 397 εἱσι
3339 343 3437 415 τῆς
3495 342 3739 411 φύσεως,

466 444 721 493 naturam
750 436 977 500 indicat,
1014 450 1211 491 nomen
1228 444 1403 491 autem
1421 434 1601 491 Patris
1617 451 1737 490 eam
1755 438 2045 499 rationem,

460 540 633 598 quam
660 526 728 580 ad
758 524 956 580 Filium
1000 526 1178 580 habet.
1239 526 1589 595 Quaecunque
1628 527 1794 596 igitur
1828 527 2047 596 propria

467 626 598 673 sunt
623 623 868 680 naturae,
918 618 1226 669 communia
1257 624 1385 670 sunt
1420 615 1665 683 ejusdem
1724 616 2047 670 substantias

465 706 875 778 hypostasibus.
898 705 1174 776 Siquidem
1207 705 1353 776 quod
1381 706 1519 761 dixit
1546 707 1812 777 prapheta
1844 708 1911 771 ³⁷,
1936 708 2048 763 Ma-

462 796 772 868 gnitudinis
796 796 887 852 Dei
919 812 1027 851 non
1072 804 1156 851 est
1200 796 1322 851 ﬁnis
1349 835 1364 860 ,
1404 797 1602 852 dixerit
1643 798 1806 852 etiam
1840 798 2044 868 aliquis

475 895 532 942 et
561 887 628 942 de
661 884 801 939 Filio
824 893 878 941 et
914 885 981 940 de
1013 884 1253 955 Spiritu;
1287 886 1415 955 quia
1446 900 1623 955 neque
1653 886 2047 956 magnitudinis

475 976 624 1041 Filii,
656 993 833 1048 neque
858 977 1247 1046 magnitudinis
1284 975 1559 1047 Spiritus:
1586 978 1731 1032 ullus
1755 985 1839 1032 est
1862 978 2048 1033 termi-

471 1084 604 1125 nus.
620 1068 754 1123 Nam
779 1088 796 1119 ι
822 1067 1047 1133 Quoibo
1083 1083 1112 1120 a
1145 1065 1349 1137 Spiritu
1381 1066 1514 1121 tuo?
1539 1077 1592 1122 et
1624 1082 1776 1138 quoa
1799 1066 1936 1123 facie
1957 1078 2048 1122 tua

477 1161 681 1235 fugiam
713 1161 798 1214 '3?
839 1179 857 1212 ι
886 1159 1087 1215 Rerum
1114 1169 1297 1215 autem
1330 1161 1574 1214 omnium
1614 1160 1963 1215 conditarum
1994 1170 2049 1216 et

473 1254 743 1309 terminus
795 1259 880 1307 est
924 1251 1123 1321 aliquis
1173 1259 1227 1307 et
1282 1252 1581 1322 quantitas.
1635 1250 1865 1306 Possum
1899 1252 2047 1306 enim

473 1346 657 1399 animo
684 1345 972 1414 concipere
1008 1342 1333 1410 Gabrielem,
1358 1344 1453 1398 ubi
1490 1359 1601 1398 non
1640 1344 1712 1400 sit
1754 1344 1998 1416 Rapliael
2028 1363 2042 1400 :

459 1434 679 1491 Patrem
708 1445 891 1489 autem
919 1443 973 1489 et
1000 1433 1200 1490 Filium
1230 1442 1284 1489 et
1316 1434 1582 1505 Spiritum
1621 1444 1873 1491 sanctum
1923 1432 2066 1492 ubi-3

461 1542 588 1598 que,
606 1526 662 1580 in
686 1526 943 1580 omnibus
965 1533 1022 1581 et
1042 1541 1137 1595 per
1166 1527 1352 1581 omnia
1380 1538 1561 1582 mente
1589 1527 1902 1583 considero.

530 1615 623 1671 26.
664 1616 855 1670 Anam.
891 1613 1022 1670 Dico
1056 1617 1219 1669 etiam
1252 1631 1353 1686 ego
1376 1653 1391 1681 ,
1438 1617 1661 1686 ubique,
1689 1624 1743 1672 et
1781 1617 1836 1670 in
1863 1618 2044 1673 omni:-

2149 440 2319 492 ταῦτα
2343 439 2497 492 κοινὰ
2522 438 2630 491 τῶν
2656 438 2755 508 τῆς
2772 438 2943 509 αὐτῆς
2970 437 3158 501 οὐσίας
3184 437 3569 491 ὑποστάσεων.
3590 438 3741 509 ’Δμίι

2160 529 2241 583 λει
2271 531 2365 583 καὶ
2394 533 2492 601 τῆς
2520 530 2909 601 μεγαλωσύνης
2966 529 3058 583 τοῦ
3083 529 3218 583 Θεοῦ
3253 530 3354 582 οὐκ
3385 529 3511 583 ἐστι
3545 529 3735 601 πέρας,

2149 622 2364 693 εἴρηται
2384 622 2536 694 παρὰ
2556 622 2634 694 τῷ
2667 624 2952 693 προφήττγ
2983 622 3141 675 τοῦτο
3161 621 3217 674 δὲ
3242 621 3308 674 ἄν
3344 639 3430 684 τις
3470 622 3624 675 εἴποι
3648 622 3735 675 καὶ

2150 715 2280 787 περὶ
2300 715 2394 768 τοῦ
2428 714 2580 779 Υίοῦ,
2612 717 2706 768 καὶ
2740 717 2867 786 περὶ
2911 714 3007 767 τοῦ
3060 713 3406 784 Πνεύματος·
3458 713 3596 767 οὔτε
3635 715 3732 786 γὰρ

2148 806 2247 877 τῆς
2281 806 2671 877 μεγαλωσύνης
2690 806 2785 859 τοῦ
2817 805 2946 859 Υἱοῦ
2982 806 3091 876 (95)
3114 806 3229 858 ἐστι
3262 805 3456 876 πέρας,
3484 803 3618 857 οὔτε
3643 804 3729 872 τῆς

2153 897 2543 969 μεγαλωσύνης
2590 898 2683 951 τοῦ
2738 898 3074 966 Πνεύματος.
3131 915 3151 948 ι
3208 896 3319 950 Ποῦ
3365 916 3385 948 ι
3429 896 3550 968 γὰρ
3589 916 3609 948 ι
3646 913 3729 950 πο-

2150 989 2328 1061 ρευθῶ
2350 990 2457 1043 ἀπὸ
2477 989 2570 1043 τοῦ
2594 990 2910 1061 Πνεύματός
2933 1008 3027 1045 σου
3043 1009 3058 1055 ;
3077 991 3173 1044 καὶ
3194 990 3410 1044 ἀπὸτοῦ
3431 989 3726 1062 προσώπω

2151 1098 2246 1134 σου
2266 1081 2368 1135 ποῦ
2383 1082 2600 1151 φύγως»
2625 1081 2746 1136 Τῶν
2762 1082 2818 1135 δὲ
2839 1083 3152 1154 κτισμάτων
3164 1082 3423 1136 ἁπάντων
3437 1084 3542 1136 καὶ
3566 1082 3728 1152 πέρας

2148 1173 2273 1227 ἐστὶ
2324 1174 2419 1226 καὶ
2471 1174 2727 1246 ποσύτης.
2784 1174 3031 1247 Δύναμαι
3081 1175 3189 1247 γὰρ
3239 1176 3428 1245 νοῆσαι
3482 1174 3581 1228 τὸν
3626 1176 3665 1227 Γ
3666 1192 3725 1227 α-

2148 1264 2328 1337 ϐριὴλ,
2372 1266 2501 1320 ἔνθα
2564 1267 2665 1320 οὐκ
2723 1267 2871 1323 ἐστιν
2904 1270 2933 1323 6
2973 1267 3248 1339 Ῥαφαήλο
3283 1267 3510 1338 Πατέρα
3551 1267 3611 1319 δὲ
3640 1267 3727 1320 καὶ

2149 1357 2275 1413 Υἱὸν
2305 1359 2399 1412 καὶ
2432 1359 2585 1427 ἆγιον
2618 1359 2869 1432 Πνεῦμα,
2909 1360 3183 1432 πανταχοῦ
3225 1361 3319 1414 καὶ
3350 1362 3409 1414 ὲν
3452 1361 3595 1414 πᾶσι
3640 1362 3727 1413 κα).

2147 1446 2236 1500 διὰ
2269 1448 2487 1503 πάντων
2522 1449 2627 1503 νοῶ

2216 1603 2305 1658 26.
2349 1607 2550 1678 Ἀνόμ.
2604 1610 2777 1680 Κάγὼ
2835 1610 2998 1679 λέγω,
3055 1611 3136 1664 ὅτι
3175 1607 3449 1679 πανταχοῦ
3526 1607 3622 1660 καὶ
3670 1607 3725 1659 ὲν

457 1705 583 1769 bus,
613 1712 667 1761 et
694 1721 789 1777 per
820 1704 1003 1759 omnia
1022 1721 1142 1761 esse
1166 1703 1405 1769 Patrem,
1434 1704 1657 1773 Filium,
1688 1714 1742 1763 et
1774 1705 2037 1778 Spiritum

2147 1697 2279 1749 πᾶσι
2310 1699 2404 1753 καὶ
2428 1700 2515 1756 διὰ
2545 1703 2763 1756 πάντων
2799 1703 2915 1756 ἐστὶ
2959 1702 3147 1773 Πατὴρ
3179 1704 3271 1754 καὶ
3298 1701 3425 1763 Υἱὸς
3452 1700 3554 1753 καὶ
3578 1699 3724 1767 ἅγιον

458 1805 735 1853 sanctum.
776 1794 929 1852 Orth.
964 1797 1155 1853 Nonne
1189 1798 1243 1853 id
1264 1798 1858 1863 estconsubstantiale,
1881 1800 2032 1871 quod

464 1890 715 1945 eamdem
740 1890 1060 1945 substantia:
1079 1891 1345 1945 rationem
1366 1890 1587 1959 recipit?
1615 1889 1805 1946 Anam.
1824 1890 1943 1945 Non
1961 1891 2045 1946 di-

451 1980 541 2036 cis
570 1980 739 2050 igitur
769 1978 1031 2049 majorem
1051 1994 1173 2035 esse
1188 1978 1404 2034 Patrem
1423 1978 1587 2033 Filio?
1614 1982 1769 2036 Orth.
1787 1980 1857 2035 Ut
1874 1980 2044 2037 Deum

453 2072 570 2129 Deo
595 2072 878 2143 majorem,
903 2088 1248 2144 nequaquam
1282 2092 1294 2127 :
1326 2073 1424 2129 sed
1451 2081 1508 2127 ut
1541 2072 1759 2128 Patrem
1790 2074 1914 2128 Filii
1938 2076 2045 2129 hu-

454 2179 618 2221 mana
642 2180 808 2220 carne
838 2164 1013 2219 induti
1042 2185 1055 2219 :
1089 2165 1358 2236 siquidem
1394 2182 1504 2219 non
1533 2166 1707 2219 dixit:
1750 2166 1891 2221 Deus
1925 2181 2045 2219 ma-

448 2255 543 2325 .jor
569 2269 656 2309 me
680 2260 785 2319 est,
828 2244 923 2309 sed
954 2272 972 2305 ι
1006 2244 1166 2308 Pater
1200 2253 1376 2323 major
1432 2268 1517 2307 me
1551 2263 1636 2307 est
1668 2253 1737 2305 ”.
1774 2272 1793 2304 ι
1845 2254 2041 2307 Anam.

452 2332 652 2400 Filium
708 2360 839 2417 ergo
896 2345 1037 2400 dicis
1090 2344 1290 2399 deitate
1354 2344 1620 2412 aequalem
1678 2359 1801 2398 esse
1857 2341 2043 2397 Patri?

451 2437 608 2493 Orth.
651 2436 926 2493 Maxime:
971 2436 1104 2492 dicit
1135 2435 1280 2491 enim
1314 2436 1650 2505 Apostolus:
1691 2453 1710 2487 ι
1754 2434 1869 2489 Hoc
1914 2451 2044 2491 sen-

451 2531 552 2586 tite
578 2532 635 2585 in
662 2530 843 2596 vobis,
880 2530 1027 2601 quod
1058 2537 1113 2585 et
1137 2529 1193 2582 in
1223 2527 1444 2583 Christo
1478 2525 1607 2583 Jesu
1637 2544 1651 2580 :
1690 2528 1787 2598 qui
1831 2543 1958 2582 cum
1984 2528 2042 2582 in

450 2622 632 2678 forma
667 2620 759 2680 Dei
789 2630 957 2689 esset,
982 2638 1093 2676 non
1118 2622 1367 2692 rapinam
1395 2621 1696 2676 arbitratus
1725 2628 1808 2675 est
1829 2635 1954 2676 esse
1982 2636 2042 2676 se

450 2715 719 2786 aequalem
742 2713 854 2769 Deo
870 2714 937 2767 ⁸ο.
980 2732 997 2764 ι
1022 2718 1211 2767 Anam.
1229 2710 1385 2781 Quod
1410 2711 1573 2782 igitur
1588 2711 1702 2780 ipse
1716 2725 1824 2765 non
1838 2711 2039 2781 rapuit,

451 2822 555 2863 cur
591 2807 673 2860 illi
704 2805 996 2861 attribuis?
1037 2804 1189 2860 Orth.
1226 2803 1494 2870 Quoniam
1520 2804 1636 2873 ipse
1677 2819 1787 2859 non
1827 2804 2039 2873 rapuit,

450 2897 550 2954 sed
572 2898 736 2953 habet
764 2905 1006 2965 natura;
1049 2905 1104 2952 et
1139 2896 1245 2950 hoc
1282 2896 1511 2961 habens,
1548 2914 1566 2947 ‹
1606 2895 1910 2950 exinanivit
1952 2910 2040 2950 se-

449 2986 760 3056 metipsum,
788 2985 963 3040 forma
996 2986 1136 3040 servi
1163 2993 1384 3055 accepta
1426 2986 1492 3040 “.
1531 3002 1550 3036 ι
1576 2983 1708 3050 Qua:
1738 2986 1882 3039 enim
1913 2985 2034 3040 laus

448 3073 715 3129 debeatur
743 3073 817 3138 ei,
842 3074 937 3144 qui
981 3089 1143 3144 quam
1166 3088 1278 3127 non
1308 3072 1470 3126 habet
1499 3073 1886 3143 aequalitatem,
1914 3089 2037 3128 eam

449 3180 562 3220 non
594 3164 818 3236 rapuit?
862 3163 1000 3218 Nam
1049 3165 1096 3218 si
1147 3164 1250 3219 hoc
1288 3163 1562 3219 laudabile
1613 3172 1728 3229 est,
1785 3164 2037 3218 similiter

446 3254 615 3311 etiam
644 3256 842 3311 caelum
879 3255 1210 3320 laudabitur,
1242 3264 1297 3310 et
1318 3243 1572 3321 Gabriel,
1601 3263 1657 3311 et
1686 3253 1949 3325 Raphael,
1979 3264 2034 3311 et

448 3347 768 3419 angelorum
830 3346 1052 3417 singuli,
1083 3354 1137 3402 et
1182 3346 1545 3425 archan‘gelus
1580 3347 1849 3418 quilibet,
1885 3349 2034 3420 quod

448 3438 820 3511 aequalitatem
849 3452 977 3492 cum
1006 3436 1116 3491 Deo
1163 3452 1274 3491 non
1306 3437 1609 3506 rapuerint.

521 3532 613 3588 27.
648 3532 841 3585 Anam.
887 3529 999 3585 Nos
1031 3530 1268 3585 dicimus
1316 3529 1555 3595 Patrem,
1593 3538 1648 3584 et
1698 3526 1897 3582 Filium
1923 3567 1939 3592 ,
1981 3537 2036 3582 ct

452 3626 718 3697 Spiritum
752 3633 1001 3681 sanctum
1033 3640 1154 3680 esse
1189 3624 1363 3679 instar
1398 3622 1665 3692 episcopi,
1717 3632 1772 3677 et
1804 3623 2032 3692 presby-

449 3718 576 3785 teri,
602 3724 658 3772 et
686 3716 923 3772 diaconi.
970 3715 1122 3771 Orth.
1172 3713 1280 3770 Sed
1325 3715 1470 3770 sicut
1496 3714 1770 3784 quispiam
1800 3714 1892 3783 qui
1921 3714 2036 3782 epi-

451 3826 654 3881 scopus
680 3826 790 3866 non
823 3810 917 3874 sit.
941 3817 997 3865 et
1032 3817 1213 3864 tamen
1247 3809 1411 3864 homo
1440 3808 1532 3873 sit,
1569 3806 1815 3862 eamdem
1873 3806 2036 3859 habet

451 3911 703 3957 naturam
734 3908 896 3972 atque
919 3902 1210 3971 episcopus
1241 3920 1253 3954 :
1277 3900 1527 3956 similiter
1552 3906 1608 3954 et
1635 3898 1921 3962 diaconus,
1940 3897 2036 3967 qui

453 4009 633 4065 neque
655 3993 939 4064 presbyter
954 3993 1045 4058 sit,
1065 4007 1241 4062 neque
1251 3992 1561 4062 episcopus,
1578 3988 1823 4058 ejusdem
1851 3996 2036 4043 tamen

451 4093 539 4143 est
559 4093 799 4141 naturae:
832 4087 909 4140 ita
936 4086 1102 4156 igitur
1128 4097 1188 4139 tu
1215 4100 1433 4155 quoque
1458 4083 1646 4139 fateris
1681 4081 1878 4136 Filium
1910 4082 2035 4151 qui-

452 4176 578 4232 dem
610 4192 720 4232 non
746 4192 869 4233 esse
887 4175 1126 4244 Patrem,
1159 4177 1256 4232 sed
1285 4177 1532 4246 ejusdem
1564 4191 1687 4231 esse
1714 4187 1923 4229 naturae
1952 4184 2035 4227 at-

451 4281 560 4337 que
607 4265 869 4322 Patrem:
932 4266 1233 4337 itidemque
1286 4266 1550 4336 Spiritum
1605 4264 1702 4319 Dei
1757 4281 1867 4319 non
1910 4279 2035 4320 esse

2148 1788 2394 1860 Πνεῦμα.
2435 1793 2581 1860 Ὀρθ.
2616 1794 2787 1848 Τοῦτο
2812 1790 2904 1849 οῦν
2931 1796 3077 1847 ἐστιν
3112 1794 3223 1864 (94)
3252 1792 3562 1863 ὁμοούσιον,
3587 1792 3617 1844 ὃ
3637 1791 3725 1843 τδν

2145 1879 2307 1933 αὑτὸν
2338 1884 2643 1955 ἐπιδέχεται
2670 1886 2827 1955 λόγον
2849 1888 2947 1958 τῆς
2968 1886 3177 1948 οὐσίας.
3224 1885 3420 1954 Ἀνόμ.
3446 1884 3528 1937 Οὐ
3547 1883 3729 1951 λέγεις

2144 1968 2238 2025 οῦν
2269 1973 2493 2043 μείζονα
2519 1976 2611 2031 τὸν
2632 1978 2852 2048 Πατέρα
2881 1978 2974 2032 τοῦ
3023 1976 3189 2041 Tim");
3241 1976 3389 2043 Ὀρθ.
3447 1974 3542 2038 Ὧς
3596 1973 3728 2026 Θεὸν

2144 2064 2305 2129 Θεοῦ,
2364 2066 2426 2121 οῦ
2446 2085 2462 2101 ο
2515 2069 2593 2134 ὡς
2643 2072 2864 2144 Πατέρα
2914 2071 2972 2126 δὲ
3020 2070 3149 2124 Υίοῦ
3183 2070 3725 2143 ὲνανθρωπήσαντος.

2160 2157 2376 2227 Ἀμέλει
2399 2160 2498 2214 οὐκ
2525 2155 2697 2216 εἵπεψ
2738 2161 2798 2217 '0
2831 2162 2965 2227 Θεὸς
2995 2162 3197 2233 μείζων
3229 2179 3330 2233 μου
3371 2162 3554 2214 ἐστίν’
3590 2162 3727 2225 ἀλλ’,

2151 2268 2170 2300 ι
2212 2250 2269 2304 '0
2291 2252 2479 2324 Πατὴρ
2512 2254 2715 2324 μείζων
2748 2272 2851 2325 μου
2877 2254 3046 2308 ἐστίν.
3078 2274 3099 2307 ι
3148 2255 3344 2324 Ἀνόμι
3390 2254 3470 2324 Τῇ
3514 2253 3730 2325 Θεότητι

2145 2336 2237 2395 οῦν
2270 2340 2383 2397 ῐσον
2405 2343 2583 2412 λέγεις
2612 2346 2703 2398 τὸν
2729 2346 2856 2399 Υἱὸν
2876 2345 2967 2399 τοῦ
2991 2344 3203 2417 Πατρός
3220 2362 3234 2411 ;
3252 2345 3396 2413 Ὀρθ.
3424 2345 3538 2398 Καὶ
3562 2344 3725 2398 πάνυδ

2145 2435 2369 2509 καὶγὰρ
2400 2437 2492 2490 καὶ
2514 2438 2543 2489 6
2590 2422 2910 2502 ’Δπόστολος
2939 2437 3087 2506 λέγει
3115 2454 3129 2466 θ
3179 2455 3198 2488 ι
3225 2436 3397 2490 Τοῦτο
3420 2435 3731 2508 φρονείσθω

2145 2529 2203 2581 ὲν
2235 2528 2431 2600 ὑμῖν,ὃ
2460 2531 2554 2583 καὶ
2581 2531 2639 2583 ὲν
2668 2529 2890 2601 Χριστῷ
2928 2528 3104 2601 Ἰησοῦ
3125 2545 3139 2559 ⁸
3177 2528 3257 2593 ὃς,
3294 2530 3353 2582 ὲν
3380 2531 3572 2600 μορφῇ
3595 2526 3731 2580 Θεοῦ

2142 2620 2539 2693 ὖπάρχων,οὺχ
2570 2622 2862 2693 ἁρπαγμὸν
2893 2623 3141 2693 ἡγήσατο
3166 2621 3229 2674 τὸ
3254 2617 3395 2674 εἶναι
3419 2622 3515 2674 ῐσα
3529 2622 3675 2693 Θεῷ.
3704 2643 3721 2675 ι

2156 2710 2353 2779 Ἀνόμ.
2392 2713 2459 2766 Ὃ
2489 2708 2582 2765 οῦν
2603 2713 2765 2775 αὐτὸς
2790 2713 2887 2783 οὐχ
2911 2713 3128 2783 ἥρπασε
3160 2710 3294 2795 (95),
3332 2713 3398 2766 σὺ
3430 2711 3528 2765 διὰ
3565 2714 3622 2765 τί
3651 2713 3726 2766 δί-

2140 2806 2247 2868 δως
2271 2804 2450 2875 αὐτῷ;
2489 2806 2636 2875 Ὀρθ.
2673 2807 2794 2858 Ὅτι
2824 2806 2922 2875 οὐχ
2952 2805 3219 2877 ἥρπασεν,
3247 2804 3363 2858 ἀλλ’
3387 2804 3506 2875 ἔχει
3529 2809 3603 2877 τῇ
3636 2805 3726 2874 φύε

2143 2914 2225 2949 σει
2244 2913 2258 2926 ·
2295 2896 2389 2949 καὶ
2422 2895 2559 2967 ἔχων
2592 2896 2771 2959 τοῦτο,
2798 2914 2817 2946 ι
2852 2896 3043 2950 ἑαυτὸν
3067 2896 3322 2959 ὲκένωσε,
3350 2895 3724 2967 μορφὴνβού-

2142 2986 2235 3041 λου
2262 2987 2462 3043 λαϐὼν.
2513 3005 2533 3040 ι
2586 2989 2744 3050 Ποῖος
2774 2986 2883 3059 γὰρ
2910 2982 2976 3059 ἦν
3004 2986 3223 3052 ἔπαινος
3239 2987 3317 3059 τῷ
3340 2988 3417 3059 μὴ
3454 2986 3640 3058 ἔχοντι
3666 2988 3726 3042 τὸ

2144 3078 2277 3144 ἴσον,
2310 3078 2405 3134 καὶ
2441 3077 2515 3149 μὴ
2545 3078 2882 3150 ἁρπάζοντις
2908 3079 2971 3131 El
2989 3077 3096 3149 γὰρ
3116 3077 3273 3132 τοῦτο
3295 3078 3541 3144 ἔπαινος,
3564 3081 3723 3135 strata

2137 3170 2419 3241 νεΘήσεται
2451 3169 2653 3240 ὁμοίως
2682 3168 2777 3221 κα)⁵
2795 3170 2823 3222 ὁ
2845 3170 3093 3242 οὐρανὸς,
3126 3178 3222 3224 και
3263 3172 3293 3224 6
3330 3170 3607 3245 Γαϐριὴλ,
3631 3173 3724 3228 καὶ

2136 3261 2164 3313 6
2194 3261 2461 3333 ΓΡαφαὴλ,
2490 3262 2584 3314 καὶ
2627 3262 2857 3324 ἕκαστος
2884 3260 2991 3314 τῶν
3023 3261 3289 3329 ἀγγέλων,
3336 3263 3434 3315 καὶ
3482 3264 3720 3328 ἕκαστος

2135 3354 2244 3408 τῶν
2278 3353 2653 3426 ἁρχαγγέλων,
2682 3355 2766 3407 ὅτι
2794 3354 2871 3425 μὴ
2902 3353 3157 3425 ἥρπασαν
3184 3352 3244 3406 τὸ
3273 3349 3415 3407 εἶναι
3454 3355 3552 3408 ἴσα
3581 3355 3721 3427 Θεῷ.

2205 3530 2296 3584 27.
2360 3532 2558 3601 Ἀνόμ.
2605 3530 2796 3604 Ἡμεῖς
2842 3533 3071 3604 λέγομεν
3110 3532 3363 3605 Πατέρα,
3415 3532 3516 3588 δια-ἰ
3572 3533 3721 3598 ϊὶὸν,

2136 3623 2229 3676 καὶ
2262 3622 2416 3691 ἅγιον
2445 3622 2691 3695 Πνεῦμα,
2719 3624 2796 3688 ὡς
2843 3625 3160 3690 ἐπίσκοπον,
3195 3627 3291 3679 καὶ
3323 3625 3719 3699 πρεσϐύτερον,

2136 3716 2231 3770 καὶ
2280 3716 2524 3770 διάκονον
2582 3716 2710 3789 (96).
2779 3718 2925 3785 Ὀρθ.
2979 3717 3119 3770 Ἀλλ’
3176 3717 3367 3789 ὥσπερ
3421 3718 3723 3782 ἐπίσκοπος

2135 3809 2234 3861 οὐκ
2287 3808 2385 3875 ὢν,
2449 3807 2736 3879 ἄνθρωπος
2779 3808 2838 3862 δὲ
2880 3809 2976 3875 ὢν,
3009 3807 3130 3880 ’τὴν
3173 3809 3344 3880 αὐτὴν
3400 3809 3518 3881 ἔχει
3553 3810 3716 3879 φύσιν

2135 3898 2215 3970 τῷ
2238 3900 2552 3970 ὲπισκόπῳο
2579 3898 2783 3970 ὁμοίως
2807 3900 2901 3953 καὶ
2937 3902 2967 3953 6
2999 3900 3267 3963 διάκονος,
3306 3899 3433 3953 οὔτε
3479 3904 3720 3973 πρεσϐύ-

2134 4009 2312 4064 τερος,
2334 3991 2459 4045 οὔτε
2493 3992 2789 4057 ἐπίσκοπος
2838 3991 2938 4054 ὢν,
2984 3992 3084 4063 τῆς
3126 3993 3299 4061 αὐτῆς
3355 3994 3543 4063 μέντοι
3606 3996 3719 4047 ἐστὶ

2136 4082 2353 4152 φύσεως
2373 4099 2387 4113 ·
2414 4081 2589 4146 οὕτως
2621 4077 2714 4136 οῦν
2746 4082 2924 4151 λέγεις
2972 4083 3067 4136 καὶ
3108 4083 3268 4146 αὐτὸς
3306 4083 3398 4136 τὸν
3424 4084 3554 4137 Υἱδν
3610 4086 3719 4138 Παο

2134 4175 2270 4248 τέρα
2306 4174 2405 4246 μὲν
2439 4175 2513 4245 μὴ
2548 4169 2711 4238 εἶναι,
2760 4173 2861 4244 τῆς
2893 4174 2950 4227 δὲ
3004 4175 3171 4245 αὐτῆς
3225 4173 3443 4242 φύσεως
3479 4172 3562 4246 τῷ
3612 4177 3719 4229 Παὦ

2136 4265 2257 4336 τρί·
2294 4264 2471 4318 καὶτὸ
2498 4262 2723 4334 Πνεῦμα
2758 4262 2816 4316 δὲ
2842 4262 2937 4316 τοῦ
2957 4262 3117 4330 Θεοῦ,
3160 4263 3289 4317 Υἱὸν
3325 4263 3425 4334 μὲν
3474 4265 3551 4335 μὴ
3583 4260 3717 4318 εἶναι

450 4358 673 4429 quidem
698 4357 919 4423 Filium,
951 4374 1129 4429 neque
1143 4357 1387 4424 Patrem,
1418 4359 1512 4413 sed
1539 4357 1784 4427 ejusdem
1805 4372 1929 4412 esse
1952 4366 2034 4411 at-

2145 4358 2273 4429 μήτε
2301 4356 2541 4427 Πατέρα,
2581 4356 2679 4426 τῆς
2719 4356 2778 4408 δὲ
2826 4353 2999 4425 αὐτῆς
3052 4350 3190 4408 εἶναι
3223 4354 3335 4425 (97)
3370 4355 3593 4426 φύσεως
3644 4357 3716 4426 τῷ

451 4464 560 4521 que
596 4447 811 4506 Patrem
841 4458 1091 4507 naturas:
1140 4467 1241 4507 cur
1297 4452 1467 4522 igitur
1514 4451 1795 4506 auditores
1846 4449 2027 4514 fallis,

452 4554 580 4594 cum
602 4541 819 4596 nescias
849 4541 980 4610 quid
1009 4541 1193 4597 dicas?
1232 4556 1298 4596 ac
1330 4557 1442 4596 non
1490 4540 1630 4597 dicis
1663 4552 1773 4596 tres
1805 4549 2031 4597 naturas

453 4631 786 4697 dissimiles.
838 4639 899 4687 ut
941 4634 1214 4704 angelum,
1245 4641 1300 4689 et
1330 4633 1607 4689 hominem
1630 4673 1645 4697 ,
1694 4641 1749 4688 et
1796 4632 2033 4703 equum?

452 4724 645 4778 Anam.
680 4723 842 4796 423
875 4724 954 4778 Ita
981 4725 1104 4780 dico
1136 4744 1149 4779 :
1183 4726 1386 4796 alioqui
1424 4724 1620 4780 fuerim
1665 4725 2033 4781 consubstan-

2137 4448 2332 4519 Πατρί.
2367 4447 2432 4501 Τί
2482 4444 2576 4502 οὖν
2610 4447 2824 4517 ὰπατᾷς
2866 4450 2995 4511 τοὺς
3045 4447 3373 4511 ἀκούοντας,
3432 4448 3511 4518 μὴ
3562 4447 3715 4511 είδὼς

2134 4540 2171 4595 ἃ.
2222 4541 2401 4610 λέγεις
2432 4581 2448 4606 ,
2507 4541 2569 4594 οὐ
2635 4540 2811 4610 λέγεις
2862 4541 2920 4594 δὲ
2972 4542 3121 4611 τρεῖς
3184 4539 3376 4609 φύσεις
3427 4541 3714 4611 ἀνομοίους

2136 4633 2213 4696 ὡς
2268 4633 2499 4702 ἄγγελον
2520 4673 2535 4697 ,
2588 4634 2683 4687 καὶ
2728 4633 3015 4705 ἄνθρωπον
3038 4674 3054 4699 ,
3108 4634 3201 4686 καὶ
3254 4632 3461 4699 ῖππον;
3519 4635 3712 4702 Ἀνόμ.

2138 4723 2296 4777 Οὕτω
2330 4724 2474 4793 λέγω
2497 4741 2511 4755 ’
2554 4724 2650 4778 ἐὰν
2682 4723 2792 4796 γὰρ
2816 4722 2976 4777 τοῦτο
3018 4723 3093 4795 μὴ
3125 4723 3285 4788 εἷται),
3317 4726 3713 4798 ὀμοουσιαστὴς

523 4879 567 4915 ³⁷
607 4880 754 4939 Psal.
791 4896 971 4947 cxuv,
1004 4881 1058 4936 3.
1135 4880 1181 4913 ³⁸
1218 4874 1365 4938 Psal.
1397 4896 1679 4949 cxxxvru,
1715 4880 1771 4935 7.
1850 4880 1895 4912 ”
1932 4880 2093 4936 Joan.
2131 4897 2243 4947 xiv,
2276 4880 2369 4937 28.
2446 4880 2491 4914 ’⁵³
2530 4879 2767 4951 Philipp.
2800 4895 2876 4944 ιι,
2913 4879 2981 4944 5,
3017 4879 3071 4933 6.
3162 4878 3206 4910 “
3244 4878 3383 4933 ibid.
3419 4879 3478 4935 7.

523 5039 634 5110 (93)
672 5036 871 5110 ζειαὶ.)
904 5036 995 5110 τοῦ
1027 5035 1181 5110 Θεοῦ.

456 5182 482 5233 ὲ
522 5101 636 5181 (94)
674 5108 818 5164 Edit.
839 5108 1051 5178 Steph.,
1068 5107 1238 5161 Τοῦτο
1251 5107 1350 5161 οὐκ
1368 5106 1535 5162 ἔστιν.
1559 5106 1716 5177 1158.,
1738 5106 1910 5162 Τοῦτο
1933 5101 2026 5162 οὖν

489 5198 623 5233 στιν.

489 5198 623 5235 στιν.

548 5246 636 5323 95)
672 5245 871 5323 Palat.,
900 5241 1272 5323 El_oﬁ_v_a61_:6c
1298 5244 1722 5323 oﬁxﬂp‘fraasv.“
1847 5316 1892 5323 ω

549 5317 639 5380 96⁷)
662 5318 850 5391 Palat.
882 5327 936 5375 et
958 5317 1165 5391 Felck.,
1194 5317 1395 5391 Ἡμεῖς
1408 5317 1659 5391 λέγομεν,
1696 5320 1800 5385 ὅτι,
1835 5317 2026 5391 ὥσπερ

449 5389 867 5462 ὀπρεσὸύτερος
882 5389 1178 5462 ἐπίσκοπος
1197 5389 1303 5462 οὐκ
1334 5389 1505 5462 ἐστιν,
1529 5389 1813 5462 ἄνθρωπος
1838 5389 2018 5462 δὲΑἶαν,

448 5458 557 5533 τὴν
570 5461 736 5533 αὐτὴν
764 5458 925 5529 ᾡύσιν
951 5460 1063 5533 ἔχει
1085 5460 1161 5531 τῷ
1188 5460 1489 5533 ἐπισκόπω·
1514 5458 1716 5533 ομοίως
1734 5462 1830 5515 καὶ
1852 5461 1880 5511 ὁ
1901 5458 2020 5533 ata-

450 5529 629 5602 κονος,
678 5529 802 5602 οὔτε
849 5529 1235 5602 πρεσϐύτερος,
1287 5530 1410 5583 οὔτε
1447 5529 1740 5602 διάκονος,
1767 5529 2023 5600 τοιαύτης

457 5600 642 5673 μέντοι
672 5600 787 5673 ἐστὶ
819 5600 1034 5673 φύσεως
1066 5600 1282 5673 (Felck.
1314 5602 1586 5673 solu_s_hic
1642 5600 1792 5655 addit
1827 5602 2020 5673 ‘Qp0.).

457 5618 642 5671 μεντοι
672 5618 787 5653 εστι
816 5618 1034 5723 ausam;
1066 5618 1117 5673 με
1132 5618 1268 5654 elcx.
1314 5618 1463 5655 sonus
1498 5618 1586 5654 ulc
1642 5618 1792 5655 auuit
1832 5618 2020 5667 υριω.

452 5668 644 5731 υῦτως
672 5665 785 5725 οῦν.
864 5687 971 5742 eg.,
1015 5671 1201 5751 Ἀνόιι.
1219 5671 1408 5742 Ἡμεῖς
1428 5670 1677 5742 λέγομεν,
1704 5673 1804 5739 ὅτι,
1834 5670 2022 5742 ὥσπερ

2136 5036 2454 5101 ἐπίσκοπος,
2502 5034 2596 5089 καὶ
2644 5033 3033 5157 πρεσϐύτερος,
3082 5033 3175 5087 καὶ
3223 5031 3494 5112 ῥιάκονος·
3548 5032 3716 5094 οὕτως

2136 5107 2255 5157 ἐστὶ
2281 5107 2471 5157 Πατὴρ
2497 5107 2590 5157 καὶ
2630 5105 2758 5157 Υἱὸς
2795 5106 2887 5157 καὶ
2960 5121 3076 5157 γιον
3113 5105 3357 5157 Πνεύμα,
3407 5102 3566 5157 ’000.
3605 5104 3716 5154 Δεί-

2136 5107 2255 5160 ὲστὶ
2281 5107 2471 5177 Πατὴρ
2497 5107 2605 5177 καί,
2630 5102 2759 5177 Tib;
2795 5106 2887 5157 καὶ
2923 5102 3076 5177 ἅγιον
3105 5102 3357 5177 Πνεῦμα,
3600 5104 3716 5177 ῥεί-

2134 5193 2310 5263 κνυσι,
2327 5172 2469 5263 μήτε
2515 5175 2672 5263 τοῦτο
2704 5174 2949 5263 λέγοντα.
2988 5172 3718 5263 ᾈνςμἋΠιῷςὶᾯρθὶῘ-υξι

2135 5242 2501 5331 πρεσϐύτερος
2527 5246 2626 5331 μὲν
2650 5245 2946 5331 ἐπίσκοπος
2964 5244 3064 5296 οὐκ
3082 5242 3161 5296 ἑτι
3183 5242 3471 5313 ἄνθρωπος
3498 5242 3605 5312 μὲν
3622 5242 3716 5311 τὴν

2134 5318 2304 5386 αὐτὴν
2334 5317 2446 5386 ἔχει
2474 5317 2656 5386 φύσιν,
2687 5324 2793 5386 (διοζ

2206 5335 2236 5369 τ
2276 5336 2304 5371 ν
2334 5335 2359 5370 ε
2398 5335 2446 5370 ει
2474 5335 2656 5386 φυσιν,
2687 5335 2793 5369 etc.

2202 5335 2313 5460 (91,7)
2354 5335 2518 5460 given.
2545 5389 2700 5460 abest
2714 5384 3033 5460 a‘Palatino.
3060 5381 3287 5460 ibidem,
3317 5378 3505 5460 Felcir.
3537 5390 3593 5437 et
3615 5380 3715 5460 Pa:

2128 5450 2541 5528 1³ιίιι.,Πατρί.
2583 5454 2801 5528 Ἐπειδὴ
2839 5458 2973 5528 παρῖ
3016 5453 3181 5528 αὑτοῦ
3224 5450 3615 5528 ἐκπορεύεται,
3664 5457 3713 5505 el

2128 5520 2307 5585 erasis
2330 5520 2707 5598 quibusdam,_
2729 5520 2885 5594 'ojoa.
2909 5520 3100 5598 Tia-31
3120 5520 3716 5598 ana1§;.'Pal_at._loco

2129 5591 2414 5723 ggasﬂoru'm
2446 5598 2609 5684 habet
2642 5614 2655 5650 :
2696 5591 2885 5667 Ἀνόμ.
2913 5595 3008 5650 υύ.
3053 5592 3173 5649 Mox
3208 5591 3396 5660 iidem,
3438 5592 3504 5645 οὺ
3534 5591 3713 5662 λέγεις

2194 5710 2207 5723 .
2235 5687 2318 5723 οτι
2347 5685 2517 5723 τοεις,

2193 5710 2207 5737 ,
2235 5687 2318 5723 οτι
2347 5685 2517 5741 τρεις,

2988 5772 3035 5781 ..ο
