3862 6204
57 5181 67 5244 i

103 266 233 329 4151‘
1060 259 1149 323 DE
1188 259 1454 344 SANQTA
1497 261 1871 326 TRINITATE
1909 266 2258 330 DIALOGUS
2294 272 2357 326 ll.
3205 265 3346 332 4158

105 387 381 458 εγενόμην.
464 390 598 456 Ορθ.
639 378 850 456 Ἔγνως
882 382 994 452 οῦν,
1030 387 1113 440 ὅτι
1145 389 1173 440 6
1212 370 1386 458 λέγων
1409 388 1501 442 τὸν
1559 389 1667 441 Πα-

1779 390 2000 445 tialista.
2043 391 2195 445 Orth.
2246 390 2493 448 Didicisti
2525 391 2692 462 igitur
2720 402 2866 458 eum,
2919 395 3012 464 qui
3060 393 3208 449 dicat
3241 397 3342 468 Pa;-

105 479 229 550 τέρα
269 479 345 542 ὡς
385 477 701 545 ἐπίσκοπον,
741 479 835 531 καὶ
878 478 968 531 τὸν
1001 478 1132 533 Υἱὸν
1166 479 1242 542 ὼς
1287 479 1667 550 πρεσϐύτερον,

1779 488 1914 535 trem
1938 497 2059 535 esse
2091 490 2151 534 ut
2174 483 2508 552 episcopum,
2543 490 2596 537 et
2621 481 2816 536 Filium
2850 491 2905 536 ut
2934 485 3342 556 presbyterum,

104 565 190 623 (ἆὶ
265 570 328 622 τὸ
393 569 616 640 Πνεῦμα
687 568 762 632 ὡς
827 569 1107 634 διάκονον,
1160 570 1442 640 ὁμοούσιον
1506 571 1667 639 λέγει.

1779 580 1830 626 ει
1861 572 2122 642 Spiritum
2157 582 2214 627 ut
2243 575 2530 627 diaconum
2553 614 2566 638 ,
2600 576 3222 632 consubstantialitatem
3260 579 3345 631 di-

104 661 252 714 )ὗτω
304 660 362 713 δὲ
419 660 591 728 λέγων
646 660 840 714 σαυτὸν
888 660 1212 732 Χριστιανὸν
1261 663 1518 733 ἐνόμισας
1563 663 1667 734 (98]

1779 679 1916 719 cere.
1955 665 2131 735 Atque
2163 665 2234 719 ita
2267 667 2496 720 dicendo
2525 677 2576 720 te
2609 666 2982 721 Christianum
3011 683 3132 723 esse
3163 669 3348 723 hacte-

105 750 264 821 μέχρι
310 749 400 802 τοῦ
430 750 714 822 παρόντος.
742 752 805 804 Εἰ
832 751 888 804 δὲ
906 750 1064 804 τοῦτο
1094 753 1121 804 6
1147 752 1320 820 λέγων
1338 755 1396 804 οὐ
1429 752 1667 824 κέκριταί

1779 773 1880 812 nus
1906 759 2255 812 existimasti.
2289 757 2445 823 Quod
2477 761 2521 813 si
2546 759 2764 828 judicas
2797 776 2941 825 eum,
2989 761 3083 830 qui
3115 761 3216 814 hoc
3256 762 3340 814 di-

107 858 184 894 σοι
229 839 367 896 εἶναι
396 843 738 914 Χριστιανὸς,
770 843 963 896 σαυτὸν
985 843 1093 914 ἄρα
1121 843 1470 914 κατέκρινας,
1491 845 1586 897 καὶ
1611 846 1667 898 ἐκ

1779 857 1884 913 cat,
1915 865 2024 903 non
2051 865 2173 905 esse
2204 851 2576 905 Christianum
2598 890 2613 916 ,
2657 852 2890 920 teipsum
2922 851 3178 906 nimirum
3208 862 3344 905 con-

105 935 195 988 τοῦ
231 935 492 1006 στόματός
516 952 608 989 σου
639 935 862 1007 ὲκρίθης
885 935 958 1007 μὴ
989 934 1063 988 ὢν
1083 936 1430 1006 Χριστιανός.
1473 937 1667 1006 Ἀνόμ.

1779 939 2082 994 demnasti:
2118 950 2170 994 et
2199 955 2265 994 ex
2301 947 2395 993 tuo
2442 941 2615 1010 ipsius
2660 955 2756 996 ore
2810 941 3156 996 convinceris
3187 940 3347 995 Chri-

1775 1031 1986 1086 stianus
2013 1046 2124 1085 non
2163 1046 2305 1086 esse.
2339 1032 2530 1086 Anam.
2584 1031 2703 1086 Non
2753 1039 2837 1087 est
2884 1032 3049 1102 igitur
3079 1032 3346 1087 Christia-

110 1112 172 1173 Ὅ
200 1118 373 1187 λέγων
407 1118 688 1189 δμοούσιον
711 1119 1036 1190 Χριστιανός
1083 1121 1229 1172 ἐστιν
1255 1137 1267 1150 ⁸
1298 1121 1326 1172 6
1355 1120 1412 1172 δὲ
1438 1120 1667 1190 νομίζων

1779 1138 1911 1187 nus,
1971 1124 2065 1193 qui
2123 1124 2749 1180 consubstantialitatem
2797 1125 2972 1178 dicit?
3031 1123 3184 1180 0rth.
3241 1125 3346 1192 Qui

107 1210 180 1283 μὴ
206 1206 343 1265 εἷναι
367 1211 687 1281 Χριστιανὸν
716 1211 806 1264 τὸν
836 1211 1061 1279 λέγοντα
1111 1212 1419 1282 ὁμοούσιον,
1454 1214 1548 1264 καὶ
1578 1213 1667 1264 αὐ-

1779 1216 2397 1271 consubstantialitatem
2455 1217 2619 1281 dicit,
2670 1217 3018 1272 Christianus
3075 1225 3198 1272 est:
3252 1220 3346 1288 qui

107 1304 193 1368 τὸς
243 1304 436 1372 λέγων,
487 1305 839 1377 εὑρεθήσεται
885 1305 1073 1358 ἑαυτὸν
1124 1305 1490 1375 κατακρίνων,
1526 1306 1600 1368 ὡς
1645 1308 1667 1358 6

1779 1321 1902 1360 vero
1969 1306 2244 1360 existimat
2300 1322 2425 1360 eum
2477 1321 2588 1359 non
2624 1321 2746 1361 esse
2787 1305 3199 1371 Christianum,
3250 1309 3346 1376 qui

107 1395 270 1458 -ιακὸς
312 1395 494 1460 δοῦλος
523 1398 748 1460 ἐκεῖνος,
787 1399 816 1450 6
839 1400 904 1453 ὲκ
928 1398 1022 1452 τοῦ
1053 1399 1182 1452 ἰδίου
1217 1399 1480 1468 στόματος
1501 1415 1667 1450 κατα-

1779 1398 2394 1453 consubstantialitatem
2421 1399 2636 1462 dicit,et
2659 1407 2841 1454 tamen
2873 1399 2991 1470 ipse
3023 1401 3162 1453 hanc
3188 1400 3344 1464 dicit,

101 1487 443 1560 κεκριμένος.
499 1490 692 1559 Ἀνόμ.
727 1491 850 1556 Πῶς
877 1491 984 1564 γὰρ
1029 1492 1160 1544 αὐτὸ
1185 1491 1358 1560 λέγων
1407 1490 1668 1562 εὐρέϐην;

111 1582 266 1650 Ὀρθ.
291 1579 464 1646 Εἷπας
491 1583 593 1648 ὅτι,
631 1583 818 1653 Ἡμεῖς
855 1584 1084 1654 λέγομεν
1129 1583 1368 1654 Πατέρα,
1400 1583 1493 1636 καὶ
1520 1583 1666 1646 Υἱὸν,

105 1675 196 1726 ιιαὶ
229 1675 380 1743 ἆγιον
403 1674 647 1745 Πνεῦμα,
680 1675 754 1738 ὼς
786 1675 894 1747 (99)
929 1675 1243 1742 ἐπίσκοπον,
1279 1674 1667 1745 πρεσϐύτερον,
1704 1744 1752 1747 μ

101 1764 196 1816 ιιαί
245 1763 505 1818 διάκονον.
549 1744 744 1834 Ἃνόμ.
790 1744 1065 1837 Ὅμολογῷ
1111 1767 1407 1837 εἰρηκέναι,
1437 1767 1511 1829 ὡς
1556 1744 1672 1818 ἐπί·
1702 1744 1745 1798 Β

104 1874 326 1922 σκοπον,
389 1857 756 1929 πρεσϐύτερον
778 1897 792 1922 ,
844 1859 938 1910 κοιλ¹
986 1858 1247 1911 διάκονον.
1318 1859 1470 1926 Ὀρθ.
1532 1857 1669 1910 Ἀλλ’

105 1948 702 2019 ἑπίσκοπος,ξπρεσϐύτε
711 1967 822 2021 ρος,
849 1950 941 2003 καὶ
963 1950 1203 2012 διάκονος
1223 1949 1496 2020 όμοούσιοί
1513 1951 1667 2001 εἰσιν·

104 2038 382 2109 δμοούσιον
429 2041 536 2112 ἄρα
581 2041 819 2112 Πατέρα,
847 2043 937 2094 καὶ
967 2043 1109 2104 Υίὺν,
1137 2043 1231 2094 καὶ
1264 2041 1419 2109 ἅγιον
1447 2041 1672 2111 Πνεῦμα

103 2129 475 2204 ὡμολόγηκας.
533 2134 727 2203 Ἀνόμ.
785 2133 968 2198 Θέλεις
999 2130 1090 2187 οῦν
1116 2135 1306 2197 εἰπεῖν,
1346 2134 1448 2198 ὃτι,
1487 2133 1673 2204 ὥσπερ

95 2225 339 2289 ωνδῖτος
396 2222 536 2289 οἶνος
578 2227 885 2298 κερασθεὶς,
915 2226 1087 2290 οὓτως
1116 2225 1232 2278 ἐστὶ
1279 2225 1485 2296 Πατὴρ,
1524 2226 1669 2290 Υἱὸς,

103 2317 197 2370 καὶ
248 2316 401 2384 ἅγιον
446 2317 699 2388 Πνεῦμα;
748 2320 901 2385 Ὀρθ.
942 2317 1074 2370 Οὐδὲ
1097 2313 1261 2382 οἶδας,
1301 2319 1383 2369 ὅτι
1420 2317 1482 2368 σὺ
1514 2316 1672 2368 τοῦτο

98 2404 316 2473 λέγεις
371 2408 563 2477 Ἀνόμ.
596 2409 754 2474 Πῶς;
801 2411 949 2476 Ὀρθ.
981 2408 1280 2478 Ὅτιᾶλλην
1309 2406 1467 2475 φύσιν
1495 2407 1672 2475 λέγεις

103 2497 200 2550 τοῦ
234 2499 574 2570 Πατρὸς,καὶ
595 2500 761 2571 ἄλλην
787 2499 880 2553 τοῦ
909 2499 1061 2563 Υἱοῦ,
1095 2499 1188 2552 καὶ
1211 2499 1375 2568 ἄλλην
1404 2497 1498 2551 τοῦ
1520 2498 1672 2566 ἁγίου

106 2586 421 2657 Πνεύματος
446 2629 461 2653 ,
519 2590 594 2652 ὡς
635 2590 776 2643 οἴνου
830 2591 924 2644 καὶ
969 2589 1176 2660 μέλιτος
1232 2588 1324 2642 καὶ
1371 2588 1669 2659 πεπέρεως.

118 2678 309 2748 Ἡμεῖς
347 2681 403 2733 δὲ
453 2683 698 2754 λέγομεν·
729 2683 837 2736 Εὰν
933 2684 961 2735 6
993 2684 1182 2754 Πατὴρ
1203 2677 1344 2744 οἶνος
1369 2681 1672 2752 εὐφραίνων

97 2770 350 2841 οκαρδίαν,
391 2775 482 2826 καὶ
525 2777 553 2828 6
597 2774 726 2838 Υἱὸς
770 2772 911 2839 οἶνος
948 2775 1249 2849 εὐφραίνων
1293 2776 1537 2846 καρδίαν,
1580 2775 1672 2828 καὶ

98 2862 162 2914 τὸ
212 2863 434 2935 Πνεῦμα
466 2861 606 2930 οἶνος
643 2867 948 2938 εὐφραίνων
975 2867 1194 2938 καρδίαν
1233 2868 1397 2929 ἐστὶν,
1489 2867 1516 2918 ὁ
1557 2868 1667 2919 Πα-

1779 2867 1856 2915 est
1882 2859 2066 2913 vinum
2089 2858 2402 2914 exliilarans
2443 2874 2558 2926 cor,
2586 2857 2758 2914 Filius
2795 2860 2982 2914 itidem
3028 2868 3111 2916 est
3157 2863 3345 2918 vinum

99 2952 208 3022 τὴρ
239 2953 314 3024 (1)
349 2955 486 3025 ὑπὲρ
521 2957 640 3027 μέλι
687 2958 780 3010 καὶ
825 2957 1036 3029 κηρίον.
1083 2959 1267 3028 Ὑμεῖς
1311 2959 1418 3028 ἄρα
1453 2959 1544 3010 καὶ
1574 2959 1667 3029 οὐχ

1779 2969 1870 3007 cor
1888 2953 2220 3015 exhilarans,
2259 2951 2496 3022 Spiritus
2555 2962 2780 3008 sanctus
2815 2954 3001 3008 itidem
3044 2965 3128 3009 est
3154 2956 3344 3009 vinum

100 3043 285 3111 ἡμεῖς,
334 3046 558 3118 κονδίτῳ
606 3048 973 3119 παρεϐάλλετε
1021 3050 1113 3104 τὸν
1151 3049 1369 3120 Πατέρα
1407 3041 1499 3102 καῖ
1546 3049 1667 3101 Υίὸν

1779 3061 1870 3102 cor
1907 3047 2240 3111 exhilarans,
2277 3061 2386 3116 qua
2419 3049 2630 3100 ratione
2653 3045 2816 3101 Pater
2844 3058 2930 3101 est
2963 3061 3126 3116 super
3161 3048 3266 3100 mel
3290 3055 3346 3100 et

97 3133 198 3186 καὶ
226 3135 287 3187 τὸ
325 3136 478 3206 ἆγιον
510 3140 752 3212 Πνεῦμα,
778 3145 826 3195 oi
856 3145 1140 3214 ἀνομοίους
1184 3143 1283 3208 τὰς
1326 3143 1513 3213 φύσεις
1567 3147 1667 3196 εἰσ-

1779 3140 1977 3194 i‘avum.
2018 3139 2136 3193 Non
2165 3155 2266 3195 nos
2318 3141 2511 3210 igitur,
2563 3139 2657 3194 sed
2690 3154 2788 3194 vos
2831 3138 2868 3191 ii
2907 3139 3059 3204 estis,
3095 3139 3187 3209 qui
3235 3136 3342 3191 Pa-

100 3223 238 3295 ηγού
247 3243 414 3296 μενοι.

1779 3241 1944 3299 trem,
1996 3245 2050 3289 et
2094 3233 2290 3289 Filium
2345 3242 2400 3288 et
2445 3231 2707 3304 Spiritum
2766 3243 3016 3289 sanctum
3058 3248 3182 3288 cum
3215 3233 3344 3289 vino

99 3318 322 3376 condito
353 3324 703 3394 comparatis.
736 3342 860 3382 cum
895 3327 1188 3384 dissimiles
1243 3337 1466 3385 naturas
1503 3327 1884 3397 introducitisg

112 1028 172 1083 '0
200 1027 370 1096 λέγων
402 1022 494 1081 οὖν
515 1027 795 1098 ὁμοούσιον
831 1027 1152 1098 Χριστιανὸς
1175 1029 1272 1081 οὐκ
1305 1028 1480 1096 ἔστιν;
1518 1031 1670 1097 ὀρθ.

1772 1492 2135 1559 comperietur
2167 1494 2406 1560 seipsum
2453 1492 2820 1546 condemnare
2850 1533 2867 1558 ,
2914 1500 2972 1545 ul.
3021 1507 3214 1548 servus
3257 1494 3348 1548 ille

1772 1582 1948 1636 malus
1963 1597 2026 1635 ex
2054 1596 2155 1636 suo
2187 1582 2359 1650 ipsius
2384 1596 2479 1636 ore
2505 1582 2814 1636 damnatus.
2835 1583 3029 1637 Anam.
3062 1582 3348 1647 Quomodo

1772 1691 1901 1730 vero
1921 1691 2041 1728 sum
2073 1683 2388 1744 compertus
2407 1677 2544 1730 hanc
2563 1675 2945 1733 dicere?0rth.
2965 1677 3095 1742 Nos,
3122 1678 3305 1733 dixisti
3328 1719 3344 1743 ,

1773 1770 2007 1824 dicimus
2045 1767 2280 1834 Patrem,
2313 1767 2534 1832 Filium,
2563 1778 2616 1823 et
2650 1767 2914 1839 Spiritum
2943 1769 3193 1824 sanctum
3225 1781 3348 1824 esse

1774 1862 1948 1915 instar
1973 1861 2236 1930 episc0pi,
2270 1861 2595 1930 presbyteri,
2627 1870 2681 1915 et
2715 1860 2952 1916 diaconi.
3009 1861 3200 1914 Anam.
3242 1859 3348 1914 Fa-

1775 1961 1889 2008 teor
1919 1969 2003 2007 me
2023 1953 2226 2006 dixisse
2253 1969 2266 2004 :
2297 1953 2470 2006 instar
2497 1954 2769 2023 episcopi,
2810 1954 3132 2024 presbyteri,
3155 1962 3208 2009 et
3230 1955 3348 2008 dia-

1773 2043 1916 2096 coni.
1963 2042 2116 2097 ΟνιΙι.
2148 2042 2310 2112 Atqui
2340 2044 2651 2112 episcopus,
2687 2044 2993 2114 presbyter,
3045 2052 3099 2098 et
3159 2044 3348 2098 diaco-

1772 2149 1877 2188 nus
1902 2141 2030 2187 sunt
2059 2133 2588 2199 consubstantiales;
2632 2148 2762 2200 ergo
2811 2133 3099 2188 confessus
3129 2148 3188 2188 es
3215 2148 3347 2187 con-

1774 2225 2161 2279 substantiales
2200 2239 2323 2278 esse
2384 2224 2642 2287 Patrem,
2702 2221 2897 2276 Filium
2961 2231 3015 2278 et
3079 2223 3345 2294 Spiritum

1774 2323 2045 2369 sanctum.
2085 2313 2276 2365 Anam.
2326 2311 2494 2367 Visne
2530 2313 2695 2383 igitur
2745 2314 2928 2367 dicere
2988 2315 3193 2367 conditi
3233 2314 3344 2368 vini

1774 2406 1949 2459 instar
1975 2419 2096 2458 esse
2139 2401 2377 2466 Patrem,
2419 2401 2637 2467 Filium,
2671 2413 2723 2457 et
2754 2403 3014 2472 Spiritum
3049 2413 3302 2458 sanctum
3325 2405 3350 2457 ?

1776 2495 1926 2551 Orth.
1980 2494 2047 2547 Et
2094 2511 2203 2548 non
2252 2495 2402 2549 vides
2446 2503 2499 2549 te
2532 2495 2635 2548 hoc
2667 2495 2847 2564 ipsum
2885 2495 3107 2550 dicere?
3151 2497 3343 2550 Anam.

1773 2586 2100 2653 Quomodo?
2153 2585 2304 2640 Orllt.
2357 2585 2626 2651 Quoniam
2659 2587 2818 2639 aliam
2867 2601 2988 2640 esse
3017 2586 3153 2642 dicis
3184 2595 3348 2641 natu-

1773 2694 1889 2732 ram
1919 2677 2120 2740 Patris,
2151 2677 2312 2730 aliam
2349 2675 2505 2739 Filii,
2552 2677 2714 2730 aliam
2751 2676 2988 2747 Spiritus
3022 2678 3196 2732 sancti
3225 2717 3240 2741 ,
3288 2686 3348 2732 ut

1771 2768 1907 2831 vini,
1942 2767 2119 2821 mellis
2151 2774 2204 2821 et
2234 2767 2457 2836 piperis.
2495 2764 2605 2820 Nos
2635 2782 2763 2820 vero
2789 2767 3022 2822 dicimus
3055 2787 3067 2821 :
3105 2767 3160 2822 Si
3183 2766 3347 2821 Pater

1713 3557 1775 3570 —

1213 3640 1350 3694 ΤΟΥ
1386 3639 1477 3694 ΕΝ
1505 3639 1725 3693 ΑΓΙΟΙΣ
1756 3633 2026 3691 ΠΑΤΡΟΣ
2062 3630 2261 3690 ΗΜΩΝ

1399 3785 2032 3876 ΑΘΑΝΑΣΙΟΥ

89 3939 479 3997 ΔῙΔΛΟΓΟΣ
529 3939 588 3990 B'
641 3933 823 3995 ΠΕΡΙ
878 3938 1107 3994 ΑΓῙΑΣ
1172 3944 1498 4006 ΤΡῙΑΔθΣ,
1570 3944 1667 3995 ΕΝ

1847 3945 2344 3997 ΔΙΑΛΕΓΟΝΤΑΙ
2411 3944 2682 3997 ΟΜΟΙΩΣ
2737 3942 3157 3996 ΟΡΘΟΔΟΞΟΣ
3214 3945 3344 3995 ΚΑΙ

1226 4015 1606 4067 Ali/amaros
1647 4015 2143 4068 ΑΡΕΙΑΝΙΣΤΗΣ
2184 4014 2281 4084 (2).

1087 4249 1184 4337 S.
1262 4251 1368 4336 P.
1447 4251 1568 4338 N.
1645 4249 2299 4341 ATHANASII

163 4421 538 4497 DIALOGUS
578 4439 644 4495 II
698 4441 797 4495 DE
836 4441 1119 4498 SANCTA
1167 4441 1594 4514 Tumtum,
1638 4446 1728 4500 IN
1768 4447 1916 4514 QUO
1960 4445 2234 4501 ITIDEM
2275 4446 2712 4504 DISPUTANT
2767 4443 3270 4506 anruoaaxus‘

1225 4513 1315 4568 ET
1352 4513 1739 4574 ANOM/EUS
1779 4513 2204 4573 ARIANISTA.

697 4695 1063 4750 ΑΝοΜοιοΣ.
1697 4727 1745 4784 ι)

165 4788 218 4842 1.
256 4787 397 4840 Πᾶσι
419 4787 530 4849 τοῖς
563 4785 686 4840 νοῦν
710 4787 921 4857 ἔχουσιν
944 4789 1369 4860 ὁμολογούμενόν
1390 4793 1558 4855 ἐστιν,
1585 4794 1666 4846 ὅτι

90 4879 155 4934 τὸ
181 4879 248 4932 ἐκ
276 4895 420 4940 τινος
451 4877 510 4931 ὃν
544 4880 999 4951 μεταγενέστερόν
1027 4882 1141 4933 ἐστι
1173 4881 1266 4934 τοῦ
1297 4881 1355 4947 ἐξ
1392 4875 1454 4934 οὗ
1499 4885 1665 4955 ἐστιν,

1779 4886 1829 4940 id
1861 4886 2006 4956 quod
2035 4895 2204 4941 estex
2243 4885 2372 4950 alio,
2398 4895 2519 4938 ortu
2551 4885 2826 4953 posterius
2849 4899 2914 4937 eo
2947 4899 3090 4946 esse,
3122 4899 3190 4937 ex
3220 4897 3333 4951 quo

93 4971 172 5041 ὡς
241 4969 302 5036 ἐξ
359 4972 549 5028 αἰτίου.
604 4974 966 5042 Ὀρθόδοξος.
1032 4977 1106 5029 Οὐ
1173 4978 1406 5040 πάντως.
1468 4979 1666 5046 Ἀνόμ.

1779 4984 1858 5032 est
1909 4985 1968 5031 ut
1993 4993 2058 5032 ex
2089 4991 2277 5046 causa.
2314 4976 2672 5031 Orthadoxus.
2712 4974 2829 5029 Non
2856 4975 3100 5028 omnino.
3147 4975 3335 5028 Anam.

95 5066 170 5117 Σύ
217 5066 320 5118 οὐκ
352 5061 403 5118 εἶ
424 5067 487 5118 ὲκ
510 5056 602 5120 τοῦ
634 5068 835 5138 πατρός
883 5085 996 5133 σου,
1029 5069 1122 5122 καὶ
1162 5070 1298 5140 μετὰ
1329 5071 1420 5123 τὸν
1460 5071 1667 5141 πατέρα

1779 5071 1971 5125 Annon
1993 5077 2050 5123 tu
2079 5085 2140 5125 es
2160 5045 2235 5124 ex.
2263 5080 2416 5139 patre
2449 5078 2566 5131 tuo.
2599 5079 2654 5124 et
2686 5077 2841 5138 patre
2887 5077 2982 5122 tuo
3030 5067 3338 5137 posterior?

2361 4698 2745 4756 ANOMOEUS.

1845 4797 1896 4849 i.
1929 4793 2192 4850 Omnibus
2218 4808 2350 4849 sana
2381 4805 2559 4847 mente
2590 4794 2830 4863 praeditis
2863 4792 2916 4847 in
2941 4791 3193 4848 confesso
3230 4801 3336 4856 est,

1837 5224 1950 5296 (99)
2000 5227 2086 5288 Ὠς
2123 5224 2275 5280 deest
2299 5225 2353 5278 in
2385 5240 2520 5293 mss.
2550 5223 2669 5277 Mox
2694 5221 2927 5296 rFelck._,_
2948 5222 3041 5274 καὶ
3062 5220 3338 5296 διάκονον,

1769 5289 1862 5350 καὶ
1892 5289 2132 5366 διάκονος
2170 5289 2442 5366 ὁμοούσιοί
2464 5297 2636 5366 γείσιν.
2692 5295 2853 5366 Ὁρᾷς
2882 5289 3198 5366 Ὀμοούσιος
3233 5291 3337 5361 ἄρα

1770 5368 1983 5438 Πατήρἐ
2013 5365 2187 5438 Palat.
2205 5360 2366 5438 τετε,
2393 5365 2484 5417 καὶ
2507 5365 2768 5438 διακονον.
2787 5360 2957 5438 ’Ὀρθέ
2986 5360 3247 5438 Ρμοούσ.

1843 5427 2158 5510 (1)"Regius
2185 5446 2237 5493 et
2258 5435 2434 5489 Palat.
2465 5434 2716 5505 καρδίαν,
2747 5427 2898 5505 ἐὰνῇ
2927 5432 2957 5484 6
2986 5427 3197 5502 Πατὴρ.

329 5220 565 5296 Οὕτω-δὲ
596 5223 987 5296 λέγων-σαυτὸν
1023 5224 1344 5296 Χριστιανὸν
1381 5225 1655 5296 ἐνόμισας.

97 5285 382 5365 SiéPﬂat.
406 5292 546 5346 Editi
561 5285 710 5365 γετὸ,
735 5293 876 5347 οὕτω
899 5295 953 5347 δὲ
979 5285 1153 5363 λέγειν
1174 5296 1365 5349 σαυτὸν
1386 5285 1658 5365 ἐνόμισας.

95 5359 234 5415 Ibid.
266 5359 462 5434 Palat.,
494 5362 586 5434 τοῦ
615 5365 898 5434 παρόντος.
918 5359 1104 5434 Ἀνόλι.
1135 5367 1196 5418 Ei
1225 5365 1279 5417 δὲ
1309 5359 1491 5426 τοῦτο,
1523 5365 1552 5417 ὃ
1574 5365 1661 5417 λέ-

134 5448 210 5483 ων
239 5430 571 5508 οὐ-κέκριῖαί
592 5450 671 5508 σοι
694 5430 834 5488 εἶναι
855 5430 1195 5506 Χριστιάνὸς,
1226 5435 1544 5508 Χριστιανὸς
1565 5435 1664 5488 οὐκ

130 5517 268 5553 στιν.
308 5501 450 5569 Ὀρθ.
469 5503 525 5556 Ὀ
548 5504 740 5572 λέγων.

172 5652 252 5727 (Ω)
292 5653 351 5712 in
384 5654 554 5713 Palat.
584 5659 766 5715 nullus
799 5667 883 5716 est
917 5659 1127 5718 titulus.
1169 5659 1227 5718 in
1256 5659 1388 5735 Reg.
1425 5669 1477 5719 et
1519 5659 1667 5719 Felcl

1779 5667 1947 5732 utem,
1979 5659 2110 5732 ἄλλη
2133 5659 2364 5728 διάλεξις
2403 5657 2680 5729 ’Δνομοίου
2712 5655 2805 5710 καὶ
2843 5653 3175 5725 Ὀρθοδόξου.
