3862 6204
503 188 645 249 ἓιιὸθ

1598 186 1657 243 S.
1699 184 2163 246 ATHANASIUS.
2201 218 2272 227 —
2311 180 2584 243 SPURIA.

3638 182 3760 241 1160

500 309 664 366 ‘Ortlz.
703 306 816 378 Ego
844 306 1061 378 quidem
1092 321 1211 361 sum
1245 321 1309 362 ex
1339 317 1497 378 patre
1525 322 1669 369 meo,
1701 315 1756 362 et
1779 316 1931 377 patre
1953 323 2073 363 meo

2183 323 2306 371 tau;
2373 307 2525 374 Ὀρθ.
2564 304 2702 374 Ἐγὼ
2741 304 2837 369 μὲν
2894 305 2958 359 ὲκ
2985 300 3079 357 τοῦ
3112 300 3316 375 πατρός
3348 320 3456 374 μου
3488 306 3642 376 εἰμὶ,
3681 307 3765 359 καὶ

512 400 796 471 posterior,
823 406 877 454 et
913 406 1068 454 extra
1108 408 1315 469 patrem
1346 414 1558 454 meum:
1594 400 1685 452 lux
1711 414 1840 453 vero
1864 415 1932 454 ex
1956 399 2071 454 sole

514 500 610 559 3st,
630 507 808 562 neque
836 498 1017 545 tamen
1044 490 1311 559 posterior
1328 496 1413 544 est
1430 490 1565 553 sole,
1585 504 1760 559 neque
1791 495 1948 544 extra
1981 504 2072 543 so-

513 594 634 647 lem,
670 581 767 637 sed
797 582 957 637 simul
987 589 1149 650 atque
1179 582 1295 644 sol,
1330 579 1466 649 etin
1507 580 1642 643 sole,
1677 587 1731 633 et
1768 594 1890 633 cum
1915 579 2066 634 sole:

502 671 810 744 fragrantia
840 688 1059 744 quoque
1080 690 1145 727 ex
1176 680 1455 742 unguento
1486 680 1590 737 est,
1615 686 1714 726 nec
1739 680 1918 726 tamen
1949 679 2073 742 post

505 774 866 835 unguentum,
884 780 1059 835 neque
1075 772 1228 819 extra
1253 762 1715 834 unguentum,sed
1733 764 1895 817 simul
1912 770 2074 833 atque

514 864 866 928 unguentum,
892 863 947 912 et
966 856 1021 910 in
1034 863 1406 926 unguento,et
1421 869 1544 909 cum
1570 861 1880 924 unguento:
1912 860 1967 910 et
1983 854 2072 908 in-

504 944 772 1017 telligere,
790 960 857 1000 ex
873 954 1053 1002 mente
1066 953 1173 1009 est,
1196 952 1251 999 at
1275 959 1452 1015 neque
1469 951 1591 1015 post
1607 952 1868 1010 mentem,
1898 959 2075 1015 neque

512 1047 661 1093 extra
678 1045 936 1100 mentem,
956 1038 1050 1093 sed
1071 1039 1235 1093 simul
1265 1047 1429 1108 atque
1445 1053 1621 1104 mens,
1640 1045 1695 1093 et
1714 1038 1769 1091 in
1786 1046 1989 1106 mente,
2020 1048 2075 1095 et

502 1142 636 1184 eum
653 1140 831 1186 mente
848 1149 863 1185 :
882 1138 936 1186 et
951 1131 1086 1186 velle
1100 1147 1169 1185 ex
1183 1131 1397 1186 volente
1412 1138 1519 1194 est,
1537 1140 1589 1185 et
1599 1144 1781 1198 neque
1798 1137 1956 1185 extra
1980 1145 2077 1186 vo-

508 1219 729 1285 lentem,
755 1235 933 1291 neque
962 1226 1086 1291 post
1110 1220 1414 1286 volentem,
1453 1220 1550 1275 sed
1590 1219 1755 1276 simul
1787 1226 1950 1290 atque
1976 1237 2075 1276 vo-

502 1310 649 1375 lens,
676 1318 731 1366 et
757 1311 815 1365 in
849 1311 1066 1367 volente
1089 1317 1143 1366 et
1166 1326 1291 1366 cum
1317 1311 1535 1366 volente
1566 1330 1578 1366 :
1608 1319 1663 1366 et
1694 1310 1964 1381 sapientia
2008 1325 2077 1366 ex

502 1402 754 1474 sapiente
779 1410 882 1469 est,
914 1409 969 1458 et
995 1418 1172 1474 neque
1201 1414 1326 1474 post
1356 1403 1683 1474 sapientem,
1710 1417 1890 1472 neque
1917 1410 2075 1457 extra

501 1492 830 1563 sapientem,
852 1493 947 1549 sed
977 1492 1143 1549 simul
1174 1502 1338 1565 atque
1371 1494 1612 1565 sapiens,
1635 1500 1691 1549 et
1717 1492 1774 1547 in
1806 1493 2075 1563 sapiente,

504 1589 561 1637 et
576 1598 701 1637 cum
727 1584 974 1653 sapiente
996 1602 1009 1638 :
1029 1590 1083 1639 et
1107 1586 1352 1655 potentia
1375 1601 1441 1641 ex
1464 1592 1686 1656 potente
1709 1593 1817 1651 est,
1832 1583 1999 1656 424
2022 1591 2078 1638 at

2176 492 2330 562 εἰμί’
2359 491 2421 545 τὸ
2446 491 2504 545 δὲ
2539 490 2655 559 φῶς
2682 491 2748 543 ὲκ
2782 489 2874 542 τοῦ
2897 489 3044 559 ἡλίου
3067 491 3200 553 ἐστὶ,
3236 483 3332 542 καὶ
3354 489 3484 542 οὐδὲ
3511 490 3663 559 μετὰ

2176 583 2329 654 ἥλιόν
2352 583 2543 646 εστιν,
2594 581 2713 636 οὐδὲ
2738 580 2896 644 ἐκτὸς
2925 579 3020 634 τοῦ
3050 579 3200 651 ἡλίου
3246 582 3418 647 ἐστὶν,
3451 581 3603 635 ἀλλὰ
3634 601 3701 654 με

2177 674 2273 728 τοῦ
2297 673 2474 745 ἡλίου,
2505 673 2601 727 καὶ
2630 675 2687 726 tv
2714 672 2790 743 τῷ
2814 672 2969 742 ἡλίῳ,
3014 674 3108 725 καὶ
3140 673 3238 726 σὺν
3264 671 3343 744 τῷ
3392 673 3579 745 ἡλίων
3618 674 3709 728 καὶ

2178 767 2405 821 εὐωδία·
2428 768 2493 820 ὲκ
2523 766 2617 819 τοῦ
2642 764 2813 837 μύρου
2840 766 2957 818 ἐστὶ
2988 765 3089 835 (ὅ),
3122 764 3216 819 καὶ
3239 764 3365 818 οὔτε
3390 765 3549 836 μετὰ
3582 766 3645 820 τὸ
3670 764 3756 836 [aii

2183 876 2297 931 ρον,
2335 856 2461 912 οὔτε
2499 857 2656 921 ἐκτὸς
2706 857 2801 912 τοῦ
2839 854 3034 928 μύρου,
3067 856 3205 911 ἀλλά
3237 857 3376 927 μετὰ
3418 856 3524 911 τοῦ
3577 857 3756 930 μύρου,

2180 953 2275 1007 καὶ
2302 953 2361 1006 tv
2389 950 2466 1021 τῷ
2502 949 2680 1022 μύρῳ,
2712 949 2810 1003 καὶ
2852 951 2950 1003 σὺν
2980 948 3059 1020 τῷ
3088 948 3277 1021 μύρῳ*
3306 949 3401 1002 καὶ
3423 949 3492 1002 τὸ
3525 953 3677 1007 νοεῖν
3701 952 3758 1004 ἐκ

2180 1042 2276 1097 τοῦ
2306 1042 2398 1097 νοῦ
2427 1044 2564 1107 ἐστι,
2594 1042 2686 1095 καὶ
2712 1040 2835 1095 οὔτε
2861 1040 3001 1111 μετά
3024 1041 3115 1094 τὸν
3143 1041 3288 1107 νοῦν,
3316 1041 3445 1095 οὔτε
3486 1041 3651 1106 ἐκτὸς
3674 1041 3763 1096 τοι]

2179 1132 2296 1199 νοῦ,
2336 1132 2473 1188 ἀλλά
2516 1132 2655 1205 μετά
2677 1131 2768 1186 τοῦ
2803 1132 2918 1195 νοῦ,
2945 1131 3038 1187 καὶ
3093 1133 3153 1186 tv
3178 1132 3258 1203 τῷ
3294 1133 3392 1204 νῷ,
3424 1135 3528 1187 καὶ
3564 1136 3663 1188 σὺν
3694 1134 3764 1205 ᾧ

2180 1224 2257 1295 νῷ
2282 1222 2412 1276 ’καὶ
2451 1222 2514 1276 τὸ
2542 1221 2715 1276 θέλειν
2766 1221 2832 1275 ὲκ
2869 1220 2963 1276 τοῦ
3011 1219 3256 1285 θέλοντός
3298 1222 3443 1284 ἔστι,
3486 1221 3587 1276 καὶ
3648 1221 3762 1274 οὔτε

2181 1316 2337 1379 ἐκτὸς
2372 1314 2466 1369 τοῦ
2519 1313 2785 1377 θέλοντος,
2826 1312 2951 1368 οὔτε
2991 1312 3129 1384 μετά
3175 1313 3267 1366 τὸν
3318 1312 3573 1379 θέλοντα,
3636 1313 3763 1368 ἀλλὰ

2188 1406 2326 1479 μετά
2360 1407 2456 1460 τοῦ
2503 1406 2767 1471 θέλοντος,
2793 1407 2888 1461 καὶ
2909 1405 2969 1460 tv
3020 1405 3099 1476 τῷ
3148 1404 3375 1469 θέλοντι,
3425 1406 3528 1461 καὶ
3569 1407 3670 1460 σὺν
3694 1405 3763 1476 τῷ

2186 1499 2428 1553 θέλοντν
2480 1498 2573 1551 καὶ
2620 1500 2656 1570 ἡ
2710 1497 2872 1567 σοφία
2943 1498 3011 1551 ὲκ
3074 1496 3168 1551 τοῦ
3232 1494 3398 1565 σοφοῦ
3467 1497 3593 1549 ἔστι
3620 1539 3637 1559 ,
3681 1497 3767 1550 καὶ

2182 1589 2307 1644 οὔτε
2364 1589 2503 1661 μετά
2526 1587 2618 1642 τὸν
2651 1587 2832 1658 σοφὸν,
2865 1585 2990 1640 οὔτε
3036 1587 3196 1651 ἐκτὸς
3242 1588 3338 1641 τοῦ
3391 1588 3592 1657 σοφοῦ,
3637 1588 3767 1640 ἀλλά

2178 399 2317 471 μετά
2336 397 2428 452 τὸν
2456 398 2667 468 πατέρα
2703 413 2802 467 μου
2834 397 2969 467 εἰμὶ,
2999 396 3092 451 καὶ
3119 395 3275 459 ἐκτὸς
3300 395 3395 449 τοῦ
3422 397 3654 468 πατρός
3672 391 3783 467 μου⁶

2178 492 2293 562 εἰμί
2314 508 2330 522 ⁶
2359 491 2421 545 τὸ
2446 491 2504 545 δὲ
2539 490 2655 559 φῶς
2682 491 2748 543 ὲκ
2782 489 2874 542 τοῦ
2897 489 3044 559 ἡλίου
3067 491 3200 553 ἐστὶ,
3236 483 3332 542 καὶ
3354 489 3484 542 οὐδὲ
3511 490 3663 559 μετὰ
3683 491 3762 545 tta

2178 583 2329 654 ἥλιόν
2352 583 2543 646 εστιν,
2594 581 2713 636 οὐδὲ
2738 580 2896 644 ἐκτὸς
2925 579 3020 634 τοῦ
3050 579 3200 651 ἡλίου
3246 582 3418 647 ἐστὶν,
3451 581 3603 635 ἀλλὰ
3634 602 3701 654 με

2178 674 2273 728 τοῦ
2297 673 2474 745 ἡλίου,
2505 673 2601 727 καὶ
2630 675 2687 726 tv
2714 672 2790 743 τῷ
2814 672 2969 742 ἡλίῳ,
3014 674 3108 725 καὶ
3140 673 3238 726 σὺν
3264 671 3343 744 τῷ
3392 673 3579 745 ἡλίων
3618 674 3709 728 καὶ

2181 767 2405 797 η’...ἀμκ
2429 768 2491 797 ζιυ
2523 766 2617 797 ...π
2643 764 2813 797 “(unus
2841 766 2952 797 ιιι-οὶ
2988 765 3066 797 [πὶ
3122 764 3211 797 νηὶ
3239 764 3363 797 ..ἵει-ρ
3393 765 3546 797 ..ει-ιι
3582 766 3643 797 οὶ.
3671 766 3732 797 ...τ

3683 491 3762 545 tta

502 1688 686 1745 neque
710 1682 834 1746 post
859 1681 1155 1746 potentem,
1187 1691 1366 1745 neque
1415 1682 1571 1730 extra
1603 1682 1880 1746 potentem
1908 1713 1924 1737 ,
1975 1673 2070 1728 sed

2187 1680 2326 1752 μετά
2351 1680 2446 1734 τοῦ
2480 1678 2644 1749 σοφοῦ
2676 1679 2840 1750 (4-5),
2879 1679 2974 1733 καὶ
3008 1680 3067 1731 tv
3109 1677 3187 1750 τῷ
3221 1680 3390 1750 σοφῷ,
3426 1680 3527 1734 καὶ
3560 1680 3661 1732 σὺν
3694 1679 3769 1748 τῷ

503 1766 567 1821 in
603 1774 844 1836 potente,
879 1776 934 1822 et
952 1767 1121 1823 simul
1154 1775 1317 1837 atque
1343 1776 1558 1839 potens,
1594 1777 1649 1823 et
1677 1782 1803 1823 cum
1833 1773 2074 1838 potente.

506 1853 605 1911 Sic
628 1856 797 1929 igitur
821 1856 1018 1912 Filium
1043 1873 1263 1928 quoque
1289 1858 1383 1914 Dei
1413 1875 1483 1915 ex
1511 1858 1623 1915 Deo
1663 1875 1788 1915 esse
1818 1858 2079 1931 intelligi-

504 1961 655 2012 mus,
686 1955 742 2001 at
789 1964 901 2004 non
941 1959 1065 2021 post
1098 1950 1291 2015 Deum,
1328 1966 1505 2021 neque
1554 1959 1711 2006 extra
1740 1951 1941 2017 Deum,
1983 1952 2080 2008 sed

509 2038 677 2093 simul
707 2048 868 2110 atque
904 2040 1070 2110 Deus,
1094 2050 1150 2099 et
1177 2043 1234 2097 in
1257 2041 1391 2110 Deo,
1421 2051 1477 2097 et
1510 2058 1633 2098 cum
1668 2042 1796 2099 Deo.

2187 1772 2366 1843 σοφῷ·
2392 1772 2489 1826 καὶ
2519 1774 2553 1843 ἡ
2580 1771 2807 1842 δύναμις
2835 1773 2901 1824 ἐκ
2937 1770 3032 1825 τοῦ
3063 1771 3308 1837 δυνατοῦ,
3342 1773 3441 1826 καὶ
3469 1770 3601 1824 οὔτε
3637 1770 3771 1840 μεεά

2183 1863 2275 1916 τὸν
2319 1862 2562 1927 δυνατὸν,
2616 1860 2740 1916 οὔτε
2796 1861 2953 1925 ἐκτὸς
3016 1861 3109 1915 τοῦ
3140 1860 3387 1925 δυνατοῦ,
3434 1860 3557 1917 ἀλλ’
3609 1863 3669 1914 tv
3698 1859 3773 1930 τῷ

2185 1952 2417 2023 δυνατῷ,
2445 1952 2541 2005 καὶ
2572 1953 2711 2023 μετά
2758 1952 2852 2007 τοῦ
2880 1952 3129 2018 δυνατοῦ,
3159 1953 3255 2006 καὶ
3289 1953 3384 2006 σὺν
3422 1952 3506 2024 τῷ
3537 1952 3770 2023 δυνατῷ.

2186 2043 2342 2097 Οῦτω
2401 2043 2580 2098 τοίνυν
2634 2044 2729 2097 καὶ
2770 2042 2861 2097 τὸν
2907 2044 3034 2097 Υίὸν
3072 2042 3166 2096 τοῦ
3212 2042 3346 2097 Θεοῦ
3383 2044 3452 2097 ὲκ
3501 2043 3608 2097 τοῦ
3640 2040 3773 2097 Θεοῦ
3832 2076 3835 2115 ς

507 2132 733 2204 νοοῦμεν
755 2173 771 2200 ,
822 2135 919 2190 καὶ
964 2137 1025 2189 οὐ
1081 2138 1219 2209 μετά
1270 2138 1361 2191 τὸν
1406 2137 1572 2202 Θεὸν,
1621 2137 1745 2193 οὔτε
1792 2139 1952 2202 ὲκτὸς
1996 2134 2091 2192 τοῦ
2127 2137 2287 2205 Θεοῦ,
2316 2137 2453 2193 ἀλλά
2489 2138 2628 2210 μετά
2660 2136 2753 2191 τοῦ
2781 2137 2937 2204 Θεοῦ,
2970 2138 3066 2193 καὶ
3107 2139 3166 2191 tv
3190 2137 3269 2209 τῷ
3302 2136 3445 2207 Θεῷ,
3511 2136 3620 2192 καὶ
3682 2137 3774 2190 etv

504 2225 588 2297 τῷ
611 2226 750 2298 Θεῷ.

578 2322 635 2377 2.
674 2324 865 2380 Anam.
891 2325 962 2379 At
1015 2327 1301 2398 splendor,
1332 2335 1389 2385 et
1410 2329 1737 2402 intelligere,
1759 2337 1816 2385 et
1837 2328 1995 2395 velle,
2019 2335 2075 2385 et

502 2411 812 2481 sapientia,
861 2423 916 2470 et
974 2419 1252 2487 potentia,
1311 2434 1423 2475 non
1469 2428 1599 2477 sunt
1660 2421 1967 2476 substantia
2016 2420 2076 2475 in

503 2516 631 2559 sese
653 2505 980 2563 subsistens.
1016 2507 1187 2566 Filius
1220 2509 1319 2566 Dei
1350 2527 1481 2567 vero
1507 2519 1593 2568 est
1632 2512 1941 2567 substantia
1965 2553 1981 2577 ,
2016 2512 2075 2566 in

503 2609 607 2649 sua
637 2600 857 2667 propria
885 2599 1187 2671 hypastasi.
1207 2600 1361 2658 θνιΙι.
1379 2600 1438 2657 lu
1466 2603 1570 2658 hoc
1589 2617 1806 2673 quoque
1837 2601 2077 2657 conferri

506 2701 636 2743 cum
666 2690 788 2760 ipso
824 2700 1101 2761 nequeunt
1146 2694 1398 2764 corporei
1436 2694 1567 2759 ﬁlii,
1601 2695 1746 2767 quod
1779 2693 1924 2750 ﬁlius
1956 2693 2080 2765 qui-

508 2777 632 2832 dem
663 2794 785 2835 sum
818 2795 919 2851 ego
958 2782 1133 2851 patris
1165 2784 1292 2846 mei,
1311 2784 1406 2839 sed
1428 2798 1538 2839 non
1567 2799 1690 2840 sum
1712 2786 1835 2856 ejus
1864 2785 2087 2854 sapien-

506 2867 612 2933 tia,
643 2884 823 2940 neque
852 2886 975 2926 sum
1001 2872 1123 2943 ejus
1156 2875 1398 2944 potentia
1418 2915 1433 2939 ,
1470 2891 1649 2945 neque
1679 2890 1803 2932 sum
1835 2876 1958 2946 ejus
1988 2890 2087 2931 vo-

2250 2321 2306 2375 2.
2348 2321 2548 2389 Ἀνόμ.
2607 2317 2767 2373 Ἀλλά
2821 2317 2882 2371 τὸ
2913 2317 3283 2388 ἀπαύγασμα,
3338 2318 3437 2374 καὶ
3494 2321 3563 2376 τὸ
3599 2326 3769 2389 νοεῖν,

2178 2413 2275 2469 καὶ
2304 2412 2366 2464 τὸ
2391 2410 2587 2474 θέλειν,
2627 2410 2775 2481 καὶὴ
2810 2411 2991 2480 σοφία,
3024 2412 3119 2464 καὶ
3157 2412 3189 2481 ἡ
3213 2411 3465 2481 δύναμις,
3496 2414 3609 2466 οὐκ
3628 2415 3770 2468 ἐστιν

2179 2505 2336 2559 οὐσία
2369 2503 2730 2566 ὲνυπόστατος
2757 2518 2771 2532 ·
2796 2504 2826 2556 6
2851 2502 2908 2557 δὲ
2943 2503 3069 2566 Υἱὸς
3100 2503 3194 2557 τοῦ
3232 2503 3366 2556 Θεοῦ
3414 2505 3589 2559 οὐσία
3630 2509 3768 2560 ἐστὶν

2180 2597 2239 2649 tv
2266 2595 2373 2666 ἰδίᾳ
2425 2592 2738 2647 ὑποστάσει.
2783 2594 2936 2662 Ὀρθ.
2970 2595 3082 2648 Καὶ
3122 2594 3179 2648 tv
3206 2593 3378 2665 τούτῳ
3412 2595 3532 2650 τῶν
3586 2615 3766 2669 anpu-

2180 2686 2350 2739 τικῶν
2372 2685 2505 2739 υίῶν
2528 2685 2589 2738 τὸ
2621 2683 2947 2757 ἀσύγκριτον
2974 2684 3108 2756 ἔχει,
3140 2686 3225 2739 ὅτι
3266 2685 3378 2755 ἐγὼ
3398 2687 3528 2758 μὲν,
3554 2690 3675 2753 υἱὸς
3698 2689 3766 2742 ὢν
3828 2680 3836 2697 ⁴

2191 2776 2284 2830 τοῦ
2345 2776 2550 2848 πατρός
2606 2792 2731 2846 μου,
2761 2775 2863 2828 οὑκ
2920 2776 3036 2846 είμὶ
3065 2777 3233 2830 αὐτοῦ
3264 2776 3450 2845 σοφία,
3508 2778 3622 2832 οὐκ
3659 2780 3769 2850 εἰμι

2191 2866 2354 2920 αὑτοῦ
2401 2866 2677 2937 δύναμιςέ
2700 2867 2800 2920 οὐκ
2849 2868 2966 2937 εἰμὶ
3020 2867 3186 2921 αὐτοῦ
3244 2866 3481 2940 θέλημα,
3526 2871 3638 2924 οὐκ
3663 2872 3767 2942 εἰμὶ

507 2958 713 3027 luntas,
744 2977 923 3033 neque
971 2979 1092 3020 sum
1125 2966 1246 3035 ejus
1281 2967 1509 3022 verbum
1534 3008 1551 3033 ,
1600 2983 1780 3038 neque
1808 2984 1928 3025 sum
1960 2968 2077 3038 ejus

2186 2960 2353 3014 αὑτοῦ
2392 2959 2567 3029 λόγος,
2624 2961 2724 3014 οὐκ
2775 2961 2890 3031 εἰμὶ
2920 2961 3080 3014 αὑτοῦ
3109 2961 3472 3033 ἀπαύγασμα,
3501 2964 3615 3018 οὐκ
3660 2966 3763 3034 εἰμὶ

508 3049 792 3123 splendor,
836 3072 1016 3127 neque
1067 3073 1190 3114 sum
1244 3058 1300 3113 in
1353 3059 1473 3130 ipso
1508 3058 1670 3116 Patre
1716 3075 1859 3117 meo.
1919 3059 2081 3116 Pater

509 3145 630 3215 ipse
657 3162 767 3202 non
794 3155 879 3202 est
910 3147 968 3202 in
1001 3163 1110 3213 me,
1138 3164 1241 3204 nec
1273 3150 1417 3205 sicut
1467 3160 1726 3220 operatur
1771 3150 1956 3217 Pater,
1981 3167 2083 3223 ego

507 3253 745 3308 operor:
775 3240 947 3297 Filius
975 3242 1070 3298 Dei
1100 3258 1231 3298 vero
1263 3259 1374 3299 non
1400 3252 1613 3299 tantum
1644 3251 1729 3300 est
1757 3244 1954 3313 Filius,
1985 3245 2082 3303 sed

506 3328 675 3384 etiam
701 3332 979 3400 potentia,
1035 3344 1089 3387 et
1132 3335 1441 3411 ωρίοηιὶιιη
1461 3342 1516 3389 et
1551 3334 1820 3399 Verbum,
1877 3347 1933 3390 et
1984 3352 2085 3390 vo-

510 3419 716 3487 luntas,
742 3429 797 3478 et
815 3424 1095 3494 splendor,
1120 3432 1181 3478 ut
1209 3440 1275 3480 ex
1297 3441 1384 3490 eo,
1421 3427 1564 3494 quod
1592 3427 1664 3482 sit
1694 3425 1891 3492 Filius,
1919 3428 2083 3484 intel-

511 3513 709 3584 ligatur
755 3516 903 3585 quod
935 3516 1007 3572 sit
1029 3517 1287 3588 quiddam
1315 3519 1371 3573 in
1401 3534 1521 3575 sese
1549 3519 1854 3575 subsistens
1884 3539 1897 3574 :
1929 3528 1983 3575 et
2013 3534 2083 3575 ex

506 3617 597 3667 eo,
623 3604 767 3673 quod
795 3611 879 3659 est
909 3606 1197 3675 sapientia,
1225 3617 1279 3662 et
1315 3609 1589 3677 potentia,
1629 3615 1683 3663 et
1726 3606 1989 3673 Verbum,
2024 3617 2081 3665 et

511 3694 785 3761 voluntas,
816 3702 871 3751 et
910 3697 1183 3766 splendor,
1215 3699 1545 3770 intelligatur
1571 3699 1701 3754 illud
1750 3701 1894 3771 quod
1918 3701 2083 3756 simul

507 3792 675 3857 atque
695 3786 877 3855 Pater,
907 3797 961 3845 et
986 3793 1040 3844 in
1065 3789 1246 3857 Patre,
1275 3801 1471 3847 etcum
1499 3791 1660 3848 Patre
1682 3795 1772 3856 sit,
1792 3809 1967 3864 neque
1994 3810 2082 3850 se-

507 3876 752 3941 cundus,
798 3877 855 3932 id
882 3886 968 3933 est
1016 3894 1193 3950 neque
1240 3887 1366 3951 post
1409 3881 1645 3938 Patrem.
1679 3898 1857 3953 neque
1915 3892 2079 3940 extra

507 3965 747 4025 Patrem.
777 3967 1073 4038 Propterea
1109 3970 1257 4026 enim
1286 3972 1486 4027 clamat
1513 3974 1800 4044 propheta,
1847 3974 2075 4031 dicens:

513 4077 535 4111 ι
574 4057 818 4125 Domine,
850 4060 993 4116 Deus
1039 4070 1228 4118 noster
1250 4102 1267 4128 ,
1328 4064 1399 4119 da
1444 4066 1604 4120 nobis
1637 4080 1864 4136 pacem:
1898 4069 2082 4123 omnia

509 4147 657 4202 enim
689 4148 890 4204 dedisti
935 4151 1115 4207 nobis.
1148 4151 1374 4209 Domine
1398 4193 1414 4218 ,
1458 4153 1603 4211 Deus
1634 4164 1820 4212 noster
1845 4197 1860 4220 ,
1913 4157 2081 4213 alium

503 4249 661 4296 extra
682 4247 738 4297 te
761 4256 871 4296 non
897 4245 1149 4300 novimus
1176 4245 1244 4300 ¹⁸².
1277 4264 1296 4298 ι
1329 4244 1440 4301 Nec
1481 4248 1625 4302 enim
1663 4256 1819 4302 extra
1853 4247 2072 4304 Patrem

2184 3052 2243 3104 tv
2281 3051 2430 3121 αὐτῷ
2491 3049 2569 3122 τῷ
2618 3051 2784 3121 πατρί
2837 3068 2961 3121 μου.
3000 3052 3115 3104 Ούκ
3158 3051 3319 3116 αὐτὸς
3358 3054 3388 3105 6
3432 3056 3631 3126 πατήρ
3673 3072 3763 3125 μου

2181 3142 2241 3196 tv
2263 3142 2407 3212 ἐμοὶ,
2437 3142 2497 3195 ού
2528 3141 2713 3206 καθὼς
2744 3143 2773 3194 6
2804 3144 2986 3214 πατήρ
3018 3160 3117 3213 μου
3150 3142 3466 3213 ἐργάζεται,
3498 3147 3665 3215 κάγὼ
3685 3149 3764 3217 ἑρ-

2181 3236 2420 3307 γάζομαι
2445 3253 2458 3265 ·
2484 3236 2514 3289 6
2545 3236 2603 3290 6t
2647 3234 2739 3289 toﬁ
2769 3235 2902 3289 Θεοῦ
2945 3236 3073 3300 Υἱὸς
3105 3235 3166 3290 οὐ
3220 3237 3381 3307 μόνον
3432 3239 3597 3293 ἐστὶν
3626 3240 3761 3303 Υἱὸς,

2184 3329 2430 3382 ἀλλὰκαὶ
2454 3327 2701 3399 δύναμις,
2734 3327 2827 3380 καὶ
2846 3327 3026 3396 σοφία,
3059 3328 3154 3380 καὶ
3180 3328 3373 3396 Λόγος,
3400 3329 3505 3381 καὶ
3536 3329 3761 3401 θέλημα,

2183 3422 2277 3474 καὶ⁹
2338 3419 2698 3490 ἀπαύγασμα,
2739 3419 2829 3473 ἵνα
2863 3417 2971 3472 ἀπὸ
3010 3417 3104 3471 τοῦ
3138 3413 3276 3471 εἶναι
3300 3418 3454 3482 Υἱὸς,
3486 3419 3553 3473 τὸ
3581 3420 3762 3473 ὲνυτεό-

2184 3528 2376 3565 στατον
2396 3512 2561 3583 νοηθῇ
2581 3528 2596 3542 ο
2632 3512 2728 3567 καὶ
2748 3511 2856 3564 ἀπὸ
2887 3510 2980 3563 τοῦ
3008 3506 3146 3564 εἶναι
3180 3511 3362 3581 σοφία,
3391 3512 3493 3565 καὶ
3514 3512 3758 3584 δύναμις,

2181 3603 2278 3657 καὶ
2329 3604 2522 3672 Λόγος,
2551 3603 2647 3656 καὶ
2680 3603 2909 3675 Θέλημα,
2967 3603 3062 3656 καὶ
3102 3603 3470 3673 ἀπαύγασμα,
3520 3605 3613 3658 τὸς
3639 3604 3763 3676 μετά

2180 3694 2276 3749 τοῦ
2330 3694 2564 3766 Πατρὸς,
2604 3695 2697 3748 καλ⁴
2741 3697 2799 3749 tv
2842 3693 2919 3765 τῷ
2949 3695 3145 3765 Πατρὶ,
3179 3695 3272 3747 καλ¹
3300 3696 3399 3747 σὺν
3445 3695 3530 3766 τῷ
3598 3697 3762 3767 Πατρὶ

2182 3785 2372 3857 νοηθῇ,
2404 3788 2498 3839 καὶ
2544 3787 2606 3838 οὐ
2655 3785 2924 3855 δεύτερος,
2990 3786 3111 3838 οὐδὲ
3171 3785 3308 3856 μετά
3372 3785 3469 3840 τὸν
3524 3788 3757 3858 Πατέρι,

2183 3876 2304 3930 οὐδὲ
2350 3876 2507 3940 ἐκτὸς
2554 3875 2649 3929 τοῦ
2698 3876 2926 3947 Πατρός.
2974 3875 3070 3927 Διά
3103 3875 3211 3948 γὰρ
3238 3875 3395 3929 τοῦτο
3430 3876 3536 3948 βοᾷ
3576 3882 3608 3932 6
3638 3895 3761 3950 προ-

2183 3971 2381 4041 φήτης,
2418 3969 2593 4037 λέγων
2616 3984 2630 3997 ο
2665 3985 2684 4019 ι
2722 3967 2913 4040 Κύριε,
2944 3972 2972 4022 6
3017 3968 3149 4032 Θεὸς
3185 3968 3376 4039 ἡμῶν,
3417 3970 3655 4041 εἰρήνην
3683 3971 3762 4032 δὸς

2183 4064 2315 4133 ἡμῖν
2335 4079 2349 4092 ·
2371 4066 2546 4116 πάντα
2561 4062 2669 4134 γὰρ
2695 4062 2978 4124 ἀπέδωκα
3002 4063 3150 4132 ἡμῖν.
3173 4061 3368 4133 Κύριε,
3387 4063 3415 4113 ὀ
3432 4062 3572 4127 Θεὸς
3592 4063 3760 4136 ἡμῶν,

2182 4155 2339 4219 ἐκτὸς
2387 4153 2480 4208 σοῦ
2532 4154 2687 4210 ἀλλον
2741 4154 2841 4207 οὐκ
2873 4154 3111 4223 οἴδαμεν.
3154 4172 3173 4205 ι
3208 4153 3282 4206 Ού
3311 4152 3423 4225 γάρ
3473 4155 3638 4218 ἐκτὸς
3673 4153 3759 4207 τοῦ

2182 4246 2397 4318 Πατρὸς
2430 4245 2558 4310 Υἱὸς
2582 4243 2926 4317 γνωρίζεται,
2958 4243 3072 4296 ἀλλ’
3107 4245 3164 4295 tv
3194 4242 3272 4313 τῷ
3296 4244 3503 4314 Πατρὶ,
3542 4245 3758 4298 καὶδσὺν

508 4325 680 4383 Filius
711 4334 1084 4400 cognoscitur,
1114 4335 1210 4389 sed
1241 4335 1298 4389 in
1333 4333 1517 4404 Patre,
1542 4346 1596 4392 et
1626 4352 1751 4393 cum
1784 4337 1945 4394 Patre
1970 4381 1985 4407 ,
2024 4350 2077 4396 et

2184 4340 2265 4411 τῷ
2300 4339 2498 4411 Πατρὶ,
2531 4338 2625 4393 καὶ
2643 4338 2760 4408 ἅμα
2786 4336 2864 4408 τῷ
2893 4336 3089 4408 Πατρὶ,
3119 4336 3195 4400 ὼς
3224 4336 3575 4409 ἀπαύγασμα
3590 4338 3755 4407 δόξης,

508 4419 672 4474 simul
701 4430 863 4492 atque
887 4423 1068 4489 Pater,
1094 4431 1154 4479 ut
1180 4426 1437 4494 splendor
1456 4428 1664 4497 gloria,
1695 4435 1756 4483 ut
1781 4429 2074 4485 character

507 4509 884 4582 bypostaseos,
919 4522 979 4569 ut
1001 4517 1267 4586 sapientia
1297 4519 1580 4589 sapientis,
1612 4528 1665 4576 et
1695 4523 1935 4592 potentia
1969 4537 2072 4591 po-

507 4602 698 4667 tentis,
728 4613 789 4657 ut
816 4604 1053 4660 Verbum
1100 4609 1320 4664 mentis.
1374 4611 1564 4669 Anam.
1601 4609 1709 4665 Sed
1769 4611 2030 4682 splendor
2056 4651 2073 4676 ,

507 4697 649 4752 lucis
688 4713 802 4752 non
856 4705 939 4754 est
993 4698 1176 4768 ﬁlius;
1215 4702 1523 4768 character,
1573 4704 1931 4775 hypostaseos
1966 4722 2076 4760 non

505 4794 592 4842 est
640 4786 835 4844 ﬁlius:
875 4788 1179 4860 sapientia,
1239 4794 1501 4864 sapientis
1564 4811 1677 4850 non
1749 4805 1833 4851 est
1897 4796 2076 4865 lilius;

505 4878 774 4948 potentia,
830 4882 1073 4950 potentis
1118 4899 1229 4939 non
1279 4891 1364 4941 est
1412 4886 1576 4942 ﬁlius.
1634 4887 1790 4943 Orth.
1833 4885 2078 4944 Patentis

506 4966 726 5037 quidem
775 4973 1037 5041 potentia,
1073 4989 1184 5045 non
1214 4984 1298 5044 est
1325 4976 1444 5047 ejus
1476 4976 1659 5045 ﬁlius;
1712 4993 1815 5034 nec
1860 4981 2077 5049 sapien-

508 5061 579 5116 tis
620 5062 908 5133 sapientia,
936 5073 1021 5121 est
1047 5067 1169 5136 ejus
1200 5066 1378 5136 ﬁlius;
1425 5084 1601 5139 neque
1645 5071 1873 5126 verbum
1920 5087 2075 5127 men-

504 5155 600 5221 tis,
647 5163 734 5214 est
764 5156 885 5229 ejus
927 5158 1101 5225 ﬁlius;
1157 5175 1333 5232 neque
1386 5160 1645 5232 splendor
1709 5162 1929 5233 gloriae,
1987 5171 2072 5220 est

484 5438 485 5441 η
575 5356 623 5391 ⁸³
659 5357 764 5416 lsa.
789 5375 939 5427 xxvr,
975 5362 1062 5429 12,
1095 5364 1178 5418 13.

480 5618 491 5651 ι
578 5561 656 5633 (5)
695 5560 787 5619 Sic
823 5578 957 5620 mss.
989 5563 1047 5619 In
1067 5564 1228 5622 editis
1260 5579 1387 5621 vero
1426 5565 1540 5618 tati
1567 5564 1740 5621 deest.

2174 4432 2250 4495 ὡς
2283 4430 2568 4502 χαρακτὴρ
2597 4429 2964 4491 ὑποστάσεως,
2992 4428 3067 4489 ὡς
3095 4427 3255 4496 σοφία
3285 4428 3478 4496 σοφοῦ,
3506 4429 3589 4493 ὡς
3608 4430 3755 4483 δύνα-

2179 4543 2270 4602 μις
2284 4510 2535 4589 δυνατοῦ,
2567 4523 2643 4586 ὡς
2674 4522 2842 4591 Λόγος
2882 4520 2995 4575 νοῦ.
3043 4522 3241 4591 Ἀνόμ.
3291 4520 3459 4575 Ἀλλά
3488 4522 3555 4575 τὸ
3588 4524 3753 4577 ἀπαύο

2175 4634 2362 4688 γασμα
2393 4616 2486 4670 τοῦ
2526 4616 2702 4686 φωτὸς
2755 4614 2874 4678 υίὸς
2916 4615 3017 4668 οὐκ
3062 4613 3208 4667 ἔστιν
3234 4628 3249 4643 ·
3285 4613 3313 4665 6
3345 4615 3641 4687 χαρακτὴρ
3665 4614 3754 4682 τῆς

2182 4708 2535 4772 ὑποστάσεως
2561 4707 2675 4770 υίὸς
2699 4706 2799 4761 οὐκ
2831 4705 2977 4759 ἔστιν
2997 4705 3068 4776 ’ἡ
3108 4704 3268 4775 σοφία
3301 4704 3397 4758 τοῦ
3444 4706 3619 4775 σοφοῦ
3652 4707 3755 4768 ait;

2177 4801 2281 4853 οὐκ
2327 4799 2506 4852 ἔστιν·
2553 4798 2839 4870 ἡδύναμις
2871 4798 2963 4852 τοῦ
3013 4796 3240 4851 δυνατοῦ
3285 4796 3403 4861 υἱὸς
3448 4798 3557 4852 οὒκ
3599 4798 3753 4852 ἔστιν.

2193 4889 2349 4957 Ὄρθ.
2390 4888 2499 4942 Τοῦ
2558 4889 2658 4960 μὲν
2698 4888 2925 4942 δυνατοῦ
2966 4890 3000 4959 ἡ
3022 4886 3250 4958 δύναμις
3276 4888 3379 4941 ούκ
3417 4887 3575 4942 ἐστιν
3601 4887 3753 4942 αὐτοῦ

2180 4980 2326 5044 υἱός·
2360 4980 2456 5034 καὶ
2503 4981 2538 5049 ἡ
2584 4978 2744 5047 σοφία
2783 4978 2879 5032 τοῦ
2921 4977 3088 5047 σοφοῦ
3111 4978 3211 5031 οὑκ
3230 4976 3380 5031 ἔστιν
3404 4978 3582 5033 αὐτοῦ
3619 4979 3751 5042 υἱός·

2177 5070 2272 5124 καὶ
2320 5072 2349 5124 6
2379 5069 2536 5138 λόγος
2586 5068 2680 5122 τοῦ
2732 5068 2826 5122 νοῦ
2854 5068 2955 5121 οὐκ
2990 5067 3136 5120 ἔστιν
3176 5065 3342 5120 αὐτοῦ
3383 5068 3507 5131 uid;
3529 5084 3545 5097 ·
3574 5070 3668 5123 καὶ
3700 5067 3753 5119 τὸ

2176 5161 2515 5233 ἀπαύγασμα
2536 5160 2635 5230 τῆς
2662 5160 2820 5230 δόξης
2845 5160 2946 5213 οὐκ
2974 5157 3120 5211 ἐστιν
3150 5158 3319 5230 αὐτῆς
3355 5159 3508 5224 υἱόςο
3528 5161 3564 5215 6
3587 5160 3646 5214 δὲ
3666 5158 3752 5213 toﬁ

2244 5563 2381 5633 (4-5)
2420 5560 2578 5631 Mss.,
2610 5562 2724 5617 ἀλλ’
2752 5563 2816 5617 ἐκ
2836 5561 2930 5617 τοῦ
2957 5561 3143 5628 σοφοῦ.
