3862 6204
200 328 332 387 11⁷61
1182 327 1270 382 DE
1309 325 1580 382 SANCTA
1616 322 1804 381 TRINI

1911 320 1996 378 ΤΕ
2035 317 2385 376 DIALOGUS
2423 318 2488 374 ll.
3305 313 3448 372 “63

201 443 336 499 Θεοῦ
390 444 517 507 Υἱὸς
553 446 646 499 καὶ
679 442 805 508 Υίός
836 442 952 498 ἐστι
979 442 1074 497 τοῦ
1100 442 1235 497 Θεοῦ
1257 445 1353 498 καὶ
1379 443 1551 511 Λόγος
1583 440 1771 504 αὐτοῦ,
1801 492 1804 499 .

1911 437 1998 508 ius
2059 436 2248 492 ﬁlius:
2295 436 2389 493 sed
2423 432 2521 489 Dei
2562 432 2771 497 Filius,
2815 440 2870 490 et
2917 430 3088 489 Filius
3137 440 3222 490 est
3266 430 3363 489 Dei
3400 442 3458 489 et

201 538 296 591 καὶ
322 536 450 600 Υἱός
498 537 613 591 ἐστι
638 536 730 591 τοῦ
785 536 948 607 σοφοῦ
970 536 1066 593 καὶ
1108 536 1270 606 σοφία
1295 535 1481 599 αὐτοῦ,
1507 534 1603 588 καὶ⁴
1650 534 1777 597 Υἱός

1911 529 1999 599 ius
2029 526 2288 593 Verbum,
2318 536 2372 583 et
2395 526 2566 582 Eilius
2594 535 2679 583 est
2702 525 2969 597 sapientis
3001 533 3058 582 et
3073 525 3196 596 ejus
3230 524 3453 600 sapien-

202 632 316 683 ἐστι
359 629 454 683 τοῦ
491 628 739 693 δυνατοῦ,
773 617 868 683 διαὶ
916 628 1144 700 δύναμις
1181 628 1344 682 αὐτοῦ
1379 630 1513 682 ἐστι.
1555 628 1665 681 Καὶ
1690 625 1779 680 διὰ

1911 620 2060 684 ia,-et
2095 617 2264 675 Filius
2304 629 2390 675 est
2424 618 2664 691 potentis
2691 626 2748 674 et
2773 619 2893 688 ejus
2921 621 3184 691 potentia.
3217 619 3456 692 Ideoque

204 721 378 784 τοῦτο,
412 721 541 775 Υἱὸν
566 721 874 786 ἀκούοντες,
906 720 968 774 τὸ
996 720 1360 775 ἐνυπόστατον
1385 718 1614 790 νοοῦμεν
1632 734 1647 747 ⁸
1681 718 1780 771 καὶ

1911 728 2007 766 um
2032 710 2230 766 Filium
2261 709 2537 776 audimus,
2567 725 2695 767 eum
2732 710 2787 765 in
2810 726 2931 767 sese
2955 710 3262 769 subsistere
3287 713 3453 768 intel-

203 811 431 883 δύναμιν
482 811 792 876 ἀκούοντες,
821 813 914 866 καὶ
947 812 1138 880 Λόγον,
1169 812 1266 866 καὶ
1301 812 1518 881 σοφίαν,
1551 812 1613 865 τὸ
1636 808 1781 881 ἀχώ-

1911 807 2142 877 igimus:
2177 819 2302 861 cum
2334 813 2514 860 autem
2564 805 2863 874 potentiam
2889 847 2906 868 ,
2941 803 3206 871 Verbum,
3237 807 3456 878 sapieno

207 918 388 973 ριστον
415 904 510 957 καὶ
543 904 808 958 συναῒδιον
833 903 1251 975 ἐπαιδεύθημεν.

1911 897 2019 952 iam
2043 896 2328 964 audimus;
2380 896 2462 951 sic
2503 896 2766 952 docemur
2791 898 3218 968 inseparabilem
3249 915 3374 957 esse
3403 908 3457 957 et

1886 996 2240 1042 οοεειετηυω.

277 1078 331 1133 3.
368 1078 566 1148 ’Δγ-ὀμ.
597 1079 749 1150 ’Ἅμα
772 1075 865 1134 οὖν
909 1081 1087 1151 λέγεις
1128 1080 1394 1152 ὑπάρχειν
1430 1080 1651 1154 Πατέρα
1690 1082 1785 1135 καὶ

1962 1078 2014 1133 5.
2034 1078 2228 1133 Anam.
2252 1075 2425 1133 Simul
2444 1078 2609 1149 igitur
2628 1077 2768 1133 dicis
2785 1093 2908 1135 esse
2923 1078 3138 1136 Patrem
3153 1090 3208 1137 et
3230 1081 3460 1136 Filium!

211 1170 375 1231 Υἰόν;
428 1170 583 1239 Ὀρθ.
619 1171 769 1242 "Atta
823 1171 984 1241 λέγω.
1030 1173 1228 1243 ’Δγ-ὀμ.
1286 1172 1392 1227 Δύο
1431 1170 1523 1228 οὑν
1544 1174 1786 1246 ἀγένητα

1911 1170 2044 1226 )rth.
2083 1168 2257 1225 Simul
2284 1185 2408 1227 esse
2449 1170 2595 1225 dico.
2623 1171 2816 1225 Anam.
2849 1169 2967 1226 Duo
2985 1172 3152 1242 igitur
3177 1189 3295 1256 non
3321 1174 3465 1230 facta

209 1264 424 1334 λέγεις;
463 1264 615 1333 Ὄρθ.
678 1263 819 1334 Ἐγὼ
869 1266 1087 1338 Πατέρα
1135 1266 1228 1320 καὶ
1255 1267 1381 1322 Υἱὸν
1427 1267 1607 1337 λέγωο
1636 1268 1689 1322 τί
1730 1268 1787 1321 δέ

1911 1264 2062 1320 licis?
2100 1263 2256 1320 Orth.
2303 1262 2416 1333 Ego
2444 1261 2663 1318 Patrem
2696 1273 2751 1319 et
2793 1262 2990 1319 Filium
3023 1265 3189 1321 dico:
3224 1266 3355 1337 quid
3394 1269 3468 1323 sit

211 1357 357 1410 ἐστιν
381 1354 662 1428 ἀγένητον,
677 1358 778 1411 οὑκ
798 1357 1077 1430 ἐδιδάχθην
1098 1359 1205 1414 ἀπὸ
1226 1359 1333 1414 τῶν
1356 1359 1515 1414 θείων
1536 1360 1784 1433 Γραφῶν.

1911 1365 2075 1413 tutam
2122 1372 2233 1411 non
2262 1354 2464 1419 factus,
2495 1370 2668 1412 sacra:
2696 1354 2918 1412 Litterae
2966 1372 3054 1413 me
3103 1373 3214 1414 non
3245 1359 3463 1415 docent.

221 1449 418 1518 Ἀνόμ.
469 1451 583 1504 Οὐκ
626 1450 772 1505 ἔστιν
821 1447 913 1506 οὖν
949 1450 1396 1523 ὁμολογούμενον,
1424 1455 1507 1508 ὅτι
1539 1456 1567 1507 ό
1600 1453 1788 1526 Πατὴρ

1911 1447 2085 1501 lnam.
2122 1445 2205 1500 An
2241 1460 2368 1500 vero
2392 1461 2497 1500 non
2527 1452 2612 1500 est
2648 1445 2704 1499 in
2731 1445 2990 1502 confesso
3017 1444 3236 1503 Patrem
3256 1447 3460 1506 Christi

208 1538 301 1595 τοῦ
343 1542 579 1614 Χριστοῦ
628 1545 729 1598 οὐκ
768 1542 882 1598 ἐστι
921 1544 1180 1614 γενητός;
1225 1546 1379 1614 Ὀρθ.
1433 1546 1791 1618 Ὠμολόγηται

1911 1552 2004 1591 ton
2029 1552 2153 1592 esse
2189 1536 2434 1591 factum?
2488 1533 2644 1591 Orth.
2679 1534 2795 1590 Hoc
2821 1543 2877 1591 et
2901 1552 3003 1607 ego
3031 1535 3229 1595 fateor.
3274 1538 3464 1594 Anam.

210 1634 307 1687 καὶ
339 1637 471 1709 παρ’
509 1636 666 1708 ἐμοῦ.
711 1638 909 1707 Ἀνόμ.
957 1639 1015 1691 '0
1041 1637 1098 1692 δὲ
1125 1639 1200 1711 μὴ
1220 1636 1458 1708 γεγονὼς
1483 1640 1578 1693 καὶ
1610 1641 1791 1712 ὑπάρ-

1911 1628 2091 1703 ltaque
2135 1630 2228 1699 qui
2269 1643 2377 1684 non
2397 1637 2480 1685 est
2504 1628 2703 1697 factus,
2739 1636 2794 1684 et
2816 1636 2920 1697 cst,
2944 1631 3022 1684 ita
3047 1638 3153 1698 est,
3173 1640 3234 1685 ut
3266 1632 3340 1686 sit
3360 1647 3469 1687 non

207 1744 321 1799 χων
379 1728 657 1796 ἀγενήτως
685 1730 954 1801 ὑπάρχει·
1002 1730 1264 1801 ἀγένητος
1298 1732 1423 1801 ἄρα.
1482 1732 1636 1800 Ὀρθ.
1669 1713 1792 1786 Ὅτι

1911 1719 2098 1777 iactus.
2145 1719 2243 1777 Est
2294 1721 2461 1792 igitur
2502 1737 2612 1776 non
2639 1720 2837 1777 factus.
2884 1720 3043 1778 Orth.
3076 1721 3213 1777 Eum
3250 1724 3472 1796 quidem

212 1789 316 1889 μὲν
345 1789 445 1873 aint
465 1789 698 1888 ἐγένετο,
729 1789 876 1875 οἶδαἰ
904 1789 1170 1893 ἀγένητον.
1187 1789 1260 1876 δὲ-
1279 1789 1438 1876 αὑτὸν
1470 1789 1670 1892 λέγειν,
1694 1824 1795 1878 οὐκ

1911 1813 2023 1868 aovi
2054 1827 2165 1867 non
2201 1812 2375 1868 fuisse
2401 1812 2647 1868 factum:
2692 1814 2874 1884 ipsum
2918 1822 3101 1869 autem
3130 1829 3329 1871 vocare
3362 1832 3473 1872 non

213 1908 495 1980 ἐδιδάχθην
513 1910 615 1963 ὑπὸ
628 1910 728 1982 τῆς
753 1909 902 1976 θείας
919 1912 1160 1984 Γραφῆς,
1178 1913 1315 1968 ἀλλὰ
1331 1914 1572 1987 Πατέρα.
1592 1916 1790 1987 Ἀνόμ.

1911 1907 2098 1963 'actum
2124 1922 2234 1962 non
2263 1907 2463 1963 docent
2490 1922 2579 1963 me
2632 1922 2803 1963 sacra:
2833 1907 3071 1973 Litterae,
3100 1907 3198 1965 sed
3229 1906 3471 1966 Patrem.

213 2000 278 2054 Εἰ
307 2002 407 2055 οὐκ
427 2001 642 2071 ἐγένετο
667 2004 696 2056 ό
719 2003 977 2075 ὑπάρχων
998 2004 1104 2074 πρὸ
1126 2004 1234 2058 τῶν
1254 2004 1485 2070 αἰώνων,
1517 2008 1795 2079 ἀγενήτως
1822 2052 1825 2055 λ

210 2093 483 2165 ὑπάρχει·
532 2096 561 2148 ὁ
614 2095 671 2149 δὲ
709 2096 987 2167 ἀγενήτως
1027 2098 1287 2169 ὑπάρχων
1318 2098 1582 2170 ἀγένητός
1622 2102 1791 2156 ἐστιν.

226 2189 382 2255 Ὀρθ.
427 2187 566 2241 Ἀλλ’
610 2189 711 2242 οὐκ
755 2183 907 2243 εἶπεν
935 2192 969 2261 ἡ
1002 2189 1188 2261 Γραφὴ
1221 2190 1282 2244 τὸ
1309 2191 1592 2262 ἀγένητον,
1626 2193 1688 2245 τὸ
1738 2192 1795 2247 δὲ

214 2277 435 2352 Πατέρα
485 2280 646 2333 αὐτὸν
670 2276 809 2335 εἶναι
855 2276 998 2336 εἶπε.
1030 2282 1265 2336 Κάκεῖνο
1298 2282 1462 2353 λέγω,
1490 2283 1519 2337 δ
1546 2286 1579 2356 ἡ
1606 2284 1797 2357 Γραφὴ

213 2365 361 2438 εἶπε,
392 2371 485 2425 καὶ
512 2372 634 2444 οὐχὶ
664 2372 693 2425 ὃ
714 2374 780 2444 τῇ
813 2373 992 2445 ἐννοίᾳ
1017 2371 1126 2427 τῶν
1152 2372 1457 2448 ἀνθρώπων
1482 2375 1797 2428 ὑποπίπτει.

216 2462 329 2516 Καὶ
357 2462 467 2535 γάρ
496 2462 571 2535 (6)
599 2463 735 2518 ἄλλα
773 2464 944 2519 πολλά
962 2467 1131 2530 ἐστιν,
1166 2465 1203 2520 ά
1234 2468 1352 2530 ταῖς
1381 2466 1610 2530 ἐννοίαις
1642 2465 1799 2538 ἡμῶν

218 2552 534 2620 ὑποπίπτει,
595 2554 690 2608 καὶ
740 2554 816 2618 ὼς
866 2553 1092 2627 ἀπρεπῆ
1120 2554 1299 2624 λέγειν
1320 2554 1462 2608 αὐτά
1492 2556 1621 2625 περὶ
1665 2552 1799 2607 Θεοῦ

218 2644 652 2718 παραιτούμεθα,
699 2646 883 2718 ἐπειδὴ
925 2647 1046 2701 οὐδὲ
1090 2649 1124 2719 ὴ
1153 2646 1344 2718 Γραφὴ
1384 2643 1557 2700 εἶπεν.
1600 2648 1799 2716 Ἀνόμ.

216 2724 377 2803 ὸῖον;
414 2737 491 2801 ὡς
539 2738 594 2790 τί
638 2739 779 2793 εἰπέ.
820 2739 974 2807 Ὀρθ.
1001 2738 1124 2791 Ὅτι
1159 2740 1323 2808 ἡμεῖς
1362 2735 1639 2808 εὐχόμεθα
1677 2754 1803 2809 προ-

223 2830 447 2884 κόπτειν
480 2829 572 2883 ἐπί
602 2848 655 2883 τι
686 2829 928 2901 βέλτιον,
962 2829 1119 2900 δῆλόν
1174 2832 1322 2883 ἐστιν
1343 2847 1356 2860 ’
1407 2831 1437 2883 ὁ
1467 2830 1525 2883 δὲ
1574 2830 1705 2895 Θεὸς
1741 2832 1801 2884 οὐ

221 2920 551 2989 προκόπτει’
588 2919 738 2973 οὐδὲν
783 2918 892 2991 γάρ
950 2918 1100 2989 αὐτῷ
1147 2918 1349 2974 λείπει.
1390 2921 1579 2989 Ἇνόμ.
1636 2920 1803 2974 Οὐδὲν

220 3010 369 3082 αὑτῷ
423 3009 618 3065 λείπει.
680 3012 832 3082 Ὀρθ.
888 3011 962 3065 Οὐ
1010 3011 1199 3084 χρείαν
1245 3008 1339 3066 οὖν
1390 3011 1502 3083 ἔχει
1548 3010 1641 3066 τοῦ
1673 3030 1805 3084 προ-

214 3101 463 3155 κόπτειν.
493 3100 693 3170 Ἀνόμ.
729 3100 804 3152 Οὐ
820 3098 1008 3171 χρείαν
1041 3098 1172 3171 ἔχει.
1218 3100 1370 3167 Ὀρθ.
1402 3099 1591 3162 Οὐδεὶς
1623 3098 1800 3170 ἡμῶν,

219 3189 382 3245 διὰτὸ
411 3192 484 3264 μὴ
511 3190 840 3264 προκόπτειν
861 3190 1041 3255 αὐτὸν,
1076 3191 1424 3264 ἀπρόκοπτον
1453 3189 1599 3261 λέγει
1616 3191 1800 3255 αὐτὸν,

221 3280 337 3336 ἀλλ’
360 3282 436 3347 ὡς
464 3280 689 3347 ἀναξίαν
726 3282 821 3336 τοῦ
853 3281 989 3336 Θεοῦ
1019 3281 1117 3355 τὴν
1149 3283 1332 3355 φωνὴν
1365 3283 1798 3355 παραιτούμεθα.

220 3374 409 3439 οὕτως
429 3374 550 3430 οὐδὲ
574 3375 635 3429 τὸ
658 3374 920 3446 ἀγένητον
936 3374 1084 3442 ἄξιον
1109 3370 1249 3429 εἶναι
1263 3374 1360 3428 τοῦ
1379 3374 1514 3429 Θεοῦ
1536 3376 1767 3448 λέγομεν
1783 3396 1796 3407 ι

221 3468 275 3522 εἰ
300 3467 409 3540 γάρ
434 3463 502 3540 ἦν
535 3466 703 3534 ἄξιον,
737 3462 890 3521 εἶπεν
917 3467 984 3521 ἂν
1003 3467 1135 3521 αὐτὸ
1163 3468 1196 3538 ἠ
1225 3466 1343 3520 θεία
1371 3466 1584 3540 Γραφή.

1894 2001 2083 2054 Anam.
2127 1998 2185 2053 Si
2215 2014 2326 2054 non
2355 2006 2441 2055 est
2471 1998 2647 2055 factus
2678 1999 2774 2070 qui
2822 2009 2950 2056 ante
2981 2002 3185 2056 saecula
3226 2011 3346 2069 est,
3389 2011 3476 2059 est

1895 2107 2007 2147 non
2037 2090 2214 2147 factus
2242 2110 2256 2146 :
2291 2090 2385 2161 qui
2411 2105 2541 2145 vero
2566 2090 2649 2146 sic
2676 2099 2781 2156 est,
2811 2098 2872 2146 ut
2920 2108 3031 2147 non
3070 2093 3143 2148 sit
3168 2091 3367 2157 factus,
3392 2104 3479 2150 est

1896 2199 2007 2239 non
2029 2182 2229 2239 factus.
2269 2180 2426 2239 Orth.
2459 2179 2663 2238 Verum
2696 2182 2983 2253 Scriptura
3012 2199 3125 2239 non
3151 2192 3314 2240 vocat
3346 2200 3473 2241 eum

1898 2290 2009 2330 non
2040 2274 2267 2340 factum,
2292 2276 2386 2331 sed
2416 2290 2540 2331 eum
2567 2290 2691 2330 esse
2727 2274 2943 2330 Patrem
2991 2276 3145 2331 dicit.
3197 2275 3354 2343 Quod
3383 2292 3476 2332 au-

1899 2377 2008 2425 tem
2036 2367 2169 2422 dicit
2190 2366 2498 2438 Scriptura,
2527 2368 2630 2422 hoc
2655 2375 2711 2422 et
2744 2382 2844 2439 ego
2868 2368 3016 2433 dico,
3041 2384 3151 2423 non
3183 2376 3364 2425 autem
3394 2369 3473 2434 id,

1898 2458 2046 2530 quod
2075 2460 2132 2513 in
2164 2458 2446 2513 hominum
2486 2459 2874 2531 cogitationem
2914 2461 3081 2517 cadit.
3117 2459 3254 2516 Nam
3286 2469 3342 2517 et
3369 2463 3478 2517 alia

1903 2552 2077 2607 multa
2113 2551 2171 2606 in
2198 2557 2446 2606 nostram
2470 2553 2861 2623 cogitationem
2890 2551 3115 2617 cadunt,
3147 2569 3269 2625 quae
3296 2563 3480 2611 tamen

1902 2645 2275 2717 repudiamus,
2304 2659 2364 2700 ut
2396 2660 2520 2715 quae
2549 2646 2943 2701 convenienter
2976 2645 3046 2701 de
3070 2645 3182 2702 Deo
3219 2646 3330 2703 dici
3367 2664 3482 2703 non

1903 2738 2137 2810 possint,
2163 2736 2606 2807 quandoquidem
2665 2739 2722 2792 in
2771 2738 3072 2807 Scripturis
3120 2740 3170 2795 ei
3224 2755 3335 2795 non
3379 2741 3476 2795 tri-

1904 2830 2165 2884 buuntur.
2198 2829 2552 2885 Anont.Cedo
2580 2832 2887 2901 exemplum
2921 2850 2934 2887 :
2967 2840 3027 2887 ut
3049 2832 3202 2902 quid,
3224 2834 3483 2888 obsecro?

1906 2916 2062 2976 Orth.
2102 2918 2333 2976 Constat
2376 2935 2481 2975 nos
2513 2931 2723 2992 optare,
2757 2929 2819 2976 ut
2866 2922 2923 2976 in
2979 2922 3177 2978 melius
3218 2922 3480 2993 proﬁcia-

1906 3027 2030 3067 mus
2058 3034 2072 3067 :
2107 3021 2162 3066 at
2195 3010 2337 3067 Deus
2367 3027 2478 3067 non
2506 3012 2747 3084 proﬁcit,
2774 3014 3032 3083 quoniam
3056 3014 3194 3069 nihil
3224 3016 3275 3071 ei
3304 3015 3479 3071 deest.

1905 3104 2098 3160 Anam.
2135 3102 2281 3158 Nihil
2308 3120 2535 3175 prorsus
2566 3106 2673 3178 ipsi
2709 3106 2884 3162 deest.
2921 3105 3074 3163 Ortlt.
3117 3106 3199 3160 llli
3230 3122 3364 3179 ergo
3395 3109 3483 3162 ni-

1907 3197 1985 3252 hil
2015 3211 2154 3267 opus
2175 3205 2279 3262 est,
2302 3205 2364 3252 ut
2395 3197 2666 3268 proﬁciat.
2695 3198 2886 3253 Anam.
2924 3197 3093 3257 Nihil.
3128 3199 3284 3257 Orth.
3312 3199 3485 3256 Nemo

1908 3298 2090 3343 tamen
2121 3294 2375 3343 nostrum
2405 3297 2524 3353 est,
2560 3289 2655 3358 qui
2694 3288 2842 3360 quod
2873 3303 2985 3344 non
3033 3290 3305 3361 proﬁciat,
3334 3290 3486 3345 dicat

1909 3396 2056 3445 eum,
2080 3380 2447 3454 ἀπρόκοπτον,
2476 3396 2595 3446 seu,
2625 3396 2737 3436 non
2772 3380 3179 3452 proﬁcientem;
3222 3382 3355 3453 quin
3389 3396 3488 3452 po-

1908 3474 2021 3530 tius
2048 3474 2193 3530 hanc
2223 3489 2437 3541 vocem,
2464 3483 2525 3528 ut
2549 3488 2672 3544 quae
2698 3472 2869 3529 Deum
2903 3489 3012 3529 non
3063 3475 3289 3541 deceat,
3328 3488 3490 3545 repu-

224 3560 461 3616 diamus.
516 3561 593 3616 Ita
621 3562 784 3617 etiam
822 3561 955 3616 illud
982 3560 1264 3630 ἀγένητον,
1297 3576 1416 3627 seu,
1451 3576 1563 3616 non
1595 3562 1795 3619 factum
1827 3582 2093 3640 negamus
2118 3566 2232 3623 Deo
2259 3565 2488 3638 dignum
2531 3581 2655 3622 esse
2678 3607 2694 3628 .
2753 3580 2879 3621 nam
2911 3566 2958 3620 si
3019 3565 3247 3636 dignum
3312 3570 3486 3629 esset,

224 3652 283 3709 id
311 3654 558 3710 dicerent
588 3669 761 3711 sacra:
789 3652 1024 3710 Litterae.

295 3747 352 3802 4.
399 3746 588 3816 Ἇνόμ.
619 3746 866 3817 Ἐγένετο
881 3742 974 3800 οὖν
1000 3747 1029 3798 ὁ
1050 3744 1215 3811 Θεὸς;
1245 3745 1389 3811 εἰπὲ,
1407 3747 1500 3800 καὶ
1528 3745 1634 3802 ὑπὸ
1660 3748 1804 3812 τίνος

224 3836 474 3907 ἐγένετο;
538 3837 690 3905 Ὀρθ.
733 3836 797 3889 Εἰ
850 3836 940 3890 διὰ
986 3834 1146 3889 τοῦτο
1195 3836 1459 3908 ἀγένητον
1505 3838 1670 3892 αὑτὸν
1725 3839 1809 3893 δεῖ

225 3929 425 3999 λέγειν,
449 3930 634 4000 ἐπειδὴ
681 3929 774 3983 ὑπ’
808 3928 1019 3993 οὐδενὸς
1073 3928 1310 3998 ἐγένετο,
1348 3929 1471 3982 είπέ
1507 3930 1671 3984 αὐτὸν
1712 3932 1807 3985 καὶ

225 4021 476 4093 ἄπιστον,
508 4021 694 4094 ἐπειδὴ
714 4025 794 4085 εἰς
826 4021 1013 4075 οὐδένα
1042 4020 1287 4075 πιστεύει
1307 4037 1321 4051 °
1343 4021 1463 4074 εἰπὲ
1489 4021 1582 4075 καὶ
1609 4022 1803 4094 ἀσεϐῆ,

227 4115 416 4187 ἐπειδὴ
446 4115 634 4169 οὐδένα
681 4115 916 4169 σέϐεται.
973 4115 1036 4168 Εἰ
1096 4114 1153 4169 δὲ
1185 4112 1359 4168 ταῦτα
1403 4116 1436 4185 ἡ
1490 4114 1589 4185 μὲν
1630 4114 1807 4168 ἔννοια

228 4207 541 4270 ὑποϐάλλει,
570 4209 604 4279 ἡ
625 4206 681 4260 δὲ
707 4206 958 4260 εὐσέϐεια
983 4208 1083 4260 οὐκ
1111 4207 1394 4279 ἐπιτρέπει
1426 4207 1604 4275 λέγειν
1625 4224 1637 4236 ο
1665 4205 1808 4259 οὑτω

227 4301 325 4354 καὶ
352 4301 414 4353 τὸ
430 4301 713 4372 ἀγένητον,
750 4299 852 4353 κᾶν
878 4301 1007 4372 δοκῇ
1054 4302 1174 4364 ταῖς
1210 4300 1440 4363 ἐννοίαις
1478 4299 1637 4370 ἡμῶν
1670 4300 1805 4351 ὑπο-

233 4394 475 4456 πίπτειν,
504 4392 618 4447 ἀλλ’
644 4396 680 4465 ἡ
710 4392 960 4447 εὐσέϐεια
985 4394 1086 4451 οὐκ
1127 4392 1409 4465 ἐπιτρέπει
1439 4391 1635 4461 λέγειν.
1664 4391 1727 4444 El
1750 4391 1807 4444 δὲ

1979 3747 2144 3821 425
2177 3749 2231 3805 4.
2269 3750 2460 3803 Anam.
2484 3746 2582 3802 Dic
2606 3748 2795 3819 igitur,
2819 3747 3071 3803 factusne
3107 3756 3195 3803 est
3225 3746 3411 3804 Deus?
3437 3757 3493 3804 ct

1912 3856 1943 3896 a
1970 3856 2081 3912 quo
2114 3837 2291 3896 factus
2316 3840 2444 3895 est?
2467 3838 2620 3896 Orth.
2655 3837 2713 3892 Si
2746 3850 3031 3910 propterea
3061 3847 3281 3910 oportet
3311 3840 3491 3910 ipsum

1912 3935 2021 3991 dici
2051 3950 2163 3990 non
2196 3933 2402 3989 factum
2424 3973 2438 3998 ,
2472 3932 2735 4004 quoniam
2776 3947 2808 3985 a
2854 3932 3009 3985 nullo
3040 3938 3127 3987 est
3156 3931 3335 3989 factus
3355 3972 3371 3997 ,
3402 3934 3493 3987 dlc

1913 4025 2074 4079 etiam
2103 4014 2226 4078 eum
2258 4038 2368 4078 non
2393 4023 2729 4088 credentem,
2761 4024 3023 4092 quoniam
3054 4022 3111 4077 in
3135 4024 3346 4078 nullum
3374 4039 3495 4078 cre—

1914 4116 1992 4171 dit
2019 4134 2032 4169 :
2068 4125 2122 4171 et
2147 4115 2373 4185 impium
2393 4155 2409 4173 .
2439 4115 2698 4185 quoniam
2727 4114 2937 4169 nullum
2965 4114 3118 4169 colit.
3147 4113 3304 4181 Quod
3328 4114 3375 4171 si
3405 4131 3497 4171 εοε-

1914 4208 2104 4278 gitatio
2145 4205 2368 4278 quidem
2409 4216 2598 4262 nostra
2638 4206 2797 4263 nobis
2829 4207 2960 4260 talia
2992 4208 3267 4279 suggerit,
3298 4208 3493 4280 religio

1913 4315 2042 4356 vero
2086 4301 2268 4356 dicere
2296 4316 2399 4356 nos
2440 4314 2550 4355 non
2593 4300 2837 4371 patitur:
2881 4301 2956 4354 ita
2994 4304 3160 4356 etiam
3204 4301 3341 4377 illud
3382 4318 3494 4357 non

1914 4391 2117 4444 factum
2138 4431 2153 4453 ,
2186 4391 2403 4446 etiamsi
2428 4391 2587 4446 nobis
2613 4390 2873 4462 cogitatio
2902 4399 3089 4446 nostra
3118 4392 3170 4448 id
3201 4404 3491 4465 suggerat,

236 4484 333 4557 μὴ,
365 4482 520 4538 εἶπεν
538 4485 674 4539 αὐτὸ
710 4487 929 4549 πάντως
955 4486 989 4556 ἡ
1029 4484 1242 4555 Γραφή.
1291 4484 1481 4552 Ἆνόμ.
1528 4483 1603 4537 Οὐ
1632 4483 1804 4551 λέγεις

1914 4495 2022 4535 non
2054 4480 2186 4536 sinit
2214 4488 2399 4535 tamen
2427 4481 2621 4552 religio
2650 4496 2753 4536 nos
2783 4481 2988 4537 dicere.
3021 4480 3078 4538 Id
3107 4483 3254 4539 enim
3286 4485 3493 4556 alioqui

232 4575 329 4633 οὖν
362 4578 621 4649 ἀγένητον
651 4578 742 4632 τὸν
771 4578 864 4631 ἐπὶ
894 4578 1110 4631 πάντων
1138 4576 1298 4641 Θεόνς
1335 4576 1489 4645 Ὀρθ.
1519 4576 1581 4629 Εἰ
1607 4576 1808 4647 γέγρα-

235 4688 390 4735 πται,
412 4669 586 4738 λέγω·
625 4672 672 4722 εἰ
717 4669 777 4723 δέ
805 4669 865 4722 οὐ
896 4669 1229 4739 γέγραπται,
1262 4666 1363 4719 οὐκ
1409 4665 1518 4737 ἔχω
1564 4667 1808 4736 ἀνάγκην

232 4765 428 4816 εἰπεῖν.
470 4763 579 4815 Καὶ
619 4763 701 4815 ὅτι
747 4760 807 4814 οὑ
845 4760 1062 4823 πάντως
1112 4757 1182 4811 τά
1224 4760 1344 4822 ταῖς
1376 4757 1619 4822 ἐννοίαις
1649 4756 1808 4829 ἡμῶν

233 4854 610 4909 ὑποπίπτοντα
640 4855 722 4908 δεῖ
765 4852 1178 4924 λέγειν,-ἒξεστι
1227 4851 1321 4905 καὶ
1362 4850 1534 4915 ἄλλως
1583 4850 1806 4919 γνῶναι.

238 4946 397 5017 Παρά
425 4947 640 5001 πάντων
666 4949 699 5017 ἡ
709 4945 823 5017 μῶν
854 4945 1220 5017 ὡμολόγηται,
1248 4944 1331 4997 ὅτι
1364 4945 1394 4997 ὁ
1420 4944 1552 5007 Θεὸς
1583 4942 1811 5014 ἀόρατός

235 5043 376 5104 ἐστι,
393 5039 487 5093 τοῦ
510 5039 666 5107 ἀγίου
683 5038 896 5092 Παύλου
911 5038 1179 5106 λέγοντος·
1206 5055 1225 5087 ι
1248 5035 1554 5109 Ἀφθάρτῳ,
1573 5035 1812 5107 ἀοράτῳ,

238 5133 388 5203 μόνῳ
426 5131 577 5202 σοφῷ
613 5129 752 5202 Θεῷ.
778 5149 798 5182 ι
837 5131 898 5183 '0
930 5129 986 5182 δὲ
1039 5128 1316 5200 ἄφθαρτος
1364 5129 1464 5198 οὐχ
1496 5125 1675 5197 ἑαυτῷ
1714 5128 1815 5188 μὲν

238 5223 475 5295 φθαρτὸς
504 5226 672 5285 ἐστιν,
704 5222 883 5286 ἀλλοις
913 5220 971 5275 δὲ
1019 5220 1297 5291 ἄφθαρτος
1317 5261 1333 5285 ,
1370 5219 1505 5273 ἀλλά
1550 5220 1642 5272 καὶ
1682 5220 1815 5273 πᾶσι

237 5317 334 5369 καὶ
365 5314 544 5385 ἐαυτῷ
574 5314 847 5386 ἄφθαρτός
875 5315 1040 5367 ἐστιν.
1078 5313 1278 5381 Ἀνόμ.
1310 5312 1420 5366 Καὶ
1454 5311 1621 5365 πάνυ.
1660 5311 1814 5380 Ὀρθ.

240 5408 471 5476 Οὐκοῦν,
508 5408 698 5479 ἐπειδὴ
732 5411 996 5479 συνῆπται
1030 5404 1107 5475 τῷ
1161 5404 1423 5477 ἀφθάρτῳ
1476 5403 1537 5456 τὸ
1565 5403 1816 5474 ἀόρατον,

318 5592 365 5624 ⁸³
399 5592 418 5646 I
452 5589 593 5646 Tim.
630 5588 804 5657 1,.17.

320 5748 392 5824 β)
427 5746 605 5804 Palat.
635 5747 744 5799 Καὶ
770 5745 878 5816 γὰρ
905 5745 1011 5799 καί.

559 5838 831 5900 Pauor.
863 5837 982 5899 Gn.
1021 5834 1306 5898 XXVIII.

1915 4571 2199 4642 Scriptura
2232 4572 2424 4643 utique
2449 4579 2796 4642 usurpasset.
2838 4574 3028 4628 Anam.
3080 4577 3165 4631 An
3209 4592 3320 4632 non
3362 4594 3493 4634 vero

1915 4662 2122 4727 Deum,
2170 4664 2265 4733 qui
2308 4677 2473 4732 supra
2514 4663 2699 4718 omnia
2749 4672 2864 4731 est,
2917 4665 3056 4721 dicis
3106 4683 3217 4722 non
3253 4668 3497 4724 factum?

1919 4753 2076 4812 Orth.
2108 4754 2345 4811 Dixerim
2366 4795 2383 4821 ,
2415 4756 2465 4811 si
2487 4757 2753 4827 scriptum
2777 4766 2962 4827 esset,
2984 4760 3129 4830 quod
3162 4761 3209 4815 si
3231 4761 3494 4831 scriptum

1918 4863 2028 4903 non
2057 4857 2174 4912 est,
2216 4864 2327 4904 non
2365 4863 2533 4920 cogor
2573 4849 2778 4906 dicere.
2828 4849 2937 4907 Sed
2978 4862 3033 4908 et
3062 4851 3265 4923 alioqui
3292 4853 3498 4908 intelli-

1918 4955 2046 5011 gere
2091 4940 2259 5008 licet,
2303 4955 2413 4995 non
2446 4956 2570 4997 esse
2604 4941 2897 4998 dicendum
2918 4983 2934 5009 ,
2961 4943 3227 5014 quidquid
3258 4946 3315 4999 in
3345 4960 3495 5017 cogi-

1916 5032 2181 5088 tationem
2210 5041 2455 5087 nostram
2485 5033 2651 5088 cadit.
2676 5032 2934 5089 Fatemur
2957 5050 3149 5091 omnes
3174 5034 3345 5092 Deum
3374 5052 3499 5093 esse

1916 5124 2249 5179 invisibilem
2272 5166 2287 5191 ,
2342 5138 2468 5179 cum
2523 5124 2672 5180 dicat
2719 5124 2966 5182 Paulus:
2998 5145 3017 5178 ι
3047 5126 3451 5198 lncorruptihili
3478 5167 3495 5192 ,

1918 5216 2218 5280 invisibili,
2263 5216 2367 5272 soli
2408 5217 2646 5286 sapienti
2686 5215 2799 5273 Deo
2830 5218 2897 5273 “.
2929 5238 2951 5271 ι
2977 5217 3247 5274 Caeterum
3282 5220 3378 5289 qui
3410 5220 3498 5273 in-

1919 5308 2298 5379 corruptibilis
2321 5316 2408 5364 est
2427 5349 2443 5373 ,
2476 5324 2587 5364 non
2615 5318 2701 5364 est
2723 5309 2831 5365 sibi
2853 5310 3073 5381 quidem
3096 5311 3496 5382 corruptibilis,

1920 5401 2042 5458 aliis
2085 5408 2217 5458 vero
2261 5401 2747 5475 incorruptibilis:
2783 5402 2896 5459 sed
2934 5411 2991 5459 et
3020 5403 3278 5460 omnibus
3305 5414 3360 5461 et
3392 5405 3497 5460 sibi

3100 5816 3181 5877 δι’
