3862 6204
410 291 548 348 H65

1520 295 1577 352 S.
1609 293 2076 351 ATHANASIUS.
2118 325 2183 334 -—
2225 291 2496 349 SPURIA.

3530 283 3677 342 HM

407 414 493 459 est
519 404 966 475 incorruptibilis.
984 403 1175 460 Anam.
1196 408 1276 460 lta
1291 415 1376 461 est
1404 421 1652 476 prorsus.
1685 405 1838 462 Orth.
1873 405 1966 478 lgi-

2084 407 2325 478 εῐπωμεν
2357 407 2454 460 καὶ
2480 405 2639 459 αὑτὸν
2665 402 2844 474 ἑαυτῷ
2874 403 3105 474 ἀόρατον
3132 397 3270 454 εἶναι
3299 398 3546 454 τὸνθεόν
3569 399 3675 470 (7).

405 503 517 561 tur,
565 497 822 566 quoniam
866 497 1372 569 incorruptibilitati
1402 500 1692 568 copulatur
1723 499 1976 554 invisibi-

405 584 567 650 litas,
598 586 847 642 dicamus
876 586 1044 642 Deum
1079 589 1184 643 sibi
1220 589 1321 658 ipsi
1353 605 1573 658 quoque
1604 589 1936 643 invisibilem
1957 627 1974 653 ,

403 686 460 732 et
487 680 560 733 ita
585 681 873 734 mentitum
900 682 1006 736 erit
1036 681 1055 752 (
1082 691 1265 736 vestro
1291 682 1507 752 quidem
1528 681 1775 751 judicio)
1805 680 1979 735 Evan-

401 771 602 840 gelium
624 811 639 835 ,
672 788 795 827 cum
825 774 1031 843 inquit,
1057 793 1076 825 ι
1103 775 1204 840 Qui
1233 783 1318 830 est
1346 790 1376 828 a
1410 774 1569 830 Patre
1592 816 1606 838 ,
1639 775 1684 829 is
1712 775 1846 828 vidit
1873 773 1979 826 Pa-

402 870 541 917 trem
569 864 634 918 “.
671 886 688 917 ι
719 864 875 932 Quod
905 867 950 920 si
995 867 1076 931 is,
1113 866 1205 936 qui
1249 882 1278 919 a
1324 866 1486 921 Patre
1532 877 1649 930 est,
1685 867 1828 920 videt
1871 864 1975 919 Pa-

399 963 542 1009 trem
563 996 578 1019 ,
625 972 757 1013 sane
800 958 918 1028 ipse
946 958 1107 1012 Pater
1135 959 1372 1028 seipsmn
1407 959 1550 1014 videt
1577 979 1590 1014 :
1625 959 1768 1029 quod
1799 969 1885 1014 est
1915 966 1971 1014 et

400 1047 606 1106 dicitur
623 1058 677 1104 et
700 1050 942 1105 creditur
961 1066 1082 1106 esse
1111 1051 1437 1113 invisibilis,
1468 1050 1813 1106 referendum
1849 1062 1934 1106 est
1954 1091 1970 1114 ,

2083 497 2196 551 Kal.
2238 495 2535 565 ἐψεύσαντο
2571 493 2639 546 τὰ
2694 492 3000 561 Εύαγγέλια
3033 491 3153 544 καθ’
3190 491 3357 560 ὑμᾶς,
3399 489 3672 557 λέγοντα·

2089 608 2109 640 ι
2146 587 2205 643 Ὁ
2230 588 2304 641 ὢν
2339 588 2489 658 παρὰ
2529 587 2622 641 τοῦ
2657 587 2904 658 Πατρὸς,
2949 585 3111 649 αὐτὸς
3145 583 3359 654 ἑώρακε
3412 582 3510 634 τὸν
3563 581 3678 636 Πα-

2085 681 2236 753 τέρα.
2263 702 2281 733 ι
2305 683 2365 733 Et
2385 681 2441 735 δὲ
2471 682 2499 733 ὁ
2528 679 2603 732 ὢν
2626 678 2776 750 παρὰ
2809 677 2902 731 τοῦ
2925 676 3139 748 Πατρὸς
3165 676 3266 745 ὁρᾷ
3294 674 3388 727 τὸν
3419 672 3676 742 Πατέρα,

2084 775 2180 828 καὶ
2203 777 2232 828 ὁ
2279 774 2469 844 Πατὴρ
2504 773 2665 835 αὐτὸς
2689 771 2880 824 ἑαυτὸν
2907 771 3028 842 ὁρᾷ,
3063 769 3090 822 ὅ
3119 770 3258 829 ἐστι,
3296 767 3390 819 καὶ
3419 764 3674 833 λέγεται,

2084 868 2177 920 καὶ
2206 866 2517 918 πιστεύεται
2553 860 2958 934 εἷναιὰόρατος,
2982 863 3080 931 ούχ
3109 858 3306 930 ἑαυτῷ,
3332 859 3458 912 ούδὲ
3498 857 3584 928 τῷ
3617 857 3678 922 ἐξ

2077 960 2241 1013 αὐτοῦ
2275 958 2543 1028 Υἱῷ,ούδὲ
2569 957 2648 1028 τῷ
2676 959 2806 1028 παρ’
2831 955 2996 1008 αὑτοῦ
3031 953 3171 1023 ἁγίῳ
3195 951 3503 1024 Πνεύματι,
3533 949 3676 1005 ἀλλὰ

2080 1051 2232 1124 πάσῃ
2260 1055 2326 1124 τῇ
2359 1053 2557 1106 κτίσει.

399 1155 512 1196 non
541 1143 608 1196 ad
638 1144 788 1197 illum
821 1144 996 1214 ipsum
1017 1183 1032 1206 ,
1067 1159 1243 1215 neque
1268 1144 1336 1198 ad
1366 1143 1600 1210 Filium,
1633 1145 1726 1215 qui
1782 1160 1851 1199 ex
1899 1145 2019 1216 ipso
2055 1153 2140 1201 est
2161 1187 2176 1210 ,
2214 1162 2390 1217 neque
2419 1145 2485 1200 ad
2517 1143 2784 1216 Spiritum
2817 1151 3069 1200 sanctum
3091 1179 3108 1208 ,
3152 1142 3246 1211 qui
3287 1139 3357 1194 ab
3381 1139 3508 1209 ipso
3539 1147 3671 1203 est;

399 1237 498 1292 sed
533 1237 602 1292 ad
631 1253 822 1294 omnes
849 1249 1156 1295 creaturas.

466 1347 520 1403 5.
560 1348 751 1404 Anam.
784 1349 936 1404 Nunc
963 1350 1153 1417 disco,
1186 1368 1283 1409 vos
1314 1352 1366 1407 id
1397 1369 1504 1408 non
1535 1353 1756 1409 credere
1777 1395 1792 1419 ,
1822 1354 1968 1424 quod
2010 1381 2026 1401 ο

395 1441 654 1498 omnibus
693 1443 748 1496 in
778 1443 1034 1499 confesso
1075 1451 1180 1500 est.
1224 1444 1377 1500 Orth.
1425 1446 1736 1512 Quidnam?
1772 1447 1965 1501 Anam.

397 1531 564 1588 Deum
591 1549 716 1589 esse
745 1550 854 1588 non
889 1536 1090 1590 factum
1132 1552 1320 1592 omnes
1357 1552 1489 1592 sana
1537 1547 1718 1593 mente
1756 1539 1968 1609 praediti

395 1624 747 1691 confitentur,
797 1643 893 1682 vos
937 1635 1120 1683 autem
1161 1646 1268 1684 nou
1318 1629 1626 1686 admittitis.
1661 1629 1815 1686 Orth.
1849 1631 1968 1686 Non

394 1717 518 1772 dico
545 1733 652 1772 non
684 1733 845 1789 posse
875 1734 906 1772 a
938 1720 1097 1776 nobis
1127 1719 1375 1785 admitti,
1413 1733 1472 1776 ut
1501 1720 1668 1776 Deum
1699 1723 1968 1778 fateamur

393 1826 506 1865 non
533 1810 742 1866 factum
771 1831 785 1867 :
823 1812 919 1868 sed
947 1815 1201 1884 quamvis
1232 1815 1286 1869 id
1319 1816 1477 1870 cadat
1509 1816 1564 1870 in
1601 1826 1842 1872 nostram
1873 1835 1968 1873 co-

391 1903 709 1975 gitationem
753 1911 937 1960 tamen
959 1908 1352 1975 .necessarium
1393 1924 1500 1964 non
1542 1927 1697 1975 esse,
1732 1920 1789 1966 ut
1833 1929 1968 1969 voce

393 2004 633 2060 utamur,
665 2012 787 2069 quae
816 1997 872 2052 in
899 1999 1074 2054 sacris
1106 1997 1327 2056 Litteris
1368 2017 1639 2073 nusquam
1665 2004 1964 2060 invenitur.

391 2086 528 2142 Nam
559 2090 606 2145 si
635 2090 739 2145 hoc
766 2090 907 2146 foret
934 2092 1306 2147 necessarium
1331 2134 1345 2158 ,
1389 2111 1503 2150 non
1535 2097 1846 2154 reticuisset
1877 2113 1969 2153 sa-

389 2193 486 2234 cra
525 2179 832 2252 Scriptura.
877 2184 1069 2238 Anam.
1123 2187 1296 2256 lgitur
1345 2186 1549 2241 factum
1592 2188 1773 2258 ipsum
1817 2189 1969 2244 dica—

389 2272 556 2327 mus?
586 2272 739 2330 Orth.
768 2273 870 2342 Qui
900 2275 1100 2331 factum
1127 2293 1248 2332 eum
1277 2278 1430 2342 dicit,
1466 2280 1630 2350 impie
1655 2281 1801 2335 facit.
1830 2279 1966 2336 Tra-

388 2363 528 2418 didit
555 2365 702 2419 enim
730 2366 893 2421 nobis
920 2367 1202 2438 Scriptura
1223 2409 1237 2433 ,
1270 2384 1518 2439 quamam
1545 2379 1673 2424 sunt
1704 2369 1846 2424 facta
1867 2413 1882 2439 ,
1913 2379 1968 2426 et

388 2453 516 2523 quis
557 2454 630 2509 sit
663 2469 853 2510 eorum
885 2457 1090 2527 opifex.
1123 2457 1226 2524 Qui
1256 2475 1383 2514 vero
1410 2459 1546 2514 dicit
1578 2475 1700 2516 eum
1733 2477 1843 2516 non
1879 2461 1965 2516 fa-

385 2553 534 2600 ctum
569 2545 588 2618 (
615 2547 760 2618 quod
786 2546 1077 2620 Scriptura
1109 2566 1218 2605 non
1260 2551 1466 2623 tradit)
1497 2569 1964 2623 supervacaneum

386 2638 650 2710 quiddam
696 2641 955 2712 loquitur.
997 2646 1191 2700 Anam.
1241 2646 1299 2701 Si
1346 2662 1456 2701 non
1496 2655 1580 2702 cst
1625 2647 1839 2713 factus,
1883 2659 1968 2703 est

386 2749 498 2789 non
530 2733 725 2790 factus.
763 2735 915 2791 Orth.
945 2737 1124 2792 Etiam
1157 2739 1203 2796 si
1232 2741 1466 2794 humana
1507 2741 1767 2811 cogitatio
1812 2741 1967 2797 nobis

385 2827 492 2882 hoc
536 2831 812 2900 suggerit,
845 2846 955 2885 non
984 2831 1059 2885 ita
1090 2847 1190 2888 nos
1223 2841 1405 2888 tamen
1445 2839 1636 2887 sancta
1684 2832 1968 2902 Scriptura

385 2919 606 2988 docuit;
641 2921 738 2978 sed
763 2923 921 2978 audis
939 2925 1112 2994 ipsam
1138 2925 1410 2980 dicentem
1438 2944 1451 2979 :
1477 2945 1495 2976 ι
1516 2924 1789 2992 Quantum
1815 2928 1969 2982 abest

385 3015 572 3069 oriens
624 3014 691 3070 ab
728 3015 1048 3080 occidente,
1096 3025 1308 3072 tantum
1362 3018 1564 3073 absunt
1609 3019 1968 3090 cogitationes

2139 1352 2192 1407 5.
2240 1351 2429 1420 Ἀνόμ.
2461 1346 2576 1402 Νῦν
2628 1346 2903 1420 μανθάνω,
2949 1347 3030 1401 ὅτι
3077 1345 3106 1400 δ
3146 1347 3312 1400 πᾶσιν
3349 1345 3671 1420 ἀνθρώποις·

2071 1446 2218 1498 ἐστὶν
2240 1443 2681 1514 ὡμολογημένον,
2701 1441 2858 1495 τοῦτο
2881 1443 3041 1512 ὑμεῖς
3068 1441 3130 1494 ού
3163 1440 3472 1495 πιστεύετε.
3503 1443 3664 1512 Ὀρθ.

2070 1537 2258 1602 Ποῖον;
2299 1535 2496 1604 Ἀνόμ.
2548 1534 2670 1588 ὀτι
2717 1534 2980 1604 ἁγὲνητός
3018 1535 3164 1587 ἐστιν
3206 1534 3235 1586 ὁ
3278 1533 3430 1598 θεὸς,
3458 1535 3668 1600 πάντες

2070 1629 2369 1702 ἄνθρωποι,
2401 1630 2448 1682 οί
2482 1627 2608 1681 νοῦν
2635 1627 2795 1699 ὀρθὸν
2827 1627 3063 1698 ἔχοντες,
3089 1625 3470 1698 ὁμολογοῦσιν,
3500 1628 3666 1699 ὑμεῖς

2069 1719 2126 1772 δὲ
2157 1721 2216 1772 ού
2247 1717 2487 1789 δέχεσθε.
2521 1719 2666 1786 Ὀρθ.
2686 1719 2761 1772 υὺ
2784 1717 2947 1786 λέγω,
2994 1720 3076 1771 ὅτι
3103 1717 3164 1770 τὸ
3191 1718 3458 1788 ἀγένητον
3494 1720 3666 1774 αὐτὸν

2069 1811 2350 1882 ὁμολογεῖν
2382 1809 2761 1882 ἁπαράδεκτόν
2777 1811 2922 1862 ἐστιν
2951 1811 3084 1880 ἡμῖν
3106 1825 3116 1838 °
3151 1810 3267 1863 ἀλλ’
3291 1811 3373 1864 ὃτι
3395 1811 3504 1864 κᾶν
3524 1812 3661 1884 δοκῇ

2068 1906 2188 1967 ταῖς
2206 1903 2435 1966 ἐννοίαις
2453 1906 2485 1972 ή
2497 1903 2611 1974 μῶν
2639 1903 2988 1969 ὑποπίπτειν,
3007 1903 3120 1958 ἀλλ’
3147 1906 3299 1975 ὅμως
3313 1904 3390 1968 ὡς
3412 1905 3662 1976 οὐδαμοῦ

2067 1995 2165 2066 τῆς
2195 1993 2343 2058 θείας
2361 1995 2586 2066 Γραφῆς
2611 1995 2869 2066 κειμένην
2891 1994 2990 2067 τὴν
3017 1995 3199 2068 φωνὴν
3226 1997 3327 2049 ούκ
3351 1998 3663 2066 ἀναγκαῖον

2068 2085 2266 2155 λέγειν.
2301 2087 2363 2141 Et
2404 2088 2512 2160 γὰρ
2543 2083 2610 2159 ἦν
2644 2088 2964 2156 ἀναγκαῖον,
2995 2085 3148 2142 εἶπεν
3193 2087 3258 2142 ἂν
3289 2089 3422 2142 αὐτὸ
3455 2091 3490 2158 ἡ
3534 2089 3662 2144 θεία

2067 2180 2281 2252 Γραφή.
2323 2182 2523 2251 Ἀνόμ.
2567 2181 2800 2254 Γενητὸν
2837 2177 2932 2236 οὖν
2974 2181 3218 2254 εἴπωμεν
3256 2183 3460 2244 αύτὸνς
3496 2184 3659 2251 Ὀρθ.

2081 2272 2138 2326 '0
2164 2274 2338 2343 λέγων
2372 2275 2536 2328 αὑτὸν
2568 2274 2796 2347 γενητὸν
2823 2275 2898 2345 (8)
2927 2276 3134 2330 ἀσεϐεῖ.
3181 2271 3316 2329 Εῖπε
3357 2276 3473 2347 γὰρ
3523 2277 3660 2348 ἡμῖν

2066 2367 2100 2438 ἡ
2141 2365 2362 2438 Γραφὴ,
2392 2366 2514 2420 τίνα
2547 2367 2662 2420 ἐστὶ
2701 2365 2773 2420 τὰ
2806 2367 3047 2438 γενητὰ,
3093 2368 3187 2422 καὶ
3235 2367 3320 2431 τίς
3365 2369 3396 2421 ὁ
3443 2369 3659 2424 τούτων

2067 2459 2467 2530 γενεσιουργός.
2529 2460 2587 2514 Ὁ
2632 2459 2690 2512 δὲ
2733 2459 2909 2528 λέγων
2956 2461 3116 2514 αὑτὸν
3161 2461 3448 2531 ἀγένητον,
3483 2463 3514 2516 ὃ
3556 2464 3659 2517 οὐκ

2069 2548 2221 2606 εἶπεν
2260 2554 2293 2622 ή
2335 2550 2555 2622 Γραφὴ,
2608 2550 2994 2622 περιττολογεί.
3049 2552 3236 2621 Ἀνόμ.
3277 2552 3340 2604 ΕΞ
3377 2553 3484 2606 οὐκ
3539 2553 3659 2609 ἐστι

2067 2645 2313 2716 γενητὸς,
2345 2643 2606 2715 ἀγένητός
2639 2646 2806 2699 ἐστιν.
2851 2644 3006 2711 Ὀρθ.
3034 2643 3153 2698 Κᾶν
3192 2644 3517 2716 ἀνθρωπίνη
3545 2646 3660 2702 διὰ-

2069 2755 2188 2792 νοια
2215 2737 2374 2791 τοῦτο
2401 2738 2540 2789 νοεῖν
2572 2738 2723 2807 ποιῇ,
2755 2735 2869 2789 ἀλλ’
2899 2739 2996 2806 οὐχ
3030 2736 3203 2800 οὕτως
3237 2740 3269 2808 ἡ
3305 2736 3429 2791 θεία
3463 2738 3656 2814 Γραῖα-ὴ

2070 2829 2336 2895 ἐδίδαξεν
2374 2828 2488 2880 ἀλλ’
2523 2827 2738 2891 ἀκούεις
2778 2828 2948 2898 αὐτῆς
2983 2827 3280 2900 λεγούσης’
3324 2830 3420 2882 καὶ
3449 2849 3468 2880 ι
3502 2830 3655 2884 Καθ-

2069 2921 2191 2974 όσον
2259 2922 2552 2990 ἀπέχουσιν
2615 2919 2872 2974 ἀνατολαὶ
2926 2921 3034 2974 ἀπὸ
3100 2919 3352 2992 δυσμῶν,
3396 2921 3656 2977 τοσοῦτον

2071 3015 2331 3086 ἀπέχουσι
2357 3016 2424 3068 τὰ
2455 3016 2788 3087 διανοήματα
2822 3015 2974 3086 ὑμῶν
3003 3016 3110 3068 ἀπὸ
3129 3015 3239 3068 τῶν
3271 3015 3656 3087 διανοημάτων

383 3117 584 3162 νοείτω
607 3123 636 3161 a
662 3109 1087 3178 cogitationibus
1112 3109 1248 3163 meis
1275 3110 1342 3162 ⁸³.
1391 3129 1410 3162 ι
1437 3109 1593 3176 Quod
1620 3110 1666 3164 si
1693 3110 1966 3166 existimat

2074 3125 2195 3178 μου.
2224 3127 2241 3158 ι
2268 3108 2331 3160 Εἰ
2364 3107 2421 3161 δὲ
2452 3107 2662 3179 νομίζει
2692 3109 2955 3179 Εύνόμιος
2987 3107 3300 3180 εὑρηκέναι,
3336 3110 3396 3162 τὸ
3420 3111 3476 3161 τί
3507 3112 3657 3164 ἐστιν

384 3199 690 3254 Eunomius
720 3216 778 3255 se
803 3201 1158 3270 comperisse,
1187 3199 1318 3269 quid
1347 3201 1418 3255 sit
1447 3199 1610 3265 Deus,
1636 3218 1701 3255 ex
1723 3218 1789 3257 co
1817 3204 1964 3272 quod

382 3309 494 3348 non
528 3295 600 3348 sit
630 3293 806 3348 factus
827 3335 840 3358 ,
875 3309 977 3348 nec
1005 3293 1202 3348 haheat
1235 3309 1392 3349 suum
1424 3309 1547 3350 esse
1575 3311 1640 3349 ex
1671 3296 1855 3366 aliquo
1883 3298 1966 3351 fa-

381 3394 555 3452 ctore,
586 3385 734 3440 dicat
761 3402 884 3441 cum
913 3387 1078 3442 etiam
1099 3386 1276 3451 ἄθεον,
1303 3387 1355 3442 id
1377 3395 1480 3452 est,
1510 3405 1527 3436 ι
1554 3387 1759 3458 absque
1783 3387 1909 3453 Deo,
1937 3408 1958 3440 ι

382 3485 444 3532 ut
472 3478 566 3549 qui
600 3476 769 3533 Deum
800 3493 907 3532 non
942 3479 1162 3536 habeat.
1194 3479 1352 3545 Quod
1390 3480 1434 3534 si
1470 3495 1577 3534 non
1610 3481 1736 3536 licet
1768 3481 1840 3534 ita
1885 3481 1966 3536 lo-

381 3572 476 3642 qui
498 3610 513 3635 ,
546 3571 797 3642 quamvis
827 3572 1214 3641 cogitationem
1243 3580 1492 3628 nostram
1523 3575 1754 3640 subeat,
1783 3591 1852 3630 ne
1883 3575 1966 3630 di-

380 3672 538 3717 catur
557 3665 719 3718 etiam
742 3680 852 3717 non
888 3665 1087 3728 factus,
1107 3666 1358 3733 quamvis
1376 3666 1480 3722 hoc
1505 3666 1559 3720 in
1577 3668 1964 3736 cogitationem

381 3766 627 3810 nostram
656 3755 839 3813 cadat.
874 3758 1066 3812 Anam.
1092 3757 1290 3814 Factus
1310 3768 1392 3815 est
1412 3760 1576 3831 igitur
1600 3760 1741 3817 Deus
1760 3761 1960 3818 ῩιΟνιΙι.

380 3846 500 3902 Non
537 3848 714 3904 lactus
742 3859 846 3904 est.
882 3851 1074 3906 Anam.
1122 3851 1263 3922 Ergo
1293 3861 1377 3908 est
1405 3869 1515 3906 non
1546 3852 1768 3910 factus?
1805 3854 1960 3909 Orth.

379 3939 623 3998 Habetne
672 3942 814 3997 Deus
861 3942 1078 3997 Deum?
1124 3945 1312 4000 Anam.
1363 3945 1581 4000 Minime
1618 3947 1836 4015 quidem
1877 3948 1960 4012 is,

379 4035 474 4104 qui
525 4043 608 4090 est
654 4051 766 4089 non
830 4035 1030 4090 factus.
1090 4035 1244 4091 ΟνιΙι.
1301 4035 1398 4094 Est
1446 4039 1614 4109 igitur
1661 4039 1854 4104 ἄθεος,
1907 4040 1969 4094 id‘

379 4134 484 4191 est,
525 4145 542 4178 ι
574 4129 783 4198 absque
805 4127 936 4183 Deo.
971 4149 990 4181 ι
1027 4129 1220 4184 Viden’
1244 4145 1405 4201 ergo,
1447 4147 1612 4201 quant
1653 4133 1882 4202 puerilia
1907 4141 1962 4187 et

378 4220 672 4275 illiberalia
720 4223 832 4275 sint
859 4231 1040 4277 vestra
1071 4223 1308 4293 c0gitata
1333 4223 1355 4277 ?
1384 4223 1751 4290 Quamobrem
1791 4225 1960 4280 vesti-

380 4313 485 4382 giis
525 4322 730 4368 sanctae
779 4313 1077 4386 Scripturaa
1117 4316 1434 4372 insistentes
1457 4357 1471 4380 ,
1501 4314 1752 4370 dicamus
1781 4317 1962 4386 potius

379 4401 629 4467 Patrem,
659 4413 714 4458 et
744 4402 942 4459 Filium
964 4445 978 4469 ,
1013 4413 1067 4460 et
1113 4403 1375 4475 Spiritum
1422 4415 1676 4461 sanctum
1697 4448 1710 4472 ,
1745 4405 1914 4462 Deum
1940 4427 1954 4461 :

2068 3199 2098 3251 6
2125 3199 2278 3264 Θεὸς,
2315 3203 2378 3253 ἐκ
2401 3199 2495 3252 τοῦ
2544 3201 2618 3271 μὴ
2653 3195 2792 3253 εἶναι
2826 3201 2988 3253 αὑτὸν
3027 3201 3250 3270 γενητὸν
3271 3241 3285 3262 ,
3331 3202 3471 3272 μηδὲ
3512 3204 3658 3273 ἔχειν

2067 3293 2469 3363 γενεσιουργὸν,
2511 3291 2717 3361 λεγέτω
2759 3293 2920 3346 αὑτὸν
2967 3295 3059 3345 καὶ
3094 3292 3274 3354 ἄθεον,
3303 3294 3496 3366 ἐπειδὴ
3525 3296 3658 3349 Θεὸν

2066 3385 2166 3437 οὐκ
2190 3383 2324 3454 ἔχει.
2352 3383 2490 3436 Ἀλλ’
2520 3386 2568 3436 εἰ
2593 3385 2667 3456 (9)
2694 3385 2753 3437 ού
2787 3384 2867 3438 δεῖ
2891 3385 3066 3452 λέγειν
3097 3384 3274 3448 τοῦτο,
3309 3386 3414 3439 κᾶν
3453 3388 3657 3442 ὑποπί-

2067 3494 2172 3548 πτῃ
2202 3480 2320 3539 ταῖς
2361 3477 2588 3540 ἐννοίαις
2622 3476 2778 3547 ἡμῶν
2797 3494 2810 3507 ·
2850 3478 2984 3547 μηδὲ
3008 3477 3065 3530 τὸ
3090 3478 3352 3549 ἀγένητον
3384 3479 3658 3548 λεγέσθω,

2066 3569 2171 3623 κᾶν
2189 3569 2470 3640 ὑποπίπτῃ
2495 3571 2612 3632 ταῖς
2629 3569 2857 3632 ἐννοίαις
2877 3569 3051 3640 ἡμῶν.
3073 3571 3269 3638 Ἀνόηιμ
3290 3571 3546 3639 Ἐγένετο
3567 3568 3661 3627 οῦν

2065 3664 2094 3714 ὁ
2125 3662 2290 3726 6εὸς;
2331 3663 2484 3729 Ὄρθ.
2530 3662 2644 3715 υῦκ
2695 3661 2927 3730 ἐγένετο.
2982 3662 3170 3731 Ἀνόμ.
3228 3663 3523 3734 Ἀγένητος
3567 3661 3660 3720 οὖν

2067 3757 2248 3821 ὲστινς
2287 3755 2441 3822 Ὀρθ.
2477 3755 2628 3825 Ἔχει
2672 3753 2805 3807 Θεὸν
2833 3757 2861 3807 ὁ
2896 3755 3058 3820 Θεόςς
3108 3756 3308 3824 Ἀνόμ.
3351 3757 3409 3809 Ὀ
3449 3757 3658 3828 ἀγένη-

2065 3863 2157 3910 τος
2184 3845 2266 3899 ob.
2315 3847 2470 3914 Ὀρθ.
2507 3845 2698 3910 Ἀθεος
2731 3842 2823 3899 οῦν
2859 3849 2996 3900 ἐστι.
3027 3847 3136 3899 Καὶ
3175 3848 3307 3917 ὁρᾷς
3345 3846 3462 3917 (10)
3488 3890 3502 3910 ,
3540 3849 3658 3912 πῶς

2069 3941 2406 4014 μειρακιώδη
2444 3943 2537 3994 καὶ
2567 3940 2947 4012 ἁνδραποίώδη
2981 3943 3118 3996 εἰσὶν
3159 3942 3312 4013 ὑμῶν
3339 3942 3410 3996 τὰ
3440 3943 3660 4016 διανοή-

2069 4051 2247 4106 ματα;
2296 4035 2386 4088 Διὸ
2441 4035 2637 4106 μᾶλλον
2682 4035 3100 4100 ἀκολουθοῦντες
3144 4037 3209 4107 τῆ
3253 4037 3376 4108 θεία
3420 4037 3654 4110 Γραφῇ,

2065 4128 2309 4198 εἴπωμεν
2342 4129 2582 4200 Πατέρα,
2601 4131 2694 4181 καὶ
2726 4131 2872 4192 Υίὸν,
2900 4131 2995 4184 καὶ
3023 4131 3176 4199 ἆγιον
3209 4129 3461 4201 Πνεῦμα,
3484 4132 3651 4186 Θεό-ιι·

2065 4220 2159 4272 καὶ
2185 4221 2245 4272 οὐ
2271 4220 2580 4291 φοϐούμεθα
2614 4223 2742 4293 περὶ
2768 4223 2864 4294 τὴν
2883 4222 3064 4275 πίστιν
3087 4223 3418 4292 ναυαγῆσαι.
3441 4225 3517 4277 Τὸ
3546 4226 3656 4296 γὰρ

2065 4311 2326 4382 ἀγένητον
2358 4311 2573 4382 εῦρεσίς
2611 4315 2758 4366 ἐστιν
2796 4312 2958 4366 ἀετοῦ
2993 4315 3313 4385 πετομένου,
3357 4314 3654 4384 ζητοῦντος

2067 4404 2231 4474 βορὰν
2269 4405 2400 4476 (Η),
2423 4399 2492 4474 ,οὗ
2538 4406 2682 4476 ἴχνος
2730 4407 3119 4478 ὲρηρεισμένον
3158 4408 3256 4477 οὐχ
3298 4407 3650 4477 εὑρίσκεται·

3132 4501 3144 4518 Ι

377 4510 557 4564 neque
578 4495 893 4550 timebimus
913 4537 928 4561 ,
957 4511 1022 4551 ne
1049 4497 1198 4550 circa
1220 4496 1378 4551 fidem
1411 4497 1758 4568 naufragium
1789 4497 1959 4551 facia-

2074 4499 2119 4550 >6
2154 4497 2264 4570 γὰρ
2313 4498 2424 4569 ἔχει
2475 4500 2532 4551 ἐν
2584 4503 2649 4570 τῇ
2687 4499 2898 4571 Γραφῇ,
2944 4493 3004 4553 οὗ
3055 4501 3239 4571 στήσει
3283 4501 3412 4564 τοὺς
3461 4501 3648 4564 πόδας.

378 4602 522 4642 mus.
556 4583 691 4640 Nam
723 4586 854 4640 illud
901 4600 1010 4639 non
1044 4584 1281 4650 factum,
1312 4596 1396 4643 est
1436 4591 1712 4642 inventum
1763 4589 1960 4658 aquilae

375 4680 616 4734 volantis
635 4723 649 4746 ,
673 4680 970 4749 quaerentis
997 4695 1179 4734 escam
1201 4722 1214 4740 ,
1239 4679 1399 4750 cujus
1428 4680 1644 4733 firmum
1668 4681 1959 4751 vestigium

375 4769 608 4824 inveniri
642 4768 832 4838 neqUit
861 4788 874 4822 :
926 4783 1027 4823 nec
1059 4769 1204 4823 enim
1233 4769 1395 4824 habet
1427 4769 1482 4822 in
1515 4767 1797 4839 Scriptura
1818 4810 1832 4832 ,
1865 4770 1957 4824 ubi

375 4859 540 4932 pedes
568 4871 751 4930 ponat.
782 4859 970 4915 Anam.
996 4860 1288 4929 Acceptam
1316 4859 1602 4929 epistolam
1625 4860 1768 4916 Aetii
1800 4859 1918 4932 lege
1939 4901 1954 4926 ,

2079 4591 2275 4660 Ἀνόμ.
2309 4592 2476 4655 Λάϐε,
2516 4591 2789 4660 ἀνάγνωθι
2822 4593 2919 4663 τὴν
2960 4592 3246 4664 ἐπιστολὴν
3297 4594 3534 4656 Ἀετίου,
3560 4595 3652 4647 καὶ

2065 4683 2186 4733 εἰπὲ
2210 4683 2344 4751 πρὸς
2371 4684 2560 4754 αὑτήν.
2604 4683 2757 4750 Ὀρθ.
2788 4685 2960 4747 Αὐτὸς
2973 4683 3277 4756 ἀνάγνωθι.
3297 4684 3501 4752 Ἀνόμ.
3529 4684 3650 4737 Εἰσὶ

2067 4773 2184 4842 μετ’
2231 4772 2402 4843 αὐτῆς
2444 4773 2539 4826 καὶ
2585 4773 2771 4844 σχόλια
2816 4773 3102 4844 Εὑνομίου.
3157 4775 3309 4842 Ὀρθ.
3356 4775 3471 4827 Καὶ
3509 4774 3649 4826 αὐτὰ

2063 4863 2360 4932 ἀνάγνωθι.

372 4964 426 5008 et
451 4956 673 5027 loquere
696 4953 958 5010 adversus
982 4953 1322 5010 illam.0rth.
1347 4952 1429 5010 Tu
1457 4955 1573 5026 ipse
1597 4955 1732 5027 lege.
1758 4957 1951 5012 Anam.
2021 4956 2163 5013 Sunt
2205 4977 2318 5014 una
2357 4977 2484 5016 cum
2528 4975 2592 5016 ea
2636 4959 2893 5018 Eunomii
2935 4977 3157 5034 quoque
3220 4962 3454 5018 scholia.
3491 4961 3646 5018 Orth.

375 5052 519 5123 Ergo
547 5059 602 5108 et
635 5052 728 5107 illa
758 5053 947 5108 recita.

445 5251 492 5283 “
528 5250 690 5310 Joan.
723 5268 814 5320 vt,
851 5253 944 5308 46.
1021 5255 1066 5285 “
1107 5255 1218 5311 lsa.
1255 5270 1325 5309 ιν
1357 5295 1373 5319 ,
1410 5254 1464 5310 8.

446 5431 523 5510 (ἶ)
733 5434 921 5510 Steph.
953 5436 1057 5510 atat
1076 5435 1305 5510 ἀόρατον
1341 5435 1519 5508 ἐαυτῷ
1543 5437 1662 5510 ἀορ.

447 5505 524 5638 γε)
560 5503 702 5558 Edit.
731 5504 919 5576 Steph.
953 5507 1114 5568 male,
1146 5503 1428 5578 ἆγένητον.
1490 5503 1503 5508 ⁷
1612 5503 1623 5510 ⁷

470 5575 523 5638 9)
563 5574 624 5626 Et
655 5577 812 5632 abest
842 5594 874 5631 a
903 5591 1037 5634 mss.
1072 5575 1195 5634 Mox
1217 5578 1391 5634 Palat.
1427 5580 1511 5636 bis
1543 5579 1803 5638 διανοίαις

379 5642 406 5694 ἑ
447 5577 523 5657 (υ)
563 5577 624 5626 Et
655 5577 812 5632 abest
842 5594 874 5631 a
903 5591 1037 5634 mss.
1072 5577 1195 5634 Mox
1217 5577 1391 5634 Palat.
1427 5580 1511 5636 bis
1543 5579 1821 5646 διανοίαις,
1848 5593 1947 5648 pro

409 5657 626 5705 ννοιαις.

2157 5435 2241 5513 l9)
2275 5435 2421 5513 @dit.
2463 5436 2655 5507 Steph.
2693 5436 2792 5513 καί
2813 5434 2976 5507 ὁρῶν.
3273 5501 3286 5513 _
3566 5500 3590 5513 ο

2155 5501 2244 5576 ll)
2276 5507 2368 5561 Sic
2397 5513 2486 5566 ed.
2510 5501 2677 5564 recte.
2700 5501 2874 5561 Palat.
2904 5517 3054 5571 vero,
3080 5501 3408 5574 πεισομένου,
3425 5501 3642 5574 513105!-

2054 5595 2145 5643 τος
2185 5579 2408 5652 sonam
