3862 6204
207 338 347 411 nes

1184 347 1272 403 DE
1312 341 1581 404 SANCTA
1613 339 1989 400 TRINITATE
2026 337 2373 397 DlALOGUS
2408 336 2473 394 ιι.

3303 342 3443 400 ιιοο

276 469 330 524 e.
364 468 588 538 Σχσλια
622 450 1088 538 εὺνδμὶονμσιαι
1125 466 1276 534 πρὸς
1316 463 1468 521 αὐτὰ
1517 464 1704 531 Ὀρθο-

1879 454 2040 527 426
2073 455 2129 510 6.
2171 451 2392 510 Scholia
2426 450 2681 538 Eunomii
2692 459 2799 538 hct
2839 453 3108 521 responsio
3147 450 3446 512 Orthodoxi

880 535 1084 604 δόξου.

284 652 404 706 ’Ότι
433 653 467 723 ή
500 649 715 723 θέλησις
746 651 896 721 καὶὴ
927 648 1178 720 βούλησις
1207 648 1269 702 οὐ
1297 648 1494 702 ταυτὸν
1518 648 1586 718 τῇ
1615 644 1774 716 οὐσίᾳ

211 743 305 798 τοῦ
332 743 466 798 Θεοῦ
486 761 499 773 ·
528 745 562 814 ἡ
599 742 697 814 μὲν
728 742 839 814 γὰρ
861 740 1075 813 Θέλησις
1104 741 1199 795 καὶ
1227 740 1451 813 ἄρχεται
1483 738 1576 792 καὶ
1601 730 1774 791 παύε-

211 853 332 892 ται·
361 838 394 908 ή
419 835 477 889 δὲ
512 836 671 889 οὐσία
704 834 826 888 οὔτε
862 833 1121 905 ἄρχεται,
1159 831 1282 886 οὔτε
1315 831 1543 885 παύεται
1566 848 1579 861 ·
1624 830 1685 883 τὸ
1716 820 1773 882 δὲ

204 929 507 1000 ἀρχόμενον
549 927 642 981 καὶ
674 926 974 996 παυόμενον
1005 924 1085 995 τῷ
1133 925 1266 996 μήτε
1300 922 1586 995 ἀρχομένῳ
1637 922 1775 993 μήτε

206 1020 501 1090 παυομένῳ
533 1019 594 1072 τὸ
634 1018 764 1071 αὐτὸ
804 1014 942 1071 εἶναι
975 1017 1034 1070 οὐ
1069 1016 1311 1070 δύναται.
1350 1016 1459 1067 Καὶ
1503 1013 1698 1078 ἄλλως,
1725 1015 1774 1067 εί

203 1113 401 1167 ταυτὸν
426 1107 494 1183 ἦν
512 1114 577 1183 τῇ
611 1111 767 1182 οὐσίᾳ
796 1110 888 1164 τοῦ
911 1108 1044 1163 Θεοῦ
1079 1111 1112 1180 ή
1144 1108 1414 1179 βούλησις.
1448 1107 1616 1179 ἐχρῆν
1645 1109 1773 1178 μιᾶς

201 1206 387 1271 οὐσίας
420 1204 547 1272 μίαν
581 1200 719 1257 εἶναι
765 1203 859 1256 καὶ
904 1203 1004 1272 τὴν
1036 1201 1257 1270 θέλησιν
1278 1216 1293 1230 ·
1327 1200 1670 1272 εὑρίσκονται
1714 1199 1772 1252 δὲ

203 1298 347 1351 κατὰ
386 1297 485 1367 τὴν
528 1294 873 1349 διδασκαλίαν
918 1293 1025 1347 τῶν
1078 1292 1237 1346 Θείων
1273 1291 1533 1363 Γραφῶν,
1575 1292 1638 1345 οὐ
1677 1292 1775 1363 μία

204 1388 444 1459 θέλησις,
471 1386 605 1441 ἀλλὰ
634 1386 824 1439 πολλαὶ
863 1382 1145 1456 θελήσειςο
1186 1384 1285 1455 τῆς
1321 1383 1546 1455 Γραφῆς
1584 1382 1775 1452 λεγού-

202 1495 339 1552 σης·
382 1499 400 1531 ι
434 1476 637 1543 Πάντα,
685 1480 785 1534 ὅσα
813 1478 1095 1549 ἠθέλησεν,
1144 1477 1392 1548 ἐποίησε*
1419 1497 1438 1530 ι
1468 1476 1637 1529 πολλὰ
1681 1472 1774 1529 οὖν

202 1571 439 1645 ἠθέλησε
468 1573 563 1626 καὶ
587 1572 685 1644 οὐχ
711 1572 790 1625 ἓν.
839 1568 1259 1641 Ἐναργέστερον
1289 1568 1399 1640 (12)
1431 1569 1488 1622 δὲ
1522 1568 1648 1622 ἰδεῖν
1682 1568 1775 1621 ἐπὶ

2555 520 2625 576 ad
2663 520 2781 576 illa.

1946 640 2213 697 Voluntas
2233 656 2345 696 non
2368 640 2511 696 idem
2532 650 2617 696 est
2636 647 2804 715 atque
2824 641 3133 698 substantia
3154 642 3248 700 Dei
3273 663 3287 699 :
3317 659 3446 699 nam

1874 734 2129 788 voluntas
2156 732 2349 803 incipit
2374 741 2429 787 et
2454 732 2696 799 desinit;
2725 733 3037 790 substantia
3065 749 3196 790 vero
3227 750 3330 791 nec
3357 737 3447 791 in-

1875 826 2010 894 cipit
2029 864 2044 889 ,
2074 840 2176 880 nec
2204 824 2430 880 desinit.
2466 821 2523 878 Id
2553 832 2737 879 autem
2757 863 2774 889 ,
2807 825 2953 895 quod
2988 826 3184 896 incipit
3215 835 3270 882 et
3297 828 3448 883 desi-

1874 918 1988 979 nit,
2022 930 2130 970 non
2163 925 2347 985 potest
2386 915 2529 970 idem
2568 931 2692 972 esse
2735 925 2899 987 atque
2928 917 2981 971 id
3002 958 3017 982 ,
3050 919 3197 986 quod
3228 933 3328 974 nec
3361 918 3449 974 in—

1874 1009 2007 1079 cipit
2034 1022 2135 1061 nec
2159 1006 2381 1062 desinit.
2417 1005 2687 1063 Praeterea
2708 1047 2725 1072 ,
2756 1009 2803 1064 si
2850 1011 3102 1066 voluntas
3132 1011 3276 1065 idem
3302 1022 3451 1067 esset

1876 1112 2040 1171 atque
2072 1100 2380 1156 substantia
2410 1098 2542 1163 Dei,
2577 1109 2874 1171 oporteret,
2906 1118 3032 1157 cum
3061 1118 3168 1158 una
3209 1104 3283 1160 sit
3320 1104 3453 1159 sub-

1876 1193 2076 1248 stantia
2098 1233 2114 1258 ,
2140 1205 2302 1245 unam
2329 1205 2453 1247 esse
2481 1192 2814 1247 voluntatem
2845 1210 2859 1246 :
2892 1206 2956 1248 ac
2979 1193 3135 1263 juxta
3164 1208 3450 1250 sacrarum

1876 1282 2202 1339 Litterarum
2233 1281 2540 1336 doctrinam
2563 1322 2579 1346 ,
2616 1298 2728 1337 non
2757 1285 2917 1339 unica
2937 1325 2953 1350 ,
3001 1284 3097 1340 sed
3139 1286 3321 1340 multae
3355 1300 3452 1341 vo—

1876 1376 2118 1431 luntates
2160 1375 2557 1431 inveniuntur:
2591 1389 2718 1429 cum
2758 1375 2983 1440 dicant,
3014 1395 3033 1428 ι
3063 1374 3257 1432 Omnia
3300 1393 3454 1448 qua:-

1877 1482 2096 1537 cunque
2120 1466 2328 1530 voluit,
2366 1464 2497 1523 fecit
2517 1464 2601 1519 “:
2633 1484 2653 1516 ›
2680 1466 2849 1520 multa
2881 1467 3047 1537 igitur
3077 1468 3250 1522 voluit
3275 1507 3291 1531 ,
3336 1483 3453 1525 non

1877 1569 2056 1613 autem
2085 1573 2252 1612 unum
2276 1555 2557 1627 quiddam.
2590 1555 2748 1624 Quod
2772 1557 2935 1613 etiam
2963 1559 3136 1629 magis
3162 1559 3453 1630 perspicuo

1876 1647 2064 1705 videre
2102 1651 2230 1706 licet
2271 1652 2328 1706 in
2371 1650 2560 1706 mundi
2606 1650 2901 1706 creatione.
2933 1648 3120 1705 Voluit
3148 1650 3297 1706 enim
3329 1665 3455 1707 esse

200 1663 303 1735 si}:
332 1664 706 1736 κοσμοποιίας.
737 1661 995 1732 Ἦθέλησε
1019 1660 1129 1733 γὰρ
1160 1656 1297 1714 εἶναι
1316 1661 1409 1715 τὸν
1432 1658 1655 1731 κόσμον,
1683 1662 1778 1714 καὶ¹

201 1755 414 1827 ὑπέστη
449 1754 593 1808 κατὰ
638 1753 734 1825 τήν
767 1752 932 1806 αὐτοῦ
974 1750 1229 1822 θέλησιν,
1281 1752 1376 1805 καὶ
1419 1750 1663 1823 διαμένει
1713 1750 1770 1803 τὸ

1879 1739 2174 1806 mundum,
2203 1748 2259 1795 et
2286 1740 2335 1796 is
2376 1740 2588 1797 exstitit
2635 1749 2797 1811 prout
2832 1741 3036 1804 voluit,
3077 1747 3242 1810 atque
3271 1738 3452 1797 factus

199 1850 509 1919 γενόμενον.
547 1846 710 1901 Ἀλλο
736 1846 793 1900 δέ
833 1848 1040 1918 ὲστινή
1085 1844 1312 1915 διαμονή
1338 1844 1450 1911 (15)
1494 1842 1647 1914 παρὰ
1675 1841 1770 1914 τὴν

1879 1839 2179 1901 permanet.
2205 1830 2368 1886 Aliud
2391 1839 2475 1887 est
2499 1839 2682 1886 autem
2708 1831 2799 1885 illa
2822 1832 3226 1902 perseverantia
3248 1871 3262 1895 ,
3286 1846 3452 1903 quam

200 1940 420 2010 θέλησιν
450 1940 549 2009 τῆς
573 1938 965 2011 δημιουργίας·
1001 1936 1366 2008 ἐπηγγείλατο
1392 1935 1449 1988 δὲ
1487 1935 1580 1988 καὶ
1610 1951 1770 2006 μετα-

1879 1924 2130 1979 voluntas
2185 1922 2459 1979 condendi
2512 1922 2707 1979 illius:
2758 1923 3104 1979 denuntiavit
3153 1939 3285 1979 vero
3334 1922 3455 1980 fore

201 2026 537 2098 σχηματίσαι
572 2016 664 2079 τ’δν
710 2027 931 2096 κόσμον.
977 2026 1221 2096 Θελήσας
1264 2026 1370 2096 ἄρα
1424 2040 1778 2095 μετασχημα-

198 2120 362 2184 τίζει.
395 2119 471 2172 Οὐ
508 2117 669 2189 μόνον
697 2117 755 2171 δὲ
788 2116 1004 2182 πολλαὶ,
1034 2116 1169 2172 ἀλλὰ
1199 2117 1294 2171 καὶ
1315 2117 1561 2188 διάφοροι
1592 2117 1649 2170 αί
1684 2115 1775 2169 Θε-

199 2211 407 2281 λήσεις.
426 2209 685 2281 Ἡθέλησε
707 2209 818 2281 γὰρ
841 2209 936 2264 καὶ
962 2209 1210 2281 οὐρανὸν,
1236 2207 1466 2279 ἠθέλησε
1488 2207 1581 2260 καὶ
1602 2207 1773 2279 ἣλιον,

196 2299 434 2373 ⁴ἠθέλησε
455 2300 550 2355 καὶ
584 2301 709 2371 γῆν.
724 2299 843 2353 Τῶν
862 2300 919 2353 δὲ
955 2299 1082 2371 θελη
1092 2299 1274 2370 μάτων
1296 2297 1566 2369 διαφόρων
1585 2297 1774 2358 όντων,

200 2392 420 2463 ἀνάγκη
448 2391 725 2463 διαφέρειν
757 2393 851 2444 καὶ
877 2390 976 2454 τὰς
1008 2390 1137 2461 περὶ
1165 2388 1342 2443 αὐτῶν
1372 2387 1618 2459 θελήσεις
1637 2404 1652 2418 ·
1683 2388 1778 2441 καὶ

201 2483 301 2536 ἐπὶ
321 2482 427 2536 τῶν
446 2481 650 2553 νοητῶν
675 2481 734 2535 δὲ
759 2478 1041 2541 ὡσαύτως.
1072 2479 1221 2546 Ὀρθ.
1238 2478 1302 2531 Εἰ
1322 2477 1500 2531 τοίνυν
1521 2477 1611 2530 κα)⁴
1636 2472 1778 2529 κατὰ

204 2571 270 2626 σὲ
309 2572 371 2625 οὐ
415 2569 609 2625 ταυτόν
635 2570 753 2623 ἔστι
786 2571 853 2639 τῇ
898 2568 1058 2639 οὐσία
1097 2569 1130 2638 ἠ
1164 2566 1435 2638 βούλησις,
1468 2566 1635 2637 ήγουν
1662 2562 1774 2637 (14)

202 2663 239 2733 ή
264 2660 504 2735 θέλησις,
520 2660 696 2715 πάντα
721 2657 862 2713 δὲτὰ
885 2656 1147 2726 γεγονότα
1168 2654 1261 2709 τοῦ
1280 2654 1583 2727 θελήματος
1610 2651 1774 2707 αὑτοῦ

202 2756 343 2809 εἰσιν
390 2753 545 2825 ἔργα.
574 2751 822 2823 ὁμολόγει
856 2750 947 2805 τὸν
977 2750 1108 2804 Υίδν
1151 2751 1216 2803 ὲκ
1260 2750 1360 2819 τῆς
1394 2747 1608 2810 οὐσίας·
1634 2745 1776 2800 οὕτω

200 2846 317 2919 γὰρ
343 2845 505 2898 αὑτὸν
533 2845 628 2899 καὶ
660 2842 921 2915 μονογενῆ
941 2842 1301 2913 ’ὁμολογήσεις
1319 2833 1380 2893 τὸ
1406 2840 1564 2910 μόνον
1583 2840 1649 2892 ἐκ
1674 2838 1776 2908 τῆς

202 2936 319 3007 (15)
336 2935 523 2999 οὐσίας
544 2934 891 3005 γεγενῆσθαι.
920 2935 983 2987 Εί
1013 2933 1122 3005 γὰρ
1151 2933 1245 2987 xui.
1276 2931 1439 2995 αὐτὸς
1468 2930 1777 3002 βουλήσεως

201 3028 299 3082 καὶ
328 3025 596 3098 θελήσεὼς
619 3028 764 3079 ἐστιν
793 3025 939 3091 Υἱὸς,
964 3026 1064 3078 οὐκ
1092 3024 1207 3078 ἔστι
1230 3021 1539 3094 μονογενὴς,
1564 3021 1774 3075 πολλῶν

200 3115 373 3169 ὅντων
403 3116 511 3168 τῶν
540 3115 683 3169 κατὰ
714 3114 964 3185 βούλησιν
989 3112 1429 3184 ἀποκυηθέντων.
1461 3112 1773 3182 Γέγραπται

1872 2017 2037 2072 etiam
2062 2055 2076 2078 .
2112 2025 2172 2070 ut
2206 2016 2470 2070 mundum
2501 2014 2876 2070 transformet.
2920 2014 3066 2086 Ergo
3104 2015 3253 2086 quia'
3276 2015 3454 2071 voluit

1873 2106 2249 2163 transformat.
2294 2106 2487 2179 Neque
2527 2124 2657 2163 vero
2694 2108 2878 2162 multae
2915 2106 3217 2174 duntaxat,
3261 2122 3453 2163 verum

1872 2199 2037 2255 etiam
2064 2199 2296 2255 diversa:
2322 2209 2451 2255 sunt
2478 2200 2813 2255 voluntates.
2845 2196 3029 2253 Voluit
3046 2200 3193 2253 enim
3213 2198 3415 2253 caelum
3432 2237 3452 2264 ,

1872 2288 2046 2344 voluit
2071 2298 2126 2344 et
2160 2290 2329 2345 solem
2351 2329 2367 2354 ,
2397 2288 2572 2344 voluit
2597 2297 2653 2344 et
2677 2296 2900 2343 terram.
2928 2288 3066 2343 Cum
3096 2296 3277 2343 autem
3309 2288 3452 2351 ista,

1873 2395 1997 2451 quae
2024 2381 2177 2446 vult,
2210 2380 2429 2436 diversa
2454 2381 2566 2436 sint
2590 2421 2605 2444 ,
2630 2394 2857 2437 necesse
2883 2388 2968 2435 est
2989 2378 3209 2434 diflerre
3237 2394 3457 2450 quoque

1874 2473 2191 2529 voluntates
2225 2473 2447 2529 illorum
2481 2472 2845 2529 creandorum
2872 2490 2886 2527 :
2918 2469 3065 2541 quod
3096 2471 3262 2526 etiam
3290 2484 3456 2542 opor-

1874 2572 1953 2619 tet
1990 2565 2061 2619 de
2101 2565 2267 2621 rebus
2299 2603 2314 2629 ,
2363 2579 2486 2636 quae
2526 2571 2711 2619 mente
2749 2563 3137 2633 concipiuntur
3181 2561 3452 2634 accipere.

1877 2656 2030 2713 Orth.
2066 2658 2211 2729 Ergo
2235 2698 2252 2722 ,
2281 2658 2365 2722 si,
2401 2665 2463 2712 ut
2491 2665 2550 2711 tu
2577 2671 2797 2728 quoque
2825 2656 3027 2721 sentis,
3058 2654 3314 2711 voluntas
3342 2669 3454 2709 non

1874 2749 2020 2804 idem
2074 2757 2159 2806 est
2207 2748 2355 2820 quod
2404 2748 2750 2814 substantia,
2805 2754 2861 2803 et
2908 2760 3252 2817 quaecunque
3307 2745 3455 2802 facta

1874 2848 2034 2905 sunt,
2081 2856 2245 2912 opera
2291 2848 2422 2897 sunt
2469 2839 2768 2897 voluntatis
2824 2839 2985 2910 ejus,
3034 2838 3207 2895 fatere
3253 2837 3453 2894 Filium

1873 2947 1997 2989 esse
2022 2947 2088 2988 ex
2120 2934 2242 3002 ejus
2275 2931 2587 2988 substantia
2613 2948 2628 2999 ;
2660 2930 2742 2987 sic
2766 2930 2914 2986 enim
2955 2945 3083 2987 eum
3123 2931 3288 2986 etiam
3328 2930 3458 2985 uni-

1873 3023 2118 3095 genitum
2151 3039 2272 3080 esse
2304 3023 2547 3089 fateare,
2579 3025 2727 3094 quod
2759 3024 2910 3081 solus
2935 3041 3001 3080 ex
3029 3023 3335 3081 substantia
3362 3040 3455 3097 ge-

1873 3116 2024 3170 nitus
2059 3114 2304 3170 sit.Nain
2335 3116 2383 3172 si
2419 3123 2475 3170 et
2513 3116 2631 3186 ipse
2661 3115 2959 3171 voluntatis
2989 3115 3160 3171 Filius
3188 3124 3307 3179 est,
3343 3131 3454 3171 non

198 3209 344 3280 γάρ’
374 3206 701 3279 «Βουληθεὶς
736 3205 1047 3276 ἀπεκύησεν
1085 3206 1234 3276 ἡμᾶς
1264 3203 1407 3276 λόγῳ
1439 3202 1713 3275 ἀληθείας.
1748 3221 1768 3255 ι

1879 3214 1959 3263 est
2002 3207 2354 3279 unigenitus,
2401 3223 2528 3262 cum
2572 3208 2732 3262 multi
2786 3208 2896 3264 sint
2935 3208 3105 3279 geniti
3151 3208 3451 3263 voluntate.

197 3299 402 3355 Πολλα).
426 3299 482 3353 δὲ
513 3299 758 3371 θελήσεις
788 3299 888 3353 οὐκ
924 3296 1081 3363 εἰσιν,
1111 3297 1187 3361 ὠς
1214 3296 1499 3367 ἐνόμισας⁸
1538 3297 1600 3349 οὐ
1632 3295 1764 3367 γὰρ,

195 3378 387 3465 ἐπειδή
418 3392 646 3464 διάφορα
670 3390 739 3445 τὰ
772 3390 1245 3461 δημιουργήματα,
1276 3387 1489 3452 πάντως
1519 3386 1768 3459 διάφοροι

199 3487 297 3541 καί
320 3487 376 3538 αἱ
406 3484 683 3556 θελήσειςο
722 3483 834 3536 ἀλλ’
862 3482 1052 3554 ὥσπερ
1098 3482 1180 3534 ἑνὶ
1217 3480 1481 3551 θελήματι
1534 3480 1767 3551 ποιήσας

193 3577 293 3630 τὸν
332 3576 613 3647 ἄνθρωπον
660 3575 724 3627 ἐκ
760 3573 1028 3644 διαφόρων
1079 3571 1255 3643 μελῶν
1316 3571 1410 3624 καὶ
1445 3570 1627 3641 μερῶν
1671 3586 1770 3623 πε-

196 3666 447 3737 ποίηκεν,
473 3664 804 3736 ὀφθαλμοὺς,
823 3658 957 3729 ῶτα,
993 3667 1164 3737 ῥῖνας,
1190 3662 1402 3736 τρίχας,
1427 3661 1640 3735 ἔντερα,
1669 3662 1765 3715 καὶ

192 3757 467 3828 διαφόρως
491 3756 590 3827 τὴν
614 3754 721 3808 τῶν
746 3755 977 3825 ἐντέρων
1016 3752 1285 3817 σύνθεσιν,
1319 3752 1550 3824 σπλῆνα,
1585 3750 1764 3824 ἧπαρ,

193 3850 451 3920 νεφροὺς,
488 3849 580 3901 καὶ
616 3847 714 3900 ὅσα
742 3848 799 3900 ὲν
833 3847 1001 3916 ἡμῖν’
1030 3844 1173 3899 οὕτω
1205 3846 1300 3899 καὶ
1335 3846 1512 3899 πάντα
1541 3844 1633 3898 τὸν
1671 3843 1765 3896 κό-

196 3956 337 4013 σμον
365 3939 446 3992 ἐν).
466 3936 727 4009 θελήματι
749 3935 1095 4009 δημιουργεῖ.

271 4202 324 4256 7.
368 4202 556 4271 Ἁνόμ.
597 4201 662 4254 Ei
697 4200 896 4272 μείζων
933 4203 963 4253 ό
1010 4201 1200 4275 Πατὴρ
1234 4202 1329 4256 τοῦ
1365 4201 1530 4268 Υίοῦς
1578 4203 1673 4256 καὶ
1720 4174 1768 4257 ἐξ

200 4291 426 4366 μείζων,
462 4291 603 4347 κατὰ
640 4292 695 4346 τί
734 4292 952 4363 μείζων,
983 4293 1209 4364 πότερον
1243 4292 1443 4363 μείζων
1468 4290 1580 4365 (16)
1620 4292 1768 4363 ὄγκῳ

176 4384 473 4456 σώματος,
498 4385 532 4457 ἢ
555 4385 696 4440 κατὰ
718 4386 817 4457 τὴν
843 4385 1002 4454 φύσιν
1025 4384 1121 4456 τῆς
1145 4384 1503 4456 ἀγεννησίαςς
1535 4386 1629 4439 καὶ
1669 4385 1767 4438 πό-

192 4494 356 4548 τερον
382 4477 443 4531 τὺ
463 4477 754 4549 ἀγέννητον
783 4477 894 4549 (l7)
929 4476 1085 4530 οὐσία
1118 4478 1296 4551 ἐστὶν,
1325 4477 1358 4549 ἢ
1393 4477 1545 4532 οὐδέν
1582 4480 1765 4544 ὲστιν;

1878 3296 2156 3369 Scriptum
2189 3308 2276 3354 est
2306 3298 2452 3354 enim
2482 3318 2497 3354 :
2534 3318 2553 3352 (
2585 3298 2792 3355 Volens
2819 3300 3007 3371 genuit
3037 3315 3142 3355 nos
3172 3301 3338 3357 verbo
3363 3315 3456 3354 ve-

1875 3389 2056 3445 ritatis
2078 3389 2148 3445 ".
2180 3413 2198 3443 ι
2232 3389 2355 3446 Non
2385 3399 2517 3446 sunt
2548 3401 2732 3446 autem
2764 3392 2947 3446 multae
2981 3390 3079 3447 Dei
3105 3391 3453 3456 voluntates,

1876 3488 1936 3534 ut
1969 3490 2024 3535 tu
2054 3483 2354 3539 existimas.
2381 3482 2501 3538 Non
2531 3485 2680 3538 enim
2727 3484 2857 3555 quia
2897 3483 3117 3540 diversa
3165 3491 3295 3540 sunt
3334 3484 3456 3554 opi-

1876 3570 2030 3636 ficis,
2064 3573 2297 3630 diversae
2338 3590 2559 3645 quoque
2601 3584 2731 3631 sunt
2777 3576 3121 3631 voluntates:
3164 3575 3259 3631 sed
3308 3575 3455 3631 sicut

1875 3661 2019 3718 Deus
2044 3663 2319 3721 hominem
2347 3664 2512 3720 unica
2536 3665 2818 3721 voluntate
2843 3681 2911 3720 ex
2937 3664 3171 3721 diversis
3193 3666 3456 3720 membris

1874 3762 1931 3808 et
1958 3754 2213 3825 partibus
2254 3755 2502 3813 condens
2523 3796 2539 3822 ,
2579 3756 2713 3812 fecit
2756 3757 2947 3813 oculos
2969 3799 2985 3824 ,
3021 3771 3216 3822 aures,
3252 3772 3454 3822 nares,

1874 3858 2130 3912 comam,
2180 3847 2478 3914 intestina,
2527 3857 2585 3902 et
2626 3848 2777 3903 varie
2825 3847 3089 3902 intestina
3140 3846 3452 3918 disposuit.

1874 3934 2156 4005 splenem,
2204 3936 2397 4007 hepar,
2450 3952 2643 4002 renes,
2688 3946 2745 3993 et
2795 3952 3139 4008 quaecunque
3186 3938 3244 3993 in
3290 3938 3455 3993 nobis

1874 4034 2043 4081 sunt:
2079 4027 2163 4083 sic
2190 4027 2359 4083 etiam
2392 4029 2709 4084 universum
2737 4029 3004 4084 mundum
3049 4028 3214 4084 unica
3254 4029 3456 4095 volun-

1874 4125 1985 4172 tate
2015 4127 2186 4172 creat.

1944 4209 1998 4261 7.
2028 4210 2222 4264 Anam.
2251 4208 2392 4265 Num
2419 4211 2597 4281 major
2620 4219 2705 4267 est
2722 4210 2885 4267 Pater
2904 4209 3084 4264 Filio?
3103 4216 3158 4266 et
3179 4211 3228 4265 si
3251 4210 3453 4281 major,

1873 4300 1931 4354 in
1961 4315 2071 4372 quo
2100 4301 2278 4370 major
2299 4309 2421 4367 est;
2453 4309 2638 4356 utrum
2669 4302 2815 4357 mole
2842 4302 3095 4371 corporis
3128 4300 3324 4372 major,
3357 4311 3455 4354 aut

1876 4403 2071 4447 natura
2095 4393 2423 4464 ἁγεννησίας
2440 4436 2457 4462 ,
2487 4393 2604 4449 sive
2629 4393 2775 4463 quod
2800 4393 2871 4449 sit
2894 4393 3202 4450 nativitatis
3223 4395 3456 4464 expers?

1876 4495 1931 4540 et
1955 4492 2140 4539 utrum
2166 4499 2277 4539 non
2308 4486 2552 4556 genitum
2584 4501 2705 4541 esse
2732 4494 2818 4542 est
2847 4486 3154 4541 substantia
3173 4525 3188 4549 ,
3223 4501 3293 4539 an
3323 4502 3453 4540 vero

209 4570 368 4637 Ὀρθ.
396 4570 612 4633 Μείζων
640 4573 670 4623 ό
696 4570 885 4641 Πατὴρ
920 4567 1014 4622 τοῦ
1041 4568 1170 4622 Υίοῦ
1208 4569 1538 4640 γέγραπται,
1563 4569 1687 4623 οὔτε
1715 4569 1770 4623 δὲ

1879 4577 2014 4631 nihil
2046 4578 2175 4633 est?
2206 4574 2361 4633 Orth.
2399 4577 2673 4634 Scribitur
2697 4576 2859 4634 Pater
2886 4579 3067 4649 major
3103 4593 3228 4635 esse
3269 4576 3449 4634 Filio:

194 4663 369 4734 ὄγκῳ,
402 4661 526 4716 οὔτε
562 4663 760 4734 χρόνῳ,
789 4661 913 4716 οὔτε
947 4661 1125 4731 φύσει,
1156 4662 1269 4716 ἀλλ’
1296 4662 1372 4726 ὡς
1402 4662 1594 4735 Πατὴρ
1637 4661 1768 4716 Υἱοῦ

192 4756 734 4828 ὲνανθρωπήσαντος.
760 4755 858 4808 Διὰ
885 4755 943 4808 δὲ
968 4755 1068 4827 τὴν
1094 4754 1506 4827 ὲνανθρώπησιν
1533 4755 1628 4808 καὶ
1659 4755 1767 4809 τῶν

193 4849 445 4918 ἀγγέλων
462 4847 805 4918 ήλαττῶσθαι
828 4846 989 4900 αὑτὸν
1009 4844 1159 4914 λέγει
1191 4847 1220 4898 ὁ
1265 4846 1602 4912 Ἀπόστολος,
1634 4848 1770 4919 γρά-

194 4957 346 5011 φωνυ
378 4959 398 4992 ι
422 4939 526 4995 Τὸν
555 4940 615 4994 δὲ
647 4939 820 5010 βραχύ
850 4956 902 4992 τι
936 4936 1066 5011 παρ’
1094 4938 1361 5006 ἀγγέλους
1385 4939 1765 5010 ἠλαττωμένον

196 5032 473 5104 βλέπομεν
501 5030 709 5102 Ἰησοῦν
744 5030 833 5084 διὰ
861 5030 922 5083 τὸ
954 5029 1298 5102 πάθηματοῦ
1337 5029 1591 5085 θανάτου.
1622 5050 1640 5082 ι
1665 5032 1765 5084 Δια

191 5124 254 5178 δὲ
289 5122 494 5194 ταύτην
529 5122 626 5194 τὴν
663 5121 1072 5193 ὲνανθρώπησιν
1105 5122 1202 5176 καὶ
1240 5124 1308 5194 τῇ
1336 5124 1526 5196 Μαρίᾳ
1551 5125 1646 5177 καὶ
1691 5122 1769 5193 τῷ

206 5208 410 5287 Ἰωσήφ
424 5214 778 5269 ὑπετάσσετο.
800 5232 819 5264 ‹
829 5209 938 5268 Ἦν
960 5215 1068 5284 γὰρ
1081 5215 1516 5286 ὑποτασσόμενος
1530 5217 1730 5282 αὐτοῖς,
1744 5237 1762 5268 ι

265 5369 313 5402 ⁸⁸
349 5368 494 5425 Psal.
529 5384 696 5433 csur,
730 5370 787 5425 3.
860 5368 904 5402 ⁸⁷
942 5368 1058 5425 Jac.
1093 5385 1133 5437 ι,
1168 5369 1254 5425 18.
1320 5368 1366 5402 ⁸⁸
1404 5369 1570 5428 Hebr.
1602 5387 1662 5436 ιι,
1699 5372 1753 5429 9.

270 5525 385 5597 (l2)
422 5526 856 5598 Ἑνεργέστερον.
893 5526 1022 5583 Mss.
1053 5536 1105 5583 et
1134 5524 1317 5581 Felck.
1348 5528 1565 5583 emend.
1612 5530 1771 5600 ἐναρ-

166 5658 169 5661 ,
192 5596 369 5668 rem
427 5613 476 5651 ν.
547 5596 557 5598 ἡ
747 5596 757 5598 ἡ

269 5613 590 5739 (ll’gfoFelck.
614 5666 672 5720 δέ
702 5684 755 5720 τι
782 5669 815 5739 ἡ
843 5669 993 5737 διαμ.
1021 5667 1195 5723 Palat.
1217 5666 1275 5720 δέ
1295 5683 1376 5722 σοι
1395 5669 1429 5738 ἡ
1458 5667 1509 5724 δ.

268 5737 321 5808 (1
328 5736 384 5809 4)
418 5736 620 5792 Ἠτουν
646 5751 784 5793 mss.

1878 4676 1933 4723 at
1960 4683 2135 4739 neque
2162 4670 2303 4725 mole
2321 4709 2338 4735 ,
2369 4685 2547 4741 neque
2572 4681 2817 4741 tempore
2836 4712 2852 4737 ,
2882 4687 3061 4743 neque
3088 4681 3323 4737 natura,
3353 4671 3453 4727 sed

1877 4768 2147 4830 quatenus
2177 4759 2339 4816 Pater
2365 4772 2451 4819 est
2474 4761 2630 4827 Filii,
2667 4765 2761 4834 qui
2805 4764 3202 4823 humanitatem
3231 4777 3454 4819 assum-

1877 4852 2007 4923 psit.
2031 4850 2260 4922 Propter
2281 4853 2424 4908 hane
2446 4862 2629 4908 autem
2651 4855 2893 4911 hominis
2915 4854 3346 4926 assumptionem
3370 4854 3457 4908 di-

1876 4945 1952 4998 cit
1981 4945 2281 5015 Apostolus
2313 4961 2442 5001 eum
2477 4947 2799 5004 inferiorem
2836 4947 3042 5003 factum
3078 4948 3253 5003 fuisse
3287 4946 3454 5002 etiam

1877 5036 2119 5106 angelis,
2155 5037 2237 5092 sic
2269 5038 2558 5095 scribens:
2591 5058 2611 5091 ι
2639 5039 2778 5096 Eum
2811 5049 2993 5095 autem
3023 5041 3119 5111 qui
3149 5038 3314 5109 paulo
3346 5036 3455 5091 mi-

1877 5142 1979 5182 nor
2007 5129 2188 5184 factus
2217 5131 2426 5202 angelis
2446 5139 2538 5187 est
2556 5171 2573 5195 ,
2600 5135 2881 5188 cernimus
2909 5131 3097 5189 Jesum
3130 5146 3226 5201 per
3255 5129 3453 5184 mortis

1877 5220 2188 5290 passionem
2218 5221 2288 5277 ⁸³.
2317 5241 2337 5274 δ
2363 5220 2596 5294 Propter
2630 5223 2775 5279 hanc
2815 5239 3036 5295 quoque
3072 5222 3313 5278 hominis
3358 5235 3456 5276 as-

1945 5530 2061 5599 (15)
2090 5528 2210 5585 Pal.
2241 5529 2321 5602 τῷ
2342 5532 2616 5656 subvortit
2644 5550 2695 5586 τ.
2729 5529 2864 5602 Reg.
2896 5531 2960 5585 τὸ
2989 5532 3064 5604 μὴ
3096 5531 3281 5603 μόνον.

1950 5600 2065 5656 (16)
2093 5599 2312 5656 Metto»
2380 5612 2495 5656 eest
2523 5619 2578 5656 tn
2612 5619 2746 5656 mss.

1950 5600 2065 5671 (16)
2093 5599 2312 5671 Metto»)
2342 5599 2495 5658 deest
2523 5603 2578 5657 in
2612 5619 2746 5658 mss.

1953 5670 2067 5744 (l7)
2095 5670 2327 5729 Dubium
2350 5688 2421 5728 an
2442 5673 2513 5729 sit
2534 5673 2816 5745 legendum
2839 5675 3063 5749 γενητόν
3090 5684 3142 5731 et
3162 5675 3451 5744 ἀγένητον.
