3862 6204
459 308 590 363 H67

1565 304 1625 360 S.
1665 302 2126 360 ATHANASIUS.
2165 335 2234 346 —
2274 303 2545 361 SPURIA.

3571 309 3711 364 “68

455 421 816 491 sumptionem
846 419 1124 487 subjectus
1148 419 1250 475 fuit
1269 418 1453 475 Mariae
1476 434 1530 474 et
1549 417 1822 491 Josepho:
1855 440 1872 473 ι
1904 423 2004 476 Era

2131 424 2204 486 ὼς
2225 426 2281 477 ὲν
2303 423 2620 494 Εὑαγγελίῳ
2641 422 2972 494 γέγραπται.
3004 423 3202 492 ’Ardp.
3223 422 3380 476 Ἀλλά
3407 423 3571 492 φύσει
3594 422 3706 495 (18)

452 513 597 567 enim
631 511 884 567 subditus
919 513 1029 568 illis
1059 514 1127 577 ",
1164 533 1182 565 ι
1217 521 1274 566 ιιι
1323 513 1377 566 in
1424 512 1717 584 Evangelio
1761 513 2028 582 scriptum

450 609 554 658 est.
602 604 796 657 Anam.
850 601 957 657 Sed
1006 611 1203 657 natura
1256 603 1453 673 major,
1503 603 1714 658 idcirco
1764 604 1909 673 quod
1959 605 2030 658 sit

451 695 783 766 ἀγέννητος,
833 695 947 750 sive
997 711 1105 748 non
1142 695 1394 764 genitus,
1449 705 1604 750 estne
1661 695 1905 765 aliquid,
1958 711 2027 749 an

449 801 585 841 vero
615 787 752 840 nihil
781 794 896 852 est,
929 787 1074 841 sicut
1103 785 1257 855 prius
1286 785 1605 840 dicebamus
1629 787 1651 839 ?
1684 785 1837 841 Orth.
1883 784 2028 838 Nihil

451 888 537 934 est
591 887 834 932 natura:
883 893 985 933 nec
1035 879 1178 933 enim
1230 877 1539 933 substantia
1583 885 1686 933 est.
1744 878 1933 948 itaque
1978 877 2027 931 si

451 970 626 1039 major
653 978 735 1025 est
764 969 948 1034 Pater,
979 984 1045 1024 eo
1086 967 1231 1039 quod
1288 969 1359 1023 sit
1388 984 1496 1023 non
1535 969 1772 1040 genitus,
1813 977 1868 1022 et
1914 983 2023 1023 non

447 1061 690 1132 genitum
737 1076 860 1116 esse
908 1061 1046 1115 nihil
1087 1068 1208 1124 est,
1267 1060 1648 1130 consequitur,
1700 1059 1871 1114 nihilo
1902 1075 2024 1114 esse

446 1151 733 1220 majorem.
776 1150 879 1217 Qui
927 1167 1057 1206 vero
1098 1151 1272 1206 nihilo
1321 1151 1497 1220 major
1524 1161 1640 1214 εει,
1677 1151 1731 1203 in
1764 1151 2022 1205 omnibus

444 1252 530 1300 est
557 1243 801 1313 aequalis.
832 1241 943 1297 Nec
973 1243 1115 1297 enim
1148 1257 1280 1298 sane
1313 1241 1471 1296 Pater
1495 1250 1574 1296 est
1604 1240 1741 1294 Filio
1773 1238 2018 1296 inferior.

445 1339 639 1391 Anam.
683 1334 917 1404 Aiquale
957 1335 1124 1405 igitur
1162 1349 1284 1389 esse
1313 1335 1455 1389 dicis
1502 1349 1609 1388 non
1644 1333 1887 1402 genitum
1911 1373 1927 1398 ,
1969 1334 2018 1388 ei

444 1424 592 1493 quod
626 1425 868 1494 genitum
899 1434 1024 1478 est:
1066 1431 1121 1479 et
1161 1424 1436 1493 quomodo
1484 1439 1650 1477 verax
1692 1423 1890 1488 fuerit,
1923 1424 2019 1493 qui

443 1515 616 1574 dicit.
647 1534 665 1566 ι
698 1513 879 1581 Pater,
927 1515 1021 1584 qui
1067 1515 1217 1569 misit
1256 1531 1376 1579 me,
1424 1515 1600 1584 major
1636 1529 1721 1569 me
1763 1524 1847 1570 est
1873 1515 1919 1545 ⁸ο
1944 1515 1967 1568 ?
1992 1533 2012 1566 ι

445 1604 598 1660 Orlh.
628 1605 746 1660 Non
776 1606 1017 1676 genitum
1049 1620 1205 1670 esse,
1237 1621 1346 1659 non
1373 1615 1457 1660 est
1480 1606 1786 1660 substantia
1821 1606 1876 1660 in
1909 1605 2018 1661 Deo

440 1705 496 1751 et
545 1696 739 1760 Patre,
791 1697 889 1751 sed
938 1696 1150 1750 nullum
1197 1711 1316 1750 esse
1359 1694 1450 1749 Dei
1491 1695 1708 1751 Patrem
1752 1695 2011 1752 ostendit.

2132 513 2337 585 μείζων
2371 514 2514 567 κατά
2561 515 2623 567 τὸ
2652 515 2974 583 ἀγέννητον,
3013 514 3127 567 ἐστι
3175 532 3264 578 τι,
3298 515 3331 585 ἢ
3366 514 3518 567 οὐδέν
3557 517 3702 579 ἐστι,

2130 603 2313 667 καθὼς
2345 603 2710 675 προείπομεν;
2752 607 2902 673 Ὀρθ.
2935 605 3100 658 Οὐδέν
3129 606 3245 658 ἐστι
3279 605 3438 674 φύσει
3458 623 3472 634 ⁸
3502 606 3566 659 οὺ
3601 605 3705 678 γάρ

2127 694 2283 747 οὐσία
2302 694 2468 747 ἐστίν.
2490 696 2552 748 El
2573 695 2747 748 τοίνυν
2767 695 2909 748 κατά
2930 695 2992 748 τὸ
3016 696 3309 766 ἀγέννητον
3331 698 3449 748 ἐστι
3480 697 3704 766 μείζων,

2127 784 2187 837 τὸ
2221 783 2277 837 δὲ
2308 785 2605 855 ἀγέννητον
2637 786 2787 838 οὐδέν
2813 787 2950 848 ἐστι,
2981 789 3098 838 κατ’
3133 786 3284 839 οὐδέν
3318 787 3436 839 ἐστι
3477 787 3702 856 μείζων.

2138 873 2196 927 '0
2228 874 2285 926 δὲ
2311 876 2369 927 έν
2400 875 2587 946 μηδενὶ
2612 875 2812 945 μείζων
2841 876 2979 929 κατά
3011 876 3188 928 πάντα
3227 875 3359 940 ἴσος.
3383 877 3458 929 Οὐ
3501 877 3617 946 γὰρ
3643 877 3705 948 δὴ

2125 966 2153 1017 6
2179 965 2367 1037 Πατὴρ
2387 965 2623 1020 ἐλάττων
2647 967 2742 1020 τοῦ
2769 967 2920 1022 Υίοῦ.
2939 969 3127 1038 Ἀνόμ.
3143 969 3353 1022 Οὐκοῦν
3379 972 3495 1022 ἴσον
3524 969 3705 1038 λέγεις

2124 1056 2184 1109 τὸ
2211 1057 2502 1128 ἀγέννητον
2531 1058 2640 1128 (l9)
2669 1057 2748 1128 τῷ
2780 1059 3082 1130 γεννήματι
3101 1078 3114 1088 ·
3156 1062 3248 1114 καὶ
3279 1061 3396 1124 πῶς
3442 1061 3703 1132 ἀληθεύει

2123 1149 2151 1201 6
2182 1147 2384 1217 λέγων·
2447 1168 2466 1201 ι
2515 1149 2574 1203 '0
2618 1151 2810 1222 Πατὴρ
2857 1153 2885 1204 6
2927 1152 3152 1222 πέμψας
3209 1171 3276 1223 με
3337 1153 3542 1222 μείζων
3600 1157 3700 1223 μού

2123 1239 2305 1305 saw);
2335 1260 2354 1291 ι
2410 1241 2562 1315 Ὄρθ.
2601 1242 2674 1294 Τὸ
2710 1242 3002 1312 ἀγέννητον
3048 1243 3140 1296 ἐπὶ
3183 1243 3318 1296 Θεοῦ
3353 1245 3452 1297 καὶ
3485 1245 3702 1315 Πατρὸς

2121 1329 2278 1383 οὐσία
2323 1331 2422 1384 οὐκ
2467 1331 2647 1396 ἐστιν,
2696 1332 2830 1386 ἀλλά
2872 1333 2967 1386 τοῦ
3024 1335 3100 1406 μὴ
3146 1335 3366 1405 Πατέρα
3416 1335 3564 1406 ἔχειν
3610 1337 3704 1390 τὸν

2121 1421 2253 1475 Θεὸν
2280 1421 2596 1490 δηλωτικόν.
2634 1425 2821 1487 Οὐδεὶς
2861 1425 2919 1478 δὲ
2964 1423 3052 1478 διὰ
3091 1424 3247 1478 τοῦτο
3283 1425 3486 1496 μείζων
3531 1426 3698 1490 τινὸς,

2118 1513 2208 1566 διά
2238 1514 2298 1566 τὸ
2327 1514 2547 1586 Πατέρα
2579 1515 2654 1586 μὴ
2697 1515 2862 1586 ἔχειν.
2899 1516 3033 1570 Οὐδὲ
3057 1517 3163 1588 γὰρ
3194 1519 3221 1569 ὁ
3259 1517 3428 1587 Ἀδὰμ
3473 1518 3692 1589 πατέρα

2118 1605 2296 1677 ἔσχεν,
2332 1604 2455 1658 οὕτε
2482 1608 2514 1677 ή
2550 1604 2696 1660 Εὕα·
2727 1607 2843 1660 ἀλλ’
2873 1607 3025 1676 ὅμως
3061 1608 3201 1661 εἰσὶν
3233 1609 3363 1678 ἡμῖν
3395 1609 3697 1678 ὁμοούσιοι.

2089 1727 2094 1732 -
2119 1696 2244 1760 Πῶς
2271 1696 2326 1750 δὲ
2349 1697 2464 1762 καὶ,
2490 1698 2617 1768 περὶ
2635 1699 2934 1768 ἀγεννήτου
2967 1698 3059 1751 καὶ
3080 1698 3338 1768 γεννητοῦ
3365 1699 3698 1768 φιλοσοφῶν,

439 1784 634 1841 Nullus
667 1795 852 1841 autem
899 1785 1021 1840 ideo
1067 1785 1242 1853 major
1283 1796 1366 1840 est
1398 1786 1650 1854 quopiam
1678 1825 1692 1849 ,
1729 1786 1874 1855 quod
1907 1784 2004 1838 Pa-

2113 1789 2300 1860 ὥσπερ
2328 1789 2814 1861 ἐπιλανθανόμενος
2851 1791 3049 1844 σαυτοῦ
3082 1793 3359 1863 ἐπήγαγες
3375 1793 3453 1845 τό·
3485 1793 3545 1845 Ὁ
3581 1795 3699 1847 Πα-

440 1885 576 1932 trem
607 1893 719 1931 non
737 1877 950 1932 habeat.
977 1876 1113 1930 Nam
1137 1892 1313 1946 neque
1339 1875 1509 1930 Adam
1538 1886 1745 1946 patrem
1784 1877 2006 1941 habuit,

437 1982 613 2037 neque
648 1967 788 2033 Eva,
822 1975 876 2022 et
907 1978 1088 2022 tamen
1122 1976 1250 2022 sunt
1285 1968 1446 2023 nobis
1477 1969 2005 2024 consubstantiales.

2113 1870 2263 1950 τὴρὸ
2295 1881 2518 1951 πέμψας
2549 1898 2616 1952 με
2657 1881 2858 1951 μείζων
2888 1881 2990 1952 μού
3015 1883 3199 1948 ὲστιν;
3232 1902 3250 1934 ι
3290 1883 3436 1935 Ἔδει
3474 1884 3588 1954 γάρ
3639 1901 3701 1936 σε

2116 1970 2314 2041 μᾶλλον
2359 1971 2537 2042 ἑαυτῷ
2582 1972 2976 2026 ἀκολουθοῦντα
3008 1976 3205 2027 εἰπεῖν’
3249 1973 3308 2026 '0
3343 1974 3644 2045 dys'wqto;
3672 1975 3704 2025 6

439 2054 546 2110 Sed
581 2056 857 2127 quomodo
885 2058 1034 2112 inter
1058 2057 1552 2126 philosophandum
1583 2059 1649 2112 dc
1679 2073 1788 2113 non
1823 2059 2004 2128 genito

2112 2062 2334 2134 πέμψας
2369 2081 2436 2133 με
2473 2063 2674 2135 μείζων
2723 2064 2823 2134 μού
2854 2067 3022 2118 ἐστιν.
3062 2065 3202 2118 Ἀλλ’
3243 2065 3302 2118 οὺ
3342 2065 3697 2134 γέγραπται·

436 2155 492 2202 ει
517 2148 704 2216 genito
727 2186 743 2210 ,
773 2147 938 2202 veluti
965 2148 1041 2201 tui
1075 2149 1248 2216 ipsius
1271 2149 1473 2203 oblitus
1497 2149 1777 2218 subjecisti
1803 2168 1815 2202 :
1842 2149 2004 2220 427

2111 2153 2197 2205 διὰ
2229 2153 2387 2206 τοῦτο
2417 2155 2478 2207 οὐ
2511 2154 2690 2222 λέγεις
2720 2155 2920 2219 καλῶς.
2960 2175 2978 2208 ι
3003 2155 3094 2225 Μὴ
3125 2155 3345 2226 σοφίξου
3383 2155 3580 2218 πολλὰ,
3608 2157 3706 2208 ἵνα
3755 2155 3760 2158 ’

439 2257 460 2290 ι
492 2237 672 2304 Pater,
727 2241 822 2308 qui
861 2239 1014 2293 misit
1060 2254 1180 2304 me,
1233 2240 1408 2309 major
1448 2256 1536 2295 me
1578 2242 1704 2296 εειῖ
1728 2261 1746 2294 ι
1773 2239 2003 2311 Oporte-

2112 2243 2186 2314 μὴ
2230 2244 2524 2316 ἐκπλαγῇς.
2565 2264 2584 2296 ι
2637 2247 2711 2299 Οὐ
2749 2246 2856 2318 γὰρ
2889 2242 2941 2300 εἴ
2982 2247 3284 2318 σοφώτερος
3325 2245 3419 2299 τοῦ
3453 2244 3700 2316 Δανιὴλ,

432 2329 526 2382 bat
573 2329 719 2384 enim
759 2339 811 2384 te
849 2329 1068 2398 potius,
1112 2339 1173 2385 ut
1221 2339 1404 2386 tecum
1460 2332 1578 2401 ipse
1626 2335 2000 2397 consentires,

2113 2338 2270 2406 μήτοι
2295 2351 2357 2406 γε
2385 2337 2477 2389 τοῦ
2508 2337 2844 2408 Πνεῦματος,
2871 2337 2965 2391 τοῦ
2993 2337 3212 2410 Πατέρα
3237 2337 3334 2408 μὲν
3354 2335 3699 2401 διδάξαντος,

429 2418 641 2484 dicere,
666 2417 786 2474 Non
823 2420 1038 2490 genitus
1058 2460 1072 2483 ,
1118 2421 1210 2490 qui
1243 2422 1394 2476 misit
1423 2438 1542 2489 me,
1574 2424 1751 2492 major
1783 2439 1870 2479 me
1899 2433 2003 2479 est.

2111 2426 2406 2498 ἀγέννητον
2440 2429 2496 2483 δὲ
2531 2431 2626 2500 μή.

432 2514 539 2567 Sed
564 2514 668 2567 hoc
691 2514 958 2583 scriptum
987 2531 1096 2569 non
1121 2526 1239 2579 est,
1269 2516 1503 2587 ideoque
1530 2525 1677 2572 recte
1703 2533 1815 2573 non
1843 2518 1986 2576 dicis
2014 2539 2028 2574 :
2074 2539 2092 2571 ι
2118 2521 2238 2576 Noli
2265 2525 2494 2578 multum
2527 2533 2806 2601 argutare,
2833 2526 3120 2596 nequando
3144 2525 3519 2582 consterneris
3565 2526 3611 2557 ⁸¹
3672 2542 3695 2574 ι

428 2602 616 2674 Neque
641 2605 787 2659 enim
813 2621 872 2659 es
898 2607 1198 2676 sapientior
1225 2606 1483 2676 Daniele,
1512 2612 1710 2666 nedum
1738 2613 1856 2683 ipso
1883 2611 2121 2684 Spiritu,
2153 2619 2248 2687 qui
2301 2618 2518 2674 Patrem
2585 2620 2804 2691 quidem
2863 2636 2967 2676 nos
3028 2621 3254 2686 docuit,
3290 2636 3398 2674 non
3437 2620 3700 2691 genitum

427 2711 558 2753 761⁵0
586 2715 688 2768 neq
696 2715 796 2769 uaq
807 2715 950 2754 uam.

498 2791 550 2846 8.
590 2792 777 2845 Anam.
839 2792 909 2844 At
956 2791 1004 2847 si
1057 2793 1198 2850 mole
1248 2792 1412 2850 Pater
1455 2804 1541 2851 est
1592 2798 1817 2867 major,
1847 2815 1999 2856 com-

428 2884 642 2954 positus
671 2883 834 2938 fuerit
866 2886 981 2954 ipse
1011 2902 1121 2940 non
1156 2889 1410 2956 genitus,
1463 2893 1716 2959 quamvis
1770 2893 2001 2963 simplex

426 2977 503 3033 sit
528 2991 590 3030 ac
627 2976 808 3047 ﬁgura:
835 2993 1031 3046 expers
1066 2997 1079 3033 ι
1112 2979 1384 3049 siquidem
1429 2982 1600 3037 moles
1655 2991 1738 3037 est
1785 2998 2004 3054 compo-

427 3070 591 3124 situm
626 3078 680 3124 et
710 3068 993 3123 dividuum
1026 3069 1284 3139 quiddam
1321 3087 1334 3123 :
1371 3071 1634 3140 quoniam
1675 3073 1857 3129 omnis
1884 3089 2002 3128 mo-

2175 2798 2229 2853 8.
2283 2799 2478 2866 Ἀνόμ.
2521 2799 2582 2851 Ei
2636 2798 2694 2851 δὲ
2758 2799 2877 2851 κατ’
2941 2799 3101 2867 ὄγκον
3135 2800 3163 2852 6
3215 2799 3404 2870 Πατὴρ
3459 2803 3702 2870 μείζων.

2108 2891 2360 2954 σύνθετος
2398 2889 2550 2942 ἔσται
2579 2890 2607 2941 6
2645 2888 2962 2960 ἀγέννητος,
2997 2891 3201 2962 καίπερ
3243 2891 3444 2954 ἁπλοῦς
3473 2892 3551 2946 ῶν
3598 2897 3706 2949 καὶ

2107 2980 2513 3051 ἀσχημάτιστος
2535 2996 2548 3008 ·
2583 2978 2699 3047 εἴγε
2728 2980 2757 3030 6
2785 2979 2947 3048 ὄγκος
2979 2977 3228 3032 σύνθετον
3260 2980 3353 3032 καὶ
3391 2985 3662 3052 μεριστόν
3681 3001 3702 3014 ·

2109 3074 2219 3135 πᾶς
2253 3069 2362 3142 γὰρ
2400 3069 2562 3138 ὄγκος
2609 3071 2675 3122 ὲκ
2730 3069 2914 3140 μερῶν
2960 3069 3263 3138 σύγκειται,
3293 3071 3382 3123 καὶ
3436 3071 3705 3125 σύνθεσιν

424 3165 506 3220 l'es
534 3179 596 3218 ex
630 3165 880 3234 partibus
913 3170 1149 3229 constat,
1182 3171 1235 3218 et
1267 3165 1502 3234 partium
1551 3167 2002 3236 compositionem

2111 3161 2288 3233 μερῶν
2319 3161 2430 3230 ἔχει
2450 3177 2462 3190 °
2493 3160 2630 3231 ὅπερ
2662 3160 2754 3212 ἐπὶ
2774 3158 2908 3213 Θεοῦ
2941 3158 3088 3228 λέγει
3115 3159 3333 3214 ἄτοπον.
3371 3161 3528 3228 Ὀρθ.
3568 3163 3705 3215 Ἐπὶ

424 3255 630 3311 habet:
662 3254 808 3324 quod
861 3254 929 3308 de
960 3253 1069 3308 Deo
1123 3253 1303 3308 dicere
1341 3255 1641 3309 absurdum
1685 3265 1790 3312 est.
1845 3259 2001 3314 Ortlt.

424 3326 538 3398 Deo
566 3343 1020 3412 compositionem
1071 3349 1124 3396 et
1163 3343 1360 3396 molem
1406 3345 1648 3400 tribuere
1699 3347 2002 3404 absurdum

425 3441 530 3494 est,
596 3446 746 3496 vere,
804 3431 1052 3499 inquam,
1114 3429 1434 3485 absurdum.
1487 3430 1583 3485 Est
1620 3440 1798 3487 autem
1833 3432 2003 3490 Filius

431 3539 671 3596 quoque,
701 3523 786 3576 vel
818 3530 872 3576 te
922 3522 1122 3586 invito,
1161 3520 1304 3578 Deus
1353 3538 1461 3576 non
1494 3526 1850 3593 compositus,
1906 3525 2002 3582 sed

425 3617 654 3686 simplex
715 3624 768 3670 et
810 3630 1006 3684 expers
1035 3613 1220 3684 ﬁgurae
1254 3634 1266 3668 :
1302 3624 1361 3668 ut
1396 3615 1696 3670 absurdum
1745 3617 1816 3670 sit
1847 3633 2001 3672 com-

421 3709 749 3779 positionem
784 3715 878 3760 aut
911 3707 1109 3760 molem
1139 3706 1244 3775 ipsi
1279 3708 1600 3762 atlribuere.
1652 3707 1808 3774 Quod
1844 3710 1890 3762 si
1928 3710 2001 3764 ita

417 3806 524 3863 est,
563 3799 740 3867 majus
769 3812 901 3854 sane
925 3798 980 3850 in
1014 3797 1099 3852 his
1128 3812 1237 3850 non
1268 3800 1650 3868 comperictur.
1689 3799 1808 3869 lpse
1847 3817 1995 3864 vero,

418 3905 581 3960 quem
618 3889 673 3943 in
707 3887 962 3943 confesso
997 3896 1082 3942 est
1136 3888 1490 3956 simplicitate
1530 3897 1583 3944 et
1613 3906 1677 3944 eo
1721 3892 1866 3960 quod
1905 3909 2000 3946 ne-

415 3998 522 4051 que
561 3981 900 4051 compositus
933 3988 1037 4043 cst,
1088 3995 1266 4050 neque
1312 3980 1540 4051 ﬁguram
1574 3982 1758 4045 habet,
1794 3981 2000 4039 deitate

415 4077 650 4146 denique
693 4074 841 4128 Patri
890 4074 1153 4142 aequalem
1213 4088 1367 4138 esse;
1431 4074 1694 4143 majorem
1732 4075 1864 4128 dicit
1896 4074 1998 4128 Pa-

414 4177 577 4232 trem,
609 4182 674 4222 co
703 4166 848 4237 quod
877 4167 1018 4221 servi
1044 4165 1274 4218 formam
1305 4167 1748 4235 assumpserit,et
1777 4164 1994 4220 Patrem

415 4261 669 4314 honorat.
703 4258 892 4327 Itaque
922 4259 1082 4312 audis
1120 4273 1242 4310 eum
1278 4257 1545 4312 dicentem
1577 4277 1588 4311 :
1627 4277 1645 4309 ι
1684 4257 1996 4315 llonoriﬁco

411 4349 652 4411 Patrem,
690 4357 744 4404 et
773 4365 870 4404 vos
917 4349 1288 4403 inhonorastis
1317 4364 1402 4402 me
1426 4349 1472 4380 ⁵³
1504 4367 1516 4403 :
1560 4369 1579 4400 ι
1617 4356 1670 4403 ει
1704 4348 1863 4404 Pater
1905 4352 1996 4404 ho-

411 4428 572 4494 norat
598 4440 817 4505 Filium,
865 4456 1024 4510 quem
1076 4439 1142 4492 ad
1173 4438 1452 4493 dexteram
1486 4455 1641 4494 suam
1677 4441 1989 4506 collocavit,

2105 3251 2240 3307 Θεοῦ
2270 3251 2380 3322 (20)
2419 3251 2597 3320 λέγειν
2628 3249 2875 3304 σύνθεσιν
2912 3253 3002 3304 καὶ
3035 3251 3197 3320 ὄγκον
3223 3252 3442 3316 ἄτοπον,
3470 3253 3705 3322 ἀληθῶς

2101 3343 2168 3414 δὴ
2190 3343 2413 3397 ἄτοπον.
2455 3343 2588 3406 Θεὸς
2613 3342 2692 3406 δὲ,
2720 3340 2823 3395 κᾶν
2851 3341 2926 3412 μὴ
2949 3341 3130 3412 θέλῃς,
3161 3345 3189 3395 6
3218 3342 3364 3406 Υἱὸς,
3391 3341 3700 3408 ἀσύνθετος

2103 3437 2196 3489 καὶ
2219 3434 2424 3499 ἁπλοῦς
2453 3435 2546 3488 καὶ
2572 3433 2980 3504 ἀσχημάτιστος
3005 3435 3100 3486 καὶ
3135 3433 3297 3496 αὑτός
3317 3449 3330 3461 ·
3362 3434 3458 3486 καὶ
3490 3432 3698 3486 σύνθε-

2103 3544 2187 3581 σιν
2216 3527 2391 3595 λέγειν
2429 3528 2523 3580 καὶ
2551 3527 2713 3596 ὄγκον
2755 3527 2841 3579 ἐπ’
2868 3525 3030 3579 αὑτοῦ
3063 3527 3282 3579 ἄτοπον.
3323 3525 3385 3576 Εἰ
3420 3525 3478 3578 δὲ
3505 3525 3694 3588 τοῦτο,

2101 3619 2162 3672 τὺ
2195 3620 2375 3689 μεῖζον
2404 3619 2513 3689 ἄρα
2536 3621 2595 3672 ὲν
2624 3618 2829 3681 τούτοις
2861 3618 2957 3687 οὐχ
2985 3617 3358 3688 εὑρεθήσεται.
3403 3616 3497 3677 Ἐν
3527 3617 3587 3671 δὲ
3613 3618 3694 3687 τῷ

2102 3711 2256 3782 ἁπλῷ
2281 3713 2374 3765 καὶ
2399 3711 2672 3781 ἀσυνθέτῳ
2703 3712 2795 3764 καὶ
2837 3709 3227 3780 ἀσχηματίστῳ
3262 3710 3359 3761 καὶ
3407 3707 3538 3778 θείῳ
3575 3709 3691 3772 ἴσος

2100 3801 2472 3874 ὁμολογηθεὶς,
2501 3801 2720 3873 μείζονα
2745 3801 2836 3853 τὸν
2864 3800 3080 3870 Πατέρα
3103 3799 3270 3867 λέγει,
3310 3799 3529 3869 μορφὴν
3565 3799 3690 3852 δού-

2099 3891 2192 3944 λου
2214 3891 2412 3956 λαϐὼν,
2454 3894 2549 3945 καὶ
2577 3892 2746 3963 τιμῶν
2789 3891 2880 3944 τὸν
2919 3891 3114 3944 ἑαυτοῦ
3159 3891 3396 3961 Πατέρα.
3435 3892 3688 3953 Ἀκούεις

2098 3984 2226 4051 γοῦν
2258 3984 2421 4036 αὐτοῦ
2447 3983 2690 4052 λέγοντος
2712 3999 2724 4011 ·
2760 4001 2778 4034 ι
2827 3983 2964 4035 Ἀλλ’
2994 3981 3103 4050 ἐγὼ
3128 3982 3239 4051 (9.1)
3283 3979 3426 4050 τιμῶ
3453 3982 3546 4033 τὸν
3573 3981 3686 4035 Πα-

2099 4076 2251 4146 τέρα,
2277 4076 2432 4146 ὑμεῖς
2455 4075 2510 4128 δὲ
2529 4074 2821 4146 ἀτιμάζετέ
2858 4091 2954 4145 με·
2998 4062 3018 4126 ἰ
3069 4076 3183 4134 καὶ,
3221 4074 3278 4126 Ὁ
3312 4073 3503 4142 Πατὴρ
3548 4075 3688 4142 τιμᾷ.

2096 4168 2186 4222 τὸν
2210 4169 2355 4229 Υίὸν,
2380 4168 2607 4232 καθίσας
2633 4169 2794 4222 αὑτὸν
2817 4169 2880 4220 ὲκ
2909 4167 3117 4232 δεξιῶν,
3143 4166 3238 4219 καὶ
3270 4165 3481 4226 πάντας
3499 4164 3688 4216 ἕλκων

2097 4263 2236 4334 πρὸς
2265 4264 2459 4317 αὐτόν..
2483 4264 2640 4332 Λέγει
2661 4261 2767 4335 γὰρ
2799 4263 2958 4327 αὐτὸς
2987 4264 3014 4315 6
3039 4263 3167 4324 Υἱός
3187 4276 3200 4291 ·
3244 4279 3262 4311 ι
3295 4258 3486 4318 Οὐδεὶς
3519 4258 3686 4328 ἔρχε-

2095 4369 2186 4406 ται
2214 4354 2350 4422 πρὸς
2387 4354 2474 4422 μὲ,
2503 4353 2596 4406 ὲάν
2637 4355 2711 4424 μὴ
2731 4354 2758 4405 6
2786 4353 2976 4424 Πατὴρ
3001 4355 3030 4406 6
3053 4352 3301 4424 οὐράνιος
3331 4348 3538 4422 ἑλκύσῃ
3581 4351 3684 4402 αὺ-

2096 4445 2189 4498 τὸν
2220 4446 2357 4516 πρὸς
2391 4446 2482 4516 μέ.
2529 4465 2547 4498 ι

413 4546 467 4590 ει
499 4536 565 4588 ad
590 4550 751 4604 quem
782 4549 972 4587 omnes
993 4534 1180 4587 trahit.
1233 4533 1372 4587 Dicit
1398 4534 1543 4588 enim
1575 4533 1746 4590 Filius
1785 4554 1797 4589 :
1843 4555 1862 4586 ε
1893 4535 2066 4594 Nemo
2099 4541 2249 4595 venit
2279 4540 2346 4594 ad
2414 4557 2520 4607 me,
2566 4541 2672 4598 nisi
2729 4539 2890 4598 Pater
2940 4557 3097 4599 meus
3160 4543 3388 4597 traxerit
3423 4554 3554 4597 eum
3607 4537 3683 4590 ad

413 4627 583 4683 me”.
620 4645 669 4703 ι⁵

478 4725 532 4781 9.
570 4724 757 4776 Anam.
795 4719 1084 4785 Przeterea,
1129 4722 1178 4775 si
1203 4737 1311 4777 non
1345 4724 1585 4792 genitum
1635 4731 1720 4778 est
1754 4723 1982 4797 aliquid,

2159 4722 2212 4777 9.
2267 4721 2463 4790 Ἀνόμ.
2504 4720 2712 4783 ’Ἄλλως
2749 4720 2828 4782 δὲ,
2868 4719 2916 4771 εἰ
2950 4719 3064 4772 ἔστι
3097 4736 3149 4772 τι
3191 4719 3252 4771 τὺ
3285 4719 3605 4789 ἀγέννητον,
3639 4723 3683 4792 ἢ

411 4817 515 4872 hoc
545 4816 630 4870 vel
662 4822 744 4868 est
777 4821 946 4866 totum
980 4811 1216 4880 vel-pars
1252 4830 1264 4864 :
1298 4812 1344 4866 si
1375 4827 1502 4882 pars
1548 4821 1652 4877 est,
1690 4811 1831 4870 Deus
1881 4813 1987 4868 erit

410 4910 515 4964 sibi
543 4907 647 4979 ipsi
704 4905 1022 4970 dissimilis;
1074 4905 1342 4974 siquidem
1400 4921 1508 4959 una
1558 4906 1678 4974 ejus
1730 4922 1858 4977 pars
1901 4917 1986 4963 est

407 5015 518 5054 non
547 4997 753 5068 genita,
782 4997 954 5051 altera
981 5011 1112 5051 vero
1134 4997 1338 5066 genita.
1383 4997 1453 5050 At
1483 4997 1527 5051 si
1554 5006 1667 5051 tota
1701 4997 1822 5066 ejus
1884 5015 1985 5052 na-

406 5101 530 5145 tura
557 5099 641 5147 est
671 5107 778 5145 non
812 5089 1015 5160 genita,
1055 5095 1110 5144 et
1163 5087 1323 5143 Pater
1375 5088 1598 5143 omnino
1638 5089 1832 5159 major,
1865 5099 1979 5144 sta-

406 5183 501 5234 tim
531 5197 596 5237 eo
649 5180 843 5236 recidit
871 5196 979 5243 res,
1020 5187 1080 5234 ut
1105 5180 1330 5235 alterius
1374 5195 1438 5233 ac
1467 5181 1700 5236 diversaa
1742 5181 1814 5236 sit
1852 5183 1982 5236 sub-

405 5275 636 5327 stantiae.
679 5271 835 5338 Nam,
875 5272 921 5328 si
950 5279 1064 5327 tota
1098 5270 1277 5327 Patris
1299 5271 1606 5326 substantia
1632 5279 1717 5326 est
1747 5287 1858 5326 non
1887 5287 1980 5342 ge-

2090 4813 2208 4866 ὂλον
2243 4809 2544 4864 ἐπὶτοῦτο
2588 4809 2621 4880 ἢ
2668 4809 2862 4880 μέρος’
2907 4808 3023 4862 ἀλλ’
3064 4809 3112 4861 εἰ
3147 4810 3246 4879 μὲν
3280 4809 3467 4879 μέρος,
3504 4811 3683 4865 πάλιν

2089 4904 2282 4959 ἑαυτοῦ
2334 4906 2479 4956 ἐστιν
2531 4902 2814 4972 ἀνόμοιοςο
2875 4903 2989 4971 εῐγε
3037 4901 3097 4955 τὸ
3145 4902 3241 4971 μὲν
3275 4902 3438 4972 μέρος
3501 4903 3682 4957 αὐτοῦ

2087 4997 2399 5068 ἀγέννητον,
2434 4995 2494 5048 τὸ
2525 4995 2583 5048 δὲ
2617 4994 2744 5048 ἄλλο
2773 4995 2869 5064 μή.
2902 4995 2965 5047 Εἰ
2995 4994 3052 5047 δὲ
3098 4994 3193 5064 ὅλη
3241 4997 3273 5063 ἡ
3316 4994 3477 5062 φύσις
3510 4996 3682 5062 ἀγέν-

2087 5106 2265 5159 νητος,
2301 5087 2527 5140 καθόλου
2560 5087 2616 5139 δὲ
2667 5086 2864 5156 μείζων
2895 5088 2924 5138 6
2975 5085 3185 5156 Πατὴρ,
3235 5084 3395 5146 εὐθὺς
3443 5086 3541 5138 ἐπὶ
3571 5087 3682 5158 τὴν

2087 5181 2443 5252 παραλλαγὴν
2471 5181 2567 5250 τῆς
2595 5179 2782 5242 οὐσίας
2803 5179 2940 5241 ὅλως
2968 5179 3244 5233 ἐκπίπτει.
3274 5178 3339 5230 Εἰ
3366 5177 3476 5248 γάρ
3510 5180 3546 5248 ἡ
3581 5180 3683 5232 οὐ-

2089 5270 2178 5324 σία
2212 5270 2305 5341 ὄλη
2340 5270 2651 5340 ἀγέννητος,
2681 5271 2775 5324 καὶ
2810 5269 2963 5323 οὐδὲν
2991 5269 3076 5321 ἐπ’
3107 5269 3242 5340 αὐτῇ
3280 5269 3448 5339 μέρος
3470 5286 3674 5339 γεννη-

475 5427 520 5460 ⁶⁹
558 5427 692 5484 Luc.
728 5445 801 5495 ιι,
837 5429 927 5484 51.
999 5430 1048 5462 ⁸⁸
1084 5424 1240 5484 Joan.
1275 5444 1386 5491 xw,
1421 5427 1511 5482 28.
1586 5427 1632 5459 τι
1671 5425 1850 5482 Eccle.
1886 5440 1995 5492 vn,

2111 5466 2120 5479 .
2195 5426 2239 5458 ⁸³
2278 5424 2436 5481 Joan.
2475 5439 2604 5492 vm,
2640 5421 2730 5478 49.
2807 5423 2856 5455 ⁸⁸
2891 5421 3052 5477 Joan.
3087 5438 3164 5487 vr,
3216 5420 3308 5476 44.

461 5582 590 5666 ’(18)
627 5583 741 5638 Pal.
802 5583 941 5666 Ἀλλ’
974 5585 1022 5637 ει
1077 5583 1257 5654 φύσει.
1313 5581 1449 5657 Reg.
1507 5589 1561 5639 et
1594 5577 1774 5640 Felck.
1819 5579 1978 5638 Ἀλλά

407 5669 590 5723 φυσιν.

481 5722 589 5793 (19)
617 5721 748 5778 Mss.
774 5723 865 5778 τὸν
894 5723 1171 5794 γεννητόν.

2156 5578 2281 5668 (ξε),
2300 5577 2418 5668 Ρδε).
2446 5579 2510 5632 Et
2543 5577 2635 5631 ἐπὶ
2661 5577 2815 5630 Θεοῦ.
2861 5573 2985 5630 Mox
3010 5571 3192 5630 Felck.
3221 5581 3276 5631 et
3303 5572 3438 5632 edit.
3467 5569 3677 5643 Steph.

2085 5649 2302 5720 ἀληθῶς
2327 5649 2407 5702 δέ.

2158 5719 2270 5792 (2!)
2300 5717 2472 5775 Palat.
2511 5718 2761 5790 λέγοντος
2781 5735 2794 5748 ·
2843 5715 2967 5771 Ἐὰν
2995 5713 3107 5785 ἐγώ
