3862 6204
163 350 303 408 nea
1149 346 1238 404 DE
1281 347 1558 404 SANCTA
1593 345 1972 404 TRINITATE
2009 345 2354 404 DIALOGUS
2383 332 2460 404 ιι.
3290 344 3430 403 mo

163 469 272 531 τὸν,
306 461 447 520 κατὰ
478 462 536 517 δὲ
564 462 623 518 τὺ
662 461 956 535 ἀγέννητον
995 461 1268 534 ἀνόμοιος,
1296 461 1423 517 ’καθ’
1455 462 1585 535 ὃλην
1630 463 1740 534 ἄρα

1850 463 1982 526 nita,
2008 475 2110 517 nec
2145 461 2255 516 ulla
2287 460 2408 530 ejus
2445 473 2575 530 pars
2602 457 2785 529 genita
2815 463 2920 526 est,
2978 457 3154 518 Filius
3186 477 3316 518 vero
3341 469 3429 518 est

115 611 131 642 δ
163 559 256 628 τὴν
278 556 466 610 οὐσίαν
496 556 768 626 ἀνόμοιος.
799 553 923 618 Πῶς
947 548 1039 608 οὖν
1063 553 1262 622 λέγεις,
1289 551 1428 624 πλὴν
1457 553 1554 624 τῆς
1583 553 1742 621 ἀγεν-

1850 553 1950 624 ipsi
1975 554 2026 606 in
2054 568 2120 608 eo
2147 552 2456 614 dissimilis,
2487 549 2633 620 quod
2669 549 2761 604 ille
2785 565 2894 603 non
2921 551 2992 604 sit
3028 553 3268 622 genitus,
3303 567 3431 606 con-

121 645 373 719 ἱνησῖας.
401 650 459 701 ἒν
491 647 546 700 δὲ
592 645 669 717 τῷ
705 645 948 716 γεννητῷ
999 645 1110 716 ἔχει
1152 645 1252 716 τὴν
1294 643 1568 716 ὑπεροχὴν
1601 642 1742 697 κατὰ

1850 645 2101 714 sequitur
2149 659 2273 698 eum
2327 643 2494 698 totius
2545 641 2798 697 essentia;
2835 643 3048 698 ratione
3101 660 3224 700 esse
3278 643 3428 699 Patri

157 741 254 793 τοῦ
282 739 408 793 Υἱοῦ
430 756 444 804 ;
470 740 543 791 Τὸ
571 739 628 792 δὲ
657 738 950 808 ἀγέννητον
975 737 1128 790 οὐδὲν
1157 737 1307 790 ἔσται
1336 734 1428 790 τοῦ
1460 733 1590 788 Υίοῦ
1629 736 1745 806 μεῖ-

157 831 273 896 ζον,
307 832 444 901 ὅπερ
478 831 581 894 ἔξω
614 831 746 898 φασὶ
789 830 901 901 (22)
926 831 1039 902 τῆς
1063 829 1250 893 οὐσίας
1281 828 1376 882 τοῦ
1410 827 1642 898 Πατρός.
1680 827 1744 880 Εἰ

159 922 218 974 δὲ
253 923 285 991 ἡ
322 922 562 992 ὑπεροχὴ
596 920 700 986 ἔξω
742 922 840 991 τῆς
873 921 1059 986 οὐσίας
1091 920 1183 973 τοῦ
1219 918 1452 990 Πατρδς,
1483 919 1516 989 ἡ
1565 917 1743 987 ἰσότης

161 1015 221 1064 ὲν
248 1015 313 1083 τῇ
342 1011 498 1083 οὐσίᾳ
548 1012 684 1066 ἐστί.
722 1013 921 1077 Μεῖζον
959 1012 1017 1065 δέ
1061 1013 1175 1064 ἐστι
1203 1012 1264 1064 τὸ
1315 1012 1606 1080 ἀγέννητον
1649 1007 1744 1061 τοῦ

162 1103 319 1165 Υίοῦ,
343 1105 481 1176 ὅπερ
512 1105 676 1157 πᾶσιν
706 1104 884 1158 οὐδέν’
910 1104 1006 1157 καὶ
1029 1102 1091 1156 τὸ
1123 1102 1235 1156 ἴσον
1254 1103 1313 1155 ὲν
1333 1102 1410 1172 τῷ
1433 1100 1547 1171 Υίῷ
1570 1100 1742 1163 ἔσται,

163 1195 344 1248 ἐκεῖνο
376 1196 473 1265 μὲν
507 1194 798 1264 ἀγέννητον
825 1194 960 1265 (25),
995 1195 1168 1248 ταῦτα
1205 1193 1262 1247 δὲ
1287 1191 1541 1263 γεννητόα
1585 1194 1740 1259 Ὀρθ.

178 1285 422 1358 Ἀρπάζε
433 1304 479 1338 ιν
505 1287 588 1339 δεῖ
625 1287 684 1338 οὐ
712 1285 780 1340 τά
809 1286 1051 1356 ἄγραφα,
1087 1284 1222 1337 ἀλλά
1246 1283 1344 1354 τὴν
1369 1283 1476 1336 τῶν
1501 1281 1745 1353 οὐρανῶν

165 1377 464 1447 βασιλείαν.
503 1377 568 1430 Τί
601 1372 693 1430 οὖν
733 1378 798 1431 σὺ
840 1377 1107 1448 ἀρπάςεις
1136 1376 1164 1428 ὃ
1210 1374 1332 1428 οὐτε
1375 1377 1408 1446 ή
1441 1375 1629 1446 Γραφή
1664 1391 1746 1427 σοι

161 1469 399 1532 δίδωσιν,
455 1467 577 1521 οὐτε
614 1471 810 1539 ἡμεῖς;
855 1469 1043 1531 Οὐδεὶς
1083 1468 1190 1538 γὰρ
1240 1466 1395 1538 ἡμῶν
1430 1484 1512 1520 σοι
1561 1467 1746 1520 δίδωσι

163 1560 306 1613 κατὰ
336 1559 398 1612 τὸ
428 1558 719 1630 ἀγέννητον
759 1559 979 1629 μείζονα
1014 1559 1104 1612 τὸν
1143 1558 1382 1630 Πατέρα.
1418 1557 1550 1611 Οὐδὲ
1573 1557 1680 1629 γὰρ
1718 1559 1748 1611 6

164 1649 294 1713 Υἱὸς
331 1647 506 1704 εἶπεν·
559 1651 616 1704 '0
659 1651 954 1720 ἀγέννητος
986 1651 1182 1721 μείζων
1222 1649 1322 1722 μού
1355 1653 1520 1713 ἐστιν,
1557 1649 1668 1702 ἀλλ’
1717 1650 1746 1700 6

160 1741 373 1812 Πατὴρ,
426 1743 560 1813 πρὸς
604 1741 664 1794 6v
697 1742 1021 1812 πορεύεσθαι
1053 1741 1264 1812 ἔμελλε.
1312 1743 1476 1810 Λέγει
1503 1742 1611 1813 γάρ
1656 1740 1746 1794 οὓ-

1845 735 2192 790 dissimilem.
2235 733 2376 800 Quid
2409 733 2490 788 ais
2521 733 2708 803 igitur,
2738 743 3099 804 praeterquam
3132 735 3276 804 quod
3319 750 3426 789 non

1845 829 1918 884 sit
1971 829 2208 898 genitus,
2268 833 2323 882 et
2383 827 2437 881 in
2486 841 2552 881 eo
2580 826 2726 894 quod
2773 827 2844 881 sit
2875 841 2982 880 non
3013 828 3250 898 genitus,
3292 827 3428 881 Filio

1846 922 2194 991 praecellere?
2239 920 2308 974 At
2359 935 2470 974 non
2525 919 2768 989 genitum
2814 918 2986 973 nihilo
3059 917 3200 974 Filio
3247 920 3427 988 majus

1844 1013 1970 1076 erit,
2001 1011 2147 1080 quod
2180 1019 2334 1066 extra
2370 1010 2550 1064 Patris
2599 1008 2894 1066 essentiam
2915 1009 3151 1066 dicatur.
3188 1010 3346 1077 Quod
3380 1013 3426 1067 si

1847 1104 1962 1173 ipsa
1981 1104 2307 1159 excellentia
2324 1110 2482 1157 extra
2503 1100 2684 1156 Patris
2707 1101 3070 1156 substantiam
3088 1109 3194 1164 est,
3244 1117 3430 1172 aequa-

1846 1194 1972 1250 litas
1987 1196 2041 1249 in
2060 1197 2179 1266 ipsa
2195 1194 2501 1250 substantia
2523 1202 2629 1248 est.
2663 1194 2772 1248 Sed
2793 1193 2973 1263 majus
2993 1192 3251 1259 estFilio,
3279 1194 3426 1265 quod

1847 1287 2090 1358 genitum
2132 1302 2242 1342 non
2276 1294 2383 1341 est.
2420 1285 2487 1339 Et
2539 1285 2823 1355 aequalitas
2862 1286 2917 1339 in
2954 1285 3095 1342 Filio
3134 1289 3238 1343 erit
3292 1288 3428 1343 illud

1847 1377 2066 1448 quidem
2089 1393 2197 1432 non
2230 1378 2494 1448 genitum,
2535 1391 2659 1430 cum
2693 1377 2808 1430 haec
2847 1379 2960 1431 sint
2998 1379 3203 1447 genita.
3266 1379 3424 1435 Orth.

1844 1468 2100 1537 Arripere
2127 1483 2238 1522 non
2270 1469 2444 1534 decet,
2478 1484 2601 1538 quae
2633 1470 2839 1539 scripta
2881 1485 2988 1524 non
3035 1477 3196 1536 sunt,
3231 1470 3326 1526 sed
3348 1486 3434 1525 re-

1848 1573 2012 1628 gnum
2045 1559 2328 1612 cmlorum.
2354 1557 2626 1624 Quorsum
2651 1558 2817 1627 igitur
2839 1559 3055 1628 arripis,
3076 1558 3222 1628 quod
3253 1573 3430 1629 neque

1850 1650 2151 1720 Scriptura,
2181 1666 2358 1720 neque
2389 1666 2489 1705 nos
2522 1651 2760 1705 damus?
2783 1649 2976 1706 Nullus
3003 1653 3147 1705 enim
3173 1659 3427 1705 nostrum

1847 1742 1947 1795 tibi
1973 1741 2224 1796 concedit
2251 1741 2468 1796 Patrem
2501 1757 2625 1798 esse
2657 1743 2944 1812 majorem,
2995 1743 3116 1797 ideo
3162 1743 3306 1812 quod
3354 1743 3428 1798 sit

163 1849 306 1894 τως·
361 1850 380 1882 ι
419 1832 480 1885 El
514 1832 622 1902 γὰρ
651 1834 899 1902 ἠγαπᾶτέ
943 1851 1032 1904 με,
1069 1835 1303 1905 ἐχάρητε
1337 1834 1426 1896 ἂν,
1468 1829 1742 1897 ὃτιεῖπον,

1850 1831 2272 1903 ingenitus.Nec
2301 1833 2448 1888 enim
2473 1831 2648 1889 Filius
2676 1833 2840 1888 dicit:
2869 1831 2974 1898 Qui
3010 1839 3096 1887 est
3129 1833 3424 1902 ingenitus,

162 1921 476 1993 Πορεύομαι
511 1923 646 1993 πρὸς
673 1924 763 1976 τὸν
788 1924 1005 1995 Πατέρα
1023 1943 1036 1955 ’
1069 1926 1098 1977 ὁ
1127 1925 1236 1996 γάρ
1264 1926 1453 1996 Πατήρ
1484 1941 1587 1995 μου
1618 1924 1741 1993 μεί-

158 2012 275 2074 ζων
315 2011 415 2081 μού
466 2013 603 2065 ἐστι.
658 2032 675 2063 ι
734 2013 1028 2084 Πορεύεται
1066 2013 1142 2076 δὲ,
1177 2013 1253 2076 ὼς
1297 2012 1508 2084 μορφὴν
1551 2012 1738 2065 δούλου

161 2103 376 2157 λαϐώνο
415 2105 490 2168 ὡς
528 2106 585 2157 δὲ
615 2105 766 2168 Θεὸς,
816 2107 874 2156 ὲν
920 2105 1070 2176 αὐτῷ
1100 2106 1190 2158 τὸν
1228 2105 1448 2176 Πατέρα
1489 2104 1620 2175 ἔχει,
1653 2104 1741 2157 λέ-

157 2209 312 2263 γων’
352 2213 371 2246 t
423 2193 564 2262 Ἐγὼ
596 2195 653 2248 ὲν
686 2194 762 2265 τῷ
803 2196 997 2266 Πατρὶ,
1031 2197 1128 2248 καὶ
1159 2196 1188 2248 6
1217 2196 1404 2268 Πατὴρ
1433 2197 1491 2247 ὲν
1531 2197 1673 2264 ἐμοὶ,
1716 2213 1735 2246 ι

162 2287 282 2350 καὶ,
321 2305 340 2338 t
394 2286 536 2356 Ἐγὼ
566 2287 662 2342 καὶ
687 2291 714 2341 6
747 2288 936 2358 Πατὴρ
963 2288 1019 2340 ἓν
1049 2289 1212 2358 ἐσμεν
1233 2303 1249 2317 ·
1295 2288 1324 2339 6
1352 2285 1610 2358 ἑωρακὼς
1641 2273 1740 2357 ἐμὲ

158 2375 379 2448 ἑώρακε
422 2379 516 2432 τὸν
575 2379 813 2450 Πατέρα.
869 2379 928 2432 '0
982 2381 1173 2451 Πατὴρ
1217 2380 1247 2432 6
1303 2381 1361 2432 έν
1395 2380 1516 2451 ἐμοὶ
1566 2379 1744 2450 μένων

164 2473 312 2524 ποιεῖ
352 2469 425 2524 τὰ
469 2470 608 2543 ἔργα
638 2472 820 2535 αὐτός.
876 2490 894 2524 ι
947 2471 1038 2543 Μὴ
1085 2467 1178 2526 οὖν
1209 2472 1496 2543 ὲπίσπειρε
1530 2471 1744 2536 ζιζάνια

160 2561 244 2630 τῷ
269 2560 423 2632 ἀγρῷ
447 2561 548 2631 τῆς
576 2561 724 2626 θείας
743 2563 985 2634 Γραφῆς,
1009 2563 1071 2616 τὸ
1096 2562 1387 2635 ἀγέννητον
1417 2565 1512 2617 καὶ
1551 2565 1614 2616 τὸ
1652 2565 1746 2618 ἀν-

157 2651 348 2722 όμοιον
369 2670 383 2684 ⁸
415 2653 527 2706 ἀλλ’
568 2654 618 2706 εί
651 2653 824 2718 θέλεις
863 2654 1168 2725 φιλοσοφεῖν
1197 2654 1375 2710 ταῦτα
1403 2655 1473 2709 τὰ
1501 2656 1748 2727 ῥήματα,

160 2743 260 2796 ἐπὶ
287 2741 381 2796 τοῦ
435 2745 710 2817 ἀφθάρτου
763 2746 858 2798 καὶ
905 2745 1171 2800 ἀθανάτου
1208 2747 1521 2817 φιλοσόφειο
1575 2746 1745 2800 ταῦτα

159 2833 275 2904 γάρ
300 2836 405 2887 είσι
448 2836 732 2906 σπέρματα
759 2836 853 2890 τοῦ
887 2837 1058 2908 ἀγροῦ
1090 2839 1188 2909 τῆς
1221 2839 1441 2910 Γραφῆς
1461 2855 1475 2870 °
1507 2832 1637 2904 οἷον,
1682 2841 1744 2892 Εί

160 2924 281 2976 ἐστι
309 2926 370 2977 τὸ
397 2925 682 2989 ἀθάνατον,
716 2927 749 2998 ἢ
783 2928 903 2981 ὅλον
953 2928 1070 2981 ἐστὶ
1099 2929 1256 2982 τοῦτο
1285 2929 1318 3000 ἢ
1359 2929 1542 3001 μέρος.
1604 2929 1743 2982 um?

161 3015 214 3064 εί
252 3013 350 3082 μὲν
384 3015 569 3086 μέρος,
601 3015 764 3069 πάλιν
802 3016 974 3087 ἐαυτῷ
1003 3016 1155 3070 ἔσται
1185 3017 1457 3086 ἀνόμοιος,
1503 3018 1558 3070 εἴ
1593 3035 1658 3086 γε.
1685 3019 1746 3072 τὸ

165 3106 268 3172 μὲν
297 3108 458 3178 μέρος
489 3108 652 3161 αὐτοῦ
679 3109 966 3172 ἀθάνατον,
997 3110 1066 3162 τά
1095 3109 1152 3162 δὲ
1179 3109 1311 3163 ἄλλα
1348 3111 1444 3181 μή.
1477 3111 1539 3163 Et
1566 3111 1622 3163 δὲ
1649 3110 1742 3181 ὅλη

1849 1924 2020 1993 major
2050 1939 2137 1979 me
2166 1930 2284 1988 est;
2317 1923 2434 1987 sed,
2463 1923 2642 1987 Pater,
2681 1924 2749 1978 ad
2770 1940 2930 1995 quem
2979 1934 3096 1980 erat
3145 1925 3426 1993 profectu-

1845 2028 1963 2068 rus.
1998 2010 2136 2066 Nam
2163 2013 2243 2067 sic
2275 2013 2518 2082 loquitur
2548 2033 2561 2068 :
2604 2031 2622 2064 (
2661 2012 2719 2067 Si
2750 2014 3048 2084 diligeretis
3075 2028 3181 2078 me,
3216 2012 3425 2083 gaude-

1846 2105 2001 2167 retis,
2035 2103 2162 2174 quia
2191 2103 2325 2166 dixi,
2356 2104 2496 2159 vado
2519 2104 2586 2159 ad
2619 2103 2833 2160 Patrem
2864 2125 2877 2161 :
2912 2104 3074 2160 Pater
3095 2107 3238 2162 enim
3269 2121 3426 2163 meus

1846 2195 2024 2265 major
2060 2211 2147 2250 me
2175 2206 2259 2250 est
2280 2195 2348 2249 “.
2389 2214 2407 2246 ι
2460 2192 2624 2248 Vadit
2646 2204 2852 2262 autem,
2884 2204 3156 2266 quatenus
3192 2196 3426 2253 formam

1846 2286 1990 2342 servi
2029 2287 2282 2356 accepit;
2314 2295 2586 2356 quatenus
2610 2302 2739 2341 vero
2780 2297 2864 2342 est
2899 2287 3064 2352 Deus,
3121 2289 3285 2343 habet
3321 2287 3428 2342 Pa-

1845 2391 1982 2434 trem
2012 2379 2066 2432 in
2099 2379 2415 2448 semetipso,
2446 2381 2634 2435 dicens
2661 2399 2674 2434 :
2707 2398 2727 2431 t
2754 2379 2866 2448 Ego
2894 2380 2950 2435 in
2980 2380 3162 2446 Patre,
3185 2392 3240 2436 et
3266 2380 3430 2437 Pater

1845 2471 1901 2525 in
1928 2486 2013 2526 me
2033 2471 2120 2538 δι’,
2164 2489 2184 2523 ι
2211 2479 2265 2526 et
2290 2490 2302 2524 :
2338 2490 2356 2522 ι
2388 2471 2499 2542 Ego
2522 2479 2575 2526 et
2601 2470 2764 2525 Pater
2797 2488 2962 2526 unum
2984 2487 3176 2528 sumus
3204 2474 3250 2506 ⁵⁵
3286 2492 3299 2526 :
3332 2476 3428 2544 qui

1844 2561 1982 2616 vidit
2009 2577 2113 2626 me,
2147 2561 2284 2616 vidit
2315 2562 2528 2618 Patrem
2566 2583 2580 2618 :
2627 2563 2788 2620 Pater
2827 2567 2884 2619 in
2914 2579 3000 2621 me
3036 2580 3264 2621 manens
3306 2566 3426 2636 ipse

1848 2648 1981 2704 facit
2025 2651 2270 2720 opera".
2312 2670 2332 2704 ι
2395 2649 2473 2705 Ne
2527 2651 2690 2722 igitur
2734 2653 2986 2722 insperge
3039 2667 3172 2720 agro
3227 2651 3429 2707 divinat

1849 2740 2146 2811 Scriptura:
2187 2743 2291 2796 ista
2328 2743 2560 2807 zizania,
2610 2744 2994 2813 nongenitum
3033 2753 3086 2800 et
3118 2744 3422 2798 dissimile:

1845 2831 1963 2896 sed,
1990 2832 2035 2886 si
2062 2831 2147 2886 vis
2166 2831 2220 2884 in
2252 2831 2388 2902 ipsis
2420 2831 2705 2886 vocabulis
2734 2830 3132 2901 philosophari,
3179 2831 3425 2900 philoso-

1847 2923 2016 2994 phare
2043 2923 2259 2978 demum
2289 2923 2344 2976 in
2391 2923 2708 2978 nominibus
2751 2920 3184 2991 incorruptibilis
3235 2927 3290 2976 et
3319 2919 3424 2974 im—

1847 3015 2115 3070 mortalis.
2147 3013 2276 3070 Haec
2301 3015 2444 3069 enim
2469 3021 2599 3071 sunt
2626 3015 2740 3085 agri
2766 3013 3064 3084 Scriptura:
3087 3012 3300 3072 semina
3325 3033 3335 3066 :
3362 3020 3426 3065 ut

1847 3106 1892 3161 si
1925 3107 2231 3161 immortale
2257 3113 2362 3169 est,
2393 3113 2488 3161 aut
2521 3114 2690 3160 totum
2735 3114 2841 3169 est,
2888 3115 2983 3160 aut
3017 3120 3176 3174 pars;
3219 3105 3266 3159 si
3296 3119 3426 3174 pars

161 3199 198 3266 ἡ
223 3196 381 3264 φύσις
401 3199 666 3263 ἀθάνατος
690 3202 783 3253 καὶ
811 3200 1104 3270 ἄφθαρτος,
1130 3202 1358 3255 καθόλου
1386 3201 1442 3253 δὲ
1475 3201 1742 3265 ἀθάνατος

1850 3209 1949 3262 est,
1979 3197 2140 3254 Pater
2175 3197 2334 3252 fuerit
2368 3199 2470 3253 sibi
2503 3199 2605 3267 ipsi
2641 3198 2948 3263 dissimilis,
2983 3197 3254 3268 siquidem
3293 3210 3423 3266 pars

162 3289 195 3339 ὁ
224 3287 410 3360 Πατὴρ
443 3290 536 3342 καὶ
563 3291 861 3363 ἄφθαρτος,
890 3294 982 3346 καὶ
1009 3295 1037 3346 6
1066 3293 1194 3357 Υἱὸς
1223 3293 1385 3357 εὐθὺς
1416 3294 1510 3348 ἐπὶ
1531 3294 1591 3348 τὸ
1609 3312 1740 3348 ταυ-

163 3379 258 3432 τὸν
295 3381 392 3452 τῆς
432 3383 617 3446 οὐσίας
667 3383 785 3438 ὅλον
833 3384 1206 3456 εὑρεθήσεται.
1248 3386 1312 3438 Et
1362 3385 1471 3456 γὰρ
1516 3387 1549 3457 ἡ
1588 3386 1744 3440 οὐσία

161 3470 262 3540 ὅλη
295 3472 558 3538 ἀθάνατος
585 3475 679 3528 καὶ
706 3476 1000 3547 ἄφθαρτος,
1025 3477 1118 3530 καὶ
1140 3477 1290 3530 οὐδὲν
1314 3477 1371 3530 ὲν
1405 3477 1542 3548 αὐτῇ
1578 3477 1744 3549 μέρος

165 3565 427 3631 ἐναντίον,
457 3566 575 3620 καθ’
609 3567 736 3638 ὃλην
767 3568 873 3640 ἄρα
900 3569 998 3640 τὴν
1022 3570 1208 3623 οὐσίαν
1240 3572 1273 3640 ὴ
1307 3571 1592 3641 ταυτότης.
1619 3569 1744 3632 Πῶς

161 3646 260 3704 οὖν
279 3653 452 3724 τολμᾷ
477 3673 561 3718 τις
588 3655 767 3724 λέγειν
795 3657 1042 3728 ἀνόμοιον
1063 3675 1076 3723 ;
1099 3658 1299 3726 Λέγετε
1315 3661 1411 3730 τῆς
1434 3659 1736 3730 ἐνεργείας,

163 3741 350 3808 φασὶν,
384 3743 586 3797 εἰκόνα.
629 3746 691 3797 Et
720 3745 775 3798 δὲ
815 3746 1062 3817 ἐνέργεια
1098 3747 1292 3800 ταυτὸν
1326 3750 1392 3818 τῇ
1436 3747 1613 3818 οὐσίᾳ,
1642 3749 1741 3818 τῆς

161 3832 276 3905 ἄρα
305 3835 489 3900 οὐσίας
518 3837 671 3889 ἔσται
703 3838 864 3892 εἰκὼν
892 3841 920 3892 6
946 3839 1092 3902 Υἱός.

1848 3290 1968 3359 ejus
2010 3305 2118 3344 una
2146 3290 2308 3345 fuerit
2341 3290 2689 3352 immortalis,
2740 3290 2910 3344 altera
2943 3304 3053 3344 non
3085 3290 3236 3345 item.
3278 3288 3349 3343 At
3378 3288 3428 3346 si

1849 3389 1966 3436 tota
1992 3383 2112 3451 ejus
2143 3389 2340 3436 natura
2368 3389 2452 3437 est
2483 3382 2942 3452 incorruptibilis,
2976 3389 3032 3436 et
3075 3379 3427 3445 immortalis,

1851 3483 1906 3530 et
1949 3473 2111 3530 Pater
2149 3483 2234 3529 est
2263 3475 2488 3528 omnino
2529 3474 2858 3529 immortalis
2885 3481 2940 3528 et
2967 3471 3426 3542 incorruptibilis,

1853 3566 2105 3635 protinus
2159 3581 2376 3635 quoque
2407 3564 2579 3620 Filius
2634 3567 2752 3634 ipsa
2783 3565 3092 3620 substantia
3132 3563 3274 3618 idem
3307 3577 3432 3618 esse

1849 3659 2239 3726 comperietur.
2273 3655 2432 3718 Nam,
2465 3657 2509 3711 si
2554 3666 2666 3710 tota
2699 3657 3008 3712 substantia
3047 3666 3133 3712 est
3175 3656 3430 3710 incorru-

1848 3747 2060 3818 ptibilis
2091 3755 2147 3802 et
2185 3749 2534 3811 immortalis,
2575 3765 2676 3804 nec
2708 3749 2817 3802 ulla
2851 3758 2935 3804 est
2961 3750 3079 3820 ejus
3102 3748 3273 3821 428
3300 3763 3430 3817 pars

1847 3854 2180 3909 repugnans.
2222 3855 2415 3909 nempe
2470 3841 2524 3894 in
2587 3849 2699 3895 tota
2729 3842 2968 3896 essentia
3019 3855 3104 3896 est
3150 3841 3429 3896 identitas.

162 3927 450 3993 Quomodo
504 3929 668 3998 igitur
700 3930 861 3984 audet
884 3933 1082 4000 aliquis
1113 3931 1294 3987 dicere
1343 3932 1718 3988 dissimilem?
1743 3930 1935 3987 Dicitis
1963 3946 2087 3986 esse
2108 3933 2343 4002 energiaa
2383 3933 2498 3987 sive
2519 3932 2856 3988 efficacitatis
2897 3934 3213 4006 imaginem.
3273 3933 3433 4001 Quod

161 4023 214 4078 si
244 4022 538 4080 elﬁcacitas
590 4025 778 4080 eadem
809 4032 894 4081 est
935 4035 1099 4097 atque
1136 4027 1466 4090 substantia,
1501 4030 1608 4083 erit
1662 4027 1922 4082 nimirum
1955 4025 2130 4082 Filius
2164 4028 2487 4082 substantiae
2531 4029 2728 4094 imago.

250 4115 570 4186 Ἐρωτῶμεν
609 4117 821 4172 τοίνυν⁶
873 4119 1189 4190 Ἐγέννησεν
1234 4119 1392 4188 ἢού;
1442 4120 1597 4185 Φασὶ,
1631 4120 1740 4173 ναί.

177 4208 276 4259 Ἐκ
305 4207 403 4276 τῆς
439 4208 645 4272 οὐσίας,
692 4208 724 4279 ἢ
766 4211 829 4262 ὲκ
875 4211 973 4281 τῆς
1021 4210 1328 4282 θελήσεως;
1379 4212 1493 4265 Οὐκ
1534 4213 1599 4264 ὲκ
1644 4213 1744 4282 τῆς

159 4297 374 4360 οὐσίας,
409 4299 592 4370 φησὶν,
621 4299 731 4352 ἀλλ’
760 4303 824 4353 ὲκ
849 4302 948 4372 τῆς
979 4301 1281 4374 βουλήσεως
1303 4319 1314 4331 ·
1349 4303 1479 4356 ἄλλο
1515 4303 1623 4376 γὰρ
1655 4303 1742 4355 λέ-

160 4408 287 4458 γεις
323 4391 481 4455 αὐτὸς
512 4391 608 4462 τὴν
657 4393 974 4464 ἀγαθότητα
1013 4395 1108 4447 καὶ
1156 4394 1253 4466 τὴν
1295 4394 1547 4466 βούλησιν
1587 4395 1737 4466 παρὰ

159 4483 267 4551 τὴν
296 4483 502 4545 οὐσίαν,
539 4482 570 4552 ἢ
601 4482 697 4553 τὴν
732 4485 919 4554 αὐτήν.
961 4484 1025 4536 Et
1072 4483 1169 4555 μὲν
1199 4481 1290 4538 οὖν
1323 4485 1422 4555 τὴν
1456 4485 1624 4556 αὐτὴν
1647 4485 1736 4538 λέ-

1919 4117 2116 4184 Quaero
2144 4119 2342 4190 igitur:
2371 4117 2570 4174 Genuit
2603 4118 2784 4182 Pater,
2822 4120 3046 4173 annon?
3073 4118 3295 4183 Genuit,
3355 4120 3431 4175 in-

1845 4207 1986 4278 quit.
2040 4205 2181 4262 Num
2231 4222 2296 4262 ex
2338 4207 2666 4270 substantia,
2722 4223 2790 4260 an
2832 4223 2962 4262 vero
3016 4224 3083 4263 ex
3112 4209 3430 4266 voluntate?

1846 4298 1965 4352 Non
1996 4314 2060 4352 ex
2091 4299 2427 4362 substantia,
2481 4299 2679 4368 inquit,
2724 4301 2816 4353 sed
2849 4316 2917 4354 ex
2947 4301 3249 4356 voluntate.
3291 4300 3428 4356 Nam

1851 4390 2150 4446 bonitatem
2181 4399 2236 4445 et
2264 4391 2598 4446 voluntatem
2647 4393 2730 4446 vel
2763 4392 2908 4447 aliud
2935 4408 3060 4447 esse
3101 4393 3243 4448 dicis
3267 4409 3430 4463 quam

1852 4483 2236 4546 substantiam,
2293 4485 2378 4538 vel
2417 4483 2661 4538 eamdem
2711 4491 2875 4553 atque
2927 4484 3310 4538 substantiam.
3369 4478 3428 4539 Si

160 4588 307 4640 γεις,
341 4573 406 4624 ὲκ
438 4573 492 4624 δὲ
520 4574 620 4642 τῆς
654 4573 920 4645 θελήσεως
955 4575 1048 4628 καὶ
1089 4575 1187 4646 τῆς
1222 4576 1556 4647 ἀγαθότητος
1588 4577 1742 4646 ἐγέν-

1852 4575 2098 4630 eamdem
2134 4575 2294 4640 dicis,
2334 4584 2389 4630 et
2440 4573 2603 4628 Pater
2632 4591 2698 4628 ex
2742 4576 3022 4629 voluntate
3079 4582 3134 4629 et
3187 4575 3432 4630 bonitate

159 4680 351 4734 νησεν,
387 4664 501 4718 ἀλλ’
525 4666 600 4730 ὡς
627 4667 907 4736 ὁμοούσιον
927 4667 1106 4736 λέγεις
1135 4667 1213 4739 τῷ
1246 4670 1422 4741 Πατρὶ
1450 4669 1542 4723 τὸν
1576 4670 1705 4724 Υίόν
1728 4687 1740 4698 ·

160 4757 305 4824 ὅπερ
336 4756 395 4808 οὐ
439 4755 633 4826 βούλει.
671 4758 862 4826 Λέγεις
895 4759 971 4822 δὲ,
1021 4759 1103 4811 ὄτι
1155 4760 1247 4812 καὶ
1303 4760 1370 4814 τά
1418 4763 1595 4815 πάντα
1631 4763 1742 4833 (24)

162 4849 234 4900 ὲκ
261 4846 360 4916 τῆς
392 4847 696 4918 βουλήσεως
725 4849 817 4902 τοῦ
864 4849 998 4903 Θεοῦ
1031 4852 1246 4920 ἐγένετο
1285 4853 1372 4906 διὰ
1406 4853 1559 4907 Υἰοῦ.
1595 4855 1658 4907 EE
1687 4855 1744 4908 δὲ

163 4938 389 5008 θέλησις
429 4940 621 4993 ταυτὸν
661 4943 727 5011 τῇ
762 4941 939 5012 οὐσίᾳ,
980 4942 1240 5012 ὁμοούσια
1281 4943 1433 4997 ἔσται
1466 4945 1532 4998 τὰ
1566 4946 1744 4999 πάντα

162 5031 246 5101 τῷ
293 5030 431 5101 Θεῷ,
489 5033 597 5085 εἴτε
649 5031 873 5104 ἑρπετὰ,
922 5034 1030 5086 εἴτε
1085 5035 1276 5104 νηκτὰ,
1322 5037 1413 5088 καὶ
1466 5036 1535 5088 τὰ
1582 5034 1744 5089 λοιπά

165 5125 380 5176 πάντα’
421 5142 440 5172 t
476 5124 659 5176 Πάντα
692 5123 801 5194 γὰρ
845 5123 943 5176 ὅσα
975 5124 1258 5196 ἠθέλησεν,
1297 5126 1550 5197 ἐποίησεν
1583 5130 1640 5180 ἐν
1665 5127 1742 5198 τῷ

161 5215 383 5287 οὐρανῷ
431 5216 524 5268 καὶ
558 5218 615 5268 ἐν
646 5218 708 5286 τῇ
753 5218 856 5286 γῇο
903 5237 920 5268 ι
955 5217 1125 5280 οὕτως
1159 5218 1282 5288 ἄρα,
1322 5219 1414 5271 καὶ
1453 5221 1549 5290 τῆς
1593 5222 1743 5292 ἐνερ-

163 5308 322 5377 γείας
355 5308 515 5361 εἰκὼν
547 5305 643 5370 ὣν,
686 5306 743 5373 ἐξ
791 5301 864 5359 ὢν
895 5308 1057 5372 αὐτὸς
1094 5309 1270 5379 λέγεις
1318 5308 1451 5380 (25),
1486 5311 1606 5382 οὐχ).
1649 5311 1740 5365 καὶ

1853 4667 2059 4738 genuit,
2117 4667 2198 4722 sic
2231 4681 2448 4736 quoque
2486 4666 3014 4742 consubstantialem
3061 4666 3208 4720 Patri
3232 4665 3430 4722 Filium

1852 4759 1990 4814 dicis
2029 4778 2042 4813 :
2093 4759 2238 4828 quod
2267 4767 2322 4813 lu
2372 4759 2600 4813 minime
2653 4759 2758 4813 vis.
2800 4758 2949 4814 Dicis
2981 4769 3160 4814 autem
3189 4769 3242 4814 et
3272 4759 3428 4822 illud,

1850 4849 2034 4903 omnia
2064 4849 2207 4903 facta
2241 4857 2370 4903 sunt
2395 4865 2490 4919 per
2511 4847 2710 4904 Filium
2741 4865 2807 4904 ex
2850 4848 2945 4904 Dei
2979 4850 3276 4903 voluntate.
3307 4846 3458 4905 lam:

1849 4957 1980 4997 vero
2011 4941 2056 4996 si
2101 4941 2355 4995 voluntas
2406 4940 2596 4996 eadem
2631 4949 2716 4997 est
2743 4956 2866 5011 qua:
2917 4941 3225 4996 substantia
3262 4959 3275 4994 :
3311 4930 3472 5025 θυι-ι’⁵

1850 5035 1938 5088 nia
1981 5035 2146 5104 igitur
2175 5042 2228 5089 et
2259 5033 2498 5103 reptilia,
2531 5041 2590 5088 et-
2630 5035 2898 5098 natatilia,
2941 5043 3244 5103 caeteraque
3297 5033 3460 5087 item'

1846 5126 2059 5194 omnia,
2116 5125 2323 5180 fuerint
2399 5125 2510 5181 Deo
2571 5125 3096 5188 consubstantialia,
3156 5125 3426 5194 siquidem

1851 5237 1869 5269 ι
1911 5217 2100 5273 Omnia
2153 5234 2493 5289 quaecunque
2545 5219 2717 5273 voluit
2782 5217 2912 5272 fecit
2959 5217 3014 5270 in
3065 5219 3205 5272 caelo
3261 5227 3314 5271 et
3369 5218 3424 5270 in

1843 5317 2011 5366 terra.
2051 5330 2069 5362 ι
2104 5312 2182 5365 lta
2209 5312 2280 5375 si,
2309 5326 2375 5366 ex
2406 5311 2473 5365 iis
2522 5326 2643 5380 quae
2677 5310 2839 5375 dicis,
2873 5308 3046 5364 Filius
3080 5317 3164 5365 est
3194 5308 3428 5363 eﬂicaci-

241 5462 287 5494 “
323 5461 479 5517 Joan.
515 5481 624 5526 xw,
657 5465 748 5518 23.
827 5465 893 5497 ³⁵⁸
917 5464 1074 5522 Joan.
1105 5482 1214 5531 XIV,
1249 5467 1342 5522 l0.
1412 5468 1456 5500 ⁸⁸
1495 5465 1650 5522 Joan.
1688 5482 1742 5533 χ,

1850 5505 1864 5519 .
1939 5465 2154 5521 "Joan.
2188 5481 2299 5532 xw,
2332 5465 2386 5533 9,
2417 5465 2504 5519 10.

243 5573 355 5648 (22)
390 5573 545 5648 ﬁdit.
565 5575 750 5648 Steph.
786 5578 937 5648 φησί.

242 5644 353 5718 (25)
388 5643 498 5697 Cur
525 5643 822 5718 ἀγέννητονΔ
848 5643 1363 5718 inodoiingenitum,
1399 5648 1560 5703 modo
1596 5663 1734 5703 non-

170 5715 411 5783 gonittnn
447 5715 741 5781 vertamus,
778 5716 898 5771 vide
934 5719 986 5771 in
1013 5715 1226 5772 Praifal.

245 5784 356 5849 (24)
386 5782 555 5839 Palat.
601 5784 796 5851 βούλει.
853 5788 1011 5857 Λέγει
1036 5788 1090 5841 δὲ
1125 5789 1204 5843 ὅτι
1250 5788 1315 5842 τὰ
1347 5805 1402 5840 τι.
1436 5787 1555 5845 Mox
1593 5788 1724 5844 edit.

1848 5574 2109 5646 Stephan.
2147 5577 2235 5632 διὰ
2258 5578 2403 5632 Υίόν.

1917 5641 2030 5718 (25)
2066 5647 2221 5703 Hunc
2248 5651 2428 5703 locum
2458 5645 2704 5718 referens
2748 5641 3426 5718 Joanneszparissiotrs

1842 5713 2042 5790 Decad.
2077 5718 2133 5781 5,
2162 5734 2211 5772 c.
2233 5719 2471 5790 75,_bunc
2499 5717 2776 5790 dialogum
2803 5724 2964 5772 vocat
2986 5713 3274 5770 Athanasii
3299 5727 3424 5767 cum

1837 5788 1967 5844 Ario
1989 5789 2041 5844 in
2077 5789 2284 5860 synodo
2313 5787 2550 5844 Nicena.
