3862 6204
442 313 574 371 ΗἹΙ

1538 311 1601 373 ε.
1640 311 2102 370 ATHANASIUS.
2145 343 2215 354 —
2249 306 2451 371 SPUR!
2466 311 2520 365 .\.

3551 299 3703 365 ιιτε

436 435 571 490 tatis
610 431 808 501 imago,
836 441 1019 485 nonne
1038 431 1204 486 etiam
1236 436 1323 486 est
1360 430 1668 487 substantia
1695 431 1848 486 nullo
1892 445 2009 486 mo-

2117 432 2217 503 τῆς
2261 431 2449 495 οὐσίας
2500 429 2650 483 ἐστὶν
2695 426 3112 498 ἀπαράλλακτος
3132 444 3151 492 ;-
3196 422 3264 478 Εί
3310 421 3409 493 μιν
3438 419 3559 493 (26)
3599 418 3699 475 οὖν

441 524 514 578 do
527 521 813 577 diversus?
846 522 1047 590 Itaque,
1082 521 1129 574 si
1156 528 1262 575 tua:
1288 521 1572 576 sententiae
1602 521 1844 576 fautores
1866 536 2017 577 ever-

440 624 555 671 tere
591 614 834 675 conaris.
878 615 1031 684 ipsos
1076 613 1376 668 confutasti
1407 628 1422 664 :
1459 614 1543 667 sin
1598 621 1777 669 autem
1827 629 2013 668 veram

438 709 613 777 ipsam
655 708 981 766 doctrinam,
1022 707 1176 760 illum
1214 720 1283 759 ne
1339 705 1617 761 audivisse
1652 704 1872 774 quidem
1912 720 2015 758 un—

435 813 599 867 quam
636 796 861 850 videris.
909 795 1107 850 Filium
1135 797 1281 849 enim
1310 810 1434 849 esse
1468 795 1643 864 ipsius
1690 794 2017 849 substantiae

436 890 727 960 imaginem
751 889 890 942 dixit
919 888 1213 957 Apostolus
1242 905 1254 940 :
1293 906 1313 937 ι
1360 887 1462 952 Qui
1492 902 1618 941 eum
1654 887 1728 940 sit
1756 886 2016 955 splendor

434 981 621 1049 gloriae
650 987 704 1033 et
743 980 909 1049 ﬁgura
935 980 1258 1033 substantia)
1273 980 1364 1040 ιη’,
1396 998 1414 1031 ι
1456 993 1553 1033 εειι
1583 978 1870 1033 character
1911 978 2013 1047 hy-

436 1079 750 1141 postasews.
794 1071 927 1125 Nam
973 1071 1258 1125 character
1302 1070 1670 1141 hypostasews
1698 1070 1832 1123 nihil
1866 1069 2012 1124 aliud

434 1169 538 1226 est,
595 1178 756 1231 quam
822 1162 1141 1217 substantia;
1180 1162 1380 1231 imago.
1442 1161 1710 1214 Getarum
1734 1175 1843 1213 non
1871 1159 2014 1213 idem

433 1268 556 1309 esse
583 1254 915 1308 voluntatem
951 1260 1116 1322 atque
1146 1253 1465 1315 essentiam,
1499 1267 1601 1306 nos
1628 1267 1845 1321 quoque
1876 1252 2015 1305 diei-

432 1361 578 1400 mus.
630 1343 755 1399 ldeo
781 1346 924 1400 enim
957 1344 1152 1399 Filium
1178 1345 1397 1416 quidem
1424 1361 1491 1400 ex
1519 1345 1822 1399 substantia
1862 1343 2016 1413 geni-

432 1446 572 1500 tum,
604 1452 705 1492 nos
731 1452 859 1491 vero
887 1454 952 1493 ex
1001 1439 1284 1492 voluntate
1328 1436 1603 1507 prodiisse
1643 1436 1901 1491 dicimus.
1930 1435 2014 1489 Ex

431 1537 528 1582 tua
569 1545 733 1598 porro
776 1531 1049 1586 sententia
1104 1530 1248 1584 idem
1292 1546 1405 1584 non
1448 1536 1533 1585 est
1571 1530 1827 1583 voluntas
1866 1528 2013 1598 quod

433 1622 768 1686 substantia,
819 1629 875 1677 et
929 1622 1239 1677 substantia
1275 1637 1452 1692 neque
1484 1623 1668 1693 cmpit,
1709 1638 1885 1693 neque
1913 1622 2013 1676 de-

432 1716 587 1769 sinit.
616 1714 741 1770 Haec
769 1715 933 1787 igitur
964 1716 1144 1784 imago
1174 1730 1351 1785 neque
1382 1717 1571 1785 cmpit,
1620 1732 1797 1785 neque
1824 1715 2010 1770 desiit.

2118 525 2246 586 τοὺς
2275 521 2469 575 ἑαυτοῦ
2505 519 2818 593 διατρέπειν
2860 517 3151 596 ὁμοδόξους
3200 517 3523 587 ἐπιχειρεῖς,
3570 529 3699 567 συν-

2114 618 2340 687 ήγαγες
2388 616 2438 667 εί
2461 614 2517 667 δὲ
2548 612 2643 667 τὸν
2685 612 2861 684 ἀληθῆ
2903 611 3081 680 λόγον,
3129 608 3253 663 οὐδὲ
3285 605 3564 680 ἀκροατὴς
3596 620 3697 672 γε-

2114 707 2376 778 γενῆσθαι
2406 706 2594 760 τούτου
2621 705 2788 777 φαίνῃ
2811 722 2920 775 μοι.
2958 704 3082 757 Ὀτι
3113 702 3223 775 γὰρ
3250 701 3352 772 τῆς
3378 699 3575 761 οὐσίας
3618 698 3700 751 εί-

2114 800 2227 855 κὼν
2271 801 2301 853 δ
2332 800 2481 863 Υἱὸς.
2531 801 2562 851 ὁ
2614 797 2935 860 ’Δπόστολος
2969 792 3153 849 εἶπεν·
3208 813 3227 845 t
3275 796 3371 856 Ὃς
3399 792 3477 844 ὣν
3518 788 3700 844 ἀπαύ-

2114 909 2302 961 γασμα
2328 891 2431 961 τῆς
2466 890 2643 961 δὲξης,
2677 891 2774 943 καὶ
2800 887 3083 961 χαρακτὴρ
3109 886 3208 956 τῆς
3255 884 3633 945 ὑποστάσεως,
3674 901 3693 929 ι

2114 986 2189 1038 Τὸ
2221 986 2330 1056 γὰρ
2373 984 2661 1056 χαρακτὴρ
2688 984 2787 1054 τῆς
2814 982 3163 1043 ὑποστάσεως
3200 978 3349 1031 οὐδὲν
3387 976 3521 1031 ἄλλο
3552 976 3701 1029 ἐστὶν

2116 1078 2231 1131 ἀλλ’
2266 1080 2300 1148 ἡ
2334 1077 2495 1130 εἰκὼν
2536 1076 2635 1145 τῆς
2670 1076 2881 1139 οὐσίας.
2912 1075 3022 1128 Καὶ
3045 1074 3127 1126 ὅτι
3158 1074 3259 1126 οὐκ
3286 1070 3399 1123 ἔστι
3432 1069 3637 1122 ταυτὸν
3663 1070 3698 1137 ἡ

2113 1170 2331 1237 θὲλησις
2361 1170 2455 1222 καὶ
2485 1171 2518 1241 ἡ
2568 1168 2747 1231 οὐσία,
2782 1167 2936 1239 ἡμῶν
2968 1160 3125 1229 οὗτος
3165 1166 3195 1218 6
3234 1162 3411 1228 λόγος.
3446 1161 3554 1215 Διὰ
3590 1161 3702 1230 γὰρ

2112 1261 2271 1314 τοῦτο
2295 1260 2386 1314 τὸν
2420 1261 2517 1332 μὲν
2540 1260 2682 1313 ,Υἱὺν
2708 1261 2954 1330 γέννημα
2980 1261 3080 1329 τῆς
3125 1256 3314 1318 οὐσίας
3353 1254 3590 1323 λέγομεν
3627 1247 3701 1304 εἷ-

2113 1363 2223 1407 ναι,
2256 1349 2480 1411 ἑαυτοὺς
2502 1347 2561 1401 δὲ
2586 1348 2688 1417 τῆς
2717 1347 3005 1419 Θελήσεως.
3046 1344 3231 1398 Ἔστιν
3257 1343 3315 1397 δὲ
3347 1343 3444 1395 καὶ
3467 1341 3613 1395 κατὰ
3640 1340 3701 1393 σὲ

2114 1440 2177 1492 οὐ
2211 1439 2406 1493 ταυτὸν
2454 1441 2520 1511 τῇ
2567 1439 2728 1509 οὐσίᾳ
2766 1442 2799 1510 ἠ
2860 1438 3111 1510 θέλησις·
3161 1439 3195 1508 ή
3253 1436 3311 1490 δὲ
3355 1434 3518 1489 οὐσία
3548 1432 3702 1486 εὐτε

2115 1532 2339 1603 ἤρξατο,
2377 1531 2503 1584 οὐτε
2547 1532 2798 1585 παύεται.
2853 1530 2990 1585 Οὐτε
3036 1530 3145 1601 ἄρα
3187 1528 3389 1600 ἤρξατο
3420 1529 3456 1598 ἡ
3507 1522 3701 1585 εἰκὼν,

2115 1623 2238 1678 οὐτε
2277 1624 2572 1677 ἐπαύσατο.
2605 1624 2668 1678 'H
2700 1624 2756 1677 δὲ
2791 1623 3011 1695 Θέλησις
3035 1624 3130 1676 καὶ
3155 1622 3377 1693 ἄρχεται
3399 1619 3498 1671 καὶ
3527 1617 3702 1671 παύε-

2114 1735 2225 1772 ται.
2263 1719 2401 1782 Τούς
2433 1717 2613 1771 τοίνυν
2637 1717 2893 1784 λέγοντας
2926 1714 3122 1770 ταυτὸν
3151 1710 3289 1767 εἶναι
3314 1716 3380 1784 τῇ
3403 1710 3567 1783 οὐσίᾳ
3598 1709 3704 1780 τὴν

431 1803 700 1861 Voluntas
747 1814 927 1860 autem
984 1815 1039 1860 et
1070 1804 1288 1859 initium
1354 1813 1410 1861 et
1451 1808 1611 1861 linem
1644 1807 1827 1862 habet.
1888 1807 2009 1863 Illos

2118 1810 2356 1881 θέλησιν,
2396 1810 2638 1874 ἐκείνους
2684 1808 2799 1880 ἔχε.
2843 1809 3031 1877 Ἡμεξ
3068 1806 3179 1877 γὰρ
3230 1805 3326 1858 καὶ
3370 1802 3701 1874 βουλόμεθα.

428 1897 599 1968 igitur
647 1899 745 1953 tibi
792 1898 1012 1963 habeto,
1065 1899 1158 1969 qui
1187 1898 1330 1954 idem
1380 1913 1502 1953 esse
1530 1899 1723 1953 dicunt
1756 1900 2014 1954 volunta-

428 2001 541 2047 tem
568 2001 733 2063 atqne
761 1992 1083 2048 essentiam.
1128 1991 1239 2047 Nos
1274 1993 1420 2048 enim
1454 2001 1509 2048 et
1539 1994 1814 2056 volumus.
1854 2003 1908 2049 et
1931 1994 2014 2048 fa-

429 2095 629 2150 temur,
672 2093 727 2139 et
753 2085 1029 2140 credimus
1055 2084 1254 2140 Filium
1306 2101 1430 2141 esse
1465 2084 1610 2139 Patri
1641 2086 2013 2141 consubstan-

428 2178 636 2234 tialem.
678 2175 812 2231 Nam
857 2186 1142 2249 pr0pterea
1175 2179 1338 2233 etiam
1375 2178 1713 2247 unigenitum
1741 2193 1864 2233 esse
1892 2193 2014 2232 cre-

429 2272 633 2335 dimus,
663 2272 790 2342 quia
821 2271 937 2343 ipse
970 2272 1142 2336 solus,
1170 2278 1231 2325 ut
1258 2277 1417 2326 antea
1445 2271 1653 2325 dictum
1682 2280 1871 2329 est.ex
1890 2270 2014 2326 sul)-

429 2364 630 2419 stanlia
663 2364 881 2435 genitus
924 2372 1029 2429 est,
1083 2364 1280 2435 reliqui
1316 2379 1447 2419 vero
1500 2378 1692 2441 omnes
1721 2379 1787 2419 ex
1813 2364 2012 2417 volun-

428 2465 542 2513 tate
577 2464 726 2512 sunt.
781 2456 918 2512 Cum
953 2467 1134 2513 autem
1192 2459 1432 2515 dicimus
1462 2455 1662 2511 Filium
1729 2472 1852 2512 esse
1880 2472 2015 2511 con-

430 2548 847 2606 subsuntialem
877 2547 1050 2611 Patri,
1081 2549 1309 2605 minime
1342 2549 1580 2604 dicimus
1615 2563 1740 2603 eum
1765 2563 1889 2603 esse
1933 2549 2012 2603 si-

429 2641 482 2693 bi
532 2640 633 2710 ipsi
669 2641 1217 2703 consubstantialem,
1276 2656 1401 2696 cum
1442 2641 1546 2697 sibi
1592 2639 1696 2710 ipsi
1733 2654 1893 2693 nemo
1941 2641 2015 2693 sit

425 2731 938 2787 consubstantialis.
960 2730 1030 2785 At
1057 2738 1139 2792 tn.
1173 2732 1218 2785 si
1254 2746 1445 2787 revera
1491 2731 1681 2787 fateris
1728 2731 1911 2785 omnia
1946 2746 2011 2785 ex

428 2821 605 2885 Patris
641 2823 922 2878 voluntate
954 2838 1053 2894 per
1082 2822 1282 2877 Filium
1318 2839 1445 2878 esse
1477 2821 1644 2886 facta,
1678 2829 1733 2877 et
1758 2839 1861 2877 una
1886 2839 2011 2879 eum

428 2913 553 2975 aliis
598 2910 796 2967 Filium
829 2926 1050 2984 quoque
1107 2913 1315 2967 factum
1346 2928 1471 2968 esse
1520 2914 1684 2975 dicis,
1740 2916 2015 2970 concedas

425 3004 592 3060 etiam
623 3012 840 3075 Oportet
874 3020 903 3058 a
936 3004 1119 3075 seipso
1150 3003 1359 3058 factum
1379 3019 1502 3060 esse
1533 3023 1547 3059 :
1573 3004 1720 3076 quod
1750 3007 1796 3061 si
1826 3007 2016 3062 absur-

426 3097 555 3151 dum
594 3096 646 3151 id
678 3105 784 3160 est,
841 3112 975 3152 sane
1010 3112 1118 3151 non
1169 3105 1254 3151 est
1286 3098 1587 3153 voluntatis
1628 3097 1825 3156 Filius.
1877 3098 2011 3154 Nam

425 3189 472 3243 si
508 3206 526 3236 c
567 3186 919 3259 Quaecunque
953 3188 1085 3243 facit
1122 3187 1305 3249 Pater,
1344 3189 1459 3243 htec
1485 3196 1539 3243 et
1586 3187 1762 3243 Filius
1811 3191 2009 3245 simili-

423 3289 507 3334 ter
540 3278 668 3334 facit
688 3280 758 3345 ",
799 3299 818 3331 ι
870 3280 1029 3333 faciet
1072 3280 1235 3334 etiam
1288 3278 1460 3335 Filius
1492 3280 1660 3334 alium
1703 3279 1920 3345 Filium,
1948 3290 2010 3336 ut

423 3371 606 3425 omnia
636 3371 891 3427 similiter
947 3371 1114 3425 faciat
1150 3386 1271 3442 quae
1305 3370 1486 3427 Pater.
1536 3370 1694 3438 Quod
1728 3373 1775 3428 si
1840 3374 2005 3428 alium

420 3461 619 3518 Filium
649 3479 756 3518 non
799 3463 925 3518 fecit
955 3479 1131 3535 neque
1156 3465 1305 3529 facit,
1352 3465 1471 3535 ipse
1508 3480 1729 3535 quoque
1759 3480 1868 3519 non
1921 3474 2008 3521 est

421 3556 721 3627 opificium.
761 3555 1044 3611 Veraciter
1075 3557 1219 3611 enim
1248 3557 1465 3611 locutus
1494 3564 1579 3612 est
1609 3572 1732 3611 eum
1763 3557 2001 3612 diceret:

428 3669 449 3709 ς
484 3649 835 3720 Quaecunque
882 3649 1013 3705 facit
1051 3648 1237 3713 Pater,
1297 3649 1414 3705 haec
1446 3662 1499 3706 et
1551 3650 1727 3705 Filius
1756 3651 2010 3707 similiter

422 3744 574 3798 facit.
615 3763 634 3794 ι
668 3743 786 3798 Non
819 3742 946 3797 facit
999 3750 1180 3797 autem
1217 3744 1459 3814 seipsum
1507 3741 1682 3799 Filius
1717 3762 1730 3798 :
1765 3758 1876 3797 non
1924 3750 2010 3798 est

421 3836 587 3906 igitur
635 3835 838 3891 factum
888 3835 1193 3905 quidpiam.
1262 3834 1332 3889 At
1398 3834 1571 3899 dices,
1632 3849 1741 3888 non
1799 3833 2008 3889 dixisse

420 3918 719 3991 Christum,
778 3929 972 3984 Omnia
1013 3942 1134 3998 qua:
1169 3927 1317 3987 fecit.
1352 3927 1448 3983 sed
1496 3942 1620 3998 qua:
1654 3926 1784 3981 facit
1817 3945 1830 3981 :
1867 3928 2008 3982 scito

419 4035 627 4075 morem
651 4036 773 4076 esse
791 4020 1089 4090 Scriptum
1120 4020 1186 4073 de
1205 4019 1370 4073 rebus
1400 4019 1692 4089 praeteritis
1726 4019 2008 4089 loquentis

2115 1901 2211 1954 καὶ
2238 1899 2626 1972 ὁμολογοῦμεν,
2657 1899 2752 1951 καὶ
2789 1896 3113 1967 πιστεύομεν
3139 1894 3422 1966 ὁμοούσιον
3454 1890 3598 1947 εἶναι
3623 1892 3704 1961 τῷ

2114 1993 2290 2063 Πατρὶ
2320 1992 2412 2049 τὸν
2445 1991 2595 2044 Υἱόν.
2640 1990 2739 2043 Διὰ
2773 1989 2882 2060 γὰρ
2908 1987 3067 2041 τοῦτο
3102 1987 3194 2039 καὶ
3226 1987 3484 2057 μονογενῆ
3536 1984 3710 2039 αὐτὸν.

2113 2081 2253 2138 εἶναι
2287 2084 2615 2153 πιστεύομεν
2632 2100 2646 2114 ·
2684 2083 2766 2135 ὅτι
2804 2081 2963 2151 μόνος
2990 2078 3151 2142 αὐτὸς
3179 2079 3243 2131 ὲκ
3266 2078 3366 2148 τῆς
3392 2077 3586 2140 οὐσίας
3610 2093 3707 2145 γε-

2113 2178 2390 2249 γέννηται,
2432 2174 2615 2238 καθὼς
2647 2174 3005 2247 προείρηται·
3040 2172 3089 2225 οί
3117 2170 3172 2223 δὲ
3202 2169 3350 2224 ἄλλοι
3382 2168 3591 2232 πάντες
3636 2170 3705 2221 ἐκ

2113 2268 2213 2339 τῆς
2245 2268 2534 2338 Θελήσεως.
2580 2266 2894 2337 Ὀμοούσιον
2931 2263 2990 2317 δὲ
3017 2262 3266 2331 λέγοντες
3291 2259 3371 2330 τῷ
3398 2260 3580 2330 Πατρὶ
3608 2258 3705 2311 τὴν

2115 2361 2264 2423 Υίὺν,
2299 2361 2400 2414 οὐκ
2444 2360 2607 2414 αὐτὸν
2658 2357 2836 2428 ἑαυτῷ
2879 2356 3111 2427 λέγομεν
3151 2352 3467 2425 ὀμοούσιον·
3519 2351 3703 2415 οὐδεὶς

2113 2453 2224 2525 γὰρ
2258 2453 2421 2517 αὐτὸς
2447 2451 2626 2522 ἑαυτῷ
2652 2450 2956 2523 ὁμοούσιος.
2990 2448 3053 2501 Ei
3078 2446 3136 2499 δὲ
3168 2444 3382 2515 ἀληθῶς
3410 2442 3709 2513 ὁμολογεῖς

2112 2546 2184 2600 τὰ
2214 2547 2391 2599 πάντα
2418 2545 2479 2597 ἐκ
2506 2544 2608 2612 τῆς
2635 2542 2941 2613 βουλήσεως
2968 2540 3062 2593 τοῦ
3094 2538 3304 2610 Πατρὸς
3325 2536 3415 2590 διὰ
3440 2536 3538 2589 τοῦ
3566 2535 3700 2589 Tim“:

2114 2637 2415 2706 γεγονέναι,
2437 2634 2575 2705 μετὰ
2598 2635 2656 2687 δὲ
2682 2634 2900 2688 πάντων
2921 2633 3100 2701 λέγεις
3129 2629 3364 2698 τὸνιΥἱὸν
3384 2629 3703 2698 γεγονέναι,

2114 2733 2210 2785 καὶ
2251 2729 2416 2784 αὐτὸν
2456 2729 2524 2782 δι’
2557 2726 2752 2782 ἑαυτοῦ
2785 2726 2977 2791 δώσεις
3009 2724 3332 2794 γεγονέναιο.
3360 2727 3410 2776 εί
3441 2722 3503 2775 δὲ
3536 2720 3707 2775 τοῦτο

2114 2824 2332 2886 ἄτοπον,
2379 2822 2479 2876 οὐκ
2528 2822 2637 2892 ἄρα
2689 2818 2992 2891 βουλήσειῦς
3036 2821 3184 2872 ἐστιν
3230 2820 3260 2871 6
3309 2815 3457 2879 Υἱός.
3493 2814 3558 2868 Ei
3587 2814 3701 2887 γὰρ

2122 2933 2141 2966 α
2183 2916 2322 2968 Ὅσα
2349 2914 2416 2969 ἂν
2448 2917 2594 2967 ποιεῖ
2633 2916 2663 2968 6
2707 2913 2917 2983 Πατὴρ,
2962 2911 3130 2965 ταῦτα
3159 2911 3253 2965 καὶ
3277 2912 3306 2964 6
3333 2909 3463 2973 Υἱὸς
3493 2908 3705 2979 ὁμοίως

2117 3008 2282 3070 ποιεῖ,
2321 3028 2339 3060 ι
2373 3008 2589 3077 ποιήσει
2617 3006 2713 3060 καὶ
2737 3007 2766 3058 6
2790 3005 2916 3070 Υἱὸς
2939 3003 3096 3059 ἄλλον
3127 3003 3265 3065 υἱὸν,
3296 3003 3382 3055 ἵνα
3406 3003 3590 3056 πάντα
3621 3001 3702 3071 τῷ

2116 3100 2291 3173 Πατρ“ι
2342 3100 2545 3170 ὁμοίως
2597 3100 2818 3174 ποιήσῃ.
2873 3100 2936 3152 Ei
2987 3097 3045 3152 δὲ
3093 3097 3194 3151 οὐκ
3253 3095 3531 3167 ἐποίησεν,
3575 3094 3702 3149 οὐδὲ

2040 3164 2085 3227 c
2117 3164 2279 3258 ποιεῖ,
2311 3164 2411 3245 οὐξι
2441 3192 2557 3246 ἔστι
2584 3164 2801 3263 ποίημα
2818 3192 2997 3255 αὐτός.
3042 3190 3320 3261 Ἀληθεύει
3368 3164 3479 3258 γὰρ
3519 3188 3705 3257 λέγων
3806 3254 3815 3268 ⁸

2116 3287 2199 3340 ὅτι
2221 3301 2235 3316 ⁸
2256 3305 2273 3336 ι
2304 3286 2489 3340 Πάντα
2518 3287 2618 3340 ὃσα
2650 3286 2715 3339 ἂν
2740 3287 2884 3339 ποιεῖ
2903 3286 2931 3338 6
2956 3283 3167 3355 Πατὴρ,
3196 3281 3367 3359 ταῦτα
3398 3283 3494 3336 καὶ
3514 3283 3545 3334 6
3570 3280 3702 3344 Υἱὸς

2113 3379 2315 3451 ὁμοίως
2352 3381 2516 3433 ποιεῖ.
2559 3399 2579 3431 ι
2616 3380 2689 3433 Οὐ
2725 3381 2870 3433 ποιεῖ
2902 3378 2959 3431 δὲ
2990 3378 3209 3431 ἑαυτόν·
3260 3374 3359 3431 οὐκ
3400 3376 3552 3430 ἔστιν
3592 3378 3703 3450 ἄρα

2115 3471 2346 3542 ποίημα.
2384 3470 2525 3525 Ἀλλ’
2549 3472 2693 3545 ἐρεῖς
2710 3488 2724 3501 ο
2749 3472 2863 3524 Οὐκ
2887 3467 3059 3534 εἶπεν,
3092 3470 3274 3524 Πάντα
3294 3471 3393 3523 ὅσα
3416 3470 3706 3539 ἐποίησεν,⁵

2112 3564 2228 3618 ἀλλ’
2260 3564 2359 3618 ὅσα
2385 3566 2563 3618 ποιεῖ’
2592 3564 2850 3633 γίνωσκε,
2880 3564 2961 3617 ὅτι
2990 3563 3110 3627 ἔθος
3144 3566 3211 3635 τῇ
3237 3564 3429 3636 Γραφῇ
3455 3563 3520 3615 τδ
3555 3579 3700 3633 mp-

2114 3656 2330 3727 ῳχηκδς
2388 3655 2465 3719 ὡς
2512 3654 2607 3709 ἐπὶ
2652 3654 2948 3718 ἐνεστῶτος
3006 3655 3198 3726 χρόνον
3248 3654 3459 3723 λέγειν·
3494 3654 3575 3719 ὡς
3614 3654 3698 3717 τὸ,

2120 3767 2140 3799 ι
2192 3749 2250 3801 '0
2295 3747 2465 3801 ποιῶν
2495 3748 2622 3811 τούς
2670 3747 2934 3815 ἀγγέλους
2976 3747 3141 3801 αὐτοῦ
3186 3745 3508 3816 πνεύματα·
3546 3765 3567 3796 ι
3604 3746 3701 3799 καὶ

2114 3842 2174 3893 ὲν
2203 3838 2406 3911 ἐτὲρῳ’
2448 3858 2466 3891 ι
2513 3838 2571 3892 Ὀ
2599 3838 2863 3908 θεμελιῶν
3014 3840 3115 3908 γῆν
3148 3838 3242 3889 ἐπὶ
3267 3837 3366 3907 τὴν
3396 3836 3703 3906 ἀσφάλειαν

2112 3912 2317 4001 αὐτῆςέ
2366 3949 2384 3981 ι
2416 3931 2531 3991 καὶ,
2573 3947 2591 3981 ι
2626 3930 2685 3981 Ὀ
2710 3928 2877 3981 ποιῶν
2909 3927 3157 3989 πλειάδα,
3184 3925 3277 3981 καὶ
3302 3927 3562 3997 ἕσπερον,
3606 3928 3702 3981 καὶ

2114 4019 2437 4093 ἀρκτοῦρον,
2468 4020 2561 4074 καὶ
2586 4023 2807 4090 ταμιεῖα
2843 4020 3018 4073 νότου.
3070 4038 3090 4072 t

419 4128 666 4182 praesens
725 4121 942 4182 tempus
991 4126 1261 4180 usurpare
1301 4135 1314 4165 :
1349 4111 1659 4180 cuiusmodi
1696 4112 1832 4166 illud
1870 4121 1998 4166 est:
2045 4129 2065 4163 ‹
2135 4113 2237 4179 Qui
2274 4113 2401 4167 facit
2469 4116 2696 4184 angelos
2761 4125 2892 4168 suos
2938 4114 3165 4183 spiritus
3206 4112 3275 4164 ⁸⁸.
3312 4130 3331 4163 ι
3389 4109 3460 4165 Et
3522 4111 3699 4167 alibi:

426 4228 446 4258 ι
488 4210 588 4276 Qui
623 4211 859 4264 fundasti
894 4218 1094 4265 terram
1126 4224 1293 4274 super
1322 4209 1671 4265 stabilitatem
1694 4224 1849 4264 suam
1886 4210 1957 4273 ⁸⁹;
1993 4230 2012 4261 ι
2054 4218 2142 4266 et:
2169 4209 2303 4281 «Qui
2338 4208 2470 4265 facit
2496 4212 2731 4284 pleiada,
2755 4219 2809 4277 et
2837 4225 3147 4283 vesperum,
3181 4215 3237 4263 et
3300 4214 3612 4271 arcturum,
3645 4213 3702 4261 et

419 4307 718 4376 penetralia
744 4307 855 4359 noti
876 4307 944 4361 “.
984 4325 1004 4359 ›

494 4401 583 4453 to.
621 4403 813 4454 Anam.
863 4401 1001 4454 Ante
1034 4401 1217 4456 omnia
1260 4416 1391 4457 vero
1418 4408 1474 4457 et
1521 4401 1575 4456 in
1624 4402 1817 4472 primis
1850 4418 2002 4474 quie-

2185 4400 2273 4458 10.
2327 4401 2525 4470 Ἀνόμ.
2558 4398 2672 4472 Πρὸ
2699 4400 2915 4454 πάντων
2940 4399 3000 4452 δὲ
3030 4397 3123 4453 καὶ
3168 4398 3305 4471 ὑπὲρ
3337 4396 3523 4453 πάντα
3564 4399 3704 4471 ἐρω-

418 4504 545 4545 rere
575 4505 639 4545 ex
675 4492 807 4559 ipsis
830 4501 1062 4560 oportet,
1091 4494 1222 4562 quid
1269 4493 1539 4564 significet
1575 4511 1687 4548 non
1732 4496 1999 4566 genitum.

2114 4494 2213 4565 τᾷν
2243 4493 2322 4545 δεῖ
2359 4494 2575 4557 αὐτοὺς,
2614 4492 2667 4545 τί
2707 4492 2959 4562 σημαίνει
3002 4491 3063 4544 τὸ
3114 4491 3428 4561 ἀγέννητον.
3484 4492 3550 4545 El
3600 4491 3702 4563 μὲν

418 4582 576 4649 Nam,
611 4584 656 4647 si
688 4586 1049 4645 substantiam
1085 4587 1509 4656 declarat,quod
1536 4603 1722 4642 verum
1753 4598 1861 4657 est,
1889 4596 2004 4642 tan-

420 4687 473 4731 ta
500 4678 604 4731 erit
634 4676 1022 4746 discrepantia.
1062 4676 1215 4733 Orth.
1251 4678 1318 4731 At
1347 4695 1447 4733 nos
1489 4695 1707 4750 quoque
1730 4688 1855 4735 ante
1883 4696 2001 4734 om-

415 4770 508 4824 nia
562 4768 881 4837 «interimus,
945 4769 1075 4837 quid
1120 4770 1388 4839 signiﬁcet
1411 4774 1676 4840 genitum.
1750 4770 1906 4837 Nam,
1954 4771 2001 4826 si

419 4864 786 4917 substantiam
822 4842 1093 4923 declarat,
1133 4863 1278 4931 quod
1306 4862 1506 4936 falsum
1539 4871 1646 4932 est,
1698 4865 1881 4918 omnia
1910 4880 2003 4938 ge;

417 4956 534 5008 uita
574 4963 736 5009 erunt
764 4955 1276 5019 consubstantialia.
1331 4956 1401 5009 At
1449 4957 1493 5011 si
1548 4973 1656 5011 non
1689 4968 1818 5013 sunt
1869 4940 2005 5013 con-

418 5046 804 5109 substantialis
857 5048 1037 5101 omnia
1089 5049 1293 5118 genita,
1338 5047 1486 5119 quod
1538 5065 1730 5120 verum
1758 5057 1869 5125 est,
1902 5066 1997 5121 ge-

416 5140 595 5194 nitum
642 5141 811 5211 igitur
860 5155 968 5194 non
1029 5148 1111 5195 est
1138 5141 1467 5211 substantia.
1518 5146 1597 5197 Ac
1648 5145 1693 5199 si
1756 5145 1996 5215 genitum

416 5246 530 5286 non
562 5240 647 5287 est
691 5233 1023 5301 substantia,
1065 5246 1173 5287 non
1204 5233 1446 5304 genitum
1477 5250 1696 5306 quoque
1736 5251 1846 5290 non
1877 5235 1998 5292 fue-

416 5323 492 5376 rit
521 5326 850 5379 substantia.
899 5323 1055 5390 Quod
1087 5327 1132 5380 si
1176 5341 1288 5382 non
1328 5329 1571 5398 genitum
1618 5335 1704 5383 est
1742 5330 2001 5385 substan-

2110 4586 2221 4656 γὰρ
2242 4585 2338 4657 τὴν
2368 4585 2575 4648 οὐσίαν,
2605 4585 2741 4655 ὅπερ
2780 4585 2926 4638 ἐστὶν
2955 4583 3177 4654 ἀληθὲς,
3207 4585 3445 4654 τοσαύτη
3474 4582 3633 4639 ἔσται
3665 4586 3699 4654 ἡ

2111 4677 2456 4750 παραλλαγή.
2500 4678 2652 4746 Ὀρθ.
2683 4678 2792 4731 Καὶ
2824 4678 2984 4748 ἡμεῖς
3008 4677 3065 4730 δὲ
3097 4678 3202 4751 πρὸ
3231 4677 3451 4731 πάντων
3478 4676 3703 4749 ἐρωτῶ-

2113 4788 2234 4841 μεν,
2288 4771 2341 4823 τί
2372 4758 2624 4841 σημαίνει
2666 4771 2729 4824 τὸ
2775 4770 3053 4840 γεννητόν.
3087 4758 3155 4824 Εί
3203 4770 3301 4841 μὲν
3330 4769 3441 4842 γὰρ
3467 4770 3570 4841 τὴν
3608 4770 3700 4824 οὐ·

2113 4862 2260 4933 σίαν,
2290 4862 2426 4934 ὅπερ
2454 4851 2571 4917 ἐστί
2596 4862 2811 4932 ψεῦδος,
2838 4863 3017 4917 πάντα
3047 4861 3117 4917 τὰ
3142 4861 3378 4931 γεννητὰ
3396 4860 3695 4932 ὁμοούσια·

2107 4957 2158 5008 εί
2187 4955 2246 5008 δὲ
2272 4956 2335 5008 οὐ
2363 4956 2539 5009 πάντα
2570 4956 2640 5008 τὰ
2660 4956 2895 5024 γεννητὰ
2918 4955 3199 5026 όθμοούσια,
3226 4954 3366 5024 ὅπερ
3389 4942 3544 5006 ἐστὶν
3567 4953 3705 5023 ἁληο.

2110 5048 2221 5113 θὲς,
2257 5050 2357 5102 οὐκ
2389 5049 2495 5121 ἄρα
2526 5048 2587 5101 τὸ
2621 5048 2881 5118 γεννητὸν
2921 5047 3100 5102 οὐσία.
3149 5047 3213 5100 Εἰ
3240 5047 3298 5117 δὲ
3336 5047 3400 5100 τὸ
3432 5048 3698 5119 γεννητὸν

2105 5142 2207 5197 οὐκ
2232 5142 2410 5205 οὐσία,
2439 5142 2561 5196 οὐδὲ
2584 5142 2646 5195 τὸ
2677 5141 2970 5212 ἀγέννητον
2997 5139 3174 5195 οὐσία.
3204 5140 3268 5194 Εί
3299 5139 3358 5192 δὲ
3378 5139 3443 5193 τὸ
3463 5140 3698 5210 ἀγέννη-

2105 5252 2196 5288 τον
2228 5235 2406 5298 οὐσία,
2438 5233 2499 5287 τὸ
2522 5233 2579 5287 δὲ
2608 5233 2865 5304 γεννητὸν
2899 5232 3001 5286 οὐκ
3022 5232 3200 5294 οὐσία,
3220 5230 3450 5284 ἁνούσια
3478 5231 3552 5295 τὰ
3576 5247 3697 5298 γεν-

2107 5326 2263 5398 ητὰ.
2310 5325 2376 5380 Τί
2417 5320 2511 5380 οὖν
2542 5325 2657 5392 (‘27)
2689 5324 2868 5394 λέγεις
2915 5324 3201 5394 ἀνόμοιον;
3234 5321 3309 5375 τὸ
3351 5319 3466 5401 γὰρ
3516 5320 3604 5408 μὴ.
3633 5320 3697 5374 ὃν

491 5478 562 5510 ⁸⁸·
577 5477 745 5534 Hebr.
775 5497 814 5543 ι,
850 5481 905 5536 5.
980 5480 1026 5513 ⁸⁷
1063 5479 1222 5537 Joan.
1257 5499 1313 5545 ν,
1348 5480 1437 5538 l9.
1512 5482 1560 5517 ⁸⁸
1590 5481 1737 5539 Psal.
1770 5499 1901 5547 cm,
1935 5482 1992 5538 ι.

2114 5484 2117 5511 ¹
2157 5481 2290 5538 ibid.
2322 5481 2378 5538 5.
2451 5481 2499 5514 “
2535 5480 2643 5537 Job
2676 5495 2728 5535 ix
2753 5521 2768 5544 ,
2802 5478 2858 5534 9.

492 5630 833 5711 (ᾷϐὶςῇστὶν
852 5706 866 5711 _
886 5635 1335 5711 ἀπαράλλακτος·
1364 5638 1514 5707 Ὀρθ.
1545 5639 1607 5693 El
1671 5639 1791 5711 μέν.
1855 5638 1987 5695 Mss.

421 5704 584 5774 male.
609 5704 743 5769 Ibid.
776 5705 946 5773 Palat.
975 5704 1304 5793 διατρέπειν.

2171 5635 2283 5711 (97)
2322 5631 2429 5691 Οὐν
2464 5635 2616 5692 deest
2650 5632 2903 5709 inPalat.
