3862 6204
128 304 272 364 ΗΠ

1121 305 1210 361 DE
1251 303 1523 361 SANCTA
1560 300 1938 358 TBINITATE
1975 301 2321 357 DlALOGUS
2358 301 2422 356 11.

3261 295 3399 353 M78

124 426 227 482 τ·ιῦ
258 422 416 488 Υἱοῦ,
444 423 563 479 ἀλλ’
591 423 626 495 ή
657 423 874 493 γένεσις
902 422 1040 496 (42),
1083 424 1291 497 ταύτης
1320 422 1475 478 ἔσται
1505 426 1535 477 ὀ
1563 422 1713 487 Υἱὸς,

1825 435 2013 476 censes
2039 419 2358 492 ἀγεννησία,
2385 434 2481 475 seu
2506 404 2927 475 innascibilitas.
2958 416 3085 473 Hac
3103 416 3271 487 igitur
3295 416 3403 472 erit

126 517 229 570 καὶ
265 513 402 584 αὑτὴ
433 513 599 567 αὐτοῦ
630 516 841 587 Πατήρ.
872 515 1204 580 Βαπτισθεὶς
1229 516 1339 589 ἄρα
1363 517 1445 580 είς
1469 517 1711 588 Πατέρα,

126 609 214 671 είς
247 606 460 676 γένεσιν
489 607 824 679 ἐϐαπτίσθης
848 610 943 663 καὶ
970 610 1048 673 είς
1072 609 1164 663 τὸν
1191 610 1395 683 ταύτης
1424 611 1552 665 Υἱόν
1577 611 1712 681 (45).

128 699 291 771 Τάχα
337 699 447 772 γὰρ
493 700 633 763 οὐδὲ,
680 703 730 754 εί
777 701 894 755 ἔστι
945 702 1171 774 Πνεῦμα
1216 703 1395 773 ἅγιον,
1445 704 1709 777 ἀκήκοας.

150 789 351 858 Ἀνόμ.
388 789 559 843 Πόθεν
586 789 651 843 ἄν
679 807 762 854 τις
807 792 908 862 τὴν
936 793 1248 848 ὑποστᾶσαν
1278 793 1418 865 πρὸς
1447 795 1547 865 τὴν
1577 795 1714 849 ὑπο-

131 880 415 952 στήσασαν
448 881 610 950 φύσιν
656 882 718 935 τὸ
761 884 1179 956 ἀπαράλλακτον
1220 887 1301 950 είς
1343 886 1531 941 οὐσίαν
1569 886 1715 957 ἔχειν

131 975 566 1044 συγχωρήσειεν,
619 976 681 1028 οὐ
731 978 1099 1049 προσιεμένης
1134 977 1235 1049 τῆς
1273 979 1531 1049 τοιαύτης
1582 981 1717 1034 ὑπο-

132 1064 383 1128 στάσεως
416 1065 668 1134 γένεσινς
717 1067 872 1135 Ὀρθ.
905 1069 968 1122 El
1011 1071 1043 1141 ἡ
1085 1069 1184 1140 μὲν
1227 1071 1511 1124 ὑποστᾶσα
1554 1072 1716 1140 φύσις

133 1148 333 1214 ἔξωθεν
361 1153 734 1222 προσεγένετο,
765 1156 1185 1227 ἀπαράλλακτος
1205 1154 1343 1213 εἷναι
1375 1160 1435 1213 ού
1458 1160 1712 1216 δύναται·

131 1241 184 1291 εἰ
214 1239 273 1292 δὲ
309 1240 369 1306 ἐξ
401 1243 564 1297 αὐτοῦ
608 1245 930 1319 γεγέννηται
961 1247 1037 1312 ὡς
1066 1248 1408 1320 ἀπαύγασμα
1436 1250 1593 1323 δόξης
1621 1252 1717 1306 καὶ

130 1328 423 1400 χαρακτὴρ
461 1332 561 1401 τῆς
609 1333 980 1399 ὑποστάσεως,
1025 1336 1087 1389 τὸ
1125 1337 1542 1409 ἀπαράλλακτον
1581 1340 1713 1411 ἔχει.

139 1436 157 1464 ι
183 1418 244 1471 ὐ
276 1437 293 1467 ι
326 1419 436 1490 γὰρ
469 1442 487 1471 ι
525 1422 786 1493 ἑωρακὼς
814 1426 916 1496 ἐμὲ
940 1425 1152 1499 ἑώρακε
1178 1428 1268 1482 τὸν
1302 1429 1543 1505 Πατέρα,
1570 1452 1588 1484 ι
1618 1434 1717 1503 οὐχ

130 1508 330 1561 ἑαυτὸν
360 1512 538 1581 φήσας
571 1513 791 1585 Πατέρα
819 1515 928 1586 tu)
962 1512 1122 1581 εἷναι,
1165 1517 1303 1572 ἀλλά
1326 1519 1566 1575 τοιοῦτον
1605 1517 1718 1575 οἷον

129 1600 227 1653 τὸν
256 1601 495 1674 Πατέρα.

209 1868 299 1923 15.
349 1869 545 1939 Ἀνόμ.
570 1940 575 1947 ἱ
597 1870 661 1923 El
710 1870 1080 1944 ἀτελευτήτως
1127 1872 1370 1944 διαμένει
1406 1875 1436 1926 ὁ
1480 1872 1612 1937 Θεὸς
1662 1875 1721 1928 ἐν

131 1961 419 2033 ἀγεννήτῳ
454 1961 634 2032 φύσει,
669 1963 762 2016 καὶ
801 1962 1176 2034 ἀτελευτήτως
1219 1964 1280 2017 τὸ
1324 1964 1569 2038 γέννημα
1595 1966 1721 2035 γένο

135 2052 292 2124 νημά
316 2055 463 2107 ἐστιν
482 2053 616 2126 (45),
643 2056 678 2127 ή
705 2054 800 2109 τοῦ
829 2056 1115 2127 ὀμοουσίου
1139 2056 1233 2110 καὶ
1264 2057 1599 2127 ὁμοιοουσίου
1621 2075 1721 2112 κα-

134 2145 356 2212 κοδοξία
415 2147 988 2222 παραφανισθήσεται·
1024 2150 1240 2204 ἵσταται
1266 2150 1325 2204 δὲ
1352 2150 1416 2204 τὸ
1462 2153 1522 2205 ὲν
1562 2151 1722 2224 οὐσίᾳ

131 2237 492 2310 ἀσύγκριτον,
535 2239 804 2312 ἑκατέρας
847 2240 1062 2311 φύσεως
1111 2241 1406 2307 ἀπαύστως
1437 2242 1723 2315 διαμενού-

133 2341 240 2398 σης
276 2330 336 2383 ὲν
365 2328 444 2400 τῷ
471 2330 655 2402 οἰκείῳ
686 2331 784 2403 τῆς
818 2331 1033 2402 φύσεως
1064 2331 1335 2404 ἰδιώματι.
1367 2334 1522 2403 Ὀρθ.
1560 2334 1721 2405 Ὁμο-

131 2418 319 2489 λογεῖς
359 2419 471 2492 (46)
510 2421 572 2475 τὸ
607 2421 855 2493 γέννημα
890 2421 1107 2495 ἀληθῶς
1138 2423 1403 2496 γέννημα·
1432 2424 1718 2496 ὁμοούσιον

136 2512 241 2582 μὲν
264 2508 357 2566 οὖν
384 2511 558 2577 ἔσται,
582 2513 683 2567 οὐκ
714 2515 1007 2587 ἀγέννητον
1032 2515 1241 2572 δέ.’¹οτι
1271 2517 1382 2590 γὰρ
1409 2518 1469 2571 τὸ
1491 2517 1721 2590 ἀγέννη-

132 2619 231 2655 τον
270 2601 429 2672 φύσις
470 2603 570 2657 οὐκ
608 2603 744 2670 ἔστι,
786 2603 1087 2658 δέδεικταιο
1110 2606 1160 2657 εἰ
1204 2604 1315 2676 γὰρ
1338 2604 1398 2658 τὸ
1425 2605 1722 2675 ἀγέννητον

136 2694 304 2766 φύσις
332 2695 475 2766 (47),⁸
506 2697 600 2751 καὶ
639 2695 703 2750 τὸ
736 2697 993 2768 γεννητὸν
1034 2696 1215 2767 φύσις.
1262 2698 1326 2751 Εἰ
1372 2696 1433 2752 τὸ
1463 2697 1721 2770 γεννητὸν

139 2788 325 2856 φύσις,
359 2789 538 2843 πάντα
568 2789 638 2843 τὰ
680 2788 914 2860 γεννητά
963 2789 1067 2859 τῆς
1109 2789 1281 2859 αὐτῆς
1332 2791 1440 2843 είσι
1480 2789 1717 2859 φύσεως.

138 2877 203 2930 El
230 2877 287 2931 δὲ
323 2879 384 2931 οὐ
430 2878 608 2934 πάντα
643 2879 715 2933 τά
744 2879 978 2950 γεννητά
1012 2881 1112 2944 τῆς
1148 2880 1319 2952 αὐτῆς
1342 2883 1449 2934 εἰσι
1481 2880 1718 2951 φύσεως,

136 2967 203 3023 τὸ
230 2969 484 3041 γεννητὸν
514 2972 613 3025 οὐκ
652 2971 768 3025 ἔστι
792 2970 987 3041 φύσιςσ
1022 2973 1071 3025 εἰ
1114 2971 1171 3027 δὲ
1208 2972 1270 3026 τὸ
1307 2973 1564 3044 γεννητὸν
1605 2973 1719 3045 (48)

134 3063 240 3116 οὐκ
302 3063 421 3117 ἔστι
468 3065 658 3135 φύσις,
705 3065 827 3120 οὐδὲ
887 3068 949 3121 τὸ
1015 3066 1308 3138 ἁγέννητόν
1361 3070 1479 3122 ἐστι
1533 3067 1714 3137 φύσις.

138 3156 266 3209 Ὀτι
289 3155 346 3209 δὲ
361 3156 644 3228 ὁμοούσιός
672 3159 788 3212 ἐστι
809 3159 887 3230 τῷ
918 3160 1113 3214 ἑαυτοῦ
1133 3162 1310 3232 Πατρὶ
1329 3163 1358 3214 ὁ
1385 3161 1715 3233 Μονογενὴς,

137 3248 411 3322 ἀκούομεν
452 3248 617 3305 αὑτοῦ
663 3249 912 3320 λέγοντος
935 3270 950 3284 ο
986 3270 1005 3304 ι
1039 3251 1225 3307 Πάντα
1265 3252 1365 3305 ὅσα
1410 3252 1477 3307 ἂν
1520 3253 1646 3323 ποιῇ
1693 3252 1724 3305 ὁ

138 3342 352 3415 Πατὴρ,
394 3342 569 3398 ταῦτα
611 3345 760 3399 καὶὸ
796 3344 923 3409 Υἱὸς
960 3345 1161 3416 ὁμοίως
1205 3346 1368 3401 ποιεῖ.
1402 3362 1422 3397 ι
1455 3338 1556 3398 Ὧν
1598 3344 1655 3399 δὲ
1686 3345 1722 3417 ἡ

136 3436 281 3508 αὕτη
330 3436 600 3508 ἐνέργεια,
631 3440 665 3507 ἠ
705 3437 843 3509 αὑτὴ
877 3437 1056 3492 οὐσία.
1100 3438 1299 3507 Ἀνόμ.
1335 3438 1399 3491 Εἰ
1431 3438 1724 3508 ἀγέννητός

138 3534 292 3585 ἐστιν
313 3532 343 3584 ὁ
363 3530 494 3595 Θεὸς
523 3530 621 3603 τὴν
640 3531 846 3596 οὐσίαν,
876 3533 978 3586 οὐκ
1001 3533 1189 3597 οὐσίας
1218 3532 1496 3586 διαστάσει
1521 3532 1583 3585 τὸ
1608 3549 1727 3601 γεν-

137 3623 304 3691 νηθὲν
318 3623 601 3696 ἐγεννήθη,
627 3624 742 3680 ἀλλ’
768 3624 1014 3692 ἐξουσίας
1033 3624 1143 3697 (49)
1163 3625 1549 3698 ὑποστησάσης
1569 3627 1722 3683 αὑτό.

140 3718 257 3790 Τὴν
290 3717 400 3789 γὰρ
430 3718 602 3790 αὐτὴν
632 3719 821 3774 οὐσίαν
850 3720 944 3774 καὶ
970 3718 1236 3790 γεννητὴν
1256 3714 1395 3773 εἶναι
1432 3721 1526 3774 καὶ
1566 3720 1726 3790 ἀγέν-

138 3829 302 3883 νητον
323 3812 497 3876 οὐδεὶς
522 3812 681 3882 λόγος
715 3813 955 3886 εὐσεϐὴς.
977 3814 1280 3886 ἐπιτρέπει.
1319 3815 1473 3884 Ὀρθ.
1505 3815 1618 3869 Οὐκ
1636 3816 1726 3869 οὑ-

142 3905 268 3969 σίας
292 3903 569 3958 διαστάσει
611 3904 671 3958 τὸ
702 3904 964 3976 γεννηθὲν
994 3904 1289 3977 ὲγεννήθη’
1322 3904 1483 3959 τοῦτο
1509 3906 1620 3978 γὰρ
1658 3905 1725 3962 ἂν

135 3994 211 4072 ἦν
242 3997 496 4070 σώματος
522 4000 697 4052 εἰπεῖν
733 3997 832 4069 τὴν
861 3998 1046 4052 οὐσίαν
1064 4013 1080 4029 ο
1129 3997 1245 4051 ἀλλ’
1278 3999 1343 4051 ἐκ
1373 3997 1476 4069 τῆς
1503 3999 1728 4070 ἀσωμά-

137 4109 240 4147 του
272 4092 457 4156 οὐσίας
489 4090 808 4162 θεοπρεπῶς
843 4090 1127 4163 ἐγεννήθη,
1167 4090 1246 4154 ὡς
1267 4089 1609 4161 ἀπαύγασμα
1641 4090 1728 4145 δό-

141 4185 267 4257 ξης.
298 4186 362 4239 El
388 4184 446 4239 δὲ
483 4186 576 4239 καὶ
598 4184 761 4248 αὐτὸς
785 4185 904 4238 κατ’
931 4183 1199 4251 ἐξουσίαν,
1232 4183 1483 4256 καθάπερ
1513 4186 1561 4238 οἱ
1580 4183 1729 4249 δεξά-

143 4295 301 4349 μενοι
343 4277 535 4332 αύτόν’
570 4278 877 4348 γέγραπται
914 4277 1045 4348 γὰρ,
1091 4277 1173 4330 ὅτι
1209 4294 1228 4327 ι
1267 4277 1506 4331 Ἔδωκεν
1544 4276 1727 4340 αὐτοῖς

137 4371 395 4436 ἐξουσίαν
413 4371 577 4425 τέκνα
596 4369 731 4423 Θεοῦ
758 4368 1040 4438 γενέσθαιο
1072 4387 1092 4419 ›
1121 4368 1240 4432 πῶς
1267 4367 1431 4422 αὑτὸν
1461 4366 1727 4439 μονογενῆ

1818 513 1940 568 Filii
1979 529 2147 569 causa
2176 532 2188 566 :
2217 514 2304 569 sin
2334 528 2465 568 vero
2510 527 2623 567 non
2655 512 2775 581 ipse
2804 509 2968 565 Pater
2995 520 3080 567 est
3124 510 3248 565 Filii
3302 524 3400 563 au-

1816 616 1957 675 ctor,
1988 608 2084 663 sed
2115 608 2427 679 generatio;
2467 622 2663 678 nempe
2698 606 2867 661 fuerit
2900 604 3277 676 generationis
3312 603 3405 657 Fi-

1816 703 1944 766 lius,
1976 712 2028 757 et
2049 702 2332 774 generatio
2361 701 2522 756 Pater
2552 700 2746 771 ipsius.
2777 698 2966 769 Itaque
3005 698 3316 767 baptizatus
3347 696 3403 749 in

1807 794 2054 858 Patrem,
2094 793 2627 863 fueris'baptizatus
2675 791 2732 846 in
2773 792 3201 863 generationem,
3249 798 3305 843 et
3345 790 3400 840 in

1817 884 1936 952 ejus
1965 881 2186 937 Filium.
2213 881 2349 937 Nam
2385 882 2640 937 fortassis
2670 897 2740 935 ne
2768 880 3026 934 audivisti
3069 878 3288 949 quidem
3330 890 3400 929 an

1819 977 1885 1031 sit
1916 974 2155 1045 Spiritus
2187 981 2434 1029 sanctus.
2473 975 2660 1027 Anam.
2696 971 2983 1038 Quomodo
3005 971 3130 1041 quis
3154 966 3403 1022 admittat

1817 1082 1936 1120 eam
1990 1073 2278 1127 naturam,
2330 1079 2451 1133 quae
2488 1062 2906 1118 subsistentiam
2964 1061 3206 1131 accepit,
3263 1057 3402 1113 nihil

1818 1158 2127 1213 substantia
2155 1156 2375 1212 dill‘erre
2400 1156 2470 1210 ab
2498 1171 2584 1220 ea,
2613 1170 2734 1225 qua:
2774 1154 3194 1210 subsistentiam
3229 1151 3399 1207 dede-

1818 1250 1910 1312 rit,
1941 1249 1987 1303 si
2017 1248 2285 1316 ejusmodi
2318 1246 2629 1318 hypostasis
2674 1261 2783 1300 non
2827 1244 3066 1299 admittit
3095 1243 3404 1313 generatio-

1818 1343 1983 1397 nem?
2015 1341 2170 1397 Orth.
2204 1339 2485 1410 Siquidem
2518 1354 2581 1393 ea
2607 1346 2801 1392 natura
2833 1352 2955 1412 qua:
2987 1335 3400 1391 subsistentiam

1819 1435 2048 1504 accepit.
2097 1433 2445 1488 extrinsecus
2492 1431 2841 1493 accessisset,
2895 1443 3005 1482 non
3054 1433 3202 1482 esset
3248 1427 3404 1479 inva-

1819 1525 1956 1578 riata
1983 1542 1997 1577 :
2032 1523 2119 1577 sin
2147 1538 2277 1577 vero
2300 1538 2363 1577 ex
2387 1537 2454 1576 eo
2482 1522 2663 1591 genita
2693 1526 2798 1578 est,
2822 1525 2881 1571 ut
2902 1515 3089 1588 glorias
3119 1513 3399 1585 splendor,

1817 1624 1870 1669 et
1894 1614 2261 1684 hypostasews
2287 1614 2595 1673 character,
2628 1609 2896 1663 invariata
2919 1616 3024 1664 est.
3060 1606 3208 1660 Dixit
3231 1605 3398 1668 enim,

1826 1728 1843 1759 ι
1875 1708 1979 1774 Qui
2016 1707 2152 1761 vidit
2181 1722 2285 1768 me,
2326 1707 2460 1760 vidit
2502 1714 2557 1761 et
2590 1704 2901 1766 Patrem“,
2936 1722 2955 1754 ι
3011 1717 3118 1755 non
3160 1699 3308 1770 quod
3342 1715 3402 1754 se

1821 1799 2037 1854 Patrem
2068 1813 2193 1854 esse
2224 1799 2454 1861 diceret,
2490 1797 2585 1853 sed
2624 1797 2789 1851 talem
2820 1795 2998 1865 qualis
3024 1793 3187 1847 Pater
3225 1797 3329 1846 est.

1894 1892 1980 1947 15.
2020 1891 2213 1945 Anam.
2257 1890 2315 1945 Si
2363 1891 2419 1944 in
2466 1897 2788 1960 perpetuum
2830 1892 3112 1956 permanet
3156 1883 3303 1939 Deus
3344 1883 3400 1937 in

1821 1991 2018 2038 natura
2062 1997 2172 2038 non
2206 1983 2412 2054 genita,
2449 1988 2504 2037 et
2540 1981 2688 2052 quod
2717 1981 2964 2052 genitum
2994 1987 3100 2045 est,
3139 1988 3403 2050 perpetuo

1820 2081 1907 2131 est
1949 2074 2216 2146 genitum,
2267 2087 2528 2144 perversa
2585 2072 3076 2129 consubstantialis
3114 2078 3170 2127 et
3204 2070 3403 2127 similis

1820 2166 2071 2223 essentiae
2102 2165 2356 2221 doctrina
2398 2165 2585 2220 statim
2622 2164 2949 2220 abolebitur.
2990 2162 3266 2218 Statuitur
3302 2175 3403 2217 au-

1823 2266 1931 2312 tem
1977 2256 2287 2312 substantia
2323 2270 2449 2312 esse
2491 2254 2922 2326 comparationis
2956 2253 3137 2309 omnis
3182 2268 3400 2323 expers,

1822 2348 1869 2404 si
1899 2354 2131 2418 utraque
2156 2354 2354 2402 natura
2384 2345 2442 2400 in
2484 2359 2583 2400 sua
2616 2344 2856 2400 naturali
2889 2343 3220 2416 proprietate
3250 2342 3404 2397 inde-

1822 2439 2066 2495 sinenter
2117 2447 2420 2509 permanet.
2477 2435 2632 2492 Orth.
2678 2434 2915 2503 Fateris,
2961 2435 3110 2507 quod
3157 2435 3402 2507 genitum

1821 2536 1929 2595 est,
1969 2543 2100 2585 vere
2141 2544 2266 2584 esse
2294 2528 2540 2599 genitum
2567 2546 2582 2583 :
2607 2529 2715 2582 erit
2748 2541 2882 2598 ergo
2910 2526 3401 2591 consubstantiale,

1823 2634 1935 2673 non
1966 2625 2147 2673 tamen
2173 2634 2285 2674 non
2315 2617 2581 2688 genitum.
2609 2615 2966 2674 Ostendimus
2998 2619 3145 2673 enim
3168 2633 3277 2673 non
3307 2633 3403 2689 ge-
3476 2634 3477 2637 ‘

1821 2708 1997 2763 nilum
2030 2724 2138 2763 non
2168 2724 2293 2765 esse
2323 2708 2709 2764 substantiam.
2740 2706 2898 2775 Nam,
2933 2709 2980 2764 si
3008 2724 3121 2764 non
3156 2711 3402 2780 genitum

1822 2805 1970 2853 esset
1997 2797 2247 2868 quaedam
2282 2806 2504 2863 natura,
2546 2800 2790 2870 genitum
2827 2814 3049 2870 quoque
3075 2810 3270 2854 natura
3312 2815 3403 2855 εει

1823 2900 1925 2945 set.
1975 2889 2131 2956 Quod
2173 2890 2220 2944 si
2261 2891 2506 2962 genitum
2556 2899 2706 2946 esset
2736 2898 2955 2953 natura,
2991 2892 3174 2946 omnia
3217 2895 3399 2964 genita

1821 2993 2008 3037 essent
2054 2981 2301 3051 ejusdem
2344 2992 2574 3037 naturae.
2623 2980 2768 3053 Ergo
2813 2998 2937 3037 cum
2987 2982 3170 3038 omnia
3217 2984 3401 3054 genita

1822 3089 1932 3127 non
1958 3073 2066 3127 sint
2091 3072 2336 3142 ejusdem
2366 3083 2596 3137 naturae,
2632 3075 2871 3145 genitum
2905 3089 3017 3129 non
3048 3083 3133 3130 est
3161 3084 3397 3143 natura;

1825 3163 1969 3234 quod
2002 3162 2050 3220 si
2078 3165 2319 3236 genitum
2350 3180 2459 3219 non
2494 3171 2580 3220 est
2605 3154 2824 3227 natura,
2858 3180 2966 3221 non
2995 3165 3241 3236 genitum
3267 3165 3396 3221 item

1824 3270 1933 3310 non
1966 3261 2050 3310 est
2076 3263 2292 3310 natura.
2315 3254 2474 3327 43],
2506 3253 2855 3327 Unigenitum
2884 3266 3065 3311 autem
3094 3271 3219 3312 esse
3246 3254 3399 3311 Patri

1824 3362 1926 3402 suo
1969 3348 2520 3413 consubstantialem,
2565 3348 2821 3404 audimus
2870 3350 3048 3419 ipsum
3092 3348 3180 3405 his
3215 3350 3399 3405 verbis

1824 3440 2095 3496 dicentem
2123 3458 2137 3494 :
2167 3458 2189 3492 ι
2216 3438 2414 3496 Omnia
2447 3456 2788 3513 quaecunque
2820 3440 2950 3496 facit
2980 3441 3163 3506 Pater,
3192 3442 3309 3498 haec
3344 3452 3401 3499 et

1825 3530 1996 3587 Filius
2019 3533 2270 3588 similiter
2297 3534 2428 3590 facit
2449 3534 2517 3588 ".
2550 3552 2571 3588 ι
2606 3532 2851 3600 Quorum
2876 3534 3021 3590 enim
3053 3533 3242 3590 eadem
3269 3549 3401 3605 ope-

1827 3624 1995 3687 ratio,
2049 3622 2238 3678 eadem
2297 3638 2516 3695 quoque
2568 3631 2652 3680 est
2698 3625 3026 3680 substantia.
3081 3625 3274 3679 Anam.
3340 3624 3397 3680 Si

1827 3712 1970 3769 Deus
2005 3721 2092 3770 est
2112 3714 2435 3770 substantia
2474 3731 2587 3771 non
2617 3716 2855 3787 genitus,
2880 3716 2935 3771 id
2978 3717 3123 3787 quod
3156 3717 3398 3789 genitum

1826 3815 1931 3871 est,
1962 3821 2071 3861 non
2100 3806 2266 3861 fuerit
2307 3807 2551 3877 genitum
2584 3808 2905 3863 substantia:
2934 3809 3260 3876 remotione,
3300 3811 3398 3866 sed

1827 3904 2097 3968 potestate
2118 3899 2169 3955 ei
2198 3898 2610 3954 subsistentiam
2640 3899 2934 3955 tribuente.
2966 3897 3224 3955 Eamdem
3254 3900 3399 3955 enim

1827 3991 2192 4047 substantiam
2220 3990 2404 4047 dicere
2441 4000 2496 4047 et
2515 3992 2752 4064 genitam
2782 4007 2905 4048 esse
2935 3999 2990 4048 et
3016 4007 3124 4047 non
3163 3992 3398 4063 genitam

1828 4084 1977 4138 nulla
2017 4084 2105 4154 pia
2153 4086 2292 4139 ratio
2337 4084 2561 4156 patitur.
2598 4084 2750 4140 Orth.
2794 4084 3047 4141 Genitum
3092 4087 3248 4150 illud,
3289 4101 3400 4142 non

1827 4184 1914 4233 est
1944 4178 2191 4247 genitum
2222 4179 2543 4233 substantiae
2570 4180 2910 4234 remotione:
2942 4179 3044 4233 hoc
3079 4179 3225 4233 enim
3256 4190 3402 4236 esset

1829 4284 2150 4340 corpoream
2181 4270 2548 4326 substantiam
2592 4270 2796 4335 dicere,
2843 4271 2939 4325 sed
2978 4285 3045 4326 ex
3078 4270 3401 4341 incorporea

1830 4363 2158 4426 substantia,
2209 4364 2284 4417 ita
2336 4371 2398 4417 ut
2446 4361 2539 4416 Dei
2586 4370 2800 4419 natura:
2844 4364 3118 4429 convenit,
3157 4365 3400 4434 genitum

139 4465 242 4518 καὶ
269 4462 426 4533 φύσει
452 4462 586 4516 Θεὸν
615 4460 815 4530 λέγεις,
859 4459 1068 4513 πολλῶν
1093 4458 1262 4514 ὄντων
1289 4458 1396 4513 τῶν
1423 4459 1542 4512 κατ’
1570 4456 1718 4524 ἐξου-

1827 4463 1932 4520 est,
1960 4463 2020 4510 ut
2040 4456 2226 4527 gloriae
2254 4455 2534 4526 splendor.
2567 4456 2725 4523 Quod
2754 4457 2800 4513 si
2829 4457 2946 4527 ipse
2977 4472 3195 4528 quoque
3223 4464 3308 4513 est
3333 4474 3403 4513 ex

140 4557 271 4611 σίαν
299 4554 431 4608 υἱῶν
461 4554 556 4608 καὶ
590 4551 760 4618 θεῶν;
793 4553 905 4624 Τὴν
935 4552 993 4606 δὲ
1031 4551 1199 4623 αὐτὴν
1231 4549 1420 4605 οὐσίαν
1455 4551 1722 4622 γεννητὴν

135 4650 241 4703 καὶ
273 4647 563 4718 ἀγέννητον
592 4644 768 4708 οὐδεὶς
807 4642 988 4712 λέγει’
1030 4641 1298 4697 δέδεικται
1329 4641 1460 4713 γὰρ,
1489 4642 1570 4697 ὅτι
1597 4640 1720 4697 οὔτε

136 4741 205 4794 τὸ
235 4737 527 4809 ἀγέννητον
572 4735 747 4801 οὐσία,
774 4734 898 4790 οὔτε
923 4734 986 4789 τὸ
1012 4733 1292 4805 γεννητόν.
1341 4734 1529 4804 Ἀνόμ.
1561 4734 1626 4788 Et
1659 4733 1723 4788 τὸ

136 4830 443 4900 ἀγέννητον
468 4828 754 4901 ἐγεννήθη,
780 4828 832 4882 τί
856 4826 1056 4882 κωλύει
1077 4827 1172 4881 καὶ
1199 4826 1261 4881 τὸ
1283 4827 1542 4898 γεννητὸν
1568 4827 1724 4896 ἀγέν-

135 4939 306 4994 νητον
349 4920 599 4989 γενέσθαι
629 4920 781 4992 (50);
816 4919 1032 4973 Μᾶλλον
1058 4917 1170 4988 γὰρ
1201 4915 1294 4971 τοῦ
1329 4916 1593 4971 ἀνοικείου
1628 4917 1722 4971 ἐπὶ

217 5105 264 5137 ⁸³
304 5102 461 5157 Joan.
498 5117 610 5161 xw,
646 5099 699 5154 9.

223 5257 335 5329 (42)
364 5255 650 5329 Palatinus
676 5254 705 5329 ξ
737 5254 1008 5329 γέννησις.

140 5362 148 5372 -
217 5320 331 5395 (45)
363 5327 647 5381 Palatinus
671 5324 708 5378 2
741 5320 796 5379 et
827 5320 964 5393 Aug.
999 5322 1094 5377 καὶ
1119 5320 1214 5395 τοῦ
1235 5323 1438 5395 ταύτης
1459 5322 1610 5395 Υίοῦ.

213 5393 330 5466 (44)
362 5397 643 5451 Palatinus
682 5396 717 5466 2
752 5402 806 5449 et
824 5395 962 5466 Aug.
990 5393 1181 5447 ἑαυτόν
1206 5410 1336 5466 φησι
1361 5393 1452 5466 τὸν
1477 5394 1714 5466 Πατέρα..

218 5462 332 5540 (45)
363 5465 712 5540 Palatinus?
765 5472 824 5540 e_t_
849 5462 1234 5540 _Augustanus_
1247 5462 1637 5540 ’ἀτελεύτητον
1655 5462 1716 5515 τὸ

138 5532 397 5610 γέννημά
432 5540 599 5592 ἔστιν.
635 5535 770 5610 Μρις⁸
791 5532 982 5590 ἱίἀθιιί
1008 5533 1326 5610 κακοδοξίαν
1349 5532 1703 5610 ἀφανισθήσες

139 5602 258 5666 ται.
292 5602 427 5665 Ibid.
464 5622 657 5665 omnes
681 5604 828 5660 Felc.
856 5605 1238 5676 manuscripti,
1274 5602 1550 5672 εἰσάγεται
1575 5602 1632 5656 δὲ
1661 5602 1720 5655 τὸ

128 5685 206 5739 -δν
244 5681 366 5735 οὖσί

221 5751 337 5824 (ιθ)
356 5744 511 5806 Palat
560 5748 597 5803 2
633 5754 691 5804 et
712 5746 849 5818 Aug.
876 5746 973 5817 τῆς
1003 5748 1235 5808 πίστεως
1259 5744 1720 5816 ἁξ·ὠματι.“ορθ.
1786 5787 1791 5797 .

776 5099 820 5131 ⁸³
857 5097 1015 5153 Joan.
1051 5114 1107 5160 ν,
1147 5097 1229 5152 l9.
1308 5098 1353 5128 ⁸³
1389 5096 1547 5152 Joan.
1583 5114 1634 5161 ι,
1674 5094 1760 5153 12.

1829 4553 2119 4616 potestate,
2153 4555 2294 4603 utet
2325 4548 2418 4618 qui
2457 4564 2581 4604 eum
2618 4558 2980 4619 receperunt;
3012 4549 3278 4618 scriptum
3317 4555 3404 4605 est

1827 4639 2010 4695 enim:
2043 4657 2063 4691 ι
2091 4638 2250 4695 Dedit
2308 4640 2389 4695 eis
2438 4648 2764 4711 potestatem
2816 4640 2956 4696 ﬁlios
2996 4640 3091 4695 Dei
3138 4640 3253 4697 ﬁeri
3278 4644 3344 4705 ⁸³,
3376 4659 3400 4694 ι

1827 4734 2100 4801 quomodo
2145 4733 2325 4803 ipsum
2359 4732 2497 4790 dicis
2527 4734 2864 4803 unigenitum
2901 4743 2954 4789 et
2984 4743 3179 4788 natura
3210 4734 3400 4798 Deum,

1827 4842 1950 4879 cum
1978 4842 2043 4881 ex
2077 4825 2173 4881 Dei
2199 4835 2465 4897 potestate
2486 4830 2643 4882 multi
2666 4828 2777 4884 sint
2804 4829 2878 4882 dii
2903 4836 2957 4882 et
2983 4828 3112 4882 ﬁlii?
3142 4827 3401 4883 Eamdem

1828 4934 1956 4975 vero
1992 4930 2241 4975 naturam
2283 4937 2407 4977 esse
2450 4923 2688 4993 genitam
2730 4932 2785 4977 et
2827 4937 2934 4977 non
2970 4923 3206 4992 genitam
3242 4936 3403 4977 netno

1828 5253 1894 5306 Εἰ
1909 5252 2059 5321 ὀμολ.
2086 5250 2258 5306 Paulo
2274 5261 2396 5321 post
2410 5248 2503 5307 οὖν
2521 5254 2675 5309 abest
2699 5254 2767 5307 ab
2783 5254 3039 5309 omnibus
3060 5250 3242 5307 Felck.
3263 5269 3395 5307 mss.

1899 5324 2013 5393 (47)
2042 5322 2207 5386 Φύσις
2237 5325 2392 5378 abest
2420 5340 2449 5377 a
2482 5322 2654 5378 Palat.
2686 5324 2720 5377 2
2757 5332 2811 5378 et
2842 5326 2979 5392 Aug.

1895 5391 2007 5464 (48)
2037 5394 2271 5459 Φύσεως,
2307 5392 2432 5448 οὔτε
2451 5393 2516 5446 τὸ
2542 5395 2795 5465 γεννητόν
2825 5391 2945 5448 ἐστι
2981 5393 3161 5464 φύσις,
3191 5392 3313 5447 οὔτε
3339 5391 3403 5446 τὸ

1820 5465 2136 5518 ἀγέννητον.

1859 5482 2136 5534 γεννητον.

2162 5549 2351 5607 omnes
2368 5532 2717 5607 Felck.gmss.
2745 5533 2888 5590 Editi
2919 5550 3067 5601 vero,
3094 5534 3153 5600 ἐξ
3186 5533 3395 5596 οὐσίας.

1827 5605 1992 5662 Iidem
2028 5606 2405 5678 ὑπστησᾲσης
2424 5605 2586 5678 αὑτό.
2615 5606 2775 5678 male.

1902 5678 2016 5749 (50)
2055 5674 2231 5733 Palat.
2262 5674 2297 5730 2
2318 5674 2373 5733 et
2406 5676 2544 5748 Aug.
2578 5675 2876 5747 γεγονέναι.
