3862 6204
487 238 628 294 H79

1619 239 1676 296 8.
1721 237 2268 296 ATIIANASIUS.—
2310 239 2585 297 SPCRIA.

3601 236 3808 293 ’1186)

489 351 618 406 dicit
649 350 958 420 :siqmdem
999 360 1285 408 ostensum
1315 362 1424 414 est.
1453 370 1631 425 neque
1659 371 1770 411 non
1803 357 2066 427 genitum.

2180 358 2234 412 τὸ
2266 359 2468 430 ἑαυτῆς
2515 358 2714 410 οἰκεῖον
2747 355 3026 423 ἐπείγεται
3071 355 3221 408 πᾶσα
3262 353 3443 423 φύσις.
3491 355 3669 420 ὀρθ.
3715 353 3804 405 ἠ

487 456 663 510 neque
702 443 944 511 genitum
973 482 988 504 ,
1041 458 1164 498 esse
1224 446 1614 500 substantiam.
1661 449 1852 502 Anam.
1902 447 1959 503 Si
2014 448 2068 503 id

481 534 631 605 quod
663 543 748 588 est
797 551 904 588 non
945 537 1209 604 genitum,
1255 539 1495 606 genitum
1527 545 1634 601 est,
1661 539 1789 608 quid
1826 541 2072 610 prohibet

481 626 803 692 quominus,
837 627 983 696 quod
1025 629 1268 696 genitum
1309 639 1414 689 est,
1450 630 1613 685 fuerit
1647 649 1754 685 non
1795 633 2072 702 genitura?

480 716 676 772 Omnis
715 720 860 773 enim
914 728 1108 774 natura
1148 722 1331 791 potius
1373 723 1438 775 ad
1485 723 1561 787 id,
1608 725 1752 793 quod
1794 726 1895 793 ipsi
1939 739 2066 794 pro-

479 811 665 878 prium
709 821 793 866 est
824 812 1141 884 impellitur,
1170 830 1332 882 quam
1369 815 1436 868 ad
1472 815 1522 868 id
1561 817 1706 885 quod
1741 825 1825 870 est
1855 819 1922 870 al)
1954 817 2068 886 ipsa

485 900 748 955 alienum.
793 901 947 956 Ortli.
993 901 1109 955 Non
1144 905 1386 972 genitum
1429 921 1602 973 neque
1643 909 1851 974 genuit,
1894 923 2072 976 neque

483 993 730 1053 genitum
783 1001 888 1054 est,
938 1008 1062 1045 cum
1108 1011 1215 1047 non
1267 996 1339 1047 sit
1381 995 1728 1048 substantia:
1764 998 1856 1051 sed
1898 997 2067 1060 Deus,

483 1085 700 1138 etiamsi
725 1081 895 1138 .Iudmi
938 1096 1116 1138 tecum
1157 1085 1209 1139 id
1253 1087 1448 1147 nolint,
1474 1088 1663 1156 genuit
1695 1106 1706 1140 :
1737 1090 1821 1141 sin
1860 1091 2066 1150 minus,

484 1191 888 1244 supervacanea
937 1176 1075 1230 foret
1121 1176 1300 1231 Patris
1345 1180 1655 1246 appellatio.
1699 1177 1834 1232 Cum
1884 1189 2062 1234 autem

481 1266 670 1321 dixisti
701 1275 950 1320 naturam
985 1269 1165 1336 potius
1199 1269 1266 1321 ad
1315 1270 1366 1323 id
1402 1271 1605 1340 urgeri,
1657 1271 1802 1339 quod
1844 1279 1925 1324 est
1962 1271 2062 1338 ipsi

482 1360 787 1427 proprium.
811 1359 971 1412 simul
1006 1360 1240 1414 docuisti
1271 1376 1378 1414 non
1411 1362 1650 1430 genitum
1684 1377 1791 1415 non
1821 1377 1942 1416 esse
1965 1378 2063 1415 na.-

2175 450 2469 520 ἀγέννητον
2497 448 2622 502 οὔτε
2653 449 2963 519 ἐγέννησεν,
2987 445 3111 500 οὐτε
3135 444 3396 517 ἐγεννήθη
3416 461 3430 474 ·
3463 444 3638 496 οὐσία
3669 443 3801 512 γὰρ

2175 543 2276 595 οὐκ
2305 541 2482 595 ἔστιν·
2514 541 2626 595 ἁδέ
2661 540 2793 604 Θεὸς
2825 538 3104 608 ἐγέννησε.
3137 537 3240 590 κᾶν
3269 536 3344 607 μὴ
3382 535 3587 589 Θέλωσι
3634 535 3794 604 μετᾶ

2177 633 2271 688 σοῦ
2302 634 2411 704 (51)
2459 635 2507 687 oi
2545 633 2822 686 Ἰουδαῖοι·
2860 634 2906 684 εί
2948 631 3005 683 δὲ
3058 631 3157 682 οὐκ
3200 629 3481 697 ἐγέννησε,
3531 626 3792 696 περιττὴ

2175 727 2270 778 καὶ
2301 727 2334 796 ἡ
2357 724 2449 776 τοῦ
2483 723 2693 796 Πατρὸς
2720 721 3079 794 προσηγορία.
3109 719 3182 772 Τὸ
3209 719 3286 781 δὲ,
3315 719 3514 789 μᾶλλον
3538 717 3664 788 γὰρ
3689 718 3792 768 ἐπὶ

2173 814 2233 867 τὸ
2265 815 2464 883 ἑαυτῆς
2513 815 2708 866 οἰκεῖον
2743 812 3022 880 ἐπείγεται
3074 812 3222 863 πᾶσα
3273 809 3452 879 φύσις,
3495 806 3789 879 εἰρηκὼς,

2173 903 2415 968 ἐδίδαξας
2457 903 2588 972 (52).
2620 904 2702 955 ὅτι
2743 903 2804 954 οὐ
2836 902 2898 954 τὸ
2937 902 3230 972 ἀγέννητον
3269 902 3300 970 ἡ
3339 898 3530 966 φύσις*
3567 897 3636 948 τὸ
3672 896 3789 967 γὰρ

2173 995 2526 1065 ἐπειγόμενον
2569 994 2696 1048 ἄλλο
2736 993 2874 1064 πρὸς
2906 993 3034 1047 ἄλλο
3082 992 3376 1059 ἐπείγεται.
3409 991 3471 1042 Εἰ
3523 988 3586 1042 δὲ
3650 988 3788 1041 οὗτε

2167 1085 2265 1138 τοῦ
2298 1087 2498 1139 οἰκείου
2545 1087 2692 1138 ἐστὶν
2717 1086 2866 1148 Υἱὸς,
2912 1083 3036 1136 οὐτε
3077 1084 3175 1153 τῆς
3205 1083 3440 1152 φύσεως,
3482 1080 3615 1133 είπέ
3663 1082 3787 1140 τοῖς

2183 1177 2491 1240 Ἰουδαίοιςο
2535 1176 2727 1240 δώσεις
2761 1176 2869 1248 γὰρ
2916 1176 3099 1240 αὐτοῖς
3150 1174 3476 1242 εὐαγγέλια·
3535 1172 3629 1223 ὅτι
3687 1172 3786 1222 τὸν

2173 1271 2313 1340 μήτε
2329 1269 2423 1322 τοῦ
2459 1270 2660 1322 οἰκείου
2695 1269 2822 1322 ὅντα
2858 1267 2982 1320 Υίὸν
3019 1269 3154 1338 μήτε
3190 1266 3288 1335 τῆς
3325 1266 3544 1334 φύσεως
3579 1263 3786 1314 ἐσταύ-

2173 1377 2374 1432 ρωσαν,
2403 1361 2625 1428 λέγοντα
2656 1360 2848 1414 ἑαυτοῦ
2884 1360 3013 1412 ἴδιον
3048 1359 3267 1428 Πατέρα
3294 1358 3384 1409 τὸν
3414 1355 3572 1409 Θεόν.

483 1461 684 1503 turam.
727 1449 862 1502 Cum
910 1451 1057 1505 enim
1103 1453 1379 1521 quidpiam
1426 1463 1672 1522 urgetur,
1717 1455 1948 1507 alterum
1999 1453 2066 1506 ad
2106 1453 2338 1507 alterum
2371 1463 2613 1524 urgetur.
2678 1452 2831 1518 Quod
2874 1453 2920 1506 si
2961 1465 3136 1519 neque
3178 1453 3254 1502 rei
3292 1451 3523 1517 preprize
3589 1461 3784 1513 neque

481 1551 692 1596 natura:
721 1541 894 1596 Filius
924 1554 1030 1603 est,
1073 1544 1178 1597 hoc
1221 1545 1387 1597 dicito
1415 1542 1647 1610 Iudaeis;
1691 1544 1886 1600 afferes
1917 1545 2063 1599 enim
2103 1545 2185 1598 eis
2217 1545 2428 1598 felicem
2497 1544 2795 1598 nuntium:
2842 1541 2985 1612 quod
3021 1541 3274 1595 videlicet
3321 1555 3469 1600 eum,
3532 1538 3637 1608 qui
3688 1554 3784 1592 reo

481 1653 589 1706 que
642 1637 721 1691 rei
773 1640 1006 1707 propria:
1057 1655 1234 1709 neque
1267 1649 1478 1695 natura:
1507 1640 1680 1697 Filius
1720 1651 1858 1705 erat,
1899 1642 2312 1704 crucifixerunt,
2337 1641 2594 1710 quoniam
2622 1640 2787 1694 Deum
2810 1641 3026 1693 Patrem
3051 1653 3171 1693 esse
3192 1653 3349 1693 suum
3371 1636 3619 1691 dicebat.

557 1732 644 1786 Η.
686 1733 879 1787 Anam.
925 1732 1206 1804 Siquidem
1237 1752 1344 1789 non
1370 1745 1518 1792 totus
1552 1737 1694 1793 Deus
1717 1747 1933 1793 estnon
1967 1754 2057 1808 ge--

2232 1739 2319 1793 14.
2359 1740 2547 1806 Ὰνόμ.
2580 1739 2642 1790 Ei
2671 1739 2742 1808 μὴ
2765 1737 2886 1801 ὅλος
2912 1738 2940 1789 6
2971 1736 3103 1799 Θεός
3131 1738 3276 1788 ἐστιν
3305 1735 3629 1803 ἁγέννητος,
3675 1733 3778 1786 οὐ·

481 1823 656 1885 nitus,
678 1826 811 1878 nihil
843 1827 1070 1896 impedit
1101 1830 1395 1897 quominus
1415 1833 1664 1900 genuerit
1691 1832 2067 1886 substantiali-

482 1924 589 1970 ter.
621 1916 691 1970 At
735 1918 781 1972 si
829 1926 976 1972 totus
1026 1929 1111 1974 est
1152 1936 1258 1972 non
1306 1924 1542 1990 genitus,
1587 1939 1697 1976 non
1731 1923 1940 1976 divisus
1975 1930 2062 1977 est

484 2009 922 2063 substantialiter
964 2011 1031 2063 ad
1079 2013 1472 2078 generandum,
1514 2013 1608 2068 sed
1646 2003 1915 2083 potestate
1961 2015 2057 2068 tri-

484 2102 604 2157 buit
647 2103 1060 2158 subsiSIentiam
1097 2106 1300 2173 genito.
1329 2105 1482 2161 Ortli.
1530 2105 1587 2160 Si
1627 2117 1774 2162 totus
1810 2107 1952 2163 Deus
1983 2116 2068 2162 est

483 2195 725 2263 genitus,
776 2196 910 2248 nihil
971 2197 1246 2266 prohibet,
1294 2200 1590 2268 quominus
1637 2201 1886 2268 genuerit
1935 2202 2067 2254 sub-

484 2287 839 2340 stautialiter.
875 2288 940 2340 At
978 2287 1170 2351 Filius,
1221 2299 1281 2343 ut
1314 2299 1374 2344 tu
1419 2293 1534 2361 ipse
1572 2293 1762 2353 sentis,
1802 2300 1948 2346 totus
1981 2301 2066 2347 est

483 2375 720 2441 genitus.
757 2375 854 2430 Die
879 2377 1068 2446 igitur,
1119 2395 1280 2448 quem
1313 2382 1565 2450 genuerit
1603 2383 2062 2440 substantialiter.

481 2462 641 2530 Quod
695 2467 741 2521 si
791 2467 1001 2520 nullum
1047 2472 1237 2538 genuit
1269 2471 1726 2534 substantialiter,
1767 2479 1821 2526 et
1849 2474 2066 2542 genitus

482 2566 601 2622 est;
636 2573 744 2611 non
777 2558 948 2628 igitur
989 2565 1366 2631 consequitur,
1403 2563 1529 2631 quia
1559 2564 1776 2632 genitus
1800 2573 1904 2626 est,
1941 2580 2064 2618 eum

481 2661 749 2717 generare
795 2649 1252 2706 substantialiter.
1287 2653 1356 2706 At
1386 2655 1430 2708 si
1467 2650 1660 2716 Filius.
1701 2670 1768 2710 eo
1813 2655 1958 2724 quod
1995 2658 2068 2710 sit

484 2738 722 2807 genitus,
770 2756 880 2794 non
925 2742 1132 2811 gignit;
1169 2758 1237 2798 ne
1278 2742 1440 2799 Pater
1485 2744 1728 2815 quidem,
1781 2747 1908 2816 quia
1959 2763 2064 2800 non

482 2831 701 2901 genitus
723 2841 830 2895 est,
859 2833 1068 2904 gignit;
1098 2835 1215 2898 sed,
1235 2837 1494 2906 quoniam
1527 2837 1669 2894 Deus
1709 2845 1814 2902 est,
1841 2839 2068 2909 ipsaque

485 2923 680 2992 gloria,
711 2924 1056 2994 splendorem
1104 2926 1290 2989 habet,
1322 2944 1446 2984 eum
1486 2931 1740 2984 videlicet
1771 2946 1930 3000 quem
1973 2945 2068 3000 ge-

484 3015 606 3068 nuit
637 3014 805 3070 Deum
833 3018 886 3070 in
921 3033 1043 3072 sese
1065 3018 1481 3075 subsistentem.
1517 3020 1632 3076 Nisi
1663 3022 1808 3076 enim
1841 3038 1908 3078 ex
1933 3023 2067 3078 sub-

2165 1831 2255 1885 δὲν
2283 1831 2390 1900 (55)
2409 1829 2607 1883 κωλύει
2632 1829 2693 1882 τὸ
2710 1828 3097 1898 γεγεννηκέναι
3130 1826 3420 1890 οὐσιιοδὼς.
3467 1827 3530 1878 Εἰ
3559 1825 3618 1878 δὲ
3648 1824 3778 1887 ὅλος

2166 1923 2310 1975 ἐστὶν
2335 1923 2649 1993 ἀγέννητος,
2667 1922 2767 1975 οὐκ
2785 1920 3058 1984 οὐσιωδῶς
3081 1921 3161 1985 εἰς
3183 1920 3393 1988 γένεσιν
3412 1918 3604 1986 διέστη
3625 1916 3774 1986 (ει).

2167 2011 2385 2084 ἐξουσίᾳ
2427 2011 2484 2064 δὲ
2530 2012 2803 2082 ὑπέστησε
2843 2011 2903 2063 τὸ
2947 2011 3214 2080 γέννημα.
3269 2011 3422 2076 Ὀρθ.
3472 2008 3604 2061 Ἐὰν
3645 2007 3776 2070 ὅλος

2167 2104 2280 2172 (55)
2309 2107 2338 2157 6
2369 2103 2504 2166 Θεὸς
2539 2105 2797 2174 γεννητὸς
2837 2099 2893 2176 ᾖ,
2922 2104 3073 2156 οὐδὲν
3123 2102 3320 2156 κωλύει
3360 2101 3768 2173 γεγεννηγέναι

2165 2196 2326 2249 αὐτὸν
2341 2195 2611 2258 οὐσιωδῶς
2629 2213 2642 2226 ·
2663 2195 2780 2260 ὅλος
2797 2195 2852 2247 δὲ
2869 2198 2896 2247 6
2923 2195 3050 2258 Υἱὸς
3067 2195 3208 2248 κατὰ
3227 2194 3286 2246 σὲ
3305 2194 3564 2264 γεννητός
3591 2194 3769 2245 ἐστιν·

2166 2288 2288 2341 εἰπέ
2320 2287 2442 2340 τίνα
2473 2289 2761 2358 ἐγέννησεν
2801 2287 3090 2350 οὐσιωδῶς.
3127 2288 3187 2340 Εἰ
3220 2287 3278 2340 δὲ
3318 2287 3509 2340 οὐδένα
3539 2287 3778 2356 ἐγέννη-

2167 2395 2260 2432 σεν
2306 2379 2580 2443 οὐσιωδῶς
2604 2379 2736 2450 (56),
2761 2379 2856 2433 καὶ
2901 2379 3154 2450 γεννητός
3189 2380 3370 2432 ἐστιν·
3397 2380 3499 2432 οὐκ
3529 2378 3671 2450 ἄρα.
3723 2381 3771 2432 εἰ

2165 2469 2423 2542 γεννητός
2461 2473 2599 2533 ἐστι,
2626 2471 2789 2541 γεννᾷ
2829 2469 3122 2532 οὐσιωδῶς.
3157 2470 3220 2522 Ei
3249 2468 3327 2530 δὲ,
3377 2469 3458 2522 ὅτι
3498 2467 3770 2539 γεννητὸς

2167 2562 2316 2612 ἐστιν
2347 2563 2375 2612 6
2407 2559 2555 2622 Υἱὸς,
2600 2561 2660 2612 οὐ
2699 2562 2881 2630 γεννᾷ,
2910 2560 3028 2612 οὐδὲ
3060 2561 3087 2611 6
3127 2559 3338 2629 Πατὴρ,
3369 2561 3416 2610 εί
3465 2556 3772 2626 ἁγέννητύς

2167 2652 2307 2714 ἐστι,
2340 2652 2536 2722 γεννᾷ·
2573 2650 2713 2704 ἀλλὰ
2750 2651 2882 2714 Θεὸς
2927 2648 3024 2711 ὢν,
3070 2649 3164 2702 καὶ
3197 2649 3474 2715 αὐτοδόξα,
3506 2647 3768 2716 ἀπαύγα-

2170 2760 2282 2814 σμα
2308 2743 2418 2814 ἔχει
2453 2744 2701 2814 γέννημα
2737 2743 2849 2813 (57)
2875 2743 3006 2797 Θεὸν
3037 2743 3423 2796 ἐνδπὸστατον.
3456 2743 3518 2795 Ei
3549 2741 3662 2814 γὰρ
3690 2739 3766 2812 μὴ

2167 2837 2232 2888 ἐκ
2261 2835 2362 2906 τῆς
2399 2836 2588 2898 οὐσίας
2624 2836 2932 2905 ἐγέννησεν,
2963 2835 3084 2889 οὐδὲ
3117 2835 3306 2906 Πατήρ
3337 2836 3454 2887 ἐστι
3512 2835 3641 2888 κατ’
3675 2833 3765 2887 οὐ·

2170 2927 2309 2982 σίαν.
2338 2927 2446 2980 Καὶ
2477 2928 2565 2980 ἵνα
2592 2927 2645 2980 τί
2679 2926 2960 2996 βαπτίζεις
2997 2928 3077 2990 είς
3118 2924 3354 2996 τοῦνομα
3398 2922 3492 2978 τοῦ
3519 2925 3760 2995 Πατρος,

2167 3017 2264 3073 τοῦ
2295 3019 2368 3091 μὴ
2404 3020 2524 3072 κατ’
2550 3019 2737 3072 οὐσίαν
2771 3018 3024 3090 Πατρός;
3054 3018 3323 3090 Γεννήσας
3347 3016 3404 3070 δὲ
3448 3017 3513 3069 ἐκ
3538 3015 3637 3085 τῆς
3669 3016 3758 3069 οὐο

485 3111 687 3164 stantia
712 3111 984 3180 genuerit,
1019 3127 1128 3166 non
1169 3121 1252 3167 est
1284 3112 1443 3167 Pater
1471 3114 1771 3170 secundum
1805 3115 2065 3170 substan-

2180 3111 2312 3175 σίας,
2357 3112 2420 3165 οὐ
2458 3109 2644 3180 διέστη
2674 3111 2751 3174 ὡς
2796 3110 3083 3180 ἐνόμισαςο
3115 3111 3178 3163 οὐ
3205 3109 3314 3180 γὰρ
3344 3108 3504 3178 σῶμά
3547 3108 3698 3161 ἐστιν
3725 3109 3755 3177 ἡ

483 3201 640 3257 tiam.
678 3201 745 3255 Et
776 3218 1041 3270 quorsum
1083 3205 1332 3274 baptizas
1372 3205 1426 3260 in
1473 3206 1694 3260 nomine
1731 3205 1934 3266 Patris.
1969 3207 2064 3277 qui

485 3310 598 3350 non
647 3295 718 3351 sit
758 3296 1062 3350 secundum
1119 3298 1489 3352 substantiam
1538 3297 1746 3353 Pater?
1792 3300 2064 3355 C:eterum

487 3387 716 3457 gignens
747 3401 814 3441 ex
837 3402 934 3441 sua
967 3389 1272 3444 substantia
1301 3388 1485 3453 Pater,
1517 3404 1624 3444 non
1656 3391 1866 3446 divisus
1894 3400 1979 3447 est
2008 3401 2067 3446 ut

487 3477 684 3540 sentis,
735 3479 996 3546 quoniam
1049 3495 1113 3534 ea
1171 3480 1482 3536 substantia
1532 3497 1644 3536 non
1696 3490 1782 3537 est
1840 3498 2064 3554 corpus.

486 3568 680 3621 Anam.
717 3568 772 3623 Si
799 3567 944 3624 Deus
975 3584 1082 3622 non
1115 3571 1335 3639 genitus
1364 3579 1448 3625 est
1490 3579 1637 3626 totus
1676 3574 1974 3641 generandi
2012 3575 2065 3629 vi

488 3659 769 3729 praeditus.
805 3658 860 3713 id
893 3658 1038 3729 quod
1062 3660 1304 3729 genitura
1351 3666 1434 3714 est
1470 3675 1580 3714 non
1611 3670 1696 3716 est
1727 3663 2066 3717 substantia-

486 3750 612 3806 iiter
636 3752 902 3821 genitum,
951 3769 1075 3806 cum
1120 3761 1232 3806 tota
1265 3753 1412 3809 illius
1453 3754 1761 3808 substantia
1805 3769 1924 3810 eam
1954 3755 2062 3809 vim

487 3843 708 3908 habeat,
733 3861 839 3916 qua
867 3847 1072 3915 gignat.
1113 3862 1221 3900 nun
1249 3855 1430 3901 autem
1461 3861 1566 3914 qua
1601 3847 1873 3916 gignatur.
1911 3845 2066 3903 Orth.

488 3933 568 3990 Ex
602 3945 694 3990 tua
744 3938 1038 4006 sapientia,
1091 3939 1138 3993 si
1180 3939 1434 4008 gignendi
1480 3939 1532 3992 vi
1579 3938 1805 4009 praedita
1854 3946 1940 3994 est
1975 3940 2065 3993 lux

487 4031 767 4096 universa,
801 4049 910 4086 non
959 4034 1130 4103 gignit
1165 4032 1512 4102 splendorem
1557 4048 1624 4087 ex
1659 4047 1758 4086 sua
1797 4033 2064 4095 essentia,

489 4125 585 4180 sed
639 4129 980 4180 extrinsecus
1019 4126 1194 4194 ipsum
1237 4125 1451 4194 recipit,
1492 4124 1748 4193 quoniam
1789 4130 1904 4177 tota
1955 4125 2064 4178 vim

489 4219 654 4274 habet
701 4236 806 4290 qua
845 4221 1050 4290 gignat,
1079 4235 1186 4273 non
1241 4227 1421 4273 autem
1471 4235 1578 4288 qua
1623 4218 1880 4287 gignatur

2170 3207 2348 3259 οὐσία.
2388 3205 2577 3275 Ἀνάμ.
2609 3205 2673 3258 Εἰ
2702 3204 2824 3267 ὅλος
2851 3203 2962 3274 (58)
2997 3202 3114 3257 ἐστὶ
3139 3201 3456 3272 γεννητικὸς
3480 3203 3508 3253 6
3532 3200 3756 3270 ἀγέννη-

2169 3317 2262 3364 τος
2292 3299 2444 3364 Θεὸς,
2467 3301 2567 3353 οὐκ
2602 3298 2876 3361 οὐσιωδῶς
2907 3297 2968 3350 τὸ
3001 3295 3259 3367 γεννηθὲν
3313 3291 3600 3365 ἐγεννήθη,
3632 3292 3756 3363 ὅλης

2171 3391 2405 3464 ἐχούσης
2431 3393 2529 3462 τῆς
2553 3393 2739 3455 οὐσίας
2779 3389 2947 3444 αὐτοῦ
2973 3388 3034 3442 τὸ
3057 3388 3270 3458 γεννᾷν,
3300 3385 3416 3439 ἀλλ’
3444 3386 3504 3437 οὐ
3537 3384 3599 3437 τὸ
3632 3400 3754 3453 γεν-

2167 3485 2384 3540 νεῖσθαι.
2418 3485 2572 3553 Ὀρθ.
2597 3484 2752 3538 Κατὰ
2775 3484 2874 3555 τὴν
2906 3481 3004 3552 σὴν
3028 3481 3242 3550 σοφίαν,
3283 3481 3331 3531 εἰ
3358 3477 3478 3531 ὅλον
3502 3476 3618 3529 ἐστὶ
3637 3493 3754 3544 γεν-

2169 3578 2387 3648 νητικὸν
2418 3575 2478 3631 τὸ
2511 3575 2648 3645 φῶς,
2676 3576 2776 3628 οὐκ
2803 3573 3077 3636 οὐσιωδῶς
3105 3572 3166 3626 τὸ
3198 3570 3543 3640 ἀπαύγασμα
3571 3569 3752 3638 γεννᾷ,

2171 3669 2285 3723 ἀλλ’
2331 3667 2528 3735 ἔξωθεν
2561 3668 2672 3738 (59)
2702 3667 2834 3720 αὐτὸ
2880 3663 3308 3736 προσλαμϐάνει,
3358 3661 3488 3730 ὅλης
3528 3659 3750 3730 ἐχούσης

2166 3761 2266 3832 τῆς
2289 3760 2476 3824 οὐσίας
2499 3759 2663 3814 αὐτοῦ
2697 3760 2758 3812 τὸ
2779 3759 2994 3829 γεννᾷν,
3021 3756 3135 3810 ἀλλ’
3155 3756 3217 3808 οὐ
3245 3755 3306 3808 τὸ
3333 3751 3626 3822 γεννᾶσθαι
3646 3767 3665 3782 ο
3702 3753 3748 3802 εἰ

2173 3852 2231 3905 δὲ
2260 3851 2321 3905 οὐ
2353 3850 2762 3923 προσλαμϐάνει
2793 3850 2854 3903 τὸ
2901 3849 3018 3918 φῶς
3059 3847 3254 3914 ἔξωθεν
3290 3846 3352 3898 τὸ
3396 3842 3750 3912 ἀπαύγασμα,

2174 3943 2290 3998 ἀλλ’
2311 3945 2376 3996 ὲκ
2403 3947 2501 4016 τῆς
2531 3944 2720 4007 οὐσίας
2748 3943 2880 3995 αὐτὸ
2925 3942 3116 4012 γεννᾷ·
3155 3939 3277 3992 οὐδὲ
3321 3939 3350 3990 ὁ
3377 3937 3510 3999 Θεὸς
3528 3937 3752 4006 mna-

2175 4051 2306 4088 σατο
2350 4035 2549 4102 ἔξωθεν
2570 4035 2721 4097 Υἱὸν,
2757 4034 2870 4088 ἀλλ’
2898 4035 2962 4086 ἐκ
2989 4032 3089 4102 τῆς
3113 4031 3300 4092 οὐσίας
3324 4031 3589 4100 γεννήσας
3620 4026 3749 4098 (60),

2175 4126 2467 4198 ἀμέριστος
2513 4127 2693 4198 μένειο
2729 4124 3020 4196 ἀσώματος
3053 4122 3180 4192 γάρ.

1935 4237 1950 4273 :
1997 4221 2080 4274 sin
2119 4236 2251 4275 vero
2307 4224 2398 4277 lu:
2449 4238 2556 4276 non
2598 4221 2790 4288 recipit
2839 4219 3182 4273 extrinsecus
3223 4215 3590 4286 splendorem.
3658 4215 3748 4270 sed

489 4328 554 4368 ex
591 4328 687 4367 sua
724 4313 1030 4368 substantia
1071 4313 1222 4367 illum
1267 4313 1466 4383 gignit;
1509 4311 1652 4366 Deus
1684 4327 1903 4382 quoque
1948 4327 2056 4365 non
2098 4315 2318 4371 aliunde
2365 4315 2654 4387 acquisivit
2704 4312 2926 4376 Filium,
2957 4311 3052 4367 sed
3096 4325 3162 4364 eo
3211 4326 3278 4364 ex
3312 4325 3412 4362 sua
3451 4308 3746 4363 substantia

488 4406 693 4476 genito,
726 4407 1039 4462 individuus
1063 4417 1265 4467 manet,
1295 4407 1554 4477 quoniam
1582 4415 1666 4461 est
1690 4407 2065 4476 incorporeus.

560 4497 722 4571 432
753 4500 837 4554 15.
878 4500 1068 4553 Anam.
1112 4497 1167 4553 Si
1195 4515 1323 4553 vero
1353 4499 1714 4554 substantiam
1758 4497 1850 4552 Dei
1888 4507 2066 4554 trans-

2243 4497 2330 4552 15.
2375 4495 2562 4563 Ἀνόμ.
2596 4493 2660 4546 Εἰ
2695 4491 2752 4544 δὲ
2801 4485 3342 4560 μετασχηματιθεῆα
3376 4486 3410 4555 ἡ
3465 4485 3620 4539 οὐσία
3659 4484 3754 4540 τοῦ

491 4591 779 4644 formatam
816 4590 1068 4645 dicamus
1108 4607 1231 4646 esse
1265 4591 1317 4644 id
1341 4591 1486 4659 quod
1518 4591 1761 4660 genitum
1795 4598 1899 4651 est,
1935 4591 2066 4645 sub-

492 4684 693 4737 stantia
728 4682 820 4737 Dei
851 4699 958 4737 non
991 4692 1072 4738 est
1100 4685 1478 4744 immutabilis,
1523 4700 1645 4738 cum
1679 4686 1908 4738 mutatio
1939 4700 2070 4754 pro-

491 4777 610 4846 prie
638 4773 834 4830 Filium
884 4774 1220 4829 formaverit.
1259 4774 1412 4830 Ortli.
1466 4773 1522 4828 Si
1571 4775 1662 4829 lux
1706 4775 2072 4830 transforma-

565 4909 678 4980 (51)
719 4910 907 4983 iidem,
953 4911 1026 4983 μὴ
1055 4911 1254 4983 λέγωσι
1288 4911 1425 4983 μετά
1457 4910 1572 4965 σοῦ.

492 4983 674 5105 Y£55512)
718 4981 908 5049 Iidem,
944 4980 1169 5049 ἔδειξας.
1213 4980 1357 5037 Infra
1401 4983 1585 5042 iidem,
1613 4981 1814 5035 οἰκείου
1851 4980 1996 5035 ἐστὶν
2039 4982 2068 5034 6

593 5071 639 5105 ς.

543 5055 639 5115 Mc.

562 5123 676 5191 (55)
718 5123 893 5178 Palat.
925 5125 977 5186 Ι,
999 5123 1034 5177 ‘2
1067 5132 1119 5179 et
1145 5124 1286 5188 Aug.
1321 5123 1383 5176 Ei
1415 5124 1514 5192 μὲν
1549 5125 1668 5185 ὅλος
1701 5121 1856 5188 (ὅλως
1878 5121 1993 5175 Pal.
2018 5121 2068 5187 1)

489 5195 519 5244 6
548 5194 682 5266 Θεὸς
710 5196 828 5266 ἐστι
857 5195 1114 5266 γεννητὸς
1151 5195 1322 5266 οὐδέν.
1353 5193 1770 5266 Ρθιιιιςτειιιῑθιη,
1811 5194 2070 5266 Εί-μένῃὸ

491 5265 725 5337 Λόγος-ὁ
754 5260 887 5337 Θεὸς
917 5260 1032 5318 ἐστί
1061 5265 1339 5337 γεννητὸς,
1374 5264 1485 5318 οὐδ.
1520 5264 1636 5319 Mor
1674 5279 1863 5319 omnes
1882 5260 2064 5317 Felck.

491 5351 626 5388 mss.
663 5335 725 5389 Ei
751 5335 807 5388 δὲ
836 5336 992 5399 ὅλως.

564 5405 677 5476 (54)
713 5404 828 5476 Pal.
881 5407 917 5459 ‘2
969 5415 1024 5460 et
1072 5409 1237 5476 Aug._
1258 5404 1488 5476 ὑπέστη.
1534 5404 1652 5458 Mox
1699 5403 1812 5476 Pal.
1851 5405 1903 5476 l,
1949 5403 2074 5476 ‘_E<_iv

492 5472 628 5538 ὅλως
660 5472 865 5599 ’ὀὸΘξὸς
900 5472 1254 5548 γεψητὸςέἶ.
1291 5475 1437 5532 Felc.
1458 5472 1600 5529 νἘὰν
1632 5478 1661 5528 6
1694 5474 1862 5544 Λόγος
1885 5475 1914 5526 6
1945 5472 2077 5535 Θεὸς

494 5558 691 5599 γεννητ
728 5563 755 5599 c
779 5562 833 5599 η.

494 5558 755 5599 γεννητὸς
779 5562 833 5599 η.

505 5559 622 5608 γενν
663 5559 755 5608 τος
779 5562 833 5618 η.

505 5679 536 5690 __
565 5563 677 5690 (5:9)
709 5603 834 5690 ξεὶι.
863 5615 984 5690 get
1007 5617 1144 5690 Aug.
1181 5617 1242 5672 Ei
1265 5617 1383 5682 ὅλος
1408 5617 1484 5671 δέ.
1509 5615 1624 5671 Pal.
1668 5617 1688 5670 Ι
1754 5616 1816 5669 El
1839 5613 1975 5677 ὅλως
1997 5613 2072 5667 δέ.

495 5679 676 5740 reici.
705 5685 841 5751 ὅλως
869 5687 944 5741 δέ.

2173 4587 2308 4642 Θεοῦ
2338 4586 2582 4657 γέννημα
2607 4583 2843 4650 λέγεται,
2874 4582 2975 4634 οὐκ
3007 4576 3383 4649 ἁμετάϐλητος
3409 4578 3443 4645 ἡ
3474 4576 3628 4630 οὐσία
3653 4578 3746 4631 αὐ-

2175 4679 2289 4743 τοῦ,
2322 4679 2421 4748 τῆς
2457 4674 2756 4747 μεταϐολῆς
2793 4671 3173 4744 ἐργασαμένης
3214 4668 3311 4740 τὴν
3339 4667 3434 4720 τοῦ
3465 4668 3595 4722 Υἱοῦ
3640 4669 3746 4722 ἰδιοο

2175 4770 2392 4839 ποίησιν
2420 4767 2555 4838 (61).
2595 4767 2741 4833 Ὀρθ.
2791 4765 2854 4817 Εἰ
2904 4758 3523 4834 μετασῃματισάμενον
3562 4760 3744 4828 τὸφιῖλς

2250 4904 2363 4975 (56)
2403 4902 2520 4957 Pal.
2555 4900 2672 4975 1_,_‘2
2705 4907 2760 4954 et
2785 4899 2928 4975 Atth
2954 4898 3248 4975 ἐγέννησεν
3277 4893 3740 4975 ὅῖίῐὸςρύσηῑιήάἐ

2176 4959 2360 5030 Ρυὶξκῖ
2391 4959 2684 5035 οὐσιωδῶς-
2706 4959 2962 5038 γεννητὸς
2995 4959 3163 5021 ἐστιν.
3210 4965 3326 5018 Pal.
3356 4959 3740 5038 j_060tw6£6;_ﬁ

2175 5047 2429 5114 γεννητός
2467 5033 2657 5114 ἐστίν(
2678 5033 2793 5095 ΡίιΙ.
2904 5049 2958 5114 et
2993 5039 3130 5108 Aug.
3184 5033 3479 5114 οὐσιωδῶς.
3493 5033 3740 5114 γένῃ-τὸς

2174 5104 2271 5180 ὧν,
2303 5104 2539 5187 ρύιίᾶρα
2567 5109 2890 5187 ᾖγτννητὸς
2914 5113 3042 5187 ’ἐστι
3081 5104 3245 5178 γεννᾷ
3281 5104 3576 5167 οὐσιωδῶς.
3609 5105 3665 5158 Ei
3690 5105 3737 5156 δὲ

2173 5173 2330 5257 οὺὶῆ
2364 5173 3122 5257 γεννκὲ-ι-Γῆἀγέπὲνηέές,ἑστιᾷ
3393 5241 3412 5257 .
3461 5242 3484 5257 .
3563 5244 3592 5257 ..

2247 5241 2356 5324 2‘57”)
2375 5241 2648 5325 Τέννημὲ
2667 5241 2820 5325 abest
2841 5241 2869 5304 εἰ
2893 5241 3068 5304 Palat.
3091 5249 3127 5302 ε
3153 5256 3208 5302 et
3234 5245 3374 5316 Aug.
3393 5241 3541 5298 infra
3562 5244 3730 5307 iidem,

2179 5330 2268 5382 ἵνα
2294 5330 2347 5382 τί
2383 5323 2620 5398 βαπτίζῃ
2645 5325 2733 5398 εἰς
2763 5323 2953 5398 ὄνομαέ

2251 5401 2362 5464 (58)
2383 5390 2545 5452 Ἔθις.
2567 5390 2623 5450 εἳ
2645 5393 2812 5448 Palat.
2842 5390 2878 5446 2
2914 5393 2974 5444 Ei
2998 5390 3154 5452 ὅλως.

2400 5471 2495 5541 §ic
2529 5466 2642 5541 Pal.
2683 5465 2798 5541 Set
2829 5465 2977 5541 Aug1
3009 5451 3175 5541 recte.
3214 5455 3378 5519 Editi,
3411 5456 3524 5510 ἀλλ’
3554 5457 3608 5524 ἐξ
3644 5451 3714 5510 ὧι

2253 5529 2364 5610 (60)
2399 5539 2669 5610 [εννήσας
2695 5536 2852 5610 abest
2866 5529 3188 5610 _a_’Pala_t._l.

2255 5596 2368 5683 (61)
2407 5608 2523 5664 Pal.
2551 5596 2575 5662 ἱ
2608 5596 2664 5664 οἱ
2691 5605 2831 5678 Aug.
2863 5602 2954 5658 Sic
2980 5611 3035 5658 et
3059 5599 3221 5665 infra,
3253 5596 3604 5669 εἰδοποίησιν.
