3862 6204
172 272 340 329 ’1181

1191 267 1282 324 DE
1319 266 1588 324 SANCTA
1631 264 2392 324 TRINITATE‘DIALOGUS
2426 263 2474 320 Π

3308 260 3449 318 1182

168 385 543 457 -ἀπαύγασμα
588 383 817 454 γίνεται,
853 383 952 438 οὐκ
991 382 1364 456 ἀμετάϐλητον
1407 383 1469 439 τδ
1509 382 1645 454 φῶς,
1678 382 1764 452 τῆς

1877 383 2028 439 tione
2055 382 2117 438 lit
2144 383 2422 455 splendor,
2462 382 2556 437 lux
2599 393 2708 435 non
2738 379 2846 436 erit
2884 376 3202 435 mutationis
3227 392 3446 448 expers,

203 476 510 550 μεταϐολῆς
532 476 911 548 ἐργασαμένης
930 475 1028 546 τὴν
1052 475 1147 529 τοῦ
1187 476 1619 547 ἀπαυγάσματος
1650 472 1775 528 ἰδιο-

198 569 422 637 ποίησιν
441 583 455 598 ·
485 567 535 619 εἰ
563 566 621 619 δὲ
643 566 704 619 οὐ
734 565 1066 637 μεταϐληθὲν
1089 567 1150 620 τὸ
1176 565 1294 636 φῶς
1321 566 1660 636 ἀπαύγασμα
1690 564 1775 633 γέ-

198 676 380 729 γονεν,
406 657 541 713 ἀλλὰ
567 658 662 711 καὶ
687 658 748 711 τὸ
773 658 886 728 φῶς
926 658 1071 729 μένει
1102 657 1238 728 φῶς,
1275 660 1369 713 καὶ
1401 658 1771 727 ἀπαυγάσμα-

199 751 297 815 τός
328 753 474 804 ἐστιν
505 750 703 805 αἴτιον·
740 752 831 805 καὶ
870 753 899 803 ὁ
930 751 1063 815 Θεὸς
1099 751 1245 821 μένει
1273 751 1425 815 Θεὸς,
1460 750 1556 804 καὶ
1597 752 1773 803 ἀπαυ-

198 842 481 919 γάσματός
501 844 646 897 ἐστιν
662 842 790 895 ἰδίου
816 843 1023 916 Πατὴρ,
1045 845 1144 898 οὐκ
1167 843 1363 910 ἔξωθεν
1384 842 1512 897 αὐτὸ
1541 840 1773 912 προσλα-

196 933 334 996 ϐὼν,
362 932 479 988 ἀλλ’
508 934 573 986 ἐκ
598 932 701 1003 τῆς
727 932 913 996 οὐσίας
943 933 1074 988 αὐτὸ
1106 933 1218 1000 (62)
1244 935 1539 1003 γεννήσαςι
1567 931 1649 984 διὸ
1677 930 1772 984 καὶ

197 1025 417 1094 ἀληθῶς
445 1025 560 1077 ἐστι
589 1025 797 1096 Πατήρ.
837 1026 1023 1094 Ἀνόμ.
1055 1027 1117 1078 Ei
1139 1026 1197 1079 δὲ
1230 1025 1314 1095 εἴη
1342 1025 1437 1078 καὶ
1460 1023 1773 1095 ἀμετάϐλη-

194 1134 292 1182 τος
319 1119 412 1170 καὶ
429 1116 690 1185 γενέσεως
712 1117 974 1188 κρείττων
1000 1120 1033 1188 ή
1059 1118 1218 1172 οὐσία
1244 1116 1338 1170 τοῦ
1356 1116 1511 1177 Θεοῦ,
1533 1115 1603 1168 τὰ
1626 1116 1769 1170 κατὰ

192 1209 287 1263 τὸν
302 1209 429 1262 Υἰὺν
455 1209 558 1272 ἕως
580 1207 739 1278 ψιλῆς
755 1208 1122 1281 προσηγορίας
1146 1206 1610 1278 ὁμολογηθήσεται
1632 1206 1764 1277 (65).

208 1301 363 1368 Ὀρθ.
392 1300 455 1352 EE
486 1299 651 1371 ᾕδεις,
695 1300 777 1353 ὅτι
802 1302 836 1371 ἡ
867 1301 1076 1368 γένεσις
1113 1300 1213 1354 οὐκ
1252 1299 1398 1352 ἔστιν
1438 1298 1613 1362 οὐσία,
1655 1297 1769 1367 ἐγί-

194 1411 425 1457 νωσκες,
446 1394 527 1446 ὃτι
550 1394 642 1447 καὶ
660 1395 688 1445 ὁ
708 1392 835 1455 Υἱὸς
860 1392 953 1445 καὶ
983 1394 1133 1446 πᾶσα
1160 1390 1291 1462 ἄλλη
1321 1389 1478 1443 οὐσία
1505 1387 1768 1458 γενέσεώς

193 1487 315 1539 ἐστι
344 1485 606 1558 κρείττων
641 1483 775 1553 (64).
802 1484 866 1536 Εἰ
906 1482 1015 1553 γὰρ
1059 1483 1092 1552 ἡ
1135 1481 1348 1549 γένεσις
1379 1480 1555 1540 οὐσία,
1590 1479 1766 1534 πάντα

189 1576 264 1630 τὰ
287 1576 519 1646 γεννητὰ
542 1574 819 1646 ὀμοούσια.
850 1574 963 1627 Οὐκ
984 1574 1090 1644 ἄρα
1119 1575 1153 1643 ὴ
1175 1573 1388 1641 γένεσις
1408 1571 1584 1625 οὐσία.
1619 1572 1684 1624 El
1709 1570 1766 1623 δὲ

188 1666 296 1720 οὐκ
316 1667 460 1722 ἔστιν
481 1671 514 1740 ἡ
543 1667 754 1736 γένεσις
772 1666 948 1727 οὐσία,
969 1666 1088 1719 οὐδὲ
1111 1666 1376 1737 κρείττων
1388 1665 1534 1718 ἐστὶν
1553 1663 1760 1727 οὐσίας.

1876 475 2007 545 quia
2051 475 2224 545 ipsius
2273 475 2505 528 mutatio
2538 471 2886 543 splendorem
2935 470 3280 527 ellicietzsin
3316 487 3451 526 vero

1874 567 2025 621 nulla
2063 566 2205 622 lucis
2238 567 2546 621 mutatione
2576 566 2635 619 fit
2667 565 2949 634 splendor,
2993 562 3089 618 sed
3122 564 3216 618 lux
3266 572 3473 640 manet.

1875 657 1990 719 lux,
2021 667 2074 714 et
2105 666 2191 714 est
2236 659 2546 728 Splendoris
2586 671 2752 713 causa
2784 674 2809 723 ;-
2829 654 2974 712 Deus
3013 670 3232 725 quoque
3264 662 3449 710 manet

1880 746 2044 809 Deus,
2085 756 2139 802 et
2183 757 2268 802 est
2301 749 2385 802 sui
2426 747 2732 817 splendoris
2764 746 2948 810 Pater,
2995 762 3104 801 non
3136 744 3280 815 quod
3320 760 3446 799 eum

1874 839 2224 895 extrinsecus
2273 840 2564 910 acceperit,
2615 839 2707 892 sed
2742 840 2996 907 quoniam
3043 853 3108 890 ex
3161 851 3262 891 sua
3312 835 3447 890 sub-

1876 929 2079 983 stantia
2130 944 2255 982 eum
2298 930 2530 999 genuit:
2566 929 2917 998 quamobrem
2968 928 3134 982 etiam
3196 940 3325 980 vere
3362 921 3453 979 est

1871 1018 2053 1075 Pater.
2103 1022 2294 1076 Anam.
2337 1020 2393 1074 Si
2442 1021 2744 1074 substantia
2776 1019 2869 1073 Dei
2905 1026 3055 1074 esset
3089 1017 3447 1072 immutabilis
3518 1000 3524 1017 ’

1870 1121 1926 1165 et
1974 1115 2328 1182 generatione
2375 1114 2648 1183 superior,
2703 1112 2859 1165 fateri
2908 1122 3181 1181 oporteret
3226 1110 3446 1164 nomine

1871 1209 2035 1259 tenus
2073 1218 2196 1258 esse
2245 1202 2466 1257 Filium.
2513 1204 2666 1258 Ortlt.
2700 1204 2755 1257 Si
2803 1219 2997 1258 nosses
3037 1204 3442 1273 generationem

1870 1309 1979 1348 non
2032 1309 2157 1349 esse
2200 1295 2587 1357 substantiam,
2628 1309 2821 1350 nosses
2867 1301 2927 1349 et-
2951 1290 3106 1357 illud,
3145 1292 3345 1347 Filium
3389 1298 3444 1348 et

1868 1384 2123 1455 quamvis
2149 1385 2309 1438 aliam
2351 1385 2736 1445 substantiam,
2767 1399 2890 1439 esse
2922 1384 3181 1453 quiddam
3212 1396 3443 1454 genera-

1870 1477 2020 1530 tione
2055 1477 2431 1546 praestantius.
2460 1476 2617 1542 Nam,
2647 1476 2692 1531 si
2711 1477 2990 1546 generatio
3013 1475 3441 1537 estsuhstantia,

1870 1568 2053 1636 genita
2087 1568 2271 1622 omnia
2311 1577 2441 1622 sunt
2473 1568 2983 1624 consubstantialia.
3021 1567 3311 1621 Generatio
3340 1565 3443 1635 igi-

1868 1667 1963 1712 tur
1994 1673 2104 1712 non
2157 1667 2241 1713 est
2289 1660 2616 1718 substantia,
2664 1673 2728 1711 ac
2776 1657 3007 1728 proinde
3037 1672 3143 1710 non
3189 1663 3274 1712 est
3303 1671 3443 1726 prae-

190 1756 258 1809 Εἰ
286 1758 394 1828 γὰρ
419 1759 682 1830 κρείττων
726 1758 874 1811 ἐστὶν
902 1757 1142 1828 οὐσίαςή
1181 1757 1413 1825 γένεσις,
1446 1755 1599 1810 ἔσται
1624 1755 1764 1810 κατὰ

1869 1750 2105 1804 stantior
2157 1749 2500 1810 subsnantia,
2553 1749 2756 1818 alioqui
2799 1750 2918 1817 ipso
2961 1748 3123 1802 etiam
3166 1745 3342 1806 Filio,
3393 1747 3441 1801 si

187 1852 292 1924 τὴν
321 1853 419 1923 σὴν
463 1852 651 1920 σοφίαν
681 1851 774 1904 καὶ
809 1850 902 1904 τοῦ
940 1850 1070 1904 Υἱοῦ
1115 1849 1397 1921 κρείττων.
1427 1848 1489 1901 Ei
1512 1847 1569 1900 δὲ
1605 1846 1763 1902 τοῦτο

188 1943 412 2006 ἄτοπον,
444 1943 601 2013 δῆλον
629 1943 712 1996 ὃτι
753 1944 786 2013 ἡ
824 1941 980 1995 οὐσία
1023 1941 1288 2013 κρείττων
1327 1940 1444 1993 ἐστὶ
1472 1937 1758 2006 γενέσεως.

189 2034 356 2089 Οὐδὲν
392 2035 500 2105 ἄρα
550 2033 690 2087 μέγα
733 2034 826 2086 ἐπὶ
853 2033 947 2087 τοῦ
990 2033 1204 2103 Πατρὸς
1238 2031 1347 2100 (65)
1391 2030 1673 2100 ἐνόμισας,
1714 2031 1765 2083 εἰ

185 2125 451 2195 κρείττων
474 2125 591 2177 ἐστὶ
618 2124 901 2193 γενέσεως.
934 2123 1059 2187 Πῶς
1084 2123 1140 2177 δὲ
1165 2122 1279 2184 καὶ,
1297 2124 1376 2184 είς
1405 2120 1567 2191 ψιλὴν
1593 2136 1765 2190 προσ-

184 2217 418 2287 ηγορίαν
476 2214 811 2287 βαπτισθεὶς,
854 2216 1095 2288 νομίζεις
1139 2215 1287 2286 ἔχειν
1313 2214 1554 2284 ἀσφαλὲς
1589 2213 1650 2267 τὸ
1678 2211 1768 2283 βά-

186 2323 436 2376 πτισμα
465 2307 601 2377 Οὐχὶ
632 2306 687 2359 δὲ
734 2307 827 2359 κα).
857 2306 989 2360 αὐτὸ
1015 2307 1074 2359 ἐν
1115 2305 1244 2377 ψιλῇ
1284 2303 1627 2377 προσηγορίᾳ
1652 2302 1764 2372 (66)

187 2398 488 2470 κέκτησαις
518 2399 582 2452 Εἰ
608 2397 717 2466 γὰρ
758 2397 820 2452 τὺ
857 2399 982 2463 Υἱὸς
1027 2397 1156 2469 ψιλὴ
1199 2396 1539 2469 προσηγορία
1581 2394 1765 2448 καὶτὸ

189 2491 398 2564 Πατὴρ,
433 2492 515 2555 εἰς
555 2492 615 2549 τὸ
644 2491 814 2562 ὄνομα
856 2490 950 2544 τοῦ
982 2490 1195 2561 Πατρὶς
1244 2490 1335 2542 καὶ
1365 2487 1458 2542 τοῦ
1493 2486 1625 2543 Υίοῦ
1670 2485 1767 2555 βα-

194 2582 452 2649 πτισθεὶς,
481 2568 562 2647 είς
591 2582 751 2654 ψιλὴν
779 2580 1152 2655 προσηγορίαν
1178 2578 1531 2650 ἐϐαπτίσθης.

1871 1848 2022 1894 tuam
2070 1840 2395 1910 sapientiam
2439 1856 2753 1911 sequamur,
2786 1841 3132 1909 praestantior
3180 1847 3445 1893 essetzat

1872 1932 1976 1987 hoc
2000 1933 2045 1987 si
2073 1931 2370 1987 absurdum
2393 1942 2514 1999 est;
2541 1932 2845 1987 substantia
2878 1932 3041 2002 igitur
3066 1937 3150 1984 est
3179 1937 3444 2000 praestan-

1870 2023 1982 2076 tior
2032 2024 2406 2094 generatione.
2449 2039 2552 2079 nec
2589 2025 2769 2093 magni
2800 2024 3111 2094 quidquam
3161 2022 3229 2077 de
3281 2021 3445 2076 Patre

1872 2115 2066 2178 sentis,
2113 2128 2238 2167 cum
2289 2113 2429 2168 dicis
2461 2113 2584 2183 ejus
2634 2113 2997 2167 substantiam
3038 2125 3164 2166 esse
3208 2122 3443 2179 genera-

1866 2205 2014 2260 tione
2043 2207 2494 2275 prtestantiorem.
2536 2204 2826 2270 Caeterum,
2862 2204 2908 2259 si
2934 2208 2989 2258 in
3020 2204 3226 2258 nudum
3244 2215 3443 2256 nomen

1866 2295 2176 2364 baptizatus
2206 2312 2289 2362 es,
2319 2312 2418 2352 cur
2442 2305 2595 2351 tuum
2627 2297 2953 2366 baptismum
2983 2303 3042 2348 ut
3067 2295 3204 2350 satis
3226 2294 3440 2348 ﬁrmum

1866 2387 2078 2445 babes?
2122 2387 2314 2445 Nonne
2361 2390 2494 2444 illud
2535 2389 2684 2444 nudo
2733 2390 2956 2444 nomine
2992 2396 3154 2442 tenus
3196 2386 3444 2441 obtinue-

1867 2477 1985 2532 ris?
2011 2476 2147 2533 Nam
2171 2478 2216 2533 si
2253 2476 2425 2535 Filius
2458 2488 2514 2534 et
2536 2477 2700 2534 Pater
2734 2480 2878 2533 nuda
2914 2485 3043 2533 sunt
3076 2476 3322 2540 nomina,
3344 2473 3443 2529 ba-

1867 2570 2105 2639 ptizatus
2132 2570 2188 2625 in
2216 2569 2400 2627 Patris
2425 2579 2479 2625 et
2510 2568 2635 2623 Filii
2675 2584 2895 2636 nomen,
2932 2570 2988 2624 in
3016 2572 3217 2623 nudam
3249 2567 3442 2637 appel-

1868 2660 2128 2717 lationem
2163 2676 2224 2715 es
2255 2661 2586 2731 baptizatus.

188 2916 333 2991 Haec
364 2931 509 2995 quae
535 2913 831 2996 sequitur
865 2916 1183 2996 appendix
1215 2915 1281 2979 in
1314 2934 1466 2978 mss.
1504 2918 1684 2980 codd.
1722 2919 1997 2982 illustris
2035 2918 2330 2985 hiblioth.
2364 2916 2559 2982 Palat.
2594 2917 2899 2982 continua
2944 2915 3261 2996 scriptura
3289 2930 3436 2981 cum

1266 2997 1771 3075 praecedentibus
1806 2999 2101 3064 conteret.
2146 3001 2379 3063 FELCK.

261 3117 343 3173 ιϐ.
382 3117 496 3190 (67)
541 3119 730 3186 Ἆνόμ.
766 3119 831 3172 Εἰ
856 3116 1247 3188 σπερματικὶἶκ
1279 3118 1339 3169 ὲν
1367 3115 1448 3188 τῷ
1480 3117 1759 3189 ἀγεννήτῳ

1931 3118 2020 3173 16.
2062 3119 2256 3175 Anam.
2299 3118 2358 3173 Si
2386 3118 2650 3189 genitum,
2684 3115 2913 3174 seminis
2938 3129 3091 3170 more
3120 3114 3176 3169 in
3207 3129 3318 3169 non
3345 3129 3440 3183 ge-

192 3210 246 3276 ςὺ
265 3209 510 3280 γέννημα
545 3208 683 3280 μετὰ
717 3208 817 3279 τὴν
863 3208 1075 3277 γένεσιν
1103 3207 1760 3281 ἔξωθενπροσλαμϐάνει,

191 3300 262 3365 ,ὒς
292 3300 358 3354 ἂν
382 3300 524 3357 εἴποι
568 3317 674 3365 τις,
715 3299 965 3373 ἠνδρώθη
1001 3300 1094 3354 καὶ
1129 3299 1331 3364 τέλειός
1372 3302 1519 3356 ἐστιν
1546 3302 1576 3354 ὀ
1606 3300 1759 3365 Υἱόςν

192 3393 289 3447 δύκ
322 3391 381 3459 ἐξ
407 3385 481 3453 ὧν
512 3391 799 3462 ἐγεννήθη,
844 3391 957 3445 ἀλλ’
990 3390 1050 3456 ἐξ
1090 3385 1166 3446 ὧν
1193 3391 1494 3464 προσέλαϐε
1514 3408 1528 3422 ·
1564 3392 1632 3446 τὰ
1655 3392 1765 3465 γὰρ
1812 3440 1821 3448 .

190 3482 529 3553 συγγενικῶς
581 3482 1064 3555 προσλαμϐάνοντα
1111 3483 1187 3547 ὡς
1245 3483 1303 3550 ἐξ
1369 3483 1591 3538 ἐκείνων
1647 3501 1765 3539 συν-

190 3575 400 3640 εστῶτα
434 3574 496 3628 τὸ
523 3573 619 3628 τοῦ
652 3574 857 3628 τελείου
883 3574 1054 3649 ὄνομα
1093 3573 1203 3644 (68)
1245 3573 1515 3646 διαφόρως
1544 3575 1761 3648 προσίε-

190 3669 314 3723 σθαι
344 3666 605 3736 πέφυκεν.
642 3667 794 3737 Ὀρθ.
830 3667 893 3720 Εἰ
928 3665 1314 3738 σπερματικῶς
1346 3667 1404 3719 ὲν
1432 3665 1510 3736 τῷ
1534 3667 1672 3735 φωτὶ
1702 3666 1764 3721 τὸ

189 3758 546 3829 ᾲπαύγασμα,
589 3758 711 3821 είπὲ
744 3758 839 3812 καὶ
872 3756 961 3811 τὸν
1000 3757 1128 3812 Υἱὸν
1166 3758 1225 3811 ὲν
1263 3755 1341 3827 τῷ
1372 3757 1581 3830 Πατρί·
1615 3760 1665 3811 εί
1705 3758 1764 3812 δὲ

187 3849 375 3922 μωρὸν
402 3851 464 3903 τὸ
482 3851 658 3903 ἐκεῖνο
684 3848 884 3917 λέγειν,
912 3848 1092 3921 μωρὸν
1116 3849 1294 3903 καὶτὸ
1313 3848 1491 3918 λέγειν
1523 3866 1767 3919 σπερμα-

187 3940 355 4006 τικῶς
376 3942 435 3995 ὲν
455 3940 534 4011 τῷ
564 3941 740 4014 Harp).
762 3940 854 3994 τὸν
876 3940 1023 3993 Υἱόν.
1056 3939 1267 4004 Τέλειος
1298 3940 1356 3994 δέ
1385 3943 1533 3993 ἐστιν
1558 3941 1589 3994 ὁ
1614 3939 1760 4004 Υἱὸς,

184 4032 250 4086 οὐ
289 4034 538 4103 προκοπῇ
571 4030 774 4094 τελειού
783 4047 962 4101 μενος,
998 4029 1114 4084 ἀλλ’
1141 4030 1205 4083 ὲκ
1225 4029 1432 4084 τελείου
1452 4028 1655 4093 τέλειος
1678 4045 1765 4098 γε-

194 4122 517 4193 γεννημένος
537 4138 550 4150 ·
587 4120 673 4175 διὰ
718 4121 829 4192 γὰρ
861 4119 1017 4175 τοῦτο
1050 4120 1110 4174 οὐ
1151 4119 1309 4192 μόνον
1340 4121 1552 4193 εἴρηται
1590 4117 1765 4173 ἀπαύ-

184 4230 398 4290 γασμα,
424 4213 561 4267 ἀλλὰ
597 4214 691 4279 καὶ
723 4212 1008 4283 χαρακτὴρ
1038 4211 1138 4281 τῆς
1166 4212 1536 4275 ὑποστάσεως,
1562 4211 1683 4281 οὐχὶ
1704 4209 1762 4267 δὲ

183 4301 291 4371 τῆς
317 4303 615 4379 ἐνεργείας.
655 4304 713 4356 '0
754 4302 811 4361 δὲ
838 4304 1121 4374 χαρακτὴρ
1154 4303 1254 4373 τῆς
1286 4303 1633 4367 ὑποστάσεως
1662 4304 1762 4357 οὐκ

183 4394 254 4446 ἑκ
267 4393 545 4465 προκοπῆς
572 4393 868 4447 τελειοῦται
884 4410 897 4423 ·
920 4393 1033 4447 ἀλλ’
1050 4396 1106 4446 ἐν
1134 4393 1282 4464 αὐτῷ
1300 4394 1379 4466 τῷ
1395 4391 1532 4452 εἶναι
1561 4393 1674 4467 ἔχει
1701 4394 1763 4446 τὸ

1864 3210 1981 3265 nito
2019 3210 2312 3271 exsistens.
2344 3219 2468 3281 post
2507 3210 2910 3282 generationem
2962 3207 3308 3263 extrinsecus
3335 3207 3438 3262 ali-

1862 3303 1992 3374 quid
2026 3303 2295 3370 assumit;
2324 3303 2409 3357 vir
2434 3302 2633 3364 factus,
2666 3309 2725 3356 ut
2748 3302 2821 3355 ita
2853 3301 3054 3363 diram.
3078 3306 3134 3355 et
3163 3298 3438 3369 perfectus

1863 3403 1949 3450 est
1976 3393 2170 3459 Filius,
2202 3410 2312 3450 non
2344 3393 2488 3451 unde
2508 3394 2726 3466 genitus
2752 3400 2858 3458 est,
2886 3392 2980 3448 sed
3009 3407 3075 3447 ex
3106 3392 3174 3446 iis
3200 3405 3321 3462 qua:
3349 3405 3440 3445 as-

1865 3485 2100 3555 sumpsit
2129 3504 2143 3540 :
2168 3500 2290 3556 qua:
2317 3485 2463 3541 enim
2502 3499 2602 3555 pro
2633 3494 2843 3539 natura:
2872 3484 3084 3538 ratione
3122 3488 3433 3543 assumunt,

1863 3580 2052 3643 utpote
2079 3589 2201 3645 quae
2238 3589 2305 3629 ex
2333 3574 2633 3644 assumptis
2667 3580 2940 3632 constent.
2977 3571 3200 3641 perfecti
3237 3585 3435 3627 nomen

1864 3664 2086 3721 diverso
2134 3664 2298 3721 modo
2335 3663 2625 3721 admittere
2669 3665 2866 3721 solent.
2899 3663 3058 3719 Ortlt.
3101 3661 3158 3716 Si
3208 3660 3438 3717 seminis

1863 3753 2026 3813 modo
2061 3755 2320 3824 splendor
2368 3762 2454 3809 est
2502 3753 2557 3808 in
2584 3753 2725 3815 luce,
2757 3753 2927 3807 dicito
2955 3751 3152 3805 Filium
3188 3750 3243 3804 in
3277 3748 3439 3806 Patro

1863 3861 2020 3912 esse;
2056 3847 2142 3899 sin
2179 3860 2310 3900 vero
2351 3844 2580 3900 Stultum
2607 3842 2771 3899 fuerit
2792 3843 2846 3898 id
2887 3841 3175 3903 allirmare,
3208 3841 3438 3896 stultum

1863 3953 2080 4008 quoque
2111 3936 2277 3993 fuerit
2302 3936 2488 3992 dicere
2513 3934 2733 4000 Filium,
2763 3935 2992 3991 seminis
3024 3949 3176 3989 more
3222 3948 3345 3989 esse
3380 3934 3434 3987 in

1862 4031 2044 4088 Patre.
2081 4028 2367 4084 Perfectus
2398 4037 2581 4085 autem
2613 4037 2699 4083 est
2729 4026 2923 4089 Filius,
2954 4042 3060 4082 non
3102 4025 3350 4096 profectu
3381 4032 3438 4080 et

1863 4124 2222 4183 incremento.
2280 4121 2376 4176 sed
2418 4137 2484 4176 ex
2543 4120 2790 4192 perfecto
2841 4119 3119 4190 perlectus
3170 4117 3434 4189 genitus:

1865 4217 2009 4271 unde
2037 4224 2090 4271 et
2124 4215 2328 4269 dicitur
2374 4228 2484 4267 non
2521 4220 2734 4267 tantum
2767 4212 3046 4281 splendor,
3081 4209 3176 4266 sed
3222 4217 3276 4264 et
3303 4208 3436 4262 cha-

1863 4307 2451 4377 racterhypostasews,
2478 4319 2584 4358 non
2608 4304 2962 4374 operationis.
2986 4304 3284 4357 Character
3302 4314 3438 4354 vero

1864 4399 2231 4472 hypostasews
2262 4413 2369 4452 non
2412 4394 2692 4465 perﬁcitur
2734 4394 2967 4465 quodam
3008 4393 3254 4463 profectu
3292 4409 3310 4442 ι
3340 4396 3436 4445 aut

181 4484 413 4547 τέλειον,
444 4485 520 4548 ὡς
555 4483 841 4556 ἄνθρωπος
867 4483 1153 4556 ἀνθρώπου
1184 4485 1470 4558 χαρακτὴρ
1495 4485 1594 4555 τῆς
1634 4486 1763 4540 ὐπο·

1868 4493 2224 4551 incremento.
2260 4510 2279 4542 ι
2314 4488 2410 4546 sed
2453 4489 2507 4542 in
2561 4487 2679 4558 ipsa
2724 4487 2960 4543 essentia
3007 4486 3217 4540 obtinet
3253 4482 3434 4554 perfe-

184 4575 453 4641 στάσεως,
474 4575 587 4630 ,οὐκ
618 4576 684 4628 ἐκ
725 4578 1028 4647 προκοπῆς,
1067 4575 1181 4629 ἀλλ’
1211 4575 1270 4643 ἐξ
1296 4577 1466 4647 αὐτῆς
1497 4576 1599 4647 τῆς
1633 4593 1763 4634 ται),-

180 4666 429 4736 τὸτητος.
468 4666 663 4735 Ἀνόμ.
694 4666 756 4718 Εἰ
802 4666 1004 4727 τέλειον
1031 4668 1277 4738 γέννημα
1328 4668 1386 4720 ὲν
1432 4666 1509 4740 τῷ
1539 4668 1767 4740 ἀγεννή-

179 4775 286 4826 ςῳ,
317 4757 376 4825 ἐξ
411 4751 486 4812 ὧν
512 4754 580 4827 ἦν
635 4762 695 4813 ὲν
736 4760 1012 4831 ἀγεννήτῳ
1059 4759 1305 4830 γέννημά
1357 4759 1493 4823 ἐστι,
1528 4760 1624 4813 καὶ
1666 4761 1767 4819 οὐκ

181 4847 247 4914 ἐξ
286 4839 360 4900 ὧν
402 4849 431 4902 ὁ
459 4847 753 4918 ἀγέννητος
799 4848 960 4912 αὐτὸς
1018 4848 1307 4919 ἐγέννησε’
1348 4847 1605 4920 γεννητὸν
1651 4847 1761 4919 γὰρ

182 4937 351 5007 φύσιν
403 4940 460 4992 έν
516 4939 796 5011 ἀγεννήτῳ
840 4933 977 4993 εἶναι
1027 4940 1127 4993 οὐκ
1188 4939 1486 5009 ἐνδέχεται.
1536 4938 1598 4992 τὸ
1651 4940 1760 5011 γὰρ

181 5031 323 5095 αὐτὸ
349 5026 486 5085 εἷναί
526 5031 589 5084 τέ
646 5032 885 5087 ἐστικαὶ
933 5030 1006 5101 μὴ
1051 5027 1218 5085 εἶναι’
1252 5032 1498 5104 γέννημα
1529 5030 1636 5103 γὰρ
1678 5030 1760 5096 ὃν,

182 5122 434 5200 γέννημα
448 5121 548 5176 οὐκ
572 5117 662 5192 ἦν,
693 5122 786 5176 τοῦ
803 5122 1055 5193 ἀνομοίου
1086 5122 1284 5194 μέρους
1314 5123 1406 5176 ἐπὶ
1428 5122 1564 5177 Θεοῦ
1597 5121 1762 5193 βλασ-

267 5271 562 5347 (62)}610
589 5273 743 5347 abest
784 5288 813 5326 a
861 5271 1037 5329 Palat.
1068 5275 1119 5339 Ι,
1139 5273 1249 5330 2et
1276 5277 1416 5347 Aug.
1442 5273 1609 5331 Iidem
1635 5291 1760 5331 mox

183 5344 253 5398 Et
272 5343 339 5415 ,ξε
354 5343 450 5415 cf];
482 5344 589 5415 ita):
605 5344 870 5415 γενέσεως
903 5361 995 5415 κρ.

262 5411 374 5536 (65)
407 5411 523 5467 Pal.
562 5412 599 5467 2
628 5421 684 5468 et
720 5413 859 5482 Aug.
898 5411 1524 5536 προσομολογηθὲσεται.

262 5482 353 5536 (64
412 5480 530 5536 Pal.
551 5482 588 5536 2
610 5489 665 5536 et
686 5482 824 5536 Atttz.
853 5485 946 5536 ὲστ
995 5485 1277 5536 κοείττων.
1367 5486 1383 5536 ί
1413 5485 1470 5536 δὲ
1495 5501 1524 5536 ο

261 5480 374 5557 (64)
412 5480 588 5557 Pal._2
608 5489 665 5557 et
686 5480 827 5557 Aug;
853 5480 1277 5557 tatbxpéie-ttav.
1318 5480 1384 5557 Ei
1413 5485 1470 5557 δὲ
1495 5484 1595 5557 οὐκ
1614 5482 1760 5557 ἔστιν

187 5552 224 5621 ἡ
255 5551 468 5623 γένεσις
497 5551 678 5614 οὐσία,
718 5551 841 5607 οὐδὲ
871 5551 1134 5623 κρείττων
1162 5556 1310 5609 ἐστὶν
1333 5554 1521 5618 οὐσίας
1545 5556 1580 5623 ἡ
1604 5555 1759 5621 γένε-

186 5621 492 5693 «adlegat
524 5622 667 5693 κατὰ
695 5623 796 5693 τὴν
821 5621 1032 5692 σοφίαν.

266 5690 376 5771 (65)
411 5691 529 5761 ΡᾉΙ.
569 5691 607 5763 2
662 5699 717 5747 et
752 5690 906 5774 Aug.
929 5693 1094 5763 (ὶύδὲν
1127 5693 1233 5773 ἄρα
1267 5692 1486 5775 εὔλογον
1534 5693 1625 5747 ἐπὶ
1668 5693 1761 5757 τοῦ

1861 4582 2120 4644 ctionem,
2157 4581 2302 4637 haud
2342 4597 2505 4637 secus
2536 4596 2697 4650 quam
2746 4579 2932 4640 homo,
2976 4576 3212 4632 hominis
3258 4576 3433 4647 hypo-

1862 4682 2087 4730 stasews
2106 4673 2391 4729 character
2419 4680 2527 4738 est,
2558 4688 2668 4727 non
2698 4686 2762 4729 ex
2791 4669 3058 4740 profectu,
3087 4667 3187 4723 sed
3221 4684 3285 4722 ex
3316 4668 3434 4736 ipsa

1863 4762 2168 4823 ideutitate.
2198 4762 2391 4817 Anam.
2426 4760 2484 4815 Si
2514 4762 2812 4831 perfectum
2844 4761 3085 4829 genitum
3116 4759 3171 4812 in
3203 4772 3310 4811 non
3341 4771 3436 4828 ge-

1862 4853 2000 4917 nito,
2042 4867 2266 4907 necesse
2316 4858 2403 4907 est
2439 4867 2502 4906 cx
2548 4852 2619 4905 iis
2663 4852 2903 4923 genitum
2933 4864 3076 4911 esse,
3113 4863 3181 4902 ex
3231 4847 3435 4917 quibus

1861 4942 2158 4998 exsistebat
2205 4942 2262 5001 in
2297 4956 2406 4995 non
2438 4943 2642 5010 genito.
2671 4947 2727 4994 et
2752 4950 2860 4994 non
2904 4954 2971 4992 ex
3013 4939 3103 4999 iis.
3136 4952 3202 4991 ex
3230 4936 3435 5004 quibus

1860 5030 2135 5100 ingenitus
2161 5030 2346 5101 genuit
2372 5049 2389 5089 :A
2410 5045 2585 5099 neque
2612 5030 2757 5084 enim
2782 5029 3044 5099 possibile
3068 5035 3154 5083 est
3179 5034 3430 5082 naturam

1863 5124 2103 5193 genitam
2133 5137 2258 5177 esse
2292 5121 2348 5175 in
2375 5136 2484 5176 non
2514 5120 2718 5192 genito,
2750 5121 2853 5174 hoc
2879 5119 3025 5174 enim
3063 5117 3205 5172 foret
3235 5132 3358 5172 esse
3376 5125 3432 5170 et

1858 5275 2280 5420 giggqlijemt
2298 5344 2809 5420 ψιλῇγπροσηγορίᾳ,
2835 5343 2930 5398 καὶ
2952 5341 3016 5397 τὸ
3038 5340 3227 5414 Πατὴρ
3247 5343 3325 5406 εἰς
3346 5341 3430 5395 τό.

1866 5414 2071 5471 Ibidem
2111 5414 2447 5471 Palatinus"!
2463 5459 2475 5474 .
2496 5414 2780 5471 κέκτηται.

1933 5486 2046 5558 (67)
2088 5483 2213 5558 Haec
2234 5487 2507 5558 appendix
2523 5486 2865 5558 desideratur
2892 5481 2946 5558 in
2986 5482 3107 5558 eod.
3135 5478 3343 5558 Eelclt.,
3371 5480 3427 5558 in

1862 5552 1998 5629 Reg.
2027 5552 2091 5612 ὀι
2115 5556 2171 5610 in
2197 5552 2331 5612 editi.
2365 5555 2580 5629 Steph.,
2608 5563 2665 5609 at
2694 5564 2779 5610 est
2808 5556 2864 5608 in
2896 5553 3110 5609 duobus
3143 5552 3252 5606 Pal.
3286 5561 3341 5607 et
3371 5552 3433 5607 in

1861 5627 2051 5765 Au(86.8)
2089 5694 2264 5755 Palat.
2306 5714 2355 5761 ι,
2391 5697 2453 5751 τὸ
2480 5697 2683 5757 τέλειον
2712 5695 2907 5766 δςοομα,
