  <div class='ocr_page' id='page_1' title='image "/cluster/home/n/w/nwhite01/storage/ocr_20150623/28/nnc1.0046978690/643.png"; bbox 0 0 3862 6204; ppageno 0'>
   <div class='ocr_carea' id='block_1_1' title="bbox 453 260 595 318">
    <p class='ocr_par' dir='ltr' id='par_1_1' title="bbox 453 260 595 318">
     <span class='ocr_line' id='line_1_1' title="bbox 453 260 595 318; baseline 0.035 -4"><span class='ocrx_word' id='word_1_1' title='bbox 453 260 595 318; x_wconf 76' lang='lat'><strong>“83</strong></span> 
     </span>
    </p>
   </div>
   <div class='ocr_carea' id='block_1_2' title="bbox 1594 281 2591 354">
    <p class='ocr_par' dir='ltr' id='par_1_2' title="bbox 1594 281 2591 354">
     <span class='ocr_line' id='line_1_2' title="bbox 1594 281 2591 354; baseline 0.013 -15"><span class='ocrx_word' id='word_1_2' title='bbox 1594 281 1667 339; x_wconf 47' lang='grc' dir='ltr'><strong>γε.</strong></span> <span class='ocrx_word' id='word_1_3' title='bbox 1705 284 2169 347; x_wconf 71' lang='lat' dir='ltr'><strong>A&#39;BHANASIUS.</strong></span> <span class='ocrx_word' id='word_1_4' title='bbox 2205 321 2277 334; x_wconf 90' lang='lat'><strong>-—</strong></span> <span class='ocrx_word' id='word_1_5' title='bbox 2317 293 2591 354; x_wconf 74' lang='lat' dir='ltr'><strong>SPURIA.</strong></span> 
     </span>
    </p>
   </div>
   <div class='ocr_carea' id='block_1_3' title="bbox 3584 313 3728 371">
    <p class='ocr_par' dir='ltr' id='par_1_3' title="bbox 3584 313 3728 371">
     <span class='ocr_line' id='line_1_3' title="bbox 3584 313 3728 371; baseline 0.021 -3"><span class='ocrx_word' id='word_1_6' title='bbox 3584 313 3728 371; x_wconf 67' lang='lat'><strong>“86</strong></span> 
     </span>
    </p>
   </div>
   <div class='ocr_carea' id='block_1_4' title="bbox 449 380 2016 499">
    <p class='ocr_par' dir='ltr' id='par_1_4' title="bbox 449 380 2016 499">
     <span class='ocr_line' id='line_1_4' title="bbox 449 380 2016 469; baseline 0.018 -37"><span class='ocrx_word' id='word_1_7' title='bbox 449 389 560 432; x_wconf 90' lang='lat' dir='ltr'><strong>non</strong></span> <span class='ocrx_word' id='word_1_8' title='bbox 591 392 752 435; x_wconf 82' lang='lat' dir='ltr'><strong>esse:</strong></span> <span class='ocrx_word' id='word_1_9' title='bbox 780 380 911 451; x_wconf 99' lang='lat' dir='ltr'><strong>quia</strong></span> <span class='ocrx_word' id='word_1_10' title='bbox 953 386 1100 454; x_wconf 87' lang='lat' dir='ltr'><strong>quod</strong></span> <span class='ocrx_word' id='word_1_11' title='bbox 1133 389 1377 458; x_wconf 83' lang='lat' dir='ltr'><strong>genitum</strong></span> <span class='ocrx_word' id='word_1_12' title='bbox 1419 401 1525 460; x_wconf 86' lang='lat' dir='ltr'><strong>est,</strong></span> <span class='ocrx_word' id='word_1_13' title='bbox 1557 397 1613 452; x_wconf 88' lang='lat' dir='ltr'>id</span> <span class='ocrx_word' id='word_1_14' title='bbox 1643 401 1888 469; x_wconf 85' lang='lat' dir='ltr'><strong>genitum</strong></span> <span class='ocrx_word' id='word_1_15' title='bbox 1920 419 2016 460; x_wconf 78' lang='lat' dir='ltr'><strong>nor</strong></span> 
     </span>
     <span class='ocr_line' id='line_1_5' title="bbox 449 474 1909 499; baseline 0.018 -10"><span class='ocrx_word' id='word_1_16' title='bbox 449 475 783 499; x_wconf 41' lang='lat' dir='ltr'><strong>“Mum,”</strong></span> <span class='ocrx_word' id='word_1_17' title='bbox 833 474 1065 499; x_wconf 42' lang='lat' dir='ltr'><strong>Mm&quot;--.</strong></span> <span class='ocrx_word' id='word_1_18' title='bbox 1448 484 1461 499; x_wconf 89' lang='lat'><strong>.</strong></span> <span class='ocrx_word' id='word_1_19' title='bbox 1558 486 1573 499; x_wconf 74' lang='grc' dir='ltr'>ι</span> <span class='ocrx_word' id='word_1_20' title='bbox 1641 488 1678 499; x_wconf 76' lang='grc'><strong>-</strong></span> <span class='ocrx_word' id='word_1_21' title='bbox 1899 494 1909 499; x_wconf 93' lang='grc'><strong><em>-</em></strong></span> 
     </span>
    </p>
   </div>
   <div class='ocr_carea' id='block_1_5' title="bbox 2121 380 3729 499">
    <p class='ocr_par' dir='ltr' id='par_1_5' title="bbox 2139 409 3729 499">
     <span class='ocr_line' id='line_1_6' title="bbox 2139 409 3729 499; baseline 0.016 -39"><span class='ocrx_word' id='word_1_22' title='bbox 2139 409 2389 480; x_wconf 84' lang='grc' dir='ltr'>σφημίας</span> <span class='ocrx_word' id='word_1_23' title='bbox 2413 410 2572 483; x_wconf 76' lang='grc' dir='ltr'>ὕϐριν</span> <span class='ocrx_word' id='word_1_24' title='bbox 2599 412 2907 485; x_wconf 79' lang='grc' dir='ltr'>ἐπέχοντος.</span> <span class='ocrx_word' id='word_1_25' title='bbox 2945 419 3098 490; x_wconf 85' lang='grc' dir='ltr'><strong>ὀρθ.</strong></span> <span class='ocrx_word' id='word_1_26' title='bbox 3123 421 3186 475; x_wconf 83' lang='lat' dir='ltr'><strong>El</strong></span> <span class='ocrx_word' id='word_1_27' title='bbox 3213 422 3364 495; x_wconf 69' lang='grc' dir='ltr'>ᾔδεις</span> <span class='ocrx_word' id='word_1_28' title='bbox 3383 426 3488 499; x_wconf 79' lang='grc' dir='ltr'>τὴν</span> <span class='ocrx_word' id='word_1_29' title='bbox 3518 427 3729 499; x_wconf 77' lang='grc' dir='ltr'>δωρεὰν</span> 
     </span>
    </p>
   </div>
   <div class='ocr_carea' id='block_1_6' title="bbox 447 474 2029 563">
    <p class='ocr_par' dir='ltr' id='par_1_6' title="bbox 447 474 2029 563">
     <span class='ocr_line' id='line_1_7' title="bbox 447 474 2029 563; baseline 0.02 -44"><span class='ocrx_word' id='word_1_30' title='bbox 447 475 596 521; x_wconf 89' lang='lat' dir='ltr'><strong>esset</strong></span> <span class='ocrx_word' id='word_1_31' title='bbox 621 486 634 522; x_wconf 90' lang='lat'>:</span> <span class='ocrx_word' id='word_1_32' title='bbox 659 483 784 523; x_wconf 91' lang='lat' dir='ltr'><strong>cum</strong></span> <span class='ocrx_word' id='word_1_33' title='bbox 832 474 1067 541; x_wconf 88' lang='lat' dir='ltr'><strong>partium</strong></span> <span class='ocrx_word' id='word_1_34' title='bbox 1107 478 1501 539; x_wconf 75' lang='lat' dir='ltr'><strong>dissimilitudo</strong></span> <span class='ocrx_word' id='word_1_35' title='bbox 1541 486 1611 544; x_wconf 89' lang='lat' dir='ltr'><strong>de</strong></span> <span class='ocrx_word' id='word_1_36' title='bbox 1641 488 1754 545; x_wconf 91' lang='lat' dir='ltr'><strong>Deo</strong></span> <span class='ocrx_word' id='word_1_37' title='bbox 1791 494 2029 563; x_wconf 83' lang='lat' dir='ltr'><strong>cogitata</strong></span> 
     </span>
    </p>
   </div>
   <div class='ocr_carea' id='block_1_7' title="bbox 445 553 2030 640">
    <p class='ocr_par' dir='ltr' id='par_1_7' title="bbox 445 553 2030 640">
     <span class='ocr_line' id='line_1_8' title="bbox 445 553 2030 640; baseline 0.022 -34"><span class='ocrx_word' id='word_1_38' title='bbox 445 553 797 626; x_wconf 78' lang='lat' dir='ltr'><strong>blasphemiae</strong></span> <span class='ocrx_word' id='word_1_39' title='bbox 827 561 1085 632; x_wconf 86' lang='lat' dir='ltr'><strong>injuriam</strong></span> <span class='ocrx_word' id='word_1_40' title='bbox 1116 570 1417 626; x_wconf 77' lang='lat' dir='ltr'><strong>contineat.</strong></span> <span class='ocrx_word' id='word_1_41' title='bbox 1452 573 1609 634; x_wconf 84' lang='lat' dir='ltr'><strong>Orth.</strong></span> <span class='ocrx_word' id='word_1_42' title='bbox 1643 577 1702 634; x_wconf 88' lang='lat' dir='ltr'><strong>Si</strong></span> <span class='ocrx_word' id='word_1_43' title='bbox 1732 553 1906 638; x_wconf 71' lang='lat' dir='ltr'><strong>scires</strong></span> <span class='ocrx_word' id='word_1_44' title='bbox 1931 585 2030 640; x_wconf 84' lang='lat' dir='ltr'><strong>do-</strong></span> 
     </span>
    </p>
   </div>
   <div class='ocr_carea' id='block_1_8' title="bbox 446 644 2030 737">
    <p class='ocr_par' dir='ltr' id='par_1_8' title="bbox 446 644 2030 737">
     <span class='ocr_line' id='line_1_9' title="bbox 446 644 2030 737; baseline 0.022 -40"><span class='ocrx_word' id='word_1_45' title='bbox 446 660 577 702; x_wconf 90' lang='lat' dir='ltr'><strong>num</strong></span> <span class='ocrx_word' id='word_1_46' title='bbox 611 644 730 714; x_wconf 91' lang='lat' dir='ltr'><strong>Dei,</strong></span> <span class='ocrx_word' id='word_1_47' title='bbox 762 658 814 704; x_wconf 92' lang='lat' dir='ltr'><strong>et</strong></span> <span class='ocrx_word' id='word_1_48' title='bbox 849 652 975 721; x_wconf 91' lang='lat' dir='ltr'><strong>quis</strong></span> <span class='ocrx_word' id='word_1_49' title='bbox 1005 655 1097 719; x_wconf 92' lang='lat' dir='ltr'><strong>sit,</strong></span> <span class='ocrx_word' id='word_1_50' title='bbox 1133 659 1226 727; x_wconf 90' lang='lat' dir='ltr'><strong>qui</strong></span> <span class='ocrx_word' id='word_1_51' title='bbox 1252 664 1508 733; x_wconf 65' lang='lat' dir='ltr'><strong>prmeepit</strong></span> <span class='ocrx_word' id='word_1_52' title='bbox 1540 666 1805 737; x_wconf 86' lang='lat' dir='ltr'><strong>baptizari</strong></span> <span class='ocrx_word' id='word_1_53' title='bbox 1838 688 2030 733; x_wconf 87' lang='lat' dir='ltr'><strong>omnes</strong></span> 
     </span>
    </p>
   </div>
   <div class='ocr_carea' id='block_1_9' title="bbox 445 737 2028 831">
    <p class='ocr_par' dir='ltr' id='par_1_9' title="bbox 445 737 2028 831">
     <span class='ocr_line' id='line_1_10' title="bbox 445 737 2028 831; baseline 0.02 -42"><span class='ocrx_word' id='word_1_54' title='bbox 445 743 636 805; x_wconf 80' lang='lat' dir='ltr'><strong>gentes</strong></span> <span class='ocrx_word' id='word_1_55' title='bbox 669 737 723 791; x_wconf 92' lang='lat' dir='ltr'><strong>in</strong></span> <span class='ocrx_word' id='word_1_56' title='bbox 755 742 978 798; x_wconf 84' lang='lat' dir='ltr'><strong>nomine</strong></span> <span class='ocrx_word' id='word_1_57' title='bbox 1009 743 1214 811; x_wconf 84' lang='lat' dir='ltr'><strong>Patris,</strong></span> <span class='ocrx_word' id='word_1_58' title='bbox 1240 760 1293 804; x_wconf 78' lang='lat' dir='ltr'><strong>et</strong></span> <span class='ocrx_word' id='word_1_59' title='bbox 1316 749 1461 817; x_wconf 87' lang='lat' dir='ltr'><strong>Filii,</strong></span> <span class='ocrx_word' id='word_1_60' title='bbox 1485 764 1539 809; x_wconf 87' lang='lat' dir='ltr'><strong>et</strong></span> <span class='ocrx_word' id='word_1_61' title='bbox 1568 755 1808 827; x_wconf 88' lang='lat' dir='ltr'><strong>Spiritus</strong></span> <span class='ocrx_word' id='word_1_62' title='bbox 1829 767 2028 831; x_wconf 87' lang='lat' dir='ltr'><strong>sancti,</strong></span> 
     </span>
    </p>
   </div>
   <div class='ocr_carea' id='block_1_10' title="bbox 444 829 2032 921">
    <p class='ocr_par' dir='ltr' id='par_1_10' title="bbox 444 829 2032 921">
     <span class='ocr_line' id='line_1_11' title="bbox 444 829 2032 921; baseline 0.022 -43"><span class='ocrx_word' id='word_1_63' title='bbox 444 842 554 881; x_wconf 83' lang='lat' dir='ltr'><strong>non</strong></span> <span class='ocrx_word' id='word_1_64' title='bbox 589 830 780 899; x_wconf 83' lang='lat' dir='ltr'><strong>utique</strong></span> <span class='ocrx_word' id='word_1_65' title='bbox 802 829 1004 900; x_wconf 90' lang='lat' dir='ltr'><strong>Patris,</strong></span> <span class='ocrx_word' id='word_1_66' title='bbox 1039 849 1093 891; x_wconf 91' lang='lat' dir='ltr'><strong>et</strong></span> <span class='ocrx_word' id='word_1_67' title='bbox 1121 838 1246 894; x_wconf 87' lang='lat' dir='ltr'><strong>Filii</strong></span> <span class='ocrx_word' id='word_1_68' title='bbox 1275 857 1474 899; x_wconf 87' lang='lat' dir='ltr'><strong>nomen</strong></span> <span class='ocrx_word' id='word_1_69' title='bbox 1504 845 1847 921; x_wconf 73' lang='lat' dir='ltr'><strong>repudiares,</strong></span> <span class='ocrx_word' id='word_1_70' title='bbox 1881 829 2032 912; x_wconf 38' lang='lat' dir='ltr'><strong>arbi4</strong></span> 
     </span>
    </p>
   </div>
   <div class='ocr_carea' id='block_1_11' title="bbox 444 922 2029 1008">
    <p class='ocr_par' dir='ltr' id='par_1_11' title="bbox 444 922 2029 1008">
     <span class='ocr_line' id='line_1_12' title="bbox 444 922 2029 1008; baseline 0.023 -38"><span class='ocrx_word' id='word_1_71' title='bbox 444 928 589 974; x_wconf 89' lang='lat' dir='ltr'><strong>tratu</strong></span> <span class='ocrx_word' id='word_1_72' title='bbox 633 927 731 977; x_wconf 92' lang='lat' dir='ltr'><strong>tuo</strong></span> <span class='ocrx_word' id='word_1_73' title='bbox 761 922 899 980; x_wconf 88' lang='lat' dir='ltr'><strong>falsa</strong></span> <span class='ocrx_word' id='word_1_74' title='bbox 947 929 1212 1000; x_wconf 82' lang='lat' dir='ltr'><strong>religione</strong></span> <span class='ocrx_word' id='word_1_75' title='bbox 1242 944 1449 992; x_wconf 84' lang='lat' dir='ltr'><strong>temere</strong></span> <span class='ocrx_word' id='word_1_76' title='bbox 1497 938 1721 999; x_wconf 85' lang='lat' dir='ltr'><strong>inflatus</strong></span> <span class='ocrx_word' id='word_1_77' title='bbox 1762 947 2029 1008; x_wconf 82' lang='lat' dir='ltr'><strong>adversus</strong></span> 
     </span>
    </p>
   </div>
   <div class='ocr_carea' id='block_1_12' title="bbox 443 1017 2031 1100">
    <p class='ocr_par' dir='ltr' id='par_1_12' title="bbox 443 1017 2031 1100">
     <span class='ocr_line' id='line_1_13' title="bbox 443 1017 2031 1100; baseline 0.023 -35"><span class='ocrx_word' id='word_1_78' title='bbox 443 1028 592 1079; x_wconf 90' lang='lat' dir='ltr'><strong>eum,</strong></span> <span class='ocrx_word' id='word_1_79' title='bbox 650 1017 743 1085; x_wconf 92' lang='lat' dir='ltr'><strong>qui</strong></span> <span class='ocrx_word' id='word_1_80' title='bbox 803 1033 1009 1074; x_wconf 81' lang='lat' dir='ltr'><strong>rectam</strong></span> <span class='ocrx_word' id='word_1_81' title='bbox 1058 1040 1160 1081; x_wconf 93' lang='lat' dir='ltr'><strong>nos</strong></span> <span class='ocrx_word' id='word_1_82' title='bbox 1204 1026 1393 1083; x_wconf 86' lang='lat' dir='ltr'><strong>docuit</strong></span> <span class='ocrx_word' id='word_1_83' title='bbox 1435 1049 1454 1082; x_wconf 82' lang='grc' dir='ltr'>ι</span> <span class='ocrx_word' id='word_1_84' title='bbox 1485 1032 1605 1090; x_wconf 91' lang='lat' dir='ltr'><strong>fidei</strong></span> <span class='ocrx_word' id='word_1_85' title='bbox 1641 1055 1660 1087; x_wconf 76' lang='grc' dir='ltr'>ι</span> <span class='ocrx_word' id='word_1_86' title='bbox 1725 1041 2031 1100; x_wconf 85' lang='lat' dir='ltr'><strong>confessio-</strong></span> 
     </span>
    </p>
   </div>
   <div class='ocr_carea' id='block_1_13' title="bbox 444 1110 2026 1203">
    <p class='ocr_par' dir='ltr' id='par_1_13' title="bbox 444 1110 2026 1203">
     <span class='ocr_line' id='line_1_14' title="bbox 444 1110 2026 1203; baseline 0.024 -48"><span class='ocrx_word' id='word_1_87' title='bbox 444 1118 571 1157; x_wconf 88' lang='lat' dir='ltr'><strong>nem</strong></span> <span class='ocrx_word' id='word_1_88' title='bbox 607 1125 619 1160; x_wconf 96' lang='lat'>:</span> <span class='ocrx_word' id='word_1_89' title='bbox 652 1110 875 1176; x_wconf 85' lang='lat' dir='ltr'><strong>quando</strong></span> <span class='ocrx_word' id='word_1_90' title='bbox 919 1127 1050 1168; x_wconf 89' lang='lat' dir='ltr'><strong>vero</strong></span> <span class='ocrx_word' id='word_1_91' title='bbox 1086 1116 1412 1178; x_wconf 84' lang='lat' dir='ltr'><strong>existimans</strong></span> <span class='ocrx_word' id='word_1_92' title='bbox 1450 1131 1501 1180; x_wconf 89' lang='lat' dir='ltr'><strong>te</strong></span> <span class='ocrx_word' id='word_1_93' title='bbox 1536 1129 1839 1198; x_wconf 89' lang='lat' dir='ltr'><strong>sapientem</strong></span> <span class='ocrx_word' id='word_1_94' title='bbox 1882 1151 2026 1203; x_wconf 90' lang='lat' dir='ltr'><strong>esse,</strong></span> 
     </span>
    </p>
   </div>
   <div class='ocr_carea' id='block_1_14' title="bbox 445 1192 2030 1295">
    <p class='ocr_par' dir='ltr' id='par_1_14' title="bbox 445 1192 2030 1295">
     <span class='ocr_line' id='line_1_15' title="bbox 445 1192 2030 1295; baseline 0.022 -48"><span class='ocrx_word' id='word_1_95' title='bbox 445 1192 660 1251; x_wconf 85' lang='lat' dir='ltr'><strong>Patrem</strong></span> <span class='ocrx_word' id='word_1_96' title='bbox 702 1214 814 1254; x_wconf 87' lang='lat' dir='ltr'><strong>non</strong></span> <span class='ocrx_word' id='word_1_97' title='bbox 874 1202 1012 1257; x_wconf 91' lang='lat' dir='ltr'><strong>sinis</strong></span> <span class='ocrx_word' id='word_1_98' title='bbox 1055 1220 1180 1261; x_wconf 89' lang='lat' dir='ltr'><strong>esse</strong></span> <span class='ocrx_word' id='word_1_99' title='bbox 1218 1207 1435 1266; x_wconf 82' lang='lat' dir='ltr'><strong>Patrem</strong></span> <span class='ocrx_word' id='word_1_100' title='bbox 1461 1256 1476 1281; x_wconf 92' lang='lat'><strong>,</strong></span> <span class='ocrx_word' id='word_1_101' title='bbox 1522 1231 1619 1286; x_wconf 80' lang='lat' dir='ltr'><strong>age</strong></span> <span class='ocrx_word' id='word_1_102' title='bbox 1650 1236 1718 1274; x_wconf 91' lang='lat' dir='ltr'><strong>ne</strong></span> <span class='ocrx_word' id='word_1_103' title='bbox 1765 1223 1859 1278; x_wconf 90' lang='lat' dir='ltr'><strong>tibi</strong></span> <span class='ocrx_word' id='word_1_104' title='bbox 1899 1242 2030 1295; x_wconf 86' lang='lat' dir='ltr'><strong>pru-</strong></span> 
     </span>
    </p>
   </div>
   <div class='ocr_carea' id='block_1_15' title="bbox 444 1289 2030 1379">
    <p class='ocr_par' dir='ltr' id='par_1_15' title="bbox 444 1289 2030 1379">
     <span class='ocr_line' id='line_1_16' title="bbox 444 1289 2030 1379; baseline 0.02 -38"><span class='ocrx_word' id='word_1_105' title='bbox 444 1289 581 1344; x_wconf 89' lang='lat' dir='ltr'><strong>dens</strong></span> <span class='ocrx_word' id='word_1_106' title='bbox 595 1305 716 1347; x_wconf 91' lang='lat' dir='ltr'><strong>esse</strong></span> <span class='ocrx_word' id='word_1_107' title='bbox 732 1293 970 1359; x_wconf 88' lang='lat' dir='ltr'><strong>videare,</strong></span> <span class='ocrx_word' id='word_1_108' title='bbox 993 1311 1023 1350; x_wconf 91' lang='lat' dir='ltr'><strong>a</strong></span> <span class='ocrx_word' id='word_1_109' title='bbox 1053 1299 1214 1355; x_wconf 92' lang='lat' dir='ltr'><strong>nobis</strong></span> <span class='ocrx_word' id='word_1_110' title='bbox 1238 1303 1361 1358; x_wconf 89' lang='lat' dir='ltr'><strong>audi</strong></span> <span class='ocrx_word' id='word_1_111' title='bbox 1384 1323 1397 1359; x_wconf 88' lang='lat'><strong>:</strong></span> <span class='ocrx_word' id='word_1_112' title='bbox 1417 1306 1693 1375; x_wconf 88' lang='lat' dir='ltr'><strong>perfectus</strong></span> <span class='ocrx_word' id='word_1_113' title='bbox 1708 1312 1830 1376; x_wconf 85' lang='lat' dir='ltr'><strong>fuit,</strong></span> <span class='ocrx_word' id='word_1_114' title='bbox 1851 1289 1956 1379; x_wconf 77' lang='lat' dir='ltr'><strong>est,</strong></span> <span class='ocrx_word' id='word_1_115' title='bbox 1975 1326 2030 1373; x_wconf 85' lang='lat' dir='ltr'><strong>et</strong></span> 
     </span>
    </p>
   </div>
   <div class='ocr_carea' id='block_1_16' title="bbox 442 1379 2025 1476">
    <p class='ocr_par' dir='ltr' id='par_1_16' title="bbox 442 1379 2025 1476">
     <span class='ocr_line' id='line_1_17' title="bbox 442 1379 2025 1476; baseline 0.019 -41"><span class='ocrx_word' id='word_1_116' title='bbox 442 1379 548 1435; x_wconf 88' lang='lat' dir='ltr'><strong>erit</strong></span> <span class='ocrx_word' id='word_1_117' title='bbox 565 1379 739 1439; x_wconf 88' lang='lat' dir='ltr'><strong>Filius</strong></span> <span class='ocrx_word' id='word_1_118' title='bbox 759 1386 813 1437; x_wconf 92' lang='lat' dir='ltr'><strong>in</strong></span> <span class='ocrx_word' id='word_1_119' title='bbox 836 1384 1020 1441; x_wconf 84' lang='lat' dir='ltr'><strong>Patre.</strong></span> <span class='ocrx_word' id='word_1_120' title='bbox 1049 1388 1186 1445; x_wconf 88' lang='lat' dir='ltr'><strong>Nam</strong></span> <span class='ocrx_word' id='word_1_121' title='bbox 1214 1411 1234 1444; x_wconf 76' lang='grc' dir='ltr'>ι</span> <span class='ocrx_word' id='word_1_122' title='bbox 1257 1392 1318 1448; x_wconf 89' lang='lat' dir='ltr'><strong>In</strong></span> <span class='ocrx_word' id='word_1_123' title='bbox 1337 1396 1610 1469; x_wconf 91' lang='lat' dir='ltr'><strong>principio</strong></span> <span class='ocrx_word' id='word_1_124' title='bbox 1631 1413 1751 1457; x_wconf 87' lang='lat' dir='ltr'><strong>erat</strong></span> <span class='ocrx_word' id='word_1_125' title='bbox 1769 1403 2025 1476; x_wconf 86' lang='lat' dir='ltr'><strong>Verbum,</strong></span> 
     </span>
    </p>
   </div>
   <div class='ocr_carea' id='block_1_17' title="bbox 440 1469 2030 1554">
    <p class='ocr_par' dir='ltr' id='par_1_17' title="bbox 440 1469 2030 1554">
     <span class='ocr_line' id='line_1_18' title="bbox 440 1469 2030 1554; baseline 0.018 -29"><span class='ocrx_word' id='word_1_126' title='bbox 440 1480 496 1525; x_wconf 87' lang='lat' dir='ltr'><strong>et</strong></span> <span class='ocrx_word' id='word_1_127' title='bbox 511 1469 750 1549; x_wconf 85' lang='lat' dir='ltr'><strong>Verbum</strong></span> <span class='ocrx_word' id='word_1_128' title='bbox 767 1485 886 1529; x_wconf 87' lang='lat' dir='ltr'><strong>erat</strong></span> <span class='ocrx_word' id='word_1_129' title='bbox 902 1480 1044 1548; x_wconf 66' lang='lat' dir='ltr'><strong>apud</strong></span> <span class='ocrx_word' id='word_1_130' title='bbox 1060 1478 1253 1548; x_wconf 90' lang='lat' dir='ltr'><strong>Deum,</strong></span> <span class='ocrx_word' id='word_1_131' title='bbox 1272 1492 1328 1540; x_wconf 92' lang='lat' dir='ltr'><strong>et</strong></span> <span class='ocrx_word' id='word_1_132' title='bbox 1340 1484 1484 1543; x_wconf 89' lang='lat' dir='ltr'><strong>Deus</strong></span> <span class='ocrx_word' id='word_1_133' title='bbox 1502 1498 1622 1544; x_wconf 86' lang='lat' dir='ltr'><strong>erat</strong></span> <span class='ocrx_word' id='word_1_134' title='bbox 1638 1490 1876 1550; x_wconf 84' lang='lat' dir='ltr'><strong>Verbum</strong></span> <span class='ocrx_word' id='word_1_135' title='bbox 1893 1516 1906 1552; x_wconf 91' lang='lat'><strong>:</strong></span> <span class='ocrx_word' id='word_1_136' title='bbox 1925 1469 2030 1554; x_wconf 80' lang='lat' dir='ltr'><strong>hoc</strong></span> 
     </span>
    </p>
   </div>
   <div class='ocr_carea' id='block_1_18' title="bbox 397 1562 2028 1652">
    <p class='ocr_par' dir='ltr' id='par_1_18' title="bbox 397 1562 2028 1652">
     <span class='ocr_line' id='line_1_19' title="bbox 397 1562 2028 1652; baseline 0.017 -33"><span class='ocrx_word' id='word_1_137' title='bbox 397 1616 400 1619; x_wconf 78' lang='lat'><strong>.</strong></span> <span class='ocrx_word' id='word_1_138' title='bbox 439 1562 601 1635; x_wconf 68' lang='lat'><strong>433</strong></span> <span class='ocrx_word' id='word_1_139' title='bbox 627 1573 745 1620; x_wconf 87' lang='lat' dir='ltr'><strong>erat</strong></span> <span class='ocrx_word' id='word_1_140' title='bbox 797 1567 855 1623; x_wconf 92' lang='lat' dir='ltr'><strong>in</strong></span> <span class='ocrx_word' id='word_1_141' title='bbox 899 1571 1173 1643; x_wconf 90' lang='lat' dir='ltr'><strong>principio</strong></span> <span class='ocrx_word' id='word_1_142' title='bbox 1225 1577 1371 1647; x_wconf 86' lang='lat' dir='ltr'><strong>apud</strong></span> <span class='ocrx_word' id='word_1_143' title='bbox 1432 1578 1604 1637; x_wconf 90' lang='lat' dir='ltr'><strong>Deum</strong></span> <span class='ocrx_word' id='word_1_144' title='bbox 1628 1586 1697 1652; x_wconf 78' lang='lat'><strong>&quot;,</strong></span> <span class='ocrx_word' id='word_1_145' title='bbox 1729 1606 1749 1640; x_wconf 70' lang='grc' dir='ltr'>ι</span> <span class='ocrx_word' id='word_1_146' title='bbox 1810 1589 2028 1648; x_wconf 88' lang='lat' dir='ltr'><strong>etiamsi</strong></span> 
     </span>
    </p>
   </div>
   <div class='ocr_carea' id='block_1_19' title="bbox 441 1658 2025 1750">
    <p class='ocr_par' dir='ltr' id='par_1_19' title="bbox 441 1658 2025 1750">
     <span class='ocr_line' id='line_1_20' title="bbox 441 1658 2025 1750; baseline 0.018 -40"><span class='ocrx_word' id='word_1_147' title='bbox 441 1658 608 1721; x_wconf 86' lang='lat' dir='ltr'><strong>nolis,</strong></span> <span class='ocrx_word' id='word_1_148' title='bbox 640 1658 783 1716; x_wconf 79' lang='lat' dir='ltr'><strong>Aeti.</strong></span> <span class='ocrx_word' id='word_1_149' title='bbox 818 1660 886 1715; x_wconf 88' lang='lat' dir='ltr'><strong>Et</strong></span> <span class='ocrx_word' id='word_1_150' title='bbox 920 1679 1029 1719; x_wconf 91' lang='lat' dir='ltr'><strong>non</strong></span> <span class='ocrx_word' id='word_1_151' title='bbox 1060 1667 1216 1736; x_wconf 84' lang='lat' dir='ltr'><strong>prius</strong></span> <span class='ocrx_word' id='word_1_152' title='bbox 1258 1677 1397 1736; x_wconf 88' lang='lat' dir='ltr'><strong>erat,</strong></span> <span class='ocrx_word' id='word_1_153' title='bbox 1430 1683 1486 1728; x_wconf 92' lang='lat' dir='ltr'><strong>et</strong></span> <span class='ocrx_word' id='word_1_154' title='bbox 1513 1682 1646 1732; x_wconf 85' lang='lat' dir='ltr'><strong>tunc</strong></span> <span class='ocrx_word' id='word_1_155' title='bbox 1666 1680 1888 1749; x_wconf 87' lang='lat' dir='ltr'><strong>genitus</strong></span> <span class='ocrx_word' id='word_1_156' title='bbox 1918 1693 2025 1750; x_wconf 86' lang='lat' dir='ltr'><strong>est,</strong></span> 
     </span>
    </p>
   </div>
   <div class='ocr_carea' id='block_1_20' title="bbox 440 1750 2318 1856">
    <p class='ocr_par' dir='ltr' id='par_1_20' title="bbox 440 1750 2318 1856">
     <span class='ocr_line' id='line_1_21' title="bbox 440 1750 2318 1856; baseline 0.02 -56"><span class='ocrx_word' id='word_1_157' title='bbox 440 1762 619 1817; x_wconf 91' lang='lat' dir='ltr'><strong>neque</strong></span> <span class='ocrx_word' id='word_1_158' title='bbox 643 1750 808 1804; x_wconf 88' lang='lat' dir='ltr'><strong>etiam</strong></span> <span class='ocrx_word' id='word_1_159' title='bbox 845 1766 970 1806; x_wconf 91' lang='lat' dir='ltr'><strong>cum</strong></span> <span class='ocrx_word' id='word_1_160' title='bbox 1013 1770 1122 1809; x_wconf 92' lang='lat' dir='ltr'><strong>non</strong></span> <span class='ocrx_word' id='word_1_161' title='bbox 1173 1767 1341 1824; x_wconf 89' lang='lat' dir='ltr'><strong>esset,</strong></span> <span class='ocrx_word' id='word_1_162' title='bbox 1375 1763 1596 1832; x_wconf 85' lang='lat' dir='ltr'><strong>genitus</strong></span> <span class='ocrx_word' id='word_1_163' title='bbox 1621 1774 1726 1832; x_wconf 90' lang='lat' dir='ltr'><strong>est,</strong></span> <span class='ocrx_word' id='word_1_164' title='bbox 1758 1771 1854 1825; x_wconf 84' lang='lat' dir='ltr'><strong>sed</strong></span> <span class='ocrx_word' id='word_1_165' title='bbox 1882 1787 2023 1828; x_wconf 65' lang='lat' dir='ltr'><strong>coae-</strong></span> <span class='ocrx_word' id='word_1_166' title='bbox 2053 1800 2096 1856; x_wconf 79' lang='grc' dir='ltr'><strong>Β</strong></span> <span class='ocrx_word' id='word_1_167' title='bbox 2126 1781 2318 1837; x_wconf 84' lang='grc' dir='ltr'>ἀϊδίου.</span> 
     </span>
    </p>
   </div>
   <div class='ocr_carea' id='block_1_21' title="bbox 2133 499 3729 589">
    <p class='ocr_par' dir='ltr' id='par_1_21' title="bbox 2133 499 3729 589">
     <span class='ocr_line' id='line_1_22' title="bbox 2133 499 3729 589; baseline 0.016 -38"><span class='ocrx_word' id='word_1_168' title='bbox 2133 499 2232 553; x_wconf 89' lang='grc' dir='ltr'><strong>τοῦ</strong></span> <span class='ocrx_word' id='word_1_169' title='bbox 2268 500 2427 567; x_wconf 85' lang='grc' dir='ltr'>Θεοῦ,</span> <span class='ocrx_word' id='word_1_170' title='bbox 2455 505 2551 558; x_wconf 73' lang='grc' dir='ltr'>καὶ</span> <span class='ocrx_word' id='word_1_171' title='bbox 2587 505 2857 570; x_wconf 82' lang='grc' dir='ltr'>τίς-ἐστιν</span> <span class='ocrx_word' id='word_1_172' title='bbox 2888 511 2918 564; x_wconf 93' lang='lat'><strong>6</strong></span> <span class='ocrx_word' id='word_1_173' title='bbox 2951 513 3325 586; x_wconf 79' lang='grc' dir='ltr'>ἐντειλάμενος</span> <span class='ocrx_word' id='word_1_174' title='bbox 3368 516 3729 589; x_wconf 73' lang='grc' dir='ltr'><strong>βαπτίζεσθαι</strong></span> 
     </span>
    </p>
   </div>
   <div class='ocr_carea' id='block_1_22' title="bbox 2133 591 3726 679">
    <p class='ocr_par' dir='ltr' id='par_1_22' title="bbox 2133 591 3726 679">
     <span class='ocr_line' id='line_1_23' title="bbox 2133 591 3726 679; baseline 0.015 -36"><span class='ocrx_word' id='word_1_175' title='bbox 2133 591 2314 646; x_wconf 86' lang='grc' dir='ltr'>πάντα</span> <span class='ocrx_word' id='word_1_176' title='bbox 2340 594 2409 647; x_wconf 87' lang='grc' dir='ltr'>τὰ</span> <span class='ocrx_word' id='word_1_177' title='bbox 2431 594 2560 669; x_wconf 77' lang='grc' dir='ltr'>ἔθνη</span> <span class='ocrx_word' id='word_1_178' title='bbox 2590 599 2671 662; x_wconf 80' lang='grc' dir='ltr'><strong>εἰς</strong></span> <span class='ocrx_word' id='word_1_179' title='bbox 2692 600 2755 653; x_wconf 91' lang='grc' dir='ltr'><strong>τὸ</strong></span> <span class='ocrx_word' id='word_1_180' title='bbox 2780 600 2951 672; x_wconf 71' lang='grc' dir='ltr'>δνομα</span> <span class='ocrx_word' id='word_1_181' title='bbox 2969 605 3065 659; x_wconf 91' lang='grc' dir='ltr'><strong>τοῦ</strong></span> <span class='ocrx_word' id='word_1_182' title='bbox 3089 607 3305 679; x_wconf 84' lang='grc' dir='ltr'>Πατρὸς</span> <span class='ocrx_word' id='word_1_183' title='bbox 3335 610 3551 664; x_wconf 74' lang='grc' dir='ltr'>καὶτοῦ</span> <span class='ocrx_word' id='word_1_184' title='bbox 3572 612 3726 676; x_wconf 66' lang='lat' dir='ltr'><strong>nos.</strong></span> 
     </span>
    </p>
   </div>
   <div class='ocr_carea' id='block_1_23' title="bbox 2134 683 3728 775">
    <p class='ocr_par' dir='ltr' id='par_1_23' title="bbox 2134 683 3728 775">
     <span class='ocr_line' id='line_1_24' title="bbox 2134 683 3728 775; baseline 0.014 -40"><span class='ocrx_word' id='word_1_185' title='bbox 2134 683 2230 736; x_wconf 79' lang='grc' dir='ltr'><strong>καὶ</strong></span> <span class='ocrx_word' id='word_1_186' title='bbox 2267 684 2362 738; x_wconf 87' lang='grc' dir='ltr'><strong>τοῦ</strong></span> <span class='ocrx_word' id='word_1_187' title='bbox 2392 686 2551 755; x_wconf 85' lang='grc' dir='ltr'><strong>ἁγίου</strong></span> <span class='ocrx_word' id='word_1_188' title='bbox 2577 689 2921 762; x_wconf 86' lang='grc' dir='ltr'>Πνεύματος·</span> <span class='ocrx_word' id='word_1_189' title='bbox 2945 696 3046 749; x_wconf 85' lang='grc' dir='ltr'><strong>οὑκ</strong></span> <span class='ocrx_word' id='word_1_190' title='bbox 3071 698 3379 771; x_wconf 81' lang='grc' dir='ltr'><strong>ἐπεχείρεις</strong></span> <span class='ocrx_word' id='word_1_191' title='bbox 3403 706 3728 775; x_wconf 72' lang='grc' dir='ltr'>παρακρού·</span> 
     </span>
    </p>
   </div>
   <div class='ocr_carea' id='block_1_24' title="bbox 2131 774 3731 861">
    <p class='ocr_par' dir='ltr' id='par_1_24' title="bbox 2131 774 3731 861">
     <span class='ocr_line' id='line_1_25' title="bbox 2131 774 3731 861; baseline 0.015 -35"><span class='ocrx_word' id='word_1_192' title='bbox 2131 774 2287 829; x_wconf 82' lang='grc' dir='ltr'>εσθαι</span> <span class='ocrx_word' id='word_1_193' title='bbox 2319 776 2380 829; x_wconf 85' lang='grc' dir='ltr'><strong>τὸ</strong></span> <span class='ocrx_word' id='word_1_194' title='bbox 2411 776 2509 831; x_wconf 89' lang='grc' dir='ltr'><strong>τοῦ</strong></span> <span class='ocrx_word' id='word_1_195' title='bbox 2553 781 2771 854; x_wconf 88' lang='grc' dir='ltr'>Πατρὸς</span> <span class='ocrx_word' id='word_1_196' title='bbox 2805 785 2901 839; x_wconf 80' lang='grc' dir='ltr'>καὶ</span> <span class='ocrx_word' id='word_1_197' title='bbox 2932 786 3026 841; x_wconf 88' lang='grc' dir='ltr'><strong>τοῦ</strong></span> <span class='ocrx_word' id='word_1_198' title='bbox 3055 788 3186 842; x_wconf 87' lang='grc' dir='ltr'>Υἱοῦ</span> <span class='ocrx_word' id='word_1_199' title='bbox 3227 790 3418 861; x_wconf 77' lang='grc' dir='ltr'>ὄνομα,</span> <span class='ocrx_word' id='word_1_200' title='bbox 3450 794 3512 847; x_wconf 82' lang='grc' dir='ltr'><strong>ἐν</strong></span> <span class='ocrx_word' id='word_1_201' title='bbox 3552 774 3731 850; x_wconf 62' lang='grc' dir='ltr'>ἐθελο-</span> 
     </span>
    </p>
   </div>
   <div class='ocr_carea' id='block_1_25' title="bbox 2131 865 3732 961">
    <p class='ocr_par' dir='ltr' id='par_1_25' title="bbox 2131 865 3732 961">
     <span class='ocr_line' id='line_1_26' title="bbox 2131 865 3732 961; baseline 0.015 -41"><span class='ocrx_word' id='word_1_202' title='bbox 2131 865 2234 939; x_wconf 89' lang='grc' dir='ltr'><strong>θρη</strong></span> <span class='ocrx_word' id='word_1_203' title='bbox 2245 870 2403 942; x_wconf 80' lang='grc' dir='ltr'>σκείᾳ</span> <span class='ocrx_word' id='word_1_204' title='bbox 2428 873 2551 946; x_wconf 80' lang='grc' dir='ltr'>είκῆ</span> <span class='ocrx_word' id='word_1_205' title='bbox 2591 876 2955 948; x_wconf 80' lang='grc' dir='ltr'><strong>φυσιούμενος</strong></span> <span class='ocrx_word' id='word_1_206' title='bbox 2980 880 3124 935; x_wconf 88' lang='grc' dir='ltr'><strong>κατά</strong></span> <span class='ocrx_word' id='word_1_207' title='bbox 3150 884 3243 936; x_wconf 83' lang='grc' dir='ltr'><strong>τοῦ</strong></span> <span class='ocrx_word' id='word_1_208' title='bbox 3282 885 3603 953; x_wconf 80' lang='grc' dir='ltr'><strong>διδάξαντος</strong></span> <span class='ocrx_word' id='word_1_209' title='bbox 3636 890 3732 961; x_wconf 79' lang='grc' dir='ltr'><strong>τὴν</strong></span> 
     </span>
    </p>
   </div>
   <div class='ocr_carea' id='block_1_26' title="bbox 2129 960 3732 1049">
    <p class='ocr_par' dir='ltr' id='par_1_26' title="bbox 2129 960 3732 1049">
     <span class='ocr_line' id='line_1_27' title="bbox 2129 960 3732 1049; baseline 0.014 -37"><span class='ocrx_word' id='word_1_210' title='bbox 2129 960 2301 1033; x_wconf 86' lang='grc' dir='ltr'>καλὴν</span> <span class='ocrx_word' id='word_1_211' title='bbox 2327 965 2617 1035; x_wconf 82' lang='grc' dir='ltr'>ὁμολογίαν</span> <span class='ocrx_word' id='word_1_212' title='bbox 2636 981 2651 997; x_wconf 86' lang='grc'>⁶</span> <span class='ocrx_word' id='word_1_213' title='bbox 2676 970 2861 1043; x_wconf 84' lang='grc' dir='ltr'>ἐπειδὴ</span> <span class='ocrx_word' id='word_1_214' title='bbox 2888 972 2966 1038; x_wconf 84' lang='grc' dir='ltr'><strong>δὲ,</strong></span> <span class='ocrx_word' id='word_1_215' title='bbox 2993 974 3234 1046; x_wconf 74' lang='grc' dir='ltr'>οἰόμενος</span> <span class='ocrx_word' id='word_1_216' title='bbox 3264 973 3403 1031; x_wconf 78' lang='grc' dir='ltr'>εἶναι</span> <span class='ocrx_word' id='word_1_217' title='bbox 3427 981 3618 1049; x_wconf 73' lang='grc' dir='ltr'>σοφὸς,</span> <span class='ocrx_word' id='word_1_218' title='bbox 3642 960 3732 1034; x_wconf 81' lang='grc' dir='ltr'><strong>τὸν</strong></span> 
     </span>
    </p>
   </div>
   <div class='ocr_carea' id='block_1_27' title="bbox 2129 1050 3731 1144">
    <p class='ocr_par' dir='ltr' id='par_1_27' title="bbox 2129 1050 3731 1144">
     <span class='ocr_line' id='line_1_28' title="bbox 2129 1050 3731 1144; baseline 0.016 -41"><span class='ocrx_word' id='word_1_219' title='bbox 2129 1050 2351 1125; x_wconf 83' lang='grc' dir='ltr'><strong>Πατέρα</strong></span> <span class='ocrx_word' id='word_1_220' title='bbox 2391 1056 2453 1108; x_wconf 84' lang='grc' dir='ltr'>οὑ</span> <span class='ocrx_word' id='word_1_221' title='bbox 2489 1057 2663 1125; x_wconf 87' lang='grc' dir='ltr'>θέλεις</span> <span class='ocrx_word' id='word_1_222' title='bbox 2691 1056 2830 1115; x_wconf 79' lang='grc' dir='ltr'>εἶναι</span> <span class='ocrx_word' id='word_1_223' title='bbox 2863 1065 3102 1137; x_wconf 81' lang='grc' dir='ltr'><strong>Πατέρα,</strong></span> <span class='ocrx_word' id='word_1_224' title='bbox 3139 1066 3226 1121; x_wconf 84' lang='grc' dir='ltr'><strong>ἵνα</strong></span> <span class='ocrx_word' id='word_1_225' title='bbox 3267 1068 3341 1140; x_wconf 77' lang='grc' dir='ltr'>μὴ</span> <span class='ocrx_word' id='word_1_226' title='bbox 3372 1070 3537 1144; x_wconf 79' lang='grc' dir='ltr'>δόξῃς</span> <span class='ocrx_word' id='word_1_227' title='bbox 3578 1073 3731 1144; x_wconf 78' lang='grc' dir='ltr'>παρὰ</span> 
     </span>
    </p>
   </div>
   <div class='ocr_carea' id='block_1_28' title="bbox 2130 1143 3731 1229">
    <p class='ocr_par' dir='ltr' id='par_1_28' title="bbox 2130 1143 3731 1229">
     <span class='ocr_line' id='line_1_29' title="bbox 2130 1143 3731 1229; baseline 0.013 -31"><span class='ocrx_word' id='word_1_228' title='bbox 2130 1146 2316 1217; x_wconf 81' lang='grc' dir='ltr'>σαυτῷ</span> <span class='ocrx_word' id='word_1_229' title='bbox 2341 1143 2482 1204; x_wconf 79' lang='grc' dir='ltr'>εῖναι</span> <span class='ocrx_word' id='word_1_230' title='bbox 2507 1152 2797 1225; x_wconf 86' lang='grc' dir='ltr'>φρόνιμος·</span> <span class='ocrx_word' id='word_1_231' title='bbox 2830 1159 2962 1229; x_wconf 87' lang='grc' dir='ltr'>παρ’</span> <span class='ocrx_word' id='word_1_232' title='bbox 2995 1158 3150 1228; x_wconf 75' lang='grc' dir='ltr'>ἡμῶν</span> <span class='ocrx_word' id='word_1_233' title='bbox 3176 1160 3361 1221; x_wconf 82' lang='grc' dir='ltr'>ἄκουε,</span> <span class='ocrx_word' id='word_1_234' title='bbox 3405 1143 3492 1216; x_wconf 81' lang='grc' dir='ltr'>ὅτι</span> <span class='ocrx_word' id='word_1_235' title='bbox 3522 1143 3731 1228; x_wconf 77' lang='grc' dir='ltr'>τέλειος</span> 
     </span>
    </p>
   </div>
   <div class='ocr_carea' id='block_1_29' title="bbox 2125 1231 3728 1322">
    <p class='ocr_par' dir='ltr' id='par_1_29' title="bbox 2125 1231 3728 1322">
     <span class='ocr_line' id='line_1_30' title="bbox 2125 1231 3728 1322; baseline 0.009 -33"><span class='ocrx_word' id='word_1_236' title='bbox 2125 1231 2216 1307; x_wconf 82' lang='grc' dir='ltr'>ἦν,</span> <span class='ocrx_word' id='word_1_237' title='bbox 2242 1239 2338 1292; x_wconf 75' lang='grc' dir='ltr'>καὶ</span> <span class='ocrx_word' id='word_1_238' title='bbox 2385 1238 2522 1305; x_wconf 79' lang='grc' dir='ltr'>ἔστι,</span> <span class='ocrx_word' id='word_1_239' title='bbox 2555 1243 2651 1297; x_wconf 76' lang='grc' dir='ltr'><strong>καὶ</strong></span> <span class='ocrx_word' id='word_1_240' title='bbox 2704 1244 2856 1298; x_wconf 81' lang='grc' dir='ltr'>ἐσται</span> <span class='ocrx_word' id='word_1_241' title='bbox 2897 1248 2927 1299; x_wconf 85' lang='grc' dir='ltr'>ὁ</span> <span class='ocrx_word' id='word_1_242' title='bbox 2954 1247 3082 1312; x_wconf 85' lang='grc' dir='ltr'>Υἱὸς</span> <span class='ocrx_word' id='word_1_243' title='bbox 3122 1250 3181 1302; x_wconf 89' lang='grc' dir='ltr'><strong>ἐν</strong></span> <span class='ocrx_word' id='word_1_244' title='bbox 3215 1249 3295 1320; x_wconf 84' lang='grc' dir='ltr'>τῷ</span> <span class='ocrx_word' id='word_1_245' title='bbox 3328 1252 3523 1322; x_wconf 82' lang='grc' dir='ltr'>Πατρί.</span> <span class='ocrx_word' id='word_1_246' title='bbox 3568 1271 3588 1302; x_wconf 75' lang='grc' dir='ltr'><strong>ι</strong></span> <span class='ocrx_word' id='word_1_247' title='bbox 3642 1254 3728 1306; x_wconf 79' lang='grc' dir='ltr'>Ἐν</span> 
     </span>
    </p>
   </div>
   <div class='ocr_carea' id='block_1_30' title="bbox 2126 1328 3726 1416">
    <p class='ocr_par' dir='ltr' id='par_1_30' title="bbox 2126 1328 3726 1416">
     <span class='ocr_line' id='line_1_31' title="bbox 2126 1328 3726 1416; baseline 0.013 -36"><span class='ocrx_word' id='word_1_248' title='bbox 2126 1328 2270 1401; x_wconf 81' lang='grc' dir='ltr'>ἀρχῇ</span> <span class='ocrx_word' id='word_1_249' title='bbox 2311 1349 2330 1383; x_wconf 73' lang='grc' dir='ltr'><strong>ι</strong></span> <span class='ocrx_word' id='word_1_250' title='bbox 2365 1331 2473 1404; x_wconf 88' lang='grc' dir='ltr'><strong>γάρ</strong></span> <span class='ocrx_word' id='word_1_251' title='bbox 2507 1353 2526 1386; x_wconf 80' lang='grc' dir='ltr'>ι</span> <span class='ocrx_word' id='word_1_252' title='bbox 2564 1330 2633 1406; x_wconf 84' lang='grc' dir='ltr'>ἧν</span> <span class='ocrx_word' id='word_1_253' title='bbox 2659 1336 2689 1389; x_wconf 87' lang='lat'><strong>6</strong></span> <span class='ocrx_word' id='word_1_254' title='bbox 2716 1337 2919 1406; x_wconf 88' lang='grc' dir='ltr'><strong>Λόγος,</strong></span> <span class='ocrx_word' id='word_1_255' title='bbox 2954 1341 3050 1393; x_wconf 78' lang='grc' dir='ltr'><strong>καὶ</strong></span> <span class='ocrx_word' id='word_1_256' title='bbox 3090 1343 3120 1395; x_wconf 97' lang='lat'><strong>6</strong></span> <span class='ocrx_word' id='word_1_257' title='bbox 3147 1343 3318 1411; x_wconf 79' lang='grc' dir='ltr'>Λόγος</span> <span class='ocrx_word' id='word_1_258' title='bbox 3352 1339 3421 1415; x_wconf 83' lang='grc' dir='ltr'>ἦν</span> <span class='ocrx_word' id='word_1_259' title='bbox 3456 1346 3599 1416; x_wconf 77' lang='grc' dir='ltr'>πρὸς</span> <span class='ocrx_word' id='word_1_260' title='bbox 3634 1347 3726 1400; x_wconf 69' lang='grc' dir='ltr'><strong>τὸν</strong></span> 
     </span>
    </p>
   </div>
   <div class='ocr_carea' id='block_1_31' title="bbox 2125 1417 3727 1508">
    <p class='ocr_par' dir='ltr' id='par_1_31' title="bbox 2125 1417 3727 1508">
     <span class='ocr_line' id='line_1_32' title="bbox 2125 1417 3727 1508; baseline 0.014 -39"><span class='ocrx_word' id='word_1_261' title='bbox 2125 1417 2281 1481; x_wconf 83' lang='grc' dir='ltr'><strong>Θεὸν,</strong></span> <span class='ocrx_word' id='word_1_262' title='bbox 2327 1421 2420 1473; x_wconf 75' lang='grc' dir='ltr'>καὶ</span> <span class='ocrx_word' id='word_1_263' title='bbox 2446 1421 2580 1487; x_wconf 84' lang='grc' dir='ltr'><strong>Θεὸς</strong></span> <span class='ocrx_word' id='word_1_264' title='bbox 2615 1420 2685 1496; x_wconf 81' lang='grc' dir='ltr'>ἦν</span> <span class='ocrx_word' id='word_1_265' title='bbox 2710 1427 2739 1479; x_wconf 93' lang='lat'><strong>6</strong></span> <span class='ocrx_word' id='word_1_266' title='bbox 2766 1427 2968 1497; x_wconf 82' lang='grc' dir='ltr'><strong>Λόγος·</strong></span> <span class='ocrx_word' id='word_1_267' title='bbox 3002 1425 3156 1495; x_wconf 74' lang='grc' dir='ltr'>οὗτος</span> <span class='ocrx_word' id='word_1_268' title='bbox 3193 1428 3262 1505; x_wconf 81' lang='grc' dir='ltr'>ἦν</span> <span class='ocrx_word' id='word_1_269' title='bbox 3301 1436 3359 1487; x_wconf 85' lang='grc' dir='ltr'><strong>ἐν</strong></span> <span class='ocrx_word' id='word_1_270' title='bbox 3400 1436 3546 1508; x_wconf 83' lang='grc' dir='ltr'>ἀρχῇ</span> <span class='ocrx_word' id='word_1_271' title='bbox 3588 1437 3727 1508; x_wconf 79' lang='grc' dir='ltr'>πρὸς</span> 
     </span>
    </p>
   </div>
   <div class='ocr_carea' id='block_1_32' title="bbox 2123 1508 3723 1600">
    <p class='ocr_par' dir='ltr' id='par_1_32' title="bbox 2123 1508 3723 1600">
     <span class='ocr_line' id='line_1_33' title="bbox 2123 1508 3723 1600; baseline 0.013 -39"><span class='ocrx_word' id='word_1_272' title='bbox 2123 1508 2219 1563; x_wconf 83' lang='grc' dir='ltr'><strong>τὸν</strong></span> <span class='ocrx_word' id='word_1_273' title='bbox 2250 1510 2405 1578; x_wconf 83' lang='grc' dir='ltr'>Θεὸν,</span> <span class='ocrx_word' id='word_1_274' title='bbox 2450 1532 2470 1565; x_wconf 71' lang='grc' dir='ltr'>ι</span> <span class='ocrx_word' id='word_1_275' title='bbox 2499 1513 2604 1569; x_wconf 85' lang='grc' dir='ltr'>κᾶν</span> <span class='ocrx_word' id='word_1_276' title='bbox 2639 1516 2713 1590; x_wconf 81' lang='grc' dir='ltr'>μὴ</span> <span class='ocrx_word' id='word_1_277' title='bbox 2739 1518 2918 1591; x_wconf 80' lang='grc' dir='ltr'><strong>θέλῃς,</strong></span> <span class='ocrx_word' id='word_1_278' title='bbox 2969 1522 3162 1576; x_wconf 67' lang='grc' dir='ltr'>’Ᾱέτιε.</span> <span class='ocrx_word' id='word_1_279' title='bbox 3193 1525 3304 1579; x_wconf 74' lang='grc' dir='ltr'>Καὶ</span> <span class='ocrx_word' id='word_1_280' title='bbox 3340 1525 3451 1598; x_wconf 87' lang='lat'><strong>(69)</strong></span> <span class='ocrx_word' id='word_1_281' title='bbox 3486 1528 3550 1580; x_wconf 81' lang='grc' dir='ltr'><strong>οὐ</strong></span> <span class='ocrx_word' id='word_1_282' title='bbox 3590 1530 3723 1600; x_wconf 81' lang='grc' dir='ltr'>πρό-</span> 
     </span>
    </p>
   </div>
   <div class='ocr_carea' id='block_1_33' title="bbox 2125 1596 3720 1690">
    <p class='ocr_par' dir='ltr' id='par_1_33' title="bbox 2125 1596 3720 1690">
     <span class='ocr_line' id='line_1_34' title="bbox 2125 1596 3720 1690; baseline 0.014 -39"><span class='ocrx_word' id='word_1_283' title='bbox 2125 1613 2281 1670; x_wconf 87' lang='grc' dir='ltr'>τερον</span> <span class='ocrx_word' id='word_1_284' title='bbox 2308 1596 2396 1673; x_wconf 81' lang='grc' dir='ltr'>ἦν,</span> <span class='ocrx_word' id='word_1_285' title='bbox 2429 1604 2522 1657; x_wconf 63' lang='grc' dir='ltr'><strong>κα)⁸</strong></span> <span class='ocrx_word' id='word_1_286' title='bbox 2552 1605 2675 1659; x_wconf 88' lang='grc' dir='ltr'>τότε</span> <span class='ocrx_word' id='word_1_287' title='bbox 2696 1607 2990 1683; x_wconf 73' lang='grc' dir='ltr'>ἐγεννήθηο</span> <span class='ocrx_word' id='word_1_288' title='bbox 3018 1613 3141 1667; x_wconf 83' lang='grc' dir='ltr'>οὐδὲ</span> <span class='ocrx_word' id='word_1_289' title='bbox 3166 1614 3239 1687; x_wconf 77' lang='grc' dir='ltr'><strong>μὴ</strong></span> <span class='ocrx_word' id='word_1_290' title='bbox 3266 1596 3720 1690; x_wconf 23' lang='grc' dir='ltr'>ὣνγεγέννητήαιο</span> 
     </span>
    </p>
   </div>
   <div class='ocr_carea' id='block_1_34' title="bbox 2125 1689 3723 1780">
    <p class='ocr_par' dir='ltr' id='par_1_34' title="bbox 2125 1689 3723 1780">
     <span class='ocr_line' id='line_1_35' title="bbox 2125 1689 3723 1780; baseline 0.014 -37"><span class='ocrx_word' id='word_1_291' title='bbox 2125 1689 2261 1745; x_wconf 86' lang='grc' dir='ltr'><strong>ἀλλὰ</strong></span> <span class='ocrx_word' id='word_1_292' title='bbox 2286 1697 2559 1751; x_wconf 81' lang='grc' dir='ltr'>συναῒδιόν</span> <span class='ocrx_word' id='word_1_293' title='bbox 2591 1700 2708 1752; x_wconf 89' lang='grc' dir='ltr'>ἐστι</span> <span class='ocrx_word' id='word_1_294' title='bbox 2750 1702 3017 1774; x_wconf 84' lang='grc' dir='ltr'><strong>γέννημα,</strong></span> <span class='ocrx_word' id='word_1_295' title='bbox 3048 1705 3125 1769; x_wconf 86' lang='grc' dir='ltr'>ὡς</span> <span class='ocrx_word' id='word_1_296' title='bbox 3156 1707 3499 1780; x_wconf 82' lang='grc' dir='ltr'>ἀπαύγασμα</span> <span class='ocrx_word' id='word_1_297' title='bbox 3543 1689 3723 1779; x_wconf 73' lang='grc' dir='ltr'>φωτὸς</span> 
     </span>
    </p>
   </div>
   <div class='ocr_carea' id='block_1_35' title="bbox 2346 1787 3722 1870">
    <p class='ocr_par' dir='ltr' id='par_1_35' title="bbox 2346 1787 3722 1870">
     <span class='ocr_line' id='line_1_36' title="bbox 2346 1787 3722 1870; baseline 0.013 -31"><span class='ocrx_word' id='word_1_298' title='bbox 2346 1787 2387 1838; x_wconf 90' lang='grc' dir='ltr'><strong>Γ</strong></span> <span class='ocrx_word' id='word_1_299' title='bbox 2388 1790 2584 1860; x_wconf 84' lang='grc' dir='ltr'>εννητὴ</span> <span class='ocrx_word' id='word_1_300' title='bbox 2614 1790 2673 1842; x_wconf 84' lang='grc' dir='ltr'><strong>δὲ</strong></span> <span class='ocrx_word' id='word_1_301' title='bbox 2700 1791 2861 1860; x_wconf 84' lang='grc' dir='ltr'>φύσις</span> <span class='ocrx_word' id='word_1_302' title='bbox 2901 1797 2996 1848; x_wconf 79' lang='grc' dir='ltr'>καὶ</span> <span class='ocrx_word' id='word_1_303' title='bbox 3026 1797 3320 1870; x_wconf 81' lang='grc' dir='ltr'>ἁγέννητος</span> <span class='ocrx_word' id='word_1_304' title='bbox 3346 1801 3509 1870; x_wconf 82' lang='grc' dir='ltr'><strong>φύσις</strong></span> <span class='ocrx_word' id='word_1_305' title='bbox 3538 1804 3645 1857; x_wconf 78' lang='grc' dir='ltr'><strong>οὐκ</strong></span> <span class='ocrx_word' id='word_1_306' title='bbox 3663 1805 3722 1857; x_wconf 81' lang='grc' dir='ltr'><strong>ἐν</strong></span> 
     </span>
    </p>
   </div>
   <div class='ocr_carea' id='block_1_36' title="bbox 441 1843 2016 1965">
    <p class='ocr_par' dir='ltr' id='par_1_36' title="bbox 441 1843 2016 1965">
     <span class='ocr_line' id='line_1_37' title="bbox 441 1843 2016 1933; baseline 0.019 -41"><span class='ocrx_word' id='word_1_307' title='bbox 441 1849 657 1894; x_wconf 87' lang='lat' dir='ltr'><strong>ternum</strong></span> <span class='ocrx_word' id='word_1_308' title='bbox 681 1850 766 1897; x_wconf 87' lang='lat' dir='ltr'><strong>est</strong></span> <span class='ocrx_word' id='word_1_309' title='bbox 798 1843 898 1900; x_wconf 88' lang='lat' dir='ltr'><strong>hoc</strong></span> <span class='ocrx_word' id='word_1_310' title='bbox 919 1849 1196 1917; x_wconf 87' lang='lat' dir='ltr'><strong>genimen,</strong></span> <span class='ocrx_word' id='word_1_311' title='bbox 1237 1860 1493 1924; x_wconf 85' lang='lat' dir='ltr'><strong>tanquam</strong></span> <span class='ocrx_word' id='word_1_312' title='bbox 1526 1859 1737 1914; x_wconf 86' lang='lat' dir='ltr'><strong>scilicet</strong></span> <span class='ocrx_word' id='word_1_313' title='bbox 1764 1864 2016 1933; x_wconf 84' lang='lat' dir='ltr'><strong>splendor</strong></span> 
     </span>
     <span class='ocr_line' id='line_1_38' title="bbox 441 1936 1731 1965; baseline 0 0"><span class='ocrx_word' id='word_1_314' title='bbox 441 1940 657 1965; x_wconf 65' lang='lat' dir='ltr'><strong>vulnus-un</strong></span> <span class='ocrx_word' id='word_1_315' title='bbox 684 1936 818 1965; x_wconf 72' lang='grc' dir='ltr'><strong>Ιιυιεη</strong></span> <span class='ocrx_word' id='word_1_316' title='bbox 849 1957 861 1965; x_wconf 91' lang='grc'><strong>.</strong></span> <span class='ocrx_word' id='word_1_317' title='bbox 898 1939 1072 1965; x_wconf 54' lang='grc' dir='ltr'><strong>,καῖ-...ι</strong></span> <span class='ocrx_word' id='word_1_318' title='bbox 1112 1955 1284 1965; x_wconf 68' lang='lat'><strong>--_.-__</strong></span> <span class='ocrx_word' id='word_1_319' title='bbox 1352 1964 1367 1965; x_wconf 36' lang='grc' dir='ltr'><em>γ</em></span> <span class='ocrx_word' id='word_1_320' title='bbox 1394 1957 1432 1965; x_wconf 31' lang='grc' dir='ltr'><strong>κ.</strong></span> <span class='ocrx_word' id='word_1_321' title='bbox 1696 1955 1731 1965; x_wconf 73' lang='grc'><strong>.-</strong></span> 
     </span>
    </p>
   </div>
   <div class='ocr_carea' id='block_1_37' title="bbox 2121 1843 3722 1965">
    <p class='ocr_par' dir='ltr' id='par_1_37' title="bbox 2128 1843 3722 1965">
     <span class='ocr_line' id='line_1_39' title="bbox 2128 1843 3722 1965; baseline 0.014 -41"><span class='ocrx_word' id='word_1_322' title='bbox 2128 1873 2195 1942; x_wconf 81' lang='grc' dir='ltr'>τῇ</span> <span class='ocrx_word' id='word_1_323' title='bbox 2233 1874 2393 1942; x_wconf 90' lang='grc' dir='ltr'>φύσει</span> <span class='ocrx_word' id='word_1_324' title='bbox 2441 1843 2653 1948; x_wconf 45' lang='grc' dir='ltr'>ἐχέιιτὸ</span> <span class='ocrx_word' id='word_1_325' title='bbox 3143 1843 3317 1959; x_wconf 38' lang='lat' dir='ltr'><strong>evicti:</strong></span> <span class='ocrx_word' id='word_1_326' title='bbox 3348 1843 3722 1965; x_wconf 42' lang='grc' dir='ltr'><strong>Ἴγεγεννῆσθαι</strong></span> 
     </span>
    </p>
   </div>
   <div class='ocr_carea' id='block_1_38' title="bbox 439 1936 2023 2022">
    <p class='ocr_par' dir='ltr' id='par_1_38' title="bbox 439 1936 2023 2022">
     <span class='ocr_line' id='line_1_40' title="bbox 439 1936 2023 2022; baseline 0.019 -34"><span class='ocrx_word' id='word_1_327' title='bbox 439 1940 657 1989; x_wconf 68' lang='lat' dir='ltr'><strong>aeterna:</strong></span> <span class='ocrx_word' id='word_1_328' title='bbox 684 1936 820 1992; x_wconf 89' lang='lat' dir='ltr'><strong>lucis</strong></span> <span class='ocrx_word' id='word_1_329' title='bbox 849 1957 862 1993; x_wconf 88' lang='lat'><strong>:</strong></span> <span class='ocrx_word' id='word_1_330' title='bbox 896 1939 1075 1995; x_wconf 73' lang='lat' dir='ltr'><strong>differt</strong></span> <span class='ocrx_word' id='word_1_331' title='bbox 1109 1955 1291 2000; x_wconf 90' lang='lat' dir='ltr'><strong>autem</strong></span> <span class='ocrx_word' id='word_1_332' title='bbox 1343 1957 1541 2005; x_wconf 88' lang='lat' dir='ltr'><strong>natura</strong></span> <span class='ocrx_word' id='word_1_333' title='bbox 1587 1955 1771 2022; x_wconf 91' lang='lat' dir='ltr'><strong>genita</strong></span> <span class='ocrx_word' id='word_1_334' title='bbox 1815 1965 1870 2013; x_wconf 87' lang='lat' dir='ltr'><strong>et</strong></span> <span class='ocrx_word' id='word_1_335' title='bbox 1911 1976 2023 2017; x_wconf 87' lang='lat' dir='ltr'><strong>non</strong></span> 
     </span>
    </p>
   </div>
   <div class='ocr_carea' id='block_1_39' title="bbox 440 2025 2022 2117">
    <p class='ocr_par' dir='ltr' id='par_1_39' title="bbox 440 2025 2022 2117">
     <span class='ocr_line' id='line_1_41' title="bbox 440 2025 2022 2117; baseline 0.018 -38"><span class='ocrx_word' id='word_1_336' title='bbox 440 2025 644 2096; x_wconf 89' lang='lat' dir='ltr'><strong>genita,</strong></span> <span class='ocrx_word' id='word_1_337' title='bbox 672 2044 783 2083; x_wconf 90' lang='lat' dir='ltr'><strong>non</strong></span> <span class='ocrx_word' id='word_1_338' title='bbox 813 2040 1087 2099; x_wconf 89' lang='lat' dir='ltr'><strong>quatenus</strong></span> <span class='ocrx_word' id='word_1_339' title='bbox 1130 2044 1330 2093; x_wconf 88' lang='lat' dir='ltr'><strong>natura</strong></span> <span class='ocrx_word' id='word_1_340' title='bbox 1375 2050 1480 2105; x_wconf 91' lang='lat' dir='ltr'><strong>est,</strong></span> <span class='ocrx_word' id='word_1_341' title='bbox 1518 2042 1613 2099; x_wconf 89' lang='lat' dir='ltr'><strong>sed</strong></span> <span class='ocrx_word' id='word_1_342' title='bbox 1645 2060 1712 2100; x_wconf 90' lang='lat' dir='ltr'><strong>eo</strong></span> <span class='ocrx_word' id='word_1_343' title='bbox 1745 2046 1865 2117; x_wconf 90' lang='lat' dir='ltr'><strong>ipso</strong></span> <span class='ocrx_word' id='word_1_344' title='bbox 1900 2062 2022 2107; x_wconf 82' lang='lat' dir='ltr'><strong>tan-</strong></span> 
     </span>
    </p>
   </div>
   <div class='ocr_carea' id='block_1_40' title="bbox 441 2121 2021 2200">
    <p class='ocr_par' dir='ltr' id='par_1_40' title="bbox 441 2121 2021 2200">
     <span class='ocr_line' id='line_1_42' title="bbox 441 2121 2021 2200; baseline 0.018 -30"><span class='ocrx_word' id='word_1_345' title='bbox 441 2125 556 2171; x_wconf 85' lang='lat' dir='ltr'><strong>tum</strong></span> <span class='ocrx_word' id='word_1_346' title='bbox 577 2121 719 2188; x_wconf 92' lang='lat' dir='ltr'><strong>quod</strong></span> <span class='ocrx_word' id='word_1_347' title='bbox 752 2122 934 2192; x_wconf 87' lang='lat' dir='ltr'><strong>genita</strong></span> <span class='ocrx_word' id='word_1_348' title='bbox 967 2132 1023 2179; x_wconf 86' lang='lat' dir='ltr'><strong>et</strong></span> <span class='ocrx_word' id='word_1_349' title='bbox 1059 2141 1171 2181; x_wconf 92' lang='lat' dir='ltr'><strong>non</strong></span> <span class='ocrx_word' id='word_1_350' title='bbox 1212 2130 1396 2200; x_wconf 86' lang='lat' dir='ltr'><strong>genita</strong></span> <span class='ocrx_word' id='word_1_351' title='bbox 1435 2140 1539 2188; x_wconf 88' lang='lat' dir='ltr'><strong>est.</strong></span> <span class='ocrx_word' id='word_1_352' title='bbox 1575 2133 1712 2190; x_wconf 86' lang='lat' dir='ltr'><strong>Nam</strong></span> <span class='ocrx_word' id='word_1_353' title='bbox 1742 2153 1846 2195; x_wconf 91' lang='lat' dir='ltr'><strong>nec</strong></span> <span class='ocrx_word' id='word_1_354' title='bbox 1874 2141 2021 2197; x_wconf 84' lang='lat' dir='ltr'><strong>Ada-</strong></span> 
     </span>
    </p>
   </div>
   <div class='ocr_carea' id='block_1_41' title="bbox 438 2220 2020 2292">
    <p class='ocr_par' dir='ltr' id='par_1_41' title="bbox 438 2220 2020 2292">
     <span class='ocr_line' id='line_1_43' title="bbox 438 2220 2020 2292; baseline 0.018 -28"><span class='ocrx_word' id='word_1_355' title='bbox 438 2226 565 2268; x_wconf 88' lang='lat' dir='ltr'><strong>mus</strong></span> <span class='ocrx_word' id='word_1_356' title='bbox 598 2222 764 2269; x_wconf 85' lang='lat' dir='ltr'><strong>natus</strong></span> <span class='ocrx_word' id='word_1_357' title='bbox 811 2222 900 2270; x_wconf 89' lang='lat' dir='ltr'><strong>est</strong></span> <span class='ocrx_word' id='word_1_358' title='bbox 946 2232 1012 2272; x_wconf 82' lang='lat' dir='ltr'><strong>ex</strong></span> <span class='ocrx_word' id='word_1_359' title='bbox 1043 2220 1296 2288; x_wconf 88' lang='lat' dir='ltr'><strong>muliere,</strong></span> <span class='ocrx_word' id='word_1_360' title='bbox 1339 2240 1444 2282; x_wconf 88' lang='lat' dir='ltr'><strong>nos</strong></span> <span class='ocrx_word' id='word_1_361' title='bbox 1466 2242 1598 2282; x_wconf 89' lang='lat' dir='ltr'><strong>vero</strong></span> <span class='ocrx_word' id='word_1_362' title='bbox 1631 2231 1746 2289; x_wconf 90' lang='lat' dir='ltr'><strong>nati</strong></span> <span class='ocrx_word' id='word_1_363' title='bbox 1788 2246 2020 2292; x_wconf 89' lang='lat' dir='ltr'><strong>sumus:</strong></span> 
     </span>
    </p>
   </div>
   <div class='ocr_carea' id='block_1_42' title="bbox 2128 1965 3719 2055">
    <p class='ocr_par' dir='ltr' id='par_1_42' title="bbox 2128 1965 3719 2055">
     <span class='ocr_line' id='line_1_44' title="bbox 2128 1965 3719 2055; baseline 0.014 -38"><span class='ocrx_word' id='word_1_364' title='bbox 2128 1965 2224 2019; x_wconf 76' lang='grc' dir='ltr'><strong>καὶ</strong></span> <span class='ocrx_word' id='word_1_365' title='bbox 2254 1966 2329 2038; x_wconf 81' lang='grc' dir='ltr'>μὴ</span> <span class='ocrx_word' id='word_1_366' title='bbox 2364 1972 2748 2044; x_wconf 84' lang='grc' dir='ltr'>γεγεννῆσθαι.</span> <span class='ocrx_word' id='word_1_367' title='bbox 2794 1975 2922 2030; x_wconf 83' lang='grc' dir='ltr'>Ἰδοὺ</span> <span class='ocrx_word' id='word_1_368' title='bbox 2959 1977 3066 2051; x_wconf 74' lang='grc' dir='ltr'>γὰρ</span> <span class='ocrx_word' id='word_1_369' title='bbox 3105 1981 3198 2034; x_wconf 74' lang='grc' dir='ltr'><strong>καὶ</strong></span> <span class='ocrx_word' id='word_1_370' title='bbox 3230 1984 3258 2035; x_wconf 90' lang='lat'><strong>6</strong></span> <span class='ocrx_word' id='word_1_371' title='bbox 3297 1982 3469 2055; x_wconf 75' lang='grc' dir='ltr'><strong>Ἀδὰμ</strong></span> <span class='ocrx_word' id='word_1_372' title='bbox 3515 1986 3581 2038; x_wconf 86' lang='grc' dir='ltr'><strong>οὐ</strong></span> <span class='ocrx_word' id='word_1_373' title='bbox 3624 2003 3719 2054; x_wconf 85' lang='grc' dir='ltr'>γε-</span> 
     </span>
    </p>
   </div>
   <div class='ocr_carea' id='block_1_43' title="bbox 2128 2057 3719 2147">
    <p class='ocr_par' dir='ltr' id='par_1_43' title="bbox 2128 2057 3719 2147">
     <span class='ocr_line' id='line_1_45' title="bbox 2128 2057 3719 2147; baseline 0.014 -37"><span class='ocrx_word' id='word_1_374' title='bbox 2128 2057 2384 2132; x_wconf 84' lang='grc' dir='ltr'>γέννηται</span> <span class='ocrx_word' id='word_1_375' title='bbox 2420 2062 2509 2117; x_wconf 73' lang='grc' dir='ltr'>διὰ</span> <span class='ocrx_word' id='word_1_376' title='bbox 2558 2068 2842 2133; x_wconf 80' lang='grc' dir='ltr'>γυναικός·</span> <span class='ocrx_word' id='word_1_377' title='bbox 2872 2071 3033 2142; x_wconf 82' lang='grc' dir='ltr'>ἡμεῖς</span> <span class='ocrx_word' id='word_1_378' title='bbox 3079 2072 3139 2127; x_wconf 83' lang='grc' dir='ltr'><strong>δὲ</strong></span> <span class='ocrx_word' id='word_1_379' title='bbox 3183 2077 3596 2147; x_wconf 76' lang='grc' dir='ltr'>γεγεννήμεθαο</span> <span class='ocrx_word' id='word_1_380' title='bbox 3624 2081 3719 2133; x_wconf 83' lang='grc' dir='ltr'>καὶ</span> 
     </span>
    </p>
   </div>
   <div class='ocr_carea' id='block_1_44' title="bbox 2126 2151 3720 2242">
    <p class='ocr_par' dir='ltr' id='par_1_44' title="bbox 2126 2151 3720 2242">
     <span class='ocr_line' id='line_1_46' title="bbox 2126 2151 3720 2242; baseline 0.017 -39"><span class='ocrx_word' id='word_1_381' title='bbox 2126 2151 2227 2206; x_wconf 81' lang='grc' dir='ltr'><strong>οὐκ</strong></span> <span class='ocrx_word' id='word_1_382' title='bbox 2262 2156 2320 2206; x_wconf 79' lang='grc' dir='ltr'><strong>ἐν</strong></span> <span class='ocrx_word' id='word_1_383' title='bbox 2349 2159 2415 2228; x_wconf 77' lang='grc' dir='ltr'>τῇ</span> <span class='ocrx_word' id='word_1_384' title='bbox 2447 2157 2606 2227; x_wconf 86' lang='grc' dir='ltr'>φύσει</span> <span class='ocrx_word' id='word_1_385' title='bbox 2640 2161 2836 2234; x_wconf 78' lang='grc' dir='ltr'>ἔχομεν</span> <span class='ocrx_word' id='word_1_386' title='bbox 2870 2165 2932 2218; x_wconf 90' lang='grc' dir='ltr'><strong>τὸ</strong></span> <span class='ocrx_word' id='word_1_387' title='bbox 2966 2166 3242 2240; x_wconf 80' lang='grc' dir='ltr'>διάφορον,</span> <span class='ocrx_word' id='word_1_388' title='bbox 3280 2170 3397 2224; x_wconf 82' lang='grc' dir='ltr'>ἀλλ’</span> <span class='ocrx_word' id='word_1_389' title='bbox 3427 2172 3490 2225; x_wconf 85' lang='grc' dir='ltr'><strong>ἐν</strong></span> <span class='ocrx_word' id='word_1_390' title='bbox 3517 2170 3601 2242; x_wconf 77' lang='grc' dir='ltr'>τῷ</span> <span class='ocrx_word' id='word_1_391' title='bbox 3626 2189 3720 2242; x_wconf 81' lang='grc' dir='ltr'><strong>τε·</strong></span> 
     </span>
    </p>
   </div>
   <div class='ocr_carea' id='block_1_45' title="bbox 2129 2246 3458 2331">
    <p class='ocr_par' dir='ltr' id='par_1_45' title="bbox 2129 2246 3458 2331">
     <span class='ocr_line' id='line_1_47' title="bbox 2129 2246 3458 2331; baseline 0.017 -35"><span class='ocrx_word' id='word_1_392' title='bbox 2129 2246 2424 2316; x_wconf 84' lang='grc' dir='ltr'>γεννῆσθαι</span> <span class='ocrx_word' id='word_1_393' title='bbox 2452 2252 2548 2307; x_wconf 83' lang='grc' dir='ltr'>καὶ</span> <span class='ocrx_word' id='word_1_394' title='bbox 2573 2252 2649 2327; x_wconf 80' lang='grc' dir='ltr'>μὴ</span> <span class='ocrx_word' id='word_1_395' title='bbox 2682 2257 3043 2329; x_wconf 84' lang='grc' dir='ltr'>γεγεννῆσθαι</span> <span class='ocrx_word' id='word_1_396' title='bbox 3063 2260 3153 2314; x_wconf 83' lang='grc' dir='ltr'><strong>διὰ</strong></span> <span class='ocrx_word' id='word_1_397' title='bbox 3177 2263 3458 2331; x_wconf 82' lang='grc' dir='ltr'>γυναικός.</span> 
     </span>
    </p>
   </div>
   <div class='ocr_carea' id='block_1_46' title="bbox 438 2314 3717 2419">
    <p class='ocr_par' dir='ltr' id='par_1_46' title="bbox 438 2314 3717 2419">
     <span class='ocr_line' id='line_1_48' title="bbox 438 2314 3717 2419; baseline 0.019 -60"><span class='ocrx_word' id='word_1_398' title='bbox 438 2320 542 2361; x_wconf 91' lang='lat' dir='ltr'><strong>nec</strong></span> <span class='ocrx_word' id='word_1_399' title='bbox 563 2316 744 2363; x_wconf 86' lang='lat' dir='ltr'><strong>tamen</strong></span> <span class='ocrx_word' id='word_1_400' title='bbox 769 2319 966 2367; x_wconf 88' lang='lat' dir='ltr'><strong>natura</strong></span> <span class='ocrx_word' id='word_1_401' title='bbox 988 2314 1281 2375; x_wconf 78' lang='lat' dir='ltr'><strong>abAdamo</strong></span> <span class='ocrx_word' id='word_1_402' title='bbox 1301 2320 1628 2391; x_wconf 79' lang='lat' dir='ltr'><strong>diﬂ’erimus,</strong></span> <span class='ocrx_word' id='word_1_403' title='bbox 1659 2328 1757 2384; x_wconf 88' lang='lat' dir='ltr'><strong>sed</strong></span> <span class='ocrx_word' id='word_1_404' title='bbox 1784 2345 1851 2385; x_wconf 92' lang='lat' dir='ltr'><strong>eo</strong></span> <span class='ocrx_word' id='word_1_405' title='bbox 1871 2340 2081 2391; x_wconf 88' lang='lat' dir='ltr'><strong>tantum</strong></span> <span class='ocrx_word' id='word_1_406' title='bbox 2111 2341 2259 2410; x_wconf 90' lang='lat' dir='ltr'><strong>quod</strong></span> <span class='ocrx_word' id='word_1_407' title='bbox 2283 2314 2389 2402; x_wconf 83' lang='lat' dir='ltr'><strong>nos</strong></span> <span class='ocrx_word' id='word_1_408' title='bbox 2422 2351 2535 2404; x_wconf 90' lang='lat' dir='ltr'><strong>nati</strong></span> <span class='ocrx_word' id='word_1_409' title='bbox 2567 2314 2772 2418; x_wconf 53' lang='lat' dir='ltr'><strong>simus,</strong></span> <span class='ocrx_word' id='word_1_410' title='bbox 2796 2314 3082 2417; x_wconf 31' lang='lat' dir='ltr'><strong>illefnatus</strong></span> <span class='ocrx_word' id='word_1_411' title='bbox 3113 2374 3226 2415; x_wconf 87' lang='lat' dir='ltr'><strong>non</strong></span> <span class='ocrx_word' id='word_1_412' title='bbox 3255 2360 3329 2416; x_wconf 90' lang='lat' dir='ltr'><strong>sit</strong></span> <span class='ocrx_word' id='word_1_413' title='bbox 3363 2375 3432 2416; x_wconf 79' lang='lat' dir='ltr'><strong>ex</strong></span> <span class='ocrx_word' id='word_1_414' title='bbox 3460 2362 3717 2419; x_wconf 85' lang='lat' dir='ltr'><strong>muliere.</strong></span> 
     </span>
    </p>
   </div>
   <div class='ocr_carea' id='block_1_47' title="bbox 510 2401 2023 2497">
    <p class='ocr_par' dir='ltr' id='par_1_47' title="bbox 510 2401 2023 2497">
     <span class='ocr_line' id='line_1_49' title="bbox 510 2401 2023 2497; baseline 0.02 -42"><span class='ocrx_word' id='word_1_415' title='bbox 510 2401 599 2457; x_wconf 77' lang='grc'><strong>17.</strong></span> <span class='ocrx_word' id='word_1_416' title='bbox 641 2404 831 2462; x_wconf 79' lang='lat' dir='ltr'><strong>Anam.</strong></span> <span class='ocrx_word' id='word_1_417' title='bbox 864 2407 999 2465; x_wconf 90' lang='lat' dir='ltr'><strong>Cum</strong></span> <span class='ocrx_word' id='word_1_418' title='bbox 1035 2420 1249 2471; x_wconf 65' lang='lat' dir='ltr'><strong>natura</strong></span> <span class='ocrx_word' id='word_1_419' title='bbox 1285 2432 1393 2472; x_wconf 86' lang='lat' dir='ltr'><strong>non</strong></span> <span class='ocrx_word' id='word_1_420' title='bbox 1420 2421 1621 2491; x_wconf 76' lang='lat' dir='ltr'><strong>genitae</strong></span> <span class='ocrx_word' id='word_1_421' title='bbox 1669 2425 2023 2497; x_wconf 88' lang='lat' dir='ltr'><strong>omnipotens</strong></span> 
     </span>
    </p>
   </div>
   <div class='ocr_carea' id='block_1_48' title="bbox 437 2497 2021 2581">
    <p class='ocr_par' dir='ltr' id='par_1_48' title="bbox 437 2497 2021 2581">
     <span class='ocr_line' id='line_1_50' title="bbox 437 2497 2021 2581; baseline 0.02 -30"><span class='ocrx_word' id='word_1_422' title='bbox 437 2497 528 2553; x_wconf 90' lang='lat' dir='ltr'><strong>ille</strong></span> <span class='ocrx_word' id='word_1_423' title='bbox 541 2500 815 2558; x_wconf 81' lang='lat' dir='ltr'><strong>exsistens</strong></span> <span class='ocrx_word' id='word_1_424' title='bbox 832 2502 999 2570; x_wconf 87' lang='lat' dir='ltr'><strong>Deus,</strong></span> <span class='ocrx_word' id='word_1_425' title='bbox 1019 2509 1259 2579; x_wconf 82' lang='lat' dir='ltr'><strong>seipsum</strong></span> <span class='ocrx_word' id='word_1_426' title='bbox 1280 2528 1389 2569; x_wconf 91' lang='lat' dir='ltr'><strong>nou</strong></span> <span class='ocrx_word' id='word_1_427' title='bbox 1408 2519 1559 2572; x_wconf 91' lang='lat' dir='ltr'><strong>norit</strong></span> <span class='ocrx_word' id='word_1_428' title='bbox 1583 2539 1602 2569; x_wconf 79' lang='grc' dir='ltr'>σ</span> <span class='ocrx_word' id='word_1_429' title='bbox 1626 2535 1780 2577; x_wconf 67' lang='lat' dir='ltr'><strong>esset</strong></span> <span class='ocrx_word' id='word_1_430' title='bbox 1807 2532 2021 2581; x_wconf 67' lang='lat' dir='ltr'><strong>natura:</strong></span> 
     </span>
    </p>
   </div>
   <div class='ocr_carea' id='block_1_49' title="bbox 434 2589 2019 2678">
    <p class='ocr_par' dir='ltr' id='par_1_49' title="bbox 434 2589 2019 2678">
     <span class='ocr_line' id='line_1_51' title="bbox 434 2589 2019 2678; baseline 0.02 -37"><span class='ocrx_word' id='word_1_431' title='bbox 434 2589 652 2659; x_wconf 66' lang='lat' dir='ltr'><strong>genitae,</strong></span> <span class='ocrx_word' id='word_1_432' title='bbox 685 2590 856 2650; x_wconf 89' lang='lat' dir='ltr'><strong>Filius</strong></span> <span class='ocrx_word' id='word_1_433' title='bbox 899 2612 1030 2652; x_wconf 87' lang='lat' dir='ltr'><strong>vero</strong></span> <span class='ocrx_word' id='word_1_434' title='bbox 1054 2601 1253 2669; x_wconf 75' lang='lat' dir='ltr'><strong>genitae</strong></span> <span class='ocrx_word' id='word_1_435' title='bbox 1303 2612 1517 2662; x_wconf 77' lang='lat' dir='ltr'><strong>naturae</strong></span> <span class='ocrx_word' id='word_1_436' title='bbox 1541 2610 1839 2678; x_wconf 81' lang='lat' dir='ltr'><strong>exsistens,</strong></span> <span class='ocrx_word' id='word_1_437' title='bbox 1874 2618 2019 2673; x_wconf 89' lang='lat' dir='ltr'><strong>norit</strong></span> 
     </span>
    </p>
   </div>
   <div class='ocr_carea' id='block_1_50' title="bbox 434 2681 2022 2765">
    <p class='ocr_par' dir='ltr' id='par_1_50' title="bbox 434 2681 2022 2765">
     <span class='ocr_line' id='line_1_52' title="bbox 434 2681 2022 2765; baseline 0.019 -30"><span class='ocrx_word' id='word_1_438' title='bbox 434 2697 495 2735; x_wconf 82' lang='lat' dir='ltr'><strong>se</strong></span> <span class='ocrx_word' id='word_1_439' title='bbox 513 2681 616 2737; x_wconf 87' lang='lat' dir='ltr'><strong>hoc</strong></span> <span class='ocrx_word' id='word_1_440' title='bbox 639 2702 657 2733; x_wconf 80' lang='grc' dir='ltr'>ι</span> <span class='ocrx_word' id='word_1_441' title='bbox 681 2699 803 2741; x_wconf 90' lang='lat' dir='ltr'><strong>esse</strong></span> <span class='ocrx_word' id='word_1_442' title='bbox 827 2706 847 2739; x_wconf 72' lang='grc' dir='ltr'>ι</span> <span class='ocrx_word' id='word_1_443' title='bbox 872 2690 1016 2760; x_wconf 90' lang='lat' dir='ltr'><strong>quod</strong></span> <span class='ocrx_word' id='word_1_444' title='bbox 1034 2699 1139 2757; x_wconf 88' lang='lat' dir='ltr'><strong>est,</strong></span> <span class='ocrx_word' id='word_1_445' title='bbox 1167 2697 1443 2764; x_wconf 91' lang='lat' dir='ltr'><strong>quomodo</strong></span> <span class='ocrx_word' id='word_1_446' title='bbox 1472 2710 1635 2756; x_wconf 90' lang='lat' dir='ltr'><strong>erunt</strong></span> <span class='ocrx_word' id='word_1_447' title='bbox 1660 2707 2022 2765; x_wconf 87' lang='lat' dir='ltr'><strong>consubstan-</strong></span> 
     </span>
    </p>
   </div>
   <div class='ocr_carea' id='block_1_51' title="bbox 435 2771 2012 2874">
    <p class='ocr_par' dir='ltr' id='par_1_51' title="bbox 435 2771 2012 2874">
     <span class='ocr_line' id='line_1_53' title="bbox 435 2771 2012 2874; baseline 0.023 -50"><span class='ocrx_word' id='word_1_448' title='bbox 435 2771 616 2839; x_wconf 86' lang='lat' dir='ltr'><strong>tiales,</strong></span> <span class='ocrx_word' id='word_1_449' title='bbox 649 2791 773 2832; x_wconf 91' lang='lat' dir='ltr'><strong>cum</strong></span> <span class='ocrx_word' id='word_1_450' title='bbox 800 2780 891 2836; x_wconf 90' lang='lat' dir='ltr'><strong>ille</strong></span> <span class='ocrx_word' id='word_1_451' title='bbox 923 2797 982 2838; x_wconf 90' lang='lat' dir='ltr'><strong>se</strong></span> <span class='ocrx_word' id='word_1_452' title='bbox 1030 2799 1140 2840; x_wconf 93' lang='lat' dir='ltr'><strong>non</strong></span> <span class='ocrx_word' id='word_1_453' title='bbox 1170 2790 1442 2858; x_wconf 88' lang='lat' dir='ltr'><strong>genitum,</strong></span> <span class='ocrx_word' id='word_1_454' title='bbox 1480 2794 1584 2850; x_wconf 89' lang='lat' dir='ltr'><strong>iste</strong></span> <span class='ocrx_word' id='word_1_455' title='bbox 1612 2807 1790 2854; x_wconf 87' lang='lat' dir='ltr'><strong>autem</strong></span> <span class='ocrx_word' id='word_1_456' title='bbox 1829 2818 1889 2858; x_wconf 88' lang='lat' dir='ltr'><strong>se</strong></span> <span class='ocrx_word' id='word_1_457' title='bbox 1916 2819 2012 2874; x_wconf 84' lang='lat' dir='ltr'><strong>ge-</strong></span> 
     </span>
    </p>
   </div>
   <div class='ocr_carea' id='block_1_52' title="bbox 435 2866 2011 2961">
    <p class='ocr_par' dir='ltr' id='par_1_52' title="bbox 435 2866 2011 2961">
     <span class='ocr_line' id='line_1_54' title="bbox 435 2866 2011 2961; baseline 0.022 -45"><span class='ocrx_word' id='word_1_458' title='bbox 435 2866 609 2919; x_wconf 88' lang='lat' dir='ltr'><strong>nitum</strong></span> <span class='ocrx_word' id='word_1_459' title='bbox 637 2884 761 2925; x_wconf 92' lang='lat' dir='ltr'><strong>esse</strong></span> <span class='ocrx_word' id='word_1_460' title='bbox 787 2873 971 2928; x_wconf 87' lang='lat' dir='ltr'><strong>norit?</strong></span> <span class='ocrx_word' id='word_1_461' title='bbox 1012 2876 1165 2935; x_wconf 84' lang='lat' dir='ltr'><strong>Orth.</strong></span> <span class='ocrx_word' id='word_1_462' title='bbox 1193 2878 1250 2934; x_wconf 91' lang='lat' dir='ltr'><strong>Si</strong></span> <span class='ocrx_word' id='word_1_463' title='bbox 1274 2896 1382 2936; x_wconf 92' lang='lat' dir='ltr'><strong>non</strong></span> <span class='ocrx_word' id='word_1_464' title='bbox 1412 2886 1655 2955; x_wconf 87' lang='lat' dir='ltr'><strong>genitum</strong></span> <span class='ocrx_word' id='word_1_465' title='bbox 1685 2895 1739 2945; x_wconf 87' lang='lat' dir='ltr'><strong>et</strong></span> <span class='ocrx_word' id='word_1_466' title='bbox 1767 2866 2011 2961; x_wconf 70' lang='lat' dir='ltr'><strong>genitum</strong></span> 
     </span>
    </p>
   </div>
   <div class='ocr_carea' id='block_1_53' title="bbox 435 2956 2011 3041">
    <p class='ocr_par' dir='ltr' id='par_1_53' title="bbox 435 2956 2011 3041">
     <span class='ocr_line' id='line_1_55' title="bbox 435 2956 2011 3041; baseline 0.022 -35"><span class='ocrx_word' id='word_1_467' title='bbox 435 2956 720 3015; x_wconf 77' lang='lat' dir='ltr'><strong>existimas</strong></span> <span class='ocrx_word' id='word_1_468' title='bbox 747 2961 896 3031; x_wconf 88' lang='lat' dir='ltr'><strong>ipsas</strong></span> <span class='ocrx_word' id='word_1_469' title='bbox 944 2980 1068 3023; x_wconf 90' lang='lat' dir='ltr'><strong>esse</strong></span> <span class='ocrx_word' id='word_1_470' title='bbox 1115 2977 1346 3027; x_wconf 89' lang='lat' dir='ltr'><strong>naturas</strong></span> <span class='ocrx_word' id='word_1_471' title='bbox 1379 2993 1393 3029; x_wconf 92' lang='lat'>:</span> <span class='ocrx_word' id='word_1_472' title='bbox 1426 2980 1575 3030; x_wconf 90' lang='lat' dir='ltr'><strong>norit</strong></span> <span class='ocrx_word' id='word_1_473' title='bbox 1603 2994 1732 3034; x_wconf 85' lang='lat' dir='ltr'><strong>vero</strong></span> <span class='ocrx_word' id='word_1_474' title='bbox 1791 2980 2011 3041; x_wconf 83' lang='lat' dir='ltr'><strong>Gabriel</strong></span> 
     </span>
    </p>
   </div>
   <div class='ocr_carea' id='block_1_54' title="bbox 434 3051 2010 3137">
    <p class='ocr_par' dir='ltr' id='par_1_54' title="bbox 434 3051 2010 3137">
     <span class='ocr_line' id='line_1_56' title="bbox 434 3051 2010 3137; baseline 0.021 -37"><span class='ocrx_word' id='word_1_475' title='bbox 434 3062 492 3101; x_wconf 84' lang='lat' dir='ltr'><strong>se</strong></span> <span class='ocrx_word' id='word_1_476' title='bbox 522 3051 717 3118; x_wconf 70' lang='lat' dir='ltr'><strong>genita:</strong></span> <span class='ocrx_word' id='word_1_477' title='bbox 743 3068 866 3110; x_wconf 91' lang='lat' dir='ltr'><strong>esse</strong></span> <span class='ocrx_word' id='word_1_478' title='bbox 891 3068 1127 3125; x_wconf 80' lang='lat' dir='ltr'><strong>naturae,</strong></span> <span class='ocrx_word' id='word_1_479' title='bbox 1155 3063 1247 3132; x_wconf 94' lang='lat' dir='ltr'><strong>qui</strong></span> <span class='ocrx_word' id='word_1_480' title='bbox 1285 3064 1344 3118; x_wconf 88' lang='lat' dir='ltr'><strong>fit</strong></span> <span class='ocrx_word' id='word_1_481' title='bbox 1373 3069 1517 3137; x_wconf 90' lang='lat' dir='ltr'><strong>quod</strong></span> <span class='ocrx_word' id='word_1_482' title='bbox 1549 3058 1658 3127; x_wconf 85' lang='lat' dir='ltr'><strong>non</strong></span> <span class='ocrx_word' id='word_1_483' title='bbox 1706 3074 1870 3129; x_wconf 89' lang='lat' dir='ltr'><strong>etiam</strong></span> <span class='ocrx_word' id='word_1_484' title='bbox 1903 3075 2010 3132; x_wconf 88' lang='lat' dir='ltr'><strong>Ga-</strong></span> 
     </span>
    </p>
   </div>
   <div class='ocr_carea' id='block_1_55' title="bbox 435 3139 2083 3244">
    <p class='ocr_par' dir='ltr' id='par_1_55' title="bbox 435 3139 2083 3244">
     <span class='ocr_line' id='line_1_57' title="bbox 435 3139 2083 3244; baseline 0.021 -52"><span class='ocrx_word' id='word_1_485' title='bbox 435 3139 571 3194; x_wconf 82' lang='lat' dir='ltr'><strong>briel</strong></span> <span class='ocrx_word' id='word_1_486' title='bbox 628 3144 700 3196; x_wconf 87' lang='lat' dir='ltr'><strong>sit</strong></span> <span class='ocrx_word' id='word_1_487' title='bbox 757 3148 1243 3210; x_wconf 89' lang='lat' dir='ltr'><strong>consubstantialis</strong></span> <span class='ocrx_word' id='word_1_488' title='bbox 1274 3154 1452 3213; x_wconf 76' lang='lat' dir='ltr'><strong>Filio?</strong></span> <span class='ocrx_word' id='word_1_489' title='bbox 1504 3158 1559 3215; x_wconf 92' lang='lat' dir='ltr'><strong>Si</strong></span> <span class='ocrx_word' id='word_1_490' title='bbox 1614 3178 1744 3219; x_wconf 90' lang='lat' dir='ltr'><strong>vero</strong></span> <span class='ocrx_word' id='word_1_491' title='bbox 1799 3158 2083 3244; x_wconf 73' lang='lat' dir='ltr'><strong>naturaec</strong></span> 
     </span>
    </p>
   </div>
   <div class='ocr_carea' id='block_1_56' title="bbox 430 3231 2012 3329">
    <p class='ocr_par' dir='ltr' id='par_1_56' title="bbox 430 3231 2012 3329">
     <span class='ocr_line' id='line_1_58' title="bbox 430 3231 2012 3329; baseline 0.021 -47"><span class='ocrx_word' id='word_1_492' title='bbox 430 3231 628 3300; x_wconf 53' lang='lat' dir='ltr'><strong>gvnitae</strong></span> <span class='ocrx_word' id='word_1_493' title='bbox 658 3249 783 3290; x_wconf 89' lang='lat' dir='ltr'><strong>cum</strong></span> <span class='ocrx_word' id='word_1_494' title='bbox 832 3237 902 3292; x_wconf 92' lang='lat' dir='ltr'><strong>sit</strong></span> <span class='ocrx_word' id='word_1_495' title='bbox 931 3237 1149 3298; x_wconf 90' lang='lat' dir='ltr'><strong>Gabriel</strong></span> <span class='ocrx_word' id='word_1_496' title='bbox 1179 3260 1289 3300; x_wconf 91' lang='lat' dir='ltr'><strong>non</strong></span> <span class='ocrx_word' id='word_1_497' title='bbox 1331 3249 1485 3303; x_wconf 89' lang='lat' dir='ltr'><strong>novit</strong></span> <span class='ocrx_word' id='word_1_498' title='bbox 1538 3252 1778 3323; x_wconf 91' lang='lat' dir='ltr'><strong>seipsum</strong></span> <span class='ocrx_word' id='word_1_499' title='bbox 1801 3298 1815 3321; x_wconf 97' lang='lat'><strong>,</strong></span> <span class='ocrx_word' id='word_1_500' title='bbox 1841 3238 2012 3329; x_wconf 84' lang='lat' dir='ltr'><strong>liquet</strong></span> 
     </span>
    </p>
   </div>
   <div class='ocr_carea' id='block_1_57' title="bbox 432 3325 2010 3410">
    <p class='ocr_par' dir='ltr' id='par_1_57' title="bbox 432 3325 2010 3410">
     <span class='ocr_line' id='line_1_59' title="bbox 432 3325 2010 3410; baseline 0.022 -36"><span class='ocrx_word' id='word_1_501' title='bbox 432 3325 577 3394; x_wconf 84' lang='lat' dir='ltr'><strong>quod</strong></span> <span class='ocrx_word' id='word_1_502' title='bbox 612 3328 851 3395; x_wconf 87' lang='lat' dir='ltr'><strong>genitum</strong></span> <span class='ocrx_word' id='word_1_503' title='bbox 883 3346 1007 3389; x_wconf 91' lang='lat' dir='ltr'><strong>esse</strong></span> <span class='ocrx_word' id='word_1_504' title='bbox 1052 3349 1162 3390; x_wconf 91' lang='lat' dir='ltr'><strong>non</strong></span> <span class='ocrx_word' id='word_1_505' title='bbox 1188 3337 1259 3391; x_wconf 86' lang='lat' dir='ltr'><strong>sit</strong></span> <span class='ocrx_word' id='word_1_506' title='bbox 1299 3339 1418 3410; x_wconf 91' lang='lat' dir='ltr'><strong>ipsa</strong></span> <span class='ocrx_word' id='word_1_507' title='bbox 1458 3347 1690 3399; x_wconf 80' lang='lat' dir='ltr'><strong>natura?</strong></span> <span class='ocrx_word' id='word_1_508' title='bbox 1723 3345 1781 3402; x_wconf 90' lang='lat' dir='ltr'><strong>Si</strong></span> <span class='ocrx_word' id='word_1_509' title='bbox 1828 3325 2010 3408; x_wconf 75' lang='lat' dir='ltr'><strong>autem</strong></span> 
     </span>
    </p>
   </div>
   <div class='ocr_carea' id='block_1_58' title="bbox 432 3418 2061 3504">
    <p class='ocr_par' dir='ltr' id='par_1_58' title="bbox 432 3418 2061 3504">
     <span class='ocr_line' id='line_1_60' title="bbox 432 3418 2061 3504; baseline 0.02 -35"><span class='ocrx_word' id='word_1_510' title='bbox 432 3432 541 3471; x_wconf 85' lang='lat' dir='ltr'><strong>non</strong></span> <span class='ocrx_word' id='word_1_511' title='bbox 566 3418 708 3473; x_wconf 91' lang='lat' dir='ltr'><strong>idem</strong></span> <span class='ocrx_word' id='word_1_512' title='bbox 740 3430 826 3476; x_wconf 94' lang='lat' dir='ltr'><strong>est</strong></span> <span class='ocrx_word' id='word_1_513' title='bbox 863 3431 1062 3479; x_wconf 86' lang='lat' dir='ltr'><strong>natura</strong></span> <span class='ocrx_word' id='word_1_514' title='bbox 1101 3430 1248 3499; x_wconf 89' lang='lat' dir='ltr'><strong>quod</strong></span> <span class='ocrx_word' id='word_1_515' title='bbox 1283 3434 1526 3503; x_wconf 84' lang='lat' dir='ltr'><strong>genitum</strong></span> <span class='ocrx_word' id='word_1_516' title='bbox 1566 3452 1710 3504; x_wconf 88' lang='lat' dir='ltr'><strong>esse,</strong></span> <span class='ocrx_word' id='word_1_517' title='bbox 1740 3457 1843 3498; x_wconf 92' lang='lat' dir='ltr'><strong>nec</strong></span> <span class='ocrx_word' id='word_1_518' title='bbox 1866 3444 2010 3501; x_wconf 90' lang='lat' dir='ltr'><strong>idem</strong></span> <span class='ocrx_word' id='word_1_519' title='bbox 2051 3468 2061 3476; x_wconf 83' lang='lat'><strong><em>-</em></strong></span> 
     </span>
    </p>
   </div>
   <div class='ocr_carea' id='block_1_59' title="bbox 430 3517 2009 3593">
    <p class='ocr_par' dir='ltr' id='par_1_59' title="bbox 430 3517 2009 3593">
     <span class='ocr_line' id='line_1_61' title="bbox 430 3517 2009 3593; baseline 0.021 -32"><span class='ocrx_word' id='word_1_520' title='bbox 430 3519 592 3564; x_wconf 82' lang='lat' dir='ltr'><strong>erunt</strong></span> <span class='ocrx_word' id='word_1_521' title='bbox 623 3527 732 3567; x_wconf 89' lang='lat' dir='ltr'><strong>non</strong></span> <span class='ocrx_word' id='word_1_522' title='bbox 771 3517 1016 3584; x_wconf 85' lang='lat' dir='ltr'><strong>genitum</strong></span> <span class='ocrx_word' id='word_1_523' title='bbox 1046 3536 1170 3577; x_wconf 88' lang='lat' dir='ltr'><strong>esse</strong></span> <span class='ocrx_word' id='word_1_524' title='bbox 1189 3529 1245 3578; x_wconf 88' lang='lat' dir='ltr'><strong>et</strong></span> <span class='ocrx_word' id='word_1_525' title='bbox 1275 3533 1492 3582; x_wconf 88' lang='lat' dir='ltr'><strong>natura.</strong></span> <span class='ocrx_word' id='word_1_526' title='bbox 1525 3527 1633 3586; x_wconf 85' lang='lat' dir='ltr'><strong>Sed</strong></span> <span class='ocrx_word' id='word_1_527' title='bbox 1651 3547 1783 3590; x_wconf 91' lang='lat' dir='ltr'><strong>cave</strong></span> <span class='ocrx_word' id='word_1_528' title='bbox 1809 3534 2009 3593; x_wconf 87' lang='lat' dir='ltr'><strong>factum</strong></span> 
     </span>
    </p>
   </div>
   <div class='ocr_carea' id='block_1_60' title="bbox 430 3599 2008 3694">
    <p class='ocr_par' dir='ltr' id='par_1_60' title="bbox 430 3599 2008 3694">
     <span class='ocr_line' id='line_1_62' title="bbox 430 3599 2008 3694; baseline 0.02 -42"><span class='ocrx_word' id='word_1_529' title='bbox 430 3599 581 3655; x_wconf 85' lang='lat' dir='ltr'><strong>dicas</strong></span> <span class='ocrx_word' id='word_1_530' title='bbox 615 3600 833 3668; x_wconf 88' lang='lat' dir='ltr'><strong>Filium,</strong></span> <span class='ocrx_word' id='word_1_531' title='bbox 870 3622 1052 3662; x_wconf 86' lang='lat' dir='ltr'><strong>rerum</strong></span> <span class='ocrx_word' id='word_1_532' title='bbox 1084 3613 1329 3668; x_wconf 89' lang='lat' dir='ltr'><strong>omnium</strong></span> <span class='ocrx_word' id='word_1_533' title='bbox 1354 3616 1603 3687; x_wconf 80' lang='lat' dir='ltr'><strong>opificem</strong></span> <span class='ocrx_word' id='word_1_534' title='bbox 1632 3640 1645 3676; x_wconf 91' lang='lat'><strong>:</strong></span> <span class='ocrx_word' id='word_1_535' title='bbox 1675 3630 1732 3677; x_wconf 92' lang='lat' dir='ltr'><strong>at</strong></span> <span class='ocrx_word' id='word_1_536' title='bbox 1762 3626 2008 3694; x_wconf 85' lang='lat' dir='ltr'><strong>genitum</strong></span> 
     </span>
    </p>
   </div>
   <div class='ocr_carea' id='block_1_61' title="bbox 431 3692 2012 3776">
    <p class='ocr_par' dir='ltr' id='par_1_61' title="bbox 431 3692 2012 3776">
     <span class='ocr_line' id='line_1_63' title="bbox 431 3692 2012 3776; baseline 0.022 -35"><span class='ocrx_word' id='word_1_537' title='bbox 431 3692 670 3761; x_wconf 78' lang='lat' dir='ltr'><strong>appelles</strong></span> <span class='ocrx_word' id='word_1_538' title='bbox 698 3705 860 3764; x_wconf 88' lang='lat' dir='ltr'><strong>prout</strong></span> <span class='ocrx_word' id='word_1_539' title='bbox 884 3700 1149 3770; x_wconf 88' lang='lat' dir='ltr'><strong>scriptum</strong></span> <span class='ocrx_word' id='word_1_540' title='bbox 1171 3712 1277 3760; x_wconf 90' lang='lat' dir='ltr'><strong>est.</strong></span> <span class='ocrx_word' id='word_1_541' title='bbox 1304 3706 1561 3765; x_wconf 85' lang='lat' dir='ltr'><strong>Genitum</strong></span> <span class='ocrx_word' id='word_1_542' title='bbox 1602 3713 1748 3768; x_wconf 90' lang='lat' dir='ltr'><strong>enim</strong></span> <span class='ocrx_word' id='word_1_543' title='bbox 1768 3692 1907 3772; x_wconf 66' lang='lat' dir='ltr'><strong>esse</strong></span> <span class='ocrx_word' id='word_1_544' title='bbox 1928 3729 2012 3776; x_wconf 91' lang='lat' dir='ltr'><strong>est</strong></span> 
     </span>
    </p>
   </div>
   <div class='ocr_carea' id='block_1_62' title="bbox 432 3781 2012 3879">
    <p class='ocr_par' dir='ltr' id='par_1_62' title="bbox 432 3781 2012 3879">
     <span class='ocr_line' id='line_1_64' title="bbox 432 3781 2012 3879; baseline 0.018 -43"><span class='ocrx_word' id='word_1_545' title='bbox 432 3781 634 3838; x_wconf 83' lang='lat' dir='ltr'><strong>habere</strong></span> <span class='ocrx_word' id='word_1_546' title='bbox 672 3783 925 3857; x_wconf 85' lang='lat' dir='ltr'><strong>Patrem;</strong></span> <span class='ocrx_word' id='word_1_547' title='bbox 958 3798 1014 3845; x_wconf 90' lang='lat' dir='ltr'><strong>at</strong></span> <span class='ocrx_word' id='word_1_548' title='bbox 1063 3791 1269 3850; x_wconf 84' lang='lat' dir='ltr'><strong>factum</strong></span> <span class='ocrx_word' id='word_1_549' title='bbox 1298 3812 1441 3863; x_wconf 88' lang='lat' dir='ltr'><strong>esse,</strong></span> <span class='ocrx_word' id='word_1_550' title='bbox 1486 3808 1573 3857; x_wconf 89' lang='lat' dir='ltr'><strong>est</strong></span> <span class='ocrx_word' id='word_1_551' title='bbox 1617 3803 1821 3862; x_wconf 88' lang='lat' dir='ltr'><strong>habere</strong></span> <span class='ocrx_word' id='word_1_552' title='bbox 1852 3809 2012 3879; x_wconf 83' lang='lat' dir='ltr'><strong>opifi—</strong></span> 
     </span>
    </p>
   </div>
   <div class='ocr_carea' id='block_1_63' title="bbox 429 3875 2013 3968">
    <p class='ocr_par' dir='ltr' id='par_1_63' title="bbox 429 3875 2013 3968">
     <span class='ocr_line' id='line_1_65' title="bbox 429 3875 2013 3968; baseline 0.018 -42"><span class='ocrx_word' id='word_1_553' title='bbox 429 3890 571 3930; x_wconf 89' lang='lat' dir='ltr'><strong>cem.</strong></span> <span class='ocrx_word' id='word_1_554' title='bbox 609 3875 791 3932; x_wconf 84' lang='lat' dir='ltr'><strong>Nostri</strong></span> <span class='ocrx_word' id='word_1_555' title='bbox 825 3883 1045 3951; x_wconf 90' lang='lat' dir='ltr'><strong>quidem</strong></span> <span class='ocrx_word' id='word_1_556' title='bbox 1082 3886 1264 3956; x_wconf 83' lang='lat' dir='ltr'><strong>Opifex</strong></span> <span class='ocrx_word' id='word_1_557' title='bbox 1314 3898 1401 3945; x_wconf 91' lang='lat' dir='ltr'><strong>est</strong></span> <span class='ocrx_word' id='word_1_558' title='bbox 1432 3890 1578 3949; x_wconf 85' lang='lat' dir='ltr'><strong>Deus</strong></span> <span class='ocrx_word' id='word_1_559' title='bbox 1609 3892 1772 3951; x_wconf 89' lang='lat' dir='ltr'><strong>Pater</strong></span> <span class='ocrx_word' id='word_1_560' title='bbox 1795 3875 2013 3968; x_wconf 46' lang='lat' dir='ltr'><strong>per—Fi-</strong></span> 
     </span>
    </p>
   </div>
   <div class='ocr_carea' id='block_1_64' title="bbox 432 3963 2014 4051">
    <p class='ocr_par' dir='ltr' id='par_1_64' title="bbox 432 3963 2014 4051">
     <span class='ocr_line' id='line_1_66' title="bbox 432 3963 2014 4051; baseline 0.022 -37"><span class='ocrx_word' id='word_1_561' title='bbox 432 3963 599 4027; x_wconf 87' lang='lat' dir='ltr'><strong>lium;</strong></span> <span class='ocrx_word' id='word_1_562' title='bbox 624 3973 680 4020; x_wconf 90' lang='lat' dir='ltr'><strong>at</strong></span> <span class='ocrx_word' id='word_1_563' title='bbox 708 3965 829 4023; x_wconf 88' lang='lat' dir='ltr'><strong>Filii</strong></span> <span class='ocrx_word' id='word_1_564' title='bbox 857 3973 941 4025; x_wconf 90' lang='lat' dir='ltr'><strong>sui</strong></span> <span class='ocrx_word' id='word_1_565' title='bbox 969 3976 1287 4046; x_wconf 80' lang='lat' dir='ltr'><strong>neutiquam</strong></span> <span class='ocrx_word' id='word_1_566' title='bbox 1323 3979 1528 4051; x_wconf 74' lang='lat' dir='ltr'><strong>opifex.</strong></span> <span class='ocrx_word' id='word_1_567' title='bbox 1562 3986 1656 4039; x_wconf 91' lang='lat' dir='ltr'><strong>sed</strong></span> <span class='ocrx_word' id='word_1_568' title='bbox 1682 3963 1885 4045; x_wconf 79' lang='lat' dir='ltr'><strong>Pater:</strong></span> <span class='ocrx_word' id='word_1_569' title='bbox 1923 4007 2014 4049; x_wconf 92' lang='lat' dir='ltr'><strong>ne-</strong></span> 
     </span>
    </p>
   </div>
   <div class='ocr_carea' id='block_1_65' title="bbox 428 4057 2011 4150">
    <p class='ocr_par' dir='ltr' id='par_1_65' title="bbox 428 4057 2011 4150">
     <span class='ocr_line' id='line_1_67' title="bbox 428 4057 2011 4150; baseline 0.02 -44"><span class='ocrx_word' id='word_1_570' title='bbox 428 4068 538 4121; x_wconf 91' lang='lat' dir='ltr'><strong>que</strong></span> <span class='ocrx_word' id='word_1_571' title='bbox 585 4057 731 4111; x_wconf 91' lang='lat' dir='ltr'><strong>enim</strong></span> <span class='ocrx_word' id='word_1_572' title='bbox 774 4062 1066 4132; x_wconf 86' lang='lat' dir='ltr'><strong>quisquam</strong></span> <span class='ocrx_word' id='word_1_573' title='bbox 1125 4068 1211 4122; x_wconf 90' lang='lat' dir='ltr'><strong>sui</strong></span> <span class='ocrx_word' id='word_1_574' title='bbox 1255 4068 1348 4124; x_wconf 86' lang='lat' dir='ltr'><strong>filii</strong></span> <span class='ocrx_word' id='word_1_575' title='bbox 1376 4072 1555 4142; x_wconf 78' lang='lat' dir='ltr'><strong>opifex</strong></span> <span class='ocrx_word' id='word_1_576' title='bbox 1593 4084 1678 4131; x_wconf 91' lang='lat' dir='ltr'><strong>est</strong></span> <span class='ocrx_word' id='word_1_577' title='bbox 1715 4082 2011 4150; x_wconf 89' lang='lat' dir='ltr'><strong>:quoniam</strong></span> 
     </span>
    </p>
   </div>
   <div class='ocr_carea' id='block_1_66' title="bbox 431 4151 2013 4239">
    <p class='ocr_par' dir='ltr' id='par_1_66' title="bbox 431 4151 2013 4239">
     <span class='ocr_line' id='line_1_68' title="bbox 431 4151 2013 4239; baseline 0.02 -42"><span class='ocrx_word' id='word_1_578' title='bbox 431 4161 538 4199; x_wconf 92' lang='lat' dir='ltr'><strong>non</strong></span> <span class='ocrx_word' id='word_1_579' title='bbox 575 4151 811 4219; x_wconf 90' lang='lat' dir='ltr'><strong>amplius</strong></span> <span class='ocrx_word' id='word_1_580' title='bbox 856 4163 1004 4209; x_wconf 90' lang='lat' dir='ltr'><strong>esset</strong></span> <span class='ocrx_word' id='word_1_581' title='bbox 1052 4165 1229 4226; x_wconf 89' lang='lat' dir='ltr'><strong>pater,</strong></span> <span class='ocrx_word' id='word_1_582' title='bbox 1270 4162 1365 4217; x_wconf 89' lang='lat' dir='ltr'><strong>sed</strong></span> <span class='ocrx_word' id='word_1_583' title='bbox 1403 4164 1624 4234; x_wconf 81' lang='lat' dir='ltr'><strong>opifex;</strong></span> <span class='ocrx_word' id='word_1_584' title='bbox 1653 4170 1833 4239; x_wconf 80' lang='lat' dir='ltr'><strong>opifex</strong></span> <span class='ocrx_word' id='word_1_585' title='bbox 1857 4187 2013 4226; x_wconf 89' lang='lat' dir='ltr'><strong>nam-</strong></span> 
     </span>
    </p>
   </div>
   <div class='ocr_carea' id='block_1_67' title="bbox 428 4243 2011 4331">
    <p class='ocr_par' dir='ltr' id='par_1_67' title="bbox 428 4243 2011 4331">
     <span class='ocr_line' id='line_1_69' title="bbox 428 4243 2011 4331; baseline 0.021 -45"><span class='ocrx_word' id='word_1_586' title='bbox 428 4253 537 4304; x_wconf 82' lang='lat' dir='ltr'><strong>que</strong></span> <span class='ocrx_word' id='word_1_587' title='bbox 573 4249 678 4304; x_wconf 86' lang='lat' dir='ltr'><strong>est,</strong></span> <span class='ocrx_word' id='word_1_588' title='bbox 710 4243 801 4312; x_wconf 91' lang='lat' dir='ltr'><strong>qui</strong></span> <span class='ocrx_word' id='word_1_589' title='bbox 833 4258 973 4313; x_wconf 92' lang='lat' dir='ltr'><strong>opus</strong></span> <span class='ocrx_word' id='word_1_590' title='bbox 1003 4256 1158 4302; x_wconf 77' lang='lat' dir='ltr'><strong>extra</strong></span> <span class='ocrx_word' id='word_1_591' title='bbox 1202 4267 1263 4307; x_wconf 91' lang='lat' dir='ltr'><strong>se</strong></span> <span class='ocrx_word' id='word_1_592' title='bbox 1307 4254 1388 4307; x_wconf 62' lang='lat' dir='ltr'><strong>in’</strong></span> <span class='ocrx_word' id='word_1_593' title='bbox 1416 4265 1598 4312; x_wconf 87' lang='lat' dir='ltr'><strong>ortum</strong></span> <span class='ocrx_word' id='word_1_594' title='bbox 1658 4261 1916 4331; x_wconf 84' lang='lat' dir='ltr'><strong>adducit;</strong></span> <span class='ocrx_word' id='word_1_595' title='bbox 1956 4274 2011 4320; x_wconf 86' lang='lat' dir='ltr'><strong>at</strong></span> 
     </span>
    </p>
   </div>
   <div class='ocr_carea' id='block_1_68' title="bbox 432 4331 2010 4427">
    <p class='ocr_par' dir='ltr' id='par_1_68' title="bbox 432 4331 2010 4427">
     <span class='ocr_line' id='line_1_70' title="bbox 432 4331 2010 4427; baseline 0.023 -51"><span class='ocrx_word' id='word_1_596' title='bbox 432 4336 587 4397; x_wconf 74' lang='lat' dir='ltr'><strong>pater</strong></span> <span class='ocrx_word' id='word_1_597' title='bbox 615 4331 662 4385; x_wconf 92' lang='lat' dir='ltr'><strong>is</strong></span> <span class='ocrx_word' id='word_1_598' title='bbox 696 4341 801 4397; x_wconf 90' lang='lat' dir='ltr'><strong>est,</strong></span> <span class='ocrx_word' id='word_1_599' title='bbox 838 4336 931 4404; x_wconf 90' lang='lat' dir='ltr'><strong>qui</strong></span> <span class='ocrx_word' id='word_1_600' title='bbox 954 4352 1021 4392; x_wconf 76' lang='lat' dir='ltr'><strong>ex</strong></span> <span class='ocrx_word' id='word_1_601' title='bbox 1047 4342 1229 4410; x_wconf 82' lang='lat' dir='ltr'><strong>seipse</strong></span> <span class='ocrx_word' id='word_1_602' title='bbox 1260 4344 1456 4416; x_wconf 86' lang='lat' dir='ltr'><strong>gignit.</strong></span> <span class='ocrx_word' id='word_1_603' title='bbox 1514 4348 1651 4406; x_wconf 91' lang='lat' dir='ltr'><strong>Dum</strong></span> <span class='ocrx_word' id='word_1_604' title='bbox 1679 4365 1860 4408; x_wconf 88' lang='lat' dir='ltr'><strong>autem</strong></span> <span class='ocrx_word' id='word_1_605' title='bbox 1887 4359 2010 4427; x_wconf 86' lang='lat' dir='ltr'><strong>opi-</strong></span> 
     </span>
    </p>
   </div>
   <div class='ocr_carea' id='block_1_69' title="bbox 430 4418 2009 4518">
    <p class='ocr_par' dir='ltr' id='par_1_69' title="bbox 430 4418 2009 4518">
     <span class='ocr_line' id='line_1_71' title="bbox 430 4418 2009 4518; baseline 0.022 -50"><span class='ocrx_word' id='word_1_606' title='bbox 430 4419 585 4471; x_wconf 80' lang='lat' dir='ltr'><strong>ficem</strong></span> <span class='ocrx_word' id='word_1_607' title='bbox 620 4418 787 4475; x_wconf 89' lang='lat' dir='ltr'><strong>Deum</strong></span> <span class='ocrx_word' id='word_1_608' title='bbox 803 4426 961 4480; x_wconf 91' lang='lat' dir='ltr'><strong>audis</strong></span> <span class='ocrx_word' id='word_1_609' title='bbox 992 4433 1278 4499; x_wconf 83' lang='lat' dir='ltr'><strong>appellari,</strong></span> <span class='ocrx_word' id='word_1_610' title='bbox 1311 4451 1658 4509; x_wconf 89' lang='lat' dir='ltr'><strong>nequaquam</strong></span> <span class='ocrx_word' id='word_1_611' title='bbox 1692 4444 1787 4499; x_wconf 90' lang='lat' dir='ltr'><strong>tibi</strong></span> <span class='ocrx_word' id='word_1_612' title='bbox 1814 4418 2009 4518; x_wconf 65' lang='lat' dir='ltr'><strong>imagi-</strong></span> 
     </span>
    </p>
   </div>
   <div class='ocr_carea' id='block_1_70' title="bbox 428 4509 2085 4595">
    <p class='ocr_par' dir='ltr' id='par_1_70' title="bbox 428 4509 2085 4595">
     <span class='ocr_line' id='line_1_72' title="bbox 428 4509 2085 4595; baseline 0.023 -36"><span class='ocrx_word' id='word_1_613' title='bbox 428 4509 579 4563; x_wconf 73' lang='lat' dir='ltr'><strong>n&#39;eris</strong></span> <span class='ocrx_word' id='word_1_614' title='bbox 610 4512 1055 4583; x_wconf 86' lang='lat' dir='ltr'><strong>delatigatlonem</strong></span> <span class='ocrx_word' id='word_1_615' title='bbox 1084 4532 1177 4576; x_wconf 89' lang='lat' dir='ltr'><strong>aut</strong></span> <span class='ocrx_word' id='word_1_616' title='bbox 1224 4524 1430 4584; x_wconf 89' lang='lat' dir='ltr'><strong>laboris</strong></span> <span class='ocrx_word' id='word_1_617' title='bbox 1475 4533 1784 4590; x_wconf 85' lang='lat' dir='ltr'><strong>molestiam</strong></span> <span class='ocrx_word' id='word_1_618' title='bbox 1818 4554 1831 4590; x_wconf 93' lang='lat'>:</span> <span class='ocrx_word' id='word_1_619' title='bbox 1862 4509 2008 4595; x_wconf 62' lang='lat' dir='ltr'><strong>sicut</strong></span> <span class='ocrx_word' id='word_1_620' title='bbox 2040 4518 2085 4573; x_wconf 74' lang='grc' dir='ltr'><strong>Ι)</strong></span> 
     </span>
    </p>
   </div>
   <div class='ocr_carea' id='block_1_71' title="bbox 426 4602 2004 4690">
    <p class='ocr_par' dir='ltr' id='par_1_71' title="bbox 426 4602 2004 4690">
     <span class='ocr_line' id='line_1_73' title="bbox 426 4602 2004 4690; baseline 0.022 -40"><span class='ocrx_word' id='word_1_621' title='bbox 426 4609 482 4650; x_wconf 77' lang='lat' dir='ltr'><strong>et</strong></span> <span class='ocrx_word' id='word_1_622' title='bbox 529 4613 653 4654; x_wconf 91' lang='lat' dir='ltr'><strong>cum</strong></span> <span class='ocrx_word' id='word_1_623' title='bbox 692 4602 902 4658; x_wconf 86' lang='lat' dir='ltr'><strong>Patrem</strong></span> <span class='ocrx_word' id='word_1_624' title='bbox 964 4609 1313 4685; x_wconf 45' lang='lat' dir='ltr'><strong>audis.dici,</strong></span> <span class='ocrx_word' id='word_1_625' title='bbox 1349 4634 1417 4674; x_wconf 92' lang='lat' dir='ltr'><strong>ne</strong></span> <span class='ocrx_word' id='word_1_626' title='bbox 1461 4637 1622 4690; x_wconf 89' lang='lat' dir='ltr'><strong>quem</strong></span> <span class='ocrx_word' id='word_1_627' title='bbox 1662 4642 1682 4675; x_wconf 81' lang='grc' dir='ltr'>ι</span> <span class='ocrx_word' id='word_1_628' title='bbox 1722 4627 1949 4684; x_wconf 89' lang='lat' dir='ltr'><strong>seminis</strong></span> <span class='ocrx_word' id='word_1_629' title='bbox 1983 4647 2004 4683; x_wconf 71' lang='grc' dir='ltr'><strong>ι</strong></span> 
     </span>
    </p>
   </div>
   <div class='ocr_carea' id='block_1_72' title="bbox 425 4690 2009 4785">
    <p class='ocr_par' dir='ltr' id='par_1_72' title="bbox 425 4690 2009 4785">
     <span class='ocr_line' id='line_1_74' title="bbox 425 4690 2009 4785; baseline 0.02 -40"><span class='ocrx_word' id='word_1_630' title='bbox 425 4690 682 4746; x_wconf 78' lang='lat' dir='ltr'><strong>eliluxum</strong></span> <span class='ocrx_word' id='word_1_631' title='bbox 724 4695 975 4764; x_wconf 88' lang='lat' dir='ltr'><strong>requiras</strong></span> <span class='ocrx_word' id='word_1_632' title='bbox 1009 4714 1022 4750; x_wconf 90' lang='lat'><strong>:</strong></span> <span class='ocrx_word' id='word_1_633' title='bbox 1050 4702 1143 4757; x_wconf 90' lang='lat' dir='ltr'><strong>sed</strong></span> <span class='ocrx_word' id='word_1_634' title='bbox 1201 4704 1275 4760; x_wconf 91' lang='lat' dir='ltr'><strong>ita</strong></span> <span class='ocrx_word' id='word_1_635' title='bbox 1308 4707 1376 4763; x_wconf 90' lang='lat' dir='ltr'><strong>de</strong></span> <span class='ocrx_word' id='word_1_636' title='bbox 1427 4710 1515 4766; x_wconf 89' lang='lat' dir='ltr'><strong>his</strong></span> <span class='ocrx_word' id='word_1_637' title='bbox 1566 4716 1769 4785; x_wconf 87' lang='lat' dir='ltr'><strong>cogita,</strong></span> <span class='ocrx_word' id='word_1_638' title='bbox 1803 4726 1865 4773; x_wconf 87' lang='lat' dir='ltr'><strong>ut</strong></span> <span class='ocrx_word' id='word_1_639' title='bbox 1896 4718 2009 4777; x_wconf 92' lang='lat' dir='ltr'><strong>Deo</strong></span> 
     </span>
    </p>
   </div>
   <div class='ocr_carea' id='block_1_73' title="bbox 426 4783 2003 4875">
    <p class='ocr_par' dir='ltr' id='par_1_73' title="bbox 426 4783 2003 4875">
     <span class='ocr_line' id='line_1_75' title="bbox 426 4783 2003 4875; baseline 0.02 -37"><span class='ocrx_word' id='word_1_640' title='bbox 426 4783 650 4853; x_wconf 83' lang='lat' dir='ltr'><strong>dignum</strong></span> <span class='ocrx_word' id='word_1_641' title='bbox 681 4795 737 4840; x_wconf 89' lang='lat' dir='ltr'><strong>et</strong></span> <span class='ocrx_word' id='word_1_642' title='bbox 766 4792 1101 4846; x_wconf 90' lang='lat' dir='ltr'><strong>conveniens</strong></span> <span class='ocrx_word' id='word_1_643' title='bbox 1131 4803 1232 4859; x_wconf 90' lang='lat' dir='ltr'><strong>est,</strong></span> <span class='ocrx_word' id='word_1_644' title='bbox 1268 4807 1326 4852; x_wconf 90' lang='lat' dir='ltr'><strong>ut</strong></span> <span class='ocrx_word' id='word_1_645' title='bbox 1359 4799 1499 4858; x_wconf 89' lang='lat' dir='ltr'><strong>Deus</strong></span> <span class='ocrx_word' id='word_1_646' title='bbox 1521 4803 1796 4875; x_wconf 78' lang='lat' dir='ltr'><strong>eﬂlciaris,</strong></span> <span class='ocrx_word' id='word_1_647' title='bbox 1811 4819 1866 4866; x_wconf 89' lang='lat' dir='ltr'><strong>et</strong></span> <span class='ocrx_word' id='word_1_648' title='bbox 1891 4829 2003 4869; x_wconf 86' lang='lat' dir='ltr'><strong>non</strong></span> 
     </span>
    </p>
   </div>
   <div class='ocr_carea' id='block_1_74' title="bbox 425 4877 2007 4973">
    <p class='ocr_par' dir='ltr' id='par_1_74' title="bbox 425 4877 2007 4973">
     <span class='ocr_line' id='line_1_76' title="bbox 425 4877 2007 4973; baseline 0.019 -43"><span class='ocrx_word' id='word_1_649' title='bbox 425 4878 570 4930; x_wconf 84' lang='lat' dir='ltr'><strong>sicut</strong></span> <span class='ocrx_word' id='word_1_650' title='bbox 614 4877 777 4934; x_wconf 83' lang='lat' dir='ltr'><strong>homo</strong></span> <span class='ocrx_word' id='word_1_651' title='bbox 836 4881 1088 4939; x_wconf 91' lang='lat' dir='ltr'><strong>moriaris</strong></span> <span class='ocrx_word' id='word_1_652' title='bbox 1114 4886 1178 4939; x_wconf 83' lang='lat'><strong>“.</strong></span> <span class='ocrx_word' id='word_1_653' title='bbox 1228 4891 1418 4946; x_wconf 80' lang='lat' dir='ltr'><strong>Anam.</strong></span> <span class='ocrx_word' id='word_1_654' title='bbox 1453 4892 1508 4948; x_wconf 91' lang='lat' dir='ltr'><strong>Si</strong></span> <span class='ocrx_word' id='word_1_655' title='bbox 1554 4913 1658 4952; x_wconf 80' lang='lat' dir='ltr'><strong>vox</strong></span> <span class='ocrx_word' id='word_1_656' title='bbox 1701 4915 1811 4955; x_wconf 87' lang='lat' dir='ltr'><strong>non</strong></span> <span class='ocrx_word' id='word_1_657' title='bbox 1838 4904 2007 4973; x_wconf 81' lang='lat' dir='ltr'><strong>geniti</strong></span> 
     </span>
    </p>
   </div>
   <div class='ocr_carea' id='block_1_75' title="bbox 427 4966 2004 5051">
    <p class='ocr_par' dir='ltr' id='par_1_75' title="bbox 427 4966 2004 5051">
     <span class='ocr_line' id='line_1_77' title="bbox 427 4966 2004 5051; baseline 0.022 -33"><span class='ocrx_word' id='word_1_658' title='bbox 427 4982 535 5021; x_wconf 88' lang='lat' dir='ltr'><strong>non</strong></span> <span class='ocrx_word' id='word_1_659' title='bbox 563 4966 807 5024; x_wconf 87' lang='lat' dir='ltr'><strong>declarat</strong></span> <span class='ocrx_word' id='word_1_660' title='bbox 832 4969 926 5026; x_wconf 90' lang='lat' dir='ltr'><strong>Dei</strong></span> <span class='ocrx_word' id='word_1_661' title='bbox 961 4974 1348 5045; x_wconf 87' lang='lat' dir='ltr'><strong>substantiam,</strong></span> <span class='ocrx_word' id='word_1_662' title='bbox 1376 4985 1468 5040; x_wconf 90' lang='lat' dir='ltr'><strong>sed</strong></span> <span class='ocrx_word' id='word_1_663' title='bbox 1500 4966 1869 5047; x_wconf 71' lang='lat' dir='ltr'><strong>commentum</strong></span> <span class='ocrx_word' id='word_1_664' title='bbox 1899 4995 2004 5051; x_wconf 84' lang='lat' dir='ltr'><strong>hu-</strong></span> 
     </span>
    </p>
   </div>
   <div class='ocr_carea' id='block_1_76' title="bbox 427 5059 2003 5149">
    <p class='ocr_par' dir='ltr' id='par_1_76' title="bbox 427 5059 2003 5149">
     <span class='ocr_line' id='line_1_78' title="bbox 427 5059 2003 5149; baseline 0.019 -41"><span class='ocrx_word' id='word_1_665' title='bbox 427 5071 648 5111; x_wconf 84' lang='lat' dir='ltr'><strong>manum</strong></span> <span class='ocrx_word' id='word_1_666' title='bbox 679 5066 764 5114; x_wconf 89' lang='lat' dir='ltr'><strong>est</strong></span> <span class='ocrx_word' id='word_1_667' title='bbox 790 5059 1219 5133; x_wconf 87' lang='lat' dir='ltr'><strong>incomparabile</strong></span> <span class='ocrx_word' id='word_1_668' title='bbox 1236 5069 1369 5124; x_wconf 80' lang='lat' dir='ltr'><strong>illud</strong></span> <span class='ocrx_word' id='word_1_669' title='bbox 1398 5088 1615 5140; x_wconf 91' lang='lat' dir='ltr'><strong>nomen,</strong></span> <span class='ocrx_word' id='word_1_670' title='bbox 1639 5080 1870 5149; x_wconf 84' lang='lat' dir='ltr'><strong>gratiam</strong></span> <span class='ocrx_word' id='word_1_671' title='bbox 1893 5083 2003 5137; x_wconf 87' lang='lat' dir='ltr'><strong>uti-</strong></span> 
     </span>
    </p>
   </div>
   <div class='ocr_carea' id='block_1_77' title="bbox 424 5150 2003 5236">
    <p class='ocr_par' dir='ltr' id='par_1_77' title="bbox 424 5150 2003 5236">
     <span class='ocr_line' id='line_1_79' title="bbox 424 5150 2003 5236; baseline 0.019 -35"><span class='ocrx_word' id='word_1_672' title='bbox 424 5165 534 5217; x_wconf 86' lang='lat' dir='ltr'><strong>que</strong></span> <span class='ocrx_word' id='word_1_673' title='bbox 561 5150 779 5206; x_wconf 86' lang='lat' dir='ltr'><strong>debebit</strong></span> <span class='ocrx_word' id='word_1_674' title='bbox 818 5152 962 5211; x_wconf 85' lang='lat' dir='ltr'><strong>Deus</strong></span> <span class='ocrx_word' id='word_1_675' title='bbox 993 5157 1083 5222; x_wconf 87' lang='lat' dir='ltr'><strong>iis,</strong></span> <span class='ocrx_word' id='word_1_676' title='bbox 1122 5161 1217 5231; x_wconf 91' lang='lat' dir='ltr'><strong>qui</strong></span> <span class='ocrx_word' id='word_1_677' title='bbox 1251 5179 1359 5218; x_wconf 88' lang='lat' dir='ltr'><strong>non</strong></span> <span class='ocrx_word' id='word_1_678' title='bbox 1392 5168 1634 5236; x_wconf 84' lang='lat' dir='ltr'><strong>genitum</strong></span> <span class='ocrx_word' id='word_1_679' title='bbox 1680 5171 1813 5227; x_wconf 91' lang='lat' dir='ltr'><strong>illud</strong></span> <span class='ocrx_word' id='word_1_680' title='bbox 1850 5189 2003 5230; x_wconf 84' lang='lat' dir='ltr'><strong>com-</strong></span> 
     </span>
    </p>
   </div>
   <div class='ocr_carea' id='block_1_78' title="bbox 427 5241 2000 5322">
    <p class='ocr_par' dir='ltr' id='par_1_78' title="bbox 427 5241 2000 5322">
     <span class='ocr_line' id='line_1_80' title="bbox 427 5241 2000 5322; baseline 0.018 -29"><span class='ocrx_word' id='word_1_681' title='bbox 427 5241 594 5293; x_wconf 79' lang='lat' dir='ltr'><strong>menti</strong></span> <span class='ocrx_word' id='word_1_682' title='bbox 617 5249 766 5305; x_wconf 89' lang='lat' dir='ltr'><strong>sunt,</strong></span> <span class='ocrx_word' id='word_1_683' title='bbox 793 5244 910 5313; x_wconf 85' lang='lat' dir='ltr'><strong>ipse</strong></span> <span class='ocrx_word' id='word_1_684' title='bbox 942 5248 1181 5306; x_wconf 88' lang='lat' dir='ltr'><strong>nominis</strong></span> <span class='ocrx_word' id='word_1_685' title='bbox 1201 5256 1581 5314; x_wconf 73' lang='lat' dir='ltr'><strong>excellentiam</strong></span> <span class='ocrx_word' id='word_1_686' title='bbox 1609 5261 1662 5315; x_wconf 91' lang='lat' dir='ltr'><strong>in</strong></span> <span class='ocrx_word' id='word_1_687' title='bbox 1690 5263 2000 5322; x_wconf 85' lang='lat' dir='ltr'><strong>substantia</strong></span> 
     </span>
    </p>
   </div>
   <div class='ocr_carea' id='block_1_79' title="bbox 428 5336 2000 5430">
    <p class='ocr_par' dir='ltr' id='par_1_79' title="bbox 428 5336 2000 5430">
     <span class='ocr_line' id='line_1_81' title="bbox 428 5336 2000 5430; baseline 0.02 -46"><span class='ocrx_word' id='word_1_688' title='bbox 428 5348 535 5386; x_wconf 87' lang='lat' dir='ltr'><strong>non</strong></span> <span class='ocrx_word' id='word_1_689' title='bbox 576 5336 776 5392; x_wconf 84' lang='lat' dir='ltr'><strong>ferens.</strong></span> <span class='ocrx_word' id='word_1_690' title='bbox 809 5337 963 5393; x_wconf 85' lang='lat' dir='ltr'><strong>Orth.</strong></span> <span class='ocrx_word' id='word_1_691' title='bbox 1002 5341 1059 5397; x_wconf 89' lang='lat' dir='ltr'><strong>Si</strong></span> <span class='ocrx_word' id='word_1_692' title='bbox 1117 5361 1229 5402; x_wconf 85' lang='lat' dir='ltr'><strong>non</strong></span> <span class='ocrx_word' id='word_1_693' title='bbox 1257 5350 1498 5420; x_wconf 83' lang='lat' dir='ltr'><strong>genitum</strong></span> <span class='ocrx_word' id='word_1_694' title='bbox 1533 5368 1655 5411; x_wconf 90' lang='lat' dir='ltr'><strong>esse</strong></span> <span class='ocrx_word' id='word_1_695' title='bbox 1683 5355 1775 5412; x_wconf 87' lang='lat' dir='ltr'><strong>Dei</strong></span> <span class='ocrx_word' id='word_1_696' title='bbox 1827 5358 2000 5430; x_wconf 77' lang='lat' dir='ltr'><strong>hypo-</strong></span> 
     </span>
    </p>
   </div>
   <div class='ocr_carea' id='block_1_80' title="bbox 494 5486 1757 5575">
    <p class='ocr_par' dir='ltr' id='par_1_80' title="bbox 494 5486 1757 5575">
     <span class='ocr_line' id='line_1_82' title="bbox 494 5486 1757 5575; baseline 0.021 -37"><span class='ocrx_word' id='word_1_697' title='bbox 494 5486 540 5516; x_wconf 74' lang='lat'><strong>“</strong></span> <span class='ocrx_word' id='word_1_698' title='bbox 577 5486 740 5546; x_wconf 82' lang='lat' dir='ltr'><strong>Joan.</strong></span> <span class='ocrx_word' id='word_1_699' title='bbox 775 5506 829 5555; x_wconf 80' lang='grc' dir='ltr'>ι,</span> <span class='ocrx_word' id='word_1_700' title='bbox 865 5495 929 5560; x_wconf 79' lang='lat' dir='ltr'><strong>l,</strong></span> <span class='ocrx_word' id='word_1_701' title='bbox 962 5496 1016 5551; x_wconf 78' lang='lat'><strong>2.</strong></span> <span class='ocrx_word' id='word_1_702' title='bbox 1095 5501 1139 5531; x_wconf 85' lang='lat'><strong>“</strong></span> <span class='ocrx_word' id='word_1_703' title='bbox 1179 5500 1321 5558; x_wconf 89' lang='lat' dir='ltr'><strong>Psal.</strong></span> <span class='ocrx_word' id='word_1_704' title='bbox 1359 5521 1562 5573; x_wconf 76' lang='lat' dir='ltr'><strong>um,</strong></span> <span class='ocrx_word' id='word_1_705' title='bbox 1600 5508 1668 5575; x_wconf 87' lang='lat'><strong>6,</strong></span> <span class='ocrx_word' id='word_1_706' title='bbox 1704 5511 1757 5565; x_wconf 89' lang='lat'><strong>7.</strong></span> 
     </span>
    </p>
   </div>
   <div class='ocr_carea' id='block_1_81' title="bbox 496 5635 1650 5721">
    <p class='ocr_par' dir='ltr' id='par_1_81' title="bbox 496 5635 1650 5721">
     <span class='ocr_line' id='line_1_83' title="bbox 496 5635 1650 5721; baseline 0.016 -20"><span class='ocrx_word' id='word_1_707' title='bbox 496 5641 611 5701; x_wconf 66' lang='grc' dir='ltr'><strong>ἔδω</strong></span> <span class='ocrx_word' id='word_1_708' title='bbox 654 5644 744 5702; x_wconf 81' lang='lat' dir='ltr'><strong>Sic</strong></span> <span class='ocrx_word' id='word_1_709' title='bbox 773 5662 961 5707; x_wconf 76' lang='lat' dir='ltr'><strong>omnes</strong></span> <span class='ocrx_word' id='word_1_710' title='bbox 994 5670 1125 5713; x_wconf 83' lang='lat' dir='ltr'><strong>mss.</strong></span> <span class='ocrx_word' id='word_1_711' title='bbox 1160 5655 1217 5712; x_wconf 81' lang='lat' dir='ltr'><strong>In</strong></span> <span class='ocrx_word' id='word_1_712' title='bbox 1241 5635 1327 5715; x_wconf 76' lang='lat' dir='ltr'><strong>ed.</strong></span> <span class='ocrx_word' id='word_1_713' title='bbox 1364 5661 1457 5713; x_wconf 80' lang='grc' dir='ltr'><strong>καί</strong></span> <span class='ocrx_word' id='word_1_714' title='bbox 1482 5661 1650 5721; x_wconf 82' lang='lat' dir='ltr'><strong>deest.</strong></span> 
     </span>
    </p>
   </div>
   <div class='ocr_carea' id='block_1_82' title="bbox 2195 2437 3720 2529">
    <p class='ocr_par' dir='ltr' id='par_1_82' title="bbox 2195 2437 3720 2529">
     <span class='ocr_line' id='line_1_84' title="bbox 2195 2437 3720 2529; baseline 0.014 -37"><span class='ocrx_word' id='word_1_715' title='bbox 2195 2437 2283 2496; x_wconf 83' lang='grc'><strong>17.</strong></span> <span class='ocrx_word' id='word_1_716' title='bbox 2346 2442 2663 2515; x_wconf 82' lang='grc' dir='ltr'>Ἀνόμοιος.</span> <span class='ocrx_word' id='word_1_717' title='bbox 2710 2450 2775 2503; x_wconf 83' lang='lat' dir='ltr'><strong>El</strong></span> <span class='ocrx_word' id='word_1_718' title='bbox 2818 2452 3116 2524; x_wconf 85' lang='grc' dir='ltr'>ἀγεννήτου</span> <span class='ocrx_word' id='word_1_719' title='bbox 3146 2454 3361 2525; x_wconf 82' lang='grc' dir='ltr'>φύσεως</span> <span class='ocrx_word' id='word_1_720' title='bbox 3391 2455 3663 2529; x_wconf 81' lang='grc' dir='ltr'><strong>ὑπάρχων</strong></span> <span class='ocrx_word' id='word_1_721' title='bbox 3690 2462 3720 2513; x_wconf 88' lang='lat'><strong>6</strong></span> 
     </span>
    </p>
   </div>
   <div class='ocr_carea' id='block_1_83' title="bbox 2119 2526 3718 2618">
    <p class='ocr_par' dir='ltr' id='par_1_83' title="bbox 2119 2526 3718 2618">
     <span class='ocr_line' id='line_1_85' title="bbox 2119 2526 3718 2618; baseline 0.016 -37"><span class='ocrx_word' id='word_1_722' title='bbox 2119 2526 2257 2595; x_wconf 85' lang='grc' dir='ltr'>Θεὸς</span> <span class='ocrx_word' id='word_1_723' title='bbox 2299 2533 2330 2586; x_wconf 92' lang='lat'><strong>6</strong></span> <span class='ocrx_word' id='word_1_724' title='bbox 2378 2538 2793 2613; x_wconf 84' lang='grc' dir='ltr'>παντοκράτωρ,</span> <span class='ocrx_word' id='word_1_725' title='bbox 2839 2546 3107 2617; x_wconf 84' lang='grc' dir='ltr'>γεννητῆς</span> <span class='ocrx_word' id='word_1_726' title='bbox 3156 2546 3374 2618; x_wconf 84' lang='grc' dir='ltr'>φύσεως</span> <span class='ocrx_word' id='word_1_727' title='bbox 3423 2526 3718 2606; x_wconf 31' lang='grc' dir='ltr'>οὑκ-οἶδεν</span> 
     </span>
    </p>
   </div>
   <div class='ocr_carea' id='block_1_84' title="bbox 2120 2620 3718 2711">
    <p class='ocr_par' dir='ltr' id='par_1_84' title="bbox 2120 2620 3718 2711">
     <span class='ocr_line' id='line_1_86' title="bbox 2120 2620 3718 2711; baseline 0.016 -38"><span class='ocrx_word' id='word_1_728' title='bbox 2120 2620 2332 2677; x_wconf 70' lang='grc' dir='ltr'>ἐαυτόνο</span> <span class='ocrx_word' id='word_1_729' title='bbox 2359 2627 2388 2679; x_wconf 91' lang='lat'><strong>6</strong></span> <span class='ocrx_word' id='word_1_730' title='bbox 2417 2625 2475 2679; x_wconf 88' lang='grc' dir='ltr'><strong>δὲ</strong></span> <span class='ocrx_word' id='word_1_731' title='bbox 2504 2627 2652 2695; x_wconf 86' lang='grc' dir='ltr'>Υἱὸς,</span> <span class='ocrx_word' id='word_1_732' title='bbox 2685 2635 2951 2707; x_wconf 84' lang='grc' dir='ltr'>γεννητῆς</span> <span class='ocrx_word' id='word_1_733' title='bbox 2982 2637 3200 2706; x_wconf 86' lang='grc' dir='ltr'>φύσεως</span> <span class='ocrx_word' id='word_1_734' title='bbox 3231 2638 3518 2711; x_wconf 77' lang='grc' dir='ltr'><strong>ὑπάρχων,</strong></span> <span class='ocrx_word' id='word_1_735' title='bbox 3554 2642 3718 2698; x_wconf 87' lang='grc' dir='ltr'>τοῦτο</span> 
     </span>
    </p>
   </div>
   <div class='ocr_carea' id='block_1_85' title="bbox 2118 2712 3713 2803">
    <p class='ocr_par' dir='ltr' id='par_1_85' title="bbox 2118 2712 3713 2803">
     <span class='ocr_line' id='line_1_87' title="bbox 2118 2712 3713 2803; baseline 0.014 -37"><span class='ocrx_word' id='word_1_736' title='bbox 2118 2712 2380 2781; x_wconf 83' lang='grc' dir='ltr'><strong>γινώσκει</strong></span> <span class='ocrx_word' id='word_1_737' title='bbox 2406 2719 2621 2788; x_wconf 85' lang='grc' dir='ltr'>ἐαυτὸν,</span> <span class='ocrx_word' id='word_1_738' title='bbox 2644 2724 2781 2797; x_wconf 84' lang='grc' dir='ltr'>ὅπερ</span> <span class='ocrx_word' id='word_1_739' title='bbox 2805 2726 2945 2781; x_wconf 84' lang='grc' dir='ltr'>ἐστι·</span> <span class='ocrx_word' id='word_1_740' title='bbox 2970 2729 3088 2794; x_wconf 85' lang='grc' dir='ltr'>πῶς</span> <span class='ocrx_word' id='word_1_741' title='bbox 3112 2729 3178 2783; x_wconf 81' lang='grc' dir='ltr'>ἂν</span> <span class='ocrx_word' id='word_1_742' title='bbox 3201 2730 3392 2803; x_wconf 76' lang='grc' dir='ltr'>εἴησαν</span> <span class='ocrx_word' id='word_1_743' title='bbox 3410 2731 3713 2803; x_wconf 80' lang='grc' dir='ltr'>ὁμοούσιοι,</span> 
     </span>
    </p>
   </div>
   <div class='ocr_carea' id='block_1_86' title="bbox 2119 2803 3715 2896">
    <p class='ocr_par' dir='ltr' id='par_1_86' title="bbox 2119 2803 3715 2896">
     <span class='ocr_line' id='line_1_88' title="bbox 2119 2803 3715 2896; baseline 0.016 -40"><span class='ocrx_word' id='word_1_744' title='bbox 2119 2803 2214 2857; x_wconf 86' lang='grc' dir='ltr'><strong>τοῦ</strong></span> <span class='ocrx_word' id='word_1_745' title='bbox 2246 2806 2345 2876; x_wconf 89' lang='grc' dir='ltr'><strong>μέν</strong></span> <span class='ocrx_word' id='word_1_746' title='bbox 2388 2808 2752 2879; x_wconf 87' lang='grc' dir='ltr'>γινώσκοντος</span> <span class='ocrx_word' id='word_1_747' title='bbox 2792 2816 2983 2873; x_wconf 81' lang='grc' dir='ltr'>ἑαυτὸν</span> <span class='ocrx_word' id='word_1_748' title='bbox 3012 2820 3330 2893; x_wconf 82' lang='grc' dir='ltr'>ἀγέννητον,</span> <span class='ocrx_word' id='word_1_749' title='bbox 3368 2823 3466 2877; x_wconf 90' lang='grc' dir='ltr'><strong>τοῦ</strong></span> <span class='ocrx_word' id='word_1_750' title='bbox 3497 2824 3558 2878; x_wconf 85' lang='grc' dir='ltr'><strong>δέ</strong></span> <span class='ocrx_word' id='word_1_751' title='bbox 3591 2844 3715 2896; x_wconf 85' lang='grc' dir='ltr'>γεν-</span> 
     </span>
    </p>
   </div>
   <div class='ocr_carea' id='block_1_87' title="bbox 2118 2897 3715 2988">
    <p class='ocr_par' dir='ltr' id='par_1_87' title="bbox 2118 2897 3715 2988">
     <span class='ocr_line' id='line_1_89' title="bbox 2118 2897 3715 2988; baseline 0.015 -39"><span class='ocrx_word' id='word_1_752' title='bbox 2118 2897 2309 2966; x_wconf 82' lang='grc' dir='ltr'>νητόν;</span> <span class='ocrx_word' id='word_1_753' title='bbox 2351 2900 2497 2969; x_wconf 83' lang='grc' dir='ltr'>Ὀρθ.</span> <span class='ocrx_word' id='word_1_754' title='bbox 2528 2903 2592 2956; x_wconf 82' lang='lat' dir='ltr'><strong>El</strong></span> <span class='ocrx_word' id='word_1_755' title='bbox 2617 2905 2679 2958; x_wconf 90' lang='grc' dir='ltr'><strong>τὸ</strong></span> <span class='ocrx_word' id='word_1_756' title='bbox 2706 2907 3000 2981; x_wconf 85' lang='grc' dir='ltr'>ἀγέννητον</span> <span class='ocrx_word' id='word_1_757' title='bbox 3037 2913 3133 2966; x_wconf 79' lang='grc' dir='ltr'>καὶ</span> <span class='ocrx_word' id='word_1_758' title='bbox 3170 2914 3430 2986; x_wconf 84' lang='grc' dir='ltr'>γεννητὸν</span> <span class='ocrx_word' id='word_1_759' title='bbox 3468 2919 3715 2988; x_wconf 72' lang='grc' dir='ltr'>νομίζεις</span> 
     </span>
    </p>
   </div>
   <div class='ocr_carea' id='block_1_88' title="bbox 2116 2982 3712 3075">
    <p class='ocr_par' dir='ltr' id='par_1_88' title="bbox 2116 2982 3712 3075">
     <span class='ocr_line' id='line_1_90' title="bbox 2116 2982 3712 3075; baseline 0.016 -38"><span class='ocrx_word' id='word_1_760' title='bbox 2116 2982 2256 3040; x_wconf 80' lang='grc' dir='ltr'>εἶναι</span> <span class='ocrx_word' id='word_1_761' title='bbox 2283 2987 2383 3052; x_wconf 83' lang='grc' dir='ltr'>τὰς</span> <span class='ocrx_word' id='word_1_762' title='bbox 2416 2988 2627 3059; x_wconf 88' lang='grc' dir='ltr'>φύσεις,</span> <span class='ocrx_word' id='word_1_763' title='bbox 2660 2989 2769 3047; x_wconf 87' lang='grc' dir='ltr'><strong>οἶδε</strong></span> <span class='ocrx_word' id='word_1_764' title='bbox 2805 2995 2863 3048; x_wconf 86' lang='grc' dir='ltr'><strong>δὲ</strong></span> <span class='ocrx_word' id='word_1_765' title='bbox 2891 2997 3084 3053; x_wconf 87' lang='grc' dir='ltr'>ἐαυτὸν</span> <span class='ocrx_word' id='word_1_766' title='bbox 3112 3000 3207 3053; x_wconf 76' lang='grc' dir='ltr'><strong>καὶ</strong></span> <span class='ocrx_word' id='word_1_767' title='bbox 3238 2982 3483 3073; x_wconf 65' lang='grc' dir='ltr'>Γαϐριὴλ</span> <span class='ocrx_word' id='word_1_768' title='bbox 3514 2982 3712 3075; x_wconf 42' lang='lat' dir='ltr'><strong>iam;</strong></span> 
     </span>
    </p>
   </div>
   <div class='ocr_carea' id='block_1_89' title="bbox 2114 3078 3713 3166">
    <p class='ocr_par' dir='ltr' id='par_1_89' title="bbox 2114 3078 3713 3166">
     <span class='ocr_line' id='line_1_91' title="bbox 2114 3078 3713 3166; baseline 0.014 -36"><span class='ocrx_word' id='word_1_769' title='bbox 2114 3078 2215 3149; x_wconf 81' lang='grc' dir='ltr'><strong>τῆς</strong></span> <span class='ocrx_word' id='word_1_770' title='bbox 2254 3080 2491 3149; x_wconf 84' lang='grc' dir='ltr'>φύσεως·</span> <span class='ocrx_word' id='word_1_771' title='bbox 2524 3084 2643 3150; x_wconf 81' lang='grc' dir='ltr'>πῶς</span> <span class='ocrx_word' id='word_1_772' title='bbox 2667 3086 2767 3140; x_wconf 80' lang='grc' dir='ltr'><strong>οὐκ</strong></span> <span class='ocrx_word' id='word_1_773' title='bbox 2806 3087 2873 3142; x_wconf 89' lang='grc' dir='ltr'><strong>ἂν</strong></span> <span class='ocrx_word' id='word_1_774' title='bbox 2904 3090 2989 3161; x_wconf 73' lang='grc' dir='ltr'>εἴη</span> <span class='ocrx_word' id='word_1_775' title='bbox 3018 3091 3114 3145; x_wconf 78' lang='grc' dir='ltr'><strong>καὶ</strong></span> <span class='ocrx_word' id='word_1_776' title='bbox 3150 3092 3392 3166; x_wconf 81' lang='grc' dir='ltr'>Γαϐριὴλ</span> <span class='ocrx_word' id='word_1_777' title='bbox 3418 3095 3713 3166; x_wconf 85' lang='grc' dir='ltr'>ὁμοούσιος</span> 
     </span>
    </p>
   </div>
   <div class='ocr_carea' id='block_1_90' title="bbox 2118 3169 3712 3261">
    <p class='ocr_par' dir='ltr' id='par_1_90' title="bbox 2118 3169 3712 3261">
     <span class='ocr_line' id='line_1_92' title="bbox 2118 3169 3712 3261; baseline 0.014 -38"><span class='ocrx_word' id='word_1_778' title='bbox 2118 3169 2195 3241; x_wconf 84' lang='grc' dir='ltr'>τῷ</span> <span class='ocrx_word' id='word_1_779' title='bbox 2220 3171 2364 3243; x_wconf 82' lang='grc' dir='ltr'><strong>Υίῷ;</strong></span> <span class='ocrx_word' id='word_1_780' title='bbox 2411 3174 2473 3230; x_wconf 73' lang='lat' dir='ltr'><strong>Et</strong></span> <span class='ocrx_word' id='word_1_781' title='bbox 2510 3177 2568 3231; x_wconf 86' lang='grc' dir='ltr'><strong>δὲ</strong></span> <span class='ocrx_word' id='word_1_782' title='bbox 2608 3181 2876 3252; x_wconf 85' lang='grc' dir='ltr'>γεννητῆς</span> <span class='ocrx_word' id='word_1_783' title='bbox 2914 3181 3131 3252; x_wconf 87' lang='grc' dir='ltr'>φύσεως</span> <span class='ocrx_word' id='word_1_784' title='bbox 3166 3183 3242 3239; x_wconf 84' lang='grc' dir='ltr'>ὢν</span> <span class='ocrx_word' id='word_1_785' title='bbox 3267 3188 3297 3240; x_wconf 91' lang='lat'><strong>6</strong></span> <span class='ocrx_word' id='word_1_786' title='bbox 3326 3187 3576 3261; x_wconf 81' lang='grc' dir='ltr'>Γαϐριὴλ</span> <span class='ocrx_word' id='word_1_787' title='bbox 3609 3191 3712 3245; x_wconf 75' lang='grc' dir='ltr'><strong>οὑκ</strong></span> 
     </span>
    </p>
   </div>
   <div class='ocr_carea' id='block_1_91' title="bbox 2117 3258 3705 3351">
    <p class='ocr_par' dir='ltr' id='par_1_91' title="bbox 2117 3258 3705 3351">
     <span class='ocr_line' id='line_1_93' title="bbox 2117 3258 3705 3351; baseline 0.012 -34"><span class='ocrx_word' id='word_1_788' title='bbox 2117 3258 2258 3318; x_wconf 81' lang='grc' dir='ltr'>οἶδεν</span> <span class='ocrx_word' id='word_1_789' title='bbox 2283 3266 2495 3332; x_wconf 84' lang='grc' dir='ltr'>ἑαυτὸν,</span> <span class='ocrx_word' id='word_1_790' title='bbox 2523 3268 2766 3343; x_wconf 75' lang='grc' dir='ltr'>εὔδηλον,</span> <span class='ocrx_word' id='word_1_791' title='bbox 2793 3272 2874 3327; x_wconf 82' lang='grc' dir='ltr'><strong>ὅτι</strong></span> <span class='ocrx_word' id='word_1_792' title='bbox 2894 3274 2996 3329; x_wconf 84' lang='grc' dir='ltr'>οὐκ</span> <span class='ocrx_word' id='word_1_793' title='bbox 3015 3275 3210 3337; x_wconf 77' lang='grc' dir='ltr'>ἔστιτὸ</span> <span class='ocrx_word' id='word_1_794' title='bbox 3234 3280 3495 3351; x_wconf 83' lang='grc' dir='ltr'>γεννητὸν</span> 
     </span>
    </p>
   </div>
   <div class='ocr_carea' id='block_1_92' title="bbox 2117 3355 3715 3445">
    <p class='ocr_par' dir='ltr' id='par_1_92' title="bbox 2117 3355 3715 3445">
     <span class='ocr_line' id='line_1_94' title="bbox 2117 3355 3715 3445; baseline 0.012 -35"><span class='ocrx_word' id='word_1_795' title='bbox 2117 3355 2180 3411; x_wconf 82' lang='lat' dir='ltr'><strong>Ei</strong></span> <span class='ocrx_word' id='word_1_796' title='bbox 2213 3357 2270 3412; x_wconf 86' lang='grc' dir='ltr'>δὲ</span> <span class='ocrx_word' id='word_1_797' title='bbox 2296 3360 2396 3414; x_wconf 86' lang='grc' dir='ltr'><strong>ούκ</strong></span> <span class='ocrx_word' id='word_1_798' title='bbox 2427 3360 2627 3417; x_wconf 75' lang='grc' dir='ltr'>ἔστιτὸ</span> <span class='ocrx_word' id='word_1_799' title='bbox 2655 3366 2913 3437; x_wconf 89' lang='grc' dir='ltr'>γεννητὸν</span> <span class='ocrx_word' id='word_1_800' title='bbox 2949 3367 3130 3438; x_wconf 83' lang='grc' dir='ltr'>φύσις,</span> <span class='ocrx_word' id='word_1_801' title='bbox 3163 3371 3286 3425; x_wconf 82' lang='grc' dir='ltr'><strong>οὑδέ</strong></span> <span class='ocrx_word' id='word_1_802' title='bbox 3317 3372 3381 3425; x_wconf 82' lang='grc' dir='ltr'><strong>τὸ</strong></span> <span class='ocrx_word' id='word_1_803' title='bbox 3406 3373 3715 3445; x_wconf 79' lang='grc' dir='ltr'>ἀγέννητὸν</span> 
     </span>
    </p>
   </div>
   <div class='ocr_carea' id='block_1_93' title="bbox 2117 3449 3718 3535">
    <p class='ocr_par' dir='ltr' id='par_1_93' title="bbox 2117 3449 3718 3535">
     <span class='ocr_line' id='line_1_95' title="bbox 2117 3449 3718 3535; baseline 0.012 -34"><span class='ocrx_word' id='word_1_804' title='bbox 2117 3449 2233 3502; x_wconf 87' lang='grc' dir='ltr'>ἐστι</span> <span class='ocrx_word' id='word_1_805' title='bbox 2266 3451 2447 3521; x_wconf 85' lang='grc' dir='ltr'>φύσις.</span> <span class='ocrx_word' id='word_1_806' title='bbox 2489 3453 2721 3525; x_wconf 83' lang='grc' dir='ltr'>Γενητὸν</span> <span class='ocrx_word' id='word_1_807' title='bbox 2755 3459 2812 3511; x_wconf 84' lang='grc' dir='ltr'>δὲ</span> <span class='ocrx_word' id='word_1_808' title='bbox 2850 3460 2925 3532; x_wconf 85' lang='grc' dir='ltr'><strong>μὴ</strong></span> <span class='ocrx_word' id='word_1_809' title='bbox 2959 3459 3083 3530; x_wconf 88' lang='grc' dir='ltr'>λέγε</span> <span class='ocrx_word' id='word_1_810' title='bbox 3118 3463 3210 3517; x_wconf 89' lang='grc' dir='ltr'><strong>τὸν</strong></span> <span class='ocrx_word' id='word_1_811' title='bbox 3240 3464 3390 3529; x_wconf 79' lang='grc' dir='ltr'>Υἰὸν,</span> <span class='ocrx_word' id='word_1_812' title='bbox 3428 3464 3525 3518; x_wconf 87' lang='grc' dir='ltr'><strong>τὸν</strong></span> <span class='ocrx_word' id='word_1_813' title='bbox 3557 3482 3718 3535; x_wconf 79' lang='grc' dir='ltr'>γενε-</span> 
     </span>
    </p>
   </div>
   <div class='ocr_carea' id='block_1_94' title="bbox 2120 3544 3716 3627">
    <p class='ocr_par' dir='ltr' id='par_1_94' title="bbox 2120 3544 3716 3627">
     <span class='ocr_line' id='line_1_96' title="bbox 2120 3544 3716 3627; baseline 0.011 -33"><span class='ocrx_word' id='word_1_814' title='bbox 2120 3544 2374 3615; x_wconf 79' lang='grc' dir='ltr'>σιουργὸν</span> <span class='ocrx_word' id='word_1_815' title='bbox 2402 3545 2512 3602; x_wconf 87' lang='grc' dir='ltr'><strong>τῶν</strong></span> <span class='ocrx_word' id='word_1_816' title='bbox 2551 3548 2828 3603; x_wconf 59' lang='grc' dir='ltr'>ἁπάντων</span> <span class='ocrx_word' id='word_1_817' title='bbox 2870 3551 3007 3607; x_wconf 80' lang='grc' dir='ltr'>ἀλλὰ</span> <span class='ocrx_word' id='word_1_818' title='bbox 3037 3556 3297 3626; x_wconf 83' lang='grc' dir='ltr'>γεννητὸν</span> <span class='ocrx_word' id='word_1_819' title='bbox 3339 3556 3486 3620; x_wconf 78' lang='grc' dir='ltr'>εἰπὲ,</span> <span class='ocrx_word' id='word_1_820' title='bbox 3509 3556 3588 3621; x_wconf 81' lang='grc' dir='ltr'>ὡς</span> <span class='ocrx_word' id='word_1_821' title='bbox 3619 3559 3716 3627; x_wconf 80' lang='grc' dir='ltr'>γέ-</span> 
     </span>
    </p>
   </div>
   <div class='ocr_carea' id='block_1_95' title="bbox 2117 3637 3709 3719">
    <p class='ocr_par' dir='ltr' id='par_1_95' title="bbox 2117 3637 3709 3719">
     <span class='ocr_line' id='line_1_97' title="bbox 2117 3637 3709 3719; baseline 0.01 -32"><span class='ocrx_word' id='word_1_822' title='bbox 2117 3650 2379 3705; x_wconf 88' lang='grc' dir='ltr'>γραπται.</span> <span class='ocrx_word' id='word_1_823' title='bbox 2416 3637 2678 3711; x_wconf 88' lang='grc' dir='ltr'>Γεννητὸν</span> <span class='ocrx_word' id='word_1_824' title='bbox 2703 3641 2802 3712; x_wconf 86' lang='grc' dir='ltr'>μὲν</span> <span class='ocrx_word' id='word_1_825' title='bbox 2833 3643 2941 3715; x_wconf 85' lang='grc' dir='ltr'><strong>γάρ</strong></span> <span class='ocrx_word' id='word_1_826' title='bbox 2965 3646 3081 3698; x_wconf 88' lang='grc' dir='ltr'>ἐστι</span> <span class='ocrx_word' id='word_1_827' title='bbox 3101 3646 3163 3700; x_wconf 87' lang='grc' dir='ltr'><strong>τὸ</strong></span> <span class='ocrx_word' id='word_1_828' title='bbox 3194 3647 3414 3719; x_wconf 77' lang='grc' dir='ltr'>Πατέρα</span> <span class='ocrx_word' id='word_1_829' title='bbox 3442 3648 3591 3719; x_wconf 77' lang='grc' dir='ltr'>ἕχον,</span> <span class='ocrx_word' id='word_1_830' title='bbox 3612 3666 3709 3717; x_wconf 77' lang='grc' dir='ltr'><strong>γε⁸</strong></span> 
     </span>
    </p>
   </div>
   <div class='ocr_carea' id='block_1_96' title="bbox 2116 3728 3711 3813">
    <p class='ocr_par' dir='ltr' id='par_1_96' title="bbox 2116 3728 3711 3813">
     <span class='ocr_line' id='line_1_98' title="bbox 2116 3728 3711 3813; baseline 0.011 -34"><span class='ocrx_word' id='word_1_831' title='bbox 2116 3728 2277 3798; x_wconf 86' lang='grc' dir='ltr'>νητὸν</span> <span class='ocrx_word' id='word_1_832' title='bbox 2304 3728 2361 3781; x_wconf 85' lang='grc' dir='ltr'><strong>δὲ</strong></span> <span class='ocrx_word' id='word_1_833' title='bbox 2385 3729 2450 3783; x_wconf 90' lang='grc' dir='ltr'><strong>τὸ</strong></span> <span class='ocrx_word' id='word_1_834' title='bbox 2472 3735 2850 3805; x_wconf 85' lang='grc' dir='ltr'>γενεσιουργὸν</span> <span class='ocrx_word' id='word_1_835' title='bbox 2880 3736 3024 3807; x_wconf 68' lang='grc' dir='ltr'>ἔχον.</span> <span class='ocrx_word' id='word_1_836' title='bbox 3064 3739 3251 3810; x_wconf 83' lang='grc' dir='ltr'><strong>Ἥμῶν</strong></span> <span class='ocrx_word' id='word_1_837' title='bbox 3279 3735 3372 3795; x_wconf 84' lang='grc' dir='ltr'><strong>οῦν</strong></span> <span class='ocrx_word' id='word_1_838' title='bbox 3399 3758 3711 3813; x_wconf 84' lang='grc' dir='ltr'>γενεσιουρ-</span> 
     </span>
    </p>
   </div>
   <div class='ocr_carea' id='block_1_97' title="bbox 2118 3813 3711 3904">
    <p class='ocr_par' dir='ltr' id='par_1_97' title="bbox 2118 3813 3711 3904">
     <span class='ocr_line' id='line_1_99' title="bbox 2118 3813 3711 3904; baseline 0.013 -40"><span class='ocrx_word' id='word_1_839' title='bbox 2118 3813 2214 3880; x_wconf 87' lang='grc' dir='ltr'><strong>γὸς</strong></span> <span class='ocrx_word' id='word_1_840' title='bbox 2241 3816 2269 3867; x_wconf 90' lang='lat'><strong>6</strong></span> <span class='ocrx_word' id='word_1_841' title='bbox 2298 3816 2431 3880; x_wconf 84' lang='grc' dir='ltr'>Θεὸς</span> <span class='ocrx_word' id='word_1_842' title='bbox 2462 3817 2550 3872; x_wconf 81' lang='grc' dir='ltr'>διὰ</span> <span class='ocrx_word' id='word_1_843' title='bbox 2588 3819 2683 3874; x_wconf 88' lang='grc' dir='ltr'><strong>τοῦ</strong></span> <span class='ocrx_word' id='word_1_844' title='bbox 2714 3822 2866 3876; x_wconf 85' lang='grc' dir='ltr'><strong>Υἱοῦ·</strong></span> <span class='ocrx_word' id='word_1_845' title='bbox 2896 3824 2992 3878; x_wconf 91' lang='grc' dir='ltr'><strong>τοῦ</strong></span> <span class='ocrx_word' id='word_1_846' title='bbox 3024 3826 3083 3879; x_wconf 81' lang='grc' dir='ltr'><strong>δὲ</strong></span> <span class='ocrx_word' id='word_1_847' title='bbox 3112 3827 3242 3882; x_wconf 79' lang='grc' dir='ltr'>Υίοῦ</span> <span class='ocrx_word' id='word_1_848' title='bbox 3277 3830 3491 3904; x_wconf 80' lang='grc' dir='ltr'>Πατὴρ,</span> <span class='ocrx_word' id='word_1_849' title='bbox 3521 3833 3711 3887; x_wconf 78' lang='grc' dir='ltr'>οὒκέτι</span> 
     </span>
    </p>
   </div>
   <div class='ocr_carea' id='block_1_98' title="bbox 2117 3897 3715 3991">
    <p class='ocr_par' dir='ltr' id='par_1_98' title="bbox 2117 3897 3715 3991">
     <span class='ocr_line' id='line_1_100' title="bbox 2117 3897 3715 3991; baseline 0.016 -40"><span class='ocrx_word' id='word_1_850' title='bbox 2117 3897 2174 3951; x_wconf 84' lang='grc' dir='ltr'><strong>δὲ</strong></span> <span class='ocrx_word' id='word_1_851' title='bbox 2212 3906 2614 3975; x_wconf 77' lang='grc' dir='ltr'>γενεσιουργόςο</span> <span class='ocrx_word' id='word_1_852' title='bbox 2663 3908 2838 3975; x_wconf 71' lang='grc' dir='ltr'>οὐδεὶς</span> <span class='ocrx_word' id='word_1_853' title='bbox 2880 3912 2990 3985; x_wconf 82' lang='grc' dir='ltr'>γὰρ</span> <span class='ocrx_word' id='word_1_854' title='bbox 3022 3915 3118 3969; x_wconf 89' lang='grc' dir='ltr'><strong>τοῦ</strong></span> <span class='ocrx_word' id='word_1_855' title='bbox 3154 3918 3350 3972; x_wconf 80' lang='grc' dir='ltr'>ἑαυτοῦ</span> <span class='ocrx_word' id='word_1_856' title='bbox 3400 3897 3522 3974; x_wconf 76' lang='grc' dir='ltr'>ύίοῦ</span> <span class='ocrx_word' id='word_1_857' title='bbox 3561 3939 3715 3991; x_wconf 66' lang='grc' dir='ltr'>γενεά</span> 
     </span>
    </p>
   </div>
   <div class='ocr_carea' id='block_1_99' title="bbox 2120 3991 3717 4086">
    <p class='ocr_par' dir='ltr' id='par_1_99' title="bbox 2120 3991 3717 4086">
     <span class='ocr_line' id='line_1_101' title="bbox 2120 3991 3717 4086; baseline 0.017 -45"><span class='ocrx_word' id='word_1_858' title='bbox 2120 3991 2371 4061; x_wconf 89' lang='grc' dir='ltr'>σιουργός</span> <span class='ocrx_word' id='word_1_859' title='bbox 2402 3994 2572 4049; x_wconf 81' lang='grc' dir='ltr'>ἐστιν’</span> <span class='ocrx_word' id='word_1_860' title='bbox 2602 3998 2722 4051; x_wconf 82' lang='grc' dir='ltr'>ἐπεὶ</span> <span class='ocrx_word' id='word_1_861' title='bbox 2743 4001 2844 4054; x_wconf 81' lang='grc' dir='ltr'><strong>οὑκ</strong></span> <span class='ocrx_word' id='word_1_862' title='bbox 2872 4001 2953 4055; x_wconf 75' lang='grc' dir='ltr'>ἔτι</span> <span class='ocrx_word' id='word_1_863' title='bbox 2985 4006 3192 4079; x_wconf 80' lang='grc' dir='ltr'>πατὴρ,</span> <span class='ocrx_word' id='word_1_864' title='bbox 3235 4008 3371 4063; x_wconf 78' lang='grc' dir='ltr'>ἀλλὰ</span> <span class='ocrx_word' id='word_1_865' title='bbox 3396 4026 3717 4086; x_wconf 72' lang='grc' dir='ltr'>γενεσιουρ-</span> 
     </span>
    </p>
   </div>
   <div class='ocr_carea' id='block_1_100' title="bbox 2117 4079 3711 4169">
    <p class='ocr_par' dir='ltr' id='par_1_100' title="bbox 2117 4079 3711 4169">
     <span class='ocr_line' id='line_1_102' title="bbox 2117 4079 3711 4169; baseline 0.017 -38"><span class='ocrx_word' id='word_1_866' title='bbox 2117 4079 2232 4146; x_wconf 84' lang='grc' dir='ltr'>γός.</span> <span class='ocrx_word' id='word_1_867' title='bbox 2276 4080 2661 4155; x_wconf 82' lang='grc' dir='ltr'>Γενεσιουργὸς</span> <span class='ocrx_word' id='word_1_868' title='bbox 2703 4087 2746 4140; x_wconf 85' lang='lat'><em>6‘</em></span> <span class='ocrx_word' id='word_1_869' title='bbox 2789 4092 2936 4146; x_wconf 80' lang='grc' dir='ltr'>ἐστὶν</span> <span class='ocrx_word' id='word_1_870' title='bbox 2968 4094 2996 4147; x_wconf 85' lang='grc' dir='ltr'><strong>ὁ</strong></span> <span class='ocrx_word' id='word_1_871' title='bbox 3028 4095 3230 4160; x_wconf 75' lang='grc' dir='ltr'>ἔξωθέν</span> <span class='ocrx_word' id='word_1_872' title='bbox 3274 4116 3329 4152; x_wconf 87' lang='grc' dir='ltr'><strong>τι</strong></span> <span class='ocrx_word' id='word_1_873' title='bbox 3372 4103 3453 4163; x_wconf 80' lang='grc' dir='ltr'><strong>είς</strong></span> <span class='ocrx_word' id='word_1_874' title='bbox 3486 4079 3711 4169; x_wconf 63' lang='grc' dir='ltr'>γένεσιν</span> 
     </span>
    </p>
   </div>
   <div class='ocr_carea' id='block_1_101' title="bbox 2117 4169 3710 4265">
    <p class='ocr_par' dir='ltr' id='par_1_101' title="bbox 2117 4169 3710 4265">
     <span class='ocr_line' id='line_1_103' title="bbox 2117 4169 3710 4265; baseline 0.017 -41"><span class='ocrx_word' id='word_1_875' title='bbox 2117 4169 2286 4240; x_wconf 77' lang='grc' dir='ltr'>ἄγων·</span> <span class='ocrx_word' id='word_1_876' title='bbox 2324 4173 2505 4247; x_wconf 78' lang='grc' dir='ltr'>πατὴρ</span> <span class='ocrx_word' id='word_1_877' title='bbox 2528 4176 2586 4229; x_wconf 85' lang='grc' dir='ltr'><strong>δὲ</strong></span> <span class='ocrx_word' id='word_1_878' title='bbox 2614 4179 2644 4230; x_wconf 93' lang='lat'><strong>6</strong></span> <span class='ocrx_word' id='word_1_879' title='bbox 2676 4179 2735 4246; x_wconf 79' lang='grc' dir='ltr'>ἐξ</span> <span class='ocrx_word' id='word_1_880' title='bbox 2764 4183 2930 4237; x_wconf 81' lang='grc' dir='ltr'>αὑτοῦ</span> <span class='ocrx_word' id='word_1_881' title='bbox 2959 4188 3185 4254; x_wconf 85' lang='grc' dir='ltr'>γεννῶν.</span> <span class='ocrx_word' id='word_1_882' title='bbox 3231 4191 3621 4265; x_wconf 82' lang='grc' dir='ltr'>Γενεσιουργὸν</span> <span class='ocrx_word' id='word_1_883' title='bbox 3649 4197 3710 4251; x_wconf 78' lang='grc' dir='ltr'><strong>δὲ</strong></span> 
     </span>
    </p>
   </div>
   <div class='ocr_carea' id='block_1_102' title="bbox 2116 4262 3713 4353">
    <p class='ocr_par' dir='ltr' id='par_1_102' title="bbox 2116 4262 3713 4353">
     <span class='ocr_line' id='line_1_104' title="bbox 2116 4262 3713 4353; baseline 0.016 -38"><span class='ocrx_word' id='word_1_884' title='bbox 2116 4262 2332 4318; x_wconf 85' lang='grc' dir='ltr'>ἀκούων</span> <span class='ocrx_word' id='word_1_885' title='bbox 2355 4266 2447 4319; x_wconf 86' lang='grc' dir='ltr'><strong>τὸν</strong></span> <span class='ocrx_word' id='word_1_886' title='bbox 2475 4268 2628 4334; x_wconf 88' lang='grc' dir='ltr'>Θεὸν,</span> <span class='ocrx_word' id='word_1_887' title='bbox 2664 4270 2738 4343; x_wconf 85' lang='grc' dir='ltr'>μὴ</span> <span class='ocrx_word' id='word_1_888' title='bbox 2773 4274 2991 4329; x_wconf 87' lang='grc' dir='ltr'>ὑπονόει</span> <span class='ocrx_word' id='word_1_889' title='bbox 3029 4278 3199 4334; x_wconf 86' lang='grc' dir='ltr'>κόπον</span> <span class='ocrx_word' id='word_1_890' title='bbox 3226 4283 3321 4335; x_wconf 80' lang='grc' dir='ltr'>καὶ</span> <span class='ocrx_word' id='word_1_891' title='bbox 3351 4262 3573 4353; x_wconf 77' lang='grc' dir='ltr'>μόχθον·</span> <span class='ocrx_word' id='word_1_892' title='bbox 3610 4288 3713 4341; x_wconf 72' lang='grc' dir='ltr'><strong>καὶ</strong></span> 
     </span>
    </p>
   </div>
   <div class='ocr_carea' id='block_1_103' title="bbox 2118 4354 3710 4446">
    <p class='ocr_par' dir='ltr' id='par_1_103' title="bbox 2118 4354 3710 4446">
     <span class='ocr_line' id='line_1_105' title="bbox 2118 4354 3710 4446; baseline 0.016 -41"><span class='ocrx_word' id='word_1_893' title='bbox 2118 4354 2339 4427; x_wconf 83' lang='grc' dir='ltr'>Πατέρα</span> <span class='ocrx_word' id='word_1_894' title='bbox 2373 4357 2607 4428; x_wconf 74' lang='grc' dir='ltr'>ἀκούων,</span> <span class='ocrx_word' id='word_1_895' title='bbox 2652 4360 2726 4433; x_wconf 85' lang='grc' dir='ltr'><strong>μὴ</strong></span> <span class='ocrx_word' id='word_1_896' title='bbox 2772 4362 2923 4436; x_wconf 79' lang='grc' dir='ltr'>ζήτει</span> <span class='ocrx_word' id='word_1_897' title='bbox 2969 4367 3174 4439; x_wconf 82' lang='grc' dir='ltr'>ῥεῦσιν,</span> <span class='ocrx_word' id='word_1_898' title='bbox 3209 4369 3344 4424; x_wconf 83' lang='grc' dir='ltr'><strong>ἀλλά</strong></span> <span class='ocrx_word' id='word_1_899' title='bbox 3377 4372 3710 4446; x_wconf 80' lang='grc' dir='ltr'>θεοπρεπῶς</span> 
     </span>
    </p>
   </div>
   <div class='ocr_carea' id='block_1_104' title="bbox 2090 4440 3703 4540">
    <p class='ocr_par' dir='ltr' id='par_1_104' title="bbox 2090 4440 3703 4540">
     <span class='ocr_line' id='line_1_106' title="bbox 2090 4440 3703 4540; baseline 0.015 -44"><span class='ocrx_word' id='word_1_900' title='bbox 2090 4440 2093 4441; x_wconf 47' lang='grc'><strong><em>⁷</em></strong></span> <span class='ocrx_word' id='word_1_901' title='bbox 2121 4444 2250 4510; x_wconf 87' lang='grc' dir='ltr'>νόει,</span> <span class='ocrx_word' id='word_1_902' title='bbox 2299 4447 2388 4501; x_wconf 79' lang='grc' dir='ltr'><strong>ἵνα</strong></span> <span class='ocrx_word' id='word_1_903' title='bbox 2427 4448 2561 4513; x_wconf 86' lang='grc' dir='ltr'>Θεὸς</span> <span class='ocrx_word' id='word_1_904' title='bbox 2593 4452 2747 4525; x_wconf 79' lang='grc' dir='ltr'>γένῃ,</span> <span class='ocrx_word' id='word_1_905' title='bbox 2784 4456 2879 4509; x_wconf 80' lang='grc' dir='ltr'><strong>καὶ</strong></span> <span class='ocrx_word' id='word_1_906' title='bbox 2914 4457 2989 4529; x_wconf 84' lang='grc' dir='ltr'>μὴ</span> <span class='ocrx_word' id='word_1_907' title='bbox 3014 4457 3090 4522; x_wconf 83' lang='grc' dir='ltr'>ὡς</span> <span class='ocrx_word' id='word_1_908' title='bbox 3114 4461 3402 4532; x_wconf 80' lang='grc' dir='ltr'>ἄνθρωπος</span> <span class='ocrx_word' id='word_1_909' title='bbox 3428 4440 3703 4540; x_wconf 76' lang='grc' dir='ltr'>ἀποθάνῃ.</span> 
     </span>
    </p>
   </div>
   <div class='ocr_carea' id='block_1_105' title="bbox 2125 4536 3706 4620">
    <p class='ocr_par' dir='ltr' id='par_1_105' title="bbox 2125 4536 3706 4620">
     <span class='ocr_line' id='line_1_107' title="bbox 2125 4536 3706 4620; baseline 0.015 -32"><span class='ocrx_word' id='word_1_910' title='bbox 2125 4536 2312 4606; x_wconf 82' lang='grc' dir='ltr'>Ἀνόμ.</span> <span class='ocrx_word' id='word_1_911' title='bbox 2350 4539 2414 4591; x_wconf 82' lang='grc' dir='ltr'><strong>Εἰ</strong></span> <span class='ocrx_word' id='word_1_912' title='bbox 2449 4540 2523 4611; x_wconf 82' lang='grc' dir='ltr'>μὴ</span> <span class='ocrx_word' id='word_1_913' title='bbox 2559 4542 2620 4595; x_wconf 91' lang='grc' dir='ltr'><strong>τὸ</strong></span> <span class='ocrx_word' id='word_1_914' title='bbox 2645 4544 2939 4617; x_wconf 85' lang='grc' dir='ltr'>ἀγέννητον</span> <span class='ocrx_word' id='word_1_915' title='bbox 2966 4549 3066 4620; x_wconf 77' lang='grc' dir='ltr'><strong>τὴν</strong></span> <span class='ocrx_word' id='word_1_916' title='bbox 3106 4551 3400 4606; x_wconf 86' lang='grc' dir='ltr'>ὑπόστασιν</span> <span class='ocrx_word' id='word_1_917' title='bbox 3437 4555 3535 4608; x_wconf 84' lang='grc' dir='ltr'><strong>τοῦ</strong></span> <span class='ocrx_word' id='word_1_918' title='bbox 3559 4536 3706 4611; x_wconf 69' lang='grc' dir='ltr'>Θεοῦ</span> 
     </span>
    </p>
   </div>
   <div class='ocr_carea' id='block_1_106' title="bbox 2111 4630 3705 4719">
    <p class='ocr_par' dir='ltr' id='par_1_106' title="bbox 2111 4630 3705 4719">
     <span class='ocr_line' id='line_1_108' title="bbox 2111 4630 3705 4719; baseline 0.014 -37"><span class='ocrx_word' id='word_1_919' title='bbox 2111 4630 2461 4702; x_wconf 78' lang='grc' dir='ltr'>παρίστησιν,</span> <span class='ocrx_word' id='word_1_920' title='bbox 2509 4634 2624 4688; x_wconf 84' lang='grc' dir='ltr'>ἀλλ’</span> <span class='ocrx_word' id='word_1_921' title='bbox 2671 4637 2885 4693; x_wconf 87' lang='grc' dir='ltr'>ἐπίνοιά</span> <span class='ocrx_word' id='word_1_922' title='bbox 2927 4641 3074 4694; x_wconf 89' lang='grc' dir='ltr'>ἐστιν</span> <span class='ocrx_word' id='word_1_923' title='bbox 3110 4643 3428 4717; x_wconf 79' lang='grc' dir='ltr'>ἀνθρωπίνη</span> <span class='ocrx_word' id='word_1_924' title='bbox 3477 4646 3595 4719; x_wconf 82' lang='lat'><strong>(70,</strong></span> <span class='ocrx_word' id='word_1_925' title='bbox 3644 4651 3705 4703; x_wconf 79' lang='grc' dir='ltr'><strong>τὸ</strong></span> 
     </span>
    </p>
   </div>
   <div class='ocr_carea' id='block_1_107' title="bbox 2109 4718 3705 4802">
    <p class='ocr_par' dir='ltr' id='par_1_107' title="bbox 2109 4718 3705 4802">
     <span class='ocr_line' id='line_1_109' title="bbox 2109 4718 3705 4802; baseline 0.012 -31"><span class='ocrx_word' id='word_1_926' title='bbox 2109 4718 2440 4791; x_wconf 86' lang='grc' dir='ltr'>ἀσύγκριτον</span> <span class='ocrx_word' id='word_1_927' title='bbox 2464 4722 2657 4794; x_wconf 78' lang='grc' dir='ltr'>ὄνομα,</span> <span class='ocrx_word' id='word_1_928' title='bbox 2682 4726 2841 4797; x_wconf 80' lang='grc' dir='ltr'>χάριν</span> <span class='ocrx_word' id='word_1_929' title='bbox 2870 4731 2981 4793; x_wconf 82' lang='grc' dir='ltr'>τοῖς</span> <span class='ocrx_word' id='word_1_930' title='bbox 3016 4731 3339 4802; x_wconf 83' lang='grc' dir='ltr'>ἐπινοήσασι</span> <span class='ocrx_word' id='word_1_931' title='bbox 3377 4718 3642 4802; x_wconf 80' lang='grc' dir='ltr'>γινώσκει</span> <span class='ocrx_word' id='word_1_932' title='bbox 3674 4739 3705 4791; x_wconf 91' lang='lat'><strong>6</strong></span> 
     </span>
    </p>
   </div>
   <div class='ocr_carea' id='block_1_108' title="bbox 2109 4809 3705 4897">
    <p class='ocr_par' dir='ltr' id='par_1_108' title="bbox 2109 4809 3705 4897">
     <span class='ocr_line' id='line_1_110' title="bbox 2109 4809 3705 4897; baseline 0.011 -34"><span class='ocrx_word' id='word_1_933' title='bbox 2109 4809 2262 4876; x_wconf 88' lang='grc' dir='ltr'>Θεὸς,</span> <span class='ocrx_word' id='word_1_934' title='bbox 2296 4812 2383 4867; x_wconf 83' lang='grc' dir='ltr'><strong>διὰ</strong></span> <span class='ocrx_word' id='word_1_935' title='bbox 2404 4813 2464 4866; x_wconf 87' lang='grc' dir='ltr'><strong>τὸ</strong></span> <span class='ocrx_word' id='word_1_936' title='bbox 2488 4814 2800 4888; x_wconf 83' lang='grc' dir='ltr'>ἀγέννητον,</span> <span class='ocrx_word' id='word_1_937' title='bbox 2819 4819 2918 4891; x_wconf 78' lang='grc' dir='ltr'>τὴν</span> <span class='ocrx_word' id='word_1_938' title='bbox 2935 4821 3209 4893; x_wconf 84' lang='grc' dir='ltr'>ὑπεροχὴν</span> <span class='ocrx_word' id='word_1_939' title='bbox 3222 4822 3319 4876; x_wconf 87' lang='grc' dir='ltr'><strong>τοῦ</strong></span> <span class='ocrx_word' id='word_1_940' title='bbox 3346 4824 3618 4897; x_wconf 84' lang='grc' dir='ltr'>ὀνόματος</span> <span class='ocrx_word' id='word_1_941' title='bbox 3638 4829 3705 4882; x_wconf 80' lang='grc' dir='ltr'><strong>οὑ</strong></span> 
     </span>
    </p>
   </div>
   <div class='ocr_carea' id='block_1_109' title="bbox 2110 4903 3702 4986">
    <p class='ocr_par' dir='ltr' id='par_1_109' title="bbox 2110 4903 3702 4986">
     <span class='ocr_line' id='line_1_111' title="bbox 2110 4903 3702 4986; baseline 0.009 -30"><span class='ocrx_word' id='word_1_942' title='bbox 2110 4903 2292 4974; x_wconf 85' lang='grc' dir='ltr'>φέρων</span> <span class='ocrx_word' id='word_1_943' title='bbox 2317 4907 2374 4959; x_wconf 90' lang='grc' dir='ltr'><strong>ἐν</strong></span> <span class='ocrx_word' id='word_1_944' title='bbox 2404 4907 2580 4979; x_wconf 80' lang='grc' dir='ltr'>οὐσίᾳ.</span> <span class='ocrx_word' id='word_1_945' title='bbox 2619 4909 2761 4978; x_wconf 85' lang='grc' dir='ltr'>Ὀρθ.</span> <span class='ocrx_word' id='word_1_946' title='bbox 2793 4913 2857 4965; x_wconf 79' lang='lat' dir='ltr'><strong>El</strong></span> <span class='ocrx_word' id='word_1_947' title='bbox 2879 4913 2940 4966; x_wconf 87' lang='grc' dir='ltr'><strong>τὸ</strong></span> <span class='ocrx_word' id='word_1_948' title='bbox 2958 4913 3252 4986; x_wconf 79' lang='grc' dir='ltr'>ἀγέννητον</span> <span class='ocrx_word' id='word_1_949' title='bbox 3274 4915 3373 4985; x_wconf 78' lang='grc' dir='ltr'>τὴν</span> <span class='ocrx_word' id='word_1_950' title='bbox 3395 4916 3702 4971; x_wconf 84' lang='grc' dir='ltr'>ὑπόστασιν</span> 
     </span>
    </p>
   </div>
   <div class='ocr_carea' id='block_1_110' title="bbox 2107 4992 3703 5077">
    <p class='ocr_par' dir='ltr' id='par_1_110' title="bbox 2107 4992 3703 5077">
     <span class='ocr_line' id='line_1_112' title="bbox 2107 4992 3703 5077; baseline 0.01 -32"><span class='ocrx_word' id='word_1_951' title='bbox 2107 4992 2201 5046; x_wconf 86' lang='grc' dir='ltr'><strong>τοῦ</strong></span> <span class='ocrx_word' id='word_1_952' title='bbox 2235 4994 2369 5048; x_wconf 84' lang='grc' dir='ltr'>Θεοῦ</span> <span class='ocrx_word' id='word_1_953' title='bbox 2417 4998 2735 5070; x_wconf 68' lang='grc' dir='ltr'>παρίστησι,</span> <span class='ocrx_word' id='word_1_954' title='bbox 2777 5003 2872 5055; x_wconf 75' lang='grc' dir='ltr'><strong>καὶ</strong></span> <span class='ocrx_word' id='word_1_955' title='bbox 2908 5002 3067 5055; x_wconf 86' lang='grc' dir='ltr'>τοῦτό</span> <span class='ocrx_word' id='word_1_956' title='bbox 3106 5005 3223 5055; x_wconf 86' lang='grc' dir='ltr'>ἐστι</span> <span class='ocrx_word' id='word_1_957' title='bbox 3261 5004 3324 5057; x_wconf 81' lang='grc' dir='ltr'><strong>τὸ</strong></span> <span class='ocrx_word' id='word_1_958' title='bbox 3362 5005 3703 5077; x_wconf 78' lang='grc' dir='ltr'>ἀσύγκριτον</span> 
     </span>
    </p>
   </div>
   <div class='ocr_carea' id='block_1_111' title="bbox 2108 5083 3700 5168">
    <p class='ocr_par' dir='ltr' id='par_1_111' title="bbox 2108 5083 3700 5168">
     <span class='ocr_line' id='line_1_113' title="bbox 2108 5083 3700 5168; baseline 0.01 -32"><span class='ocrx_word' id='word_1_959' title='bbox 2108 5083 2202 5137; x_wconf 87' lang='grc' dir='ltr'><strong>τοῦ</strong></span> <span class='ocrx_word' id='word_1_960' title='bbox 2245 5084 2380 5140; x_wconf 90' lang='grc' dir='ltr'>Θεοῦ</span> <span class='ocrx_word' id='word_1_961' title='bbox 2423 5087 2613 5161; x_wconf 76' lang='grc' dir='ltr'>ὄνομα·</span> <span class='ocrx_word' id='word_1_962' title='bbox 2656 5091 2778 5157; x_wconf 84' lang='grc' dir='ltr'><strong>πῶς</strong></span> <span class='ocrx_word' id='word_1_963' title='bbox 2818 5094 2918 5147; x_wconf 85' lang='grc' dir='ltr'>οὐκ</span> <span class='ocrx_word' id='word_1_964' title='bbox 2961 5093 3209 5159; x_wconf 76' lang='grc' dir='ltr'>ἐδίδαξαν</span> <span class='ocrx_word' id='word_1_965' title='bbox 3256 5098 3407 5168; x_wconf 75' lang='grc' dir='ltr'>ἡμᾶς</span> <span class='ocrx_word' id='word_1_966' title='bbox 3448 5097 3609 5152; x_wconf 87' lang='grc' dir='ltr'>τοῦτο</span> <span class='ocrx_word' id='word_1_967' title='bbox 3642 5103 3700 5153; x_wconf 72' lang='grc' dir='ltr'><strong>αι</strong></span> 
     </span>
    </p>
   </div>
   <div class='ocr_carea' id='block_1_112' title="bbox 2109 5175 3697 5262">
    <p class='ocr_par' dir='ltr' id='par_1_112' title="bbox 2109 5175 3697 5262">
     <span class='ocr_line' id='line_1_114' title="bbox 2109 5175 3697 5262; baseline 0.012 -34"><span class='ocrx_word' id='word_1_968' title='bbox 2109 5175 2250 5231; x_wconf 86' lang='grc' dir='ltr'>Θεῖαι</span> <span class='ocrx_word' id='word_1_969' title='bbox 2292 5179 2505 5251; x_wconf 84' lang='grc' dir='ltr'>Γραφαί</span> <span class='ocrx_word' id='word_1_970' title='bbox 2527 5198 2542 5248; x_wconf 89' lang='grc'><strong>;</strong></span> <span class='ocrx_word' id='word_1_971' title='bbox 2590 5183 2728 5237; x_wconf 83' lang='grc' dir='ltr'>Ἀλλ’</span> <span class='ocrx_word' id='word_1_972' title='bbox 2770 5185 2978 5257; x_wconf 81' lang='grc' dir='ltr'>ἐσφάλη</span> <span class='ocrx_word' id='word_1_973' title='bbox 3020 5186 3230 5252; x_wconf 84' lang='grc' dir='ltr'>Παῦλος</span> <span class='ocrx_word' id='word_1_974' title='bbox 3266 5188 3331 5241; x_wconf 89' lang='grc' dir='ltr'><strong>τὸ</strong></span> <span class='ocrx_word' id='word_1_975' title='bbox 3371 5188 3566 5253; x_wconf 88' lang='grc' dir='ltr'>σκεῦος</span> <span class='ocrx_word' id='word_1_976' title='bbox 3595 5191 3697 5262; x_wconf 80' lang='grc' dir='ltr'>τῆς</span> 
     </span>
    </p>
   </div>
   <div class='ocr_carea' id='block_1_113' title="bbox 2107 5270 3693 5356">
    <p class='ocr_par' dir='ltr' id='par_1_113' title="bbox 2107 5270 3693 5356">
     <span class='ocr_line' id='line_1_115' title="bbox 2107 5270 3693 5356; baseline 0.009 -33"><span class='ocrx_word' id='word_1_977' title='bbox 2107 5270 2361 5341; x_wconf 84' lang='grc' dir='ltr'>ἐκλογῆς,</span> <span class='ocrx_word' id='word_1_978' title='bbox 2398 5275 2458 5327; x_wconf 88' lang='grc' dir='ltr'><strong>τὸ</strong></span> <span class='ocrx_word' id='word_1_979' title='bbox 2478 5275 2753 5349; x_wconf 83' lang='grc' dir='ltr'>ἄφθαρτον</span> <span class='ocrx_word' id='word_1_980' title='bbox 2779 5281 2874 5333; x_wconf 81' lang='grc' dir='ltr'><strong>καὶ</strong></span> <span class='ocrx_word' id='word_1_981' title='bbox 2894 5281 3126 5351; x_wconf 81' lang='grc' dir='ltr'>ἀόρατον</span> <span class='ocrx_word' id='word_1_982' title='bbox 3155 5281 3307 5353; x_wconf 84' lang='grc' dir='ltr'>αὑτῷ</span> <span class='ocrx_word' id='word_1_983' title='bbox 3340 5284 3486 5355; x_wconf 80' lang='grc' dir='ltr'>μόνῳ</span> <span class='ocrx_word' id='word_1_984' title='bbox 3517 5300 3693 5356; x_wconf 74' lang='grc' dir='ltr'>προσ-</span> 
     </span>
    </p>
   </div>
   <div class='ocr_carea' id='block_1_114' title="bbox 2108 5364 3699 5451">
    <p class='ocr_par' dir='ltr' id='par_1_114' title="bbox 2108 5364 3699 5451">
     <span class='ocr_line' id='line_1_116' title="bbox 2108 5364 3699 5451; baseline 0.009 -37"><span class='ocrx_word' id='word_1_985' title='bbox 2108 5364 2243 5417; x_wconf 83' lang='grc' dir='ltr'>εῖναι</span> <span class='ocrx_word' id='word_1_986' title='bbox 2277 5364 2514 5434; x_wconf 80' lang='grc' dir='ltr'>διδάξας,</span> <span class='ocrx_word' id='word_1_987' title='bbox 2549 5370 2645 5424; x_wconf 73' lang='grc' dir='ltr'><strong>καὶ</strong></span> <span class='ocrx_word' id='word_1_988' title='bbox 2679 5370 2754 5440; x_wconf 87' lang='grc' dir='ltr'>μὴ</span> <span class='ocrx_word' id='word_1_989' title='bbox 2797 5370 2859 5423; x_wconf 83' lang='grc' dir='ltr'><strong>τὸ</strong></span> <span class='ocrx_word' id='word_1_990' title='bbox 2892 5372 3208 5451; x_wconf 73' lang='grc' dir='ltr'>ἀγέννητον.</span> <span class='ocrx_word' id='word_1_991' title='bbox 3260 5372 3482 5445; x_wconf 84' lang='grc' dir='ltr'>Ἐπειδῆ</span> <span class='ocrx_word' id='word_1_992' title='bbox 3526 5374 3584 5429; x_wconf 76' lang='grc' dir='ltr'><strong>δέ</strong></span> <span class='ocrx_word' id='word_1_993' title='bbox 3627 5376 3699 5429; x_wconf 75' lang='grc' dir='ltr'><strong>σὺ</strong></span> 
     </span>
    </p>
   </div>
   <div class='ocr_carea' id='block_1_115' title="bbox 2175 5670 3064 5749">
    <p class='ocr_par' dir='ltr' id='par_1_115' title="bbox 2175 5670 3064 5749">
     <span class='ocr_line' id='line_1_117' title="bbox 2175 5670 3064 5749; baseline 0.007 -23"><span class='ocrx_word' id='word_1_994' title='bbox 2175 5671 2287 5745; x_wconf 79' lang='lat'><strong>(70)</strong></span> <span class='ocrx_word' id='word_1_995' title='bbox 2326 5670 2610 5733; x_wconf 79' lang='lat' dir='ltr'><strong>Palatinus</strong></span> <span class='ocrx_word' id='word_1_996' title='bbox 2652 5675 2702 5743; x_wconf 84' lang='lat' dir='ltr'><strong>l,</strong></span> <span class='ocrx_word' id='word_1_997' title='bbox 2735 5674 3064 5749; x_wconf 75' lang='grc' dir='ltr'>ἀνθρώποις.</span> 
     </span>
    </p>
   </div>
  </div>
