3862 6204
142 292 172 346 1
194 293 299 348 185
1150 295 1238 350 DE
1281 294 1552 350 SANCTA
1589 294 1727 350 TRII

1840 295 1966 350 ATE
2000 293 2354 350 DIALOGUS
2383 293 2449 347 11.
2881 303 2890 310 “
3291 294 3435 350 ιιεδ

143 401 466 473 σοφώτερος
495 402 672 468 Θέλεις
694 402 832 458 εἶναι
856 405 966 460 τῶν
992 406 1152 460 θείων
1174 406 1428 477 Γραφῶν,
1453 407 1573 460 εἰπὲ
1598 407 1645 460 εί
1670 408 1727 478 μὶ

1851 407 2025 461 stasin
2057 413 2432 476 repraesentat,
2453 416 2507 460 et
2535 404 2592 458 in
2620 418 2688 459 eo
2717 404 2974 458 consistit
3003 405 3436 475 incomparabilo

139 496 210 548 τὸ
240 495 518 567 ἄφθαρτον
548 497 642 550 καὶ
669 497 730 550 τὸ
759 499 990 570 ἀόρατον
1023 500 1118 554 καὶ
1148 499 1212 551 τὸ
1237 499 1465 568 ἀψευδὲς
1490 498 1587 570 τὴν
1612 499 1727 552 ὑπό·

1853 496 1988 550 illud
2044 495 2138 550 Dei
2169 509 2392 559 nomen,
2424 493 2702 564 quomodo
2733 493 2787 547 id
2832 509 2935 548 nos
2969 508 3080 547 non
3129 494 3435 549 docuerunt

143 605 345 642 στασιν
386 589 478 642 τοῦ
517 590 652 643 Θεοῦ
692 593 1043 663 παρίστησιν·
1077 595 1126 646 εί
1155 593 1266 664 γὰρ
1293 593 1355 645 οὐ
1391 593 1742 664 παρίστησιν,

137 680 362 750 ἐσφάλη
380 680 636 752 εἰρηκώς·
688 701 708 734 ‹
765 682 1072 754 Ἀφθὰρτῳ,
1100 683 1338 753 ἀοράτῳ,
1392 682 1538 753 μόνῳ
1595 682 1746 753 σοφῷ

137 773 326 844 Θεῷ.»
358 778 419 828 Et
449 779 558 849 γὰρ
585 779 686 832 οὐκ
704 778 849 832 ἐστιν
877 781 934 833 ὲν
967 781 1150 843 αὐτοῖς
1172 779 1234 832 τὸ
1265 777 1614 848 ἀσύγκριτον,
1645 776 1745 828 οὐκ

138 863 268 918 ἔστι
303 867 463 936 μόνος
487 867 760 940 ἄφθαρτος
785 872 879 924 καὶ
907 871 1158 940 ἀόρατος·
1183 872 1231 924 εί
1272 869 1330 922 δὲ
1361 869 1521 940 μόνος
1541 869 1654 938 ἕχει
1683 867 1746 920 τὸ

137 958 428 1031 ἄφθαρτον
459 963 553 1014 καὶ
582 963 644 1015 τὸ
675 963 927 1033 ἀόρατον,
963 965 1022 1018 ὲν
1046 963 1257 1026 τούτοις
1288 963 1351 1015 τὸ
1388 961 1741 1031 ἀσύγκριτον,

139 1054 246 1104 καὶ
275 1053 376 1105 οὐκ
402 1053 461 1105 ἐν
492 1056 558 1123 τῇ
592 1056 658 1125 σῇ
685 1055 918 1126 ἐπινοίᾳ.

1851 587 2050 643 divinae
2079 587 2336 643 Litterae?
2367 586 2508 653 Quin
2541 594 2595 640 et
2628 585 2831 639 Paulus
2852 585 2990 640 illud
3024 587 3308 642 electionis
3339 602 3436 642 vas

1851 682 2041 751 lapsus
2100 691 2204 745 est,
2256 695 2381 735 cum
2415 679 2602 734 docuit
2647 686 2958 748 competere
3003 679 3124 748 ipso
3173 681 3275 735 soli
3311 695 3436 735 esse
3491 701 3494 704 ’

1854 776 2327 845 incorruptibilem
2351 783 2406 829 et
2439 774 2802 839 invisibilem,
2834 789 2943 828 non
2979 789 3109 828 vero
3135 789 3244 827 non
3281 775 3436 844 geni-

1852 875 1988 922 tum.
2031 867 2136 920 Sed
2161 865 2380 936 quando
2411 873 2469 919 tu
2505 865 2588 920 vis
2615 865 2914 934 sapientior
2945 879 3068 919 esse
3105 863 3306 918 divinis
3334 863 3431 917 Liv

1850 959 2004 1025 teris,
2026 959 2135 1024 dic,
2157 974 2365 1028 quaeso,
2382 959 2536 1022 mihi,
2560 974 2628 1012 an
2646 974 2752 1012 non
2780 959 3273 1027 incorruptibilem,
3293 957 3436 1010 invi~

1849 1051 2063 1107 sibilent
2098 1060 2151 1104 et
2207 1051 2480 1104 mendacii
2525 1059 2804 1120 expertem
2836 1066 2960 1105 esse
2996 1049 3218 1104 denotet
3259 1050 3434 1118 ipsam

137 1143 243 1197 Dei
267 1144 586 1214 hypostasin
618 1147 697 1201 :si
726 1147 869 1202 enim
900 1163 1011 1204 non
1037 1147 1320 1211 denotant,
1348 1147 1536 1218 lapsus
1556 1155 1642 1202 est
1671 1160 1798 1199 cum
1831 1145 2036 1201 diceret
2069 1164 2081 1200 :
2127 1162 2144 1194 ι
2191 1141 2304 1197 Soli
2337 1144 2762 1213 incorruptibili,
2818 1143 3079 1198 invisibili
3112 1152 3167 1232 (δέ
3199 1143 3434 1212 sapienti

139 1237 263 1293 Deo
291 1239 378 1292 ⁶⁶·.
427 1237 586 1295 »Νἰεί
615 1243 759 1295 enim
795 1241 948 1298 hisce
985 1243 1485 1313 comprehendatur
1522 1242 1974 1312 incomparabilis
2001 1241 2091 1295 illa
2123 1241 2472 1311 praestantia,
2498 1255 2610 1294 non
2639 1240 2744 1293 erit
2778 1239 2931 1294 solus
2965 1239 3056 1294 ille
3093 1238 3432 1310 incorrupti-

138 1333 277 1388 bilis
324 1341 486 1404 atque
509 1333 801 1392 invisibilis
839 1355 852 1390 :
884 1336 972 1392 sin
1001 1352 1132 1391 vero
1167 1337 1270 1393 soli
1297 1337 1346 1393 ei
1378 1337 1642 1407 competit
1698 1336 2197 1406 incorruptibilitas
2225 1347 2280 1392 et
2326 1337 2701 1400 invisibilitas,
2736 1335 3240 1407 comprehendetur
3266 1339 3431 1393 etiam

141 1429 202 1482 in
230 1429 319 1482 his
343 1428 434 1483 illa
457 1430 902 1499 incomparabilis
930 1432 1273 1502 praestantia,
1297 1439 1350 1487 et
1370 1448 1482 1486 non
1503 1431 1558 1486 in
1589 1440 1684 1485 tuo
1705 1439 2042 1486 commento.

219 1519 311 1573 18.
369 1519 556 1588 Ἇνόμ.
618 1520 681 1572 El
728 1519 926 1586 ἔξωθεν
969 1520 1350 1593 ὲπιθεωρείται
1397 1521 1477 1592 τῷ
1518 1520 1638 1592 Θεῷ
1680 1521 1742 1574 τὸ

138 1609 464 1682 ἀγέννητον,
507 1611 559 1662 οἱ
607 1609 1082 1683 ὲπιθεωρήσαντες
1127 1612 1222 1665 τοῦ
1275 1611 1741 1684 ὲπιθεωρηθέντος

1922 1521 2008 1576 18.
2040 1522 2233 1577 Anam.
2269 1520 2327 1576 Si
2385 1521 2734 1576 extrinsecus
2793 1523 2850 1575 in
2899 1520 3010 1576 Deo
3048 1522 3433 1579 consideratur

1846 1626 2046 1666 nomen
2071 1625 2180 1664 non
2207 1610 2399 1681 geniti,
2434 1612 2530 1681 qui
2558 1610 2872 1680 cogitarunt
2903 1612 3146 1680 potiones
3181 1607 3432 1668 erunt'eo

140 1703 287 1754 είσὶν
318 1701 595 1772 ἀμείνους,
625 1706 872 1774 κρεῖττον
898 1704 1069 1774 ὄνομα
1098 1707 1198 1775 τῆς
1219 1704 1436 1776 φύσεως
1467 1705 1618 1777 αὐτῷ
1645 1723 1727 1759 πο-

1845 1704 1936 1758 cui
1977 1703 2300 1758 attributum
2345 1711 2449 1768 est,
2483 1711 2673 1774 utpote
2700 1704 2793 1773 qui
2825 1717 3028 1757 nomen
3057 1711 3253 1757 natura
3285 1720 3428 1775 prae-

144 1794 460 1864 ρισὰμενοι.
511 1793 658 1861 Ὀρθ.
700 1795 791 1866 Μὴ
823 1795 958 1866 ὑψοῦ
987 1795 1062 1859 ὡς
1090 1797 1341 1868 εὑρηκὼς
1371 1798 1433 1851 τὸ
1467 1797 1562 1852 τοῦ
1598 1789 1764 1852 Θεοῦ’

139 1885 343 1955 ὄνομα,
372 1885 580 1956 μήποτε
607 1886 867 1959 ἀκούσῃς·
903 1906 922 1939 ι
956 1889 1066 1966 Καὶ
1088 1891 1175 1958 σὺ,
1211 1892 1606 1964 Καπερναοὺμ,
1639 1892 1734 1948 saw

139 1977 254 2042 ἓως
285 1979 380 2032 τοῦ
420 1979 650 2050 οὐρανοῦ
685 1980 938 2054 ὐψωθῇς,
975 1983 1089 2037 ἀλλ’
1120 1984 1226 2048 ἕως
1265 1984 1392 2056 ᾆδου
1437 1987 1736 2041 καταϐιϐα-

143 2072 347 2143 σθήσῃ.
376 2092 394 2124 ι
427 2073 550 2124 Ὀτι
568 2073 624 2126 δὲ
650 2074 793 2145 ὑπὲρ
823 2075 1026 2147 ταύτην
1049 2075 1464 2148 ὑψηλοφρονεῖς,
1487 2078 1734 2133 ἐντεῦθεν

140 2160 328 2233 δῆλον,
377 2164 442 2215 ὲκ
478 2162 573 2215 τοῦ
605 2165 706 2235 τὴν
748 2164 846 2235 μὲν
891 2165 1250 2220 θεόπνευστον
1295 2169 1515 2242 Γραφὴν
1556 2170 1735 2240 λέγειν

141 2255 424 2324 εἰρηκέναι
445 2255 534 2307 τὸν
551 2254 702 2308 Θεόν·
733 2275 752 2307 ι
777 2256 1006 2328 Ὠφθην,
1038 2277 1056 2310 ι
1087 2260 1238 2330 φησὶ,
1261 2276 1280 2310 ι
1300 2261 1435 2331 πρὸς
1461 2261 1732 2334 Ἀϐραὰμ,

141 2345 241 2396 καὶ
280 2345 485 2409 Ἰσαὰκ,
519 2347 614 2400 καὶ
655 2347 873 2412 Ἰακὼϐ,
909 2349 1042 2413 Θεὸς
1073 2349 1148 2404 ὣν
1178 2352 1378 2416 αὐτῶν,
1410 2354 1504 2407 καὶ
1533 2355 1594 2407 τὸ
1620 2355 1736 2409 ὄνο-

145 2436 230 2505 μά
255 2453 356 2507 μου
387 2440 486 2492 οὐκ
511 2439 758 2510 ἐδήλωσα
783 2441 984 2504 αὐτοῖς·
1019 2461 1038 2493 ι
1075 2444 1138 2496 σὺ
1159 2443 1214 2496 δὲ
1238 2443 1414 2513 λέγεις
1440 2447 1734 2518 εὑρηκέναι

141 2531 301 2584 αὐτό.
333 2531 456 2584 Ὅτι
477 2532 535 2585 δὲ
559 2531 620 2584 τὸ
645 2533 942 2604 ἀγέννητον
968 2535 1069 2588 οὐκ
1092 2535 1238 2589 ἐστιν
1263 2537 1435 2608 ὄνομα
1457 2539 1549 2592 τοῦ
1575 2541 1731 2602 Θεοῦ,

141 2621 302 2692 δῆλόν
324 2625 470 2677 ὲστιν
502 2625 566 2677 ὲκ
595 2624 689 2678 τοῦ
721 2625 898 2695 λέγειν
926 2626 1017 2680 τὸν
1038 2628 1243 2700 Κύριον
1263 2645 1278 2660 ·
1312 2648 1330 2680 ι
1372 2632 1736 2702 Πορευθέντες

146 2714 530 2786 μαθητεύσατε
556 2717 735 2771 πάντα
759 2718 827 2772 τὰ
852 2718 1000 2790 ἔθνη,
1039 2719 1391 2791 βαπτίζοντες
1424 2725 1623 2788 αὐτοὺς
1655 2727 1735 2789 εἰς

140 2806 207 2858 τὸ
231 2807 402 2878 δνομα
430 2807 523 2861 τοῦ
553 2809 788 2880 Πατρὸς,
836 2811 932 2864 καὶ
971 2810 1064 2863 τοῦ
1097 2811 1248 2879 Υἰοῦ,
1301 2814 1396 2867 καὶ
1439 2813 1534 2867 τοῦ
1579 2816 1732 2884 ἁγίου

143 2895 481 2968 Πνεύματος.
497 2917 516 2949 ι
539 2900 603 2951 ‘0
621 2899 728 2971 γάρ
750 2899 842 2952 ὲάν
862 2899 1024 2972 εἴπῃς
1039 2901 1206 2974 ὄνομα
1226 2902 1320 2956 τοῦ
1339 2905 1552 2977 Πατρὸς
1573 2902 1731 2973 εἶναι,

143 2987 308 3041 τοῦτο
328 2987 534 3041 καὶτοῦ
560 2987 712 3054 Υἱοῦ,
737 2990 833 3043 καὶ
849 2990 944 3044 τοῦ
967 2991 1123 3059 ἁγίου
1154 2992 1472 3066 Πνεύματος
1502 2997 1734 3065 ἀναγκα-

147 3079 326 3155 σθήσῃ
365 3079 568 3134 δοῦναι·
606 3083 656 3134 εἰ
689 3081 800 3154 γὰρ
829 3081 955 3136 ἄλλο
981 3082 1076 3135 τοῦ
1113 3084 1346 3156 Πατρὸς,
1371 3086 1466 3140 καὶ
1486 3085 1616 3140 ἄλλο
1637 3087 1731 3142 τοῦ
1759 3120 1805 3182 C

145 3175 302 3241 Υἱοῦ,
321 3177 415 3230 καὶ
442 3176 570 3230 ἄλλο
594 3175 690 3230 τοῦ
717 3177 873 3247 ἁγίου
895 3170 1246 3248 Πνεύματος·
1273 3174 1430 3251 εὗρες
1457 3180 1514 3232 δὲ
1545 3179 1608 3232 τὸ
1635 3179 1729 3233 τοῦ

144 3267 381 3338 Πατρδς,
420 3265 497 3331 ὼς
528 3269 677 3338 ὲνόμι
687 3283 802 3332 σας·
824 3267 944 3320 εἰπὲ
962 3267 1056 3320 κει)⁵
1070 3266 1238 3321 τὸτοῦ
1265 3266 1419 3320 Υἱοῦ·
1449 3266 1552 3321 κᾶν
1571 3267 1734 3340 εἴπῃς

142 3356 238 3409 τοῦ
267 3355 420 3422 Υἱοῦ,
444 3357 566 3410 εἰπὲ
591 3357 687 3412 καὶ
715 3357 776 3410 τὸ
799 3357 896 3410 τοῦ
927 3359 1086 3427 ἁγίου
1120 3357 1260 3411 Πνεύ
1269 3375 1458 3429 ματος,
1496 3358 1583 3412 ἶνα
1609 3359 1732 3412 τότε

143 3450 408 3521 ἀκούσῃς,
441 3452 665 3520 φάσκων
687 3447 826 3506 εἶναι
854 3451 1015 3520 σοφὸς
1038 3451 1382 3523 ὲμωρὰνθης.
1417 3452 1482 3504 Ὃ
1504 3452 1612 3524 γὰρ
1632 3454 1734 3507 οὐκ

143 3537 300 3594 εἴπεν
336 3543 370 3613 ἡ
407 3543 595 3615 Γραφὴ
625 3543 724 3614 οὐχ
748 3543 1021 3615 εὑρήσεις.
1054 3544 1118 3596 Et
1143 3543 1200 3596 δὲ
1228 3541 1468 3614 νομίζεις
1492 3544 1586 3597 τοῦ
1617 3545 1731 3598 Πα-

141 3633 273 3706 τρὸς
303 3631 529 3688 εἶναιτὸ
555 3635 872 3706 ἀγέννητον,
911 3637 1007 3689 καὶ
1047 3635 1140 3688 τοῦ
1174 3636 1304 3689 Υίοῦ
1345 3637 1406 3689 τὸ
1451 3638 1728 3708 γεννητὸν,

144 3729 299 3780 ποῖον
325 3727 433 3798 ἄρα
459 3726 664 3780 τούτων
696 3715 774 3799 τῷ
813 3726 1090 3798 Πνεύματι
1123 3727 1232 3801 (71)
1270 3727 1495 3794 adicere;
1537 3730 1726 3798 Ἀνόμ.

142 3820 210 3872 El
232 3821 327 3872 καὶ
351 3821 411 3872 τὸ
435 3820 678 3891 γέννημα
706 3820 972 3891 ἅτρεπτόν
1003 3823 1120 3873 ἐστι
1151 3819 1248 3890 τὴν
1279 3821 1460 3890 φύσιν,
1491 3821 1624 3874 ἀλλὰ
1643 3821 1730 3875 διὰ

143 3912 238 3964 τὸν
274 3914 642 3982 γεννήσαντα·
678 3912 740 3964 τὸ
765 3913 823 3964 δὲ
850 3912 1144 3984 ἀγέννητον
1186 3914 1344 3966 οὐσία
1372 3914 1538 3976 ἐστὶν,
1571 3903 1732 3984 ἄτρε-

146 4022 278 4068 πτος
304 4004 365 4076 δὴ
390 4003 501 4075 (72)
529 4004 618 4058 διά
645 4006 744 4077 τὴν
767 4005 1014 4077 γνώμην,
1044 4005 1156 4060 ἀλλ’
1185 4006 1246 4058 οὐ
1282 4005 1370 4058 διά
1401 4007 1462 4058 τὸ
1489 4007 1546 4057 ὲν
1573 4006 1731 4077 οὐσίᾳ

141 4098 377 4167 ἀξίωμα.
417 4099 561 4165 Ὀρθ.
586 4097 695 4149 Καὶ
724 4098 773 4148 εί
807 4099 881 4168 μή
905 4099 1051 4149 ἐστιν
1071 4097 1258 4160 οὐσίας
1281 4095 1552 4167 ἀξιώματι
1569 4097 1730 4167 ἄτρε-

144 4207 278 4252 πτος
308 4191 336 4241 ὁ
364 4189 457 4242 τοῦ
489 4189 624 4242 Θεοῦ
657 4189 806 4254 Υἱὸς,
837 4190 943 4243 τίνι
971 4190 1217 4261 διαφέρει
1247 4189 1353 4243 τῶν
1375 4189 1549 4244 ἄλλων
1576 4191 1728 4259 λογι⁴

144 4283 257 4336 κῶν
283 4281 584 4354 δυνάμεων,
613 4283 710 4335 καὶ
735 4282 916 4337 αὐτῶν
943 4283 1181 4354 ἐχουσῶν
1207 4283 1268 4336 τὸ
1291 4283 1556 4354 ἄτρεπτον
1581 4285 1637 4337 ἐν
1660 4287 1726 4356 τῇ

144 4375 338 4447 γνώμῃ
373 4375 468 4428 τοῦ
501 4377 821 4441 κτίσαντος;
849 4375 964 4438 πῶς
997 4375 1054 4428 δὲ
1079 4375 1172 4428 καὶ
1206 4374 1423 4439 ἀκούεις
1455 4376 1618 4429 αὐτοῦ
1644 4376 1729 4429 λέ-

1843 1797 2080 1851 stantius
2100 1795 2150 1849 ei
2181 1794 2556 1849 attribuerint.
2587 1793 2742 1849 Ort/t.
2765 1793 2888 1848 Noli
2914 1795 3220 1850 insolenter
3244 1798 3430 1851 exsul-

1841 1897 1958 1943 tare
1989 1889 2144 1960 quasi
2181 1888 2581 1959 excogitaveris
2624 1887 2720 1942 Dei
2767 1903 2990 1952 nomen,
3041 1905 3111 1944 ne
3156 1889 3296 1944 forte
3330 1906 3430 1943 au-

1841 1978 2000 2034 dias:
2039 1999 2056 2030 ι
2099 1977 2165 2032 Ει
2207 1987 2264 2032 ιιι
2294 1978 2674 2049 Capernaum,
2705 1997 2828 2051 qua:
2878 1997 3056 2052 usque
3107 1982 3176 2036 ad
3227 1984 3427 2036 coalum

1841 2072 2077 2126 exaltala
2110 2086 2190 2134 es,
2227 2088 2399 2141 usque
2430 2071 2497 2125 ad
2533 2072 3084 2143 inferosdcprimeris
3117 2074 3183 2126 ⁸⁷.
3225 2095 3244 2126 ι
3271 2073 3428 2140 Quod

1803 2178 1810 2187 °
1841 2171 2022 2218 autem
2049 2163 2214 2218 altius
2246 2178 2308 2218 ea
2334 2164 2518 2233 sapias
2546 2181 2563 2212 ι
2587 2163 2742 2226 urbe,
2779 2181 2797 2214 ι
2840 2163 2966 2217 inde
3000 2171 3246 2234 apparet,
3281 2165 3429 2234 quod

1840 2255 2103 2310 divinitus
2161 2255 2428 2325 inspirata
2490 2254 2774 2325 Scriptura
2834 2257 3156 2325 pronuntiet
3223 2255 3428 2312 dixisse

1843 2346 2010 2402 Deum
2041 2362 2055 2398 :
2093 2365 2111 2398 ι
2146 2347 2390 2418 Apparui
2452 2348 2754 2415 Abraham,
2809 2347 2958 2402 Isaac
2991 2355 3044 2402 et
3073 2345 3262 2412 Iacob,
3297 2361 3425 2402 cum

1841 2440 1985 2496 Deus
2019 2442 2120 2496 sim
2147 2457 2362 2505 eorum,
2390 2448 2445 2495 et
2493 2455 2693 2494 nomen
2731 2455 2912 2493 meum
2935 2454 3046 2492 non
3075 2440 3426 2494 manifestavi

1842 2535 1952 2590 illis
1984 2534 2050 2589 ⁸⁸.
2091 2553 2108 2585 ›
2139 2533 2221 2588 Tu
2249 2549 2378 2588 vero
2404 2533 2539 2588 illud
2570 2543 2620 2587 te
2651 2533 2923 2587 invenisse
2956 2532 3113 2586 dicis.
3141 2531 3296 2598 Quod
3329 2548 3428 2586 au-

1843 2633 1950 2679 tem
1985 2639 2097 2677 non
2123 2623 2367 2693 genitum
2402 2637 2524 2677 esse
2563 2637 2671 2675 non
2703 2621 2774 2674 sit
2825 2619 2915 2674 Dei
2956 2635 3177 2684 nomen,
3215 2620 3339 2673 inde
3363 2619 3428 2672 Ii-

1840 2722 1990 2784 quet,
2020 2714 2163 2783 quod
2196 2711 2458 2767 Dominus
2483 2711 2630 2765 dicat
2658 2731 2670 2764 :
2697 2730 2715 2761 ι
2750 2710 2976 2772 Euntes,
3010 2711 3201 2765 docete
3231 2727 3427 2765 omnes

1839 2815 2050 2875 gentes,
2081 2804 2424 2874 baptizantes
2467 2818 2564 2857 eos
2609 2802 2661 2854 in
2692 2802 2913 2856 nomine
2941 2801 3106 2874 434.
3134 2799 3336 2867 Patris,
3371 2811 3426 2855 et

1840 2896 1986 2963 Filii,
2015 2905 2068 2952 et
2091 2897 2331 2968 Spiritus
2359 2897 2537 2951 sancti
2560 2895 2629 2951 ".
2673 2916 2692 2949 ι
2728 2896 2883 2962 Quod
2919 2897 3062 2950 enim
3094 2911 3292 2950 nomen
3319 2895 3426 2949 Pa-

1841 2990 1944 3046 tris
1973 3005 2098 3045 esse
2128 2989 2355 3054 dixeris,
2384 2988 2487 3042 hoc
2520 2988 2698 3058 ipsum
2724 2986 2870 3052 Filii,
2895 2996 2950 3043 et
2983 2987 3220 3058 Spiritus
3247 2982 3440 3043 sancti"

1841 3094 1964 3134 esse
1983 3078 2255 3134 concedas
2282 3093 2508 3133 necesse
2537 3086 2620 3132 est
2653 3093 2667 3130 :
2706 3077 2754 3133 si
2779 3078 2926 3134 enim
2960 3079 3108 3132 aliud
3140 3087 3225 3134 est
3259 3097 3279 3129 ι
3323 3093 3426 3132 no-

1835 3183 1959 3223 men
1987 3187 2006 3219 ι
2035 3166 2232 3232 Patris,
2255 3175 2310 3222 et
2345 3166 2494 3221 aliud
2525 3165 2670 3234 Filii,
2709 3176 2765 3223 et
2816 3167 2946 3223 item
2977 3168 3126 3223 aliud
3178 3167 3420 3238 Spiritus

1835 3280 2014 3334 sancti
2046 3298 2059 3334 :
2093 3264 2150 3332 tu
2184 3294 2314 3334 vero
2370 3295 2569 3334 nomen
2617 3278 2834 3344 Patris,
2867 3289 2928 3335 ut
2969 3280 3190 3350 quidem
3236 3290 3420 3350 putas,

1836 3371 2116 3436 invenisti,
2147 3371 2237 3426 dic
2262 3371 2446 3438 etiam,
2477 3371 2755 3442 quodnam
2787 3373 2862 3428 sit
2890 3388 3091 3429 nomen
3118 3373 3241 3428 Filii
3268 3391 3280 3426 :
3326 3375 3421 3430 ubi

1835 3479 1964 3518 vero
1992 3479 2191 3518 nomen
2221 3461 2340 3517 Filii
2365 3463 2597 3526 dixeris,
2631 3462 2719 3517 dic
2749 3464 2914 3517 etiam
2951 3479 3150 3520 nomen
3180 3463 3423 3536 Spiritus

1835 3557 2034 3618 sancti,
2061 3563 2120 3608 ut
2150 3537 2282 3608 tunc
2313 3555 2505 3610 audias
2529 3553 2674 3624 quod
2697 3570 2822 3608 cum
2849 3563 2901 3609 te
2931 3557 3232 3624 sapientem
3261 3556 3426 3610 dicti-

1834 3659 1938 3714 tes,
1993 3651 2194 3706 stultus
2249 3648 2427 3704 factus
2485 3651 2584 3706 sis.
2617 3649 2750 3716 Quae
2796 3651 2943 3704 enim
2976 3648 3262 3720 Scriptura
3309 3668 3422 3706 non

1833 3737 2000 3802 dicit,
2035 3747 2094 3791 tu
2146 3753 2427 3807 nunquam
2470 3738 2766 3793 inveneris.
2810 3738 3002 3802 Porro,
3036 3740 3080 3794 si
3133 3741 3424 3796 existimas

1833 3829 1979 3884 Patri
2031 3841 2341 3902 competere
2388 3848 2499 3886 non
2539 3837 2818 3903 genitum,
2873 3841 2926 3888 ct
2983 3831 3122 3886 Filio
3175 3835 3420 3902 genitum

1831 3937 1974 3987 esse,
2002 3921 2089 3977 dic
2114 3940 2323 3994 quaeso,
2357 3926 2638 3995 quodnam
2672 3941 2737 3980 ex
2772 3925 2856 3980 his
2889 3926 3162 3981 attribues
3189 3927 3420 3996 Spiritui

1832 4018 2059 4072 sancto?
2106 4019 2296 4072 Anam.
2342 4018 2399 4073 Si
2457 4023 2617 4074 etiam
2656 4023 2897 4091 genitum
2953 4028 3038 4074 est
3081 4022 3422 4076 immutabile

1832 4110 2135 4166 secundum
2184 4119 2459 4178 naturam,
2487 4111 2586 4168 sed
2631 4122 2854 4183 propter
2881 4128 3030 4176 eum,
3061 4113 3152 4182 qui
3188 4114 3375 4182 genuit
3402 4132 3416 4167 :

1830 4218 1943 4256 non
1969 4205 2213 4273 genitum
2250 4219 2380 4258 vero
2409 4205 2718 4259 substantia
2749 4212 2856 4271 est,
2889 4205 3229 4260 immutabile
3252 4205 3420 4275 igitur

1831 4300 2055 4362 propter
2080 4293 2416 4347 voluntatem
2444 4295 2568 4358 erit,
2619 4311 2728 4349 non
2762 4312 2825 4350 ex
2883 4296 3205 4350 substantia:
3235 4296 3421 4366 digni‘

1829 4389 1963 4436 tate.
1994 4379 2150 4436 Orth.
2184 4381 2342 4447 Quod
2374 4384 2420 4438 si
2453 4381 2627 4440 Filius
2656 4383 2752 4440 Dei
2790 4401 2896 4439 non
2933 4393 3018 4439 est
3052 4386 3418 4440 inunutabilis

143 4485 349 4537 γοντος·
377 4487 392 4518 ι
415 4468 620 4534 Πάντα,
645 4469 742 4521 ὅσα
771 4468 883 4539 ἔχει.
904 4471 931 4521 ὁ
953 4468 1162 4539 Πατὴρ,
1193 4468 1302 4538 ὲμὰ
1329 4470 1500 4522 ἐστιν·
1527 4488 1546 4520 ι
1573 4469 1727 4542 εἴπερ

1840 4474 2159 4529 substantiae
2217 4474 2499 4545 dignitate,
2534 4476 2590 4530 in
2642 4492 2751 4545 quo
2781 4492 2912 4547 ergo
2951 4477 3133 4532 differt
3170 4476 3238 4530 ab
3290 4477 3418 4532 aliis

141 4563 243 4615 οὐκ
277 4563 334 4612 ὲν
363 4561 440 4632 τῷ
466 4562 566 4633 τῆς
596 4562 784 4620 οὐσίας
805 4561 1078 4632 ἀξιώματι
1105 4561 1218 4632 ἔχει
1247 4561 1308 4613 τὸ
1332 4561 1630 4632 ἄτρεπτον;

142 4657 560 4712 mutabilitatem
591 4649 875 4712 obtineant
907 4659 1188 4712 voluntate
1230 4658 1374 4727 ejus,
1407 4661 1500 4728 qui
1530 4660 1782 4728 creavit?
1809 4669 1863 4716 et
1900 4663 2174 4737 quomodo
2201 4670 2258 4717 tu
2292 4664 2450 4719 ﬁdem
2487 4664 2658 4720 habes
2691 4664 2892 4721 dicenti

1839 4565 2204 4622 rationalibus
2252 4566 2628 4624 facultatibus.
2657 4569 2857 4639 Ulpote
2884 4585 3008 4640 quae
3050 4581 3104 4624 et
3149 4571 3281 4640 ipsa:
3311 4571 3416 4624 itu-

2935 4685 2948 4721 :
3001 4685 3018 4718 ι
3053 4665 3251 4722 Omnia
3291 4682 3417 4736 quae

142 4751 304 4804 Pater
327 4751 486 4805 habet
508 4766 628 4804 mea
653 4758 783 4806 sunt
813 4751 858 4781 "°
891 4769 910 4802 ι
951 4769 963 4804 :
993 4752 1261 4820 siquidem
1293 4767 1404 4804 non
1433 4751 1596 4806 habet
1626 4751 2128 4811 immutabilitatem
2161 4772 2228 4811 ex
2256 4758 2580 4813 substantia:
2602 4759 2905 4828 dignitate?

214 4845 297 4899 19.
350 4845 540 4912 Ἀνόμ.
569 4844 632 4897 Εἰ
654 4843 713 4896 τὸ
743 4843 1034 4915 ἀγέννητον
1055 4843 1242 4906 οὐσίας
1261 4844 1377 4896 ἐστὶ
1402 4844 1719 4916 δηλωτικὸν,

139 4936 365 4999 εἰκότως
395 4935 530 5006 πρὸς
561 4935 660 5007 τὴν
700 4935 811 5006 (75)
842 4935 933 4988 τοῦ
969 4936 1307 5006 γεννήματος
1351 4936 1536 4988 οὐσίαν
1571 4937 1721 4990 ἀντι-

139 5026 525 5080 διαστέλλεται·
573 5029 622 5080 ei
667 5027 724 5080 δὲ
775 5026 940 5098 μηδὲν
986 5029 1240 5097 σημαίνει
1293 5028 1355 5080 τὺ
1405 5029 1718 5100 ἀγέννητον,

140 5119 316 5189 πολλῷ
335 5118 400 5188 δὴ
432 5120 629 5190 μᾶλλον
659 5119 811 5172 οὐδὲν
849 5120 998 5193 δηλοῖ
1037 5121 1098 5174 τὸ
1129 5121 1393 5192 γέννημα·
1439 5121 1630 5193 μηδενὶ
1663 5123 1720 5176 δὲ

142 5213 306 5285 μηδὲν
341 5212 456 5277 πῶς
498 5213 985 5280 ἁντιδιαστέλλεις;
1017 5213 1079 5266 Ei
1102 5212 1159 5266 δὲ
1187 5215 1219 5284 ἠ
1258 5215 1555 5286 ἀγεννήτου
1589 5231 1722 5285 προ-

138 5305 281 5377 φορά
317 5306 454 5376 πρὸς
488 5305 586 5377 τὴν
627 5305 908 5378 προφορὰν
949 5305 1460 5372 ἀντιδιαστέλλεται,
1511 5308 1721 5379 σιωπῆς

1900 4850 1986 4904 19.
2020 4851 2212 4905 Anam.
2235 4850 2290 4904 Si
2314 4865 2423 4904 non
2449 4851 2690 4920 genitum
2721 4852 3087 4907 substantiam
3114 4851 3407 4922 signiﬁcat,

1827 4943 2026 4996 rationi
2048 4958 2393 5014 consequens
2432 4943 2619 5009 fuerit,
2649 4945 2796 5014 quod
2830 4960 2859 4998 a
2887 4945 3070 5016 genito
3095 4946 3408 5000 substantia

1825 5032 2235 5106 distinguatur:
2277 5036 2324 5091 si
2353 5050 2482 5090 vero
2515 5052 2623 5091 non
2657 5038 2899 5107 genitum
2935 5037 3070 5090 nihil
3111 5036 3407 5107 signiﬁcat,

1826 5127 2000 5181 multo
2031 5129 2206 5198 magis
2242 5128 2406 5182 etiam
2435 5128 2572 5182 nihil
2622 5129 2951 5200 signiﬁcabit
2981 5129 3223 5198 genitum
3250 5149 3265 5184 :
3296 5129 3411 5199 jam

1823 5232 1957 5287 ergo
1985 5217 2123 5271 nihil
2169 5232 2201 5271 a
2249 5218 2422 5272 nihilo
2472 5218 2750 5288 quomodo
2792 5217 3135 5287 distingues?
3186 5215 3244 5272 Si
3276 5233 3410 5271 vero

1821 5309 2058 5378 prolatio
2080 5323 2189 5365 non
2215 5309 2383 5380 geniti
2408 5294 2714 5379 opponitur
2729 5308 3022 5378 prolationi
3039 5307 3232 5380 geniti,
3257 5317 3405 5362 certe

210 5459 314 5514 "'1
345 5460 489 5518 Tim.
521 5481 569 5528 ι,
605 5463 696 5518 17.
771 5461 817 5494 ⁸⁷
858 5461 1050 5517 Matth.
1083 5479 1164 5528 xl.
1197 5462 1288 5519 25.
1365 5464 1412 5498 ⁸³
1448 5463 1620 5518 Ειυάι
1657 5478 1727 5530 Vl:

1861 5464 1916 5519 5.
1993 5464 2039 5497 “
2077 5463 2270 5520 Iatth.
2314 5479 2485 5518 xxvm
2510 5503 2524 5530 ,
2563 5463 2652 5518 19.
2729 5464 2775 5495 "°
2813 5462 2976 5519 Joan.
3015 5479 3135 5526 xvi,
3171 5462 3260 5519 15.

213 5619 318 5690 (τι)
355 5616 448 5690 Τῷ
481 5617 656 5690 [turpi
675 5631 869 5690 omnes
898 5623 1058 5690 mss.,
1091 5617 1189 5674 sed
1220 5618 1385 5690 male2

149 5764 169 5778 ν
210 5685 320 5759 (72)
361 5685 484 5829 Ριιέἱι
512 5688 547 5742 2
584 5685 638 5746 et
679 5689 816 5760 Aug.
865 5689 926 5742 τὸ
967 5685 1322 5761 δὲ’γεννητδν
1353 5685 1512 5744 ὄύσία
1541 5690 1708 5758 ἐστὶν,

142 5777 398 5830 στρεπτόν
487 5797 506 5813 .

1892 5619 2007 5694 (⁷³)

1818 5619 2007 5763 τῆξ-ιτ)
2048 5619 2141 5680 Sic
2170 5619 2287 5679 Pal.
2326 5621 2363 5678 2
2399 5631 2452 5680 et
2489 5623 2628 5696 Aug.
2668 5621 2815 5679 Editi
2847 5637 2978 5680 vero
3001 5619 3247 5688 εἰκότως.
3278 5621 3407 5694 περὶ
