3862 6204
445 290 613 347 ηδτ-

1534 272 1598 328 δ.
1640 266 2102 327 ATHANASIUS.
2144 292 2214 311 -ι
2252 265 2527 323 δΡυΜΑ.

3557 262 3729 319 “83‘

443 404 657 462 silentio
702 397 1198 471 pronuntiationem
1239 393 1549 464 excipiente
1598 392 1712 457 ﬁet,
1750 400 1808 445 ut
1845 389 2013 445 modo

2126 389 2214 459 τὴν
2244 387 2529 459 προφορὰν
2552 385 2956 456 διαδεχομένης,
2982 383 3265 453 γίγνεσθαι
3289 384 3585 454 συμϐαίνει
3607 395 3713 437 και

442 499 533 563 sit,
562 495 721 550 modo
761 501 1053 548 evanescat
1083 504 1210 558 spes
1254 487 1717 547 Christianorum,
1751 495 1936 554 utpote
1958 484 2015 539 in

441 586 675 658 quadam
705 580 1028 654 proiationis
1060 579 1323 632 varietate
1353 576 1481 639 sita,
1516 590 1625 628 non
1662 589 1792 629 vero
1836 573 1893 627 in
1918 587 2017 626 na-

376 684 381 689 '
442 679 581 733 turis
632 679 708 731 ita
753 689 814 728 se
866 670 1226 736 habentibus,
1263 677 1322 723 ut
1365 669 1646 723 nominum
1690 666 2016 737 signiﬁcatio

443 767 695 837 postulat.
732 762 882 819 Ortlt.
918 761 1094 815 Etiam
1127 761 1171 813 si
1203 760 1301 815 tibi
1323 758 1718 819 concederetur
1746 757 1928 811 dicere
1948 756 2017 810 de

444 855 574 916 Deo,
608 853 751 923 quod
781 854 852 906 sit
877 865 983 904 non
1013 848 1262 917 genitus;
1290 862 1390 900 nos
1414 856 1592 898 tamen
1633 844 1865 897 dicimus
1905 855 2016 895 non

444 947 684 1016 genitura
720 953 831 996 tum
868 939 1198 1011 signiﬁcare,
1235 954 1344 991 non
1390 952 1511 991 esse
1557 935 1799 1006 genitum
1838 933 2017 1003 quoad

445 1037 833 1098 substantiam,
891 1030 1349 1103 quemadmodum
1413 1027 1682 1081 mendacii
1741 1036 2018 1096 expertem

445 1142 565 1183 esse
614 1141 724 1179 non
771 1124 1025 1187 mentiri,
1069 1119 1251 1190 quoad
1300 1119 1685 1172 substantiam.
1740 1116 1808 1167 At
1862 1129 2013 1177 vero,

445 1215 716 1273 mendacii
766 1222 1040 1283 expertem
1073 1226 1214 1272 esse,
1240 1226 1348 1263 non
1371 1218 1455 1262 est
1497 1208 1613 1276 ipsa
1666 1205 1971 1259 substantia
2001 1221 2014 1256 :

445 1324 546 1363 nec
593 1322 701 1362 non
749 1304 993 1373 genitum
1026 1318 1166 1357 esse.
1202 1302 1259 1355 Si
1311 1304 1456 1355 enim
1510 1314 1617 1353 non
1663 1299 1905 1367 genitum
1936 1304 2019 1350 est

445 1399 560 1471 ipsa
595 1396 900 1454 substantia
915 1396 1078 1450 etiam
1109 1393 1376 1449 mendacii
1407 1406 1603 1460 expers
1635 1397 1719 1444 est
1750 1389 1864 1458 ipsa
1886 1388 2018 1442 sub-

445 1490 645 1545 stantia
676 1505 690 1541 :
725 1497 811 1543 est
846 1503 975 1542 vero
1003 1495 1059 1541 et
1091 1483 1265 1540 Filius
1296 1482 1568 1538 mendacii
1594 1495 1821 1551 expers;
1853 1480 2020 1549 igitur

444 1589 498 1636 et
525 1596 633 1635 non
657 1579 894 1650 genitus.
922 1575 1040 1632 Jam
1063 1590 1192 1630 vero
1210 1589 1317 1628 non
1343 1573 1561 1643 genitus
1587 1586 1694 1624 non
1715 1580 1818 1632 est,
1852 1568 2019 1640 igitur

444 1672 741 1730 secundum
793 1678 847 1725 te
898 1668 1150 1723 mendas.
1186 1664 1367 1731 Quare
1402 1677 1511 1717 non
1555 1670 1640 1717 est
1700 1661 1843 1714 idem
1887 1658 2019 1713 sub-

2120 478 2508 548 ἀπογίγνεσθαι
2526 476 2626 548 τὴν
2646 476 2755 529 τῶν
2777 474 3117 548 Χριστιανῶν
3139 474 3348 537 ἐλπίδα,
3371 476 3429 529 ὲν
3453 474 3710 546 διαφόρῳ

2120 569 2373 641 προφορᾷ
2398 566 2677 637 κειμένην,
2711 564 2824 619 ἀλλ’
2860 565 2962 618 οὐκ
2998 565 3056 618 ἑν
3086 563 3310 633 φύσεσιν
3334 562 3510 627 οὕτως
3540 563 3707 634 ἐχού-

2123 679 2271 728 σαις,
2310 661 2386 725 ὼς
2426 662 2461 731 ἡ
2488 660 2597 713 τῶν
2631 660 2910 730 ὀνομάτων
2952 657 3199 729 βούλεται
3238 656 3505 728 σημασία.
3550 657 3706 724 Ὀρθ.

2126 756 2292 807 Ὅταν
2334 769 2418 806 σοι
2456 751 2584 822 δοοῇ
2619 750 2795 819 λέγειν
2827 752 2919 804 ἐπὶ
2949 748 3084 803 Θεοῦ
3120 749 3182 802 τὸ
3224 749 3539 819 ἀγέννητον,
3578 750 3708 801 τότε

2124 846 2409 917 σημαίνειν
2464 843 2527 896 τὸ
2582 842 2874 913 ἀγέννητον
2933 842 3164 911 λέγομεν
3214 840 3277 894 τὸ
3315 841 3391 911 μὴ
3437 839 3712 908 γεγεννῆο

2125 939 2248 993 σθαι
2279 937 2376 1008 τὴν
2406 937 2612 1000 οὐσίαν,
2646 936 2723 999 ὠς
2751 936 2812 989 τὸ
2841 934 3069 1005 ἀψευδὲς
3097 934 3158 987 τὸ
3190 933 3264 1004 μὴ
3285 931 3585 1003 ψεύδεσθαι
3608 932 3710 1001 τὴν

2122 1031 2330 1085 οὐσίαν.
2361 1028 2499 1082 Οὔτε
2528 1028 2586 1081 δὲ
2614 1028 2676 1081 τὸ
2704 1027 2934 1097 ἀψευδὲς
2960 1030 2993 1098 ή
3029 1027 3188 1080 οὐσία
3219 1025 3343 1078 οὐτε
3378 1024 3440 1077 τὸ
3476 1024 3713 1092 ἀγέννηο

2122 1137 2233 1175 τον.
2261 1121 2325 1173 Ei
2347 1119 2455 1189 γὰρ
2478 1118 2537 1172 τὺ
2557 1118 2848 1188 ἀγέννητον
2869 1119 3047 1183 οὐσία,
3075 1119 3169 1172 καὶ
3190 1116 3252 1170 τὸ
3272 1117 3501 1186 ἀψευδὲς
3522 1115 3707 1169 οὐσίαο

2123 1211 2238 1266 ἔστι
2270 1211 2328 1265 δὲ
2358 1211 2453 1264 καὶ
2474 1211 2503 1263 ὁ
2526 1210 2652 1274 Υἱὸς
2673 1209 2926 1279 ἀψευδής·
2953 1210 3047 1262 καὶ
3072 1208 3365 1278 ἁγέννητος
3395 1208 3525 1278 ἄρα.
3563 1206 3710 1259 Ἀλλ’

2123 1306 2223 1358 οὐκ
2246 1304 2559 1374 ἀγέννητος·
2582 1302 2784 1373 ψευδὴς
2804 1297 2896 1356 οὖν
2918 1300 3057 1355 κατὰ
3080 1300 3161 1355 σέ.
3187 1302 3301 1354 Οὐκ
3321 1300 3430 1371 ἀρα
3457 1300 3523 1352 τὸ
3544 1298 3713 1368 ἀψευ-

2123 1393 2210 1459 δὲς
2237 1394 2414 1447 οὐσία.
2458 1395 2546 1457 Ὠς
2573 1389 2668 1447 οὖν
2702 1392 2764 1445 τὸ
2794 1392 3022 1463 ἀψευδὲς
3054 1392 3152 1444 οὐκ
3175 1391 3351 1457 οὐσία,
3378 1388 3558 1453 οὕτως
3582 1389 3711 1443 οὐδὲ

2123 1487 2186 1541 τὸ
2223 1487 2516 1558 ἀγέννητον
2542 1486 2718 1541 οὐσίαι
2752 1488 2803 1540 εί
2836 1486 2942 1557 γὰρ
2977 1486 3040 1538 τὸ
3070 1485 3363 1552 ἀγέννητον
3397 1484 3583 1547 οὐσία,
3613 1485 3714 1536 καὶ

2122 1577 2185 1631 τὸ
2208 1577 2463 1649 γεννητὸν
2491 1577 2670 1631 οὐσία·
2699 1578 2828 1632 εἰδὲ
2852 1578 2913 1631 τὸ
2939 1575 3193 1648 γεννητὸν
3218 1576 3396 1636 οὐσία,
3425 1578 3612 1629 πάντα
3640 1576 3713 1627 τὰ

2123 1667 2357 1740 γεννητὰ
2396 1668 2678 1739 ὀμοούσια.
2713 1669 2788 1723 Τὸ
2818 1669 2876 1723 δὲ
2912 1669 3099 1731 οὐσίας
3136 1666 3432 1738 δηλωτικὸν
3469 1664 3617 1747 εῖναι
3649 1666 3716 1719 τὺ

445 1766 667 1824 stantia,
702 1760 851 1831 quod
883 1756 1150 1813 mendacii
1174 1762 1447 1825 expertem
1476 1768 1617 1809 esse.
1647 1750 2015 1818 Quemadmo-

2126 1757 2408 1828 ἀγέννητον
2457 1757 2552 1810 καὶ
2590 1757 2652 1810 τὸ
2696 1757 2953 1827 γεννητὸν
2997 1756 3150 1828 πα.ρά
3188 1757 3289 1826 τῆς
3336 1756 3436 1826 σῆς
3471 1754 3715 1827 εὓρηται

445 1853 572 1909 dum
606 1853 771 1923 igitur
806 1849 1023 1905 mentiri
1054 1862 1163 1901 non
1193 1860 1355 1916 posse
1392 1859 1499 1898 nou
1553 1852 1636 1898 est
1684 1842 2013 1905 substantia,

446 1945 521 2001 ita
543 1957 760 2014 quoque
807 1957 917 1996 non
954 1939 1191 2010 genitum
1220 1952 1343 1992 esse
1376 1951 1484 1990 non
1507 1944 1592 1989 est
1620 1934 1736 2003 ipsa
1766 1934 2019 1988 substan-

446 2034 553 2088 tia:
592 2033 639 2086 si
670 2031 815 2087 enim
842 2029 1217 2099 non-genitum
1247 2040 1370 2081 esse
1403 2034 1484 2079 est
1506 2023 2017 2083 sul:stantia,etiam

447 2122 689 2191 genitum
723 2136 845 2175 esse
865 2119 1169 2174 substantia
1197 2117 1337 2171 erit:
1370 2115 1518 2185 quod
1544 2114 1592 2170 si
1623 2114 1864 2184 genitum
1895 2128 2019 2168 csse

447 2213 757 2270 substantia
780 2220 884 2275 est,
907 2211 1087 2265 omnia
1114 2210 1294 2279 genita
1317 2218 1479 2262 erunt
1504 2203 2014 2261 consubstantialia.

448 2303 619 2361 Porro
640 2304 783 2375 quod
807 2319 917 2357 non
946 2304 1188 2372 genitura
1219 2309 1273 2355 et
1295 2299 1535 2370 genitum
1560 2300 1731 2368 ipsam
1751 2298 2019 2367 signiticet

447 2401 777 2461 essentiam,
808 2407 917 2452 tua:
974 2393 1438 2468 pronuntiationis
1501 2402 1871 2461 commentum
1912 2402 2017 2459 est,

447 2505 560 2546 non
601 2491 785 2544 minus
836 2489 1200 2558 increpandam,
1245 2501 1409 2557 quam
1461 2500 1613 2540 mare
1648 2486 1921 2541 ﬂuctuans
1967 2496 2024 2542 et

447 2591 768 2637 aestuosum.
815 2578 1051 2650 Spiritus
1095 2579 1363 2648 siquidem
1395 2577 1485 2631 ille
1514 2576 1759 2631 veritatis
1804 2575 2020 2630 Patrem

448 2673 610 2729 nobis
640 2680 694 2726 et
725 2668 922 2724 Filium
955 2670 1290 2740 praedicavit,
1321 2682 1441 2737 quae
1473 2667 1696 2721 nomina
1727 2667 2023 2723 relationes

2124 1850 2426 1921 προφορᾶς,
2452 1849 2520 1919 ἢν
2546 1848 2628 1901 δεῖ
2651 1848 2726 1912 ὼς
2754 1847 3028 1902 θάλασσαν
3051 1847 3419 1917 κυμαίνουσαν
3445 1848 3716 1918 ἐπιτιμηο

2124 1935 2305 2006 θῆναι.
2330 1936 2404 1990 Τὸ
2429 1936 2536 2008 γὰρ
2561 1936 2788 2006 Πνεῦμα
2806 1931 2905 2002 τῆς
2932 1935 3187 2007 ἀληθείας
3210 1936 3432 2007 Πατέρα
3456 1924 3556 1991 καὶ
3576 1936 3712 1989 Tibi:

2125 2028 2256 2097 ἡμῖν
2287 2024 2543 2096 ἐκήρυξε,
2576 2025 2686 2079 τῶν
2725 2023 3003 2094 ὀνομάτων
3046 2024 3143 2086 τὰς
3177 2023 3387 2092 σχέσεις
3426 2023 3562 2093 ἡμῖν
3607 2037 3711 2090 ση-

2128 2118 2441 2189 μαινόντων·
2476 2118 2577 2171 οὐκ
2600 2118 2846 2188 ἀντερεῖς
2873 2115 2950 2180 δὲ,
2985 2114 3062 2179 ὡς
3085 2102 3219 2178 Θεὸς
3251 2114 3410 2184 φύσει
3443 2114 3543 2168 καὶ
3572 2113 3716 2185 ἀλη-

2125 2210 2266 2283 θείᾳο
2293 2211 2482 2283 Πατὴρ
2502 2208 2560 2264 δὲ
2579 2208 2717 2273 πῶς,
2745 2209 2820 2279 μὴ
2844 2209 3109 2280 γεννήσας
3131 2205 3290 2275 φύσει
3318 2206 3415 2261 καὶ
3436 2203 3711 2277 ἀληθείᾳ,

2124 2294 2265 2357 ὥστε
2288 2304 2382 2357 καὶ
2410 2305 2444 2374 ἡ
2472 2300 2566 2355 σοῦ
2598 2300 2692 2355 τοῦ
2718 2301 3101 2369 έπινοὴσαντος
3124 2298 3186 2352 τὸ
3214 2298 3507 2369 ἀγέννητον
3530 2296 3633 2351 καὶ
3650 2296 3715 2351 τὸ

2123 2393 2379 2465 γεννητὸν
2420 2392 2603 2457 οὐσίας
2635 2388 2773 2446 εἶναι
2804 2390 3100 2462 δηλωτικὸν
3137 2390 3314 2456 ἐλπὶς,
3355 2389 3573 2460 σιωπῆς
3608 2389 3712 2461 τὴν

2123 2485 2404 2558 προφορὰν
2431 2484 2725 2555 δεχομένης
2747 2482 2881 2554 (74),
2919 2483 2979 2535 ὲν
3009 2483 3194 2554 ἡμέρα
3225 2482 3462 2555 κρίσεως
3489 2482 3593 2552 οὐχ
3617 2482 3710 2534 εὐ-

2126 2577 2392 2650 ρίσκεται,
2419 2577 2641 2630 ἐκείνων
2670 2575 2830 2647 μόνον
2852 2574 3275 2647 εὑρισκομένων,
3295 2567 3370 2628 ὧν
3390 2573 3452 2627 τὸ
3478 2573 3707 2644 Πνεῦμα

2122 2665 2185 2723 τὺ
2205 2668 2358 2737 ἆγιον
2386 2662 2560 2722 εἶπεν.

448 2768 611 2824 nobis
640 2766 904 2821 indicant.
935 2763 1043 2819 Nec
1074 2779 1200 2818 vero
1229 2763 1460 2832 objicias
1484 2803 1499 2826 ,
1529 2762 1674 2832 quod
1708 2761 1851 2817 Deus
1875 2761 2095 2832 quidem
2131 2771 2330 2818 natura
2361 2771 2416 2819 et
2441 2763 2675 2818 veritate
2705 2762 2850 2819 Deus
2876 2762 2951 2818 sit
2984 2780 2999 2816 :
3030 2759 3194 2816 Pater
3218 2775 3353 2818 vero
3396 2758 3709 2816 secundum

446 2863 603 2933 quid,
648 2871 833 2931 utpote
880 2860 971 2930 qui
1024 2874 1130 2913 non
1163 2858 1410 2927 genuerit
1455 2866 1650 2910 natura
1678 2868 1732 2911 ct
1763 2856 1991 2912 veritate
2025 2871 2039 2908 :
2078 2859 2430 2927 quamobrem
2486 2873 2613 2927 spes
2654 2858 2747 2911 illa
2790 2867 2924 2925 tua,
2950 2855 3046 2927 qui
3090 2854 3534 2911 comminisceris
3597 2868 3711 2907 non

451 2957 692 3029 genitum
745 2961 801 3008 et
842 2953 1083 3022 genitum
1138 2950 1447 3019 signiﬁcare
1496 2949 1899 3011 substantiam,
1946 2949 2005 3003 in
2054 2950 2141 3006 die
2192 2951 2284 3005 illa
2345 2949 2573 3018 judicii,
2630 2950 2850 3005 silentio
2901 2950 3260 3019 prolationem
3314 2948 3711 3018 intercipiente

452 3060 727 3115 nusquam
761 3043 1142 3114 comparebit:
1174 3043 1264 3096 illa
1294 3045 1494 3113 quippe
1516 3045 1694 3099 solum
1731 3051 1846 3096 tum
1880 3051 2001 3097 rata
2033 3047 2459 3115 comperiantur,
2487 3060 2610 3114 quae
2631 3053 2856 3100 sanctus
2892 3043 3133 3113 Spiritus
3157 3043 3487 3097 enuntiavit.

518 3135 610 3191 20.
640 3136 835 3189 Anam.
867 3131 924 3187 Si
960 3149 1069 3187 non
1103 3134 1344 3203 genitum
1377 3149 1501 3188 esse
1541 3142 1793 3203 respectu
1825 3135 1905 3190 rei
1934 3150 2022 3205 ge-

2198 3135 2288 3189 20.
2340 3136 2529 3204 Ἀνόμ.
2561 3136 2624 3189 Ei
2651 3135 2817 3207 μηδὲν
2851 3135 3010 3190 πλέον
3040 3136 3297 3206 σημαίνει
3324 3135 3406 3197 είς
3433 3134 3713 3205 ὑπεροχὴν

451 3225 581 3281 nit-.e
609 3224 675 3278 ad
708 3223 1060 3277 eminen'iam
1095 3223 1348 3277 essentia:
1380 3241 1399 3275 ι
1431 3222 1838 3278 connotandum
1882 3243 1901 3276 ι
1942 3223 2026 3279 ni-

455 3319 531 3374 bil
560 3318 797 3388 amplius
831 3316 1017 3379 inlert,
1046 3317 1350 3384 prolatione
1370 3318 1544 3372 solum
1578 3319 1829 3388 superior
1852 3317 2026 3375 Filius

452 3409 695 3478 potiores
731 3415 988 3477 agnoscet
1017 3422 1133 3467 eos,
1167 3412 1260 3476 qui
1303 3407 1406 3460 ltoc
1439 3407 1487 3460 ei
1519 3424 1717 3462 nomen
1753 3409 2024 3473 tribuunt,

454 3514 562 3552 non
593 3506 774 3551 autem
806 3512 928 3550 eum
974 3497 1066 3566 qui
1116 3496 1258 3551 Dcus
1317 3505 1371 3551 et
1418 3495 1579 3551 Pater
1631 3499 1752 3567 ejus
1803 3499 2024 3554 dicitur.

455 3588 611 3644 Ortlt.
650 3585 731 3641 Tu
788 3588 1045 3641 nimirum
1089 3589 1134 3642 is
1170 3604 1251 3651 es,
1293 3588 1384 3659 qui
1432 3586 1647 3643 Patrem
1698 3605 1806 3643 non
1859 3590 2026 3661 geniti

454 3680 676 3734 nomine
711 3680 1064 3749 nuncupasti,
1095 3687 1150 3734 et
1187 3680 1289 3733 hoc
1324 3680 1495 3748 ipsam
1537 3679 1631 3733 Dei
1666 3680 2027 3735 substantiam

455 3785 598 3832 esse,
627 3768 829 3823 Judaais
856 3779 1111 3838 tanquam
1137 3770 1249 3838 lege
1278 3770 1506 3822 sanxisti
1537 3789 1549 3823 :
1580 3785 1851 3840 nusquam
1881 3770 2026 3824 enim

455 3861 560 3915 hoc
584 3860 805 3915 divinus
853 3861 943 3913 ille
974 3861 1212 3930 Spiritus
1240 3860 1424 3913 docuit
1454 3875 1467 3911 :
1501 3861 1645 3915 unde
1686 3861 1740 3914 in
1773 3860 2029 3915 confesso

455 3962 540 4006 est
570 3961 622 4005 te
672 3967 778 4003 non
805 3951 1025 4020 quidem
1074 3948 1213 4003 Filio
1256 3953 1712 4020 praestantiorem,
1758 3953 1852 4007 scd
1887 3952 2026 4021 ipso,

455 4044 548 4112 qui
578 4040 739 4113 4.35
769 4050 820 4096 te
859 4043 988 4095 talia
1022 4041 1233 4104 docuit,
1265 4043 1485 4096 diabolo
1518 4044 1754 4113 pejorem
1781 4058 2031 4113 comper-

455 4141 572 4186 tum
603 4133 690 4185 iri.
729 4133 916 4185 Anam.
951 4130 1008 4185 Si
1055 4146 1165 4185 non
1204 4133 1383 4201 genita
1431 4132 1737 4187 substantia
1766 4141 2030 4203 praestan-

457 4223 566 4274 tior
609 4228 693 4274 est
739 4221 858 4289 ipso
906 4230 1028 4273 ortu
1072 4237 1101 4273 a
1136 4222 1315 4290 seipsa
1343 4221 1595 4276 obtinens
1642 4237 1761 4275 cam
1794 4222 2031 4277 eminen-

458 4312 612 4371 tiam,
647 4310 812 4363 etiam
848 4325 911 4365 ea
938 4312 1058 4379 quae
1084 4327 1113 4363 a
1144 4326 1203 4365 se
1232 4319 1316 4365 est
1344 4312 1672 4374 substantia,
1703 4326 1815 4365 non
1845 4312 2029 4381 genita

458 4400 564 4453 erit
592 4414 606 4449 :
650 4414 828 4468 neque
874 4401 1021 4453 enim
1058 4401 1249 4455 volens
1276 4402 1403 4470 quia
1433 4402 1546 4454 vult
1574 4400 1918 4471 pnnstantior
1944 4407 2029 4455 est

2126 3226 2311 3289 οὐσίας
2338 3226 2400 3279 τὸ
2432 3226 2721 3296 ἀγέννητον
2741 3225 2877 3297 πρὸς
2899 3226 2958 3279 τὸ
2980 3225 3245 3295 γέννημα,
3270 3227 3528 3296 προφορᾷ
3550 3227 3712 3295 μόνον

2127 3318 2525 3389 ὑπερεχόμενος
2555 3319 2584 3370 ὁ
2617 3317 2740 3381 Υἱὸς
2774 3316 3015 3387 βελτίους
3050 3316 3245 3371 ἑαυτοῦ
3282 3315 3553 3386 γνώσεται
3580 3317 3711 3379 τοὺς

2127 3408 2626 3480 προσαγορεύοντας
2680 3408 2843 3464 αὐτὸν
2867 3449 2883 3471 ,
2942 3410 3002 3462 οὐ
3062 3408 3153 3463 τὸν
3198 3407 3715 3480 προσαγορευθέντα

2127 3496 2258 3551 Θεὸν
2279 3496 2442 3551 αὐτοῦ
2467 3499 2560 3552 καὶ
2587 3498 2827 3569 Πατέρα.
2868 3500 3016 3567 Ὀρθ.
3057 3500 3114 3552 '0
3139 3497 3594 3570 προσαγορεύσας
3620 3498 3713 3552 τὸν

2128 3589 2347 3660 Πατέρα
2373 3590 2685 3660 ἀγέννητον,
2714 3591 2810 3643 καὶ
2835 3589 2995 3644 τοῦτο
3025 3588 3194 3643 αὐτοῦ
3211 3590 3311 3661 τὴν
3345 3589 3537 3642 οὐσίαν
3570 3584 3713 3642 εἶναι

2129 3677 2491 3750 νομοθετήσας
2511 3682 2623 3742 τοῖς
2646 3679 2935 3743 Ἰουδαίοις,
2953 3681 3018 3732 σὺ
3033 3675 3102 3732 εἷ·
3121 3678 3356 3749 οὐδαμοῦ
3371 3679 3481 3751 γὰρ
3494 3679 3558 3733 τὸ
3571 3678 3714 3733 θεῖον

2131 3768 2353 3839 Πνεῦμα
2387 3770 2543 3823 τοῦτο
2571 3769 2830 3836 ἐδίδαξεν.
2863 3772 2985 3826 ’Ότι
3012 3772 3070 3825 δὲ
3097 3771 3162 3824 σύ
3191 3770 3287 3825 τοῦ
3317 3771 3450 3825 Υἰοῦ
3486 3772 3714 3842 βελτίων

2130 3861 2227 3930 οὐχ
2255 3860 2547 3933 εὐρεθήσῃ,
2585 3860 2719 3915 ἀλλά
2759 3862 2851 3916 τοῦ
2888 3879 2949 3915 σε
2976 3862 3289 3927 διδάξαντος
3317 3863 3570 3917 διαϐόλου
3597 3863 3713 3934 χεί-

2131 3963 2240 4017 ρων
2263 3947 2624 4019 ὠμολόγηται.
2660 3952 2850 4021 Ἀνόμ.
2883 3952 2948 4005 Εἰ
2976 3953 3008 4023 ἡ
3038 3952 3335 4024 ἀγέννητος
3357 3953 3518 4006 οὐσία
3540 3954 3723 4027 κρείτ-

2129 4056 2237 4092 των
2269 4041 2386 4094 ὲστὶ
2414 4043 2699 4111 γενέσεως,
2740 4043 2952 4099 οἴκοθεν
2982 4045 3177 4116 ἔχουσα
3207 4046 3270 4099 τὸ
3308 4050 3584 4118 κρεῖττον,
3620 4049 3723 4101 αὐ-

2129 4132 2344 4185 τοουσία
2371 4133 2517 4187 ἐστὶν
2544 4134 2855 4207 ἀγέννητοςο
2887 4137 2946 4190 οὐ
2978 4139 3084 4209 γὰρ
3112 4138 3457 4208 βουλόμενος,
3483 4140 3569 4192 ὅτι
3596 4139 3725 4210 30:3-

2130 4224 2302 4289 λεται,
2350 4225 2614 4294 γενέσεώς
2662 4229 2778 4281 ἐστι
2823 4229 3105 4299 κρείττων·
3141 4229 3257 4283 ἀλλ’
3298 4231 3382 4283 ὅτι
3413 4231 3725 4285 αὐτοουσξα

2132 4315 2449 4387 ὑπάρχουσα
2474 4319 2503 4371 ὁ
2533 4319 2823 4387 ἀγέννητος
2855 4320 3010 4385 Θεὸς,
3043 4320 3219 4375 οὐδενὶ
3250 4321 3395 4391 λόγῳ
3427 4324 3723 4396 ἐπιτρέπει

2131 4405 2254 4457 καθ’
2306 4406 2505 4477 ἑαυτῆς
2556 4408 2767 4477 γένεσιν
2822 4412 3126 4483 ἐπινοῆσαι,
3178 4411 3395 4465 ὠθοῦσα
3451 4413 3723 4484 φέρεσθαι

458 4498 604 4552 ortu,
638 4489 732 4543 sed
756 4489 883 4557 quia
916 4491 1030 4558 ipSn
1067 4492 1374 4545 substantia
1405 4490 1522 4560 ipse
1547 4490 1823 4561 ingenitus
1850 4489 2022 4558 Deus;

2132 4492 2271 4547 κατὰ
2308 4495 2399 4547 τὸν
2440 4498 2691 4568 γεννητὸν
2719 4497 2833 4569 (75)
2879 4502 3059 4553 πᾶσαν
3109 4499 3356 4567 ἐξέτασιν
3398 4502 3497 4554 καὶ
3540 4504 3726 4557 πάντα

459 4580 511 4634 id
542 4581 689 4633 nulla
719 4581 929 4634 ratione
963 4583 1248 4649 permittit,
1285 4592 1343 4637 ut
1372 4585 1610 4652 aliquan
1641 4583 1931 4640 adversum
1971 4599 2031 4638 se

459 4671 865 4741 generationem
913 4672 1038 4741 quis
1072 4674 1543 4738 comminiscatur,
1572 4691 1636 4729 ac
1675 4677 1729 4728 in
1760 4692 1885 4730 eum
1935 4676 2029 4746 qui

457 4760 675 4830 genitus
712 4768 796 4814 est
837 4761 1014 4830 rejicit
1047 4778 1209 4817 omne
1254 4763 1525 4833 ejusmodi
1568 4768 1767 4819 mentis
1797 4781 2026 4819 examen

456 4859 511 4905 et
540 4851 910 4907 ratiocinium.
958 4850 1113 4906 Ortlt.
1139 4853 1328 4908 Omnis
1354 4855 1659 4910 substantia
1682 4852 2045 4926 pmstantior;

455 4949 542 4997 est
568 4949 693 4995 ortu
727 4957 875 4996 :nou
903 4943 1047 4995 enim
1077 4951 1164 4997 est
1212 4944 1353 4999 idem
1398 4946 1708 5001 substantia
1746 4955 1802 5000 et
1844 4955 2020 5002 ortus.

455 5032 614 5097 Quod
641 5039 822 5085 autem
860 5042 1017 5087 ortus
1038 5048 1146 5086 non
1175 5033 1247 5087 sit
1268 5034 1596 5098 substantia,
1619 5051 1685 5089 ex
1714 5051 1782 5089 eo
1832 5036 2022 5106 liquet,

455 5121 605 5192 quod
646 5136 770 5191 quae
794 5131 973 5176 ortum
1013 5122 1216 5178 habent
1254 5139 1365 5178 non
1414 5124 1597 5178 omnia
1640 5125 1754 5179 sint
1794 5127 2027 5181 consub-

457 5214 757 5268 stantialia.
789 5214 946 5281 Quod
980 5216 1026 5270 si
1057 5232 1180 5286 quze
1204 5217 1388 5287 genita
1417 5225 1548 5271 sunt
1576 5234 1685 5273 non
1711 5227 1842 5274 sunt
1871 5220 2022 5289 ejus-

2133 4582 2410 4656 λογισμόν.
2446 4587 2591 4655 Ὁρθ.
2623 4589 2778 4642 Πᾶσα
2802 4589 2960 4662 οὐσία
2988 4591 3251 4663 κρείττων
3280 4591 3398 4643 ἐστὶ
3420 4592 3725 4658 γενέσεως⁵

2131 4679 2190 4730 οὐ
2224 4676 2333 4749 γὰρ
2363 4679 2527 4732 ταυτό
2556 4680 2703 4734 ἐστιν
2735 4682 2893 4735 οὐσία
2929 4684 3023 4736 καὶ
3050 4682 3283 4751 γένεσις.
3314 4683 3443 4737 Ὅτι
3470 4683 3531 4736 δὲ
3565 4687 3602 4756 ἡ
3632 4686 3729 4754 γέ-

2130 4786 2276 4832 νεσις
2307 4770 2407 4823 οὐκ
2438 4770 2584 4824 ἔστιν
2612 4772 2791 4837 οὐσία,
2820 4773 3068 4827 ἐντεῦθεν
3093 4773 3271 4845 δῆλον,
3306 4776 3375 4829 ὲκ
3403 4774 3501 4828 τοῦ
3533 4776 3614 4847 μὴ
3647 4772 3720 4830 εἷ-

2129 4878 2216 4914 ναι
2245 4862 2315 4915 τὰ
2340 4864 2573 4934 γεννητά
2599 4864 2710 4935 (76)
2743 4865 3023 4936 ὀμοούσια.
3064 4868 3128 4920 Εἰ
3163 4867 3221 4920 δὲ
3251 4867 3319 4921 τὰ
3350 4869 3597 4938 γεννητά
3624 4870 3726 4921 οὐκ

2128 4950 2268 5004 εἰσὶν
2305 4952 2585 5023 ὁμοούσια,
2613 4956 2714 5009 οὐκ
2741 4955 2889 5010 ἔστιν
2917 4958 3026 5028 ἄρα
3049 4960 3082 5029 ἡ
3114 4958 3330 5027 γένεσις
3357 4959 3543 5014 οὐσία·
3591 4965 3642 5014 εἰ
3669 4962 3732 5016 δὲ.

2131 5048 2164 5116 ἡ
2196 5044 2413 5113 γένεσις
2449 5048 2553 5101 οὐκ
2592 5048 2739 5104 ἔστιν
2779 5051 2960 5114 οὐσία,
3003 5052 3126 5106 οὐδὲ
3152 5056 3187 5123 ὴ
3227 5054 3533 5125 ἀγεννησία
3576 5056 3728 5110 ἐστὶν

2129 5136 2305 5189 οὐσία·
2338 5140 2388 5192 εί
2427 5137 2485 5191 δὲ
2524 5140 2557 5210 ὴ
2588 5140 2887 5211 ἀγεννησία
2927 5144 3076 5196 ἐστὶν
3107 5143 3287 5207 οὐσία,
3333 5145 3369 5214 ἡ
3413 5143 3474 5197 δὲ
3505 5144 3729 5212 γένεσις

2124 5226 2225 5279 οὐκ
2243 5226 2421 5291 οὐσία,
2445 5226 2564 5291 πῶς
2588 5227 2767 5297 λέγεις
2792 5231 3047 5303 ἀνόμοιον
3066 5249 3084 5298 ;
3110 5230 3173 5285 τὸ
3194 5230 3304 5302 γὰρ
3322 5230 3383 5284 δν
3402 5229 3487 5301 τῷ
3507 5231 3590 5302 μὴ
3611 5231 3726 5283 δντι

456 5306 581 5362 dem
619 5308 962 5372 substantiae,
992 5325 1103 5364 non
1137 5310 1303 5382 igitur
1329 5310 1471 5366 idem
1498 5318 1586 5366 est
1620 5319 1777 5366 ortus
1804 5318 1858 5366 et
1885 5313 2021 5366 sub-

2126 5314 2251 5370 οὐτε
2281 5318 2466 5389 ὅμοιον
2493 5316 2620 5372 οὔτε
2652 5321 2930 5392 ἀνόμοιον.

454 5401 661 5454 stantia
690 5418 704 5455 :
743 5399 792 5455 si
818 5414 951 5456 vero
974 5412 1128 5456 ortus
1153 5416 1266 5456 non
1295 5402 1513 5471 estipsa
1535 5402 1879 5470 substantia,
1911 5417 2015 5459 nec
2036 5413 2196 5462 ortus
2228 5408 2466 5478 privatio
2498 5413 2817 5468 substantia
2844 5414 2977 5471 erit.
3018 5411 3078 5471 Si
3104 5429 3238 5471 vero
3286 5414 3532 5485 privatio
3563 5423 3724 5472 ortus

533 5551 645 5634 (ἒξ)
683 5554 1097 5634 ἑιτὲιδεχρμένηςρ
1124 5554 1357 5634 Aysust.

530 5621 644 5693 (75)
681 5621 1105 5691 Palati-ﬁxam
1129 5621 1237 5680 τῶν
1262 5627 1555 5699 γεννητῶν.

2203 5561 2317 5636 (⁷6)
2357 5566 2495 5637 Aug.
2517 5568 2754 5640 γεννητά
2783 5568 2890 5627 bis.
2925 5569 3067 5627 Editi
3098 5579 3155 5627 et
3183 5569 3277 5624 alii
3306 5570 3543 5641 γεννητάΔ
