  <div class='ocr_page' id='page_1' title='image "/cluster/home/n/w/nwhite01/storage/ocr_20150623/28/nnc1.0046978690/646.png"; bbox 0 0 3862 6204; ppageno 0'>
   <div class='ocr_carea' id='block_1_1' title="bbox 1075 314 2375 376">
    <p class='ocr_par' dir='ltr' id='par_1_1' title="bbox 1075 314 2375 376">
     <span class='ocr_line' id='line_1_1' title="bbox 1075 314 2375 376; baseline -0.001 -4"><span class='ocrx_word' id='word_1_1' title='bbox 1075 317 1166 373; x_wconf 85' lang='lat' dir='ltr'><strong>DE</strong></span> <span class='ocrx_word' id='word_1_2' title='bbox 1200 316 1482 376; x_wconf 73' lang='lat' dir='ltr'><strong>SANCTA</strong></span> <span class='ocrx_word' id='word_1_3' title='bbox 1513 315 1899 374; x_wconf 70' lang='grc' dir='ltr'><strong>ΤΜΝΙΤΑΤΕ</strong></span> <span class='ocrx_word' id='word_1_4' title='bbox 1929 314 2278 372; x_wconf 77' lang='lat' dir='ltr'><strong>DIALOGUS</strong></span> <span class='ocrx_word' id='word_1_5' title='bbox 2307 315 2375 373; x_wconf 77' lang='lat' dir='ltr'><strong>li.</strong></span> 
     </span>
    </p>
   </div>
   <div class='ocr_carea' id='block_1_2' title="bbox 3240 310 3385 370">
    <p class='ocr_par' dir='ltr' id='par_1_2' title="bbox 3240 310 3385 370">
     <span class='ocr_line' id='line_1_2' title="bbox 3240 310 3385 370; baseline -0.034 0"><span class='ocrx_word' id='word_1_6' title='bbox 3240 310 3385 370; x_wconf 77' lang='lat' dir='ltr'><strong>H90</strong></span> 
     </span>
    </p>
   </div>
   <div class='ocr_carea' id='block_1_3' title="bbox 84 428 3387 499">
    <p class='ocr_par' dir='ltr' id='par_1_3' title="bbox 84 428 3387 499">
     <span class='ocr_line' id='line_1_3' title="bbox 84 428 3387 499; baseline -0.003 -3"><span class='ocrx_word' id='word_1_7' title='bbox 84 446 175 496; x_wconf 81' lang='lat' dir='ltr'><strong>est</strong></span> <span class='ocrx_word' id='word_1_8' title='bbox 197 435 526 499; x_wconf 70' lang='lat' dir='ltr'><strong>substantia,</strong></span> <span class='ocrx_word' id='word_1_9' title='bbox 554 443 713 491; x_wconf 79' lang='lat' dir='ltr'><strong>ortus</strong></span> <span class='ocrx_word' id='word_1_10' title='bbox 743 443 925 491; x_wconf 82' lang='lat' dir='ltr'><strong>autem</strong></span> <span class='ocrx_word' id='word_1_11' title='bbox 951 434 1272 491; x_wconf 72' lang='lat' dir='ltr'><strong>substantia</strong></span> <span class='ocrx_word' id='word_1_12' title='bbox 1299 449 1413 490; x_wconf 88' lang='lat' dir='ltr'><strong>non</strong></span> <span class='ocrx_word' id='word_1_13' title='bbox 1444 444 1552 499; x_wconf 85' lang='lat' dir='ltr'><strong>est,</strong></span> <span class='ocrx_word' id='word_1_14' title='bbox 1582 447 1687 489; x_wconf 89' lang='lat' dir='ltr'><strong>cur</strong></span> <span class='ocrx_word' id='word_1_15' title='bbox 1713 443 1774 489; x_wconf 93' lang='lat' dir='ltr'><strong>tu</strong></span> <span class='ocrx_word' id='word_1_16' title='bbox 1805 430 2077 488; x_wconf 71' lang='lat' dir='ltr'><strong>dissimile</strong></span> <span class='ocrx_word' id='word_1_17' title='bbox 2108 432 2432 489; x_wconf 69' lang='lat' dir='ltr'><strong>dicisicum</strong></span> <span class='ocrx_word' id='word_1_18' title='bbox 2462 444 2566 486; x_wconf 84' lang='lat' dir='ltr'><strong>ens</strong></span> <span class='ocrx_word' id='word_1_19' title='bbox 2598 444 2708 485; x_wconf 87' lang='lat' dir='ltr'><strong>non</strong></span> <span class='ocrx_word' id='word_1_20' title='bbox 2730 430 2847 486; x_wconf 86' lang='lat' dir='ltr'><strong>enti</strong></span> <span class='ocrx_word' id='word_1_21' title='bbox 2878 444 2982 485; x_wconf 83' lang='lat' dir='ltr'><strong>nec.</strong></span> <span class='ocrx_word' id='word_1_22' title='bbox 3004 428 3280 487; x_wconf 86' lang='lat' dir='ltr'><strong>dissimile</strong></span> <span class='ocrx_word' id='word_1_23' title='bbox 3311 432 3387 488; x_wconf 82' lang='lat' dir='ltr'><strong>sit</strong></span> 
     </span>
    </p>
   </div>
   <div class='ocr_carea' id='block_1_4' title="bbox 85 529 423 586">
    <p class='ocr_par' dir='ltr' id='par_1_4' title="bbox 85 529 423 586">
     <span class='ocr_line' id='line_1_4' title="bbox 85 529 423 586; baseline -0.012 0"><span class='ocrx_word' id='word_1_24' title='bbox 85 546 192 586; x_wconf 87' lang='lat' dir='ltr'><strong>nec</strong></span> <span class='ocrx_word' id='word_1_25' title='bbox 224 529 423 584; x_wconf 85' lang='lat' dir='ltr'><strong>simile.</strong></span> 
     </span>
    </p>
   </div>
   <div class='ocr_carea' id='block_1_5' title="bbox 159 581 1684 721">
    <p class='ocr_par' dir='ltr' id='par_1_5' title="bbox 159 581 1677 691">
     <span class='ocr_line' id='line_1_5' title="bbox 159 581 1677 691; baseline -0.004 -13"><span class='ocrx_word' id='word_1_26' title='bbox 159 581 525 689; x_wconf 41' lang='grc' dir='ltr'><strong>ἐιῖΉἋ-νιόμ.</strong></span> <span class='ocrx_word' id='word_1_27' title='bbox 578 619 643 674; x_wconf 75' lang='lat' dir='ltr'><strong>Et</strong></span> <span class='ocrx_word' id='word_1_28' title='bbox 694 617 1002 690; x_wconf 77' lang='grc' dir='ltr'>στερήσεώς</span> <span class='ocrx_word' id='word_1_29' title='bbox 1072 622 1190 673; x_wconf 73' lang='grc' dir='ltr'>ἐστι</span> <span class='ocrx_word' id='word_1_30' title='bbox 1238 619 1534 691; x_wconf 76' lang='grc' dir='ltr'>δηλωτικὸν</span> <span class='ocrx_word' id='word_1_31' title='bbox 1560 620 1677 673; x_wconf 64' lang='grc' dir='ltr'><strong>’ἐπὶ</strong></span> 
     </span>
    </p>
   </div>
   <div class='ocr_carea' id='block_1_6' title="bbox 1796 581 3403 721">
    <p class='ocr_par' dir='ltr' id='par_1_6' title="bbox 1849 581 3403 721">
     <span class='ocr_line' id='line_1_6' title="bbox 1849 581 3403 721; baseline -0.002 -49"><span class='ocrx_word' id='word_1_32' title='bbox 1849 617 1943 674; x_wconf 72' lang='grc'><strong>21.</strong></span> <span class='ocrx_word' id='word_1_33' title='bbox 1984 618 2178 672; x_wconf 77' lang='lat' dir='ltr'><strong>Anam.</strong></span> <span class='ocrx_word' id='word_1_34' title='bbox 2212 615 2272 671; x_wconf 87' lang='lat' dir='ltr'><strong>Si</strong></span> <span class='ocrx_word' id='word_1_35' title='bbox 2303 631 2413 672; x_wconf 89' lang='lat' dir='ltr'><strong>non</strong></span> <span class='ocrx_word' id='word_1_36' title='bbox 2447 616 2690 688; x_wconf 86' lang='lat' dir='ltr'><strong>genitum</strong></span> <span class='ocrx_word' id='word_1_37' title='bbox 2716 616 2772 671; x_wconf 93' lang='lat' dir='ltr'><strong>in</strong></span> <span class='ocrx_word' id='word_1_38' title='bbox 2798 612 2911 670; x_wconf 87' lang='lat' dir='ltr'><strong>Deo</strong></span> <span class='ocrx_word' id='word_1_39' title='bbox 2939 614 3166 669; x_wconf 86' lang='lat' dir='ltr'><strong>denotat</strong></span> <span class='ocrx_word' id='word_1_40' title='bbox 3202 581 3403 721; x_wconf 53' lang='lat' dir='ltr'><strong>privaoz</strong></span> 
     </span>
    </p>
   </div>
   <div class='ocr_carea' id='block_1_7' title="bbox 83 709 1683 783">
    <p class='ocr_par' dir='ltr' id='par_1_7' title="bbox 83 709 1683 783">
     <span class='ocr_line' id='line_1_7' title="bbox 83 709 1683 783; baseline 0 -17"><span class='ocrx_word' id='word_1_41' title='bbox 83 710 225 767; x_wconf 83' lang='grc' dir='ltr'>Θεοῦ</span> <span class='ocrx_word' id='word_1_42' title='bbox 257 710 318 766; x_wconf 84' lang='lat' dir='ltr'><strong>rb</strong></span> <span class='ocrx_word' id='word_1_43' title='bbox 344 710 667 783; x_wconf 72' lang='grc' dir='ltr'><strong>ἀγέννητον,</strong></span> <span class='ocrx_word' id='word_1_44' title='bbox 707 709 877 782; x_wconf 82' lang='grc' dir='ltr'>μηδὲν</span> <span class='ocrx_word' id='word_1_45' title='bbox 906 710 963 764; x_wconf 84' lang='grc' dir='ltr'><strong>δὲ</strong></span> <span class='ocrx_word' id='word_1_46' title='bbox 990 712 1077 782; x_wconf 85' lang='grc' dir='ltr'><strong>είη</strong></span> <span class='ocrx_word' id='word_1_47' title='bbox 1107 711 1170 765; x_wconf 88' lang='lat' dir='ltr'><strong>rb</strong></span> <span class='ocrx_word' id='word_1_48' title='bbox 1196 712 1512 783; x_wconf 71' lang='grc' dir='ltr'><strong>ἀγέννητον,</strong></span> <span class='ocrx_word' id='word_1_49' title='bbox 1532 716 1683 777; x_wconf 82' lang='grc' dir='ltr'>ποῖος</span> 
     </span>
    </p>
   </div>
   <div class='ocr_carea' id='block_1_8' title="bbox 82 802 1685 876">
    <p class='ocr_par' dir='ltr' id='par_1_8' title="bbox 82 802 1685 876">
     <span class='ocr_line' id='line_1_8' title="bbox 82 802 1685 876; baseline -0.001 -16"><span class='ocrx_word' id='word_1_50' title='bbox 82 806 244 875; x_wconf 85' lang='grc' dir='ltr'>λόγος</span> <span class='ocrx_word' id='word_1_51' title='bbox 297 804 363 860; x_wconf 82' lang='grc' dir='ltr'><strong>ἂν</strong></span> <span class='ocrx_word' id='word_1_52' title='bbox 413 804 742 875; x_wconf 72' lang='grc' dir='ltr'>ἀφαιρήσειε</span> <span class='ocrx_word' id='word_1_53' title='bbox 801 803 898 858; x_wconf 89' lang='grc' dir='ltr'><strong>τοῦ</strong></span> <span class='ocrx_word' id='word_1_54' title='bbox 940 804 1170 876; x_wconf 81' lang='grc' dir='ltr'>μηδενὸς</span> <span class='ocrx_word' id='word_1_55' title='bbox 1221 805 1283 858; x_wconf 82' lang='grc' dir='ltr'>τὸ</span> <span class='ocrx_word' id='word_1_56' title='bbox 1328 804 1494 876; x_wconf 85' lang='grc' dir='ltr'>μηδὲν</span> <span class='ocrx_word' id='word_1_57' title='bbox 1545 802 1685 869; x_wconf 80' lang='grc' dir='ltr'>εἶδος</span> 
     </span>
    </p>
   </div>
   <div class='ocr_carea' id='block_1_9' title="bbox 86 895 1681 970">
    <p class='ocr_par' dir='ltr' id='par_1_9' title="bbox 86 895 1681 970">
     <span class='ocr_line' id='line_1_9' title="bbox 86 895 1681 970; baseline 0.001 -20"><span class='ocrx_word' id='word_1_58' title='bbox 86 913 155 968; x_wconf 77' lang='grc' dir='ltr'><strong>ση</strong></span> <span class='ocrx_word' id='word_1_59' title='bbox 167 900 389 968; x_wconf 85' lang='grc' dir='ltr'>μαῖνον;</span> <span class='ocrx_word' id='word_1_60' title='bbox 441 895 525 959; x_wconf 86' lang='grc' dir='ltr'><strong>τίς</strong></span> <span class='ocrx_word' id='word_1_61' title='bbox 556 895 666 965; x_wconf 84' lang='grc' dir='ltr'>ἄρα</span> <span class='ocrx_word' id='word_1_62' title='bbox 703 897 1005 967; x_wconf 76' lang='grc' dir='ltr'><strong>χωρήσειεν</strong></span> <span class='ocrx_word' id='word_1_63' title='bbox 1036 896 1189 963; x_wconf 72' lang='grc' dir='ltr'>ὄντος</span> <span class='ocrx_word' id='word_1_64' title='bbox 1214 896 1303 963; x_wconf 79' lang='grc' dir='ltr'><strong>ὃν,</strong></span> <span class='ocrx_word' id='word_1_65' title='bbox 1334 899 1471 970; x_wconf 84' lang='grc' dir='ltr'>ὅπερ</span> <span class='ocrx_word' id='word_1_66' title='bbox 1514 898 1681 965; x_wconf 72' lang='grc' dir='ltr'>ἐστὶν,</span> 
     </span>
    </p>
   </div>
   <div class='ocr_carea' id='block_1_10' title="bbox 83 987 1685 1059">
    <p class='ocr_par' dir='ltr' id='par_1_10' title="bbox 83 987 1685 1059">
     <span class='ocr_line' id='line_1_10' title="bbox 83 987 1685 1059; baseline 0.002 -17"><span class='ocrx_word' id='word_1_67' title='bbox 83 989 224 1043; x_wconf 81' lang='grc' dir='ltr'>αὐτὸ</span> <span class='ocrx_word' id='word_1_68' title='bbox 256 987 485 1054; x_wconf 83' lang='grc' dir='ltr'>ἐαυτοῦ;</span> <span class='ocrx_word' id='word_1_69' title='bbox 521 990 668 1058; x_wconf 76' lang='grc' dir='ltr'><strong>Ὀρθ.</strong></span> <span class='ocrx_word' id='word_1_70' title='bbox 702 990 766 1043; x_wconf 79' lang='lat' dir='ltr'><strong>Et</strong></span> <span class='ocrx_word' id='word_1_71' title='bbox 798 989 858 1042; x_wconf 88' lang='lat' dir='ltr'><strong>rb</strong></span> <span class='ocrx_word' id='word_1_72' title='bbox 886 989 1162 1059; x_wconf 80' lang='grc' dir='ltr'><strong>ἄφθαρτον</strong></span> <span class='ocrx_word' id='word_1_73' title='bbox 1191 992 1286 1044; x_wconf 72' lang='grc' dir='ltr'><strong>καὶ</strong></span> <span class='ocrx_word' id='word_1_74' title='bbox 1322 991 1384 1044; x_wconf 88' lang='lat' dir='ltr'><strong>rb</strong></span> <span class='ocrx_word' id='word_1_75' title='bbox 1416 991 1685 1046; x_wconf 79' lang='grc' dir='ltr'>ἀθάνατον</span> 
     </span>
    </p>
   </div>
   <div class='ocr_carea' id='block_1_11' title="bbox 47 1072 1683 1156">
    <p class='ocr_par' dir='ltr' id='par_1_11' title="bbox 47 1072 1683 1156">
     <span class='ocr_line' id='line_1_11' title="bbox 47 1072 1683 1156; baseline 0.001 -19"><span class='ocrx_word' id='word_1_76' title='bbox 47 1072 404 1156; x_wconf 60' lang='grc' dir='ltr'>έστερήσεώς</span> <span class='ocrx_word' id='word_1_77' title='bbox 459 1083 568 1136; x_wconf 79' lang='grc' dir='ltr'>εἱσι</span> <span class='ocrx_word' id='word_1_78' title='bbox 610 1081 907 1154; x_wconf 76' lang='grc' dir='ltr'><strong>δηλωτικὰ,</strong></span> <span class='ocrx_word' id='word_1_79' title='bbox 938 1081 1079 1135; x_wconf 80' lang='grc' dir='ltr'>ἔστω</span> <span class='ocrx_word' id='word_1_80' title='bbox 1127 1084 1222 1136; x_wconf 62' lang='grc' dir='ltr'><strong>καὶ</strong></span> <span class='ocrx_word' id='word_1_81' title='bbox 1271 1084 1332 1137; x_wconf 84' lang='grc' dir='ltr'>τὸ</span> <span class='ocrx_word' id='word_1_82' title='bbox 1367 1084 1683 1156; x_wconf 83' lang='grc' dir='ltr'>ἀγέννητον.</span> 
     </span>
    </p>
   </div>
   <div class='ocr_carea' id='block_1_12' title="bbox 84 1169 1684 1247">
    <p class='ocr_par' dir='ltr' id='par_1_12' title="bbox 84 1169 1684 1247">
     <span class='ocr_line' id='line_1_12' title="bbox 84 1169 1684 1247; baseline 0.002 -19"><span class='ocrx_word' id='word_1_83' title='bbox 84 1174 218 1239; x_wconf 82' lang='grc' dir='ltr'>Τοῖς</span> <span class='ocrx_word' id='word_1_84' title='bbox 271 1169 365 1229; x_wconf 72' lang='grc' dir='ltr'><strong>οῦν</strong></span> <span class='ocrx_word' id='word_1_85' title='bbox 420 1174 605 1238; x_wconf 79' lang='grc' dir='ltr'>αὐτοῖς</span> <span class='ocrx_word' id='word_1_86' title='bbox 658 1175 752 1228; x_wconf 73' lang='grc' dir='ltr'><strong>καὶ</strong></span> <span class='ocrx_word' id='word_1_87' title='bbox 806 1175 969 1246; x_wconf 69' lang='grc' dir='ltr'>ἡμεῖς</span> <span class='ocrx_word' id='word_1_88' title='bbox 1008 1174 1344 1247; x_wconf 83' lang='grc' dir='ltr'>χρησώμεθα</span> <span class='ocrx_word' id='word_1_89' title='bbox 1383 1175 1596 1245; x_wconf 78' lang='grc' dir='ltr'><strong>λόγοις·</strong></span> <span class='ocrx_word' id='word_1_90' title='bbox 1633 1178 1684 1231; x_wconf 81' lang='grc' dir='ltr'>εἰ</span> 
     </span>
    </p>
   </div>
   <div class='ocr_carea' id='block_1_13' title="bbox 86 1264 1680 1342">
    <p class='ocr_par' dir='ltr' id='par_1_13' title="bbox 86 1264 1680 1342">
     <span class='ocr_line' id='line_1_13' title="bbox 86 1264 1680 1342; baseline 0.003 -23"><span class='ocrx_word' id='word_1_91' title='bbox 86 1264 401 1339; x_wconf 81' lang='grc' dir='ltr'>στερήσεώς</span> <span class='ocrx_word' id='word_1_92' title='bbox 453 1268 572 1320; x_wconf 80' lang='grc' dir='ltr'>ἐστι</span> <span class='ocrx_word' id='word_1_93' title='bbox 618 1266 915 1337; x_wconf 81' lang='grc' dir='ltr'>δηλωτικὸν</span> <span class='ocrx_word' id='word_1_94' title='bbox 954 1269 1047 1320; x_wconf 72' lang='grc' dir='ltr'><strong>ἐπὶ</strong></span> <span class='ocrx_word' id='word_1_95' title='bbox 1093 1266 1229 1321; x_wconf 85' lang='grc' dir='ltr'>Θεοῦ</span> <span class='ocrx_word' id='word_1_96' title='bbox 1278 1268 1341 1321; x_wconf 77' lang='lat' dir='ltr'><strong>rb</strong></span> <span class='ocrx_word' id='word_1_97' title='bbox 1383 1268 1680 1342; x_wconf 66' lang='grc' dir='ltr'>ἄφθαρτον,</span> 
     </span>
    </p>
   </div>
   <div class='ocr_carea' id='block_1_14' title="bbox 88 1359 1686 1436">
    <p class='ocr_par' dir='ltr' id='par_1_14' title="bbox 88 1359 1686 1436">
     <span class='ocr_line' id='line_1_14' title="bbox 88 1359 1686 1436; baseline 0.002 -22"><span class='ocrx_word' id='word_1_98' title='bbox 88 1360 262 1434; x_wconf 79' lang='grc' dir='ltr'>μηδὲν</span> <span class='ocrx_word' id='word_1_99' title='bbox 306 1360 362 1415; x_wconf 83' lang='grc' dir='ltr'>δέ</span> <span class='ocrx_word' id='word_1_100' title='bbox 407 1362 525 1415; x_wconf 76' lang='grc' dir='ltr'>ἐστι</span> <span class='ocrx_word' id='word_1_101' title='bbox 566 1359 627 1416; x_wconf 94' lang='lat' dir='ltr'><strong>rb</strong></span> <span class='ocrx_word' id='word_1_102' title='bbox 652 1359 959 1435; x_wconf 77' lang='grc' dir='ltr'><strong>ἄφθαρτον·</strong></span> <span class='ocrx_word' id='word_1_103' title='bbox 997 1363 1149 1425; x_wconf 79' lang='grc' dir='ltr'>ποῖος</span> <span class='ocrx_word' id='word_1_104' title='bbox 1173 1360 1332 1431; x_wconf 86' lang='grc' dir='ltr'>λόγος</span> <span class='ocrx_word' id='word_1_105' title='bbox 1357 1361 1686 1436; x_wconf 80' lang='grc' dir='ltr'>ἀνάφαιρή-</span> 
     </span>
    </p>
   </div>
   <div class='ocr_carea' id='block_1_15' title="bbox 90 1450 1685 1530">
    <p class='ocr_par' dir='ltr' id='par_1_15' title="bbox 90 1450 1685 1530">
     <span class='ocr_line' id='line_1_15' title="bbox 90 1450 1685 1530; baseline 0.003 -22"><span class='ocrx_word' id='word_1_106' title='bbox 90 1470 208 1508; x_wconf 77' lang='grc' dir='ltr'>σειε</span> <span class='ocrx_word' id='word_1_107' title='bbox 249 1453 347 1508; x_wconf 84' lang='grc' dir='ltr'><strong>τοῦ</strong></span> <span class='ocrx_word' id='word_1_108' title='bbox 396 1453 623 1527; x_wconf 73' lang='grc' dir='ltr'>μηδενὸς</span> <span class='ocrx_word' id='word_1_109' title='bbox 658 1453 720 1508; x_wconf 87' lang='lat' dir='ltr'><strong>rb</strong></span> <span class='ocrx_word' id='word_1_110' title='bbox 763 1455 930 1526; x_wconf 77' lang='grc' dir='ltr'>μηδὲν</span> <span class='ocrx_word' id='word_1_111' title='bbox 959 1450 1095 1519; x_wconf 81' lang='grc' dir='ltr'>εἶδος</span> <span class='ocrx_word' id='word_1_112' title='bbox 1142 1459 1437 1527; x_wconf 84' lang='grc' dir='ltr'>σημαῖνον;</span> <span class='ocrx_word' id='word_1_113' title='bbox 1464 1457 1547 1523; x_wconf 81' lang='grc' dir='ltr'><strong>τίς</strong></span> <span class='ocrx_word' id='word_1_114' title='bbox 1576 1459 1685 1530; x_wconf 84' lang='grc' dir='ltr'>ἄρα</span> 
     </span>
    </p>
   </div>
   <div class='ocr_carea' id='block_1_16' title="bbox 87 1545 1685 1621">
    <p class='ocr_par' dir='ltr' id='par_1_16' title="bbox 87 1545 1685 1621">
     <span class='ocr_line' id='line_1_16' title="bbox 87 1545 1685 1621; baseline 0.003 -22"><span class='ocrx_word' id='word_1_115' title='bbox 87 1546 366 1619; x_wconf 80' lang='grc' dir='ltr'>χωρήσειε</span> <span class='ocrx_word' id='word_1_116' title='bbox 412 1545 507 1600; x_wconf 87' lang='grc' dir='ltr'><strong>τοῦ</strong></span> <span class='ocrx_word' id='word_1_117' title='bbox 549 1545 778 1618; x_wconf 73' lang='grc' dir='ltr'>μηδενὸς</span> <span class='ocrx_word' id='word_1_118' title='bbox 809 1546 873 1600; x_wconf 85' lang='lat' dir='ltr'><strong>rb</strong></span> <span class='ocrx_word' id='word_1_119' title='bbox 912 1546 1100 1618; x_wconf 69' lang='grc' dir='ltr'>μηδὲν,</span> <span class='ocrx_word' id='word_1_120' title='bbox 1127 1547 1161 1619; x_wconf 78' lang='grc' dir='ltr'>ἢ</span> <span class='ocrx_word' id='word_1_121' title='bbox 1189 1547 1342 1613; x_wconf 79' lang='grc' dir='ltr'>όντος</span> <span class='ocrx_word' id='word_1_122' title='bbox 1365 1548 1515 1614; x_wconf 71' lang='grc' dir='ltr'>ὄντα,</span> <span class='ocrx_word' id='word_1_123' title='bbox 1540 1548 1685 1621; x_wconf 79' lang='grc' dir='ltr'>ἅπερ</span> 
     </span>
    </p>
   </div>
   <div class='ocr_carea' id='block_1_17' title="bbox 85 1637 1685 1712">
    <p class='ocr_par' dir='ltr' id='par_1_17' title="bbox 85 1637 1685 1712">
     <span class='ocr_line' id='line_1_17' title="bbox 85 1637 1685 1712; baseline 0.003 -18"><span class='ocrx_word' id='word_1_124' title='bbox 85 1640 210 1695; x_wconf 67' lang='grc' dir='ltr'>ἐστὶ</span> <span class='ocrx_word' id='word_1_125' title='bbox 245 1639 555 1711; x_wconf 81' lang='grc' dir='ltr'>στερήσεως</span> <span class='ocrx_word' id='word_1_126' title='bbox 581 1637 876 1709; x_wconf 67' lang='grc' dir='ltr'>δηλωτικὰ,</span> <span class='ocrx_word' id='word_1_127' title='bbox 904 1639 966 1692; x_wconf 88' lang='lat' dir='ltr'><strong>rb</strong></span> <span class='ocrx_word' id='word_1_128' title='bbox 990 1638 1288 1712; x_wconf 75' lang='grc' dir='ltr'><strong>ἄφθαρτον,</strong></span> <span class='ocrx_word' id='word_1_129' title='bbox 1322 1642 1416 1696; x_wconf 72' lang='lat' dir='ltr'><strong>xa‘t</strong></span> <span class='ocrx_word' id='word_1_130' title='bbox 1448 1643 1509 1697; x_wconf 81' lang='lat' dir='ltr'><strong>rb</strong></span> <span class='ocrx_word' id='word_1_131' title='bbox 1551 1643 1685 1699; x_wconf 77' lang='grc' dir='ltr'>ἀθάο</span> 
     </span>
    </p>
   </div>
   <div class='ocr_carea' id='block_1_18' title="bbox 86 1731 1685 1808">
    <p class='ocr_par' dir='ltr' id='par_1_18' title="bbox 86 1731 1685 1808">
     <span class='ocr_line' id='line_1_18' title="bbox 86 1731 1685 1808; baseline 0.003 -21"><span class='ocrx_word' id='word_1_132' title='bbox 86 1747 275 1795; x_wconf 79' lang='grc' dir='ltr'>νατον,</span> <span class='ocrx_word' id='word_1_133' title='bbox 311 1733 406 1785; x_wconf 76' lang='grc' dir='ltr'><strong>καὶ</strong></span> <span class='ocrx_word' id='word_1_134' title='bbox 445 1733 509 1786; x_wconf 84' lang='lat' dir='ltr'><strong>rb</strong></span> <span class='ocrx_word' id='word_1_135' title='bbox 553 1731 883 1803; x_wconf 80' lang='grc' dir='ltr'>ἀγέννητον;</span> <span class='ocrx_word' id='word_1_136' title='bbox 920 1732 1034 1785; x_wconf 75' lang='grc' dir='ltr'>Καὶ</span> <span class='ocrx_word' id='word_1_137' title='bbox 1066 1734 1115 1786; x_wconf 77' lang='grc' dir='ltr'>εἰ</span> <span class='ocrx_word' id='word_1_138' title='bbox 1146 1733 1314 1804; x_wconf 73' lang='grc' dir='ltr'>ταυτδ</span> <span class='ocrx_word' id='word_1_139' title='bbox 1342 1736 1600 1808; x_wconf 76' lang='grc' dir='ltr'><strong>σημαίνει</strong></span> <span class='ocrx_word' id='word_1_140' title='bbox 1624 1736 1685 1791; x_wconf 83' lang='lat' dir='ltr'><strong>rb</strong></span> 
     </span>
    </p>
   </div>
   <div class='ocr_carea' id='block_1_19' title="bbox 85 1820 1685 1897">
    <p class='ocr_par' dir='ltr' id='par_1_19' title="bbox 85 1820 1685 1897">
     <span class='ocr_line' id='line_1_19' title="bbox 85 1820 1685 1897; baseline 0.002 -20"><span class='ocrx_word' id='word_1_141' title='bbox 85 1820 369 1896; x_wconf 75' lang='grc' dir='ltr'><strong>ἄφθαρτον</strong></span> <span class='ocrx_word' id='word_1_142' title='bbox 395 1822 488 1876; x_wconf 68' lang='grc' dir='ltr'>καὶ</span> <span class='ocrx_word' id='word_1_143' title='bbox 519 1821 580 1876; x_wconf 86' lang='lat' dir='ltr'><strong>rb</strong></span> <span class='ocrx_word' id='word_1_144' title='bbox 603 1822 893 1887; x_wconf 79' lang='grc' dir='ltr'>ἀθάνατον,</span> <span class='ocrx_word' id='word_1_145' title='bbox 919 1824 1015 1876; x_wconf 79' lang='grc' dir='ltr'><strong>καὶ</strong></span> <span class='ocrx_word' id='word_1_146' title='bbox 1038 1823 1100 1876; x_wconf 91' lang='lat' dir='ltr'><strong>rb</strong></span> <span class='ocrx_word' id='word_1_147' title='bbox 1121 1824 1420 1897; x_wconf 75' lang='grc' dir='ltr'><strong>ἀγέννητον</strong></span> <span class='ocrx_word' id='word_1_148' title='bbox 1443 1843 1457 1857; x_wconf 73' lang='grc'><strong><em>⁸</em></strong></span> <span class='ocrx_word' id='word_1_149' title='bbox 1490 1825 1607 1880; x_wconf 77' lang='grc' dir='ltr'>ἔστι</span> <span class='ocrx_word' id='word_1_150' title='bbox 1627 1826 1685 1880; x_wconf 76' lang='grc' dir='ltr'><strong>δὲ</strong></span> 
     </span>
    </p>
   </div>
   <div class='ocr_carea' id='block_1_20' title="bbox 84 1913 1685 1990">
    <p class='ocr_par' dir='ltr' id='par_1_20' title="bbox 84 1913 1685 1990">
     <span class='ocr_line' id='line_1_20' title="bbox 84 1913 1685 1990; baseline 0.001 -19"><span class='ocrx_word' id='word_1_151' title='bbox 84 1916 187 1972; x_wconf 74' lang='grc' dir='ltr'><strong>καὶ</strong></span> <span class='ocrx_word' id='word_1_152' title='bbox 211 1918 243 1970; x_wconf 87' lang='grc' dir='ltr'><strong>ό</strong></span> <span class='ocrx_word' id='word_1_153' title='bbox 272 1915 402 1979; x_wconf 73' lang='grc' dir='ltr'>Υἱὸς</span> <span class='ocrx_word' id='word_1_154' title='bbox 428 1913 703 1987; x_wconf 71' lang='grc' dir='ltr'>ἄφθαρτος</span> <span class='ocrx_word' id='word_1_155' title='bbox 747 1915 844 1970; x_wconf 75' lang='grc' dir='ltr'><strong>καὶ</strong></span> <span class='ocrx_word' id='word_1_156' title='bbox 887 1914 1155 1982; x_wconf 80' lang='grc' dir='ltr'>ἀθάνατος</span> <span class='ocrx_word' id='word_1_157' title='bbox 1179 1933 1193 1947; x_wconf 86' lang='grc'><strong>·</strong></span> <span class='ocrx_word' id='word_1_158' title='bbox 1242 1916 1390 1971; x_wconf 81' lang='grc' dir='ltr'>ἔστιν</span> <span class='ocrx_word' id='word_1_159' title='bbox 1436 1917 1544 1990; x_wconf 83' lang='grc' dir='ltr'><strong>ἀρα</strong></span> <span class='ocrx_word' id='word_1_160' title='bbox 1586 1919 1685 1972; x_wconf 76' lang='grc' dir='ltr'><strong>καὶ</strong></span> 
     </span>
    </p>
   </div>
   <div class='ocr_carea' id='block_1_21' title="bbox 1790 709 3400 782">
    <p class='ocr_par' dir='ltr' id='par_1_21' title="bbox 1790 709 3400 782">
     <span class='ocr_line' id='line_1_21' title="bbox 1790 709 3400 782; baseline -0.004 -15"><span class='ocrx_word' id='word_1_161' title='bbox 1790 713 2012 773; x_wconf 90' lang='lat' dir='ltr'><strong>tionem,</strong></span> <span class='ocrx_word' id='word_1_162' title='bbox 2044 718 2099 765; x_wconf 88' lang='lat' dir='ltr'><strong>et</strong></span> <span class='ocrx_word' id='word_1_163' title='bbox 2129 726 2238 764; x_wconf 90' lang='lat' dir='ltr'><strong>non</strong></span> <span class='ocrx_word' id='word_1_164' title='bbox 2271 713 2513 782; x_wconf 77' lang='lat' dir='ltr'><strong>genitum</strong></span> <span class='ocrx_word' id='word_1_165' title='bbox 2533 725 2658 765; x_wconf 89' lang='lat' dir='ltr'><strong>esse</strong></span> <span class='ocrx_word' id='word_1_166' title='bbox 2676 709 2813 763; x_wconf 87' lang='lat' dir='ltr'><strong>nihil</strong></span> <span class='ocrx_word' id='word_1_167' title='bbox 2849 718 2953 772; x_wconf 89' lang='lat' dir='ltr'><strong>est,</strong></span> <span class='ocrx_word' id='word_1_168' title='bbox 3002 723 3255 780; x_wconf 64' lang='lat' dir='ltr'><strong>quaenam</strong></span> <span class='ocrx_word' id='word_1_169' title='bbox 3287 709 3400 764; x_wconf 75' lang='lat' dir='ltr'><strong>eo-l</strong></span> 
     </span>
    </p>
   </div>
   <div class='ocr_carea' id='block_1_22' title="bbox 1791 802 3400 876">
    <p class='ocr_par' dir='ltr' id='par_1_22' title="bbox 1791 802 3400 876">
     <span class='ocr_line' id='line_1_22' title="bbox 1791 802 3400 876; baseline -0.002 -17"><span class='ocrx_word' id='word_1_170' title='bbox 1791 805 1984 876; x_wconf 88' lang='lat' dir='ltr'><strong>gitatio</strong></span> <span class='ocrx_word' id='word_1_171' title='bbox 2033 803 2313 858; x_wconf 88' lang='lat' dir='ltr'><strong>discernet</strong></span> <span class='ocrx_word' id='word_1_172' title='bbox 2347 803 2481 857; x_wconf 86' lang='lat' dir='ltr'><strong>illud</strong></span> <span class='ocrx_word' id='word_1_173' title='bbox 2506 803 2650 872; x_wconf 90' lang='lat' dir='ltr'><strong>quod</strong></span> <span class='ocrx_word' id='word_1_174' title='bbox 2681 803 2917 872; x_wconf 89' lang='lat' dir='ltr'><strong>speciem</strong></span> <span class='ocrx_word' id='word_1_175' title='bbox 2949 803 3155 857; x_wconf 89' lang='lat' dir='ltr'><strong>nullam</strong></span> <span class='ocrx_word' id='word_1_176' title='bbox 3178 802 3400 873; x_wconf 60' lang='lat' dir='ltr'><strong>signiti-i</strong></span> 
     </span>
    </p>
   </div>
   <div class='ocr_carea' id='block_1_23' title="bbox 1790 896 3390 967">
    <p class='ocr_par' dir='ltr' id='par_1_23' title="bbox 1790 896 3390 967">
     <span class='ocr_line' id='line_1_23' title="bbox 1790 896 3390 967; baseline 0 -15"><span class='ocrx_word' id='word_1_177' title='bbox 1790 905 1901 961; x_wconf 89' lang='lat' dir='ltr'><strong>cat,</strong></span> <span class='ocrx_word' id='word_1_178' title='bbox 1933 896 2002 950; x_wconf 89' lang='lat' dir='ltr'><strong>ab</strong></span> <span class='ocrx_word' id='word_1_179' title='bbox 2029 912 2095 951; x_wconf 89' lang='lat' dir='ltr'><strong>eo</strong></span> <span class='ocrx_word' id='word_1_180' title='bbox 2118 896 2268 967; x_wconf 87' lang='lat' dir='ltr'><strong>quod</strong></span> <span class='ocrx_word' id='word_1_181' title='bbox 2303 911 2414 949; x_wconf 90' lang='lat' dir='ltr'><strong>non</strong></span> <span class='ocrx_word' id='word_1_182' title='bbox 2459 896 2579 950; x_wconf 88' lang='lat' dir='ltr'><strong>est?</strong></span> <span class='ocrx_word' id='word_1_183' title='bbox 2604 897 2799 964; x_wconf 88' lang='lat' dir='ltr'><strong>quisve</strong></span> <span class='ocrx_word' id='word_1_184' title='bbox 2852 896 3134 965; x_wconf 81' lang='lat' dir='ltr'><strong>separabit</strong></span> <span class='ocrx_word' id='word_1_185' title='bbox 3164 896 3234 951; x_wconf 91' lang='lat' dir='ltr'><strong>ab</strong></span> <span class='ocrx_word' id='word_1_186' title='bbox 3260 904 3390 952; x_wconf 90' lang='lat' dir='ltr'><strong>ente</strong></span> 
     </span>
    </p>
   </div>
   <div class='ocr_carea' id='block_1_24' title="bbox 1790 989 3390 1062">
    <p class='ocr_par' dir='ltr' id='par_1_24' title="bbox 1790 989 3390 1062">
     <span class='ocr_line' id='line_1_24' title="bbox 1790 989 3390 1062; baseline -0.001 -15"><span class='ocrx_word' id='word_1_187' title='bbox 1790 1006 1910 1054; x_wconf 88' lang='lat' dir='ltr'><strong>ens,</strong></span> <span class='ocrx_word' id='word_1_188' title='bbox 1945 992 2049 1045; x_wconf 82' lang='lat' dir='ltr'><strong>hoc</strong></span> <span class='ocrx_word' id='word_1_189' title='bbox 2068 1000 2173 1055; x_wconf 86' lang='lat' dir='ltr'><strong>est,</strong></span> <span class='ocrx_word' id='word_1_190' title='bbox 2198 990 2342 1045; x_wconf 88' lang='lat' dir='ltr'><strong>idem</strong></span> <span class='ocrx_word' id='word_1_191' title='bbox 2378 1006 2412 1043; x_wconf 88' lang='lat' dir='ltr'><strong>a</strong></span> <span class='ocrx_word' id='word_1_192' title='bbox 2440 989 2663 1061; x_wconf 85' lang='lat' dir='ltr'><strong>seipso?</strong></span> <span class='ocrx_word' id='word_1_193' title='bbox 2693 990 2850 1046; x_wconf 81' lang='lat' dir='ltr'><strong>Orlh.</strong></span> <span class='ocrx_word' id='word_1_194' title='bbox 2877 990 2935 1045; x_wconf 91' lang='lat' dir='ltr'><strong>Si</strong></span> <span class='ocrx_word' id='word_1_195' title='bbox 2968 990 3390 1062; x_wconf 84' lang='lat' dir='ltr'><strong>incorruptibile</strong></span> 
     </span>
    </p>
   </div>
   <div class='ocr_carea' id='block_1_25' title="bbox 1790 1084 3387 1154">
    <p class='ocr_par' dir='ltr' id='par_1_25' title="bbox 1790 1084 3387 1154">
     <span class='ocr_line' id='line_1_25' title="bbox 1790 1084 3387 1154; baseline 0.001 -15"><span class='ocrx_word' id='word_1_196' title='bbox 1790 1091 1845 1139; x_wconf 92' lang='lat' dir='ltr'><strong>et</strong></span> <span class='ocrx_word' id='word_1_197' title='bbox 1871 1085 2180 1139; x_wconf 86' lang='lat' dir='ltr'><strong>immortale</strong></span> <span class='ocrx_word' id='word_1_198' title='bbox 2207 1093 2513 1137; x_wconf 87' lang='lat' dir='ltr'><strong>connotant</strong></span> <span class='ocrx_word' id='word_1_199' title='bbox 2539 1084 2928 1154; x_wconf 79' lang='lat' dir='ltr'><strong>privationem,</strong></span> <span class='ocrx_word' id='word_1_200' title='bbox 2948 1094 3211 1140; x_wconf 90' lang='lat' dir='ltr'><strong>connotet</strong></span> <span class='ocrx_word' id='word_1_201' title='bbox 3253 1100 3387 1141; x_wconf 82' lang='lat' dir='ltr'><strong>sane</strong></span> 
     </span>
    </p>
   </div>
   <div class='ocr_carea' id='block_1_26' title="bbox 1791 1177 3389 1248">
    <p class='ocr_par' dir='ltr' id='par_1_26' title="bbox 1791 1177 3389 1248">
     <span class='ocr_line' id='line_1_26' title="bbox 1791 1177 3389 1248; baseline 0.001 -15"><span class='ocrx_word' id='word_1_202' title='bbox 1791 1192 1911 1233; x_wconf 89' lang='lat' dir='ltr'><strong>eam</strong></span> <span class='ocrx_word' id='word_1_203' title='bbox 1944 1185 2003 1233; x_wconf 84' lang='lat' dir='ltr'><strong>et</strong></span> <span class='ocrx_word' id='word_1_204' title='bbox 2036 1192 2143 1232; x_wconf 87' lang='lat' dir='ltr'><strong>non</strong></span> <span class='ocrx_word' id='word_1_205' title='bbox 2170 1178 2435 1248; x_wconf 74' lang='lat' dir='ltr'><strong>genitum.</strong></span> <span class='ocrx_word' id='word_1_206' title='bbox 2465 1178 2663 1235; x_wconf 81' lang='lat' dir='ltr'><strong>Iisdem</strong></span> <span class='ocrx_word' id='word_1_207' title='bbox 2697 1177 2865 1247; x_wconf 82' lang='lat' dir='ltr'><strong>igitur</strong></span> <span class='ocrx_word' id='word_1_208' title='bbox 2916 1186 2971 1234; x_wconf 84' lang='lat' dir='ltr'><strong>et</strong></span> <span class='ocrx_word' id='word_1_209' title='bbox 3021 1194 3122 1234; x_wconf 86' lang='lat' dir='ltr'><strong>nos</strong></span> <span class='ocrx_word' id='word_1_210' title='bbox 3155 1179 3389 1235; x_wconf 82' lang='lat' dir='ltr'><strong>rationi-</strong></span> 
     </span>
    </p>
   </div>
   <div class='ocr_carea' id='block_1_27' title="bbox 1791 1270 3387 1341">
    <p class='ocr_par' dir='ltr' id='par_1_27' title="bbox 1791 1270 3387 1341">
     <span class='ocr_line' id='line_1_27' title="bbox 1791 1270 3387 1341; baseline 0.001 -16"><span class='ocrx_word' id='word_1_211' title='bbox 1791 1270 1897 1326; x_wconf 90' lang='lat' dir='ltr'><strong>bus</strong></span> <span class='ocrx_word' id='word_1_212' title='bbox 1945 1277 2000 1326; x_wconf 91' lang='lat' dir='ltr'><strong>et</strong></span> <span class='ocrx_word' id='word_1_213' title='bbox 2044 1271 2275 1325; x_wconf 83' lang='lat' dir='ltr'><strong>vocibus</strong></span> <span class='ocrx_word' id='word_1_214' title='bbox 2323 1279 2547 1324; x_wconf 88' lang='lat' dir='ltr'><strong>utamur</strong></span> <span class='ocrx_word' id='word_1_215' title='bbox 2589 1289 2602 1325; x_wconf 92' lang='lat'>:</span> <span class='ocrx_word' id='word_1_216' title='bbox 2647 1271 2693 1324; x_wconf 77' lang='lat' dir='ltr'><strong>si</strong></span> <span class='ocrx_word' id='word_1_217' title='bbox 2743 1271 3109 1341; x_wconf 82' lang='lat' dir='ltr'><strong>privationem</strong></span> <span class='ocrx_word' id='word_1_218' title='bbox 3162 1272 3219 1326; x_wconf 91' lang='lat' dir='ltr'><strong>in</strong></span> <span class='ocrx_word' id='word_1_219' title='bbox 3276 1271 3387 1329; x_wconf 85' lang='lat' dir='ltr'><strong>Deo</strong></span> 
     </span>
    </p>
   </div>
   <div class='ocr_carea' id='block_1_28' title="bbox 1791 1361 3387 1435">
    <p class='ocr_par' dir='ltr' id='par_1_28' title="bbox 1791 1361 3387 1435">
     <span class='ocr_line' id='line_1_28' title="bbox 1791 1361 3387 1435; baseline 0.003 -20"><span class='ocrx_word' id='word_1_220' title='bbox 1791 1363 2085 1435; x_wconf 83' lang='lat' dir='ltr'><strong>quamdam</strong></span> <span class='ocrx_word' id='word_1_221' title='bbox 2108 1361 2384 1433; x_wconf 82' lang='lat' dir='ltr'><strong>signiﬁcat</strong></span> <span class='ocrx_word' id='word_1_222' title='bbox 2416 1363 2858 1432; x_wconf 87' lang='lat' dir='ltr'><strong>incorruptibile,</strong></span> <span class='ocrx_word' id='word_1_223' title='bbox 2883 1364 3064 1419; x_wconf 90' lang='lat' dir='ltr'><strong>ethoc</strong></span> <span class='ocrx_word' id='word_1_224' title='bbox 3095 1365 3274 1435; x_wconf 88' lang='lat' dir='ltr'><strong>ipsum</strong></span> <span class='ocrx_word' id='word_1_225' title='bbox 3300 1367 3387 1420; x_wconf 56' lang='lat' dir='ltr'><strong>in-</strong></span> 
     </span>
    </p>
   </div>
   <div class='ocr_carea' id='block_1_29' title="bbox 1791 1453 3388 1527">
    <p class='ocr_par' dir='ltr' id='par_1_29' title="bbox 1791 1453 3388 1527">
     <span class='ocr_line' id='line_1_29' title="bbox 1791 1453 3388 1527; baseline 0.002 -19"><span class='ocrx_word' id='word_1_226' title='bbox 1791 1453 2151 1525; x_wconf 86' lang='lat' dir='ltr'><strong>eorruptibile</strong></span> <span class='ocrx_word' id='word_1_227' title='bbox 2184 1454 2321 1508; x_wconf 86' lang='lat' dir='ltr'><strong>nihil</strong></span> <span class='ocrx_word' id='word_1_228' title='bbox 2354 1464 2461 1518; x_wconf 91' lang='lat' dir='ltr'><strong>est,</strong></span> <span class='ocrx_word' id='word_1_229' title='bbox 2486 1469 2607 1525; x_wconf 81' lang='lat' dir='ltr'><strong>qua:</strong></span> <span class='ocrx_word' id='word_1_230' title='bbox 2632 1456 2773 1509; x_wconf 81' lang='lat' dir='ltr'><strong>ratio</strong></span> <span class='ocrx_word' id='word_1_231' title='bbox 2797 1455 3104 1527; x_wconf 84' lang='lat' dir='ltr'><strong>distinguet</strong></span> <span class='ocrx_word' id='word_1_232' title='bbox 3149 1456 3203 1510; x_wconf 92' lang='lat' dir='ltr'><strong>id</strong></span> <span class='ocrx_word' id='word_1_233' title='bbox 3237 1456 3388 1527; x_wconf 87' lang='lat' dir='ltr'><strong>quod</strong></span> 
     </span>
    </p>
   </div>
   <div class='ocr_carea' id='block_1_30' title="bbox 1790 1547 3390 1620">
    <p class='ocr_par' dir='ltr' id='par_1_30' title="bbox 1790 1547 3390 1620">
     <span class='ocr_line' id='line_1_30' title="bbox 1790 1547 3390 1620; baseline 0.001 -16"><span class='ocrx_word' id='word_1_234' title='bbox 1790 1548 1996 1604; x_wconf 84' lang='lat' dir='ltr'><strong>nullam</strong></span> <span class='ocrx_word' id='word_1_235' title='bbox 2018 1547 2254 1620; x_wconf 83' lang='lat' dir='ltr'><strong>speciem</strong></span> <span class='ocrx_word' id='word_1_236' title='bbox 2272 1547 2569 1619; x_wconf 77' lang='lat' dir='ltr'><strong>signiﬁcat,</strong></span> <span class='ocrx_word' id='word_1_237' title='bbox 2584 1549 2653 1604; x_wconf 91' lang='lat' dir='ltr'><strong>ab</strong></span> <span class='ocrx_word' id='word_1_238' title='bbox 2669 1564 2733 1605; x_wconf 87' lang='lat' dir='ltr'><strong>eo</strong></span> <span class='ocrx_word' id='word_1_239' title='bbox 2747 1550 2893 1619; x_wconf 87' lang='lat' dir='ltr'><strong>quod</strong></span> <span class='ocrx_word' id='word_1_240' title='bbox 2915 1550 3141 1604; x_wconf 82' lang='lat' dir='ltr'><strong>nihilesl</strong></span> <span class='ocrx_word' id='word_1_241' title='bbox 3159 1547 3390 1620; x_wconf 84' lang='lat' dir='ltr'><strong>?quisve</strong></span> 
     </span>
    </p>
   </div>
   <div class='ocr_carea' id='block_1_31' title="bbox 1791 1641 3387 1708">
    <p class='ocr_par' dir='ltr' id='par_1_31' title="bbox 1791 1641 3387 1708">
     <span class='ocr_line' id='line_1_31' title="bbox 1791 1641 3387 1708; baseline 0.001 -10"><span class='ocrx_word' id='word_1_242' title='bbox 1791 1649 2040 1698; x_wconf 85' lang='lat' dir='ltr'><strong>secernet</strong></span> <span class='ocrx_word' id='word_1_243' title='bbox 2068 1656 2098 1694; x_wconf 92' lang='lat' dir='ltr'><strong>a</strong></span> <span class='ocrx_word' id='word_1_244' title='bbox 2138 1641 2309 1696; x_wconf 87' lang='lat' dir='ltr'><strong>nihilo</strong></span> <span class='ocrx_word' id='word_1_245' title='bbox 2351 1642 2508 1706; x_wconf 86' lang='lat' dir='ltr'><strong>nihil,</strong></span> <span class='ocrx_word' id='word_1_246' title='bbox 2535 1652 2627 1696; x_wconf 87' lang='lat' dir='ltr'><strong>aut</strong></span> <span class='ocrx_word' id='word_1_247' title='bbox 2657 1642 2726 1696; x_wconf 92' lang='lat' dir='ltr'><strong>ab</strong></span> <span class='ocrx_word' id='word_1_248' title='bbox 2758 1644 3055 1698; x_wconf 56' lang='lat' dir='ltr'><strong>easistente</strong></span> <span class='ocrx_word' id='word_1_249' title='bbox 3090 1643 3387 1708; x_wconf 77' lang='lat' dir='ltr'><strong>exsistens.</strong></span> 
     </span>
    </p>
   </div>
   <div class='ocr_carea' id='block_1_32' title="bbox 1790 1733 3385 1807">
    <p class='ocr_par' dir='ltr' id='par_1_32' title="bbox 1790 1733 3385 1807">
     <span class='ocr_line' id='line_1_32' title="bbox 1790 1733 3385 1807; baseline 0.002 -19"><span class='ocrx_word' id='word_1_250' title='bbox 1790 1750 1914 1807; x_wconf 67' lang='lat' dir='ltr'><strong>qua:</strong></span> <span class='ocrx_word' id='word_1_251' title='bbox 1960 1733 2323 1806; x_wconf 88' lang='lat' dir='ltr'><strong>privationem</strong></span> <span class='ocrx_word' id='word_1_252' title='bbox 2377 1735 2668 1799; x_wconf 81' lang='lat' dir='ltr'><strong>denotant,</strong></span> <span class='ocrx_word' id='word_1_253' title='bbox 2706 1742 2903 1806; x_wconf 82' lang='lat' dir='ltr'><strong>nempe</strong></span> <span class='ocrx_word' id='word_1_254' title='bbox 2939 1735 3385 1805; x_wconf 88' lang='lat' dir='ltr'><strong>incorruptibile,</strong></span> 
     </span>
    </p>
   </div>
   <div class='ocr_carea' id='block_1_33' title="bbox 1784 1825 3389 1898">
    <p class='ocr_par' dir='ltr' id='par_1_33' title="bbox 1784 1825 3389 1898">
     <span class='ocr_line' id='line_1_33' title="bbox 1784 1825 3389 1898; baseline 0 -16"><span class='ocrx_word' id='word_1_255' title='bbox 1784 1828 2112 1882; x_wconf 81' lang='lat' dir='ltr'><strong>immortale</strong></span> <span class='ocrx_word' id='word_1_256' title='bbox 2133 1836 2187 1881; x_wconf 83' lang='lat' dir='ltr'><strong>et</strong></span> <span class='ocrx_word' id='word_1_257' title='bbox 2205 1843 2316 1882; x_wconf 86' lang='lat' dir='ltr'><strong>non</strong></span> <span class='ocrx_word' id='word_1_258' title='bbox 2342 1828 2585 1897; x_wconf 87' lang='lat' dir='ltr'><strong>genitum</strong></span> <span class='ocrx_word' id='word_1_259' title='bbox 2605 1825 2804 1893; x_wconf 83' lang='lat' dir='ltr'><strong>?Quod</strong></span> <span class='ocrx_word' id='word_1_260' title='bbox 2828 1828 2874 1881; x_wconf 85' lang='lat' dir='ltr'><strong>si</strong></span> <span class='ocrx_word' id='word_1_261' title='bbox 2900 1828 3040 1882; x_wconf 77' lang='lat' dir='ltr'><strong>idem</strong></span> <span class='ocrx_word' id='word_1_262' title='bbox 3071 1827 3389 1898; x_wconf 78' lang='lat' dir='ltr'><strong>signiﬁcant</strong></span> 
     </span>
    </p>
   </div>
   <div class='ocr_carea' id='block_1_34' title="bbox 1793 1916 3387 1991">
    <p class='ocr_par' dir='ltr' id='par_1_34' title="bbox 1793 1916 3387 1991">
     <span class='ocr_line' id='line_1_34' title="bbox 1793 1916 3387 1991; baseline 0.003 -20"><span class='ocrx_word' id='word_1_263' title='bbox 1793 1920 2230 1991; x_wconf 89' lang='lat' dir='ltr'><strong>ineorruptibile,</strong></span> <span class='ocrx_word' id='word_1_264' title='bbox 2247 1919 2556 1974; x_wconf 87' lang='lat' dir='ltr'><strong>immortale</strong></span> <span class='ocrx_word' id='word_1_265' title='bbox 2570 1927 2624 1974; x_wconf 91' lang='lat' dir='ltr'><strong>et</strong></span> <span class='ocrx_word' id='word_1_266' title='bbox 2650 1935 2758 1973; x_wconf 91' lang='lat' dir='ltr'><strong>non</strong></span> <span class='ocrx_word' id='word_1_267' title='bbox 2785 1918 3052 1990; x_wconf 86' lang='lat' dir='ltr'><strong>genitum,</strong></span> <span class='ocrx_word' id='word_1_268' title='bbox 3077 1926 3133 1973; x_wconf 89' lang='lat' dir='ltr'><strong>et</strong></span> <span class='ocrx_word' id='word_1_269' title='bbox 3158 1920 3273 1991; x_wconf 85' lang='lat' dir='ltr'><strong>ipse</strong></span> <span class='ocrx_word' id='word_1_270' title='bbox 3289 1916 3387 1974; x_wconf 74' lang='lat' dir='ltr'><strong>Fi-</strong></span> 
     </span>
    </p>
   </div>
   <div class='ocr_carea' id='block_1_35' title="bbox 84 2003 1684 2084">
    <p class='ocr_par' dir='ltr' id='par_1_35' title="bbox 84 2005 1684 2082">
     <span class='ocr_line' id='line_1_35' title="bbox 84 2005 1684 2082; baseline -0.001 -19"><span class='ocrx_word' id='word_1_271' title='bbox 84 2007 258 2072; x_wconf 76' lang='grc' dir='ltr'>αὐτὸς</span> <span class='ocrx_word' id='word_1_272' title='bbox 277 2006 594 2079; x_wconf 83' lang='grc' dir='ltr'>ἀγέννητος.</span> <span class='ocrx_word' id='word_1_273' title='bbox 617 2006 682 2059; x_wconf 82' lang='grc' dir='ltr'>Εἰ</span> <span class='ocrx_word' id='word_1_274' title='bbox 709 2005 754 2059; x_wconf 82' lang='grc' dir='ltr'>δ’</span> <span class='ocrx_word' id='word_1_275' title='bbox 777 2007 878 2060; x_wconf 79' lang='grc' dir='ltr'>οὐκ</span> <span class='ocrx_word' id='word_1_276' title='bbox 903 2005 1050 2060; x_wconf 70' lang='grc' dir='ltr'>ἔστιν</span> <span class='ocrx_word' id='word_1_277' title='bbox 1072 2006 1385 2079; x_wconf 86' lang='grc' dir='ltr'>ἀγέννητος,</span> <span class='ocrx_word' id='word_1_278' title='bbox 1416 2006 1684 2082; x_wconf 66' lang='grc' dir='ltr'>ἄφθαρτος</span> 
     </span>
    </p>
   </div>
   <div class='ocr_carea' id='block_1_36' title="bbox 1796 2003 3390 2084">
    <p class='ocr_par' dir='ltr' id='par_1_36' title="bbox 1796 2010 3390 2084">
     <span class='ocr_line' id='line_1_36' title="bbox 1796 2010 3390 2084; baseline 0.003 -19"><span class='ocrx_word' id='word_1_279' title='bbox 1796 2010 1900 2067; x_wconf 79' lang='lat' dir='ltr'><strong>lius</strong></span> <span class='ocrx_word' id='word_1_280' title='bbox 1951 2010 2391 2082; x_wconf 85' lang='lat' dir='ltr'><strong>incorruptibiiis</strong></span> <span class='ocrx_word' id='word_1_281' title='bbox 2422 2019 2479 2066; x_wconf 91' lang='lat' dir='ltr'><strong>et</strong></span> <span class='ocrx_word' id='word_1_282' title='bbox 2509 2010 2837 2067; x_wconf 84' lang='lat' dir='ltr'><strong>immortalis</strong></span> <span class='ocrx_word' id='word_1_283' title='bbox 2877 2020 2984 2077; x_wconf 90' lang='lat' dir='ltr'><strong>est,</strong></span> <span class='ocrx_word' id='word_1_284' title='bbox 3030 2012 3138 2067; x_wconf 89' lang='lat' dir='ltr'><strong>erit</strong></span> <span class='ocrx_word' id='word_1_285' title='bbox 3187 2022 3243 2067; x_wconf 89' lang='lat' dir='ltr'><strong>et</strong></span> <span class='ocrx_word' id='word_1_286' title='bbox 3273 2012 3390 2084; x_wconf 82' lang='lat' dir='ltr'><strong>ipse</strong></span> 
     </span>
    </p>
   </div>
   <div class='ocr_carea' id='block_1_37' title="bbox 85 2095 1692 2171">
    <p class='ocr_par' dir='ltr' id='par_1_37' title="bbox 85 2095 1692 2171">
     <span class='ocr_line' id='line_1_37' title="bbox 85 2095 1692 2171; baseline -0.001 -17"><span class='ocrx_word' id='word_1_287' title='bbox 85 2100 188 2155; x_wconf 72' lang='grc' dir='ltr'><strong>καὶ</strong></span> <span class='ocrx_word' id='word_1_288' title='bbox 209 2097 478 2161; x_wconf 75' lang='grc' dir='ltr'>ἀθάνατος</span> <span class='ocrx_word' id='word_1_289' title='bbox 503 2095 603 2160; x_wconf 81' lang='grc' dir='ltr'>ὢν,</span> <span class='ocrx_word' id='word_1_290' title='bbox 629 2096 692 2151; x_wconf 90' lang='grc' dir='ltr'><strong>οὐ</strong></span> <span class='ocrx_word' id='word_1_291' title='bbox 715 2095 884 2150; x_wconf 83' lang='grc' dir='ltr'>ταυτὺ</span> <span class='ocrx_word' id='word_1_292' title='bbox 906 2098 1165 2167; x_wconf 76' lang='grc' dir='ltr'><strong>σημαίνει</strong></span> <span class='ocrx_word' id='word_1_293' title='bbox 1186 2097 1249 2151; x_wconf 86' lang='lat' dir='ltr'><strong>rb</strong></span> <span class='ocrx_word' id='word_1_294' title='bbox 1274 2097 1574 2171; x_wconf 75' lang='grc' dir='ltr'>ἀγέννητον</span> <span class='ocrx_word' id='word_1_295' title='bbox 1597 2099 1692 2152; x_wconf 71' lang='grc' dir='ltr'><strong>καὶ</strong></span> 
     </span>
    </p>
   </div>
   <div class='ocr_carea' id='block_1_38' title="bbox 83 2188 1689 2263">
    <p class='ocr_par' dir='ltr' id='par_1_38' title="bbox 83 2188 1689 2263">
     <span class='ocr_line' id='line_1_38' title="bbox 83 2188 1689 2263; baseline 0 -19"><span class='ocrx_word' id='word_1_296' title='bbox 83 2192 153 2247; x_wconf 84' lang='grc' dir='ltr'>τὸ</span> <span class='ocrx_word' id='word_1_297' title='bbox 175 2189 457 2263; x_wconf 68' lang='grc' dir='ltr'>ἄφθαρτον</span> <span class='ocrx_word' id='word_1_298' title='bbox 480 2189 658 2243; x_wconf 79' lang='grc' dir='ltr'>εἵτουν</span> <span class='ocrx_word' id='word_1_299' title='bbox 682 2188 973 2243; x_wconf 77' lang='grc' dir='ltr'>ἀθάνατον.</span> <span class='ocrx_word' id='word_1_300' title='bbox 992 2188 1055 2242; x_wconf 84' lang='lat' dir='ltr'><strong>Ei.</strong></span> <span class='ocrx_word' id='word_1_301' title='bbox 1074 2188 1119 2243; x_wconf 85' lang='grc' dir='ltr'><strong>δ’</strong></span> <span class='ocrx_word' id='word_1_302' title='bbox 1137 2188 1199 2242; x_wconf 68' lang='grc' dir='ltr'><strong>οὐ</strong></span> <span class='ocrx_word' id='word_1_303' title='bbox 1221 2189 1387 2243; x_wconf 80' lang='grc' dir='ltr'>ταυτὺ</span> <span class='ocrx_word' id='word_1_304' title='bbox 1408 2190 1689 2261; x_wconf 89' lang='grc' dir='ltr'>σημαίνει,</span> 
     </span>
    </p>
   </div>
   <div class='ocr_carea' id='block_1_39' title="bbox 84 2276 1694 2354">
    <p class='ocr_par' dir='ltr' id='par_1_39' title="bbox 84 2276 1694 2354">
     <span class='ocr_line' id='line_1_39' title="bbox 84 2276 1694 2354; baseline -0.002 -16"><span class='ocrx_word' id='word_1_305' title='bbox 84 2284 323 2348; x_wconf 81' lang='grc' dir='ltr'>δικαιοῖς</span> <span class='ocrx_word' id='word_1_306' title='bbox 345 2283 404 2337; x_wconf 76' lang='grc' dir='ltr'><strong>δὲ</strong></span> <span class='ocrx_word' id='word_1_307' title='bbox 434 2281 634 2354; x_wconf 82' lang='grc' dir='ltr'>μᾶλλον</span> <span class='ocrx_word' id='word_1_308' title='bbox 674 2281 837 2344; x_wconf 74' lang='grc' dir='ltr'>αὐτὸς</span> <span class='ocrx_word' id='word_1_309' title='bbox 863 2280 924 2335; x_wconf 87' lang='lat' dir='ltr'><strong>rb</strong></span> <span class='ocrx_word' id='word_1_310' title='bbox 961 2280 1260 2351; x_wconf 78' lang='grc' dir='ltr'>ἀγέννητον</span> <span class='ocrx_word' id='word_1_311' title='bbox 1303 2276 1442 2335; x_wconf 78' lang='grc' dir='ltr'>εἶναι</span> <span class='ocrx_word' id='word_1_312' title='bbox 1470 2281 1569 2352; x_wconf 82' lang='grc' dir='ltr'>τὴν</span> <span class='ocrx_word' id='word_1_313' title='bbox 1598 2282 1694 2335; x_wconf 83' lang='grc' dir='ltr'>οὐ·-</span> 
     </span>
    </p>
   </div>
   <div class='ocr_carea' id='block_1_40' title="bbox 87 2372 1695 2445">
    <p class='ocr_par' dir='ltr' id='par_1_40' title="bbox 87 2372 1695 2445">
     <span class='ocr_line' id='line_1_40' title="bbox 87 2372 1695 2445; baseline -0.002 -15"><span class='ocrx_word' id='word_1_314' title='bbox 87 2376 256 2431; x_wconf 86' lang='grc' dir='ltr'>σίαν·</span> <span class='ocrx_word' id='word_1_315' title='bbox 316 2373 469 2428; x_wconf 77' lang='grc' dir='ltr'>ἔσται</span> <span class='ocrx_word' id='word_1_316' title='bbox 498 2375 607 2445; x_wconf 82' lang='grc' dir='ltr'>ἄρα</span> <span class='ocrx_word' id='word_1_317' title='bbox 636 2373 780 2428; x_wconf 84' lang='grc' dir='ltr'>κατά</span> <span class='ocrx_word' id='word_1_318' title='bbox 806 2373 867 2427; x_wconf 79' lang='grc' dir='ltr'>σὲ</span> <span class='ocrx_word' id='word_1_319' title='bbox 904 2374 1000 2427; x_wconf 73' lang='grc' dir='ltr'><strong>καὶ</strong></span> <span class='ocrx_word' id='word_1_320' title='bbox 1026 2372 1168 2426; x_wconf 83' lang='grc' dir='ltr'>κατά</span> <span class='ocrx_word' id='word_1_321' title='bbox 1192 2374 1319 2437; x_wconf 83' lang='grc' dir='ltr'>τοὺς</span> <span class='ocrx_word' id='word_1_322' title='bbox 1339 2372 1440 2443; x_wconf 79' lang='grc' dir='ltr'>τῆς</span> <span class='ocrx_word' id='word_1_323' title='bbox 1473 2372 1575 2444; x_wconf 81' lang='grc' dir='ltr'>σῆς</span> <span class='ocrx_word' id='word_1_324' title='bbox 1604 2389 1695 2427; x_wconf 81' lang='grc' dir='ltr'>σο-</span> 
     </span>
    </p>
   </div>
   <div class='ocr_carea' id='block_1_41' title="bbox 88 2467 1690 2540">
    <p class='ocr_par' dir='ltr' id='par_1_41' title="bbox 88 2467 1690 2540">
     <span class='ocr_line' id='line_1_41' title="bbox 88 2467 1690 2540; baseline -0.002 -16"><span class='ocrx_word' id='word_1_325' title='bbox 88 2470 227 2537; x_wconf 77' lang='grc' dir='ltr'>φίας</span> <span class='ocrx_word' id='word_1_326' title='bbox 249 2469 442 2539; x_wconf 83' lang='grc' dir='ltr'>λόγους</span> <span class='ocrx_word' id='word_1_327' title='bbox 482 2468 777 2540; x_wconf 86' lang='grc' dir='ltr'>ἀγέννητος</span> <span class='ocrx_word' id='word_1_328' title='bbox 824 2468 923 2539; x_wconf 79' lang='grc' dir='ltr'>μὲν</span> <span class='ocrx_word' id='word_1_329' title='bbox 972 2468 1152 2530; x_wconf 81' lang='grc' dir='ltr'>οὐσία,</span> <span class='ocrx_word' id='word_1_330' title='bbox 1172 2467 1278 2521; x_wconf 85' lang='grc' dir='ltr'>οὐκ</span> <span class='ocrx_word' id='word_1_331' title='bbox 1313 2467 1582 2532; x_wconf 84' lang='grc' dir='ltr'>ἀθάνατος</span> <span class='ocrx_word' id='word_1_332' title='bbox 1610 2467 1690 2531; x_wconf 80' lang='grc' dir='ltr'><strong>δὲ,</strong></span> 
     </span>
    </p>
   </div>
   <div class='ocr_carea' id='block_1_42' title="bbox 85 2557 1692 2633">
    <p class='ocr_par' dir='ltr' id='par_1_42' title="bbox 85 2557 1692 2633">
     <span class='ocr_line' id='line_1_42' title="bbox 85 2557 1692 2633; baseline -0.002 -16"><span class='ocrx_word' id='word_1_333' title='bbox 85 2560 220 2617; x_wconf 72' lang='grc' dir='ltr'>οὕτε</span> <span class='ocrx_word' id='word_1_334' title='bbox 260 2562 367 2633; x_wconf 75' lang='grc' dir='ltr'>μὴν</span> <span class='ocrx_word' id='word_1_335' title='bbox 395 2559 691 2632; x_wconf 67' lang='grc' dir='ltr'>ἄφθαρτος.</span> <span class='ocrx_word' id='word_1_336' title='bbox 710 2560 908 2629; x_wconf 82' lang='grc' dir='ltr'>Ἀνόμ.</span> <span class='ocrx_word' id='word_1_337' title='bbox 939 2560 1003 2614; x_wconf 81' lang='grc' dir='ltr'><strong>ΕΞ</strong></span> <span class='ocrx_word' id='word_1_338' title='bbox 1028 2561 1063 2632; x_wconf 79' lang='grc' dir='ltr'>ἡ</span> <span class='ocrx_word' id='word_1_339' title='bbox 1093 2559 1351 2631; x_wconf 83' lang='grc' dir='ltr'>στέρησις</span> <span class='ocrx_word' id='word_1_340' title='bbox 1382 2557 1551 2624; x_wconf 82' lang='grc' dir='ltr'>ἕξεων</span> <span class='ocrx_word' id='word_1_341' title='bbox 1577 2560 1692 2630; x_wconf 88' lang='grc'>(77)</span> 
     </span>
    </p>
   </div>
   <div class='ocr_carea' id='block_1_43' title="bbox 86 2650 1693 2727">
    <p class='ocr_par' dir='ltr' id='par_1_43' title="bbox 86 2650 1693 2727">
     <span class='ocr_line' id='line_1_43' title="bbox 86 2650 1693 2727; baseline -0.002 -18"><span class='ocrx_word' id='word_1_342' title='bbox 86 2653 414 2727; x_wconf 65' lang='grc' dir='ltr'>ἀφαίρεσις.</span> <span class='ocrx_word' id='word_1_343' title='bbox 432 2654 494 2707; x_wconf 84' lang='grc' dir='ltr'>τὸ</span> <span class='ocrx_word' id='word_1_344' title='bbox 509 2654 604 2707; x_wconf 71' lang='grc' dir='ltr'>ἐπὶ</span> <span class='ocrx_word' id='word_1_345' title='bbox 629 2653 765 2708; x_wconf 83' lang='grc' dir='ltr'>Θεοῦ</span> <span class='ocrx_word' id='word_1_346' title='bbox 786 2651 1102 2724; x_wconf 80' lang='grc' dir='ltr'>ἀγέννητον,</span> <span class='ocrx_word' id='word_1_347' title='bbox 1123 2652 1240 2724; x_wconf 77' lang='grc' dir='ltr'>ήτοι</span> <span class='ocrx_word' id='word_1_348' title='bbox 1263 2653 1519 2722; x_wconf 87' lang='grc' dir='ltr'>στέρησις</span> <span class='ocrx_word' id='word_1_349' title='bbox 1540 2650 1693 2705; x_wconf 82' lang='grc' dir='ltr'>ἔσται</span> 
     </span>
    </p>
   </div>
   <div class='ocr_carea' id='block_1_44' title="bbox 85 2743 1694 2818">
    <p class='ocr_par' dir='ltr' id='par_1_44' title="bbox 85 2743 1694 2818">
     <span class='ocr_line' id='line_1_44' title="bbox 85 2743 1694 2818; baseline -0.003 -17"><span class='ocrx_word' id='word_1_350' title='bbox 85 2746 286 2814; x_wconf 76' lang='grc' dir='ltr'>ἕξεως,</span> <span class='ocrx_word' id='word_1_351' title='bbox 317 2745 352 2817; x_wconf 78' lang='grc' dir='ltr'>ἢ</span> <span class='ocrx_word' id='word_1_352' title='bbox 385 2745 500 2811; x_wconf 80' lang='grc' dir='ltr'>ἕξις</span> <span class='ocrx_word' id='word_1_353' title='bbox 528 2747 857 2818; x_wconf 75' lang='grc' dir='ltr'>στερήσεως.</span> <span class='ocrx_word' id='word_1_354' title='bbox 893 2744 1035 2798; x_wconf 81' lang='grc' dir='ltr'>Ἀλλ’</span> <span class='ocrx_word' id='word_1_355' title='bbox 1063 2746 1113 2798; x_wconf 86' lang='grc' dir='ltr'>εἰ</span> <span class='ocrx_word' id='word_1_356' title='bbox 1141 2744 1239 2816; x_wconf 74' lang='grc' dir='ltr'>μὲν</span> <span class='ocrx_word' id='word_1_357' title='bbox 1267 2743 1526 2817; x_wconf 85' lang='grc' dir='ltr'>στέρησίς</span> <span class='ocrx_word' id='word_1_358' title='bbox 1546 2745 1694 2797; x_wconf 81' lang='grc' dir='ltr'>ἐστιν</span> 
     </span>
    </p>
   </div>
   <div class='ocr_carea' id='block_1_45' title="bbox 86 2833 1698 2909">
    <p class='ocr_par' dir='ltr' id='par_1_45' title="bbox 86 2833 1698 2909">
     <span class='ocr_line' id='line_1_45' title="bbox 86 2833 1698 2909; baseline -0.002 -17"><span class='ocrx_word' id='word_1_359' title='bbox 86 2838 285 2905; x_wconf 81' lang='grc' dir='ltr'>ἕξεως,</span> <span class='ocrx_word' id='word_1_360' title='bbox 306 2835 426 2900; x_wconf 80' lang='grc' dir='ltr'><strong>πῶς</strong></span> <span class='ocrx_word' id='word_1_361' title='bbox 448 2837 514 2890; x_wconf 86' lang='grc' dir='ltr'>ἂν</span> <span class='ocrx_word' id='word_1_362' title='bbox 542 2837 605 2890; x_wconf 93' lang='lat' dir='ltr'><strong>rb</strong></span> <span class='ocrx_word' id='word_1_363' title='bbox 641 2836 717 2909; x_wconf 81' lang='grc' dir='ltr'>μὴ</span> <span class='ocrx_word' id='word_1_364' title='bbox 743 2835 949 2907; x_wconf 81' lang='grc' dir='ltr'>προσὸν</span> <span class='ocrx_word' id='word_1_365' title='bbox 973 2834 1051 2906; x_wconf 82' lang='grc' dir='ltr'><strong>τῷ</strong></span> <span class='ocrx_word' id='word_1_366' title='bbox 1078 2833 1199 2906; x_wconf 80' lang='grc' dir='ltr'><strong>Θεῷ</strong></span> <span class='ocrx_word' id='word_1_367' title='bbox 1223 2833 1698 2907; x_wconf 79' lang='grc' dir='ltr'>συναριθμηοήσε-</span> 
     </span>
    </p>
   </div>
   <div class='ocr_carea' id='block_1_46' title="bbox 85 2926 1692 3000">
    <p class='ocr_par' dir='ltr' id='par_1_46' title="bbox 85 2926 1692 3000">
     <span class='ocr_line' id='line_1_46' title="bbox 85 2926 1692 3000; baseline -0.002 -16"><span class='ocrx_word' id='word_1_368' title='bbox 85 2946 221 2997; x_wconf 85' lang='grc' dir='ltr'>ται;</span> <span class='ocrx_word' id='word_1_369' title='bbox 248 2930 311 2984; x_wconf 74' lang='lat' dir='ltr'><strong>Et</strong></span> <span class='ocrx_word' id='word_1_370' title='bbox 335 2929 394 2984; x_wconf 71' lang='grc' dir='ltr'><strong>δὲ</strong></span> <span class='ocrx_word' id='word_1_371' title='bbox 425 2929 538 2997; x_wconf 75' lang='grc' dir='ltr'>ἕξις</span> <span class='ocrx_word' id='word_1_372' title='bbox 566 2929 683 2983; x_wconf 76' lang='grc' dir='ltr'>ἐστὶ</span> <span class='ocrx_word' id='word_1_373' title='bbox 708 2928 770 2983; x_wconf 86' lang='lat' dir='ltr'><strong>rb</strong></span> <span class='ocrx_word' id='word_1_374' title='bbox 800 2927 1115 2998; x_wconf 72' lang='grc' dir='ltr'>ἀγέννητον,</span> <span class='ocrx_word' id='word_1_375' title='bbox 1142 2926 1357 2998; x_wconf 83' lang='grc' dir='ltr'>ἀνάγκη</span> <span class='ocrx_word' id='word_1_376' title='bbox 1388 2926 1692 3000; x_wconf 80' lang='grc' dir='ltr'><strong>προῦποθέ-</strong></span> 
     </span>
    </p>
   </div>
   <div class='ocr_carea' id='block_1_47' title="bbox 88 3016 1696 3093">
    <p class='ocr_par' dir='ltr' id='par_1_47' title="bbox 88 3016 1696 3093">
     <span class='ocr_line' id='line_1_47' title="bbox 88 3016 1696 3093; baseline 0.001 -20"><span class='ocrx_word' id='word_1_377' title='bbox 88 3021 224 3076; x_wconf 78' lang='grc' dir='ltr'>σθαι</span> <span class='ocrx_word' id='word_1_378' title='bbox 253 3022 521 3093; x_wconf 81' lang='grc' dir='ltr'>γεννητὴν</span> <span class='ocrx_word' id='word_1_379' title='bbox 574 3021 785 3085; x_wconf 85' lang='grc' dir='ltr'>οὐσίαν,</span> <span class='ocrx_word' id='word_1_380' title='bbox 830 3020 918 3074; x_wconf 78' lang='grc' dir='ltr'><strong>ἵνα</strong></span> <span class='ocrx_word' id='word_1_381' title='bbox 941 3018 1114 3083; x_wconf 82' lang='grc' dir='ltr'>οὕτως</span> <span class='ocrx_word' id='word_1_382' title='bbox 1161 3016 1275 3084; x_wconf 81' lang='grc' dir='ltr'>ἕξιν</span> <span class='ocrx_word' id='word_1_383' title='bbox 1312 3018 1696 3093; x_wconf 81' lang='grc' dir='ltr'>προσλαϐοῦσα</span> 
     </span>
    </p>
   </div>
   <div class='ocr_carea' id='block_1_48' title="bbox 84 3111 1693 3185">
    <p class='ocr_par' dir='ltr' id='par_1_48' title="bbox 84 3111 1693 3185">
     <span class='ocr_line' id='line_1_48' title="bbox 84 3111 1693 3185; baseline -0.002 -15"><span class='ocrx_word' id='word_1_384' title='bbox 84 3114 399 3185; x_wconf 82' lang='grc' dir='ltr'>ἀγέννητος</span> <span class='ocrx_word' id='word_1_385' title='bbox 446 3111 782 3184; x_wconf 75' lang='grc' dir='ltr'>ὀνομάζηται</span> <span class='ocrx_word' id='word_1_386' title='bbox 804 3128 817 3142; x_wconf 90' lang='grc'><strong>·</strong></span> <span class='ocrx_word' id='word_1_387' title='bbox 855 3116 905 3168; x_wconf 84' lang='grc' dir='ltr'><strong>εἰ</strong></span> <span class='ocrx_word' id='word_1_388' title='bbox 954 3114 1013 3168; x_wconf 73' lang='grc' dir='ltr'><strong>δὲ</strong></span> <span class='ocrx_word' id='word_1_389' title='bbox 1051 3116 1086 3185; x_wconf 81' lang='grc' dir='ltr'>ἡ</span> <span class='ocrx_word' id='word_1_390' title='bbox 1134 3113 1369 3184; x_wconf 82' lang='grc' dir='ltr'>γεννητὴ</span> <span class='ocrx_word' id='word_1_391' title='bbox 1395 3114 1693 3184; x_wconf 85' lang='grc' dir='ltr'>ἀγεννήτου</span> 
     </span>
    </p>
   </div>
   <div class='ocr_carea' id='block_1_49' title="bbox 84 3204 1691 3277">
    <p class='ocr_par' dir='ltr' id='par_1_49' title="bbox 84 3204 1691 3277">
     <span class='ocr_line' id='line_1_49' title="bbox 84 3204 1691 3277; baseline -0.003 -16"><span class='ocrx_word' id='word_1_392' title='bbox 84 3206 290 3270; x_wconf 83' lang='grc' dir='ltr'>οὐσίας</span> <span class='ocrx_word' id='word_1_393' title='bbox 320 3205 546 3277; x_wconf 80' lang='grc' dir='ltr'>μετέσχε</span> <span class='ocrx_word' id='word_1_394' title='bbox 570 3205 705 3277; x_wconf 84' lang='grc'>(78),</span> <span class='ocrx_word' id='word_1_395' title='bbox 723 3205 817 3259; x_wconf 72' lang='grc' dir='ltr'><strong>καὶ</strong></span> <span class='ocrx_word' id='word_1_396' title='bbox 841 3205 1008 3273; x_wconf 80' lang='grc' dir='ltr'>ἕξεως</span> <span class='ocrx_word' id='word_1_397' title='bbox 1028 3205 1374 3277; x_wconf 76' lang='grc' dir='ltr'>ὑπομείνασα</span> <span class='ocrx_word' id='word_1_398' title='bbox 1400 3204 1691 3277; x_wconf 81' lang='grc' dir='ltr'>ἀποϐολὴν,</span> 
     </span>
    </p>
   </div>
   <div class='ocr_carea' id='block_1_50' title="bbox 85 3296 1694 3369">
    <p class='ocr_par' dir='ltr' id='par_1_50' title="bbox 85 3296 1694 3369">
     <span class='ocr_line' id='line_1_50' title="bbox 85 3296 1694 3369; baseline 0.002 -22"><span class='ocrx_word' id='word_1_399' title='bbox 85 3314 156 3369; x_wconf 69' lang='grc' dir='ltr'><strong>γτ</strong></span> <span class='ocrx_word' id='word_1_400' title='bbox 179 3297 368 3361; x_wconf 80' lang='grc' dir='ltr'>,ἐσεως</span> <span class='ocrx_word' id='word_1_401' title='bbox 399 3296 716 3369; x_wconf 79' lang='grc' dir='ltr'>ἐστέρηται,</span> <span class='ocrx_word' id='word_1_402' title='bbox 744 3297 830 3369; x_wconf 76' lang='grc' dir='ltr'>εἴη</span> <span class='ocrx_word' id='word_1_403' title='bbox 870 3297 938 3353; x_wconf 86' lang='grc' dir='ltr'>ἂν</span> <span class='ocrx_word' id='word_1_404' title='bbox 962 3298 1121 3351; x_wconf 83' lang='grc' dir='ltr'>οὐσία</span> <span class='ocrx_word' id='word_1_405' title='bbox 1152 3297 1252 3369; x_wconf 85' lang='grc' dir='ltr'>μὲν</span> <span class='ocrx_word' id='word_1_406' title='bbox 1282 3299 1315 3369; x_wconf 83' lang='grc' dir='ltr'>ἡ</span> <span class='ocrx_word' id='word_1_407' title='bbox 1343 3296 1597 3368; x_wconf 72' lang='grc' dir='ltr'>γεννητὴ,</span> <span class='ocrx_word' id='word_1_408' title='bbox 1631 3297 1694 3350; x_wconf 89' lang='lat' dir='ltr'><strong>rb</strong></span> 
     </span>
    </p>
   </div>
   <div class='ocr_carea' id='block_1_51' title="bbox 85 3370 1764 3461">
    <p class='ocr_par' dir='ltr' id='par_1_51' title="bbox 85 3370 1764 3461">
     <span class='ocr_line' id='line_1_51' title="bbox 85 3370 1764 3461; baseline -0.003 -16"><span class='ocrx_word' id='word_1_409' title='bbox 85 3391 152 3445; x_wconf 67' lang='grc' dir='ltr'><strong>δὲ</strong></span> <span class='ocrx_word' id='word_1_410' title='bbox 185 3391 484 3461; x_wconf 79' lang='grc' dir='ltr'>ἀγέννητον</span> <span class='ocrx_word' id='word_1_411' title='bbox 520 3388 653 3455; x_wconf 83' lang='grc' dir='ltr'>ἕξις.</span> <span class='ocrx_word' id='word_1_412' title='bbox 683 3391 746 3443; x_wconf 74' lang='lat' dir='ltr'><strong>Et</strong></span> <span class='ocrx_word' id='word_1_413' title='bbox 783 3389 840 3443; x_wconf 78' lang='grc' dir='ltr'><strong>δὲ</strong></span> <span class='ocrx_word' id='word_1_414' title='bbox 870 3389 933 3442; x_wconf 88' lang='lat' dir='ltr'><strong>rb</strong></span> <span class='ocrx_word' id='word_1_415' title='bbox 954 3389 1201 3461; x_wconf 81' lang='grc' dir='ltr'>γέννημα</span> <span class='ocrx_word' id='word_1_416' title='bbox 1241 3389 1371 3460; x_wconf 69' lang='grc' dir='ltr'>παρ’</span> <span class='ocrx_word' id='word_1_417' title='bbox 1400 3387 1552 3442; x_wconf 83' lang='grc' dir='ltr'>οὐδέν</span> <span class='ocrx_word' id='word_1_418' title='bbox 1577 3389 1694 3441; x_wconf 77' lang='grc' dir='ltr'>ἐστι</span> <span class='ocrx_word' id='word_1_419' title='bbox 1720 3370 1764 3427; x_wconf 75' lang='lat' dir='ltr'><strong>C</strong></span> 
     </span>
    </p>
   </div>
   <div class='ocr_carea' id='block_1_52' title="bbox 83 3480 1694 3555">
    <p class='ocr_par' dir='ltr' id='par_1_52' title="bbox 83 3480 1694 3555">
     <span class='ocr_line' id='line_1_52' title="bbox 83 3480 1694 3555; baseline -0.002 -18"><span class='ocrx_word' id='word_1_420' title='bbox 83 3482 415 3555; x_wconf 60' lang='grc' dir='ltr'>δηλωτικὸν,</span> <span class='ocrx_word' id='word_1_421' title='bbox 432 3482 672 3555; x_wconf 85' lang='grc' dir='ltr'>δηλονότι</span> <span class='ocrx_word' id='word_1_422' title='bbox 698 3481 866 3548; x_wconf 82' lang='grc' dir='ltr'>ἕξεὼς</span> <span class='ocrx_word' id='word_1_423' title='bbox 886 3482 1000 3534; x_wconf 79' lang='grc' dir='ltr'>ἐστι</span> <span class='ocrx_word' id='word_1_424' title='bbox 1023 3481 1357 3551; x_wconf 83' lang='grc' dir='ltr'>σημαντικόν</span> <span class='ocrx_word' id='word_1_425' title='bbox 1377 3498 1391 3511; x_wconf 90' lang='grc'><strong>·</strong></span> <span class='ocrx_word' id='word_1_426' title='bbox 1417 3480 1483 3534; x_wconf 84' lang='grc' dir='ltr'><strong>ἀν</strong></span> <span class='ocrx_word' id='word_1_427' title='bbox 1502 3497 1565 3534; x_wconf 85' lang='grc' dir='ltr'><strong>τε</strong></span> <span class='ocrx_word' id='word_1_428' title='bbox 1596 3496 1694 3551; x_wconf 82' lang='grc' dir='ltr'>με·</span> 
     </span>
    </p>
   </div>
   <div class='ocr_carea' id='block_1_53' title="bbox 84 3577 1696 3651">
    <p class='ocr_par' dir='ltr' id='par_1_53' title="bbox 84 3577 1696 3651">
     <span class='ocr_line' id='line_1_53' title="bbox 84 3577 1696 3651; baseline -0.002 -17"><span class='ocrx_word' id='word_1_429' title='bbox 84 3577 387 3651; x_wconf 76' lang='grc' dir='ltr'>ταπλαοθῇ</span> <span class='ocrx_word' id='word_1_430' title='bbox 439 3578 499 3643; x_wconf 79' lang='grc' dir='ltr'>ἐξ</span> <span class='ocrx_word' id='word_1_431' title='bbox 545 3578 735 3643; x_wconf 89' lang='grc' dir='ltr'>οὐσίας</span> <span class='ocrx_word' id='word_1_432' title='bbox 772 3579 918 3642; x_wconf 63' lang='grc' dir='ltr'>τινος</span> <span class='ocrx_word' id='word_1_433' title='bbox 948 3578 1083 3648; x_wconf 54' lang='grc' dir='ltr'>ι79),</span> <span class='ocrx_word' id='word_1_434' title='bbox 1110 3579 1176 3634; x_wconf 83' lang='grc' dir='ltr'><strong>ἄν</strong></span> <span class='ocrx_word' id='word_1_435' title='bbox 1198 3597 1259 3632; x_wconf 88' lang='grc' dir='ltr'><strong>τε</strong></span> <span class='ocrx_word' id='word_1_436' title='bbox 1278 3577 1436 3631; x_wconf 89' lang='grc' dir='ltr'>τοῦτό</span> <span class='ocrx_word' id='word_1_437' title='bbox 1468 3579 1636 3642; x_wconf 77' lang='grc' dir='ltr'>ἐστιν,</span> <span class='ocrx_word' id='word_1_438' title='bbox 1666 3578 1696 3631; x_wconf 84' lang='grc' dir='ltr'><strong>ὃ</strong></span> 
     </span>
    </p>
   </div>
   <div class='ocr_carea' id='block_1_54' title="bbox 84 3668 1698 3742">
    <p class='ocr_par' dir='ltr' id='par_1_54' title="bbox 84 3668 1698 3742">
     <span class='ocr_line' id='line_1_54' title="bbox 84 3668 1698 3742; baseline -0.002 -15"><span class='ocrx_word' id='word_1_439' title='bbox 84 3672 317 3741; x_wconf 75' lang='grc' dir='ltr'>λέγεται</span> <span class='ocrx_word' id='word_1_440' title='bbox 344 3671 592 3742; x_wconf 76' lang='grc' dir='ltr'>γέννημά</span> <span class='ocrx_word' id='word_1_441' title='bbox 622 3687 785 3735; x_wconf 86' lang='grc' dir='ltr'>τινος.</span> <span class='ocrx_word' id='word_1_442' title='bbox 803 3672 959 3740; x_wconf 84' lang='grc' dir='ltr'><strong>Ὀρθ.</strong></span> <span class='ocrx_word' id='word_1_443' title='bbox 995 3670 1163 3725; x_wconf 85' lang='grc' dir='ltr'>Πάλιν</span> <span class='ocrx_word' id='word_1_444' title='bbox 1190 3673 1302 3734; x_wconf 84' lang='grc' dir='ltr'>τοῖς</span> <span class='ocrx_word' id='word_1_445' title='bbox 1327 3669 1461 3734; x_wconf 78' lang='grc' dir='ltr'>ἴσοις</span> <span class='ocrx_word' id='word_1_446' title='bbox 1480 3668 1698 3742; x_wconf 82' lang='grc' dir='ltr'>χρησώ-</span> 
     </span>
    </p>
   </div>
   <div class='ocr_carea' id='block_1_55' title="bbox 89 3762 1696 3839">
    <p class='ocr_par' dir='ltr' id='par_1_55' title="bbox 89 3762 1696 3839">
     <span class='ocr_line' id='line_1_55' title="bbox 89 3762 1696 3839; baseline -0.002 -20"><span class='ocrx_word' id='word_1_447' title='bbox 89 3764 244 3839; x_wconf 80' lang='grc' dir='ltr'>μεθα</span> <span class='ocrx_word' id='word_1_448' title='bbox 282 3764 461 3833; x_wconf 74' lang='grc' dir='ltr'>λόγοις</span> <span class='ocrx_word' id='word_1_449' title='bbox 481 3782 495 3796; x_wconf 76' lang='grc' dir='ltr'><strong>ο</strong></span> <span class='ocrx_word' id='word_1_450' title='bbox 520 3765 581 3818; x_wconf 88' lang='lat' dir='ltr'><strong>rb</strong></span> <span class='ocrx_word' id='word_1_451' title='bbox 609 3765 719 3837; x_wconf 70' lang='grc' dir='ltr'>γὰρ</span> <span class='ocrx_word' id='word_1_452' title='bbox 754 3765 885 3819; x_wconf 77' lang='grc' dir='ltr'>αὐτὸ</span> <span class='ocrx_word' id='word_1_453' title='bbox 919 3765 1014 3818; x_wconf 64' lang='grc' dir='ltr'><strong>καὶ</strong></span> <span class='ocrx_word' id='word_1_454' title='bbox 1050 3765 1143 3817; x_wconf 70' lang='grc' dir='ltr'><strong>ἐπὶ</strong></span> <span class='ocrx_word' id='word_1_455' title='bbox 1175 3763 1271 3817; x_wconf 86' lang='grc' dir='ltr'><strong>τοῦ</strong></span> <span class='ocrx_word' id='word_1_456' title='bbox 1305 3762 1570 3833; x_wconf 63' lang='grc' dir='ltr'>ἀψευδοῦς</span> <span class='ocrx_word' id='word_1_457' title='bbox 1603 3763 1696 3817; x_wconf 76' lang='grc' dir='ltr'><strong>καὶ</strong></span> 
     </span>
    </p>
   </div>
   <div class='ocr_carea' id='block_1_56' title="bbox 82 3856 1696 3930">
    <p class='ocr_par' dir='ltr' id='par_1_56' title="bbox 82 3856 1696 3930">
     <span class='ocr_line' id='line_1_56' title="bbox 82 3856 1696 3930; baseline -0.002 -17"><span class='ocrx_word' id='word_1_458' title='bbox 82 3859 192 3913; x_wconf 77' lang='grc' dir='ltr'><strong>τοῦ</strong></span> <span class='ocrx_word' id='word_1_459' title='bbox 214 3857 485 3912; x_wconf 84' lang='grc' dir='ltr'>ἀθανάτου</span> <span class='ocrx_word' id='word_1_460' title='bbox 511 3859 602 3912; x_wconf 73' lang='grc' dir='ltr'><strong>καὶ</strong></span> <span class='ocrx_word' id='word_1_461' title='bbox 625 3857 718 3911; x_wconf 85' lang='grc' dir='ltr'><strong>τοῦ</strong></span> <span class='ocrx_word' id='word_1_462' title='bbox 748 3857 1025 3930; x_wconf 80' lang='grc' dir='ltr'>ἀφθάρτου</span> <span class='ocrx_word' id='word_1_463' title='bbox 1061 3858 1203 3911; x_wconf 72' lang='grc' dir='ltr'>εἴποι</span> <span class='ocrx_word' id='word_1_464' title='bbox 1235 3874 1319 3922; x_wconf 90' lang='grc' dir='ltr'><strong>τις</strong></span> <span class='ocrx_word' id='word_1_465' title='bbox 1342 3857 1408 3911; x_wconf 82' lang='grc' dir='ltr'><strong>ἄν</strong></span> <span class='ocrx_word' id='word_1_466' title='bbox 1426 3875 1439 3888; x_wconf 90' lang='grc'><strong>·</strong></span> <span class='ocrx_word' id='word_1_467' title='bbox 1470 3858 1570 3929; x_wconf 83' lang='grc' dir='ltr'>τῆς</span> <span class='ocrx_word' id='word_1_468' title='bbox 1587 3856 1696 3930; x_wconf 84' lang='grc' dir='ltr'><strong>γὰρ</strong></span> 
     </span>
    </p>
   </div>
   <div class='ocr_carea' id='block_1_57' title="bbox 83 3948 1697 4024">
    <p class='ocr_par' dir='ltr' id='par_1_57' title="bbox 83 3948 1697 4024">
     <span class='ocr_line' id='line_1_57' title="bbox 83 3948 1697 4024; baseline -0.004 -16"><span class='ocrx_word' id='word_1_469' title='bbox 83 3951 277 4023; x_wconf 80' lang='grc' dir='ltr'>αὐτῆς</span> <span class='ocrx_word' id='word_1_470' title='bbox 331 3953 447 4005; x_wconf 76' lang='grc' dir='ltr'>ἐστι</span> <span class='ocrx_word' id='word_1_471' title='bbox 496 3952 746 4024; x_wconf 79' lang='grc' dir='ltr'>χρήσεως</span> <span class='ocrx_word' id='word_1_472' title='bbox 774 3951 853 4022; x_wconf 80' lang='grc' dir='ltr'><strong>τῷ</strong></span> <span class='ocrx_word' id='word_1_473' title='bbox 881 3952 1195 4023; x_wconf 74' lang='grc' dir='ltr'>ἀγεννήτῳ’</span> <span class='ocrx_word' id='word_1_474' title='bbox 1226 3952 1304 4004; x_wconf 84' lang='grc' dir='ltr'><strong>ὅτ’</strong></span> <span class='ocrx_word' id='word_1_475' title='bbox 1339 3948 1405 4004; x_wconf 81' lang='grc' dir='ltr'><strong>ἄν</strong></span> <span class='ocrx_word' id='word_1_476' title='bbox 1438 3967 1520 4003; x_wconf 91' lang='grc' dir='ltr'><strong>σοι</strong></span> <span class='ocrx_word' id='word_1_477' title='bbox 1558 3949 1697 4014; x_wconf 87' lang='grc' dir='ltr'>τέως</span> 
     </span>
    </p>
   </div>
   <div class='ocr_carea' id='block_1_58' title="bbox 85 4042 1696 4115">
    <p class='ocr_par' dir='ltr' id='par_1_58' title="bbox 85 4042 1696 4115">
     <span class='ocr_line' id='line_1_58' title="bbox 85 4042 1696 4115; baseline -0.002 -15"><span class='ocrx_word' id='word_1_478' title='bbox 85 4044 557 4115; x_wconf 79' lang='grc' dir='ltr'>συγχωρήσωμεν</span> <span class='ocrx_word' id='word_1_479' title='bbox 580 4044 780 4113; x_wconf 81' lang='grc' dir='ltr'>λέγειν,</span> <span class='ocrx_word' id='word_1_480' title='bbox 802 4043 830 4096; x_wconf 87' lang='grc' dir='ltr'>ὃ</span> <span class='ocrx_word' id='word_1_481' title='bbox 852 4044 913 4097; x_wconf 86' lang='grc' dir='ltr'>τὸ</span> <span class='ocrx_word' id='word_1_482' title='bbox 940 4042 1163 4113; x_wconf 84' lang='grc' dir='ltr'>Πνεῦμα</span> <span class='ocrx_word' id='word_1_483' title='bbox 1186 4043 1287 4113; x_wconf 76' lang='grc' dir='ltr'>τῆς</span> <span class='ocrx_word' id='word_1_484' title='bbox 1313 4042 1570 4114; x_wconf 82' lang='grc' dir='ltr'>ἀληθείας</span> <span class='ocrx_word' id='word_1_485' title='bbox 1596 4042 1696 4096; x_wconf 83' lang='grc' dir='ltr'><strong>οῦκ</strong></span> 
     </span>
    </p>
   </div>
   <div class='ocr_carea' id='block_1_59' title="bbox 84 4132 1697 4207">
    <p class='ocr_par' dir='ltr' id='par_1_59' title="bbox 84 4132 1697 4207">
     <span class='ocr_line' id='line_1_59' title="bbox 84 4132 1697 4207; baseline -0.002 -16"><span class='ocrx_word' id='word_1_486' title='bbox 84 4132 281 4192; x_wconf 80' lang='grc' dir='ltr'>εἶπεν.</span> <span class='ocrx_word' id='word_1_487' title='bbox 335 4134 596 4207; x_wconf 82' lang='grc' dir='ltr'>Ἐροῦμεν</span> <span class='ocrx_word' id='word_1_488' title='bbox 624 4132 717 4189; x_wconf 79' lang='grc' dir='ltr'>οὖν</span> <span class='ocrx_word' id='word_1_489' title='bbox 742 4136 838 4189; x_wconf 65' lang='grc' dir='ltr'><strong>καὶ</strong></span> <span class='ocrx_word' id='word_1_490' title='bbox 871 4137 1051 4207; x_wconf 79' lang='grc' dir='ltr'>ἡμεῖς’</span> <span class='ocrx_word' id='word_1_491' title='bbox 1086 4137 1148 4188; x_wconf 79' lang='lat' dir='ltr'><strong>Ei</strong></span> <span class='ocrx_word' id='word_1_492' title='bbox 1187 4137 1220 4207; x_wconf 83' lang='grc' dir='ltr'><strong>ἡ</strong></span> <span class='ocrx_word' id='word_1_493' title='bbox 1250 4136 1506 4206; x_wconf 83' lang='grc' dir='ltr'>στέρησις</span> <span class='ocrx_word' id='word_1_494' title='bbox 1531 4134 1697 4199; x_wconf 87' lang='grc' dir='ltr'>ἕξεως</span> 
     </span>
    </p>
   </div>
   <div class='ocr_carea' id='block_1_60' title="bbox 83 4225 1697 4299">
    <p class='ocr_par' dir='ltr' id='par_1_60' title="bbox 83 4225 1697 4299">
     <span class='ocr_line' id='line_1_60' title="bbox 83 4225 1697 4299; baseline -0.002 -16"><span class='ocrx_word' id='word_1_495' title='bbox 83 4227 416 4298; x_wconf 76' lang='grc' dir='ltr'>ἀφαίρεσις,</span> <span class='ocrx_word' id='word_1_496' title='bbox 437 4225 499 4279; x_wconf 90' lang='lat' dir='ltr'><strong>rb</strong></span> <span class='ocrx_word' id='word_1_497' title='bbox 534 4227 626 4280; x_wconf 74' lang='grc' dir='ltr'><strong>ἐπὶ</strong></span> <span class='ocrx_word' id='word_1_498' title='bbox 653 4226 790 4279; x_wconf 83' lang='grc' dir='ltr'>Θεοῦ</span> <span class='ocrx_word' id='word_1_499' title='bbox 821 4227 1049 4297; x_wconf 65' lang='grc' dir='ltr'>ἀψευδὲς</span> <span class='ocrx_word' id='word_1_500' title='bbox 1075 4229 1195 4299; x_wconf 67' lang='grc' dir='ltr'>ἤτοι</span> <span class='ocrx_word' id='word_1_501' title='bbox 1238 4227 1496 4299; x_wconf 86' lang='grc' dir='ltr'>στέρησις</span> <span class='ocrx_word' id='word_1_502' title='bbox 1531 4226 1697 4292; x_wconf 83' lang='grc' dir='ltr'>ἕξεως</span> 
     </span>
    </p>
   </div>
   <div class='ocr_carea' id='block_1_61' title="bbox 85 4318 1693 4394">
    <p class='ocr_par' dir='ltr' id='par_1_61' title="bbox 85 4318 1693 4394">
     <span class='ocr_line' id='line_1_61' title="bbox 85 4318 1693 4394; baseline 0.001 -23"><span class='ocrx_word' id='word_1_503' title='bbox 85 4320 125 4392; x_wconf 75' lang='grc' dir='ltr'>ἦ</span> <span class='ocrx_word' id='word_1_504' title='bbox 171 4318 292 4384; x_wconf 79' lang='grc' dir='ltr'>ἕξις</span> <span class='ocrx_word' id='word_1_505' title='bbox 314 4319 642 4391; x_wconf 84' lang='grc' dir='ltr'>στερήσεως.</span> <span class='ocrx_word' id='word_1_506' title='bbox 676 4319 813 4373; x_wconf 81' lang='grc' dir='ltr'>Ἀλλ’</span> <span class='ocrx_word' id='word_1_507' title='bbox 841 4323 888 4374; x_wconf 86' lang='grc' dir='ltr'>εἰ</span> <span class='ocrx_word' id='word_1_508' title='bbox 915 4320 1012 4391; x_wconf 83' lang='grc' dir='ltr'>μὲν</span> <span class='ocrx_word' id='word_1_509' title='bbox 1043 4319 1299 4394; x_wconf 86' lang='grc' dir='ltr'>στέρησίς</span> <span class='ocrx_word' id='word_1_510' title='bbox 1323 4322 1473 4374; x_wconf 83' lang='grc' dir='ltr'>ἐστιν</span> <span class='ocrx_word' id='word_1_511' title='bbox 1503 4319 1693 4386; x_wconf 80' lang='grc' dir='ltr'>ἕξεως,</span> 
     </span>
    </p>
   </div>
   <div class='ocr_carea' id='block_1_62' title="bbox 88 4408 1695 4484">
    <p class='ocr_par' dir='ltr' id='par_1_62' title="bbox 88 4408 1695 4484">
     <span class='ocr_line' id='line_1_62' title="bbox 88 4408 1695 4484; baseline 0.001 -19"><span class='ocrx_word' id='word_1_512' title='bbox 88 4410 224 4475; x_wconf 85' lang='grc' dir='ltr'><strong>πῶς</strong></span> <span class='ocrx_word' id='word_1_513' title='bbox 252 4408 406 4464; x_wconf 78' lang='grc' dir='ltr'>ἂντδ</span> <span class='ocrx_word' id='word_1_514' title='bbox 435 4412 508 4483; x_wconf 83' lang='grc' dir='ltr'>μὴ</span> <span class='ocrx_word' id='word_1_515' title='bbox 542 4413 744 4483; x_wconf 69' lang='grc' dir='ltr'>προσὸν</span> <span class='ocrx_word' id='word_1_516' title='bbox 772 4411 852 4484; x_wconf 81' lang='grc' dir='ltr'><strong>τῷ</strong></span> <span class='ocrx_word' id='word_1_517' title='bbox 881 4411 999 4483; x_wconf 83' lang='grc' dir='ltr'><strong>Θεῷ</strong></span> <span class='ocrx_word' id='word_1_518' title='bbox 1025 4411 1601 4484; x_wconf 82' lang='grc' dir='ltr'>συναριθμηθήσεται;</span> <span class='ocrx_word' id='word_1_519' title='bbox 1632 4412 1695 4466; x_wconf 83' lang='grc' dir='ltr'><strong>Εἰ</strong></span> 
     </span>
    </p>
   </div>
   <div class='ocr_carea' id='block_1_63' title="bbox 85 4501 1696 4576">
    <p class='ocr_par' dir='ltr' id='par_1_63' title="bbox 85 4501 1696 4576">
     <span class='ocr_line' id='line_1_63' title="bbox 85 4501 1696 4576; baseline -0.001 -18"><span class='ocrx_word' id='word_1_520' title='bbox 85 4504 154 4558; x_wconf 80' lang='grc' dir='ltr'><strong>δὲ</strong></span> <span class='ocrx_word' id='word_1_521' title='bbox 197 4501 315 4569; x_wconf 79' lang='grc' dir='ltr'>ἕξις</span> <span class='ocrx_word' id='word_1_522' title='bbox 356 4505 470 4556; x_wconf 71' lang='grc' dir='ltr'>ἐστι</span> <span class='ocrx_word' id='word_1_523' title='bbox 502 4505 561 4557; x_wconf 85' lang='lat' dir='ltr'><strong>rb</strong></span> <span class='ocrx_word' id='word_1_524' title='bbox 593 4504 842 4575; x_wconf 78' lang='grc' dir='ltr'>ἀψευδὲς,</span> <span class='ocrx_word' id='word_1_525' title='bbox 888 4505 1102 4576; x_wconf 80' lang='grc' dir='ltr'>ἀνάγκη</span> <span class='ocrx_word' id='word_1_526' title='bbox 1143 4503 1554 4575; x_wconf 82' lang='grc' dir='ltr'>προῦποθέσθαι</span> <span class='ocrx_word' id='word_1_527' title='bbox 1600 4504 1696 4561; x_wconf 79' lang='grc' dir='ltr'><strong>καὶ</strong></span> 
     </span>
    </p>
   </div>
   <div class='ocr_carea' id='block_1_64' title="bbox 85 4594 1697 4670">
    <p class='ocr_par' dir='ltr' id='par_1_64' title="bbox 85 4594 1697 4670">
     <span class='ocr_line' id='line_1_64' title="bbox 85 4594 1697 4670; baseline 0.002 -22"><span class='ocrx_word' id='word_1_528' title='bbox 85 4594 320 4667; x_wconf 70' lang='grc' dir='ltr'>ψεῦδος,</span> <span class='ocrx_word' id='word_1_529' title='bbox 340 4596 621 4668; x_wconf 70' lang='grc' dir='ltr'>καὶψευδῆ</span> <span class='ocrx_word' id='word_1_530' title='bbox 643 4597 853 4661; x_wconf 87' lang='grc' dir='ltr'>οὐσίαν,</span> <span class='ocrx_word' id='word_1_531' title='bbox 877 4598 942 4650; x_wconf 79' lang='grc' dir='ltr'><strong>ἵν’</strong></span> <span class='ocrx_word' id='word_1_532' title='bbox 969 4597 1142 4660; x_wconf 82' lang='grc' dir='ltr'>οῦτως</span> <span class='ocrx_word' id='word_1_533' title='bbox 1166 4597 1279 4663; x_wconf 84' lang='grc' dir='ltr'>ἕξιν</span> <span class='ocrx_word' id='word_1_534' title='bbox 1314 4595 1697 4670; x_wconf 85' lang='grc' dir='ltr'>προσλαϐοῦσα</span> 
     </span>
    </p>
   </div>
   <div class='ocr_carea' id='block_1_65' title="bbox 90 4677 1698 4762">
    <p class='ocr_par' dir='ltr' id='par_1_65' title="bbox 90 4677 1698 4762">
     <span class='ocr_line' id='line_1_65' title="bbox 90 4677 1698 4762; baseline 0 -20"><span class='ocrx_word' id='word_1_535' title='bbox 90 4677 348 4758; x_wconf 59' lang='grc' dir='ltr'>ἀψευδὴς</span> <span class='ocrx_word' id='word_1_536' title='bbox 383 4687 817 4760; x_wconf 77' lang='grc' dir='ltr'>ὀνομάζηται.Εί</span> <span class='ocrx_word' id='word_1_537' title='bbox 848 4689 905 4743; x_wconf 80' lang='grc' dir='ltr'><strong>δὲ</strong></span> <span class='ocrx_word' id='word_1_538' title='bbox 929 4692 962 4762; x_wconf 81' lang='grc' dir='ltr'>ἠ</span> <span class='ocrx_word' id='word_1_539' title='bbox 987 4689 1186 4762; x_wconf 70' lang='grc' dir='ltr'>ψευδὴς</span> <span class='ocrx_word' id='word_1_540' title='bbox 1215 4689 1479 4760; x_wconf 71' lang='grc' dir='ltr'>ἀψευδοῦς</span> <span class='ocrx_word' id='word_1_541' title='bbox 1509 4690 1698 4755; x_wconf 79' lang='grc' dir='ltr'>οὐσίας</span> 
     </span>
    </p>
   </div>
   <div class='ocr_carea' id='block_1_66' title="bbox 96 4777 1699 4853">
    <p class='ocr_par' dir='ltr' id='par_1_66' title="bbox 96 4777 1699 4853">
     <span class='ocr_line' id='line_1_66' title="bbox 96 4777 1699 4853; baseline 0.001 -20"><span class='ocrx_word' id='word_1_542' title='bbox 96 4778 394 4852; x_wconf 83' lang='grc' dir='ltr'>μετέσχεν,</span> <span class='ocrx_word' id='word_1_543' title='bbox 428 4777 595 4845; x_wconf 82' lang='grc' dir='ltr'>ἕξεως</span> <span class='ocrx_word' id='word_1_544' title='bbox 621 4781 961 4852; x_wconf 80' lang='grc' dir='ltr'>ὑπομείνασα</span> <span class='ocrx_word' id='word_1_545' title='bbox 985 4780 1255 4853; x_wconf 81' lang='grc' dir='ltr'>ἀποϐολὴν</span> <span class='ocrx_word' id='word_1_546' title='bbox 1288 4781 1515 4851; x_wconf 76' lang='grc' dir='ltr'>ψεύδους</span> <span class='ocrx_word' id='word_1_547' title='bbox 1544 4782 1699 4836; x_wconf 77' lang='grc' dir='ltr'>ἐστέ-</span> 
     </span>
    </p>
   </div>
   <div class='ocr_carea' id='block_1_67' title="bbox 93 4871 1698 4949">
    <p class='ocr_par' dir='ltr' id='par_1_67' title="bbox 93 4871 1698 4949">
     <span class='ocr_line' id='line_1_67' title="bbox 93 4871 1698 4949; baseline 0.002 -24"><span class='ocrx_word' id='word_1_548' title='bbox 93 4889 271 4949; x_wconf 86' lang='grc' dir='ltr'>ρηται</span> <span class='ocrx_word' id='word_1_549' title='bbox 296 4889 309 4902; x_wconf 75' lang='grc' dir='ltr'><strong>ο</strong></span> <span class='ocrx_word' id='word_1_550' title='bbox 335 4871 419 4945; x_wconf 74' lang='grc' dir='ltr'>εἴη</span> <span class='ocrx_word' id='word_1_551' title='bbox 451 4873 517 4927; x_wconf 88' lang='grc' dir='ltr'>ἂν</span> <span class='ocrx_word' id='word_1_552' title='bbox 542 4875 703 4929; x_wconf 80' lang='grc' dir='ltr'>οὐσία</span> <span class='ocrx_word' id='word_1_553' title='bbox 727 4874 947 4946; x_wconf 69' lang='grc' dir='ltr'><strong>ψευδής⁸</strong></span> <span class='ocrx_word' id='word_1_554' title='bbox 992 4873 1053 4927; x_wconf 93' lang='lat' dir='ltr'><strong>rb</strong></span> <span class='ocrx_word' id='word_1_555' title='bbox 1083 4874 1141 4927; x_wconf 80' lang='grc' dir='ltr'>δὲ</span> <span class='ocrx_word' id='word_1_556' title='bbox 1177 4874 1404 4944; x_wconf 72' lang='grc' dir='ltr'>ἀψευδὲς</span> <span class='ocrx_word' id='word_1_557' title='bbox 1435 4874 1569 4939; x_wconf 85' lang='grc' dir='ltr'>ἕξις·</span> <span class='ocrx_word' id='word_1_558' title='bbox 1601 4875 1698 4928; x_wconf 89' lang='grc' dir='ltr'><strong>καί</strong></span> 
     </span>
    </p>
   </div>
   <div class='ocr_carea' id='block_1_68' title="bbox 89 4965 1698 5039">
    <p class='ocr_par' dir='ltr' id='par_1_68' title="bbox 89 4965 1698 5039">
     <span class='ocr_line' id='line_1_68' title="bbox 89 4965 1698 5039; baseline 0.002 -21"><span class='ocrx_word' id='word_1_559' title='bbox 89 4982 202 5019; x_wconf 85' lang='grc' dir='ltr'><strong>σου</strong></span> <span class='ocrx_word' id='word_1_560' title='bbox 246 4965 606 5039; x_wconf 82' lang='grc' dir='ltr'>μεγαλόφρων</span> <span class='ocrx_word' id='word_1_561' title='bbox 663 4968 699 5038; x_wconf 76' lang='grc' dir='ltr'><strong>ἡ</strong></span> <span class='ocrx_word' id='word_1_562' title='bbox 752 4968 913 5038; x_wconf 65' lang='grc' dir='ltr'>σοφία</span> <span class='ocrx_word' id='word_1_563' title='bbox 960 4966 1230 5039; x_wconf 81' lang='grc' dir='ltr'>τοσαύτην</span> <span class='ocrx_word' id='word_1_564' title='bbox 1264 4965 1521 5021; x_wconf 84' lang='grc' dir='ltr'>ἀσέϐειαν</span> <span class='ocrx_word' id='word_1_565' title='bbox 1563 4965 1698 5038; x_wconf 77' lang='grc' dir='ltr'>ὕλης</span> 
     </span>
    </p>
   </div>
   <div class='ocr_carea' id='block_1_69' title="bbox 88 5054 369 5129">
    <p class='ocr_par' dir='ltr' id='par_1_69' title="bbox 88 5054 369 5129">
     <span class='ocr_line' id='line_1_69' title="bbox 88 5054 369 5129; baseline -0.004 -16"><span class='ocrx_word' id='word_1_566' title='bbox 88 5054 369 5129; x_wconf 79' lang='grc' dir='ltr'>εὑροῦσα.</span> 
     </span>
    </p>
   </div>
   <div class='ocr_carea' id='block_1_70' title="bbox 1793 2103 3390 2177">
    <p class='ocr_par' dir='ltr' id='par_1_70' title="bbox 1793 2103 3390 2177">
     <span class='ocr_line' id='line_1_70' title="bbox 1793 2103 3390 2177; baseline 0.003 -21"><span class='ocrx_word' id='word_1_567' title='bbox 1793 2117 1901 2156; x_wconf 91' lang='lat' dir='ltr'><strong>non</strong></span> <span class='ocrx_word' id='word_1_568' title='bbox 1926 2103 2142 2173; x_wconf 87' lang='lat' dir='ltr'><strong>genitus</strong></span> <span class='ocrx_word' id='word_1_569' title='bbox 2174 2122 2187 2158; x_wconf 89' lang='lat'>:</span> <span class='ocrx_word' id='word_1_570' title='bbox 2212 2103 2298 2158; x_wconf 90' lang='lat' dir='ltr'><strong>sin</strong></span> <span class='ocrx_word' id='word_1_571' title='bbox 2322 2118 2453 2159; x_wconf 90' lang='lat' dir='ltr'><strong>vero</strong></span> <span class='ocrx_word' id='word_1_572' title='bbox 2478 2119 2588 2159; x_wconf 92' lang='lat' dir='ltr'><strong>non</strong></span> <span class='ocrx_word' id='word_1_573' title='bbox 2619 2112 2706 2160; x_wconf 90' lang='lat' dir='ltr'><strong>est</strong></span> <span class='ocrx_word' id='word_1_574' title='bbox 2735 2121 2843 2161; x_wconf 87' lang='lat' dir='ltr'><strong>non</strong></span> <span class='ocrx_word' id='word_1_575' title='bbox 2873 2109 3115 2177; x_wconf 84' lang='lat' dir='ltr'><strong>genitus,</strong></span> <span class='ocrx_word' id='word_1_576' title='bbox 3143 2123 3269 2162; x_wconf 90' lang='lat' dir='ltr'><strong>eum</strong></span> <span class='ocrx_word' id='word_1_577' title='bbox 3314 2108 3390 2164; x_wconf 86' lang='lat' dir='ltr'><strong>sit</strong></span> 
     </span>
    </p>
   </div>
   <div class='ocr_carea' id='block_1_71' title="bbox 1792 2193 3390 2270">
    <p class='ocr_par' dir='ltr' id='par_1_71' title="bbox 1792 2193 3390 2270">
     <span class='ocr_line' id='line_1_71' title="bbox 1792 2193 3390 2270; baseline 0.005 -22"><span class='ocrx_word' id='word_1_578' title='bbox 1792 2193 2233 2266; x_wconf 86' lang='lat' dir='ltr'><strong>incorruptibilis</strong></span> <span class='ocrx_word' id='word_1_579' title='bbox 2266 2204 2322 2251; x_wconf 92' lang='lat' dir='ltr'><strong>et</strong></span> <span class='ocrx_word' id='word_1_580' title='bbox 2372 2196 2726 2262; x_wconf 87' lang='lat' dir='ltr'><strong>immortalis,</strong></span> <span class='ocrx_word' id='word_1_581' title='bbox 2788 2213 2896 2253; x_wconf 90' lang='lat' dir='ltr'><strong>non</strong></span> <span class='ocrx_word' id='word_1_582' title='bbox 2938 2199 3188 2270; x_wconf 78' lang='lat' dir='ltr'><strong>profecto</strong></span> <span class='ocrx_word' id='word_1_583' title='bbox 3244 2199 3390 2257; x_wconf 87' lang='lat' dir='ltr'><strong>idem</strong></span> 
     </span>
    </p>
   </div>
   <div class='ocr_carea' id='block_1_72' title="bbox 1793 2286 3392 2363">
    <p class='ocr_par' dir='ltr' id='par_1_72' title="bbox 1793 2286 3392 2363">
     <span class='ocr_line' id='line_1_72' title="bbox 1793 2286 3392 2363; baseline 0.004 -22"><span class='ocrx_word' id='word_1_584' title='bbox 1793 2286 2070 2358; x_wconf 76' lang='lat' dir='ltr'><strong>signiﬁcat</strong></span> <span class='ocrx_word' id='word_1_585' title='bbox 2125 2303 2232 2342; x_wconf 92' lang='lat' dir='ltr'><strong>non</strong></span> <span class='ocrx_word' id='word_1_586' title='bbox 2266 2289 2513 2359; x_wconf 81' lang='lat' dir='ltr'><strong>genitum</strong></span> <span class='ocrx_word' id='word_1_587' title='bbox 2550 2300 2606 2346; x_wconf 89' lang='lat' dir='ltr'><strong>et</strong></span> <span class='ocrx_word' id='word_1_588' title='bbox 2637 2290 3058 2363; x_wconf 88' lang='lat' dir='ltr'><strong>incorruptibile</strong></span> <span class='ocrx_word' id='word_1_589' title='bbox 3108 2293 3225 2350; x_wconf 85' lang='lat' dir='ltr'><strong>sive</strong></span> <span class='ocrx_word' id='word_1_590' title='bbox 3285 2294 3392 2348; x_wconf 83' lang='lat' dir='ltr'><strong>im-</strong></span> 
     </span>
    </p>
   </div>
   <div class='ocr_carea' id='block_1_73' title="bbox 1793 2374 3411 2447">
    <p class='ocr_par' dir='ltr' id='par_1_73' title="bbox 1793 2374 3411 2447">
     <span class='ocr_line' id='line_1_73' title="bbox 1793 2374 3411 2447; baseline 0.005 -12"><span class='ocrx_word' id='word_1_591' title='bbox 1793 2381 2046 2437; x_wconf 87' lang='lat' dir='ltr'><strong>mortale.</strong></span> <span class='ocrx_word' id='word_1_592' title='bbox 2086 2378 2187 2437; x_wconf 87' lang='lat' dir='ltr'><strong>Sin</strong></span> <span class='ocrx_word' id='word_1_593' title='bbox 2214 2398 2349 2437; x_wconf 85' lang='lat' dir='ltr'><strong>vero</strong></span> <span class='ocrx_word' id='word_1_594' title='bbox 2380 2383 2436 2437; x_wconf 90' lang='lat' dir='ltr'><strong>id</strong></span> <span class='ocrx_word' id='word_1_595' title='bbox 2466 2399 2575 2438; x_wconf 88' lang='lat' dir='ltr'><strong>non</strong></span> <span class='ocrx_word' id='word_1_596' title='bbox 2609 2384 2852 2447; x_wconf 84' lang='lat' dir='ltr'><strong>denotat,</strong></span> <span class='ocrx_word' id='word_1_597' title='bbox 2903 2395 2959 2440; x_wconf 90' lang='lat' dir='ltr'><strong>et</strong></span> <span class='ocrx_word' id='word_1_598' title='bbox 2998 2382 3178 2441; x_wconf 85' lang='lat' dir='ltr'><strong>tamen</strong></span> <span class='ocrx_word' id='word_1_599' title='bbox 3208 2374 3411 2444; x_wconf 84' lang='lat' dir='ltr'><strong>adhuc</strong></span> 
     </span>
    </p>
   </div>
   <div class='ocr_carea' id='block_1_74' title="bbox 1794 2476 3393 2549">
    <p class='ocr_par' dir='ltr' id='par_1_74' title="bbox 1794 2476 3393 2549">
     <span class='ocr_line' id='line_1_74' title="bbox 1794 2476 3393 2549; baseline 0.004 -20"><span class='ocrx_word' id='word_1_600' title='bbox 1794 2476 2089 2532; x_wconf 76' lang='lat' dir='ltr'><strong>confirmas</strong></span> <span class='ocrx_word' id='word_1_601' title='bbox 2121 2490 2229 2530; x_wconf 93' lang='lat' dir='ltr'><strong>nou</strong></span> <span class='ocrx_word' id='word_1_602' title='bbox 2269 2477 2511 2548; x_wconf 81' lang='lat' dir='ltr'><strong>genitum</strong></span> <span class='ocrx_word' id='word_1_603' title='bbox 2536 2492 2660 2532; x_wconf 86' lang='lat' dir='ltr'><strong>esse</strong></span> <span class='ocrx_word' id='word_1_604' title='bbox 2687 2480 2861 2549; x_wconf 85' lang='lat' dir='ltr'><strong>ipsam</strong></span> <span class='ocrx_word' id='word_1_605' title='bbox 2885 2478 3393 2547; x_wconf 83' lang='lat' dir='ltr'><strong>substantiam,erit</strong></span> 
     </span>
    </p>
   </div>
   <div class='ocr_carea' id='block_1_75' title="bbox 1793 2567 3394 2642">
    <p class='ocr_par' dir='ltr' id='par_1_75' title="bbox 1793 2567 3394 2642">
     <span class='ocr_line' id='line_1_75' title="bbox 1793 2567 3394 2642; baseline 0.007 -24"><span class='ocrx_word' id='word_1_606' title='bbox 1793 2567 2018 2620; x_wconf 89' lang='lat' dir='ltr'><strong>omnino</strong></span> <span class='ocrx_word' id='word_1_607' title='bbox 2073 2567 2385 2622; x_wconf 80' lang='lat' dir='ltr'><strong>substantia</strong></span> <span class='ocrx_word' id='word_1_608' title='bbox 2435 2568 2738 2623; x_wconf 83' lang='lat' dir='ltr'><strong>secundum</strong></span> <span class='ocrx_word' id='word_1_609' title='bbox 2775 2577 2849 2632; x_wconf 92' lang='lat' dir='ltr'><strong>te,</strong></span> <span class='ocrx_word' id='word_1_610' title='bbox 2884 2579 2938 2624; x_wconf 90' lang='lat' dir='ltr'><strong>et</strong></span> <span class='ocrx_word' id='word_1_611' title='bbox 2967 2572 3251 2642; x_wconf 77' lang='lat' dir='ltr'><strong>sapientia:</strong></span> <span class='ocrx_word' id='word_1_612' title='bbox 3283 2581 3394 2628; x_wconf 70' lang='lat' dir='ltr'><strong>tuza</strong></span> 
     </span>
    </p>
   </div>
   <div class='ocr_carea' id='block_1_76' title="bbox 1794 2658 3392 2730">
    <p class='ocr_par' dir='ltr' id='par_1_76' title="bbox 1794 2658 3392 2730">
     <span class='ocr_line' id='line_1_76' title="bbox 1794 2658 3392 2730; baseline 0.007 -19"><span class='ocrx_word' id='word_1_613' title='bbox 1794 2658 2273 2720; x_wconf 82' lang='lat' dir='ltr'><strong>ratiocinationes,</strong></span> <span class='ocrx_word' id='word_1_614' title='bbox 2309 2674 2417 2713; x_wconf 90' lang='lat' dir='ltr'><strong>non</strong></span> <span class='ocrx_word' id='word_1_615' title='bbox 2456 2660 2636 2728; x_wconf 78' lang='lat' dir='ltr'><strong>genita</strong></span> <span class='ocrx_word' id='word_1_616' title='bbox 2666 2661 2886 2730; x_wconf 79' lang='lat' dir='ltr'><strong>quidem</strong></span> <span class='ocrx_word' id='word_1_617' title='bbox 2910 2664 3242 2727; x_wconf 81' lang='lat' dir='ltr'><strong>substantia,</strong></span> <span class='ocrx_word' id='word_1_618' title='bbox 3281 2682 3392 2723; x_wconf 89' lang='lat' dir='ltr'><strong>non</strong></span> 
     </span>
    </p>
   </div>
   <div class='ocr_carea' id='block_1_77' title="bbox 1792 2749 3393 2829">
    <p class='ocr_par' dir='ltr' id='par_1_77' title="bbox 1792 2749 3393 2829">
     <span class='ocr_line' id='line_1_77' title="bbox 1792 2749 3393 2829; baseline 0.007 -26"><span class='ocrx_word' id='word_1_619' title='bbox 1792 2764 1925 2803; x_wconf 91' lang='lat' dir='ltr'><strong>vero</strong></span> <span class='ocrx_word' id='word_1_620' title='bbox 1960 2749 2293 2805; x_wconf 84' lang='lat' dir='ltr'><strong>immortalis</strong></span> <span class='ocrx_word' id='word_1_621' title='bbox 2318 2759 2372 2807; x_wconf 87' lang='lat' dir='ltr'><strong>et</strong></span> <span class='ocrx_word' id='word_1_622' title='bbox 2406 2752 2865 2829; x_wconf 80' lang='lat' dir='ltr'><strong>iueorruptibilis.</strong></span> <span class='ocrx_word' id='word_1_623' title='bbox 2900 2756 3094 2811; x_wconf 75' lang='lat' dir='ltr'><strong>Anam.</strong></span> <span class='ocrx_word' id='word_1_624' title='bbox 3127 2756 3185 2811; x_wconf 74' lang='lat' dir='ltr'><strong>Si</strong></span> <span class='ocrx_word' id='word_1_625' title='bbox 3209 2758 3393 2827; x_wconf 83' lang='lat' dir='ltr'><strong>priva-</strong></span> 
     </span>
    </p>
   </div>
   <div class='ocr_carea' id='block_1_78' title="bbox 1795 2841 3390 2918">
    <p class='ocr_par' dir='ltr' id='par_1_78' title="bbox 1795 2841 3390 2918">
     <span class='ocr_line' id='line_1_78' title="bbox 1795 2841 3390 2918; baseline 0.007 -22"><span class='ocrx_word' id='word_1_626' title='bbox 1795 2841 1872 2896; x_wconf 93' lang='lat' dir='ltr'><strong>tio</strong></span> <span class='ocrx_word' id='word_1_627' title='bbox 1903 2849 1989 2897; x_wconf 70' lang='grc' dir='ltr'><strong>εει</strong></span> <span class='ocrx_word' id='word_1_628' title='bbox 2016 2842 2300 2898; x_wconf 86' lang='lat' dir='ltr'><strong>habituum</strong></span> <span class='ocrx_word' id='word_1_629' title='bbox 2333 2846 2586 2908; x_wconf 90' lang='lat' dir='ltr'><strong>remotio,</strong></span> <span class='ocrx_word' id='word_1_630' title='bbox 2624 2847 2756 2901; x_wconf 91' lang='lat' dir='ltr'><strong>illud</strong></span> <span class='ocrx_word' id='word_1_631' title='bbox 2785 2849 2932 2918; x_wconf 86' lang='lat' dir='ltr'><strong>quod</strong></span> <span class='ocrx_word' id='word_1_632' title='bbox 2965 2847 3076 2903; x_wconf 82' lang='lat' dir='ltr'><strong>Deo</strong></span> <span class='ocrx_word' id='word_1_633' title='bbox 3100 2850 3390 2917; x_wconf 85' lang='lat' dir='ltr'><strong>tribuitur,</strong></span> 
     </span>
    </p>
   </div>
   <div class='ocr_carea' id='block_1_79' title="bbox 1796 2936 3389 3012">
    <p class='ocr_par' dir='ltr' id='par_1_79' title="bbox 1796 2936 3389 3012">
     <span class='ocr_line' id='line_1_79' title="bbox 1796 2936 3389 3012; baseline 0.008 -24"><span class='ocrx_word' id='word_1_634' title='bbox 1796 2950 1904 2989; x_wconf 92' lang='lat' dir='ltr'><strong>non</strong></span> <span class='ocrx_word' id='word_1_635' title='bbox 1936 2936 2176 3005; x_wconf 84' lang='lat' dir='ltr'><strong>genitum</strong></span> <span class='ocrx_word' id='word_1_636' title='bbox 2205 2951 2350 3003; x_wconf 84' lang='lat' dir='ltr'><strong>esse,</strong></span> <span class='ocrx_word' id='word_1_637' title='bbox 2387 2950 2480 2992; x_wconf 88' lang='lat' dir='ltr'><strong>aut</strong></span> <span class='ocrx_word' id='word_1_638' title='bbox 2506 2939 2746 3008; x_wconf 82' lang='lat' dir='ltr'><strong>privatio</strong></span> <span class='ocrx_word' id='word_1_639' title='bbox 2793 2940 2897 2994; x_wconf 88' lang='lat' dir='ltr'><strong>erit</strong></span> <span class='ocrx_word' id='word_1_640' title='bbox 2934 2940 3106 3011; x_wconf 88' lang='lat' dir='ltr'><strong>ipsius</strong></span> <span class='ocrx_word' id='word_1_641' title='bbox 3146 2942 3389 3012; x_wconf 91' lang='lat' dir='ltr'><strong>habitus,</strong></span> 
     </span>
    </p>
   </div>
   <div class='ocr_carea' id='block_1_80' title="bbox 1796 3024 3392 3100">
    <p class='ocr_par' dir='ltr' id='par_1_80' title="bbox 1796 3024 3392 3100">
     <span class='ocr_line' id='line_1_80' title="bbox 1796 3024 3392 3100; baseline 0.004 -22"><span class='ocrx_word' id='word_1_642' title='bbox 1796 3031 1892 3078; x_wconf 93' lang='lat' dir='ltr'><strong>aut</strong></span> <span class='ocrx_word' id='word_1_643' title='bbox 1924 3025 2032 3078; x_wconf 88' lang='lat' dir='ltr'><strong>erit</strong></span> <span class='ocrx_word' id='word_1_644' title='bbox 2082 3024 2301 3080; x_wconf 89' lang='lat' dir='ltr'><strong>habitus</strong></span> <span class='ocrx_word' id='word_1_645' title='bbox 2355 3025 2682 3095; x_wconf 87' lang='lat' dir='ltr'><strong>privationis</strong></span> <span class='ocrx_word' id='word_1_646' title='bbox 2724 3042 2738 3078; x_wconf 88' lang='lat'><strong>:</strong></span> <span class='ocrx_word' id='word_1_647' title='bbox 2789 3026 2934 3097; x_wconf 89' lang='lat' dir='ltr'><strong>quod</strong></span> <span class='ocrx_word' id='word_1_648' title='bbox 2967 3030 3015 3084; x_wconf 88' lang='lat' dir='ltr'><strong>si</strong></span> <span class='ocrx_word' id='word_1_649' title='bbox 3048 3040 3124 3085; x_wconf 83' lang='lat' dir='ltr'><strong>est</strong></span> <span class='ocrx_word' id='word_1_650' title='bbox 3157 3031 3392 3100; x_wconf 85' lang='lat' dir='ltr'><strong>privatio</strong></span> 
     </span>
    </p>
   </div>
   <div class='ocr_carea' id='block_1_81' title="bbox 1797 3113 3390 3188">
    <p class='ocr_par' dir='ltr' id='par_1_81' title="bbox 1797 3113 3390 3188">
     <span class='ocr_line' id='line_1_81' title="bbox 1797 3113 3390 3188; baseline 0.005 -21"><span class='ocrx_word' id='word_1_651' title='bbox 1797 3114 1971 3184; x_wconf 88' lang='lat' dir='ltr'><strong>ipsius</strong></span> <span class='ocrx_word' id='word_1_652' title='bbox 2014 3113 2259 3179; x_wconf 80' lang='lat' dir='ltr'><strong>habitus,</strong></span> <span class='ocrx_word' id='word_1_653' title='bbox 2297 3115 2575 3185; x_wconf 87' lang='lat' dir='ltr'><strong>quomodo</strong></span> <span class='ocrx_word' id='word_1_654' title='bbox 2611 3116 2662 3171; x_wconf 93' lang='lat' dir='ltr'><strong>id</strong></span> <span class='ocrx_word' id='word_1_655' title='bbox 2720 3119 2865 3188; x_wconf 85' lang='lat' dir='ltr'><strong>quod</strong></span> <span class='ocrx_word' id='word_1_656' title='bbox 2921 3117 3031 3174; x_wconf 84' lang='lat' dir='ltr'><strong>Deo</strong></span> <span class='ocrx_word' id='word_1_657' title='bbox 3074 3136 3185 3176; x_wconf 90' lang='lat' dir='ltr'><strong>non</strong></span> <span class='ocrx_word' id='word_1_658' title='bbox 3225 3120 3390 3182; x_wconf 81' lang='lat' dir='ltr'><strong>inest,</strong></span> 
     </span>
    </p>
   </div>
   <div class='ocr_carea' id='block_1_82' title="bbox 1798 3204 3391 3282">
    <p class='ocr_par' dir='ltr' id='par_1_82' title="bbox 1798 3204 3391 3282">
     <span class='ocr_line' id='line_1_82' title="bbox 1798 3204 3391 3282; baseline 0.007 -23"><span class='ocrx_word' id='word_1_659' title='bbox 1798 3204 1907 3261; x_wconf 89' lang='lat' dir='ltr'><strong>Deo</strong></span> <span class='ocrx_word' id='word_1_660' title='bbox 1927 3208 2454 3263; x_wconf 73' lang='lat' dir='ltr'><strong>connumerabitur:</strong></span> <span class='ocrx_word' id='word_1_661' title='bbox 2485 3209 2573 3264; x_wconf 91' lang='lat' dir='ltr'><strong>sin</strong></span> <span class='ocrx_word' id='word_1_662' title='bbox 2611 3226 2737 3264; x_wconf 88' lang='lat' dir='ltr'><strong>vero</strong></span> <span class='ocrx_word' id='word_1_663' title='bbox 2768 3227 2875 3265; x_wconf 91' lang='lat' dir='ltr'><strong>non</strong></span> <span class='ocrx_word' id='word_1_664' title='bbox 2908 3213 3150 3282; x_wconf 88' lang='lat' dir='ltr'><strong>genitmu</strong></span> <span class='ocrx_word' id='word_1_665' title='bbox 3186 3217 3391 3269; x_wconf 82' lang='lat' dir='ltr'><strong>estha-</strong></span> 
     </span>
    </p>
   </div>
   <div class='ocr_carea' id='block_1_83' title="bbox 1797 3299 3393 3378">
    <p class='ocr_par' dir='ltr' id='par_1_83' title="bbox 1797 3299 3393 3378">
     <span class='ocr_line' id='line_1_83' title="bbox 1797 3299 3393 3378; baseline 0.006 -25"><span class='ocrx_word' id='word_1_666' title='bbox 1797 3299 1968 3364; x_wconf 88' lang='lat' dir='ltr'><strong>bitus,</strong></span> <span class='ocrx_word' id='word_1_667' title='bbox 2001 3314 2227 3356; x_wconf 85' lang='lat' dir='ltr'><strong>necesse</strong></span> <span class='ocrx_word' id='word_1_668' title='bbox 2252 3301 2416 3354; x_wconf 85' lang='lat' dir='ltr'><strong>fuerit</strong></span> <span class='ocrx_word' id='word_1_669' title='bbox 2445 3303 2795 3373; x_wconf 76' lang='lat' dir='ltr'><strong>pra-supponi</strong></span> <span class='ocrx_word' id='word_1_670' title='bbox 2824 3304 3190 3360; x_wconf 81' lang='lat' dir='ltr'><strong>substantiam</strong></span> <span class='ocrx_word' id='word_1_671' title='bbox 3238 3307 3393 3378; x_wconf 82' lang='lat' dir='ltr'><strong>geni-</strong></span> 
     </span>
    </p>
   </div>
   <div class='ocr_carea' id='block_1_84' title="bbox 1802 3392 3390 3472">
    <p class='ocr_par' dir='ltr' id='par_1_84' title="bbox 1802 3392 3390 3472">
     <span class='ocr_line' id='line_1_84' title="bbox 1802 3392 3390 3472; baseline 0.008 -29"><span class='ocrx_word' id='word_1_672' title='bbox 1802 3401 1932 3455; x_wconf 88' lang='lat' dir='ltr'><strong>tam,</strong></span> <span class='ocrx_word' id='word_1_673' title='bbox 1966 3402 2029 3446; x_wconf 91' lang='lat' dir='ltr'><strong>ut</strong></span> <span class='ocrx_word' id='word_1_674' title='bbox 2060 3392 2141 3447; x_wconf 90' lang='lat' dir='ltr'><strong>sic</strong></span> <span class='ocrx_word' id='word_1_675' title='bbox 2186 3403 2472 3464; x_wconf 85' lang='lat' dir='ltr'><strong>assumpto</strong></span> <span class='ocrx_word' id='word_1_676' title='bbox 2501 3394 2688 3449; x_wconf 83' lang='lat' dir='ltr'><strong>habitu</strong></span> <span class='ocrx_word' id='word_1_677' title='bbox 2746 3396 3128 3452; x_wconf 85' lang='lat' dir='ltr'><strong>denominetur</strong></span> <span class='ocrx_word' id='word_1_678' title='bbox 3158 3415 3266 3454; x_wconf 91' lang='lat' dir='ltr'><strong>non</strong></span> <span class='ocrx_word' id='word_1_679' title='bbox 3295 3416 3390 3472; x_wconf 82' lang='lat' dir='ltr'><strong>ge-</strong></span> 
     </span>
    </p>
   </div>
   <div class='ocr_carea' id='block_1_85' title="bbox 1797 3483 3392 3563">
    <p class='ocr_par' dir='ltr' id='par_1_85' title="bbox 1797 3483 3392 3563">
     <span class='ocr_line' id='line_1_85' title="bbox 1797 3483 3392 3563; baseline 0.006 -26"><span class='ocrx_word' id='word_1_680' title='bbox 1797 3483 1911 3537; x_wconf 88' lang='lat' dir='ltr'><strong>nita</strong></span> <span class='ocrx_word' id='word_1_681' title='bbox 1943 3501 1958 3536; x_wconf 87' lang='lat'><strong>:</strong></span> <span class='ocrx_word' id='word_1_682' title='bbox 1991 3484 2035 3539; x_wconf 89' lang='lat' dir='ltr'><strong>si</strong></span> <span class='ocrx_word' id='word_1_683' title='bbox 2062 3500 2188 3539; x_wconf 89' lang='lat' dir='ltr'><strong>vero</strong></span> <span class='ocrx_word' id='word_1_684' title='bbox 2208 3486 2396 3555; x_wconf 81' lang='lat' dir='ltr'><strong>genita</strong></span> <span class='ocrx_word' id='word_1_685' title='bbox 2448 3502 2556 3541; x_wconf 91' lang='lat' dir='ltr'><strong>non</strong></span> <span class='ocrx_word' id='word_1_686' title='bbox 2592 3489 2788 3558; x_wconf 72' lang='lat' dir='ltr'><strong>genita:</strong></span> <span class='ocrx_word' id='word_1_687' title='bbox 2844 3490 3167 3546; x_wconf 68' lang='lat' dir='ltr'><strong>substantiae</strong></span> <span class='ocrx_word' id='word_1_688' title='bbox 3220 3494 3392 3563; x_wconf 84' lang='lat' dir='ltr'><strong>parti-</strong></span> 
     </span>
    </p>
   </div>
   <div class='ocr_carea' id='block_1_86' title="bbox 1796 3577 3390 3654">
    <p class='ocr_par' dir='ltr' id='par_1_86' title="bbox 1796 3577 3390 3654">
     <span class='ocr_line' id='line_1_86' title="bbox 1796 3577 3390 3654; baseline 0.004 -23"><span class='ocrx_word' id='word_1_689' title='bbox 1796 3592 1926 3647; x_wconf 84' lang='lat' dir='ltr'><strong>ceps</strong></span> <span class='ocrx_word' id='word_1_690' title='bbox 1959 3577 2081 3641; x_wconf 83' lang='lat' dir='ltr'><strong>fuit,</strong></span> <span class='ocrx_word' id='word_1_691' title='bbox 2114 3586 2168 3633; x_wconf 90' lang='lat' dir='ltr'><strong>et</strong></span> <span class='ocrx_word' id='word_1_692' title='bbox 2200 3579 2421 3635; x_wconf 85' lang='lat' dir='ltr'><strong>habitus</strong></span> <span class='ocrx_word' id='word_1_693' title='bbox 2464 3580 2741 3648; x_wconf 87' lang='lat' dir='ltr'><strong>jacturam</strong></span> <span class='ocrx_word' id='word_1_694' title='bbox 2781 3597 2945 3654; x_wconf 89' lang='lat' dir='ltr'><strong>passa</strong></span> <span class='ocrx_word' id='word_1_695' title='bbox 2995 3593 3179 3637; x_wconf 87' lang='lat' dir='ltr'><strong>ortum</strong></span> <span class='ocrx_word' id='word_1_696' title='bbox 3213 3584 3390 3649; x_wconf 76' lang='lat' dir='ltr'><strong>exuit,</strong></span> 
     </span>
    </p>
   </div>
   <div class='ocr_carea' id='block_1_87' title="bbox 1798 3667 3387 3743">
    <p class='ocr_par' dir='ltr' id='par_1_87' title="bbox 1798 3667 3387 3743">
     <span class='ocr_line' id='line_1_87' title="bbox 1798 3667 3387 3743; baseline 0.004 -22"><span class='ocrx_word' id='word_1_697' title='bbox 1798 3667 1963 3723; x_wconf 81' lang='lat' dir='ltr'><strong>fuerit</strong></span> <span class='ocrx_word' id='word_1_698' title='bbox 1998 3669 2186 3738; x_wconf 84' lang='lat' dir='ltr'><strong>utique</strong></span> <span class='ocrx_word' id='word_1_699' title='bbox 2220 3670 2531 3725; x_wconf 86' lang='lat' dir='ltr'><strong>substantia</strong></span> <span class='ocrx_word' id='word_1_700' title='bbox 2563 3670 2785 3740; x_wconf 90' lang='lat' dir='ltr'><strong>quidem</strong></span> <span class='ocrx_word' id='word_1_701' title='bbox 2834 3672 3042 3743; x_wconf 85' lang='lat' dir='ltr'><strong>genita,</strong></span> <span class='ocrx_word' id='word_1_702' title='bbox 3097 3687 3207 3725; x_wconf 89' lang='lat' dir='ltr'><strong>non</strong></span> <span class='ocrx_word' id='word_1_703' title='bbox 3237 3674 3387 3742; x_wconf 78' lang='lat' dir='ltr'><strong>geni-</strong></span> 
     </span>
    </p>
   </div>
   <div class='ocr_carea' id='block_1_88' title="bbox 1798 3760 3388 3835">
    <p class='ocr_par' dir='ltr' id='par_1_88' title="bbox 1798 3760 3388 3835">
     <span class='ocr_line' id='line_1_88' title="bbox 1798 3760 3388 3835; baseline 0.004 -22"><span class='ocrx_word' id='word_1_704' title='bbox 1798 3768 1913 3816; x_wconf 92' lang='lat' dir='ltr'><strong>tum</strong></span> <span class='ocrx_word' id='word_1_705' title='bbox 1947 3776 2075 3815; x_wconf 87' lang='lat' dir='ltr'><strong>vero</strong></span> <span class='ocrx_word' id='word_1_706' title='bbox 2107 3760 2344 3816; x_wconf 84' lang='lat' dir='ltr'><strong>habitus.</strong></span> <span class='ocrx_word' id='word_1_707' title='bbox 2372 3760 2467 3816; x_wconf 88' lang='lat' dir='ltr'><strong>Sin</strong></span> <span class='ocrx_word' id='word_1_708' title='bbox 2491 3778 2622 3816; x_wconf 87' lang='lat' dir='ltr'><strong>vero</strong></span> <span class='ocrx_word' id='word_1_709' title='bbox 2644 3764 2896 3834; x_wconf 79' lang='lat' dir='ltr'><strong>genitnen</strong></span> <span class='ocrx_word' id='word_1_710' title='bbox 2928 3763 3181 3818; x_wconf 80' lang='lat' dir='ltr'><strong>nonuihii</strong></span> <span class='ocrx_word' id='word_1_711' title='bbox 3211 3765 3388 3835; x_wconf 89' lang='lat' dir='ltr'><strong>signi-</strong></span> 
     </span>
    </p>
   </div>
   <div class='ocr_carea' id='block_1_89' title="bbox 1799 3851 3387 3926">
    <p class='ocr_par' dir='ltr' id='par_1_89' title="bbox 1799 3851 3387 3926">
     <span class='ocr_line' id='line_1_89' title="bbox 1799 3851 3387 3926; baseline 0.004 -20"><span class='ocrx_word' id='word_1_712' title='bbox 1799 3851 1943 3918; x_wconf 82' lang='lat' dir='ltr'><strong>ﬁcat,</strong></span> <span class='ocrx_word' id='word_1_713' title='bbox 1975 3852 2324 3907; x_wconf 81' lang='lat' dir='ltr'><strong>manifestum</strong></span> <span class='ocrx_word' id='word_1_714' title='bbox 2348 3861 2454 3917; x_wconf 89' lang='lat' dir='ltr'><strong>est,</strong></span> <span class='ocrx_word' id='word_1_715' title='bbox 2474 3856 2617 3925; x_wconf 88' lang='lat' dir='ltr'><strong>quod</strong></span> <span class='ocrx_word' id='word_1_716' title='bbox 2641 3857 2803 3909; x_wconf 86' lang='lat' dir='ltr'><strong>etiam</strong></span> <span class='ocrx_word' id='word_1_717' title='bbox 2831 3855 3101 3926; x_wconf 84' lang='lat' dir='ltr'><strong>signiticet</strong></span> <span class='ocrx_word' id='word_1_718' title='bbox 3119 3856 3387 3919; x_wconf 82' lang='lat' dir='ltr'><strong>habitum.</strong></span> 
     </span>
    </p>
   </div>
   <div class='ocr_carea' id='block_1_90' title="bbox 1798 3945 3391 4014">
    <p class='ocr_par' dir='ltr' id='par_1_90' title="bbox 1798 3945 3391 4014">
     <span class='ocr_line' id='line_1_90' title="bbox 1798 3945 3391 4014; baseline 0.001 -13"><span class='ocrx_word' id='word_1_719' title='bbox 1798 3945 2041 4014; x_wconf 86' lang='lat' dir='ltr'><strong>sivejam</strong></span> <span class='ocrx_word' id='word_1_720' title='bbox 2074 3945 2524 4001; x_wconf 74' lang='lat' dir='ltr'><strong>transformatum</strong></span> <span class='ocrx_word' id='word_1_721' title='bbox 2573 3947 2647 4002; x_wconf 90' lang='lat' dir='ltr'><strong>sit</strong></span> <span class='ocrx_word' id='word_1_722' title='bbox 2680 3963 2747 4002; x_wconf 77' lang='lat' dir='ltr'><strong>ex</strong></span> <span class='ocrx_word' id='word_1_723' title='bbox 2779 3949 3110 4011; x_wconf 83' lang='lat' dir='ltr'><strong>substantia,</strong></span> <span class='ocrx_word' id='word_1_724' title='bbox 3165 3949 3281 4004; x_wconf 84' lang='lat' dir='ltr'><strong>sive</strong></span> <span class='ocrx_word' id='word_1_725' title='bbox 3325 3949 3391 4003; x_wconf 85' lang='lat' dir='ltr'><strong>il-</strong></span> 
     </span>
    </p>
   </div>
   <div class='ocr_carea' id='block_1_91' title="bbox 1798 4034 3388 4107">
    <p class='ocr_par' dir='ltr' id='par_1_91' title="bbox 1798 4034 3388 4107">
     <span class='ocr_line' id='line_1_91' title="bbox 1798 4034 3388 4107; baseline 0.001 -19"><span class='ocrx_word' id='word_1_726' title='bbox 1798 4034 1910 4089; x_wconf 91' lang='lat' dir='ltr'><strong>lum</strong></span> <span class='ocrx_word' id='word_1_727' title='bbox 1964 4037 2162 4104; x_wconf 88' lang='lat' dir='ltr'><strong>ipsum,</strong></span> <span class='ocrx_word' id='word_1_728' title='bbox 2197 4040 2341 4106; x_wconf 77' lang='lat' dir='ltr'><strong>quod</strong></span> <span class='ocrx_word' id='word_1_729' title='bbox 2375 4037 2582 4090; x_wconf 88' lang='lat' dir='ltr'><strong>dicitur</strong></span> <span class='ocrx_word' id='word_1_730' title='bbox 2630 4038 2847 4107; x_wconf 85' lang='lat' dir='ltr'><strong>genitus</strong></span> <span class='ocrx_word' id='word_1_731' title='bbox 2876 4042 2943 4090; x_wconf 67' lang='grc' dir='ltr'><strong>ποῖ»</strong></span> <span class='ocrx_word' id='word_1_732' title='bbox 2979 4038 3185 4107; x_wconf 80' lang='lat' dir='ltr'><strong>aliquo.</strong></span> <span class='ocrx_word' id='word_1_733' title='bbox 3233 4035 3388 4093; x_wconf 80' lang='lat' dir='ltr'><strong>Ortlt.</strong></span> 
     </span>
    </p>
   </div>
   <div class='ocr_carea' id='block_1_92' title="bbox 1796 4125 3391 4198">
    <p class='ocr_par' dir='ltr' id='par_1_92' title="bbox 1796 4125 3391 4198">
     <span class='ocr_line' id='line_1_92' title="bbox 1796 4125 3391 4198; baseline 0.001 -17"><span class='ocrx_word' id='word_1_734' title='bbox 1796 4125 2030 4183; x_wconf 87' lang='lat' dir='ltr'><strong>Paribus</strong></span> <span class='ocrx_word' id='word_1_735' title='bbox 2051 4131 2246 4183; x_wconf 89' lang='lat' dir='ltr'><strong>iterum</strong></span> <span class='ocrx_word' id='word_1_736' title='bbox 2281 4135 2501 4181; x_wconf 88' lang='lat' dir='ltr'><strong>utamur</strong></span> <span class='ocrx_word' id='word_1_737' title='bbox 2521 4128 2851 4196; x_wconf 85' lang='lat' dir='ltr'><strong>rationibus,</strong></span> <span class='ocrx_word' id='word_1_738' title='bbox 2883 4127 3015 4181; x_wconf 89' lang='lat' dir='ltr'><strong>illud</strong></span> <span class='ocrx_word' id='word_1_739' title='bbox 3035 4129 3213 4198; x_wconf 86' lang='lat' dir='ltr'><strong>ipsum</strong></span> <span class='ocrx_word' id='word_1_740' title='bbox 3242 4129 3391 4182; x_wconf 81' lang='lat' dir='ltr'><strong>enim</strong></span> 
     </span>
    </p>
   </div>
   <div class='ocr_carea' id='block_1_93' title="bbox 1798 4221 3392 4292">
    <p class='ocr_par' dir='ltr' id='par_1_93' title="bbox 1798 4221 3392 4292">
     <span class='ocr_line' id='line_1_93' title="bbox 1798 4221 3392 4292; baseline 0.001 -16"><span class='ocrx_word' id='word_1_741' title='bbox 1798 4221 2099 4277; x_wconf 90' lang='lat' dir='ltr'><strong>asserucrit</strong></span> <span class='ocrx_word' id='word_1_742' title='bbox 2132 4222 2406 4292; x_wconf 86' lang='lat' dir='ltr'><strong>quispiam</strong></span> <span class='ocrx_word' id='word_1_743' title='bbox 2442 4222 2609 4277; x_wconf 87' lang='lat' dir='ltr'><strong>etiam</strong></span> <span class='ocrx_word' id='word_1_744' title='bbox 2641 4223 2710 4278; x_wconf 89' lang='lat' dir='ltr'><strong>de</strong></span> <span class='ocrx_word' id='word_1_745' title='bbox 2746 4224 2888 4287; x_wconf 83' lang='lat' dir='ltr'><strong>istis,</strong></span> <span class='ocrx_word' id='word_1_746' title='bbox 2942 4224 3203 4278; x_wconf 89' lang='lat' dir='ltr'><strong>nimirum</strong></span> <span class='ocrx_word' id='word_1_747' title='bbox 3237 4240 3392 4279; x_wconf 75' lang='lat' dir='ltr'><strong>inen-</strong></span> 
     </span>
    </p>
   </div>
   <div class='ocr_carea' id='block_1_94' title="bbox 1797 4312 3395 4386">
    <p class='ocr_par' dir='ltr' id='par_1_94' title="bbox 1797 4312 3395 4386">
     <span class='ocr_line' id='line_1_94' title="bbox 1797 4312 3395 4386; baseline 0.002 -19"><span class='ocrx_word' id='word_1_748' title='bbox 1797 4312 1938 4367; x_wconf 90' lang='lat' dir='ltr'><strong>dacii</strong></span> <span class='ocrx_word' id='word_1_749' title='bbox 1971 4330 2188 4384; x_wconf 80' lang='lat' dir='ltr'><strong>expers,</strong></span> <span class='ocrx_word' id='word_1_750' title='bbox 2220 4314 2570 4377; x_wconf 87' lang='lat' dir='ltr'><strong>innnortaiis,</strong></span> <span class='ocrx_word' id='word_1_751' title='bbox 2624 4322 2679 4368; x_wconf 89' lang='lat' dir='ltr'><strong>et</strong></span> <span class='ocrx_word' id='word_1_752' title='bbox 2716 4315 3155 4386; x_wconf 72' lang='lat' dir='ltr'><strong>iueorrnptibjlis</strong></span> <span class='ocrx_word' id='word_1_753' title='bbox 3183 4331 3196 4366; x_wconf 91' lang='lat'><strong>:</strong></span> <span class='ocrx_word' id='word_1_754' title='bbox 3224 4314 3395 4384; x_wconf 89' lang='lat' dir='ltr'><strong>siqui-</strong></span> 
     </span>
    </p>
   </div>
   <div class='ocr_carea' id='block_1_95' title="bbox 1797 4403 3388 4478">
    <p class='ocr_par' dir='ltr' id='par_1_95' title="bbox 1797 4403 3388 4478">
     <span class='ocr_line' id='line_1_95' title="bbox 1797 4403 3388 4478; baseline -0.002 -19"><span class='ocrx_word' id='word_1_755' title='bbox 1797 4406 1921 4459; x_wconf 87' lang='lat' dir='ltr'><strong>dem</strong></span> <span class='ocrx_word' id='word_1_756' title='bbox 1946 4404 2059 4459; x_wconf 74' lang='lat' dir='ltr'><strong>haze</strong></span> <span class='ocrx_word' id='word_1_757' title='bbox 2075 4407 2263 4460; x_wconf 86' lang='lat' dir='ltr'><strong>eodem</strong></span> <span class='ocrx_word' id='word_1_758' title='bbox 2290 4403 2451 4460; x_wconf 89' lang='lat' dir='ltr'><strong>modo</strong></span> <span class='ocrx_word' id='word_1_759' title='bbox 2474 4415 2812 4474; x_wconf 75' lang='lat' dir='ltr'><strong>usurpentur</strong></span> <span class='ocrx_word' id='word_1_760' title='bbox 2838 4421 2947 4476; x_wconf 90' lang='lat' dir='ltr'><strong>quo</strong></span> <span class='ocrx_word' id='word_1_761' title='bbox 2971 4421 3078 4459; x_wconf 88' lang='lat' dir='ltr'><strong>non</strong></span> <span class='ocrx_word' id='word_1_762' title='bbox 3111 4405 3350 4478; x_wconf 77' lang='lat' dir='ltr'><strong>genitum</strong></span> <span class='ocrx_word' id='word_1_763' title='bbox 3373 4422 3388 4457; x_wconf 89' lang='lat'>:</span> 
     </span>
    </p>
   </div>
   <div class='ocr_carea' id='block_1_96' title="bbox 1797 4496 3392 4570">
    <p class='ocr_par' dir='ltr' id='par_1_96' title="bbox 1797 4496 3392 4570">
     <span class='ocr_line' id='line_1_96' title="bbox 1797 4496 3392 4570; baseline 0.001 -21"><span class='ocrx_word' id='word_1_764' title='bbox 1797 4498 1943 4568; x_wconf 89' lang='lat' dir='ltr'><strong>quod</strong></span> <span class='ocrx_word' id='word_1_765' title='bbox 1978 4498 2198 4568; x_wconf 90' lang='lat' dir='ltr'><strong>quidem</strong></span> <span class='ocrx_word' id='word_1_766' title='bbox 2231 4500 2395 4553; x_wconf 88' lang='lat' dir='ltr'><strong>etiam</strong></span> <span class='ocrx_word' id='word_1_767' title='bbox 2425 4498 2523 4553; x_wconf 91' lang='lat' dir='ltr'><strong>tibi</strong></span> <span class='ocrx_word' id='word_1_768' title='bbox 2554 4500 2948 4562; x_wconf 82' lang='lat' dir='ltr'><strong>eoneedemus,</strong></span> <span class='ocrx_word' id='word_1_769' title='bbox 2980 4499 3234 4570; x_wconf 88' lang='lat' dir='ltr'><strong>quamvis</strong></span> <span class='ocrx_word' id='word_1_770' title='bbox 3264 4496 3392 4568; x_wconf 77' lang='grc' dir='ltr'><strong>5ρὶ-</strong></span> 
     </span>
    </p>
   </div>
   <div class='ocr_carea' id='block_1_97' title="bbox 1799 4590 3397 4662">
    <p class='ocr_par' dir='ltr' id='par_1_97' title="bbox 1799 4590 3397 4662">
     <span class='ocr_line' id='line_1_97' title="bbox 1799 4590 3397 4662; baseline 0.001 -18"><span class='ocrx_word' id='word_1_771' title='bbox 1799 4592 1942 4648; x_wconf 89' lang='lat' dir='ltr'><strong>ritus</strong></span> <span class='ocrx_word' id='word_1_772' title='bbox 1973 4592 2225 4647; x_wconf 82' lang='lat' dir='ltr'><strong>veritatis</strong></span> <span class='ocrx_word' id='word_1_773' title='bbox 2261 4593 2476 4647; x_wconf 84' lang='lat' dir='ltr'><strong>loeutus</strong></span> <span class='ocrx_word' id='word_1_774' title='bbox 2500 4593 2572 4645; x_wconf 90' lang='lat' dir='ltr'><strong>ita</strong></span> <span class='ocrx_word' id='word_1_775' title='bbox 2601 4606 2711 4646; x_wconf 91' lang='lat' dir='ltr'><strong>non</strong></span> <span class='ocrx_word' id='word_1_776' title='bbox 2758 4591 2852 4647; x_wconf 91' lang='lat' dir='ltr'><strong>sit.</strong></span> <span class='ocrx_word' id='word_1_777' title='bbox 2886 4590 3140 4649; x_wconf 76' lang='lat' dir='ltr'><strong>Dicemus</strong></span> <span class='ocrx_word' id='word_1_778' title='bbox 3162 4608 3293 4662; x_wconf 90' lang='lat' dir='ltr'><strong>ergo</strong></span> <span class='ocrx_word' id='word_1_779' title='bbox 3338 4601 3397 4647; x_wconf 91' lang='lat' dir='ltr'><strong>et</strong></span> 
     </span>
    </p>
   </div>
   <div class='ocr_carea' id='block_1_98' title="bbox 1734 4685 3394 4775">
    <p class='ocr_par' dir='ltr' id='par_1_98' title="bbox 1734 4685 3394 4775">
     <span class='ocr_line' id='line_1_98' title="bbox 1734 4685 3394 4775; baseline -0.001 -36"><span class='ocrx_word' id='word_1_780' title='bbox 1734 4722 1774 4775; x_wconf 70' lang='grc' dir='ltr'>ο</span> <span class='ocrx_word' id='word_1_781' title='bbox 1800 4701 1902 4740; x_wconf 91' lang='lat' dir='ltr'><strong>nos</strong></span> <span class='ocrx_word' id='word_1_782' title='bbox 1934 4706 1947 4741; x_wconf 91' lang='lat'>:</span> <span class='ocrx_word' id='word_1_783' title='bbox 1989 4685 2044 4740; x_wconf 87' lang='lat' dir='ltr'><strong>Si</strong></span> <span class='ocrx_word' id='word_1_784' title='bbox 2087 4686 2322 4756; x_wconf 81' lang='lat' dir='ltr'><strong>privatio</strong></span> <span class='ocrx_word' id='word_1_785' title='bbox 2348 4694 2434 4741; x_wconf 89' lang='lat' dir='ltr'><strong>est</strong></span> <span class='ocrx_word' id='word_1_786' title='bbox 2467 4687 2690 4742; x_wconf 89' lang='lat' dir='ltr'><strong>habitus</strong></span> <span class='ocrx_word' id='word_1_787' title='bbox 2747 4686 3002 4752; x_wconf 85' lang='lat' dir='ltr'><strong>remotio,</strong></span> <span class='ocrx_word' id='word_1_788' title='bbox 3028 4686 3196 4740; x_wconf 86' lang='lat' dir='ltr'><strong>etiam</strong></span> <span class='ocrx_word' id='word_1_789' title='bbox 3243 4685 3394 4755; x_wconf 85' lang='lat' dir='ltr'><strong>quod</strong></span> 
     </span>
    </p>
   </div>
   <div class='ocr_carea' id='block_1_99' title="bbox 1808 4775 3394 4848">
    <p class='ocr_par' dir='ltr' id='par_1_99' title="bbox 1808 4775 3394 4848">
     <span class='ocr_line' id='line_1_99' title="bbox 1808 4775 3394 4848; baseline 0 -18"><span class='ocrx_word' id='word_1_790' title='bbox 1808 4776 1876 4831; x_wconf 85' lang='lat' dir='ltr'><strong>de</strong></span> <span class='ocrx_word' id='word_1_791' title='bbox 1899 4775 2010 4832; x_wconf 92' lang='lat' dir='ltr'><strong>Deo</strong></span> <span class='ocrx_word' id='word_1_792' title='bbox 2047 4778 2395 4847; x_wconf 66' lang='lat' dir='ltr'><strong>praadicatur,</strong></span> <span class='ocrx_word' id='word_1_793' title='bbox 2445 4777 2721 4834; x_wconf 88' lang='lat' dir='ltr'><strong>mendacii</strong></span> <span class='ocrx_word' id='word_1_794' title='bbox 2773 4788 3050 4848; x_wconf 82' lang='lat' dir='ltr'><strong>expertem</strong></span> <span class='ocrx_word' id='word_1_795' title='bbox 3097 4792 3240 4840; x_wconf 90' lang='lat' dir='ltr'><strong>esse,</strong></span> <span class='ocrx_word' id='word_1_796' title='bbox 3297 4785 3394 4830; x_wconf 87' lang='lat' dir='ltr'><strong>aut</strong></span> 
     </span>
    </p>
   </div>
   <div class='ocr_carea' id='block_1_100' title="bbox 1807 4870 3393 4940">
    <p class='ocr_par' dir='ltr' id='par_1_100' title="bbox 1807 4870 3393 4940">
     <span class='ocr_line' id='line_1_100' title="bbox 1807 4870 3393 4940; baseline -0.002 -15"><span class='ocrx_word' id='word_1_797' title='bbox 1807 4878 1893 4925; x_wconf 86' lang='lat' dir='ltr'><strong>est</strong></span> <span class='ocrx_word' id='word_1_798' title='bbox 1922 4871 2152 4940; x_wconf 84' lang='lat' dir='ltr'><strong>privatio</strong></span> <span class='ocrx_word' id='word_1_799' title='bbox 2195 4872 2436 4934; x_wconf 87' lang='lat' dir='ltr'><strong>habitus,</strong></span> <span class='ocrx_word' id='word_1_800' title='bbox 2469 4879 2565 4926; x_wconf 90' lang='lat' dir='ltr'><strong>aut</strong></span> <span class='ocrx_word' id='word_1_801' title='bbox 2610 4870 2830 4926; x_wconf 89' lang='lat' dir='ltr'><strong>habitus</strong></span> <span class='ocrx_word' id='word_1_802' title='bbox 2862 4870 3203 4939; x_wconf 89' lang='lat' dir='ltr'><strong>privationis.</strong></span> <span class='ocrx_word' id='word_1_803' title='bbox 3242 4870 3313 4922; x_wconf 79' lang='lat' dir='ltr'><strong>At</strong></span> <span class='ocrx_word' id='word_1_804' title='bbox 3343 4870 3393 4924; x_wconf 89' lang='lat' dir='ltr'><strong>si</strong></span> 
     </span>
    </p>
   </div>
   <div class='ocr_carea' id='block_1_101' title="bbox 1808 4960 3396 5035">
    <p class='ocr_par' dir='ltr' id='par_1_101' title="bbox 1808 4960 3396 5035">
     <span class='ocr_line' id='line_1_101' title="bbox 1808 4960 3396 5035; baseline -0.003 -17"><span class='ocrx_word' id='word_1_805' title='bbox 1808 4973 1893 5018; x_wconf 86' lang='lat' dir='ltr'><strong>est</strong></span> <span class='ocrx_word' id='word_1_806' title='bbox 1931 4962 2166 5032; x_wconf 88' lang='lat' dir='ltr'><strong>privatio</strong></span> <span class='ocrx_word' id='word_1_807' title='bbox 2194 4964 2438 5027; x_wconf 87' lang='lat' dir='ltr'><strong>habitus,</strong></span> <span class='ocrx_word' id='word_1_808' title='bbox 2471 4965 2749 5035; x_wconf 86' lang='lat' dir='ltr'><strong>quomodo</strong></span> <span class='ocrx_word' id='word_1_809' title='bbox 2778 4964 2833 5019; x_wconf 92' lang='lat' dir='ltr'><strong>id</strong></span> <span class='ocrx_word' id='word_1_810' title='bbox 2864 4960 2976 5018; x_wconf 88' lang='lat' dir='ltr'><strong>Deo</strong></span> <span class='ocrx_word' id='word_1_811' title='bbox 3026 4977 3396 5017; x_wconf 54' lang='lat' dir='ltr'><strong>connumerac</strong></span> 
     </span>
    </p>
   </div>
   <div class='ocr_carea' id='block_1_102' title="bbox 1810 5053 3394 5126">
    <p class='ocr_par' dir='ltr' id='par_1_102' title="bbox 1810 5053 3394 5126">
     <span class='ocr_line' id='line_1_102' title="bbox 1810 5053 3394 5126; baseline -0.002 -15"><span class='ocrx_word' id='word_1_812' title='bbox 1810 5055 1978 5121; x_wconf 88' lang='lat' dir='ltr'><strong>bitur,</strong></span> <span class='ocrx_word' id='word_1_813' title='bbox 2012 5057 2223 5126; x_wconf 90' lang='lat' dir='ltr'><strong>quodei</strong></span> <span class='ocrx_word' id='word_1_814' title='bbox 2247 5072 2356 5112; x_wconf 90' lang='lat' dir='ltr'><strong>non</strong></span> <span class='ocrx_word' id='word_1_815' title='bbox 2382 5057 2562 5112; x_wconf 85' lang='lat' dir='ltr'><strong>inest?</strong></span> <span class='ocrx_word' id='word_1_816' title='bbox 2590 5057 2678 5113; x_wconf 90' lang='lat' dir='ltr'><strong>sin</strong></span> <span class='ocrx_word' id='word_1_817' title='bbox 2727 5071 2861 5112; x_wconf 88' lang='lat' dir='ltr'><strong>vero</strong></span> <span class='ocrx_word' id='word_1_818' title='bbox 2915 5055 3072 5120; x_wconf 90' lang='lat' dir='ltr'><strong>illud,</strong></span> <span class='ocrx_word' id='word_1_819' title='bbox 3119 5053 3394 5109; x_wconf 84' lang='lat' dir='ltr'><strong>mendacii</strong></span> 
     </span>
    </p>
   </div>
   <div class='ocr_carea' id='block_1_103' title="bbox 1809 5144 3392 5216">
    <p class='ocr_par' dir='ltr' id='par_1_103' title="bbox 1809 5144 3392 5216">
     <span class='ocr_line' id='line_1_103' title="bbox 1809 5144 3392 5216; baseline -0.003 -16"><span class='ocrx_word' id='word_1_820' title='bbox 1809 5162 2088 5216; x_wconf 78' lang='lat' dir='ltr'><strong>expertem</strong></span> <span class='ocrx_word' id='word_1_821' title='bbox 2117 5162 2263 5213; x_wconf 85' lang='lat' dir='ltr'><strong>esse,</strong></span> <span class='ocrx_word' id='word_1_822' title='bbox 2297 5155 2383 5203; x_wconf 90' lang='lat' dir='ltr'><strong>est</strong></span> <span class='ocrx_word' id='word_1_823' title='bbox 2413 5147 2658 5214; x_wconf 87' lang='lat' dir='ltr'><strong>habitus,</strong></span> <span class='ocrx_word' id='word_1_824' title='bbox 2705 5144 3022 5203; x_wconf 87' lang='lat' dir='ltr'><strong>necessario</strong></span> <span class='ocrx_word' id='word_1_825' title='bbox 3076 5159 3392 5215; x_wconf 56' lang='lat' dir='ltr'><strong>praesuppo.</strong></span> 
     </span>
    </p>
   </div>
   <div class='ocr_carea' id='block_1_104' title="bbox 88 5238 3377 5312">
    <p class='ocr_par' dir='ltr' id='par_1_104' title="bbox 88 5238 3377 5312">
     <span class='ocr_line' id='line_1_104' title="bbox 88 5238 3377 5312; baseline -0.002 -14"><span class='ocrx_word' id='word_1_826' title='bbox 88 5240 263 5298; x_wconf 84' lang='lat' dir='ltr'><strong>nitur</strong></span> <span class='ocrx_word' id='word_1_827' title='bbox 291 5246 346 5294; x_wconf 90' lang='lat' dir='ltr'><strong>et</strong></span> <span class='ocrx_word' id='word_1_828' title='bbox 376 5240 743 5309; x_wconf 87' lang='lat' dir='ltr'><strong>mendacium,</strong></span> <span class='ocrx_word' id='word_1_829' title='bbox 795 5250 851 5299; x_wconf 90' lang='lat' dir='ltr'><strong>et</strong></span> <span class='ocrx_word' id='word_1_830' title='bbox 898 5241 1129 5300; x_wconf 78' lang='lat' dir='ltr'><strong>mendax</strong></span> <span class='ocrx_word' id='word_1_831' title='bbox 1162 5243 1494 5308; x_wconf 86' lang='lat' dir='ltr'><strong>substantia,</strong></span> <span class='ocrx_word' id='word_1_832' title='bbox 1545 5248 1604 5297; x_wconf 90' lang='lat' dir='ltr'><strong>ut</strong></span> <span class='ocrx_word' id='word_1_833' title='bbox 1643 5241 1719 5296; x_wconf 89' lang='lat' dir='ltr'><strong>ita</strong></span> <span class='ocrx_word' id='word_1_834' title='bbox 1764 5241 1956 5296; x_wconf 90' lang='lat' dir='ltr'><strong>habitu</strong></span> <span class='ocrx_word' id='word_1_835' title='bbox 2000 5249 2305 5312; x_wconf 86' lang='lat' dir='ltr'><strong>assumpto,</strong></span> <span class='ocrx_word' id='word_1_836' title='bbox 2338 5241 2609 5297; x_wconf 88' lang='lat' dir='ltr'><strong>mendacii</strong></span> <span class='ocrx_word' id='word_1_837' title='bbox 2646 5255 2843 5312; x_wconf 76' lang='lat' dir='ltr'><strong>expers</strong></span> <span class='ocrx_word' id='word_1_838' title='bbox 2891 5238 3002 5294; x_wconf 91' lang='lat' dir='ltr'><strong>diei</strong></span> <span class='ocrx_word' id='word_1_839' title='bbox 3050 5238 3249 5308; x_wconf 87' lang='lat' dir='ltr'><strong>possit.</strong></span> <span class='ocrx_word' id='word_1_840' title='bbox 3299 5240 3377 5293; x_wconf 77' lang='lat' dir='ltr'><strong>Si</strong></span> 
     </span>
    </p>
   </div>
   <div class='ocr_carea' id='block_1_105' title="bbox 86 5334 3395 5418">
    <p class='ocr_par' dir='ltr' id='par_1_105' title="bbox 86 5334 3395 5418">
     <span class='ocr_line' id='line_1_105' title="bbox 86 5334 3395 5418; baseline -0.001 -27"><span class='ocrx_word' id='word_1_841' title='bbox 86 5348 241 5391; x_wconf 80' lang='lat' dir='ltr'><strong>vero</strong></span> <span class='ocrx_word' id='word_1_842' title='bbox 272 5335 562 5392; x_wconf 87' lang='lat' dir='ltr'><strong>mendacio</strong></span> <span class='ocrx_word' id='word_1_843' title='bbox 590 5339 826 5394; x_wconf 75' lang='lat' dir='ltr'><strong>obnoxia</strong></span> <span class='ocrx_word' id='word_1_844' title='bbox 871 5339 1181 5395; x_wconf 87' lang='lat' dir='ltr'><strong>substantia</strong></span> <span class='ocrx_word' id='word_1_845' title='bbox 1209 5340 1486 5410; x_wconf 88' lang='lat' dir='ltr'><strong>particeps</strong></span> <span class='ocrx_word' id='word_1_846' title='bbox 1549 5336 1695 5394; x_wconf 82' lang='lat' dir='ltr'><strong>facta</strong></span> <span class='ocrx_word' id='word_1_847' title='bbox 1731 5346 1817 5394; x_wconf 88' lang='lat' dir='ltr'><strong>est</strong></span> <span class='ocrx_word' id='word_1_848' title='bbox 1851 5338 1994 5408; x_wconf 88' lang='lat' dir='ltr'><strong>ejus,</strong></span> <span class='ocrx_word' id='word_1_849' title='bbox 2020 5353 2143 5408; x_wconf 84' lang='lat' dir='ltr'><strong>quae</strong></span> <span class='ocrx_word' id='word_1_850' title='bbox 2167 5336 2440 5392; x_wconf 89' lang='lat' dir='ltr'><strong>mendacii</strong></span> <span class='ocrx_word' id='word_1_851' title='bbox 2475 5352 2676 5418; x_wconf 73' lang='lat' dir='ltr'><strong>expers</strong></span> <span class='ocrx_word' id='word_1_852' title='bbox 2713 5338 2806 5402; x_wconf 80' lang='lat' dir='ltr'><strong>sit.</strong></span> <span class='ocrx_word' id='word_1_853' title='bbox 2836 5341 2892 5390; x_wconf 88' lang='lat' dir='ltr'><strong>et</strong></span> <span class='ocrx_word' id='word_1_854' title='bbox 2929 5334 3154 5391; x_wconf 88' lang='lat' dir='ltr'><strong>habitus</strong></span> <span class='ocrx_word' id='word_1_855' title='bbox 3212 5334 3395 5404; x_wconf 76' lang='lat' dir='ltr'><strong>jactu~</strong></span> 
     </span>
    </p>
   </div>
   <div class='ocr_carea' id='block_1_106' title="bbox 92 5427 3396 5502">
    <p class='ocr_par' dir='ltr' id='par_1_106' title="bbox 92 5427 3396 5502">
     <span class='ocr_line' id='line_1_106' title="bbox 92 5427 3396 5502; baseline 0 -21"><span class='ocrx_word' id='word_1_856' title='bbox 92 5441 229 5481; x_wconf 87' lang='lat' dir='ltr'><strong>ram</strong></span> <span class='ocrx_word' id='word_1_857' title='bbox 268 5441 430 5497; x_wconf 85' lang='lat' dir='ltr'><strong>passa</strong></span> <span class='ocrx_word' id='word_1_858' title='bbox 457 5430 742 5485; x_wconf 88' lang='lat' dir='ltr'><strong>mendacio</strong></span> <span class='ocrx_word' id='word_1_859' title='bbox 771 5431 842 5487; x_wconf 89' lang='lat' dir='ltr'><strong>sit</strong></span> <span class='ocrx_word' id='word_1_860' title='bbox 869 5431 1079 5502; x_wconf 87' lang='lat' dir='ltr'><strong>privata</strong></span> <span class='ocrx_word' id='word_1_861' title='bbox 1112 5447 1127 5484; x_wconf 91' lang='lat'><strong>:</strong></span> <span class='ocrx_word' id='word_1_862' title='bbox 1157 5431 1323 5487; x_wconf 77' lang='lat' dir='ltr'><strong>fuerit</strong></span> <span class='ocrx_word' id='word_1_863' title='bbox 1348 5431 1536 5502; x_wconf 81' lang='lat' dir='ltr'><strong>utique</strong></span> <span class='ocrx_word' id='word_1_864' title='bbox 1572 5431 1883 5485; x_wconf 88' lang='lat' dir='ltr'><strong>substantia</strong></span> <span class='ocrx_word' id='word_1_865' title='bbox 1913 5430 2148 5486; x_wconf 81' lang='lat' dir='ltr'><strong>mendax</strong></span> <span class='ocrx_word' id='word_1_866' title='bbox 2180 5449 2194 5485; x_wconf 87' lang='lat'><strong>:</strong></span> <span class='ocrx_word' id='word_1_867' title='bbox 2224 5438 2281 5486; x_wconf 89' lang='lat' dir='ltr'><strong>et</strong></span> <span class='ocrx_word' id='word_1_868' title='bbox 2312 5429 2376 5483; x_wconf 84' lang='lat' dir='ltr'><strong>rb</strong></span> <span class='ocrx_word' id='word_1_869' title='bbox 2398 5445 2600 5501; x_wconf 83' lang='lat' dir='ltr'><strong>expers</strong></span> <span class='ocrx_word' id='word_1_870' title='bbox 2626 5428 2919 5498; x_wconf 88' lang='lat' dir='ltr'><strong>mendacii,</strong></span> <span class='ocrx_word' id='word_1_871' title='bbox 2948 5427 3193 5496; x_wconf 85' lang='lat' dir='ltr'><strong>habitus,</strong></span> <span class='ocrx_word' id='word_1_872' title='bbox 3216 5434 3271 5483; x_wconf 80' lang='lat' dir='ltr'><strong>et</strong></span> <span class='ocrx_word' id='word_1_873' title='bbox 3301 5435 3396 5481; x_wconf 87' lang='lat' dir='ltr'><strong>tua</strong></span> 
     </span>
    </p>
   </div>
   <div class='ocr_carea' id='block_1_107' title="bbox 94 5522 2015 5599">
    <p class='ocr_par' dir='ltr' id='par_1_107' title="bbox 94 5522 2015 5599">
     <span class='ocr_line' id='line_1_107' title="bbox 94 5522 2015 5599; baseline 0.003 -22"><span class='ocrx_word' id='word_1_874' title='bbox 94 5522 206 5577; x_wconf 71' lang='lat' dir='ltr'><strong>illa</strong></span> <span class='ocrx_word' id='word_1_875' title='bbox 236 5536 504 5594; x_wconf 75' lang='lat' dir='ltr'><strong>arrogans</strong></span> <span class='ocrx_word' id='word_1_876' title='bbox 536 5525 805 5595; x_wconf 86' lang='lat' dir='ltr'><strong>sapientia</strong></span> <span class='ocrx_word' id='word_1_877' title='bbox 854 5535 1021 5581; x_wconf 73' lang='lat' dir='ltr'><strong>tanta:</strong></span> <span class='ocrx_word' id='word_1_878' title='bbox 1050 5526 1353 5597; x_wconf 84' lang='lat' dir='ltr'><strong>impietatis</strong></span> <span class='ocrx_word' id='word_1_879' title='bbox 1381 5525 1698 5599; x_wconf 86' lang='lat' dir='ltr'><strong>_materiam</strong></span> <span class='ocrx_word' id='word_1_880' title='bbox 1728 5527 2015 5597; x_wconf 86' lang='lat' dir='ltr'><strong>repererit.</strong></span> 
     </span>
    </p>
   </div>
   <div class='ocr_carea' id='block_1_108' title="bbox 206 5677 707 5750">
    <p class='ocr_par' dir='ltr' id='par_1_108' title="bbox 206 5677 707 5750">
     <span class='ocr_line' id='line_1_108' title="bbox 206 5677 707 5750; baseline 0.01 -16"><span class='ocrx_word' id='word_1_881' title='bbox 206 5677 301 5750; x_wconf 81' lang='grc'>77)</span> <span class='ocrx_word' id='word_1_882' title='bbox 340 5679 480 5750; x_wconf 80' lang='lat' dir='ltr'><strong>Aug.</strong></span> <span class='ocrx_word' id='word_1_883' title='bbox 520 5680 707 5747; x_wconf 80' lang='grc' dir='ltr'>ἕξεως.</span> 
     </span>
    </p>
   </div>
   <div class='ocr_carea' id='block_1_109' title="bbox 175 5678 1114 5825">
    <p class='ocr_par' dir='ltr' id='par_1_109' title="bbox 175 5678 1114 5825">
     <span class='ocr_line' id='line_1_109' title="bbox 206 5678 707 5750; baseline 0.01 -17"><span class='ocrx_word' id='word_1_884' title='bbox 206 5678 301 5747; x_wconf 85' lang='grc'>77)</span> <span class='ocrx_word' id='word_1_885' title='bbox 340 5679 480 5750; x_wconf 80' lang='lat' dir='ltr'><strong>Aug.</strong></span> <span class='ocrx_word' id='word_1_886' title='bbox 520 5680 707 5747; x_wconf 79' lang='grc' dir='ltr'>ἕξεως.</span> 
     </span>
     <span class='ocr_line' id='line_1_110' title="bbox 175 5678 1114 5825; baseline 0.004 -21"><span class='ocrx_word' id='word_1_887' title='bbox 175 5678 203 5825; x_wconf 52' lang='grc' dir='ltr'><em>ἱ</em></span> <span class='ocrx_word' id='word_1_888' title='bbox 216 5748 301 5821; x_wconf 68' lang='grc'><strong>18)</strong></span> <span class='ocrx_word' id='word_1_889' title='bbox 336 5751 584 5823; x_wconf 77' lang='grc' dir='ltr'>Μετὲσχε</span> <span class='ocrx_word' id='word_1_890' title='bbox 613 5755 772 5811; x_wconf 74' lang='lat' dir='ltr'><strong>abest</strong></span> <span class='ocrx_word' id='word_1_891' title='bbox 799 5768 832 5808; x_wconf 88' lang='lat' dir='ltr'><strong>a</strong></span> <span class='ocrx_word' id='word_1_892' title='bbox 862 5752 1036 5810; x_wconf 82' lang='lat' dir='ltr'><strong>Palat.</strong></span> <span class='ocrx_word' id='word_1_893' title='bbox 1061 5755 1114 5810; x_wconf 76' lang='grc'><strong>1.</strong></span> 
     </span>
    </p>
   </div>
   <div class='ocr_carea' id='block_1_110' title="bbox 1878 5684 2603 5759">
    <p class='ocr_par' dir='ltr' id='par_1_110' title="bbox 1878 5684 2603 5759">
     <span class='ocr_line' id='line_1_111' title="bbox 1878 5684 2603 5759; baseline 0.001 -19"><span class='ocrx_word' id='word_1_894' title='bbox 1878 5684 1989 5757; x_wconf 82' lang='grc'><strong>(79)</strong></span> <span class='ocrx_word' id='word_1_895' title='bbox 2028 5686 2168 5759; x_wconf 75' lang='lat' dir='ltr'><strong>Aug.</strong></span> <span class='ocrx_word' id='word_1_896' title='bbox 2200 5684 2417 5758; x_wconf 69' lang='grc' dir='ltr'>ἐξουσίᾳ</span> <span class='ocrx_word' id='word_1_897' title='bbox 2439 5684 2603 5749; x_wconf 83' lang='grc' dir='ltr'>τινός.</span> 
     </span>
    </p>
   </div>
  </div>
