3862 6204
499 300 631 355 “9|

1729 289 1788 345 ὃ.
1826 286 2289 346 ΑτηΑΝΑειυε.
2328 317 2400 329 -
2437 286 2708 343 SPURIA.

3645 103 3854 342 ...1

562 405 838 482 ωειλ
875 405 1066 461 Anam.
1093 403 1151 459 Si
1184 404 1428 475 genitum
1485 417 1641 473 asque
1670 416 1736 456 ac
1769 416 1880 456 non
1915 401 2070 471 geni-

2244 400 2332 455 22.
2391 401 2593 470 ‘Aray.
2628 399 2693 455 Et
2759 401 2822 454 τὸ
2867 400 3126 471 γεννητὸν
3173 399 3286 465 ἕξις
3348 401 3448 454 καὶ
3502 399 3578 453 τὸ
3626 400 3798 468 ἀγέν-

494 506 610 550 ῑιιιιι
631 497 851 551 habitus
875 506 981 559 est,
1000 495 1322 550 substantiae
1340 492 1557 563 quidem
1581 492 1857 546 habitibus
1874 492 2083 560 priores

494 593 656 640 erunt
679 606 692 639 :
716 586 936 641 habitus
962 600 1092 640 vero
1110 585 1237 639 licet
1251 582 1577 639 substantiis
1592 582 1931 652 posteriores
1949 580 2081 645 sint,

493 685 683 731 tamen
722 676 914 731 iisdem
945 676 1244 746 digniores.
1279 672 1399 729 Non
1438 674 1689 743 genitum
1736 687 1861 726 vero
1916 672 2084 742 geniti

492 784 661 822 causa
684 778 790 835 est,
813 775 1086 837 quatenus
1118 767 1295 836 ipsum
1322 780 1446 820 esse
1474 766 1786 819 denotatur.
1825 763 1921 817 Sin
1952 778 2085 819 vero

491 864 736 930 genitum
772 861 939 914 infert
961 859 1283 914 substantiae
1304 873 1418 911 suae
1441 871 1692 919 causam,
1749 856 2086 926 significabit

493 969 625 1008 sane
646 968 750 1007 vox
774 953 1016 1023 genitum
1047 950 1432 1015 substantiam,
1484 962 1595 1002 non
1641 947 1885 1003 habitum
1911 964 1925 1001 :
1957 963 2083 1002 cum

491 1059 626 1099 vero
657 1055 854 1098 natura
886 1059 995 1097 non
1024 1042 1209 1112 genita
1243 1041 1380 1095 nihil
1420 1041 1534 1109 ipsa
1576 1041 1631 1092 in
1655 1054 1715 1094 se
1752 1040 2081 1101 introducat,

491 1135 769 1205 quomodo
809 1149 940 1203 ergo
974 1149 1085 1187 non
1127 1131 1465 1195 substantia,
1516 1130 1613 1183 sed
1662 1130 1886 1184 habitus
1918 1129 2085 1184 fuerit

489 1223 586 1277 illa
633 1241 742 1278 non
786 1224 969 1293 genita
1015 1221 1250 1276 natura?
1300 1219 1453 1277 ΟνιΙι.
1488 1218 1812 1275 Subslantia
1856 1220 2082 1290 quidem

489 1317 627 1372 nihil
655 1325 738 1371 est
774 1316 1019 1386 dignius,
1047 1315 1133 1368 vir
1160 1314 1594 1384 sapientissime,
1640 1328 1742 1368 nec
1786 1321 1969 1390 tamen
1999 1314 2084 1368 vel

487 1409 738 1463 habitum
760 1410 843 1463 vel
872 1409 1240 1463 substantiam
1275 1422 1534 1461 vocamus
1558 1407 1611 1460 in
1634 1406 1745 1461 Deo
1763 1406 1823 1459 τὸ
1852 1419 1963 1459 non
1991 1419 2083 1474 ge-

487 1502 685 1556 nitum.
727 1499 847 1555 Non
873 1515 999 1555 esse
1029 1507 1212 1554 autem
1238 1514 1363 1553 eum
1396 1500 1638 1567 genitum
1663 1513 1760 1568 per
1792 1512 1917 1552 eum
1946 1495 2084 1549 didi-

486 1592 687 1653 cimus,
721 1590 885 1660 idque
928 1605 1038 1646 non
1064 1596 1278 1642 tantum
1308 1604 1376 1641 ex
1431 1588 1717 1657 Scriptura
1745 1587 1953 1648 divina,
1986 1585 2083 1640 sed

485 1683 652 1739 etiam
684 1698 748 1738 ex
794 1681 1075 1736 communi
1129 1680 1414 1734 hominum
1463 1688 1659 1733 natura
1702 1690 1758 1734 et
1813 1678 2078 1744 notione;

2184 507 2343 561 νητον
2371 488 2504 556 ἕξις,
2536 492 2592 545 αἰ
2636 489 2734 561 μὲν
2771 489 2949 542 οὐσίαι
2979 490 3089 542 τῶν
3126 488 3293 555 ἕξεων
3326 488 3594 561 πρῶται⁵
3638 492 3696 543 αἱ
3734 490 3792 542 δὲ

2184 579 2347 650 ἕξεις,
2375 584 2425 637 ει
2476 583 2572 637 καὶ
2625 582 2735 636 τῶν
2774 581 2971 636 οὐσιῶν
3011 581 3264 655 δεύτεραι
3287 583 3425 653 (80),
3448 581 3578 635 ἀλλ’
3611 578 3710 635 οὖν
3727 599 3783 633 τε

2186 676 2598 749 προτιμότεραι.
2636 676 2719 743 Τὸ,
2746 675 2804 728 δὲ
2850 677 3143 748 ἀγέννητον
3171 675 3266 729 τοῦ
3307 674 3589 745 γεννητοῦ
3616 674 3783 728 αἰτιῶ

2184 769 2326 836 ἐστι,
2354 767 2497 823 κατά
2525 768 2588 821 τὸ
2626 767 2722 821 τοῦ
2760 764 2897 822 εἶναι
2935 768 3353 839 σημαινόμενον.
3381 768 3447 820 Et
3469 767 3532 821 δὲ
3564 767 3634 820 τὸ
3662 768 3785 835 γέν-

2183 878 2332 932 νημα
2363 860 2700 932 συνεισφέρει
2722 860 2823 931 τῆς
2848 860 3040 914 ἑαυτοῦ
3069 861 3258 923 οὐσίας
3273 860 3334 913 τὸ
3363 860 3571 923 αἴτιον,
3598 859 3787 920 οὐσία-ς

2184 952 2303 1004 ἐστὶ
2350 951 2648 1021 δηλωτικὸν
2683 952 2746 1005 τὸ
2787 952 3058 1023 γέννημα,
3090 951 3205 1004 ἀλλ’
3234 952 3334 1021 οὐχ
3368 950 3577 1015 ἕξεως,
3606 950 3714 1018 τῆς
3742 950 3780 1001 δ’

2183 1043 2482 1113 ἀγεννήτου
2513 1042 2728 1113 φύσεως
2769 1043 2922 1098 οὐδὲν
2959 1045 3124 1114 ἑαυτῇ
3178 1042 3622 1113 συνεισαγούσης
3646 1040 3780 1111 (81),

2184 1132 2303 1196 πῶς
2331 1127 2432 1185 όύκ
2462 1132 2529 1186 ἂν
2578 1132 2666 1203 εἴη
2697 1132 2875 1193 οὐσία,
2900 1132 3015 1185 ἀλλ’
3043 1131 3157 1195 ἕξις
3185 1133 3219 1202 ἡ
3252 1131 3555 1202 ἀγέννητος
3585 1132 3781 1200 φύσις

2196 1225 2343 1292 Ὀρθ.
2388 1224 2586 1289 Οὐσίας
2629 1225 2727 1296 μὲν
2774 1224 2925 1278 οὐδὲν
2965 1225 3379 1296 προτιμότερον,
3451 1223 3780 1292 σοφώτατε·

2182 1315 2308 1370 οὐτε
2338 1316 2396 1370 δὲ
2437 1315 2550 1382 ἕξιν
2575 1315 2701 1370 οὐτε
2734 1317 2923 1371 οὐσίαν
2956 1318 3187 1389 λέγομεν
3226 1318 3319 1370 ἐπὶ
3341 1316 3480 1370 Θεοῦ
3508 1317 3580 1370 τὸ
3616 1317 3786 1386 ἀγέν-

2182 1425 2359 1479 νητον.
2388 1408 2460 1462 Τὸ
2490 1408 2547 1461 δὲ
2585 1408 2660 1480 μὴ
2688 1409 3045 1480 γεγεννῆσθαι
3080 1409 3242 1462 αὐτὸν
3280 1409 3346 1463 δι’
3378 1409 3549 1463 αὐτοῦ
3596 1428 3788 1481 μεμα-

2183 1498 2451 1571 θήκαμεν,
2485 1501 2582 1553 καὶ
2611 1499 2771 1554 τοῦτο
2808 1500 2910 1555 οὐκ
2940 1501 3048 1554 ἀπὸ
3077 1502 3175 1572 τῆς
3202 1500 3349 1563 θείας
3376 1502 3634 1573 Γραφῆς,
3665 1502 3789 1555 ἀλλ’

2181 1592 2291 1645 ἀπὸ
2321 1591 2420 1662 τῆς
2450 1592 2798 1665 ἀνθρωπίνης
2843 1592 3058 1663 φύσεως
3090 1595 3184 1647 καὶ
3213 1593 3441 1658 ἐννοίας.
3482 1594 3561 1647 Τὸ
3598 1595 3793 1647 τοίνυν

2184 1684 2499 1755 ἀγέννητον,
2526 1684 2620 1738 τοῦ
2653 1685 2913 1756 γεννητοῦ
2949 1686 3121 1739 αἴτιον
3158 1686 3258 1740 οὐκ
3288 1685 3401 1739 ἐστι
3420 1703 3435 1715 ’
3466 1686 3529 1738 οὐ
3573 1688 3697 1756 γάρ
3728 1686 3792 1738 τὺ

486 1775 656 1846 igitur
688 1790 799 1829 non
828 1774 1073 1845 genitum
1107 1786 1275 1827 causa
1310 1786 1419 1825 non
1447 1779 1532 1827 est
1557 1772 1727 1840 geniti
1766 1790 1781 1827 :
1812 1785 1912 1825 nec
1938 1772 2071 1842 quia

2180 1776 2250 1848 μὴ
2278 1777 2634 1849 γεγεννῆσθαι
2653 1778 2745 1831 τὸν
2765 1779 2899 1832 Θεὸν
2926 1778 3021 1832 τοῦ
3053 1778 3184 1831 Υἱοῦ
3211 1779 3403 1841 αἴτιον,
3428 1777 3543 1830 ἀλλ’
3562 1781 3602 1847 ἡ
3623 1778 3787 1837 οὐσία

487 1866 633 1924 Deus
664 1882 773 1921 non
804 1866 1025 1936 genitus
1056 1873 1161 1930 est,
1193 1864 1316 1919 ideo
1339 1879 1506 1919 causa
1541 1862 1666 1917 Filii
1689 1871 1795 1927 est,
1826 1863 1921 1918 sed
1945 1862 2075 1918 sub-

486 1960 692 2016 stantia
749 1958 1095 2021 substantiaa,
1148 1972 1260 2011 non
1315 1972 1476 2012 secus
1505 1971 1570 2011 ac
1612 1956 1702 2011 lux
1742 1956 2072 2025 splendoris.

484 2050 597 2106 Nec
636 2064 816 2105 tamen
847 2050 1103 2121 genimen
1127 2063 1283 2104 suam
1313 2049 1491 2119 ipsius
1515 2049 1813 2102 essentiam
1863 2047 2029 2101 infert
2057 2064 2069 2100 :

487 2142 534 2195 si
564 2144 711 2195 enim
745 2142 846 2198 hoc
872 2143 1030 2207 foret,
1058 2144 1171 2213 jam
1204 2144 1391 2197 omnia
1415 2158 1538 2212 qua:
1567 2145 1749 2213 genita
1770 2150 1899 2198 sunt
1919 2156 2073 2196 eam-

486 2233 609 2288 dem
642 2234 908 2288 inferrent
938 2236 1256 2299 essentiam,
1309 2237 1566 2289 nimirum
1612 2244 1666 2287 et
1722 2235 1968 2304 angelus,
2020 2242 2076 2288 ct

485 2338 684 2392 equus,
713 2332 766 2378 et
798 2324 976 2387 canis,
1009 2333 1065 2379 et
1093 2325 1279 2380 homo.
1318 2323 1423 2379 Sed
1458 2326 1575 2379 haec
1620 2324 1803 2379 omnia
1854 2323 2073 2393 quidem

486 2412 614 2465 licet
656 2415 839 2484 genita
874 2417 1004 2480 sint,
1049 2430 1157 2468 non
1195 2427 1379 2470 tamen
1422 2415 1667 2484 ejusdem
1726 2422 1855 2471 sunt
1885 2429 2077 2471 essen-

486 2506 593 2559 tiaa.
623 2503 778 2570 Quod
805 2507 852 2562 si
877 2506 952 2559 ita
984 2507 1078 2569 sit,
1109 2522 1242 2561 sane
1271 2522 1381 2560 non
1402 2506 1543 2559 idem
1563 2515 1649 2560 est
1669 2506 1909 2577 genitum
1928 2522 2072 2572 esse,

485 2599 630 2667 quod
661 2600 898 2653 essentia
936 2619 950 2653 :
985 2610 1038 2655 et
1063 2615 1377 2670 quanquam
1434 2599 1570 2653 nihil
1596 2600 1759 2653 infert
1781 2613 1892 2653 non
1923 2601 2075 2669 geni-

486 2697 625 2750 tum,
652 2697 738 2742 est
767 2696 950 2743 tamen
992 2689 1138 2743 aliud
1166 2690 1282 2758 ipsa
1308 2687 1620 2742 substantia
1654 2707 1667 2741 :
1695 2702 1821 2741 nam
1854 2697 1910 2743 et
1932 2703 2076 2742 men-

486 2780 631 2834 dacii
666 2792 943 2851 expertem
989 2796 1136 2843 esse,
1187 2779 1324 2839 nihil
1382 2780 1535 2834 addit
1587 2778 1718 2839 Deo,
1752 2795 1853 2834 nec
1893 2789 2075 2833 tamen

487 2871 629 2925 idem
647 2872 897 2942 estquod
926 2872 1239 2927 substantia
1275 2888 1288 2922 :
1324 2871 1372 2925 si
1400 2871 1545 2925 enim
1589 2871 1651 2923 τὸ
1680 2869 1950 2926 mendacii
1986 2886 2078 2925 ex-

486 2971 693 3033 pertem
723 2979 867 3028 esse,
897 2975 953 3017 et
984 2961 1046 3015 τὸ
1075 2979 1182 3016 non
1207 2964 1447 3034 genitum
1468 2978 1591 3017 esse
1618 2961 1759 3016 idem
1786 2969 1915 3018 sunt
1929 2960 2076 3032 quod

486 3056 749 3121 essentia,
782 3056 948 3111 etiam
978 3054 1121 3109 idem
1142 3064 1307 3108 erunt
1336 3054 1610 3109 mendacii
1642 3068 1840 3124 expers
1870 3062 1924 3109 et
1965 3070 2075 3110 non

486 3150 752 3222 genitum.
782 3145 957 3202 Filius
984 3160 1134 3210 vero,
1158 3146 1251 3216 qui
1279 3146 1399 3216 ipsa
1424 3154 1509 3201 est
1531 3145 1761 3208 veritas,
1808 3147 2078 3203 mendacii

2171 1865 2271 1937 τῆς
2298 1866 2505 1931 οὐσίας,
2524 1866 2600 1931 ὡς
2619 1867 2681 1920 τὸ
2715 1866 2831 1937 φῶς
2859 1866 2954 1921 τοῦ
2988 1868 3445 1937 ἀπαυγάσματος.
3479 1867 3632 1921 Ἀλλ’
3656 1868 3796 1922 οὔτε

2177 1957 2284 2028 μὴν
2304 1958 2364 2010 τὸ
2388 1958 2633 2028 γέννημα
2661 1958 3001 2030 συνεισφέρει
3017 1961 3116 2030 τὴν
3133 1959 3328 2013 ἑαυτοῦ
3350 1959 3566 2013 οὐσίανο
3594 1961 3652 2013 εἰ
3675 1961 3796 2031 γὰρ

2172 2046 2239 2101 ἂν
2293 2048 2428 2120 (82),
2490 2050 2668 2104 πάντα
2704 2051 2775 2104 τὰ
2806 2050 3040 2123 γεννητὰ
3088 2051 3188 2121 τὴν
3225 2051 3394 2123 αὐτὴν
3451 2052 3796 2122 συνεισέφε-

2178 2156 2268 2209 ρον
2299 2139 2510 2207 οὐσίαν,
2541 2142 2636 2195 καὶ
2687 2142 2937 2212 ἄγγελος,
2974 2143 3068 2196 καὶ
3112 2142 3298 2206 ἵππος,
3327 2144 3421 2196 καὶ
3453 2142 3639 2206 κύων,
3689 2144 3797 2197 καὶ

2174 2230 2481 2301 ἄνθρωπος.
2532 2233 2717 2287 Πάντα
2749 2233 2860 2308 γὰρ
2893 2234 3094 2304 ὁμοίως
3133 2234 3242 2291 εἰσὶ
3267 2235 3527 2305 γενητὰ,
3565 2235 3696 2288 ἀλλ’
3728 2237 3792 2288 οὐ

2175 2323 2275 2392 τῆς
2317 2325 2488 2395 αὐτῆς
2517 2325 2726 2389 οὐσίας.
2752 2327 2814 2380 Εἰ
2841 2327 2898 2379 δὲ
2926 2325 3107 2392 τοῦτο,
3140 2326 3242 2379 οὐκ
3269 2326 3379 2398 ἄρα
3416 2327 3479 2381 τὸ
3510 2329 3792 2400 γεννητὸν

2174 2416 2354 2470 οὐσία.
2400 2417 2516 2471 Κᾶν
2548 2418 2624 2489 μὴ
2662 2414 2754 2472 οὖν
2806 2418 3093 2489 εἰσάγηταί
3117 2436 3173 2472 τι
3198 2418 3260 2471 τὸ
3285 2418 3611 2489 ἀγέννητον,
3645 2421 3790 2473 ἀλλὰ

2177 2508 2327 2579 παρά
2347 2508 2504 2562 τοῦτο
2539 2509 2697 2562 οὐσία
2715 2526 2729 2540 ·
2760 2511 2856 2564 καὶ
2878 2510 2987 2582 γὰρ
3017 2511 3113 2565 καὶ
3134 2510 3195 2563 τὸ
3218 2510 3445 2580 ἀψευδὲς
3467 2511 3635 2564 οὐδὲν
3666 2514 3789 2565 εισ-

2177 2601 2324 2668 άγει,
2357 2602 2452 2653 κα)⁸
2488 2603 2588 2654 οὐκ
2616 2601 2761 2655 ἔστιν
2817 2604 3005 2657 οὐσία·
3037 2605 3088 2657 εἰ
3110 2602 3221 2673 γὰρ
3252 2603 3313 2656 τὸ
3349 2602 3586 2672 ἀψευδὲς
3621 2603 3790 2657 οὐσία

2178 2691 2275 2744 καὶ
2320 2691 2380 2745 τὸ
2424 2691 2718 2763 ἀγέννητον
2745 2693 2902 2747 οὐσία
2935 2692 3071 2764 (85),
3098 2693 3263 2746 ταυτό
3306 2695 3423 2746 ὲστι
3447 2692 3513 2746 τὸ
3540 2692 3787 2763 ἀψευδὲς

2175 2782 2253 2853 τῷ
2290 2784 2590 2855 ἀγεννήτῳ.
2626 2784 2886 2856 Ἀψευδὴς
2914 2785 2971 2838 δὲ
2997 2786 3026 2837 ὁ
3055 2786 3204 2850 Υἱὸς,
3229 2785 3455 2857 ἀλήθεια
3483 2783 3588 2838 ὢν·
3615 2787 3786 2854 ἀγέν-

2175 2891 2336 2946 νητος
2376 2876 2514 2949 ἄρα·
2548 2877 2649 2931 οὐκ
2695 2879 2992 2949 ἀγέννητος
3033 2879 3093 2932 δὲ
3126 2878 3268 2932 κατά
3303 2878 3386 2941 σὲ,
3411 2876 3663 2950 ἀψευδὴς
3685 2877 3782 2929 δὲ·

2175 2969 2237 3021 οὐ
2266 2970 2433 3022 ταυτὸ
2459 2970 2568 3040 ἄρα
2594 2970 2991 3042 σημαινόμενόν
3020 2972 3137 3024 ὲστι
3164 2971 3225 3024 τὺ
3251 2969 3483 3039 ἀψευδὲς
3505 2969 3591 3041 τῷ
3614 2973 3787 3039 ἀγεν-

2178 3060 2342 3131 νήτῳ.
2377 3061 2441 3113 ΕΙ
2476 3060 2535 3113 δὲ
2566 3061 2666 3114 οὐκ
2709 3060 2826 3115 ἑστι
2854 3062 3021 3115 ταυτδ
3063 3062 3485 3132 σημαινόμενον,
3526 3061 3640 3116 οὐκ
3669 3063 3788 3132 ἄρα

2178 3150 2337 3203 οὐσία
2364 3149 2425 3203 τὸ
2445 3151 2760 3223 ἀγέννητον,
2795 3153 2920 3206 ἐπεὶ
2947 3151 3086 3223 μηδὲ
3107 3152 3170 3205 τὸ
3193 3150 3448 3221 ἀψευδές.

485 3254 683 3309 expers
711 3245 830 3305 est;
860 3251 993 3307 ergo
1048 3237 1215 3290 etiam
1259 3252 1370 3291 non
1408 3237 1625 3307 genitus
1662 3235 1804 3290 erit:
1833 3251 1941 3291 non
1968 3246 2053 3294 est
2090 3247 2271 3295 autem
2305 3243 2608 3298 secundum
2641 3251 2697 3299 te
2724 3259 2834 3299 non
2872 3244 3134 3316 genitus,
3160 3251 3217 3298 et
3278 3249 3365 3298 est
3397 3251 3585 3298 tamen
3618 3258 3787 3298 men-

486 3335 630 3391 dacii
685 3348 916 3405 expers;
965 3333 1133 3404 igitur
1189 3331 1457 3387 mendacii
1504 3347 1702 3403 expers
1758 3346 1870 3387 non
1935 3333 2080 3389 idem
2142 3336 2418 3409 significat
2469 3338 2617 3408 quod
2678 3353 2790 3394 non
2846 3336 3111 3408 genitum.
3176 3333 3236 3389 Si
3265 3349 3396 3399 vero
3454 3349 3566 3389 non
3629 3333 3785 3389 idem

486 3427 783 3500 signiﬁcat,
839 3442 974 3481 sane
1015 3427 1256 3482 essentia
1308 3439 1417 3481 non
1458 3437 1545 3481 est
1612 3427 1940 3497 ingenitum,
1980 3430 2242 3498 quoniam
2308 3450 2413 3488 nec
2468 3437 2647 3506 ipsum
2678 3432 2969 3505 .mendacii
3001 3446 3201 3502 expers
3236 3445 3361 3487 esse
3408 3430 3531 3500 ipsa
3579 3444 3786 3485 essen.

485 3521 563 3574 tia
590 3528 696 3574 est.

556 3612 648 3666 23.
677 3612 870 3665 Anam.
901 3610 960 3664 Si
982 3610 1162 3665 omnis
1206 3607 1517 3663 substantia
1574 3617 1660 3664 est
1718 3624 1828 3664 non
1867 3611 2070 3681 genita,

486 3705 665 3775 qualis
690 3715 743 3759 et
756 3703 851 3759 Dei
875 3702 1286 3773 omnipotentis,
1310 3699 1585 3770 quomodo
1613 3702 1753 3755 bane
1776 3701 1927 3756 dices
1948 3717 2073 3757 esse

486 3798 794 3868 patibilem,
827 3797 977 3851 illam
1033 3810 1162 3850 vero
1192 3794 1589 3865 impatibilem?
1626 3794 1683 3848 Si
1718 3805 1924 3850 natura:
1959 3811 2073 3851 non

488 3887 683 3958 genita:
740 3887 1116 3949 attributione,
1176 3886 1457 3955 quantitas
1504 3886 1721 3955 quidem
1755 3895 1809 3941 et
1837 3887 2072 3956 qualitas

487 3988 823 4050 perseverat,
862 3980 1195 4048 omninoque
1217 3978 1263 4033 si
1297 3978 1422 4041 erit,
1446 3978 1593 4032 omni
1624 3979 1927 4033 mutatione
1978 3994 2071 4034 su-

488 4073 759 4142 periorem
790 4078 1007 4140 oportet
1050 4085 1196 4124 esse.
1254 4066 1312 4121 Si
1358 4083 1490 4122 vero
1543 4068 1787 4137 passioni
1828 4068 2072 4124 obnoxia

486 4171 593 4228 est,
631 4164 707 4215 ita
735 4169 793 4215 ut
815 4160 1312 4214 immutabilitatem
1346 4160 1598 4214 essentia!
1624 4159 1885 4230 obtineat,
1920 4161 2073 4214 casui

487 4255 805 4324 permittere
836 4268 1094 4323 cogemur
1118 4268 1180 4306 ea
1226 4267 1349 4323 qua:
1388 4253 1537 4306 circa
1593 4267 1683 4307 res
1733 4251 2021 4322 praedictas
2059 4271 2071 4304 :

479 4345 771 4417 ‘aut(quod
804 4359 934 4400 sane
963 4346 1089 4399 inde
1137 4345 1514 4414 consequitur)
1545 4358 1665 4398 eam
1721 4358 1842 4412 quae
1892 4343 2076 4407 eﬂicit,

2247 3609 2339 3664 25.
2370 3610 2570 3679 Ἀνόμ.
2603 3610 2665 3662 Et
2695 3609 2844 3662 πᾶσα
2865 3604 3027 3660 οὐσία
3055 3607 3206 3660 ἐστὶν
3238 3605 3558 3678 ἀγέννητος,
3600 3612 3695 3665 οἶα
3743 3614 3778 3675 ἡ

2177 3703 2272 3757 τοῦ
2293 3701 2429 3756 Θεοῦ
2453 3703 2912 3774 παντοκράτορος,
2936 3699 3055 3762 πῶς
3074 3700 3174 3771 τὴν
3192 3699 3292 3770 μὲν
3319 3700 3573 3773 παθητὴν
3602 3706 3773 3776 ἐρεῖς,

2177 3799 2276 3867 τὴν
2297 3796 2354 3850 δὲ
2380 3795 2597 3866 ἀπαθῆ,
2628 3796 2692 3848 Εἰ
2719 3794 2776 3847 δὲ
2795 3794 3011 3862 φύσεως
3030 3792 3414 3865 ἀποκληρώσει
3443 3795 3773 3869 ἀγέννητον,

2178 3891 2211 3961 ὴ
2241 3890 2341 3961 μὲν
2368 3888 2611 3958 διαμένει
2642 3887 2876 3957 ποσότης
2911 3885 3026 3957 (84)
3065 3886 3163 3939 καὶ
3187 3886 3431 3957 ποιότης,
3459 3890 3560 3942 καὶ
3582 3891 3777 3956 ἁπλῶς

2176 3975 2226 4027 εὶ
2260 3971 2348 4045 ἦν,
2382 3974 2561 4043 πάσης
2592 3970 2894 4043 μεταϐολῆς
2921 3970 3159 4041 ἀμεινων
3187 3969 3416 4040 ὤφειλεν
3442 3969 3611 4028 εἶναι.
3633 3977 3699 4029 Εἰ
3720 3979 3779 4030 δὲ

2178 4064 2342 4118 πάθει
2385 4066 2530 4117 ἐστὶν
2562 4062 2881 4126 ὑπεύθυνος,
2914 4063 3330 4135 συγχωρηθεῖσα
3352 4066 3416 4119 τὸ
3443 4067 3779 4141 ἀπαράλλα-

2178 4175 2305 4210 κτον
2342 4160 2420 4220 εις
2448 4155 2637 4209 οὐσίαν
2663 4155 2827 4226 ἔχειν,
2870 4155 2949 4226 τῷ
2990 4157 3283 4228 αὐτομάτῳ
3314 4154 3430 4225 (85)
3473 4160 3779 4232 ἐπιτρέψαι

2177 4248 2463 4319 ὀφείλομεν
2492 4246 2561 4300 τὰ
2585 4246 2727 4300 κατὰ
2746 4248 2843 4310 τὰς
2861 4248 3263 4319 προειρημένας
3279 4266 3294 4279 ·
3325 4249 3357 4320 ἢ
3386 4251 3469 4321 (τὸ
3487 4252 3625 4320 γοῦν
3655 4256 3781 4309 ἀκό-

2177 4340 2392 4412 λουθον)
2445 4340 2541 4412 τὴν
2576 4340 2833 4394 ποιοῦσαν
2866 4342 3162 4411 ἀγέννητον
3189 4343 3385 4404 εἰπεῖν,
3413 4346 3688 4418 γεννητὴν
3718 4348 3777 4401 δὲ

488 4434 673 4489 dicere
703 4450 810 4488 non
842 4435 1079 4505 genitam
1108 4452 1120 4488 :
1154 4449 1275 4489 eam
1312 4450 1443 4489 vero
1484 4450 1605 4504 qua:
1648 4442 1893 4488 mutatur
1918 4434 2073 4504 geni-

2180 4435 2280 4504 τὴν
2311 4433 2804 4504 μεταϐαλλομένην.
2849 4433 3002 4502 Ὀρθ.
3021 4433 3167 4487 Ἔδει
3204 4434 3302 4504 μὲν
3329 4430 3423 4488 οὖν
3451 4439 3607 4507 ἡμᾶς
3638 4440 3779 4511 πρὸς

487 4537 621 4582 tam.
655 4526 807 4583 Orth.
842 4526 1105 4597 Equidem
1139 4526 1207 4580 ad
1237 4537 1359 4582 tuas
1394 4526 1536 4582 male
1563 4526 1899 4582 coluerentes
1947 4542 2073 4597 pro-

488 4618 794 4689 positiones
819 4628 983 4689 atque
1021 4619 1395 4686 inductiones,
1443 4619 1581 4672 nihil
1630 4633 1733 4673 nos
1783 4618 2071 4688 oportebat

490 4711 854 4782 respondere:
887 4718 1147 4777 attamen,
1171 4728 1239 4766 ne
1257 4711 1356 4765 tibi
1378 4711 1617 4766 videaris
1644 4710 1886 4778 sapiens,
1918 4710 2072 4765 disce

490 4819 519 4857 a
550 4802 908 4873 blasphemiis
938 4803 1237 4858 abstinere.
1275 4800 1356 4856 Tu
1383 4803 1477 4872 qui
1498 4802 1744 4871 passioni
1774 4800 2070 4855 obnoxiam

488 4892 613 4946 Filii
648 4893 1014 4948 substantiam
1064 4892 1225 4955 dicis,
1260 4893 1328 4946 ab
1382 4908 1450 4946 eo
1478 4891 1738 4961 passione
1769 4899 1830 4945 ut
1879 4905 2071 4945 careas

487 5002 556 5040 ne
587 4996 910 5055 exspectes:
948 4986 994 5039 si
1020 4987 1166 5038 enim
1209 4985 1502 5054 participes
1536 4983 1657 5055 ejus
1691 4984 1823 5038 facti
1857 4999 2069 5048 sumus,

488 5079 697 5145 absque
726 5076 1077 5146 passionibus
1101 5076 1445 5130 manebimus
1477 5091 1488 5125 :
1529 5076 1771 5143 passioni
1807 5090 1939 5145 ergo
1971 5076 2070 5129 ob-

487 5168 654 5221 noxia
684 5175 788 5226 est.
820 5181 941 5237 qua:
959 5166 1082 5222 aliis
1102 5168 1203 5221 hoc
1225 5174 1467 5236 praestat,
1498 5175 1557 5223 ut
1580 5166 1835 5238 passione
1856 5174 2067 5221 vacent.

489 5260 750 5330 Quisquis
775 5260 941 5329 igitur
973 5270 1153 5314 tecum
1188 5259 1409 5323 dixerit,
1449 5274 1668 5314 omnem
1703 5259 2069 5315 substantiam

490 5364 603 5405 non
628 5352 871 5421 genitam
904 5366 1048 5415 esse,
1078 5350 1430 5407 Christianus
1453 5367 1564 5407 non
1600 5359 1686 5407 est
1727 5369 1740 5406 :
1783 5366 1893 5406 non
1924 5353 2070 5406 enim
2114 5379 2121 5388 -

489 5442 706 5512 opificia
751 5444 997 5499 eaindem
1018 5459 1181 5515 quam
1216 5444 1399 5515 opifex
1440 5444 1744 5501 exsistendi
1803 5445 2070 5499 rationem

584 5578 675 5650 80)
711 5583 942 5650 August.
968 5582 1075 5635 τῶν
1101 5583 1377 5637 οὐσιωδῶν
1403 5584 1548 5638 δευτ.

560 5577 675 5788 ἔδυ)
711 5583 942 5650 August.
968 5582 1075 5635 τῶν
1101 5583 1377 5637 οὐσιωδῶν
1403 5584 1548 5638 δευτ.

585 5648 647 5702 8i
714 5652 943 5720 August.
978 5652 1130 5705 οὐδὲν
1157 5653 1337 5707 ἑαυτῶ
1368 5669 1574 5710 συνεισ.

584 5653 675 5789 8ὶέ
710 5716 885 5785 Palat.
916 5721 953 5777 2
980 5731 1036 5777 et
1059 5729 1289 5789 August.
1308 5706 1394 5789 ’ἦν
1417 5724 1527 5789 γὰρ
1560 5727 1574 5779 ἑ

584 5706 673 5789 ει)
710 5706 885 5785 Palat.
916 5721 953 5777 2
980 5731 1036 5777 et
1059 5706 1289 5797 August.
1308 5706 1394 5796 ’ἦν
1417 5706 1645 5797 γάρήάν.

2176 4523 2237 4576 τὸ
2285 4522 2644 4577 ἀνακόλουθον
2676 4524 2785 4577 τῶν
2819 4524 3135 4594 προτάσεων
3176 4524 3272 4577 καὶ
3308 4526 3422 4579 τῶν
3459 4529 3778 4599 ἐπαγωγῶν

2176 4617 2315 4686 μήτε
2346 4614 2780 4685 ἀποκρίνασθαι·
2828 4614 2914 4667 ἵνα
2939 4614 2997 4668 δὲ
3038 4614 3113 4685 μὴ
3137 4613 3295 4687 δόξῃς
3326 4616 3595 4688 φρόνιμος
3621 4623 3776 4693 παρά

2172 4706 2404 4777 σεαυτῷ,
2458 4707 2696 4777 μάνθανε
2751 4706 2826 4777 μὴ
2881 4706 3242 4777 βλασφημεῖν.
3278 4709 3544 4781 Παθητὴν
3598 4712 3777 4781 λέγων

2170 4799 2269 4870 τὴν
2303 4796 2397 4850 τοῦ
2439 4798 2570 4850 Υἱοῦ
2623 4798 2836 4861 οὐσίαν,
2875 4800 2951 4870 μὴ
3004 4800 3387 4873 προσδοκήσῃς
3440 4804 3575 4874 παρ’
3605 4806 3771 4859 αὐτοῦ

2170 4891 2267 4961 τὴν
2298 4889 2567 4944 ἀπάθειαν
2620 4890 3049 4962 κληρονομῆσαι·
3082 4894 3133 4946 εἰ
3168 4893 3277 4967 γάρ
3330 4896 3553 4967 μέτοχοι
3599 4901 3770 4970 αὐτῆς

2170 4982 2493 5050 γεγόναμεν,
2533 4980 2765 5044 ἀπαθεῖς
2809 4981 3158 5052 διαμένομεν.
3207 4983 3450 5055 ’Δπαθὴς
3478 4984 3593 5056 ἄρα
3621 4989 3770 5040 ἐστὶν

2171 5076 2204 5145 ἡ
2256 5075 2566 5146 παρέχουσα
2629 5072 2805 5136 ἄλλοις
2865 5072 2963 5143 τὴν
3010 5073 3297 5127 ἀπάθειαν.
3331 5058 3408 5128 ’Ὁ
3448 5071 3548 5129 οὖν
3592 5077 3768 5147 λέγων

2171 5165 2352 5217 πᾶσαν
2406 5164 2592 5217 οὐσίαν
2650 5159 2793 5216 εἶναι
2836 5164 3135 5235 ἀγέννητον
3181 5166 3321 5235 μετά
3365 5165 3483 5231 σοῦ,
3514 5167 3616 5220 οὐκ
3652 5168 3769 5222 ἔστι

2170 5256 2514 5327 Χριστιανός·
2539 5256 2600 5309 οὐ
2630 5254 2739 5326 γὰρ
2767 5256 2857 5308 τὸν
2886 5255 3049 5308 αὐτὸν
3077 5255 3235 5324 λόγον
3273 5255 3368 5310 τοῦ
3399 5252 3539 5310 εἶναι
3570 5257 3766 5329 ἔχομεν

2170 5347 2239 5401 τὰ
2273 5350 2557 5419 ποιήματα
2606 5346 2684 5418 τῷ
2713 5347 3058 5417 πεποιηκότι.
3095 5347 3193 5402 Διά
3223 5348 3332 5419 γάρ
3356 5348 3521 5402 τοῦτο
3549 5351 3643 5403 καὶ
3674 5352 3763 5402 τὸν

2172 5441 2302 5494 Υἱὸν
2334 5439 2675 5511 ἀπαύγασμα
2727 5435 2866 5494 εἶναι
2904 5440 3158 5513 λέγομεν,
3193 5441 3283 5495 ἵνα
3340 5440 3418 5512 μὴ
3466 5440 3560 5501 τὸν
3601 5443 3762 5495 αὐτὸν

2243 5581 2357 5649 (85)
2395 5583 2627 5650 August.
2654 5583 2748 5635 καὶ
2774 5582 2835 5634 τὸ
2862 5581 3119 5651 γεννητὸν
3149 5581 3330 5651 οὐσία.

2244 5651 2355 5725 (gs)
2394 5652 2626 5725 gugust‘.
2655 5663 2710 5706 et
2737 5652 2911 5725 Palat.
2934 5653 2971 5705 2
3000 5650 3050 5725 ει
3085 5651 3184 5725 nev
3217 5650 3370 5725 μένει
3402 5651 3662 5725 ποσύιης.

2245 5653 2335 5720 κει
2396 5653 2626 5721 August.
2655 5663 2710 5706 et
2737 5653 2911 5706 Palat.
2934 5653 2971 5705 2
3000 5655 3050 5705 ει
3085 5653 3184 5721 μὲν
3217 5653 3370 5723 μένει
3402 5668 3436 5704 τι

2245 5653 2357 5793 (εδζ
2394 5720 2571 5777 Palat.
2595 5720 2633 5776 3
2661 5731 2715 5779 tt
2735 5721 2967 5794 August.
3004 5722 3066 5775 ab
3087 5721 3436 5793 αὐτομάτοις.
