3870 6208
153 245 317 303 1193

1164 237 1254 298 DE
1294 239 1568 299 SANCTA
1608 234 1985 297 TBINITATE
2020 230 2369 299 DIALOGUS
2403 235 2469 292 ll.

3298 237 3434 295 1194

149 358 330 431 λόγον
360 359 456 415 τοῦ
493 356 631 415 εἶναι
664 359 808 431 ἔχειν
846 361 1159 432 νομίσωμεν
1208 361 1394 426 αὐτὸν,
1446 360 1506 415 ὂν
1555 359 1750 433 ἔχομεν

1855 357 2145 416 habemus.
2186 355 2326 414 Nam
2373 356 2501 413 ideo
2546 353 2747 410 Filium
2801 352 3148 426 splendorem
3192 371 3320 414 esse
3351 353 3435 412 dit

156 455 357 525 ἡμεῖς,
395 455 445 508 οί
480 453 540 519 ἐξ
587 455 687 509 οὐκ
729 453 898 507 ὄντων
956 453 1075 507 κατ’
1123 453 1341 525 ἐντολὴν
1393 453 1750 526 ὑπάρχοντες.

157 547 377 618 ’Δγ-ὀμ.
402 548 466 601 El
496 548 597 620 τῆς
636 548 963 619 γιγνομένης
1005 551 1039 618 η
1089 548 1381 620 ἀγέννητος
1416 548 1577 618 φύσις
1607 550 1754 603 ἐστὶν

159 638 341 705 αἰτία,
368 638 431 692 τὸ
455 625 839 710 δὲ’ἀγέννητον
881 637 1045 709 μηδὲν
1082 622 1167 707 εἴη
1188 654 1202 668 ·
1229 638 1346 701 πῶς
1370 637 1435 693 ἂν
1467 638 1553 708 εἴη
1583 637 1754 692 αἴτιον

160 730 234 782 τὸ
277 729 442 802 μηδὲν
495 728 590 783 τοῦ
646 729 962 798 γεγονότοςς
1023 731 1176 799 Ὄρθ.
1218 730 1375 784 Αίτία
1416 731 1563 784 ἐστὶν
1598 731 1632 801 ὴ
1658 728 1754 784 τοῦ

161 820 312 875 Θεοῦ
339 820 521 889 φύσις,
552 822 646 875 καλ⁸
677 820 770 876 τοῦ
800 820 953 885 Υίοῦ,
981 821 1074 876 καὶ
1098 821 1191 875 τοῦ
1223 821 1378 890 ἁγίου
1415 822 1753 893 Πνεύματος,

161 913 269 968 καὶ
290 913 390 985 τῆς
421 913 651 978 κτίσεως
673 914 873 985 πάσης·
895 913 1029 967 ἀλλὰ
1056 913 1151 966 τοῦ
1178 913 1275 984 μὲν
1305 911 1433 966 Υἱοῦ
1461 913 1535 976 ὡς
1557 914 1752 983 Λόγου,

160 1005 266 1062 τοῦ
299 1007 356 1060 δὲ
393 1005 707 1077 Πνεύματος
738 1006 814 1070 ὡς
842 1007 1040 1077 πνοῆς’
1074 1006 1210 1077 πνοὴ
1243 1004 1350 1077 γάρ
1379 1006 1755 1077 Παντοκράτο-

166 1114 270 1170 ρος
309 1098 342 1169 ή
372 1096 633 1162 διδάξασά
682 1113 748 1168 με
771 1113 785 1126 ·
815 1098 913 1169 τῆς
946 1097 1003 1151 δὲ
1050 1097 1278 1160 κτίσεως
1319 1097 1395 1161 ὡς
1429 1099 1751 1169 ποιήματος.

181 1190 285 1244 Ἐκ
314 1189 423 1261 γὰρ
450 1188 713 1261 μεγέθους
737 1190 829 1242 καὶ
859 1188 1122 1260 καλλονῆς
1145 1189 1457 1260 κτισμάτων
1481 1173 1757 1258 ἀναλόγως

162 1282 202 1336 ὁ
226 1281 609 1355 γενεσιονργὸς
635 1280 813 1335 αὐτῶν
839 1281 1149 1353 θεωρεῖταν
1185 1280 1309 1335 οὐτε
1343 1282 1400 1335 δὲ
1432 1282 1588 1351 λόγος
1625 1299 1760 1354 προ-

166 1373 396 1445 φορικος
427 1374 517 1428 διὰ
553 1373 660 1428 τῶν
690 1373 1011 1445 φωνητικῶν
1035 1373 1280 1445 ὀργάνων
1306 1375 1370 1426 ὲκ
1382 1374 1753 1444 πεμπόμενος,

164 1464 299 1520 οὔτε
330 1468 463 1537 πνοή
483 1482 568 1529 τις
598 1464 916 1536 διαχεομένη
945 1463 1039 1517 καὶ
1054 1464 1147 1518 διὰ
1175 1462 1284 1517 τῶν
1314 1463 1755 1518 ἀναπνευστικῶν

163 1556 420 1628 ὀργάνων
449 1556 1012 1628 έκπεμπομένη,ἀλλά
1032 1556 1126 1609 καὶ
1153 1556 1326 1625 Λόγος
1355 1556 1462 1621 ζῶν
1492 1557 1585 1610 καὶ
1607 1557 1757 1625 ἐνερ-

166 1649 275 1721 γής
295 1666 307 1678 ·
346 1667 365 1701 ι
407 1649 592 1703 Πάντα
620 1647 730 1719 γὰρ
759 1648 826 1702 δι’
857 1648 1023 1701 αὐτοῦ
1058 1648 1302 1717 ἐγένετοο
1337 1669 1356 1700 ι
1379 1649 1474 1703 καὶ
1494 1650 1555 1703 τὸ
1585 1649 1756 1703 Πνεῦ-

1855 452 2063 514 cimus,
2119 464 2191 505 ne
2235 449 2485 505 eamdem
2544 444 2846 505 exsistendi
2905 448 3181 505 rationem
3254 449 3433 520 ipsum

1856 542 2058 598 habere
2105 542 2504 606 existimemus,
2561 556 2726 611 quam
2768 546 2822 596 et
2867 555 2997 606 nos,
3048 541 3141 614 qui
3191 554 3257 595 ex
3322 554 3430 595 non

1855 635 2247 691 exsistentibus
2293 634 2389 690 Dei
2446 635 2703 690 mandato
2738 634 3078 690 exsistimus.
3128 634 3319 687 Anam.
3374 632 3433 687 Si

1856 729 2090 785 condita:
2116 737 2327 785 natura:
2347 745 2455 784 non
2484 729 2666 800 genita
2713 735 2912 783 natura
2944 725 3112 782 ca‘usa
3174 735 3282 791 est,
3322 740 3430 784 non

1855 824 2098 895 genitum
2121 830 2302 877 autem
2364 822 2500 877 nihil
2529 829 2633 886 est,
2667 821 2943 893 quomodo
2998 820 3119 890 ejus
3155 821 3301 891 quod
3353 821 3435 876 fa-

1857 921 2007 968 ctum
2052 921 2155 977 est,
2187 928 2355 969 causa
2387 929 2509 969 esse
2568 921 2749 983 potest
2803 911 2952 983 quod
2986 928 3096 967 non
3124 914 3245 968 est?
3273 911 3430 968 ΟνεΙι.

1856 1004 1950 1061 Dei
1995 1012 2215 1068 natura,
2269 1003 2415 1067 Filii,
2475 1013 2530 1060 et
2579 1004 2814 1073 Spiritus
2841 1004 3041 1071 sancti,
3072 1012 3127 1059 ct
3166 1003 3434 1058 universas

1857 1106 2122 1152 creatura:
2180 1111 2345 1152 causa
2395 1103 2480 1151 est
2519 1115 2532 1151 :
2568 1104 2623 1150 at
2656 1095 2779 1151 Filii
2832 1104 2893 1151 ut
2949 1094 3142 1162 Verbi;
3198 1094 3434 1165 Spiritus

1856 1205 1989 1244 vero
2017 1190 2214 1253 sancti,
2252 1197 2313 1243 ut
2362 1188 2524 1245 ﬂatus
2573 1208 2586 1244 :
2627 1191 2790 1245 ﬁatus
2819 1189 2966 1245 enim
3029 1187 3434 1258 Omnipotentis

1856 1293 1940 1338 est
1969 1282 2061 1353 qui
2092 1297 2180 1337 me
2217 1282 2405 1337 docuit
2435 1299 2451 1348 ;
2480 1291 2854 1337 creaturarum
2881 1289 3086 1347 autem,
3134 1289 3194 1336 ut
3226 1283 3431 1351 operis.

1856 1373 1937 1429 Ex
1964 1375 2343 1455 magnitudine
2366 1376 2510 1430 enim
2549 1381 2605 1429 et
2632 1386 2829 1429 ornatu
2862 1384 3259 1441 creaturarum,
3296 1390 3436 1446 qua-

1857 1467 1981 1520 dam
2012 1466 2581 1543 proportioneopil‘ex
2612 1468 2828 1523 illarum
2856 1468 3215 1538 conspicitur,
3253 1485 3434 1540 neque

1855 1574 1988 1612 vero
2019 1559 2241 1613 verbum
2275 1541 2613 1628 pro‘latitium
2663 1565 2747 1615 est
2777 1558 2941 1630 437
2970 1575 3066 1628 per
3099 1561 3311 1616 vocalia
3339 1575 3433 1616 or-

1857 1664 1995 1717 gana
2021 1649 2307 1712 emissum,
2348 1663 2527 1717 neque
2554 1648 2719 1703 etiam
2753 1647 2915 1703 ﬂatus
2947 1648 3039 1705 ille
3054 1649 3287 1707 diﬁ'usus
3308 1651 3435 1722 qui-

173 1758 256 1810 μα
283 1740 391 1806 ζῶν
418 1742 514 1796 καὶ
543 1739 797 1811 ἐνεργοῦν
815 1756 829 1771 ο
866 1758 885 1792 ι
915 1740 1100 1795 Πάντα
1127 1740 1236 1813 γὰρ
1264 1743 1475 1813 ἐνεργεῖ
1497 1742 1671 1796 ταῦτα
1695 1742 1750 1795 τὸ

1856 1740 1976 1795 dem
2007 1746 2061 1795 ει
2087 1755 2181 1808 per
2209 1754 2414 1810 organa
2453 1740 2679 1809 spiritus
2700 1740 2949 1796 vehicula
2982 1744 3222 1799 emissus
3255 1765 3267 1796 :
3299 1746 3433 1814 quin

166 1826 233 1885 ἕν
269 1834 365 1887 καὶ
390 1834 451 1886 τὸ
476 1832 609 1886 αὐτὸ
636 1833 883 1904 Πνεῦμα,
916 1832 1157 1904 διαιροῦν
1194 1832 1300 1904 ἰδίᾳ
1327 1832 1541 1902 ἑκάστῳ
1573 1831 1757 1897 καθὼς

171 1925 442 1995 βούλεται.
472 1946 492 1979 ι
512 1926 585 1981 Τὸ
610 1926 667 1979 δὲ
698 1927 989 1997 ἀγέννητον
1013 1928 1112 1981 οὐκ
1140 1925 1284 1979 ἐστιν
1311 1925 1480 1979 αἴτιον
1509 1925 1601 1979 τοῦ
1630 1942 1755 1994 γεν-

167 2018 369 2091 νητοῦ’
401 2020 463 2072 οὐ
489 2018 598 2091 γὰρ
630 2019 691 2073 τὺ
727 2018 800 2090 μὴ
830 2018 1084 2087 γενέσθαι
1116 2019 1207 2073 τὸν
1240 2018 1374 2072 Θεὸν
1404 2017 1513 2071 τῶν
1559 2019 1755 2072 οὐσιῶν

167 2099 362 2167 αἴτιοψ
385 2112 499 2166 ἀλλ’
524 2115 557 2184 ὴ
590 2112 747 2166 οὐσία
769 2111 878 2166 τῶν
904 2111 1104 2165 οὐσιῶν
1131 2112 1296 2172 αἰτία,
1325 2110 1400 2174 ὡς
1424 2111 1656 2182 εἴρηταιι
1690 2111 1755 2165 Et

168 2205 283 2279 γὰρ
330 2206 394 2260 τὸ
441 2206 732 2276 ἀγέννητον
777 2205 967 2268 αἴτιον,
1017 2204 1188 2267 αἴτιος
1213 2203 1272 2256 δὲ
1298 2203 1393 2256 καὶ
1427 2204 1456 2255 ὁ
1488 2202 1612 2266 Υἱὸς
1640 2203 1747 2256 τῶν

170 2299 486 2368 κτισμάτων
503 2315 517 2329 ·
553 2298 845 2369 ἀγέννητος
868 2297 994 2368 ἄρα·
1021 2296 1133 2349 ἀλλ’
1159 2295 1259 2348 οὐκ
1285 2293 1580 2364 ἀγέννητος
1608 2295 1748 2348 κατά

171 2390 267 2451 σὲ,
298 2389 466 2451 αἴτιος
488 2387 565 2441 δέ’
595 2387 656 2441 οὐ
682 2387 744 2441 τὸ
769 2386 1061 2459 ἀγέννητον
1089 2384 1195 2456 ἄρα
1225 2383 1414 2437 αἴτιον.

1858 1833 2042 1903 potius
2069 1829 2308 1886 Verbum
2334 1830 2468 1887 illud
2506 1834 2694 1887 vivens
2722 1840 2806 1887 est
2847 1839 2902 1888 et
2926 1832 3114 1889 eﬁicax
3142 1850 3155 1887 :
3197 1854 3215 1887 ι
3236 1834 3435 1894 Omnia

1857 1923 2003 1978 enim
2032 1938 2128 1993 per
2150 1921 2285 1977 illud
2310 1922 2452 1987 facta
2486 1924 2776 1988 ευιιιτιοδθ,
2800 1943 2820 1977 ι
2857 1931 2912 1980 ει
2950 1925 3186 1996 Spiritus
3215 1944 3433 2001 quoque

1856 2016 1949 2071 ille
1986 2017 2143 2072 vivus
2172 2023 2257 2071 est
2304 2025 2357 2070 et
2390 2031 2660 2086 operans:
2703 2035 2722 2069 ι
2755 2015 2949 2074 Omnia
2979 2019 3127 2075 enim
3159 2021 3274 2078 haec
3301 2038 3435 2094 ope-

1855 2116 2011 2163 ratur
2039 2124 2181 2163 unus
2207 2117 2371 2177 atque
2405 2107 2545 2161 idem
2586 2106 2848 2179 Spiritus,
2897 2111 3150 2169 dividens
3197 2115 3431 2186 singulis

1855 2208 2018 2272 prout
2043 2200 2156 2256 vult
2185 2200 2253 2253 ‘°.
2297 2219 2317 2250 ι
2352 2198 2411 2253 ld
2445 2215 2574 2255 vero
2598 2201 2742 2270 quod
2768 2217 2875 2256 non
2905 2207 3147 2275 genitum
3173 2219 3274 2273 est,
3317 2224 3432 2266 non

1855 2300 1940 2345 est
1969 2305 2133 2345 causa
2165 2289 2334 2359 geniti
2364 2304 2579 2358 :neque
2610 2291 2754 2344 enim
2779 2294 2907 2361 quia
2939 2292 3082 2350 Deus
3110 2294 3288 2352 factus
3316 2312 3429 2354 non

1856 2390 1961 2447 est,
1994 2381 2116 2435 ideo
2141 2396 2308 2437 causa
2337 2388 2422 2436 est
2463 2382 2925 2451 substantiarum;
2978 2386 3077 2441 sed
3122 2388 3429 2444 substantia

173 2480 601 2534 substantiarum
647 2492 813 2533 causa
862 2484 965 2544 est,
1010 2482 1069 2531 ut
1100 2475 1322 2529 dictum
1371 2481 1474 2530 est.
1525 2470 1740 2528 Etenim
1774 2470 1821 2528 si
1851 2472 1996 2541 quod
2023 2486 2131 2525 non
2158 2470 2402 2541 genitum
2423 2478 2508 2527 est
2528 2486 2696 2528 causa
2720 2482 2834 2542 est;
2867 2490 3034 2532 causa
3065 2493 3192 2536 vero
3209 2490 3428 2537 creatu-

176 2582 363 2627 rarum
394 2572 556 2628 etiam
581 2571 750 2627 Filius
787 2578 908 2637 est;
957 2584 1087 2640 ergo
1115 2576 1171 2625 et
1215 2583 1327 2624 non
1350 2566 1606 2639 genitus:
1643 2579 1753 2620 non
1791 2572 1876 2622 est
1891 2572 2073 2619 autem
2094 2578 2204 2618 non
2225 2562 2444 2635 genitus
2478 2565 2780 2621 secundum
2823 2575 2897 2637 te,
2920 2577 2976 2626 et
3017 2579 3198 2629 tamen
3219 2589 3425 2646 causa;

173 2669 344 2740 igitur
373 2683 483 2722 non
512 2667 756 2738 genitum
788 2681 899 2720 non
928 2672 1220 2720 estcausa.

244 2764 336 2820 24.
362 2764 563 2832 Ἀνόμ.
587 2763 651 2816 Εἰ
674 2761 738 2815 τὸ
757 2762 1047 2832 ἀγέννητον
1067 2759 1342 2831 στέρησις,
1356 2759 1390 2829 ἡ
1411 2756 1468 2811 δὲ
1492 2757 1755 2829 στέρησις

171 2857 341 2926 ἕξεως
366 2855 607 2926 ἀποϐολή
638 2855 807 2915 ἐστιν,
835 2855 868 2924 ή
893 2853 951 2906 δὲ
986 2852 1226 2922 ἀποϐολὴ
1275 2848 1555 2911 παντελῶς
1586 2847 1753 2901 ἀπόλ-

169 2950 350 3015 λυται,
369 2949 403 3020 ἢ
425 2947 740 3018 μεθίσταται
772 2947 857 3014 ἐφ’
885 2944 1088 3015 ἕτερον·
1122 2942 1238 3007 πῶς
1270 2932 1464 2997 οἷόντε
1484 2940 1595 3008 ἕξει
1622 2938 1753 3011 μεθ-

175 3040 443 3111 ισταμένη
490 3038 521 3109 ἢ
559 3036 905 3111 ἀπολλυμένῃ
952 3035 1370 3107 κατωνομάσθαι
1415 3035 1512 3105 τὴν
1560 3034 1749 3088 οὐσίαν

169 3130 268 3184 τοῦ
299 3128 434 3183 Θεοῦ
480 3129 773 3198 ἀγεννήτου
809 3127 1022 3196 φύσεως
1060 3125 1434 3198 προσηγορίας
1481 3126 1634 3192 Ὀρθ.
1660 3126 1746 3188 Εί,

170 3222 410 3294 ἀψευδὴς
429 3220 523 3287 ὣν,
540 3219 681 3275 κατά
702 3220 955 3293 στέρησιν
969 3217 1195 3289 ψεύδους
1211 3219 1356 3272 ἐστὶν
1377 3217 1632 3289 ἀψευδὴς,
1651 3218 1747 3271 καὶ

168 3313 447 3386 ἄφθαρτος
473 3313 570 3379 ὢν,
600 3312 740 3367 κατὰ
766 3312 1023 3384 στέρησιν
1056 3309 1262 3383 φθορᾶς
1279 3312 1425 3363 ἐστιν
1450 3308 1744 3381 ἄφθαρτος,

169 3408 295 3463 εἰπὲ
319 3408 414 3462 καὶ
439 3406 500 3460 τὸ
527 3406 819 3476 ἀγέννητον
858 3404 1005 3459 κατά
1042 3402 1318 3474 στέρησιν.
1353 3402 1414 3455 Ὀ
1445 3401 1503 3455 δὲ
1529 3418 1749 3455 κατονοο

171 3501 355 3573 μάσας
381 3497 478 3571 τὴν
501 3497 594 3553 τοῦ
630 3494 764 3551 Θεοῦ
796 3497 982 3551 οὐσίαν
1017 3498 1081 3550 σὺ
1117 3492 1186 3559 εἶ,
1209 3497 1239 3548 ὁ
1262 3494 1487 3549 τοιαῦτα
1512 3494 1744 3566 τολμῶν,

165 3593 265 3646 καὶ
289 3576 431 3644 κατά
452 3590 588 3645 Θεοῦ
610 3590 934 3661 μαχόμενος.
954 3588 1129 3641 Αὐτοῦ
1146 3589 1255 3659 γὰρ
1275 3587 1543 3656 λέγοντος,
1564 3585 1747 3651 καθὼς

164 3681 523 3753 προείρηται·
556 3700 577 3733 ι
605 3679 815 3751 Ὠφθην
839 3678 975 3752 πρὸς
1002 3677 1271 3750 Ἀϐραὰμ,
1298 3678 1395 3733 καὶ
1427 3678 1629 3742 Ἰσαὰκ,
1652 3677 1746 3731 καὶ

178 3772 399 3836 Ἰακὼϐ,
428 3772 552 3835 τούς
590 3771 833 3842 πατέρας
865 3769 1039 3840 ὑμῶν,
1058 3768 1189 3832 Θεὸς
1219 3767 1293 3824 ὢν
1321 3769 1521 3835 αὐτῶν,
1554 3769 1650 3823 καὶ
1686 3769 1747 3822 τὸ

160 3863 341 3935 ὄνομά
370 3881 469 3935 μου
493 3864 593 3917 οὐκ
620 3861 944 3932 ἀπεκάλνψα
975 3862 1157 3924 αὐτοῖς
1178 3877 1191 3891 ι
1231 3880 1250 3913 ι
1289 3862 1356 3916 σὺ
1399 3862 1581 3930 σαυτῷ
1613 3861 1748 3914 ἀπο-

161 3955 325 4018 δίδως
372 3954 603 4026 μεγάλα.
648 3954 719 4008 Ἢ
749 3952 857 4024 γὰρ
881 3953 957 4017 ὡς
996 3950 1219 4006 ἐκείνων
1252 3948 1747 4024 ὐπεραναϐεϐηκὼς

161 4043 231 4111 ἐξ
274 4043 666 4114 ἀποκαλύψεως
695 4043 850 4115 ἔσχες
897 4042 990 4097 τοῦ
1023 4038 1284 4113 ὀνόματος
1317 4043 1416 4114 τὴν
1457 4041 1679 4111 γνῶσιν,
1708 4041 1742 4114 ἣ

162 4138 263 4192 καὶ
301 4136 376 4209 μὴ
409 4136 726 4209 βουλομένου
766 4135 904 4189 Θεοῦ
947 4135 1279 4206 κατείληφας
1318 4134 1481 4188 αὐτοῦ
1523 4133 1621 4204 τῆς
1656 4133 1747 4187 οὐ·-

163 4231 291 4296 σίας
307 4230 369 4283 τὸ
392 4228 582 4300 ϐνομα.
601 4230 798 4298 Ἀνόμ.
821 4228 886 4281 Εἰ
908 4227 970 4281 τὸ
994 4227 1289 4299 ἀγέννητον
1314 4226 1463 4299 δηλοί
1491 4226 1746 4297 στέρησιν

166 4324 248 4395 μὴ
278 4321 584 4393 προσοῦσαν
604 4321 684 4394 τῷ
708 4320 978 4392 Θεῷ,πιῖ›ς
1006 4320 1295 4391 ἀγέννητον
1325 4316 1461 4373 εἶναι
1492 4317 1741 4387 λέγομεν,

1920 2753 2012 2809 24.
2049 2755 2239 2813 Anam.
2283 2758 2340 2813 Si
2388 2773 2499 2814 non
2539 2758 2781 2831 genitum
2828 2773 2953 2815 esse
3003 2762 3240 2831 privatio
3292 2774 3418 2824 est:

1852 2849 2087 2918 privatio
2116 2858 2297 2905 autem
2318 2891 2333 2914 ,
2384 2852 2606 2907 habitus
2638 2852 2864 2906 amissio
2893 2870 2908 2906 :
2939 2853 3202 2910 amissum
3239 2866 3424 2915 autem

1852 2941 2071 3010 penitus
2133 2943 2438 3009 amittitur,
2493 2951 2588 2998 aut
2647 2944 2976 3000 transfertur
3012 2947 3081 3001 ad
3117 2949 3295 3016 aliud;
3326 2953 3424 3022 qui

1853 3032 1931 3093 ﬁt,
1966 3031 2114 3101 quod
2143 3047 2211 3088 ex
2266 3033 2455 3089 habitu
2505 3041 2601 3088 aut
2633 3036 2897 3091 translato
2941 3045 3037 3095 aut
3093 3040 3297 3098 amisso
3326 3042 3423 3101 Dei

1851 3126 2105 3171 naturam
2150 3134 2264 3173 non
2294 3120 2463 3189 geniti
2519 3119 2880 3191 appellatione
2930 3126 3424 3192 cognominamus?

1852 3207 2008 3265 Orth.
2066 3208 2124 3264 Si
2150 3210 2420 3265 mendacii
2449 3224 2645 3281 expers
2691 3226 2815 3265 cum
2862 3213 2934 3267 sit
2968 3211 3152 3284 Deus,
3201 3226 3424 3289 propter

1850 3299 2210 3372 privationem
2254 3301 2524 3356 mendacii
2571 3317 2657 3356 εει
2693 3303 2960 3358 mendacii
2996 3320 3212 3376 expers,
3244 3317 3298 3365 et
3334 3311 3425 3366 in-

1850 3391 2223 3463 corruptibilis
2253 3399 2477 3462 propter
2520 3391 2877 3462 privationem
2928 3397 3298 3467 corruptionis
3338 3409 3424 3456 est

1848 3481 2280 3552 incorruptibilis
2304 3500 2318 3549 ;
2346 3482 2501 3538 dicas
2532 3483 2661 3537 licet
2691 3482 2858 3538 etiam
2889 3501 2999 3540 non
3027 3487 3268 3556 genitum
3294 3504 3423 3559 pro-

1848 3582 1970 3644 pter
2013 3574 2375 3643 privationem
2433 3583 2623 3640 ortus,
2660 3589 2785 3631 esse
2832 3590 2943 3631 non
2993 3579 3260 3648 genitum.
3315 3581 3422 3649 Qui

1849 3679 1978 3720 vero
2012 3664 2105 3721 Dei
2134 3665 2432 3722 essentiam
2485 3665 2560 3719 ita
2604 3667 2992 3735 cognominare
3021 3684 3191 3726 ausus
3218 3681 3324 3737 est,
3360 3681 3420 3728 tu

1849 3757 2059 3812 scilicet
2084 3772 2165 3823 es,
2199 3758 2292 3829 qui
2322 3755 2436 3813 Deo
2470 3756 2578 3828 ipsi
2616 3757 2817 3813 bellum
2870 3774 3077 3817 moves.
3112 3760 3251 3819 Nam
3291 3780 3418 3821 eum

1848 3853 1965 3924 ipse
2001 3852 2180 3919 dicat,
2231 3860 2293 3907 ut
2333 3859 2461 3907 ante
2506 3851 2714 3908 dictum
2745 3859 2863 3908 est:
2905 3870 2925 3904 ‹
2952 3853 3194 3925 Apparui
3242 3857 3422 3913 Abra-

1847 3946 1994 4010 ham,
2019 3943 2172 4001 lsaac
2204 3953 2260 4000 et
2291 3943 2462 4000 Jacob
2486 3944 2733 4014 patribus
2762 3943 2981 4010 vestris,
3004 3945 3148 4003 Deus
3171 3949 3419 4017 ipsorum

1848 4036 2143 4101 exsistens,
2171 4049 2237 4091 ac
2262 4050 2459 4090 nomen
2500 4048 2681 4089 meum
2698 4048 2808 4089 non
2826 4034 3169 4092 manifestavi
3190 4037 3271 4093 eis
3288 4038 3331 4071 ⁸⁸
3352 4057 3367 4095 :
3393 4057 3414 4091 ι

1853 4140 1910 4185 tu
1941 4130 2038 4184 tibi
2070 4129 2242 4184 sumis
2271 4127 2500 4198 majora.
2555 4127 2665 4181 Aut
2718 4127 2862 4182 enim
2923 4127 2994 4183 iis
3050 4131 3302 4200 superior
3349 4146 3421 4187 ex

1851 4223 2182 4280 revelatione
2211 4221 2378 4277 habes
2408 4221 2644 4275 nominis
2678 4220 2843 4300 hujus
2866 4220 3117 4275 notitiam
3143 4238 3160 4290 ;
3190 4232 3285 4276 aut
3306 4223 3418 4279 Deo

1845 4316 2008 4370 etiam
2054 4313 2272 4368 nolente
2328 4308 2789 4379 comprehendisti
2843 4324 3043 4365 nomen
3095 4312 3419 4371 substantiae

159 4415 424 4483 γεννητὸν
458 4414 517 4467 δὲ
557 4414 630 4485 μὴ
661 4410 833 4478 εἷναις
880 4413 1039 4482 Ὀρθ.
1085 4411 1149 4464 Εἰ
1185 4411 1246 4465 τὸ
1296 4409 1572 4482 ἄφθαρτον
1597 4409 1746 4481 δηλοῖ

1854 4405 2040 4475 ipsius.
2071 4404 2265 4457 Anam.
2289 4399 2346 4454 Si
2378 4415 2487 4484 non
2510 4399 2751 4471 genitum
2782 4398 3004 4455 denotat
3030 4402 3417 4472 privationem,

163 4504 422 4576 στέρησιν
449 4504 523 4575 μὴ
556 4504 862 4576 προσοῦσαν
898 4504 977 4574 τῷ
1002 4503 1140 4575 Θεῷ,
1169 4500 1290 4566 πῶς
1331 4502 1604 4572 ἄφθαρτον
1645 4500 1743 4571 μὲν

1854 4514 1966 4569 uiue
2007 4496 2118 4551 Deo
2164 4510 2274 4549 non
2328 4493 2507 4560 inest,
2567 4506 2669 4546 cur
2722 4507 2832 4547 non
2885 4492 3129 4564 genitum
3177 4495 3417 4553 dicimus

158 4596 418 4666 λέγομεν,
448 4596 682 4669 φθαρτὸν
723 4597 782 4649 δὲ
821 4597 882 4650 οὐ
908 4595 1170 4667 λέγομεν;
1202 4596 1267 4648 Εἰ
1291 4592 1348 4649 δὲ
1373 4593 1434 4647 τὸ
1468 4592 1743 4665 ἄφθαρτον

1854 4609 1871 4642 ι
1900 4588 2089 4650 Deum,
2120 4605 2139 4639 ι
2171 4585 2413 4654 genitum
2441 4597 2571 4639 vero
2602 4599 2710 4638 non
2744 4582 3017 4639 dicimus?
3056 4583 3211 4641 Orth.
3243 4584 3302 4641 Si
3335 4588 3420 4642 in-

158 4687 267 4740 οὐκ
299 4684 443 4738 ἔστιν
482 4688 788 4757 στερήσεως
809 4685 1126 4758 δηλωτικὸν,
1158 4682 1282 4738 οὔτε
1322 4683 1385 4737 τὸ
1428 4676 1742 4755 ἀγέννητον,

1854 4676 2201 4747 corruptibile
2254 4674 2477 4729 denotat
2535 4673 2896 4744 privationem
2960 4689 3081 4744 qum
3144 4672 3257 4731 Deo
3308 4690 3421 4735 non

156 4777 291 4832 οὐτε
323 4776 425 4850 μὴν
453 4778 657 4841 οὐσίας.
678 4778 740 4830 Εἰ
766 4777 876 4850 γὰρ
901 4777 962 4830 τὸ
989 4777 1283 4848 ἀγέννητον
1304 4776 1489 4839 οὐσίας
1509 4776 1625 4829 ἐστὶ
1648 4775 1743 4847 δη-

1854 4771 2007 4836 inest,
2038 4783 2140 4823 cur
2174 4766 2643 4836 incorruptibilem
2676 4764 2900 4835 quidem
2929 4764 3189 4832 dicimus,
3222 4781 3419 4823 corru-

156 4870 415 4935 λωτικὸν,
462 4871 557 4925 καὶ
586 4870 648 4924 τὸ
699 4870 974 4942 ἄφθαρτον
1002 4868 1153 4922 ἔσται
1177 4867 1365 4932 οὐσίας
1408 4867 1735 4939 δηλωτικόν·

1854 4862 2084 4933 ptibilem
2112 4873 2242 4916 vero
2272 4873 2383 4913 non
2413 4856 2686 4914 dicimus?
2723 4856 2780 4911 Si
2824 4872 2957 4913 vero
3003 4858 3426 4939 incorruptibile

155 4962 261 5016 καὶ
299 4961 348 5013 εί
382 4959 444 5015 sb
490 4962 800 5032 ἀγέννητον,
848 4977 944 5012 και
977 4959 1039 5012 τὸ
1066 4958 1339 5030 ἄφθαρτον
1366 4956 1517 5011 ἔσται
1549 4957 1736 5020 οὐσίας

1854 4972 1953 5012 non
1988 4952 2258 5025 signiﬁcat
2297 4949 2683 5022 privationem,
2708 4964 2888 5019 neque
2919 4966 3027 5005 non
3059 4953 3302 5022 genitum
3331 4961 3419 5007 est

153 5053 482 5125 δηλωτικόν*
502 5056 595 5107 καὶ
620 5055 668 5107 εί
699 5053 761 5105 τὸ
784 5052 1014 5122 ἀψευδὲς
1039 5053 1134 5106 καὶ
1158 5051 1219 5104 τὸ
1245 5049 1522 5123 ἄφθαρτον
1546 5049 1742 5104 ταυτὸν

1854 5047 2259 5118 signiﬁcativum
2286 5042 2654 5114 privationis;
2710 5042 2855 5096 sicut
2893 5056 2995 5097 nec
3040 5045 3312 5098 essentia.
3356 5041 3419 5099 Si

157 5146 252 5218 εἰη
277 5144 357 5216 τῷ
381 5147 675 5217 ἀγεννήτῳ,
692 5143 939 5215 ἀψευδὴς
949 5143 1008 5196 δὲ
1030 5144 1123 5197 καὶ
1132 5142 1406 5214 ἄφθαρτος
1429 5141 1458 5196 ὁ
1482 5142 1628 5206 Υἱός·
1650 5141 1746 5196 καὶ

1854 5141 1989 5195 enim
2022 5153 2134 5192 non
2180 5136 2424 5207 genitum
2482 5132 2756 5205 signiﬁcat
2804 5132 3204 5198 substantiam,
3249 5135 3417 5191 etiam

160 5240 460 5311 ἃγέννητος
513 5238 641 5311 ἄρα.
688 5237 825 5291 Ἀλλ’
871 5237 974 5290 οὐκ
1020 5235 1313 5306 ἀγέννητος
1355 5234 1498 5290 κατά
1524 5234 1611 5288 σέ’
1640 5234 1742 5289 οὐκ

1854 5227 2263 5300 incorruptibile
2301 5226 2664 5283 substantiam
2689 5223 2962 5296 signiﬁcat
2994 5240 3011 5277 :
3048 5222 3195 5295 quod
3222 5225 3271 5280 si
3301 5237 3417 5279 non

156 5333 277 5405 ἄρα
309 5332 471 5385 ταύτὸ
496 5331 649 5385 ἔσται
681 5330 1074 5402 σημαινόμενον
1094 5329 1156 5383 τὸ
1174 5329 1400 5399 ἀψευδὲς
1422 5328 1516 5382 καὶ
1533 5327 1745 5398 ἄφθαρ-

1854 5325 2084 5395 genitum
2122 5328 2178 5378 et
2215 5318 2630 5389 incorruptibile
2659 5316 2969 5389 signiﬁcant
3018 5316 3338 5379 essentiam,
3361 5323 3418 5371 et

154 5442 258 5481 τον
276 5441 292 5456 ”
327 5423 464 5478 ἀλλά
492 5424 554 5478 τὸ
588 5424 687 5496 μὲν
717 5422 1029 5494 ἀγέννητον,
1060 5422 1120 5476 τὸ
1152 5421 1227 5493 μὴ
1267 5419 1617 5492 γεγεννῆσθαι
1647 5419 1740 5473 τὸν

1854 5414 2112 5470 mendacii
2156 5426 2350 5483 expers
2393 5424 2518 5466 esse
2553 5415 2609 5464 ει
2651 5407 3070 5479 ineorruptibilo
3099 5407 3244 5463 idem
3288 5413 3420 5463 sunt

158 5518 303 5572 Θεὸν
334 5516 619 5590 σημαίνειν
636 5515 890 5586 λέγομεν·
915 5513 976 5569 τὸ
998 5515 1056 5569 δὲ
1083 5514 1375 5585 ἄφθαρτον,
1406 5515 1468 5567 τὸ
1499 5514 1573 5585 μὴ
1590 5512 1743 5584 φθεί-

1854 5507 1995 5578 quod
2026 5523 2137 5564 non
2166 5506 2430 5578 genitum,
2462 5501 2635 5557 Filius
2670 5512 2854 5557 autem
2904 5499 3171 5557 mendacii
3218 5513 3421 5570 expers

163 5611 397 5688 ρεσθαυ
425 5613 488 5667 τὸ
513 5612 572 5668 δὲ
600 5610 847 5675 ἀψευδὲς,
874 5610 939 5665 «τὸ
960 5609 1036 5683 μὴ
1050 5608 1358 5679 ψεύδεσθαι.

1854 5614 1911 5662 ει
1955 5603 2386 5677 incorruptibilis
2420 5607 2507 5659 est
2535 5600 2746 5672 :jgitur
2770 5606 2826 5656 et
2875 5613 2987 5656 non
3017 5597 3256 5670 genitus.
3298 5592 3420 5650 Iam

238 5707 284 5738 "
322 5706 369 5739 ³⁸
406 5705 563 5760 Joan.
596 5721 649 5765 ι,
683 5705 736 5760 '5.
811 5704 857 5736 ⁵⁸
895 5704 913 5758 Ι
948 5703 1076 5757 Cor.
1112 5717 1229 5766 xu,
1265 5700 1353 5757 ll.
1430 5699 1474 5735 δ’
1514 5698 1685 5757 Exod.
1722 5713 1750 5751 ν

1854 5696 2005 5767 2,5.
2906 5690 2910 5699 '

450 5798 724 5864 Panos.
756 5797 874 5860 Gn.
922 5794 1213 5860 XXVIII.
3063 5778 3143 5845 33
