3862 6204
449 281 589 342 “95
1607 282 1665 340 S.
1701 279 2164 349 ATHANASIUS.
2205 313 2276 322 -—
2313 281 2586 340 SPURIA.
3586 288 3732 340 ιιυο

445 411 578 451 vero
603 380 915 451 εθουηάιιηι
934 401 988 450 te
1012 410 1120 450 non
1156 402 1239 450 est
1261 409 1373 450 non
1407 394 1624 465 genitus
1658 416 1671 451 :
1707 412 1818 451 non
1860 397 2024 468 igitur
2054 395 2193 451 idem
2214 395 2546 466 signiﬁcabit
2567 393 2850 450 mendacio
2908 408 3103 450 vacare
3144 402 3200 450 et
3234 395 3726 466 incorruptibilem

444 502 617 544 esze:
659 486 757 543 sed
806 501 916 543 non
974 487 1220 558 genitum
1261 486 1499 542 dicimus
1547 486 1861 557 signiﬁcare
1907 487 2050 542 idem
2098 502 2161 541 ac
2212 485 2381 542 Deum
2424 501 2534 540 non
2584 500 2708 541 esse
2752 483 3038 555 genitum,
3098 487 3529 558 incorruptibile
3592 504 3723 546 vero

445 580 499 636 id
522 595 590 635 ιω
622 594 688 635 ac
720 593 831 635 non
862 580 1164 649 corrumpi,
1200 588 1256 635 et
1279 579 1545 634 mendacii
1570 586 1849 649 expertem
1872 594 1998 636 esse
2028 579 2172 635 idem
2212 578 2358 647 quod
2391 595 2501 632 non
2529 580 2772 634 mentiri.

515 672 606 728 25.
646 673 835 726 Anam.
872 669 929 726 Si
961 671 1166 727 nudum
1199 686 1394 727 nomen
1424 679 1510 727 est
1551 672 1685 727 illud
1718 687 1827 726 non
1866 671 2013 743 geni-

2190 672 2280 725 ‘25.
2298 672 2494 740 Ἀνόμ.
2524 673 2586 725 Εἰ
2619 672 2771 742 ψιλὸν
2795 674 2967 745 ὄνομά
3006 675 3155 728 ἐστιν
3185 673 3277 728 ἐπὶ
3302 672 3440 727 Θεοῦ
3467 675 3530 728 τὸ
3555 674 3719 742 ἀγέν-

444 776 560 818 tum
591 763 660 820 de
696 763 805 819 Deo
833 764 1041 820 dictum
1074 780 1090 817 :
1131 764 1279 819 nuda
1333 773 1516 821 autem
1565 779 1670 819 vox
1701 764 2025 836 hypostasin

441 857 654 911 extollit
703 869 870 926 supra
916 857 1101 912 omnia
1145 858 1367 928 genita:
1404 856 1726 913 honoratior
1754 872 1885 929 ergo
1935 864 2022 913 est

444 949 734 1005 hominum
781 949 1038 1021 prolatio,
1068 965 1229 1021 quam
1262 949 1665 1020 Omnipotentis
1692 958 1910 1015 natura,
1941 959 2027 1005 ut-

441 1049 568 1109 pote
594 1053 714 1110 quae
758 1039 927 1096 Deum
970 1041 1397 1111 omnipotentem
1431 1040 1846 1112 incomparabili
1878 1040 2017 1096 emi-

446 1133 635 1186 nentia
660 1131 1068 1188 condecoravit.
1102 1131 1256 1188 Orth.
1308 1132 1417 1189 Nec
1445 1133 1646 1188 nudam
1685 1149 1872 1189 vocem
1901 1148 2023 1188 esse

448 1221 687 1277 dicimus
742 1238 853 1277 non
905 1224 1146 1294 genitum
1168 1263 1184 1289 ,
1215 1239 1315 1279 nec
1342 1225 1509 1279 etiam
1539 1225 1925 1281 substantiam.
1962 1223 2021 1278 Si

445 1314 590 1367 enim
615 1328 723 1369 non
746 1315 988 1386 genitum
1014 1316 1319 1371 substantia
1348 1324 1527 1381 esset,
1583 1316 1745 1371 etiam
1779 1316 2019 1387 genitum

445 1406 749 1460 substantia
768 1400 934 1462 'foret.
959 1405 1016 1461 Si
1039 1423 1167 1463 vero
1188 1408 1427 1479 genitum
1452 1408 1758 1464 substantia
1777 1417 1880 1471 est,
1908 1424 2022 1463 om-

450 1497 537 1549 nia
561 1495 741 1565 genita
764 1504 926 1552 erunt
957 1497 1483 1553 consubstantialia:
1533 1500 1582 1555 si
1610 1514 1741 1555 vero
1774 1499 2015 1570 genitum

439 1585 745 1641 substantia
795 1603 904 1642 non
934 1596 1051 1654 est,
1100 1589 1266 1645 etiam
1309 1606 1421 1646 non
1475 1591 1719 1661 genitum
1779 1593 2015 1647 essentia

438 1692 547 1733 non
567 1686 674 1734 est.
702 1677 821 1734 Non
842 1686 926 1735 est
947 1688 1126 1735 autem
1155 1682 1303 1735 nuda
1342 1696 1448 1737 vox
1479 1697 1589 1737 non
1623 1684 1901 1752 genitum;
1933 1684 2013 1738 si-

436 1769 661 1839 gniﬁcat
687 1770 834 1825 enim
853 1769 1023 1826 Deum
1054 1772 1298 1841 genitum
1332 1787 1442 1827 non
1472 1787 1619 1837 esse,
1650 1773 1797 1828 sicut
1827 1773 1890 1826 τὸ
1919 1788 2014 1827 ex-

438 1875 563 1931 pers
598 1859 869 1916 mendacii
895 1861 1165 1933 signiﬁcat
1192 1877 1302 1917 non
1333 1864 1573 1932 mentiri,
1602 1872 1658 1919 et
1676 1865 2011 1935 incorrupti-

436 1951 546 2005 biie
568 1950 841 2022 signiﬁcat
861 1966 970 2006 non
996 1954 1295 2024 corrumpi.
1349 1959 1542 2009 Anam.
1588 1953 1647 2009 Si
1670 1970 1832 2011 omne
1858 1957 2011 2028 geni-

2127 782 2305 835 νητοψ
2332 768 2366 837 ἡ
2392 765 2449 818 δὲ
2462 765 2592 837 ψιλὴ
2621 769 2872 840 προφορά
2889 768 2989 839 τὴν
3011 767 3307 820 ὑπόστασιν
3330 766 3554 837 ἐπαίρει
3576 767 3719 820 κατά

2126 853 2344 909 πάντων
2371 855 2480 908 τῶν
2502 856 2795 926 γεννητῶν·
2822 855 3147 928 τιμιώτερόν
3173 856 3323 909 ἐστιν
3346 857 3382 927 ἡ
3408 855 3719 929 ἀνθρώπων

2126 944 2405 1017 προφορά,
2439 946 2539 1017 τῆς
2563 945 2656 999 τοῦ
2686 946 3126 1018 Παντοκράτορος
3161 946 3375 1016 φύσεως
3396 943 3509 1018 (86)
3543 947 3718 1015 ἀσυγ-

2125 1037 2293 1109 κρίτῳ
2310 1038 2550 1110 ὑπεροχῇ
2573 1039 2960 1094 καλλωπίσασα
2988 1040 3079 1093 τὸν
3107 1039 3240 1093 Θεὸν
3272 1038 3365 1093 τὸν
3395 1041 3716 1112 παντοκρά-

2120 1150 2272 1203 τορα.
2292 1134 2443 1201 Ὀρθ.
2474 1133 2612 1186 Οὔτε
2638 1133 2798 1205 ψιλὴν
2828 1132 3113 1206 προφορὰν
3142 1132 3203 1186 τὸ
3221 1133 3516 1205 ἀγέννητον
3556 1133 3715 1202 λέγο-

2124 1242 2243 1295 μεν,
2272 1224 2395 1277 οὔτε
2424 1226 2630 1281 ούσίαν.
2655 1227 2717 1279 El
2738 1225 2846 1298 γὰρ
2861 1226 2922 1279 τὸ
2951 1226 3244 1296 ἀγέννητον
3263 1223 3375 1295 (87)
3406 1226 3595 1290 οὐσία,
3619 1227 3717 1279 καὶ

2118 1316 2181 1369 τὸ
2213 1319 2469 1388 γεννητὸν
2507 1318 2684 1373 οὐσία.
2721 1319 2789 1372 Εἰ
2820 1319 2879 1372 δὲ
2908 1318 2969 1372 τὸ
3014 1319 3269 1391 γεννητὸν
3303 1319 3465 1371 οὐσία
3485 1358 3500 1383 ,
3526 1318 3719 1372 πάντα

2117 1410 2186 1463 τὰ
2221 1409 2456 1481 γεννητά
2485 1410 2765 1481 ὁμοούσια·
2793 1411 2893 1464 οὑκ
2927 1410 3037 1483 ἄρα
3065 1410 3128 1464 τὸ
3151 1409 3406 1481 γεννητὸν
3427 1410 3609 1463 οὐσία.
3648 1411 3716 1464 Et

2115 1502 2173 1556 δὲ
2196 1503 2296 1557 οὑκ
2324 1503 2482 1557 ούσία
2511 1504 2574 1556 τὸ
2607 1504 2885 1576 γεννητὸν,
2920 1502 3045 1557 οὔτε
3080 1504 3142 1557 τὸ
3185 1503 3481 1574 ἀγέννητον
3523 1504 3712 1558 οὐσία.

2116 1597 2231 1650 Οὐκ
2278 1595 2394 1650 ἐστι
2432 1596 2491 1650 δὲ
2522 1597 2653 1667 ψιλὴ
2707 1595 2959 1668 προφορὰ
2990 1596 3051 1649 τὸ
3080 1597 3402 1667 ἀγέννητον·
3449 1598 3717 1668 σημαίνει

2114 1687 2224 1760 γάρ
2249 1688 2310 1742 τὸ
2334 1690 2409 1761 μὴ
2428 1689 2789 1759 γεγεννῆσθαι
2812 1688 2903 1744 τὸν
2924 1689 3077 1751 Θεὸν,
3106 1688 3181 1752 ὡς
3210 1689 3271 1741 τὸ
3292 1688 3520 1759 ἀψευδὲς
3540 1689 3611 1742 τὸ
3634 1691 3717 1763 μὴ

2111 1778 2423 1849 ψεύδεσθαι,
2438 1780 2531 1835 καὶ
2556 1779 2616 1833 τὸ
2646 1776 2921 1852 ἄφθαρτον
2944 1781 3005 1834 τὸ
3033 1780 3108 1853 μὴ
3135 1779 3474 1855 φθείρεσθαι.
3501 1782 3713 1850 Ἀνέμ.

2111 1874 2175 1928 Ei
2208 1875 2369 1927 παντὶ
2393 1873 2634 1945 γεννητῷ
2658 1875 2806 1928 αἰτία
2844 1873 3286 1946 συγκεκλήρωτο,
3316 1875 3562 1938 ἀναίτιος
3592 1876 3652 1929 δὲ
3674 1877 3716 1946 ἡ

2111 1962 2403 2034 ἀγέννητος
2432 1963 2593 2033 φύσις
2611 1980 2624 1993 ·
2657 1964 2759 2016 ούκ
2785 1964 2966 2017 αἰτίαν
2996 1963 3145 2034 δηλοῖ
3163 1964 3224 2017 τὸ
3246 1965 3569 2037 ἀγέννητον,
3594 1966 3715 2019 ἀλλ’

435 2051 552 2094 tum
580 2055 800 2096 causam
827 2040 1083 2097 sortitum
1104 2050 1208 2109 est,
1233 2051 1287 2098 et
1318 2052 1515 2099 natura
1550 2060 1661 2100 non
1684 2026 2011 2115 genitavsine

2118 2026 2310 2110 οὑσίαν
2334 2026 2611 2127 σημαίνει.
2644 2056 2801 2124 Ὀρθ.
2829 2058 2893 2110 Εἰ
2922 2026 3109 2109 οὐσίαν
3144 2026 3399 2127 σημαίνει
3540 2026 3718 2125 ἀγέν-

436 2147 601 2189 causa
622 2141 727 2196 est,
759 2149 871 2188 non
895 2133 1081 2205 utique
1110 2150 1335 2192 causam
1359 2135 1582 2191 dénotat
1605 2152 1714 2191 non
1744 2137 2009 2207 genitum,

436 2222 531 2279 sed
561 2223 833 2297 signiﬁcat
863 2226 1249 2282 substantiam.
1304 2226 1459 2283 Orth.
1528 2228 1589 2283 Si
1644 2228 2011 2285 substantiam

436 2316 707 2387 signiﬁcat
747 2333 856 2373 non
899 2319 1165 2390 genitum,
1189 2328 1244 2376 et
1277 2321 1641 2376 substantiam
1676 2336 1896 2393 quoque
1920 2337 2013 2393 ge-

434 2410 609 2463 nitum
636 2448 651 2475 ,
692 2410 1001 2466 substantia
1028 2426 1159 2467 vero
1191 2427 1223 2465 a
1267 2412 1576 2469 substantia
1625 2413 1763 2468 nihil
1803 2412 2008 2479 diﬁ‘ert,

434 2511 703 2573 quatenus
732 2504 1039 2558 substantia
1066 2513 1151 2559 est
1173 2543 1188 2569 ,
1241 2519 1373 2561 sane
1398 2505 1534 2559 nihil
1564 2505 1746 2561 diﬁ‘ert
1776 2520 1888 2560 non
1915 2522 2011 2578 ge-

434 2601 609 2655 nitum
636 2615 667 2654 a
685 2601 886 2671 genito.
921 2601 1112 2655 Anam.
1152 2599 1213 2655 In
1232 2603 1415 2673 genito
1441 2601 1665 2671 quidem
1696 2602 2009 2658 substantia

432 2691 600 2765 438
645 2706 723 2754 se,
745 2692 907 2747 habet
962 2693 1137 2747 instar
1166 2708 1385 2749 causam
1417 2694 1515 2748 sed
1547 2693 1858 2765 hypostasis
1898 2710 2011 2750 non

433 2783 600 2854 geniti
628 2791 822 2838 contra
844 2797 1062 2838 omnem
1103 2798 1328 2838 causam
1371 2785 1623 2841 obtinens
1655 2785 2010 2841 immutabili-

432 2884 624 2940 tatem,
648 2876 767 2945 ipsa
794 2877 1033 2931 essentia
1054 2885 1139 2932 est
1160 2878 1625 2948 incomparabilis,
1654 2893 1763 2934 non
1796 2881 2009 2934 extrin-
2042 2946 2045 2951 Α

435 2986 594 3025 secus
627 2977 1027 3040 repraasentans
1078 2971 1665 3041 incomparabilitatem
1686 3013 1701 3037 ,
1753 2972 1849 3027 sed
1884 2988 2013 3042 pro-

433 3068 555 3131 pter
581 3062 684 3118 hoc
706 3063 886 3132 ipsum
900 3062 1171 3118 exsistens
1194 3062 1642 3133 incomparabilis
1668 3071 1832 3134 atque
1856 3065 2008 3119 inac-

434 3169 611 3220 cessa,
642 3156 771 3225 quia
806 3170 916 3209 non
965 3157 1147 3225 genita
1188 3162 1291 3210 est.
1322 3154 1479 3210 Orth.
1520 3154 1579 3209 Si
1618 3164 1842 3225 propter
1895 3172 2006 3211 non

433 3246 605 3317 geniti
638 3245 1135 3300 denominationem
1168 3246 1648 3316 incomparabilem
1680 3258 1735 3301 et
1756 3247 2007 3302 inacces-

434 3354 552 3393 sam
589 3337 729 3392 dicis
751 3337 1111 3393 substantiam
1145 3336 1274 3404 Dei,
1323 3349 1435 3393 tum
1471 3337 1661 3407 Filius,
1692 3340 1786 3410 qui
1815 3355 2009 3395 secun—
2037 3379 2078 3436 Ο

433 3430 563 3485 dum
585 3438 638 3485 te
664 3445 776 3485 non
807 3437 893 3485 est
921 3446 1032 3484 non
1060 3432 1301 3501 genitus,
1333 3431 1495 3485 etiam
1525 3448 1635 3487 non
1672 3434 1777 3487 erit
1805 3433 2009 3489 incom-

434 3523 697 3595 parabilis
723 3538 823 3579 nec
856 3523 1174 3578 inaccessus
1199 3541 1216 3577 :
1242 3538 1356 3576 non
1390 3531 1475 3579 est
1501 3538 1633 3592 ergo
1666 3525 2007 3595 incompara-

2113 2165 2293 2219 νητον,
2328 2148 2424 2201 καὶ
2451 2149 2640 2202 ούσίαν
2678 2149 2738 2201 τὸ
2760 2149 3038 2220 γεννητὸν,
3069 2149 3227 2203 ούσία
3256 2149 3313 2202 δὲ
3339 2150 3531 2214 οὐσίας
3555 2151 3719 2204 οὐδὲν

2109 2240 2376 2312 διαφέρει,
2470 2240 2626 2293 οὐσία
2660 2241 2806 2294 ἐστίν
2825 2256 2837 2269 ·
2872 2241 3024 2295 οὐδὲν
3049 2240 3159 2312 ἄρα
3180 2240 3423 2315 διαφέρει
3448 2242 3511 2295 τὸ
3548 2244 3721 2311 ἀγέν-

2110 2350 2269 2405 νητον
2329 2333 2423 2387 τοῦ
2471 2333 2754 2404 γεννητοῦ.
2812 2336 3013 2404 Ἀνόμ.
3059 2334 3183 2388 Ἐπὶ
3224 2335 3318 2388 τοῦ
3358 2337 3718 2408 γεννήματος

2108 2424 2265 2478 οὐσία
2308 2425 2727 2496 συνεμφαίνεται
2785 2425 2861 2489 ὡς
2921 2425 3104 2479 αἰτίαο
3136 2427 3170 2496 ὴ
3195 2426 3252 2479 δὲ
3284 2424 3377 2478 τοῦ
3405 2427 3716 2498 ἀγεννήτου

2110 2517 2428 2582 ὑπόστασις,
2458 2518 2602 2572 κατά
2618 2518 2801 2590 πάσης
2820 2518 2997 2581 αἰτίας
3029 2518 3089 2570 τὸ
3104 2518 3524 2589 ἀπαράλλακτον
3554 2520 3717 2590 ἔχου-

2110 2626 2201 2673 σα,
2218 2610 2507 2663 αὐτοουσία
2523 2610 2667 2664 ἐστὶν
2682 2610 3026 2681 ἀσύγκριτος,
3040 2611 3139 2663 οὑκ
3154 2610 3351 2676 ἔξωθεν
3365 2611 3718 2682 ἐμφαίνουσα

2107 2700 2170 2753 τὸ
2219 2700 2567 2773 ἀσύγκριτον,
2620 2702 2753 2755 αὑτὸ
2791 2701 2848 2753 δὲ
2897 2702 3218 2771 ὑπάρχουσα
3245 2701 3583 2773 ἀσύγκριτος
3616 2705 3716 2756 καὶ

2109 2792 2421 2863 ἀπρόσιτος,
2464 2793 2652 2864 ἐπειδὴ
2698 2794 3011 2865 ἀγέννητος.
3063 2793 3219 2861 Ὀρθ.
3256 2794 3318 2846 Εἰ
3351 2794 3441 2847 διὰ
3478 2796 3582 2866 τὴν
3618 2796 3713 2848 τοῦ

2108 2885 2404 2956 ἀγεννήτου
2454 2884 2826 2957 προσηγορίαν
2866 2883 3197 2955 ἀσύγκριτον
3237 2884 3419 2949 λέγεις
3465 2888 3569 2955 τὴν
3615 2886 3715 2938 τοῦ

2108 2976 2243 3030 Θεοῦ
2278 2977 2464 3030 οὐσίαν
2510 2978 2606 3031 καὶ
2642 2977 2956 3048 ἀπρόσιτον,
2995 2978 3025 3030 6
3060 2976 3208 3040 Υἱὸς,
3242 2976 3384 3029 κατά
3421 2975 3486 3031 σὲ
3523 2978 3607 3048 μὴ
3637 2976 3716 3030 ὢν

2108 3070 2423 3139 ἀγέννητος,
2441 3068 2565 3122 οὑτε
2589 3070 2940 3140 ἀσύγκριτος,
2965 3068 3089 3122 οὑτε
3117 3069 3441 3138 ἀπρόσιτος·
3468 3070 3576 3122 οὑκ
3602 3070 3717 3140 ἄρα

2108 3160 2198 3213 διὰ
2215 3161 2274 3213 τὸ
2297 3160 2589 3231 ἀγέννητον
2612 3160 2961 3232 ἀσύγκριτος.
2975 3159 3100 3224 Πῶς
3120 3160 3179 3212 δὲ
3204 3159 3537 3231 ἀσύγκριτός
3555 3162 3715 3213 ἐστιν

2108 3254 2136 3306 6
2176 3254 2366 3324 Πατὴρ
2403 3254 2481 3325 τῷ
2518 3253 2749 3322 λέγοντι’
2785 3254 3030 3323 «Ὥσπερ
3056 3254 3085 3305 6
3118 3253 3310 3323 Πατὴρ
3337 3251 3542 3323 ἐγείρει
3579 3254 3714 3315 τοὺς

2111 3348 2337 3418 νεκροὺς
2369 3348 2465 3399 καὶ
2502 3345 2775 3411 ζωοποιεῖ,
2814 3344 2986 3408 οὕτως
3016 3345 3111 3397 καὶ
3153 3346 3183 3396 6
3215 3344 3365 3407 Υἱὸς,
3408 3343 3506 3407 οὒς
3535 3343 3709 3409 θέλει,

2113 3438 2395 3502 (mortem;
2431 3457 2449 3489 ι
2472 3438 2504 3509 ἢ
2530 3437 2645 3501 πῶς
2659 3436 2988 3506 ἀσύγκριτος
3005 3434 3083 3505 τῷ
3099 3434 3361 3504 λέγοντι-ι
3382 3435 3571 3488 Πάντα
3594 3435 3713 3506 γάρ

2110 3530 2208 3581 ὅσα
2230 3529 2294 3582 ἂν
2318 3531 2443 3599 ποιῇ
2466 3530 2494 3580 6
2519 3528 2730 3598 Πατὴρ,
2747 3526 2921 3579 ταῦτα
2942 3526 3036 3579 καὶ
3051 3528 3078 3578 ὀ
3098 3526 3227 3588 Υἱὸς
3247 3524 3450 3594 ὁμοίως
3472 3527 3626 3576 ποιεῖ
3645 3541 3661 3587 ;
3681 3543 3703 3575 ι

433 3615 559 3670 bilis
589 3615 735 3685 quod
756 3615 828 3670 sit
854 3630 965 3670 non
1002 3615 1237 3686 genitus.
1266 3615 1553 3681 Quomodo
1580 3623 1763 3671 autem
1795 3617 2006 3672 incom-

2118 3620 2141 3692 ἢ
2179 3619 2296 3682 πῶς
2321 3618 2649 3690 ἀσύγκριτος
2678 3615 2757 3686 τῷ
2782 3615 3021 3685 λέγοντιο
3059 3633 3078 3666 ι
3121 3616 3327 3679 Πάντα,
3360 3615 3464 3667 ὅσα
3513 3614 3633 3684 ἔχει
3677 3616 3709 3667 6

432 3706 694 3777 [arahilis
707 3712 791 3760 est
813 3704 972 3760 Pater
991 3707 1041 3761 ei
1075 3706 1166 3775 qui
1194 3705 1359 3760 dicit:
1390 3725 1407 3757 ι
1440 3704 1765 3763 SicutPatcr
1777 3708 2006 3765 suscitat

2118 3711 2321 3782 Πατὴρ,
2351 3710 2462 3781 ἐμά
2486 3711 2668 3775 ὲστιν;
2698 3728 2716 3760 ι
2739 3709 2831 3762 καὶ
2858 3709 2916 3760 ὲν
2947 3706 3145 3770 ἄλλοις·
3183 3725 3202 3758 ι
3231 3705 3313 3759 Τὰ
3342 3705 3456 3776 sua:
3483 3706 3574 3769 σά,
3612 3707 3709 3759 καὶ

433 3803 681 3852 mortuos
709 3807 763 3853 et
791 3797 1051 3861 viviﬁcat,
1074 3797 1147 3852 ita
1180 3798 1342 3853 etiam
1372 3794 1569 3865 Filius,
1592 3815 1731 3869 quos
1757 3801 1890 3865 vult,
1925 3802 2007 3854 vi-

2118 3801 2175 3854 εά
2203 3800 2274 3853 σά
2293 3800 2435 3871 ὲμά;
2469 3818 2487 3850 ι
2514 3800 2624 3853 Καὶ
2653 3797 2773 3861 πῶς
2800 3796 3132 3868 ἀσύγκριτος
3163 3795 3243 3868 τῷ
3268 3795 3505 3864 λέγοντι·
3534 3814 3555 3847 ‹
3588 3798 3706 3850 Ἵνα

431 3889 616 3944 viﬁcat
640 3890 725 3944 “7
758 3911 777 3942 ο
808 3891 1084 3961 quomodo
1130 3904 1294 3960 porro
1337 3891 1785 3962 incomparabilis
1815 3893 1865 3947 ei
1909 3895 2002 3964 qui

2118 3892 2307 3963 τιμῶσι
2337 3891 2429 3945 τὸν
2452 3890 2601 3957 Υίὸν,
2636 3888 2819 3952 καθὼς
2839 3889 3039 3960 τιμῶσι
3065 3889 3155 3942 τὸν
3189 3887 3446 3959 Πατέρα;
3484 3908 3502 3940 ι

432 3986 602 4042 dicit:
628 4007 649 4040 ι
684 3986 877 4043 Omnia
910 3988 1054 4043 enim
1079 4002 1419 4057 quaecunque
1457 3986 1587 4041 facit
1624 3986 1785 4044 Pater
1804 4030 1819 4056 ,
1857 3989 1972 4044 haec
2002 3990 2165 4047 etiam
2182 3989 2353 4044 Filius
2380 3986 2635 4042 similiter
2657 3984 2786 4039 facit
2801 3984 2915 4038 ‘3?»
2939 3983 3215 4054 quomodo
3236 3983 3402 4037 etiam
3424 3982 3709 4052 incompa-

430 4080 621 4137 rabilis
654 4089 739 4137 est
762 4080 814 4135 ei
844 4080 936 4150 qui
956 4078 1124 4134 dicit:
1162 4098 1182 4130 ι
1211 4077 1427 4142 Omnia,
1464 4094 1584 4150 qua:
1616 4080 1779 4135 habet
1811 4078 1994 4146 Pater,
2045 4096 2167 4135 mea
2201 4086 2329 4135 sunt
2356 4078 2444 4130 διε
2493 4096 2513 4129 ι
2547 4084 2603 4131 et
2646 4076 2774 4130 alibi
2802 4093 2816 4129 :
2850 4093 2869 4126 ι
2912 4073 3028 4129 Mea
3065 4082 3157 4128 tua
3200 4080 3351 4137 sunt,
3382 4080 3439 4127 et
3465 4080 3560 4127 tua
3579 4087 3707 4127 mea

431 4183 560 4229 sunt
579 4173 664 4226 ‘3?
693 4193 712 4226 ι
735 4172 969 4247 denique
999 4171 1276 4243 quomodo
1311 4170 1753 4241 incomparabilis
1790 4172 1838 4226 ei
1867 4173 1960 4242 qui
1982 4171 2116 4226 dicit
2138 4190 2152 4225 :
2184 4188 2202 4221 ι
2232 4168 2303 4224 Ut
2328 4170 2596 4223 honorent
2619 4166 2838 4232 Filium,
2862 4167 3003 4222 sicut
3018 4165 3291 4220 honorant
3312 4162 3535 4219 Patrem
3560 4164 3653 4218 δεῖ
3678 4182 3701 4215 ι

495 4263 591 4319 26.
632 4262 820 4319 Anam.
863 4263 921 4317 Si
960 4278 1174 4317 omnem
1215 4263 1431 4317 excedit
1464 4263 1715 4317 naturam
1758 4266 2005 4334 omnipo-

2178 4262 2267 4317 26.
2296 4263 2485 4331 Ἀνόμ.
2506 4263 2567 4314 Εἰ
2596 4261 2851 4331 ὑπερέχει
2880 4258 3060 4329 πάσης
3081 4257 3295 4327 φύσεως
3322 4261 3352 4310 6
3381 4258 3709 4330 Παντοκρά-

430 4365 552 4413 tens
569 4358 658 4411 ille
677 4356 838 4424 Deus,
861 4356 1073 4411 excedit
1094 4371 1226 4410 sane
1248 4370 1314 4409 eo
1336 4354 1480 4424 quod
1509 4363 1593 4409 est
1616 4370 1726 4409 non
1753 4356 2002 4426 genitus:

2118 4369 2243 4425 τωρ,
2281 4353 2370 4406 διὰ
2412 4353 2473 4405 τὸ
2512 4352 2811 4421 ἀγέννητον
2840 4349 3128 4421 ὑπερέχειο
3160 4349 3297 4421 ὅπερ
3331 4350 3482 4403 ἐστὶν
3526 4352 3707 4405 αἷτιον

428 4450 575 4520 quod
604 4458 688 4504 est
715 4463 882 4503 causa
909 4449 1052 4517 ejus,
1084 4462 1248 4518 quam
1272 4448 1455 4517 genita
1490 4447 1715 4511 habent,
1736 4448 2005 4516 perdura-

2118 4449 2219 4509 τοῖς
2257 4448 2531 4515 γεννητοῖς
2585 4447 2665 4508 εἰς
2712 4444 2991 4514 διαμονήν.
3028 4443 3090 4495 Εἰ
3120 4441 3178 4495 δὲ
3224 4442 3298 4512 μή
3335 4443 3486 4495 ἐστιν
3516 4444 3706 4507 αἰτίας

430 4542 619 4597 tionis.
653 4538 711 4594 Si
740 4544 873 4594 vero
899 4556 1008 4595 non
1040 4541 1286 4611 genitum
1324 4555 1437 4593 non
1485 4539 1710 4593 denotat
1754 4554 2004 4606 causam,

2118 4536 2398 4608 δηλωτικὸν
2442 4536 2504 4588 τὸ
2539 4527 2864 4605 ἀγέννητον,
2898 4533 3062 4587 πόθεν
3094 4532 3162 4586 ἂν
3197 4536 3230 4603 ἡ
3267 4532 3375 4586 τῶν
3415 4533 3707 4604 γεννητῶν

430 4634 704 4689 undenam
734 4647 864 4703 ergo
887 4640 1079 4685 natura
1120 4647 1303 4687 rerum
1327 4631 1632 4702 genitarum
1667 4630 1752 4685 sui
1780 4645 2009 4685 conser-

2118 4628 2269 4697 φύσις
2292 4626 2401 4694 ἕξει
2424 4627 2484 4681 τὸ
2512 4625 2901 4691 διασώζεσθαι;
2923 4625 3078 4693 Ὀρθ.
3119 4623 3184 4676 Et
3208 4624 3297 4678 διὰ
3324 4623 3489 4677 τοῦτο
3526 4626 3709 4697 ὑπερ-

426 4726 702 4782 vationem
729 4686 986 4779 habebit?
1009 4722 1164 4778 Orth.
1198 4686 1629 4792 SiOiimipotens
1653 4722 1745 4776 ille
1775 4727 2000 4789 superat

2118 4686 2220 4790 ἔχει
2248 4686 2426 4790 πάσης
2453 4686 2713 4789 φύσεωςό
2743 4686 3163 4789 Παντοκράτωρ,
3180 4716 3269 4770 διὰ
3287 4716 3348 4769 τὸ
3375 4686 3703 4789 ἀγέννητον·

425 4831 644 4872 omnem
692 4822 944 4870 naturam
982 4823 1202 4885 propter
1228 4814 1290 4867 τὸ
1324 4830 1432 4869 non
1472 4814 1745 4885 genitum,
1792 4812 2002 4878 Filius,

2118 4815 2133 4866 5
2161 4812 2311 4876 Υἱὸς,
2335 4812 2477 4865 κατά
2498 4811 2558 4864 σὲ
2586 4810 2660 4882 μὴ
2680 4808 2755 4863 ὢν
2779 4810 3202 4880 ἀγέννητος,ούχ
3230 4808 3495 4880 ὑπερέχει
3518 4810 3706 4881 πάσης

426 4908 523 4977 qui
564 4907 865 4964 secundum
892 4915 947 4961 te
974 4922 1082 4960 non
1107 4914 1191 4960 est
1213 4921 1321 4960 non
1357 4908 1574 4977 genitus
1594 4947 1609 4968 ,
1646 4921 1753 4960 non
1781 4906 2008 4961 excedet

2118 4907 2340 4975 φύσεως.
2375 4906 2488 4959 Οὐκ
2520 4905 2631 4976 ἄρα
2659 4903 2748 4957 διὰ
2800 4902 3095 4973 ἀγέννητον
3137 4900 3399 4971 ὑπερέχει
3446 4902 3477 4953 6
3504 4902 3707 4973 Πατὴρ

426 5014 644 5054 omnem
667 5008 940 5054 naturam.
967 4996 1122 5053 Unde
1146 5012 1256 5052 non
1274 5014 1339 5054 eo
1357 4998 1500 5068 quod
1523 5013 1631 5053 non
1660 4998 1880 5069 genitus
1895 5005 2002 5061 est,

2118 4998 2286 5067 πάσης
2320 4996 2555 5066 φύσεως·
2573 4993 2688 5048 ἀλλ’
2718 4987 2765 5061 ᾧ
2786 4993 2974 5063 λόγῳὸ
3009 4992 3202 5063 Πατὴρ
3229 4992 3491 5063 ὑπερέχει
3514 4993 3708 5063 πάσης

425 5091 639 5147 excedit
658 5089 833 5146 ‘Pater
880 5105 1099 5145 omnem
1150 5087 1437 5155 naturam,
1491 5091 1588 5147 sed
1634 5107 1741 5161 qua
1791 5089 2005 5146 ratione

2118 5088 2342 5159 φύσεως,
2366 5088 2540 5157 τούτῳ
2574 5085 2651 5157 τῷ
2694 5086 2837 5156 λόγῳ
2867 5084 3124 5156 ὑπερέχει
3157 5084 3307 5138 καὶὸ
3345 5083 3479 5148 Υἱὸς
3514 5082 3709 5156 πάσης

425 5182 587 5239 Pater
632 5183 846 5239 excedit
919 5197 1137 5238 omnem
1209 5193 1497 5247 naturam,
1548 5185 1739 5238 eadem
1792 5183 2006 5237 ratione

2118 5182 2341 5253 φύσεως.
2359 5181 2647 5254 ’Υπερέχει
2670 5182 2729 5235 δὲ
2747 5184 2776 5236 6
2796 5181 2987 5253 Πατὴρ
3007 5183 3073 5251 τῇ
3097 5179 3255 5249 φύσει
3278 5180 3379 5251 τῆς
3407 5180 3673 5251 θεότητος
3688 5196 3703 5207 .

423 5276 589 5331 etiam
614 5272 786 5330 Filius
808 5275 1022 5330 excedit
1049 5290 1268 5330 omnem
1321 5281 1595 5328 naturam.
1637 5273 1865 5329 Excedit
1904 5289 2003 5328 au-

2118 5274 2276 5348 ιαύτῃ
2298 5273 2391 5327 καὶ
2422 5275 2452 5326 6
2475 5274 2602 5337 Υἱὸς
2632 5274 2889 5344 ὑπερέχει
2912 5266 3092 5343 πάσης
3130 5272 3367 5341 φύσεως.
3394 5274 3606 5342 Ἀνόμ.
3641 5274 3709 5327 El

425 5380 531 5424 tem
565 5368 724 5424 Pater
755 5377 952 5424 natura
979 5383 1094 5424 sua:
1113 5366 1330 5424 deitatis
1360 5387 1374 5422 :
1406 5367 1597 5423 eadem
1621 5374 1675 5422 et
1707 5366 1878 5423 Filius
1903 5382 2001 5423 ex-

2118 5366 2254 5420 δὺδὲν
2274 5364 2382 5419 τῶν
2398 5366 2643 5437 ἀοράτων
2668 5367 2799 5419 αὐτὸ
2831 5362 3025 5419 ἑαυοοῢ
3053 5364 3447 5435 σπερματικῶς
3480 5369 3705 5436 προῦπ-

494 5525 543 5558 ⁸¹
579 5524 736 5580 Joan.
772 5540 825 5591 ι’,
857 5523 948 5580 21.
1020 5524 1069 5557 ⁸³
1106 5523 1239 5580 ibid.
1278 5523 1363 5580 19.
1440 5522 1681 5594 "_-Joan.
1718 5540 1842 5589 xvr,
1880 5523 1967 5579 15.

2122 5521 2283 5580 Joan.
2319 5538 2459 5589 xvu,
2493 5522 2583 5579 10.
2666 5520 2713 5554 ⁸⁸
2747 5521 2907 5579 Joan.
2948 5539 3000 5588 v,
3033 5520 3122 5575 25.

492 5680 609 5754 (86)
643 5682 1084 5758 Παντοκράτορος
1116 5682 1483 5746 ὑποστάσεως.
1518 5680 1694 5736 Palat.
1732 5682 1782 5738 1.

2178 5677 2290 5752 (87)
2312 5677 2499 5754 Ροῑιιι.
2524 5678 2579 5750 2,
2612 5687 2666 5736 et
2699 5680 2931 5753 August.
2963 5680 3027 5735 Et
3046 5678 3106 5733 δὲ
3134 5677 3197 5732 τὸ
3226 5679 3548 5749 ἀγέννητον.
