3870 6208
74 318 251 375 1197
1089 317 1178 372 DE
1216 316 1485 376 SANCTA
1529 318 1903 376 TRINITATE
1942 320 2291 379 DIALOGUS
2329 320 2394 376 ll.
3249 317 3390 379 “38

75 431 300 503 ἄρχει,
360 430 600 501 διαμένει
642 430 698 484 δὲ
727 433 783 484 ὲν
828 431 986 500 φύσει
1035 433 1563 510 ἀποκεκληρωμένῃ,
1591 436 1703 502 πῶς

1815 438 1960 494 cedit
1986 454 2204 496 omnem
2242 448 2516 494 naturam.
2573 432 2765 490 Anom.
2803 433 2861 488 Si
2893 432 3042 488 nulla
3073 447 3166 489 res
3197 433 3390 492 invisi-

73 523 168 576 ἂν
191 523 227 577 ὁ
256 523 552 593 ἀγέννητος
580 521 732 586 Θεὸς,
763 523 1042 596 ἐλεύθερος
1065 526 1504 599 ἀποκληρώσεως
1531 530 1703 602 ὑπάρ-

1815 531 1935 586 bilis
1963 531 2080 602 ipsa
2112 538 2237 586 ante
2270 529 2508 599 seipsam
2546 526 2602 580 in
2633 525 2840 582 semine
2872 523 3092 580 exsistit
3113 565 3128 590 ,
3189 525 3285 580 sed
3332 527 3390 581 in

73 630 248 686 χων,
274 614 370 666 νῦν
413 614 512 684 μὲν
541 615 639 685 τὴν
677 615 868 667 ἑαυτοῦ
903 617 1091 670 οὐσίαν
1132 618 1393 690 δευτέραν
1427 621 1485 673 ἐν
1514 625 1703 694 γεννή-

1815 636 1872 677 ea
1904 630 2098 676 natura
2131 629 2432 691 permanet,
2480 633 2643 689 quam
2691 618 2883 672 sortita
2936 622 3059 681 est,
3113 617 3390 688 quomodo

81 722 251 776 ματι
288 706 410 776 ὁρᾷ,
453 704 550 758 νῦν
598 705 656 758 δὲ
715 707 987 778 προτέραν
1026 709 1085 761 ἐν
1117 709 1400 782 ἀγεννήτῳ
1426 713 1568 766 κατὰ
1609 714 1703 785 τὴν

1815 727 1919 766 non
1950 713 2165 782 genitus
2210 711 2301 765 ille
2339 709 2506 773 Deus,
2538 708 2632 779 qui
2679 724 2711 762 a
2753 706 3043 764 sortitione
3094 708 3234 763 liber
3261 717 3389 776 εει,

81 797 345 869 πρώτην
399 799 494 852 καὶ
541 798 798 871 δευτέραν
845 801 1032 867 τάξιν;
1080 803 1231 871 Ὀρθ.
1265 806 1431 859 Οὐδὲν
1469 807 1565 876 μὲν
1596 808 1703 861 τῶν

1815 820 1956 859 nunc
1985 804 2206 875 quidem
2236 818 2390 859 suam
2420 801 2716 857 essentiam
2749 799 3109 870 posteriorem
3148 799 3393 856 intuetur

80 891 370 963 ἀοράτων
385 892 516 945 αὐτὸ
532 891 722 947 ἑαυτοῦ
741 894 1128 964 σπερματικῶς
1142 897 1506 969 προϋπάρχειο
1523 899 1635 953 ἀλλ’
1648 903 1703 953 ὲν

1815 895 1867 949 in
1896 896 2100 964 genito,
2131 908 2277 948 nunc
2306 893 2543 962 priorem
2572 891 2626 944 in
2652 905 2758 943 non
2793 888 2998 960 genito,
3028 887 3220 942 ordine
3253 904 3392 959 quos

78 988 175 1058 τῇ
210 985 436 1056 ἐξουσίᾳ
466 984 561 1038 τοῦ
593 988 960 1061 Δημιουργοῦ,
981 989 1124 1042 κατὰ
1149 989 1248 1052 τὰς
1281 990 1432 1054 Θείας
1461 991 1703 1062 Γραφὰς,

1815 987 1932 1042 dam
1951 987 2149 1058 prioris
2165 994 2218 1042 et
2231 984 2588 1057 posterioris?
2608 982 2764 1039 Orth.
2783 982 2860 1035 Ex
2876 981 3248 1037 invisibilibus
3265 982 3391 1053 qui-

86 1078 188 1149 μὴ
249 1077 384 1132 ὄντα
419 1077 494 1140 ὡς
530 1077 658 1131 ὄντα
680 1079 846 1131 εἰσίν·
879 1082 906 1132 ὁ
955 1080 1012 1132 δὲ
1060 1081 1205 1144 Υἱὸς,
1238 1083 1296 1136 ἐν
1327 1085 1392 1153 τῇ
1428 1083 1586 1155 οὐσίᾳ
1612 1083 1703 1137 τοῦ

1815 1080 1931 1136 dem
1961 1079 2096 1134 nihil
2129 1088 2254 1133 ante
2293 1077 2534 1147 seipsum
2568 1075 2621 1128 in
2657 1073 2866 1129 semine
2894 1073 3248 1143 praeexsistit,
3287 1071 3384 1128 sed

84 1169 335 1242 Πατρὸς
365 1168 463 1233 ὣν,
491 1171 595 1222 καὶ·
617 1169 753 1234 ἔστι,
770 1171 864 1224 καὶ
890 1170 1038 1225 ἔσται
1067 1173 1144 1237 ὼς
1165 1173 1508 1246 ἀπαύγασμα
1526 1175 1703 1247 δόξης,

1815 1174 1866 1228 in
1895 1173 2137 1243 potentia
2160 1170 2462 1236 Creatoris,
2489 1166 2788 1224 secundum
2807 1165 3023 1220 divinas
3049 1164 3389 1235 Scripturas.

85 1261 208 1313 καὶ
267 1261 555 1332 χαρακτὴρ
599 1263 697 1333 τῆς
735 1264 1087 1328 ὑποστάσεως
1141 1267 1703 1340 συνεπιθεωρούμενος

1815 1283 1923 1321 non
1950 1265 2096 1320 entia
2130 1265 2278 1320 velut
2309 1264 2456 1319 entia
2495 1269 2626 1316 sunt
2659 1281 2671 1316 :
2709 1259 2880 1340 [filius
2910 1274 3040 1314 vero
3067 1259 3123 1312 in
3152 1259 3392 1313 essentia

85 1350 187 1424 τῷ
232 1353 557 1423 γεννήσαντι
611 1353 770 1408 αὐτὸν
803 1356 1050 1422 ἀπαθῶς,
1090 1358 1352 1429 ἀχρόνως,
1382 1335 1586 1425 ἀϊδίως,
1619 1361 1703 1414 οὐ-

1815 1358 1992 1413 Patris
2023 1359 2319 1420 exsistens,
2359 1363 2413 1410 et
2440 1361 2546 1416 est,
2581 1361 2636 1408 et
2680 1335 2808 1419 erit,
2840 1367 2938 1406 ceu
2985 1350 3247 1420 splendor
3275 1350 3395 1421 διο.

90 1445 261 1509 σίας,
294 1446 388 1500 καὶ
411 1445 625 1516 βουλῆς,
659 1446 754 1500 καὶ
789 1447 1092 1519 δυνάμεως,
1130 1451 1224 1503 καὶ
1247 1451 1406 1522 δόξης
1451 1452 1701 1524 ἀπαράλ-

1815 1452 1906 1506 riae
1938 1458 1992 1506 et
2019 1451 2307 1506 character
2355 1447 2749 1518 hypostaseos,
2799 1443 2963 1498 simul
3011 1441 3394 1497 consideratus

88 1537 319 1602 λακτος
363 1537 548 1603 εἰκὼν,
577 1539 684 1611 πρὸ
714 1540 822 1592 τῶν
860 1541 1180 1613 προαιώνων
1219 1545 1497 1616 ὑπάρχων.
1543 1545 1600 1598 '0
1650 1546 1703 1600 δὲ

1815 1559 1938 1599 cum
1969 1558 2069 1610 eo,
2116 1542 2207 1614 qui
2244 1540 2432 1613 genuit
2483 1537 2602 1594 sine
2632 1537 2894 1607 passione
2940 1543 2994 1590 ct
3028 1543 3272 1605 tempore
3323 1536 3393 1590 ab

83 1633 416 1704 ’ἁγέννητος
466 1634 602 1698 Θεὸς
650 1634 748 1706 τὴν
795 1637 986 1689 ἑαυτοῦ
1015 1638 1206 1690 οὐσίαν
1231 1634 1371 1691 οἶδεν
1390 1639 1703 1711 ἀγέννητον,

1815 1646 2036 1699 aeterno,
2070 1634 2414 1700 substantiae,
2449 1629 2753 1686 voluntatis
2779 1668 2794 1694 ,
2841 1638 2896 1684 et
2940 1628 3128 1699 gloria‘.
3162 1627 3394 1682 invaria-

87 1729 180 1792 ὡς
207 1729 311 1781 καὶ
329 1729 557 1798 ἀψευδῆ,
574 1731 667 1784 καὶ
688 1731 986 1801 ἄφθαρτον,
1012 1734 1105 1786 καὶ
1127 1733 1436 1804 ἀσώματον,
1453 1735 1548 1787 καὶ
1573 1734 1703 1788 ἀθά-

1815 1731 1939 1786 bilis
1978 1730 2183 1800 imago,
2216 1726 2364 1781 omni
2387 1725 2698 1780 atternitate
2733 1721 2883 1792 prior
2913 1721 3206 1776 exsistens.
3244 1718 3392 1773 Deus

91 1838 302 1888 νατον,
331 1823 424 1874 καὶ
455 1823 554 1892 οὐχ
587 1824 692 1894 ὁρᾷ
719 1824 817 1892 τὴν
845 1823 1041 1878 ἑαυτοῦ
1073 1825 1260 1878 οὐσίαν
1297 1825 1392 1878 νῦν
1423 1827 1522 1896 μὲν
1547 1828 1703 1894 ἀγέν-

1815 1837 1944 1877 vero
1995 1837 2106 1877 non
2156 1819 2373 1891 genitus
2417 1816 2570 1871 novit
2611 1829 2764 1870 suam
2803 1812 2977 1882 ipsius
3024 1809 3393 1865 substantiam

89 1931 301 1983 νητον,
327 1914 422 1966 νῦν
449 1913 506 1967 δὲ
539 1914 823 1985 γεννητὴν,
852 1915 964 1968 ἀλλ’
998 1915 1028 1968 ὃ
1049 1917 1153 1988 ὁρᾷ
1181 1917 1394 1983 ἑαυτὸν,
1424 1917 1580 1971 τοῦτο
1606 1919 1708 1989 ὁρᾷ

91 2005 208 2058 ,καὶ
237 2005 339 2077 τὴν
383 2005 576 2059 ἑαυτοῦ
615 2007 816 2060 εἰκόνα.
851 2008 947 2070 Τίς
975 2007 1031 2060 δέ
1062 2009 1179 2061 ἐστι
1211 2009 1310 2080 τὴν
1332 2009 1541 2074 οὐσίαν,
1584 2009 1706 2065 οὐτε

97 2099 249 2165 ἡμῖν
279 2097 652 2168 ἀπεκάλυψεν,
686 2097 809 2152 οὔτε
843 2101 958 2163 τοῖς
1000 2100 1104 2171 πρὸ
1163 2101 1338 2172 ἡμῶν.
1369 2101 1533 2169 Λέγει
1574 2101 1704 2172 γὰρ,

98 2184 305 2250 καθὼς
332 2187 678 2259 προείρηται·
716 2208 734 2240 ‹
775 2189 985 2261 Ὠφοην
1015 2191 1152 2261 πρὸς
1190 2194 1281 2243 τὸν
1328 2192 1580 2264 Ἀϐραὰμ
1612 2193 1707 2246 καὶ

111 2278 321 2331 Ἰσαὰκ
373 2279 464 2331 καὶ
529 2279 722 2332 Ἰακὼϐ
772 2285 897 2344 τοὺς
955 2284 1201 2354 πατέρας
1241 2283 1417 2355 ὑμῶν,
1444 2285 1577 2350 Θεὸς
1629 2284 1706 2339 ὢν

100 2371 323 2436 αὐτῶν,
350 2373 445 2425 καὶ
478 2372 537 2425 τὸ
564 2373 734 2444 ὄνομά
765 2392 866 2445 μου
895 2376 995 2429 οὐκ
1024 2375 1296 2447 ἐγνώρισα
1325 2379 1529 2442 αὐτοῖς.
1568 2397 1586 2430 ι

1814 1931 1924 1971 non
1951 1915 2189 1986 genitam
2215 1921 2276 1967 ut
2297 1919 2351 1967 et
2376 1909 2647 1966 mendacii
2685 1914 2986 1977 expertem,
3011 1904 3391 1972 incorpoream

1812 2019 1867 2064 et
1896 2008 2254 2062 immortalem
2285 2025 2297 2062 :
2337 2019 2439 2059 nec
2468 2003 2616 2057 videt
2640 2016 2795 2056 suam
2819 1999 2992 2070 ipsius
3027 1995 3393 2053 substantiam

1814 2102 1978 2157 modo
2010 2115 2120 2154 non
2155 2098 2391 2168 genitam
2416 2137 2431 2162 ,
2486 2094 2649 2149 modo
2696 2093 2936 2163 genitam
2973 2129 2988 2154 ,
3042 2088 3139 2145 sed
3174 2088 3352 2158 ipsum
3376 2122 3393 2148 ,

1814 2193 1962 2263 quod
2004 2206 2126 2247 sese
2164 2205 2287 2246 esse
2314 2189 2482 2250 videt,
2516 2187 2666 2242 videt
2703 2186 2866 2240 etiam
2924 2197 3045 2238 esse
3103 2180 3394 2250 imaginem

1813 2285 1920 2340 sui.
1951 2282 2086 2349 Quis
2121 2288 2303 2335 autem
2338 2280 2411 2335 sit
2445 2277 2623 2348 quoad
2659 2274 3020 2332 substantiam
3043 2313 3057 2332 .
3091 2285 3194 2325 nec
3233 2269 3392 2323 nobis

1813 2375 2093 2440 revelavit,
2123 2388 2225 2429 nec
2249 2372 2343 2437 iis,
2369 2373 2462 2442 qui
2498 2379 2624 2425 ante
2654 2384 2754 2424 nos
2783 2367 3024 2421 fuerunt.
3071 2362 3211 2417 Dicit
3245 2360 3393 2414 enim

100 2472 175 2515 ut
205 2463 418 2518 dictum
450 2471 574 2520 est:
619 2484 638 2516 ι
669 2468 913 2538 Apparui
939 2469 1233 2553 Abraham,
1267 2469 1420 2526 Isaac
1450 2479 1506 2527 et
1528 2469 1698 2527 Jacob
1736 2469 1984 2542 patrihus
2018 2469 2252 2533 vestris,
2303 2477 2560 2521 tanauam
2628 2463 2771 2519 Deus
2833 2475 3045 2525 eorum,
3089 2467 3143 2512 et
3192 2469 3394 2509 nomen

103 2573 308 2613 meum
330 2576 440 2614 non
467 2562 702 2617 revelavi
732 2565 812 2618 eis
842 2565 907 2617 ‘7.
950 2585 969 2617 ι

184 2673 282 2727 9.7.
324 2675 521 2744 Ἀνόμ.
555 2677 616 2728 Εἰ
641 2677 886 2748 διαμένει
909 2681 966 2734 ἐν
991 2681 1276 2753 ἀγεννήτῳ
1308 2682 1468 2752 φύσει
1495 2685 1523 2736 ὁ
1554 2682 1706 2746 Θεὸς,

106 2766 176 2818 τὸ
223 2767 286 2817 ὲν
330 2767 540 2833 γενέσει
569 2769 664 2821 καὶ
693 2769 992 2843 ἀγεννησίᾳ
1025 2774 1218 2828 ἑαυτὸν
1238 2775 1435 2828 εἰδέναι
1461 2775 1714 2846 ἀφαιρεί-

109 2859 253 2912 σθω.
280 2860 569 2929 Συγχωρού
578 2878 735 2930 μενος
762 2863 818 2916 δὲ
847 2865 905 2916 ὲν
928 2866 1208 2938 ἁγεννήτῳ
1229 2868 1324 2920 καὶ
1347 2868 1591 2938 γεννητῷ
1613 2870 1712 2941 τὴν

108 2949 319 3005 ἑαυτοῦ
345 2953 534 3007 οὐσίαν
566 2956 918 3027 παρατείνειν
950 2958 1132 3025 αὐτὸς,
1167 2959 1359 3012 ἑαυτοῦ
1391 2961 1576 3028 ἀγνοεί
1612 2962 1711 3031 τὴν

107 3043 313 3095 οὐσίαν
349 3045 743 3116 περιαγόμενος
779 3049 883 3101 ὐπὸ
905 3051 1172 3118 γενέσεως
1198 3053 1292 3104 καὶ
1314 3053 1620 3122 ἀγενεσίας.
1651 3053 1714 3105 Εἰ

1883 2679 1973 2734 27.
2004 2677 2195 2731 Anam.
2217 2674 2272 2729 Si
2295 2673 2432 2727 Deus
2451 2676 2733 2742 permanet
2765 2669 2820 2722 in
2837 2675 3032 2721 natura
3053 2680 3161 2720 non
3186 2663 3390 2734 genita,

1816 2770 2098 2824 auferatur
2124 2771 2193 2822 ab
2220 2782 2287 2822 eo
2320 2765 2469 2837 quod
2502 2779 2562 2818 se
2590 2768 2784 2818 noscat
2816 2758 3122 2814 secundum
3173 2769 3389 2824 genera-

1817 2865 2020 2918 tionem
2069 2863 2154 2917 vel
2193 2859 2562 2932 generationis
2613 2855 3009 2911 exclusionem.
3060 2850 3165 2904 Ubi
3210 2856 3390 2902 autem

1818 2970 2141 3011 concessum
2185 2954 2347 3009 fuerit
2370 2993 2386 3018 ,
2438 2967 2562 3008 eum
2612 2949 2698 3005 sui
2732 2948 2910 3018 ipsius
2940 2943 3305 3000 substantiam
3337 2942 3390 2994 in

1819 3062 1926 3101 non
1962 3046 2144 3117 genito
2181 3053 2234 3099 et
2257 3045 2312 3097 in
2352 3041 2535 3113 genito
2561 3038 2877 3099 extendere,
2910 3035 3027 3106 ipse
3052 3046 3207 3088 suam
3240 3031 3369 3100 igno

110 3137 216 3189 καὶ
253 3136 317 3188 τὸ
343 3139 602 3208 γεννητὸν
632 3141 926 3212 μετείληφε
961 3145 1148 3210 οὐσίας
1181 3147 1512 3217 ἅγεννήτου,
1553 3149 1612 3200 ὲν
1658 3147 1703 3200 δέ

1818 3146 1901 3192 rat
1938 3138 2326 3200 substantiam,
2354 3135 2724 3190 circumactus
2781 3147 2812 3185 a
2868 3129 3220 3202 generatione
3259 3134 3314 3179 et
3363 3141 3397 3179 a

110 3228 386 3299 γεννητοῦ
416 3228 574 3298 φύσει
613 3231 987 3305 ἀτελευτήτως
1022 3235 1286 3306 διαμένει,
1315 3239 1374 3290 ὲν
1465 3238 1562 3306 μὲν
1592 3238 1710 3291 δια-

109 3319 268 3372 τελεῖ
306 3319 486 3389 φύσει,
540 3323 798 3391 γινώσκει
845 3327 1059 3391 ἑαυτὸν,
1091 3328 1302 3398 ἀγνοῶν
1343 3329 1584 3399 δηλονότι
1612 3331 1712 3402 τὴν

112 3411 416 3483 ἀγέννητον
443 3414 649 3468 οὐσίαν.
687 3416 759 3469 Οὐ
785 3417 893 3486 γὰρ
921 3415 1032 3474 οἷόν
1061 3438 1120 3473 τε
1164 3423 1327 3475 αὐτὸν
1356 3424 1487 3492 περὶ
1514 3423 1710 3476 ἑαυτοῦ

113 3507 217 3559 καὶ
254 3506 551 3577 ἀγεννήτου
587 3509 774 3574 οὐσίας
803 3511 1004 3579 γνῶσιν
1032 3512 1176 3583 ἔχειν
1205 3515 1299 3568 καὶ
1335 3517 1615 3586 γεννητῆς.
1649 3517 1712 3569 Εἰ

111 3599 176 3653 δὲ
207 3599 683 3671 εὐκαταφρόνητόν
731 3606 846 3656 ἐστι
880 3604 940 3656 τὸ
983 3605 1275 3677 ἀγέννητον
1294 3608 1380 3663 διὰ
1411 3609 1712 3679 μεταϐολῆς

111 3691 557 3764 ἐπιτηδειότητα,
579 3695 797 3766 ἀξίωμα
829 3697 1043 3766 φύσεώς
1079 3699 1226 3752 ἐστιν
1258 3702 1291 3771 ἡ
1319 3702 1476 3754 οὐσία
1506 3702 1712 3772 ἀμετά-

113 3781 338 3850 ϐλητος,
363 3782 463 3853 τῆς
495 3784 792 3856 ἁγεννήτου
836 3787 1023 3850 οὐσίας
1059 3788 1242 3860 πάσης
1295 3790 1482 3855 οὐσίας
1526 3792 1710 3864 κρείτ-

111 3890 274 3937 τονος
320 3875 780 3947 ὁμολογουμένης.
831 3881 985 3948 Ὀρθ.
1023 3881 1084 3933 Ei
1133 3883 1226 3935 καὶ
1270 3882 1514 3952 διαμένει
1549 3883 1714 3953 ἀγέν-

115 3981 284 4032 νητος
321 3967 350 4018 ὁ
395 3966 560 4032 Θεὸς,
601 3969 716 4022 ἀλλ’
761 3972 860 4024 οὐκ
916 3971 1064 4025 ἔστιν
1110 3973 1274 4027 αὐτοῦ
1326 3975 1481 4028 τοῦτο
1527 3975 1707 4044 φύσις.

127 4055 275 4106 Ἀλλ’
303 4056 384 4108 ὅτι
413 4059 501 4128 μὴ,
521 4059 760 4128 ἐγένετο,
793 4061 953 4115 τοῦτο
985 4062 1257 4135 ἔγνωμεν·
1291 4067 1376 4128 τίς
1406 4066 1464 4118 δέ
1501 4069 1647 4121 ἐστιν
1676 4070 1709 4138 ή

116 4146 286 4216 φύσις
314 4149 500 4213 αὐτοῦ,
541 4151 778 4206 οὐδέπω·
810 4155 904 4207 καὶ
935 4154 1043 4227 γὰρ
1076 4157 1170 4209 καὶ
1206 4156 1495 4228 ἀσώματος
1523 4160 1712 4230 διαμέ-

118 4255 224 4299 νει,
262 4239 358 4290 καὶ
400 4240 502 4293 οὐκ
546 4240 692 4296 ἐστιν
738 4244 903 4296 αὐτοῦ
955 4245 1113 4298 τοῦτο
1151 4249 1184 4317 ἡ
1223 4247 1420 4316 φύσιςο
1474 4249 1589 4302 ἀλλ’
1629 4252 1710 4304 ὅτι

121 4328 202 4398 μὴ
218 4328 330 4398 ἔχει
349 4330 506 4399 σῶμα
534 4331 799 4404 ἔγνωμεν·
838 4336 934 4388 καὶ
964 4337 1198 4408 ἀψευδὴς
1223 4338 1596 4410 διαμένει,καὶ
1611 4343 1710 4396 οὐκ

120 4422 271 4475 ἔστιν
299 4423 464 4476 αὐτοῦ
488 4425 645 4478 τοῦτο
671 4426 832 4496 φύσις
863 4443 880 4460 ο
903 4428 1018 4481 ἀλλ’
1043 4430 1126 4482 ὅτι
1146 4429 1220 4502 μὴ
1242 4431 1516 4500 ψεύδεται,
1542 4433 1708 4502 ἔγνω-

125 4529 258 4584 μενο
290 4514 371 4578 τίς
396 4514 452 4568 δέ
490 4518 604 4569 ἐστι
630 4518 731 4587 τὴν
760 4518 943 4586 φύσιν,
979 4520 1078 4572 οὐκ
1107 4521 1474 4591 ἀπεκάλυψεν.
1507 4524 1570 4576 Εἰ
1600 4524 1708 4598 γὰρ

119 4604 197 4659 τὰ
257 4607 627 4678 προειρημένα
685 4609 802 4661 ἐστὶ
863 4609 1059 4678 φύσις,
1117 4611 1383 4681 ἐψεύσατο
1435 4614 1705 4686 εἰρηκώςο

127 4716 149 4750 ι
193 4697 402 4769 Ὠφϐην
436 4699 570 4770 πρὸς
601 4699 694 4754 τὸν
729 4701 1002 4773 Ἀϐραὰμ,
1034 4705 1126 4758 καὶ
1159 4705 1706 4771 Ἰσαὰκ,καὶ’1ακὼ6,

121 4793 252 4855 τοὺς
300 4793 541 4864 πατέρας
571 4795 746 4866 ὑμῶν,
773 4797 906 4862 Θεὸς
946 4799 1022 4852 ὣν
1071 4798 1273 4865 αὐτῶν,
1310 4800 1405 4854 καὶ
1443 4800 1506 4854 τὸ
1538 4801 1709 4871 ὄνομά

1815 3231 2185 3302 generationis
2219 3230 2553 3284 exclusione.
2613 3224 2770 3293 Quod
2802 3225 2851 3279 si
2887 3224 3053 3279 etiam
3105 3221 3159 3276 id
3181 3261 3197 3285 ,
3248 3218 3397 3290 quod

1814 3327 2054 3395 genithm
2070 3333 2175 3389 est,
2194 3339 2303 3379 non
2331 3323 2526 3392 genita“:
2544 3319 2863 3375 substantiaa
2885 3316 3156 3387 particeps
3189 3313 3396 3369 factum

1813 3427 1919 3482 est,
1954 3418 2012 3471 in
2049 3425 2244 3471 natura
2275 3423 2454 3470 autem
2488 3413 2654 3484 geniti
2683 3410 3057 3466 indesinenter
3088 3413 3393 3477 permanet,

1814 3510 1869 3563 in
1901 3525 2009 3580 qua
2037 3509 2400 3564 constitutum
2444 3513 2530 3562 est
2551 3545 2565 3568 ,
2615 3503 2964 3562 naturaliter,
2997 3499 3236 3568 scipsum
3271 3511 3396 3551 esse

1813 3603 2119 3673 cognoscit,
2150 3603 2412 3672 ignorans
2442 3599 2695 3654 videlicet
2725 3612 2834 3650 non
2862 3593 3099 3664 genitam
3133 3591 3390 3650 substan-

1815 3698 1968 3751 tiam.
2019 3695 2208 3766 Neque
2246 3695 2392 3748 enim
2429 3692 2544 3747 ﬁeri
2585 3697 2765 3761 potest
2823 3698 2882 3742 ut
2926 3689 3068 3742 idem
3119 3686 3222 3741 sibi
3281 3701 3392 3739 non

1813 3788 2012 3858 genitae
2041 3787 2207 3844 simul
2227 3794 2281 3841 et
2315 3785 2511 3856 genita:
2539 3781 2860 3840 substantia:
2891 3780 3175 3835 conscium
3212 3777 3302 3832 sit.
3331 3777 3389 3832 Si

1812 3879 2164 3949 despicabilis
2193 3885 2278 3933 est
2311 3892 2402 3932 res
2444 3891 2555 3931 non
2597 3874 2778 3946 genita
2820 3879 3044 3942 propter
3070 3873 3394 3942 propensio-

1811 3987 1936 4027 nem
1981 3974 2051 4027 ad
2111 3971 2518 4026 mutationem:
2581 3976 2791 4022 natura
2843 3966 3082 4038 dignitas
3139 3967 3242 4021 erit
3299 3967 3392 4021 illa

1813 4063 2122 4119 substantia
2178 4061 2558 4124 immutabilis,
2588 4075 2714 4115 cum
2750 4059 2806 4113 in
2839 4057 3096 4114 confesso
3124 4058 3228 4121 sit,
3278 4073 3390 4112 non

1811 4157 2048 4226 genitam
2093 4153 2456 4210 substantiam
2491 4153 2641 4208 omni
2691 4152 3001 4209 substantia
3047 4152 3392 4219 praestantio-

1811 4264 1927 4303 rem
1950 4263 2092 4302 esse.
2126 4247 2279 4301 Orth.
2311 4245 2374 4300 Et
2401 4247 2446 4302 si
2478 4245 2622 4300 Deus
2667 4253 2951 4315 permanet
2976 4258 3087 4298 non
3129 4242 3346 4313 genitus
3370 4281 3388 4306 ,

1809 4337 1975 4410 439
2002 4338 2097 4393 sed
2119 4339 2224 4391 hoc
2255 4352 2365 4392 non
2389 4345 2473 4392 est
2501 4336 2623 4406 ejus
2647 4344 2865 4389 natura.
2883 4332 3146 4388 Novimus
3167 4333 3387 4403 quidem

1812 4448 1920 4485 non
1945 4446 2064 4486 esse
2096 4431 2338 4501 genitum
2364 4449 2378 4486 :
2413 4439 2468 4483 at
2492 4444 2614 4500 qua:
2641 4429 2713 4484 sit
2737 4429 2860 4497 ejus
2891 4435 3110 4492 natura,
3143 4427 3395 4486 nondum

1813 4523 2065 4577 novimus
2103 4543 2114 4576 :
2157 4539 2282 4577 nam
2311 4522 2475 4578 etiam
2523 4523 2886 4593 incorporeus
2925 4527 3247 4591 permanet,
3286 4533 3397 4575 noc-

1811 4621 1994 4671 tam‘en
2024 4616 2140 4669 haec
2165 4618 2286 4684 ejus
2315 4625 2513 4669 natura
2539 4625 2624 4671 est
2650 4633 2664 4668 :
2711 4615 2808 4670 sed
2843 4615 2895 4670 id
2929 4615 3204 4676 novimus,
3240 4611 3388 4682 quod

1811 4723 2010 4778 corpus
2043 4723 2156 4762 non
2187 4709 2420 4775 habeat;
2455 4707 2537 4763 sic
2565 4716 2620 4763 et
2648 4707 2920 4762 mendacii
2940 4721 3137 4776 expers
3170 4719 3389 4774 perma-

1811 4807 1923 4861 net.
1958 4815 2061 4855 nec
2095 4800 2202 4855 hoc
2229 4801 2411 4870 ipsum
2453 4807 2540 4854 est
2567 4799 2688 4870 ejus
2721 4809 2958 4854 natura:
3013 4798 3266 4852 novimus
3299 4804 3386 4850 ta-

129 4900 232 4952 μου
258 4881 357 4934 οὐκ
383 4883 653 4956 ἐγνώρισα
678 4889 880 4952 αὐτοῖς·
916 4910 936 4942 ι
966 4891 1244 4959 φαίνονται
1270 4893 1378 4964 γὰρ
1408 4892 1608 4956 εἰδότες
1637 4893 1703 4947 τὰ

1815 4907 1934 4946 men
1993 4893 2136 4962 quod
2187 4909 2296 4947 non
2344 4893 2684 4948 mentiatur:
2726 4891 2851 4962 quis
2883 4891 3029 4946 enim
3062 4889 3136 4943 sit
3188 4901 3389 4942 secun-

130 4975 517 5046 προειρημένα.
587 4979 724 5032 Ἀλλ’
753 4979 988 5053 ἀψευδής
1017 4985 1153 5047 ἐστι,
1186 4981 1281 5037 καὶ
1309 4985 1371 5037 οὐ
1414 4983 1666 5053 ψεύδεται
1685 5004 1698 5014 ο

127 5066 226 5118 οὐκ
251 5066 356 5133 ἄρα
382 5067 695 5139 ἀπεκάλυψε
722 5073 784 5124 τὸ
802 5071 972 5143 ὄνομα
996 5074 1094 5144 τῆς
1117 5075 1280 5127 αὐτοῦ
1313 5076 1546 5141 φύσεως.
1580 5077 1704 5140 Πῶς

126 5153 220 5209 οὖν
247 5157 424 5224 λέγεις
451 5161 512 5211 τὸ
535 5161 863 5233 ἁγέννητον;
899 5167 961 5218 Ei
988 5166 1044 5219 δὲ
1069 5167 1129 5219 τὸ
1155 5167 1325 5239 ὄνομα
1359 5169 1459 5220 οὐκ
1491 5169 1703 5224 ἀπεκά-

125 5248 282 5319 λυψε,
307 5251 488 5322 πολλῴ
519 5253 676 5306 πλέον
705 5255 802 5326 τὴν
833 5257 1016 5324 φύσιν.

1810 4983 1939 5038 dum
1969 4992 2244 5046 naturam,
2269 4998 2378 5039 non
2407 4983 2693 5040 revelavit.
2716 4982 2774 5039 Si
2799 4984 2946 5037 enim
2975 4996 3061 5044 ea,
3086 4981 3154 5036 de
3181 4979 3389 5049 quibus

1810 5077 1974 5131 modo
1998 5076 2204 5130 dictum
2232 5088 2338 5140 est,
2367 5085 2496 5131 sunt
2527 5077 2644 5145 ipsa
2675 5087 2894 5142 natura,
2941 5061 3390 5129 sane’mentitus

1811 5177 1898 5226 est
1937 5187 2062 5225 cum
2109 5171 2248 5226 dixit
2282 5189 2297 5224 :
2340 5191 2360 5224 ι
2397 5173 2634 5242 Apparui
2678 5169 2952 5224 Abraham
2973 5207 2996 5231 ,τ
3029 5167 3182 5223 Isaac
3211 5173 3266 5220 et
3297 5163 3391 5218 Ja-

1811 5263 1915 5318 cob
1943 5263 2191 5332 patribus
2223 5264 2443 5328 vestris,
2475 5272 2738 5334 tanquam
2768 5261 2910 5316 Deus
2957 5274 3169 5322 eorum,
3202 5263 3257 5310 et
3283 5267 3389 5308 no-

126 5355 253 5395 men
301 5356 482 5396 meum
533 5360 645 5400 non
688 5348 920 5402 revelavi
967 5350 1087 5405 eis:
1137 5370 1157 5402 ι
1193 5351 1449 5407 videntur
1483 5351 1630 5407 enim
1663 5352 1700 5406 ii
1739 5353 1971 5408 scivisse
2001 5369 2066 5409 ea
2110 5369 2232 5424 qua:
2268 5361 2394 5408 ante
2421 5353 2571 5410 dicta
2637 5359 2785 5408 sunt.
2833 5350 2939 5407 Sed
2986 5348 3263 5410 mendacii
3286 5363 3388 5401 ex-

130 5453 253 5508 pers
279 5447 383 5496 est.
414 5454 517 5494 nec
549 5443 768 5496 mentiri
801 5453 981 5513 potest
1011 5467 1022 5501 :
1057 5461 1168 5501 non
1199 5447 1365 5517 igitur
1400 5464 1513 5504 suae
1559 5435 1734 5518 ipsius
1771 5461 1980 5506 natura:
2011 5467 2208 5506 nomen
2245 5451 2524 5506 revelavit.
2593 5448 2881 5515 Quomodo
2937 5461 3068 5518 ergo
3123 5452 3183 5500 tu
3245 5440 3394 5502 dicis

130 5545 238 5588 non
267 5531 547 5600 genitum?
579 5532 636 5588 Si
663 5544 844 5592 autem
875 5555 1096 5595 .nomen
1127 5557 1287 5597 suum
1338 5558 1448 5597 non
1493 5543 1772 5609 revelavit,
1795 5547 1967 5602 multo
2004 5548 2176 5620 magis
2206 5558 2454 5603 naturam
2487 5561 2596 5601 non
2624 5545 2899 5601 revelavit.

211 5713 251 5746 "
287 5713 454 5770 Exod.
493 5733 579 5781 vr,
615 5717 684 5783 2,
721 5721 773 5774 5.
