3862 6204
446 271 588 333 “95
1604 272 1664 331 s.
1698 270 2162 341 ATHANASIUS.
2203 266 2274 313 '—
2311 272 2583 332 SPURIA.
3578 281 3723 333 λινε

443 401 575 441 vero
601 370 913 442 secundum.
933 392 986 441 te
1010 401 1118 440 non
1154 392 1237 441 est
1260 400 1371 441 non
1405 386 1622 457 genitus
1656 407 1669 442 :
1706 403 1817 443 non
1858 388 2022 459 igitur
2052 386 2191 442 idem
2212 386 2544 457 signiﬁcabit
2564 385 2849 442 mendacio
2905 400 3101 441 vacare
3142 394 3199 443 et
3232 387 3719 459 incorruptibilem

442 492 615 535 es:e:
657 476 755 534 sed
804 492 914 533 non
972 478 1217 549 genitum
1259 478 1497 532 dicimus
1545 476 1859 549 signiﬁcare
1905 478 2048 533 idem
2095 493 2159 532 ac
2211 476 2379 533 Deum
2422 493 2533 531 non
2582 492 2706 532 esse
2749 476 3034 547 genitum,
3096 478 3525 550 incorruptibile
3586 497 3718 539 vero

443 570 497 626 id
520 585 588 625 -m
620 584 687 626 ac
718 584 829 626 non
860 571 1162 641 corrumpi,
1198 579 1254 625 et
1276 570 1543 625 mendacii
1568 577 1847 640 expertem
1869 586 1996 627 esse
2025 570 2170 626 idem
2209 570 2355 639 quod
2388 587 2499 624 non
2526 572 2770 626 mentiri.

513 662 603 718 25.
644 663 833 717 Anam.
870 660 928 717 Si
959 662 1164 717 nudum
1196 677 1391 718 nomen
1421 669 1508 718 est
1548 662 1683 717 illud
1715 678 1825 717 non
1863 662 2002 734 geni‘

2187 663 2277 717 25.
2296 663 2491 731 Ἀνόμ.
2522 665 2584 716 Ei
2616 664 2769 734 ψιλὸν
2792 665 2965 737 ὄνομά
3003 666 3153 719 ἐστιν
3183 666 3276 719 ἐπὶ
3301 664 3439 719 Θεοῦ
3465 666 3530 719 τὸ
3554 666 3718 735 ἀγέν-

441 766 557 809 tum
589 754 657 809 de
694 753 803 809 Deo
831 754 1039 810 dictum
1072 771 1088 808 :
1129 754 1277 810 nuda
1330 764 1514 811 autem
1563 770 1669 810 vox
1699 755 2002 827 hypostasii

2124 774 2303 827 νητον·
2330 759 2363 828 ἡ
2389 757 2446 810 δὲ
2460 756 2589 829 ψιλὴ
2619 760 2870 831 προφορὰ
2887 759 2986 831 τὴν
3008 759 3305 812 ὑπόστασιν
3329 757 3555 829 ἐπαίρει
3578 759 3721 812 κατὰ

438 846 652 901 extollit
700 859 868 916 supra
914 848 1099 903 omnia
1143 849 1365 919 genita:
1402 847 1723 904 honoratior
1751 863 1882 920 ergo
1932 859 2002 904 es:

2123 845 2341 900 πάντων
2368 846 2478 900 τῶν
2499 847 2792 918 γεννητῶν·
2819 847 3145 919 τιμιώτερόν
3172 849 3323 901 ἐστιν
3344 849 3380 919 ἡ
3406 847 3721 921 ἀνθρώπιον

441 939 732 995 hominum
778 940 1035 1011 prolatio,
1065 956 1228 1011 quam
1259 939 1662 1011 Omnipotentis
1690 949 1907 1007 natura,
1939 950 2002 995 ut

2124 936 2402 1008 προφορά,
2436 936 2536 1008 τῆς
2561 936 2653 990 τοῦ
2683 938 3125 1010 Παντοκράτορος
3159 937 3373 1007 φύσεως
3394 936 3510 1010 (86)
3545 939 3721 1007 ἀσυγ-

439 1039 565 1099 pote
590 1044 712 1100 quae
755 1029 925 1086 Deum
967 1032 1393 1101 omnipotentem
1428 1031 1843 1103 incomparabili
1876 1031 2002 1087 emi-

2122 1028 2290 1100 κρίτῳ
2307 1029 2547 1101 ὑπεροχῇ
2571 1030 2957 1085 καλλωπίσασα
2984 1032 3077 1085 τὸν
3104 1031 3238 1086 Θεὸν
3270 1030 3363 1085 τὸν
3393 1033 3719 1104 παντοκρά-

443 1123 632 1177 nentia
658 1122 1065 1180 condecoravit.
1100 1121 1253 1179 Orth.
1305 1122 1415 1180 Nec
1443 1125 1642 1179 nudam
1681 1139 1870 1180 vocem
1898 1140 2002 1180 esse

2117 1140 2269 1195 τορα.
2290 1125 2440 1192 Ὀρθ.
2471 1124 2609 1177 Οὔτε
2635 1124 2795 1197 ψιλὴν
2825 1124 3109 1197 προφορὰν
3139 1125 3201 1178 τὸ
3220 1125 3520 1196 ἀγέννητον
3559 1126 3719 1194 λέγο-

445 1212 684 1268 dicimus
739 1227 851 1268 non
902 1214 1144 1284 genitum
1165 1254 1181 1280 ,
1212 1230 1312 1269 nec
1340 1216 1506 1270 etiam
1537 1215 1922 1271 substantiam.
1959 1214 1997 1269 S

2121 1233 2240 1286 μεν,
2270 1215 2392 1269 οὔτε
2420 1216 2627 1272 ούσίαν.
2652 1219 2714 1272 Et
2735 1217 2919 1290 γὰρτὸ
2947 1217 3243 1288 ἀγέννητον
3261 1215 3373 1287 (87)
3404 1217 3599 1281 οὐσία,
3625 1219 3721 1271 καὶ

442 1304 587 1358 εηίω
613 1319 720 1359 non
743 1305 985 1377 genitum
1010 1306 1317 1361 substantia
1345 1314 1523 1372 esset,
1580 1306 1742 1363 etiam
1776 1308 2002 1379 genitum

2115 1307 2178 1359 τὸ
2210 1309 2465 1380 γεννητὸν
2503 1310 2681 1365 οὐσία.
2717 1311 2785 1363 Εἰ
2817 1311 2876 1364 δὲ
2904 1310 2965 1364 τὸ
3011 1310 3267 1382 γεννητὸν
3301 1310 3463 1363 οὐσία
3486 1350 3503 1374 ,
3532 1311 3723 1364 πάντα

443 1396 746 1450 substantia
766 1391 932 1452 foret.
956 1395 1014 1451 Si
1036 1413 1164 1453 vero
1185 1399 1424 1470 genitum
1449 1399 1755 1454 substantia
1774 1408 1878 1462 est,
1904 1415 2002 1454 oms

2115 1401 2184 1454 τά
2217 1400 2452 1473 γεννητά
2481 1401 2762 1472 ὁμοούσια·
2789 1403 2890 1455 οὐκ
2924 1401 3033 1474 ἄρα
3062 1403 3125 1455 τὸ
3148 1402 3404 1473 γεννητὸν
3425 1402 3616 1455 οὑσία.
3655 1404 3720 1456 Ei

446 1487 534 1538 nia
558 1485 738 1555 genita
761 1495 923 1542 erunt
954 1488 1480 1544 consubstantialia:
1530 1490 1579 1545 si
1608 1505 1738 1545 vero
1771 1490 2002 1561 genitum

2112 1493 2170 1547 δὲ
2193 1494 2293 1548 οὑκ
2321 1495 2479 1548 οὑσία
2508 1495 2570 1548 τὸ
2604 1496 2882 1567 γεννητὸν,
2916 1493 3042 1548 οὗτε
3078 1495 3139 1549 τὸ
3183 1494 3482 1567 ἀγέννητον
3529 1496 3716 1551 οὐσία.

436 1576 742 1631 substantia
792 1593 901 1632 non
930 1586 1048 1644 est,
1098 1580 1263 1634 etiam
1307 1597 1418 1636 non
1472 1582 1715 1652 genitum
1775 1583 2002 1638 essentia

2114 1587 2228 1641 Οὐκ
2276 1586 2391 1641 ἔστι
2429 1587 2487 1641 δὲ
2518 1588 2650 1659 ψιλὴ
2704 1587 2955 1660 προφορά
2986 1588 3046 1641 τὸ
3077 1589 3400 1659 ἀγέννητον·
3449 1590 3720 1661 σημαίνει

435 1683 543 1723 non
563 1676 671 1725 est.
699 1668 818 1725 Non
838 1677 923 1726 est
944 1679 1123 1726 autem
1153 1672 1299 1725 nuda
1340 1687 1446 1727 vox
1476 1688 1586 1727 non
1620 1674 1897 1743 genitum;
1930 1675 2002 1729 si-

2111 1678 2221 1752 γάρ
2246 1679 2307 1733 τὸ
2331 1681 2406 1752 μὴ
2425 1681 2785 1751 γεγεννῆσθαι
2808 1680 2898 1737 τὸν
2920 1680 3073 1743 Θεὸν,
3103 1680 3178 1744 ὡς
3207 1681 3268 1733 τὸ
3290 1680 3525 1750 ἀψευδὲς
3546 1682 3617 1735 τὸ
3640 1683 3719 1754 μὴ

432 1759 657 1829 gniﬁcat
684 1761 830 1815 enim
850 1759 1020 1817 Deum
1051 1761 1295 1832 genitum
1329 1777 1439 1817 non
1469 1778 1615 1827 esse,
1647 1764 1794 1819 sicut
1824 1764 1887 1817 τὸ
1916 1779 2002 1818 ex-

2108 1769 2528 1841 ψεύδεσθαι,καὶ
2552 1771 2613 1825 τὸ
2643 1771 2917 1843 ἄφθαρτον
2939 1772 3001 1825 τὸ
3029 1772 3105 1845 μὴ
3131 1771 3475 1846 φθείρεσθαι.
3504 1774 3714 1843 Ἀνόμ.

434 1865 560 1921 pers
596 1849 866 1906 mendacii
892 1852 1161 1923 signiﬁcat
1189 1868 1299 1908 non
1330 1855 1569 1923 mentiri,
1599 1863 1654 1910 et
1673 1856 2002 1927 incorrupti-

2107 1865 2172 1918 Εί
2205 1866 2366 1919 παντὶ
2390 1865 2630 1937 γεννητῷ
2654 1867 2802 1920 αἰτία
2839 1865 3283 1938 συγκεκλήρωτο,
3313 1867 3565 1931 ἀναίτιος
3595 1867 3656 1921 δὲ
3678 1869 3715 1938 ἢ

432 1941 543 1996 bile
565 1941 838 2011 signiﬁcat
857 1957 967 1997 non
993 1945 1291 2014 corrumpi.
1346 1949 1539 2000 Anam.
1584 1944 1644 2000 Si
1666 1962 1828 2002 omne
1855 1948 2002 2018 geni-

2108 1953 2400 2025 ἀγέννητος
2429 1955 2590 2024 φύσις
2607 1971 2621 1985 ·
2654 1956 2755 2008 οὑκ
2781 1956 2961 2010 αἰτίαν
2992 1955 3142 2026 δηλοῖ
3160 1956 3221 2009 τὸ
3243 1957 3573 2029 ἀγέννητον,
3596 1958 3714 2011 ἀλλ’

432 2040 548 2084 tum
577 2045 797 2087 causam
824 2031 1080 2087 sortitum
1100 2040 1205 2099 est,
1230 2042 1283 2090 et
1314 2043 1511 2090 natura
1547 2051 1658 2090 non
1680 2017 2002 2107 genitaisine

2108 2017 2306 2101 οὑσίαν.
2330 2017 2607 2118 σημαίνει.
2640 2048 2798 2116 Ὀρθ.
2825 2049 2889 2101 Ei
2919 2017 3106 2101 οὑσίαν
3141 2017 3395 2119 σημαίνει
3430 2017 3499 2102 τὸ
3542 2017 3716 2118 ἀγέν-

433 2138 599 2179 causa
619 2132 724 2186 est,
756 2139 868 2178 non
892 2124 1077 2195 utique
1107 2140 1331 2182 causam
1356 2126 1578 2181 denotat
1602 2143 1710 2182 non
1740 2128 2006 2198 genitum,

433 2213 529 2269 sed
558 2214 830 2286 signiﬁcat
859 2216 1246 2272 substantiam.
1300 2217 1455 2274 Orth.
1525 2219 1585 2273 Si
1641 2219 2008 2276 substantiam

433 2307 703 2377 signiﬁcat
745 2324 853 2363 non
896 2309 1161 2379 genitum,
1185 2319 1240 2367 et
1273 2312 1638 2367 substantiam
1673 2327 1893 2384 quoque
1916 2328 2009 2384 ge-

431 2400 606 2452 nitum
632 2438 647 2464 ,
688 2400 997 2456 substantia
1024 2416 1155 2457 vero
1188 2417 1220 2455 a
1263 2403 1573 2460 substantia
1622 2404 1760 2458 nihil
1799 2403 2004 2470 diﬂ‘ert,

431 2501 700 2563 quatenus
728 2495 1035 2548 substantia
1062 2504 1185 2560 est,
1237 2510 1369 2551 sane
1394 2496 1531 2550 nihil
1561 2496 1743 2552 diﬁ‘ert
1773 2511 1884 2551 non
1911 2513 2007 2568 ge-

431 2591 605 2645 nitum
632 2605 663 2644 a
682 2591 882 2661 genito.
917 2592 1108 2645 Anam.
1149 2589 1208 2645 In
1228 2593 1412 2663 genito
1438 2592 1661 2662 quidem
1692 2592 2005 2649 substantia

428 2681 596 2756 438
641 2696 719 2744 σε,
741 2682 904 2736 habet
959 2684 1134 2737 instar
1161 2698 1382 2740 causa):
1414 2684 1511 2739 sed
1543 2684 1855 2756 hypostasis
1894 2701 2007 2741 non

429 2773 596 2844 geniti
624 2781 818 2828 contra
840 2787 1058 2829 omnem
1099 2789 1324 2828 causam
1368 2775 1619 2832 obtinens
1651 2776 2006 2832 immutabili-

428 2874 620 2930 tatcm,
644 2867 763 2936 ipsa
790 2868 1030 2922 essentia
1051 2875 1135 2923 est
1156 2869 1621 2939 incomparabilis,
1650 2885 1760 2925 non
1792 2872 2005 2925 extrin-
2038 2936 2041 2943 ι

430 2975 590 3015 secus
623 2967 1023 3030 repraesentans
1074 2960 1661 3031 incomparabilitatem
1682 3003 1697 3027 ,
1749 2962 1845 3018 sed
1880 2979 2009 3033 pro-

429 3058 551 3122 pter
577 3053 680 3108 hoc
702 3053 882 3123 ipsum
896 3053 1167 3109 exsistens
1190 3053 1638 3123 incomparabilis
1664 3062 1828 3125 atque
1852 3055 2004 3109 inac-

430 3159 607 3210 cessa,
638 3145 767 3216 quia
802 3160 912 3199 non
961 3147 1143 3215 genita
1184 3153 1287 3200 est.
1318 3144 1475 3200 Ortli.
1517 3145 1575 3199 Si
1614 3154 1838 3216 propter
1891 3163 2003 3202 non

429 3236 601 3306 geniti
633 3235 1132 3290 denominationem
1164 3237 1644 3307 incomparabilem
1675 3249 1731 3292 et
1752 3237 2003 3294 inacces-

431 3343 548 3383 sam
584 3326 724 3383 dicis
747 3327 1106 3383 substantiam
1141 3326 1270 3394 Dei,
1318 3340 1431 3384 tum
1467 3328 1656 3397 Filius,
1688 3330 1782 3400 qui
1811 3346 2005 3386 secunc
2033 3369 2074 3427 Ο

429 3420 559 3475 dum
581 3428 633 3475 te
660 3436 771 3475 non
803 3427 889 3476 est
917 3435 1028 3475 non
1056 3422 1296 3491 genitus,
1328 3422 1491 3476 etiam
1521 3438 1631 3478 non
1668 3425 1773 3477 erit
1801 3424 2005 3479 incom-

429 3513 692 3585 parabilis
718 3528 818 3568 nec
851 3513 1211 3568 inacccssus:
1244 3528 1352 3567 non
1386 3521 1470 3569 est
1497 3529 1629 3583 ergo
1661 3515 2003 3586 incompara-

2109 2156 2289 2210 νητον,
2324 2139 2420 2192 καὶ⁵
2447 2140 2637 2193 οὑσίαν
2674 2140 2735 2193 τὸ
2755 2140 3033 2211 γεννητὸν,
3064 2141 3224 2195 οὐσία
3253 2141 3311 2194 δὲ
3335 2141 3531 2207 οὐσίας
3556 2143 3716 2196 οὐδὲν

2106 2231 2372 2303 διαφέρει,
2467 2231 2623 2284 οὑσία
2656 2233 2802 2285 ἐστίν
2821 2248 2832 2260 ·
2868 2233 3020 2287 οὐδὲν
3044 2232 3156 2304 ἄρα
3176 2232 3421 2307 διαφέρει
3444 2234 3510 2287 τὸ
3548 2236 3718 2303 ἀγέν-

2106 2341 2264 2396 νητον
2325 2324 2419 2378 τοῦ
2467 2324 2750 2395 γεννητοῦ.
2808 2327 3008 2395 Ἀνόμ.
3055 2325 3180 2380 Ἐπὶ
3221 2326 3314 2380 τοῦ
3355 2329 3714 2400 γεννήματος

2105 2415 2262 2469 οὐσία
2304 2416 2724 2487 συνεμφαίνεται
2781 2416 2857 2480 ὡς
2917 2417 3100 2470 αίτία·
3132 2418 3166 2488 ἡ
3192 2418 3249 2470 δὲ
3281 2416 3375 2470 τοῦ
3402 2418 3712 2490 ἀγεννήτοὺ

2107 2509 2425 2573 ὑπόστασις,
2454 2509 2598 2563 κατά
2614 2510 2796 2580 πάσης
2816 2509 2993 2573 αἰτίας
3025 2510 3085 2562 τὸ
3100 2510 3522 2581 ἀπαράλλακτον
3553 2512 3712 2583 ἕχον-

2106 2616 2196 2664 σα,
2214 2601 2504 2655 αὑτοουσία
2519 2602 2663 2655 ἐστὶν
2678 2601 3021 2673 ἀσύγκριτος,
3036 2603 3136 2655 οὐκ
3151 2602 3346 2668 ἔξωθεν
3362 2604 3711 2674 ἐμφαίνουσα

2103 2691 2167 2745 τὸ
2215 2691 2563 2764 ἀσύγκριτον,
2616 2693 2749 2747 αὐτὸ
2786 2694 2845 2745 δὲ
2893 2694 3215 2763 ὑπάρχουσα
3241 2693 3582 2764 ἀσύγκριτος
3613 2697 3710 2749 καὶ

2105 2783 2417 2854 ἀπρόσιτος,
2460 2784 2647 2855 ἐπειδὴ
2694 2785 3006 2857 ἀγέννητος.
3059 2786 3215 2853 Ὄρθ.
3253 2786 3315 2838 Εἰ
3347 2786 3436 2840 διὰ
3474 2787 3578 2859 τὴν
3613 2788 3706 2841 τοῦ

2105 2876 2400 2948 ἀγεννὴτου
2450 2876 2822 2948 προσηγορίαν
2862 2874 3194 2946 ἀσύγκριτον
3234 2875 3416 2941 λέγεις
3460 2880 3566 2948 τὴν
3611 2878 3706 2931 τοῦ

2104 2967 2239 3021 Θεοῦ
2274 2967 2460 3022 οὑσίαν
2507 2969 2602 3022 καὶ
2637 2969 2953 3039 ἀπρόσιτον,
2991 2969 3021 3021 6
3056 2967 3204 3032 Υἱὸς,
3238 2968 3379 3020 κατά
3418 2968 3483 3022 σὲ
3521 2971 3602 3040 μὴ
3630 2968 3707 3023 ῶν

2104 3060 2418 3130 ἀγέννητος,
2437 3059 2561 3113 οὔτε
2585 3061 2937 3132 ἀσύγκριτος,
2960 3059 3085 3114 οὔτε
3113 3061 3437 3130 ἀπρόσιτος·
3464 3062 3571 3115 οὑκ
3596 3063 3708 3132 ἄρα

2104 3150 2194 3203 διὰ
2211 3152 2270 3204 τὸ
2292 3151 2585 3222 ἀγέννητον
2608 3152 2957 3224 ἀσύγκριτος.
2971 3151 3096 3216 Πῶς
3116 3152 3175 3205 δὲ
3200 3151 3533 3223 ἀσύγκριτός
3551 3154 3707 3204 ἐστιν

2104 3244 2132 3297 6
2173 3245 2361 3316 Πατὴρ
2398 3244 2477 3316 τῷ
2513 3244 2745 3314 λέγοντι·
2781 3246 3026 3315 «Ὥσπερ
3052 3246 3081 3297 6
3114 3244 3305 3315 Πατὴρ
3332 3243 3539 3314 ἐγείρει
3573 3246 3706 3307 τοὺς

2107 3339 2332 3408 νεκροὺς
2364 3339 2460 3391 καὶ
2497 3336 2771 3402 ζωοποιεῖ,
2810 3335 2981 3400 οὑτως
3012 3336 3107 3389 καὶ
3149 3338 3179 3388 6
3210 3336 3359 3400 Υἱὸς,
3403 3335 3503 3399 οὓς
3530 3335 3700 3400 θέλει,

2109 3429 2390 3493 ζωοποιεί;
2427 3448 2445 3480 ι
2467 3429 2500 3500 ἢ
2525 3428 2641 3493 πῶς
2655 3428 2984 3498 ἀσύγκριτος
3001 3427 3079 3497 τῷ
3095 3426 3357 3496 λέγοντι-ι
3377 3427 3565 3479 Πάντα
3587 3426 3703 3498 γὰρ

2106 3521 2204 3573 ὅσα
2226 3520 2290 3573 ἂν
2313 3522 2438 3591 ποιῇ
2462 3522 2489 3571 6
2514 3519 2725 3590 Πατὴρ,
2742 3518 2917 3570 ταῦτα
2937 3518 3032 3571 καὶ
3046 3520 3074 3570 ὀ
3094 3518 3223 3580 Υἱὸς
3242 3516 3445 3587 ὁμοίως
3466 3519 3617 3569 ποιεῖ
3635 3532 3650 3579 ;
3672 3535 3693 3566 ι

428 3604 555 3660 bilis
585 3605 731 3675 quod
752 3605 823 3661 sit
850 3621 960 3660 non
998 3605 1233 3676 genitus.
1262 3605 1549 3671 Quomodo
1576 3614 1759 3661 autem
1791 3607 2002 3663 incom-

2105 3611 2137 3683 ἢ
2175 3610 2291 3673 πῶς
2316 3610 2645 3681 ἀσύγκριτος
2673 3607 2753 3678 τῷ
2777 3606 3017 3677 λέγοντι·
3055 3625 3075 3658 ‹
3117 3607 3323 3670 Πάντα,
3355 3606 3458 3658 ὃσα
3506 3605 3623 3676 ἔχει
3668 3608 3700 3659 6

428 3695 690 3767 parabilis
702 3703 786 3751 est
808 3695 967 3750 Pater
986 3698 1037 3751 ei
1071 3697 1161 3765 qui
1189 3696 1355 3751 dicit:
1386 3715 1403 3747 ι
1435 3694 1761 3753 Sicutl’ater
1773 3699 2002 3755 suscitat

2105 3702 2317 3774 Πατὴρ,
2346 3701 2457 3772 ἐμά
2481 3703 2664 3767 estw;
2693 3720 2711 3751 ι
2734 3701 2826 3753 καὶ
2853 3700 2912 3752 ὲν
2942 3697 3141 3762 ἄλλοις·
3178 3717 3197 3749 ‹
3226 3697 3307 3750 Τά
3337 3696 3451 3768 ἐμά
3477 3697 3566 3761 σὰ,
3602 3699 3699 3751 καὶ

428 3793 677 3842 mortuos
704 3797 758 3843 et
786 3787 1046 3851 viviﬁcat,
1070 3788 1143 3842 ita
1175 3788 1338 3842 etiam
1368 3785 1564 3855 Filius,
1588 3805 1727 3860 quos
1752 3792 1885 3855 vult,
1921 3792 2002 3845 vi-

2105 3792 2171 3845 τὰ
2199 3791 2269 3844 σά
2288 3791 2430 3862 ἐμάς
2464 3809 2483 3842 ι
2509 3791 2619 3845 Καὶ
2649 3789 2768 3853 πῶς
2796 3788 3128 3860 ἀσύγκριτος
3159 3787 3239 3859 τῷ
3262 3787 3498 3856 λέγοντι·
3528 3806 3547 3839 ι
3579 3788 3698 3842 Ἵνα

427 3879 612 3934 viﬁcat
636 3881 720 3934 ιη
753 3901 772 3932 ο
803 3882 1080 3951 quomodo
1124 3895 1289 3950 porro
1333 3881 1781 3952 incomparabilis
1811 3884 1859 3939 ei
1904 3886 1999 3955 qui

2105 3883 2303 3955 τιμῶσι
2332 3882 2425 3935 τὸν
2448 3882 2597 3948 Υἱὸν,
2631 3880 2815 3944 καθὼς
2834 3880 3034 3952 τιμῶσι
3060 3880 3151 3934 τὸν
3184 3879 3440 3950 Πατέρα;
3477 3899 3495 3931 ι

427 3960 597 4032 dicit:
624 3997 644 4030 ι
679 3977 873 4033 Omnia
906 3978 1049 4033 enim
1075 3992 1414 4048 quaecunque
1452 3976 1582 4031 facit
1619 3977 1814 4046 Pater,
1853 3980 1967 4035 hate
1997 3980 2161 4037 etiam
2178 3979 2349 4035 Filius
2375 3977 2629 4033 similiter
2653 3976 2911 4031 facit‘3?»
2934 3975 3209 4045 quomodo
3231 3974 3396 4029 etiam
3419 3974 3699 4044 incompa-

425 4070 617 4126 rabilis
649 4079 734 4127 est
758 4071 809 4125 ei
839 4071 931 4140 qui
951 4069 1119 4124 dicit:
1158 4087 1177 4121 ι
1207 4067 1423 4133 Omnia,
1459 4085 1580 4141 quae
1611 4071 1775 4126 habet
1806 4069 1989 4136 Pater,
2040 4087 2162 4127 mea
2197 4077 2324 4126 sunt
2351 4069 2439 4121 διε
2489 4087 2508 4121 ι
2542 4075 2598 4123 et
2641 4067 2811 4121 alibi:
2846 4084 2865 4117 ι
2907 4065 3022 4120 Mea
3061 4073 3152 4120 tua
3194 4072 3345 4129 sunt,
3377 4072 3433 4119 et
3459 4072 3553 4118 tua
3571 4079 3699 4119 mea

426 4172 555 4219 sunt
575 4163 660 4216 ‘5?
688 4184 707 4217 ι
730 4162 965 4235 denique
994 4161 1271 4234 quomodo
1306 4161 1749 4232 incomparabilis
1784 4163 1833 4217 ei
1862 4164 1955 4232 qui
1977 4162 2148 4217 dicit:
2179 4179 2198 4212 ι
2228 4159 2298 4215 Ut
2324 4161 2591 4214 honorent
2614 4158 2833 4223 Filium,
2857 4158 2998 4213 sicut
3013 4156 3285 4212 honorant
3308 4154 3526 4211 Patrem
3551 4155 3642 4210 “2
3669 4175 3693 4207 ι

491 4252 586 4309 26.
627 4254 816 4308 Anam.
856 4253 917 4308 Si
955 4268 1169 4308 omnem
1210 4254 1427 4308 excedit
1459 4254 1711 4308 naturam
1753 4256 2000 4325 omnipo-

425 4355 547 4404 tens
564 4347 653 4402 ille
670 4346 833 4413 Deus,
857 4347 1069 4402 excedit
1090 4361 1221 4400 sane
1243 4360 1308 4400 eo
1331 4345 1476 4414 quod
1504 4353 1589 4401 est
1612 4361 1721 4400 non
1748 4347 1997 4417 genitus:

424 4440 570 4510 quod
599 4449 683 4494 est
710 4453 877 4493 causa
904 4438 1047 4508 ejus,
1080 4453 1243 4508 quam
1268 4439 1450 4508 genita
1485 4438 1710 4502 habent,
1731 4438 2000 4507 perdura-

425 4533 614 4587 tionis.
648 4529 706 4584 Si
736 4546 868 4585 vero
895 4546 1003 4585 non
1036 4531 1280 4601 genitum
1319 4545 1432 4584 non
1480 4530 1705 4584 denotat
1749 4545 1999 4596 causam,

425 4624 698 4679 undenam
729 4637 858 4693 ergo
881 4630 1075 4675 natura
1116 4637 1298 4678 rerum
1322 4622 1627 4693 genitarum
1662 4621 1747 4676 sui
1775 4636 2003 4676 conser-

422 4716 696 4773 vationem
723 4714 981 4769 habebit?
1004 4713 1159 4768 Orth.
1193 4712 1625 4782 SiOmnipotens
1648 4713 1739 4767 ille
1769 4718 1995 4781 superat

420 4820 638 4862 omnem
686 4812 939 4860 naturam
977 4814 1197 4875 propter
1223 4805 1285 4858 τὸ
1318 4821 1427 4860 non
1468 4805 1739 4875 genitum,
1786 4803 1996 4869 Filius,

421 4898 517 4967 qui
559 4898 860 4953 secundum
887 4905 942 4952 te
969 4912 1077 4951 non
1102 4905 1186 4951 est
1208 4912 1316 4950 non
1352 4899 1569 4968 genitus
1589 4937 1604 4958 ,
1640 4912 1748 4950 non
1776 4897 2002 4951 excedet

421 5004 639 5044 omnem
662 4999 935 5045 naturam.
962 4987 1117 5044 Unde
1141 5003 1251 5042 non
1269 5004 1333 5044 eo
1351 4989 1495 5059 quod
1518 5004 1626 5043 non
1655 4989 1874 5060 genitus
1889 4996 1996 5051 est,

420 5081 634 5136 excedit
653 5079 829 5136 'Pater
874 5096 1094 5136 omnem
1145 5078 1432 5145 naturam,
1486 5081 1582 5137 sed
1628 5097 1735 5151 qua
1785 5080 1999 5136 ratione

420 5172 582 5228 Pater
627 5173 840 5230 excedit
914 5188 1131 5229 omnem
1204 5184 1492 5238 naturam,
1543 5176 1734 5229 eadem
1786 5174 2000 5228 ratione

418 5265 585 5321 etiam
610 5263 780 5320 Filius
803 5265 1016 5321 excedit
1044 5261 1263 5320 omnem
1316 5272 1589 5319 naturam.
1632 5264 1860 5320 Excedit
1898 5281 1996 5319 au-

420 5370 526 5414 tem
560 5358 719 5415 Pater
748 5366 946 5414 natura
974 5373 1088 5414 sua:
1107 5357 1326 5414 deitatis
1354 5377 1369 5412 :
1400 5358 1593 5414 eadem
1615 5365 1670 5413 et
1701 5356 1872 5413 Filius
1897 5373 1994 5413 ex-

2174 4253 2263 4308 26.
2291 4254 2479 4322 Ἀνόμ.
2501 4254 2562 4305 Εί
2591 4252 2846 4322 ὑπερέχει
2875 4250 3055 4321 πάσης
3076 4248 3289 4319 φύσεως
3316 4251 3345 4302 6
3374 4250 3698 4322 Παντοκρά-

2104 4361 2238 4416 τωρ,
2277 4344 2365 4397 διὰ
2407 4344 2468 4396 τὸ
2508 4343 2805 4412 ἀγέννητον
2835 4341 3123 4413 ὑπερέχει·
3155 4341 3291 4413 ὅπερ
3326 4341 3476 4395 ἐστὶν
3520 4343 3698 4395 αἰτιον

2099 4441 2213 4500 τοῖς
2252 4439 2526 4507 γεννητοῖς
2580 4438 2660 4499 εἰς
2706 4434 2986 4505 διαμονήν.
3021 4435 3085 4487 Εἰ
3114 4433 3173 4487 δὲ
3218 4434 3292 4504 μή
3329 4434 3479 4487 ἐστιν
3509 4436 3697 4499 αἰτίας

2099 4528 2393 4600 δηλωτικὸν
2437 4527 2499 4579 τὸ
2534 4518 2858 4596 ἀγέννητον,
2893 4524 3057 4579 πόθεν
3090 4524 3156 4577 ἂν
3190 4527 3224 4594 ἡ
3260 4524 3368 4577 τῶν
3410 4525 3697 4596 γεννητῶν

2104 4619 2264 4688 φύσις
2287 4617 2395 4685 έξει
2418 4618 2479 4672 τὸ
2507 4616 2896 4683 διασώζεσθαι;
2918 4615 3073 4684 Ὀρθ.
3113 4615 3178 4668 Εἰ
3203 4615 3291 4669 διὰ
3318 4614 3481 4668 τοῦτο
3518 4618 3699 4688 ὑπερ-

2102 4710 2214 4781 έχει
2243 4711 2420 4781 πάσης
2447 4710 2662 4781 φύσεως
2680 4712 2708 4762 6
2737 4709 3157 4781 Παντοκράτωρ,
3174 4708 3263 4761 διὰ
3280 4708 3342 4761 τὸ
3369 4709 3690 4780 ἀγέννητον·

2098 4806 2127 4857 6
2155 4803 2305 4867 Υἱὸς,
2330 4803 2471 4857 κατὰ
2493 4803 2553 4855 σὲ
2581 4801 2655 4873 μὴ
2675 4800 2750 4855 ὣν
2774 4801 3196 4872 ἀγέννητος,οὑχ
3224 4800 3486 4871 ὑπερέχει
3509 4801 3694 4873 πάσης

2101 4898 2335 4967 φύσεως.
2369 4897 2483 4951 Οὐκ
2515 4896 2625 4968 ἄρα
2653 4894 2742 4948 διὰ
2794 4893 3090 4963 ἀγέννητον
3131 4891 3392 4963 ὑπερέχει
3439 4893 3470 4945 6
3497 4893 3693 4964 Πατὴρ

2098 4989 2280 5059 πάσης
2314 4987 2550 5057 φύσεως·
2568 4985 2682 5039 ἀλλ’
2714 4978 2759 5052 ᾧ
2780 4984 2968 5055 λόγῳὸ
3003 4983 3195 5055 Πατὴρ
3222 4984 3482 5055 ὑπερέχει
3505 4984 3694 5054 πάσης

2099 5079 2336 5149 φύσεως,
2360 5079 2535 5149 τούτῳ
2568 5076 2646 5148 τῷ
2688 5077 2831 5147 λόγῳ
2861 5075 3118 5148 ὑπερέχει
3151 5076 3247 5129 καὶ
3270 5078 3300 5128 6
3338 5074 3470 5139 Υἱὸς
3505 5073 3694 5147 πάσης

2100 5174 2335 5245 φύσεως.
2353 5173 2487 5227 Ὑπε
2497 5172 2642 5245 ρέχει
2665 5173 2724 5226 δὲ
2742 5176 2770 5227 6
2790 5172 2981 5245 Πατὴρ
3000 5175 3068 5243 τῇ
3090 5170 3249 5240 φύσει
3272 5172 3372 5243 τῆς
3399 5171 3658 5243 Θεότητος
3673 5187 3688 5198 ·

2096 5265 2271 5339 ταύτῃ
2292 5264 2385 5319 καὶ
2416 5266 2446 5318 6
2469 5266 2596 5329 Υίδς
2626 5265 2883 5336 ὑπερέχει
2905 5257 3086 5334 πάᾶης
3124 5263 3358 5332 φύσεως.
3387 5265 3592 5333 Ἀνόμ.
3627 5265 3695 5318 El

2098 5357 2248 5411 οὐδὲν
2268 5356 2376 5411 τῶν
2392 5357 2637 5429 ἀοράτων
2662 5358 2793 5410 αὐτὸ
2825 5354 3018 5411 tau-06
3047 5355 3439 5427 σπερματικῶς
3472 5360 3691 5427 προῦπ-

488 5515 537 5548 ⁸¹
572 5514 731 5570 Joan.
767 5530 819 5581 ν,
851 5514 943 5570 21.
1014 5514 1064 5547 ⁸³
1100 5513 1233 5570 ibid.
1272 5513 1358 5570 19.
1435 5512 1675 5584 "’_-Joan.
1713 5530 1836 5580 xvi,
1874 5514 1961 5570 15.

2117 5512 2277 5571 Joan.
2313 5529 2453 5580 xvu,
2488 5513 2578 5569 10.
2660 5511 2707 5545 ⁵⁸
2742 5512 2901 5569 Joan.
2942 5530 2994 5579 γ,
3026 5511 3116 5566 25.

488 5670 603 5743 (86)
636 5672 1078 5748 Παντοκράτορος
1110 5673 1477 5736 ὑποστάσεως.
1512 5669 1688 5726 Palat.
1727 5673 1776 5728 1.

2172 5668 2285 5743 (87)
2305 5667 2493 5745 Palat.
2518 5669 2574 5741 2,
2606 5678 2661 5727 et
2693 5671 2925 5743 August.
2955 5671 3019 5726 Et
3040 5669 3100 5725 δὲ
3128 5667 3190 5725 τὸ
3220 5670 3540 5740 ἀγέννητον.
