3862 6204
147 319 292 375 1197

1122 316 1211 372 DE
1249 316 1518 375 SANCTA
1561 318 1935 376 TRINITATE
1974 320 2324 379 DIALOGUS
2361 321 2427 376 ll.

3281 318 3422 380 “38

145 430 335 502 ἄρχει,
393 429 632 500 διαμένει
673 430 730 483 δὲ
759 433 815 484 ὲν
861 431 1018 500 φύσει
1068 432 1595 510 ἀποκεκληρωμένη,
1624 436 1737 502 πῶς

1845 439 1993 494 cedit
2019 454 2236 496 omnem
2273 449 2548 494 naturam.
2605 433 2796 490 Anam.
2835 433 2893 488 Si
2926 432 3075 488 nulla
3105 447 3199 490 res
3229 434 3421 492 invisi-

143 522 220 576 ἂν
240 523 270 576 ὁ
295 522 584 592 ἀγέννητὸς
612 521 764 587 Θεὸς,
795 522 1074 596 ἐλεύθερος
1098 526 1538 598 ἀποκληρώσεως
1564 529 1738 601 ὑπάρ-

141 630 288 686 χων,
310 613 404 666 νῦν
447 613 544 683 μὲν
573 614 671 684 τὴν
709 614 901 667 ἑαυτοῦ
936 616 1124 669 οὐσίαν
1165 617 1426 690 δευτέραν
1460 621 1518 672 ἐν
1546 624 1740 694 γεννή-

145 721 290 775 ματι
322 705 444 775 ὁρᾷ,
487 703 582 757 νῦν
630 705 687 757 δὲ
747 707 1020 778 προτέραν
1059 709 1118 760 ἐν
1150 709 1432 782 ἀγεννήτῳ
1458 712 1600 766 κατὰ
1641 713 1740 785 τὴν

145 796 380 868 πρώτην
432 799 527 850 καὶ
573 797 830 870 δευτέραν
877 800 1064 867 τάξιν;
1113 803 1263 871 Ὀρθ.
1299 806 1463 858 Οὐδὲν
1501 807 1598 876 μὲν
1629 807 1739 861 τῶν

143 891 402 963 ἀοράτων
418 891 550 944 αὐτὸ
565 891 754 946 ἑαυτοῦ
773 893 1160 964 σπερματικῶς
1174 896 1538 969 προῦπάρχει·
1555 899 1668 952 ἀλλ’
1681 903 1739 953 ὲν

141 987 222 1057 τῇ
254 984 469 1055 ἐξουσία
499 983 593 1037 τοῦ
625 987 992 1060 Δημιουργοῦ,
1014 988 1156 1042 κατά
1182 987 1280 1051 τὰς
1314 990 1465 1054 θείας
1494 991 1736 1062 Γραφάς,

145 1077 234 1148 μὴ
288 1075 416 1131 ὄντα
452 1076 528 1138 ὡς
563 1075 691 1130 ὄντα
712 1078 878 1130 εἱσίνσ
912 1082 939 1131 ὁ
987 1079 1044 1132 δὲ
1092 1080 1238 1145 Υἱὸς,
1270 1083 1328 1135 ἐν
1359 1085 1425 1152 τῇ
1460 1083 1619 1154 οὐσίᾳ
1645 1083 1738 1136 τοῦ

143 1168 368 1240 Πατρὸς
399 1167 496 1232 ὢν,
525 1169 628 1221 καὶ·
650 1167 786 1234 ἔστι,
803 1171 896 1222 καὶ
923 1170 1070 1224 ἔσται
1100 1172 1176 1236 ὡς
1197 1173 1540 1245 ἀπαύγασμα
1559 1175 1736 1246 δόξης,

143 1260 251 1312 καὶ
303 1259 588 1331 χαρακτὴρ
632 1262 730 1331 τῆς
768 1262 1120 1327 ὑποστάσεως
1173 1266 1742 1339 συνεπιθεωρούμενος

144 1349 232 1422 τῷ
273 1353 590 1422 γεννήσαντι
644 1351 804 1406 αὐτὸν
836 1355 1082 1421 ἀπαθῶς,
1123 1357 1384 1428 ἀχρόνως,
1414 1359 1619 1424 ἀϊδίως,
1651 1361 1742 1413 οὐ-

147 1443 298 1508 σίας,
327 1445 422 1498 καὶ
445 1443 658 1515 βουλῆς,
691 1445 786 1498 καὶ
822 1445 1124 1518 δυνάμεως,
1163 1450 1256 1503 καὶ
1279 1450 1439 1522 δόξης
1483 1451 1733 1524 ἀπαράλ-

143 1536 352 1600 λακτος
397 1535 581 1601 εἰκὼν,
611 1537 717 1609 πρὸ
747 1539 855 1591 τῶν
893 1540 1212 1611 προαιώνων
1252 1544 1530 1614 ὑπάρχων.
1575 1545 1633 1597 Ὁ
1683 1546 1741 1598 δὲ

141 1632 450 1703 ’ἀγέννητος
499 1632 634 1696 Θεὸς
683 1633 781 1704 τὴν
828 1635 1020 1687 ἑαυτοῦ
1049 1637 1239 1689 οὐσίαν
1265 1633 1404 1690 οἶδεν
1423 1638 1738 1710 ἀγέννητον,

142 1729 225 1791 ὡς
251 1729 344 1780 καὶ
362 1728 590 1797 ἀψευδῆ,
607 1729 700 1783 καὶ
721 1729 1018 1800 ἄφθαρτον,
1045 1733 1139 1784 καὶ
1160 1731 1470 1802 ἀσώματον,
1486 1735 1580 1787 καὶ
1605 1733 1740 1787 ἀθά-

1843 531 1968 586 bilis
1996 531 2112 602 ipsa
2144 538 2270 586 ante
2302 529 2540 599 seipsam
2578 527 2634 581 in
2664 524 2872 582 semine
2903 523 3123 580 exsistit
3146 565 3160 590 ,
3220 525 3317 580 sed
3363 528 3421 582 in

1841 636 1905 677 ea
1937 630 2131 675 natura
2163 629 2464 691 permanet,
2511 633 2674 689 quam
2722 619 2914 672 sortita
2967 621 3091 681 est,
3144 617 3422 688 quomodo

1841 727 1952 765 non
1982 713 2197 782 genitus
2243 711 2333 766 ille
2371 709 2538 773 Deus,
2570 709 2664 779 qui
2711 724 2742 762 a
2784 707 3074 764 sortitione
3126 708 3267 763 liber
3293 717 3378 763 est
3402 751 3421 777 ,

1841 819 1989 859 nunc
2017 803 2240 875 quidem
2269 818 2422 858 suam
2451 801 2748 857 essentiam
2780 799 3140 870 posteriorem
3179 799 3424 856 intuetur

1842 895 1900 948 in
1929 895 2132 964 genito,
2163 907 2310 947 nunc
2339 893 2575 962 priorem
2604 891 2659 943 in
2685 905 2790 943 non
2824 889 3028 960 genito,
3059 888 3251 943 ordine
3284 905 3423 960 quo—

1841 987 1965 1041 dam
1984 986 2181 1057 prioris
2197 994 2250 1041 et
2263 984 2619 1056 posterioris?
2640 981 2796 1039 Orth.
2815 982 2892 1036 Ex
2908 981 3279 1038 invisibilibus
3296 983 3422 1054 qui-

1842 1079 1963 1136 dem
1993 1079 2130 1133 nihil
2160 1088 2286 1132 ante
2325 1077 2567 1147 seipsum
2600 1074 2653 1128 in
2689 1074 2896 1129 semine
2925 1073 3279 1143 prasexsistit,
3317 1072 3416 1128 sed

1844 1174 1898 1227 in
1927 1173 2169 1243 potentia
2191 1169 2494 1235 Creatoris,
2521 1166 2821 1224 secundum
2839 1165 3054 1220 divinas
3081 1165 3420 1236 Scripturas.

1843 1282 1956 1320 non
1982 1265 2129 1320 entia
2162 1265 2309 1319 velut
2341 1264 2487 1318 entia
2527 1268 2658 1316 sunt
2691 1281 2703 1315 :
2741 1258 2912 1313 Filius
2942 1274 3072 1313 vero
3098 1259 3154 1313 in
3183 1259 3424 1314 essentia

1840 1358 2024 1413 Patris
2055 1358 2351 1419 exsistens,
2391 1363 2445 1410 et
2473 1360 2578 1416 est,
2613 1360 2668 1407 et
2712 1335 2839 1419 er'it,
2872 1366 2971 1406 ceu
3017 1351 3278 1420 splendor
3307 1351 3427 1421 glo—

1843 1451 1938 1506 riae
1971 1457 2024 1505 et
2051 1450 2338 1505 character
2386 1446 2781 1518 hypostaseos,
2831 1443 2995 1497 simul
3043 1441 3426 1497 consideratus

1843 1558 1970 1598 cum
2001 1558 2102 1610 eo,
2148 1542 2239 1613 qui
2275 1539 2464 1612 genuit
2514 1537 2634 1594 sine
2663 1537 2926 1606 passione
2972 1543 3026 1590 et
3060 1543 3304 1605 tempore
3355 1535 3424 1591 ab

1843 1645 2069 1699 aeterno,
2102 1634 2445 1700 substantia,
2481 1629 2785 1686 voluntatis
2810 1669 2826 1694 ,
2873 1637 2928 1683 et
2973 1628 3160 1698 gloriae
3193 1628 3426 1681 invaria-

1845 1730 1971 1785 bilis
2010 1729 2216 1800 imago,
2247 1727 2396 1780 omni
2419 1725 2729 1780 aeternitate
2764 1721 2915 1792 prior
2944 1720 3237 1775 exsislens.
3276 1717 3424 1773 Deus

144 1837 334 1887 νατον,
365 1822 457 1873 καὶ
489 1821 588 1891 οὐχ
620 1822 725 1894 ὁρᾷ
752 1822 850 1891 τὴν
880 1822 1074 1876 ἑαυτοῦ
1106 1823 1294 1876 οὐσίαν
1330 1823 1425 1877 νῦν
1456 1825 1554 1895 μὲν
1579 1826 1737 1893 ἀγέν-

1847 1836 1976 1876 vero
2027 1835 2137 1876 non
2188 1819 2405 1890 genitus
2448 1816 2602 1871 novit
2642 1829 2796 1870 suam
2834 1812 3009 1882 ipsius
3057 1809 3424 1865 substantiam

143 1929 334 1983 νητον,
361 1913 456 1966 νῦν
482 1913 539 1966 δὲ
571 1913 856 1984 γεννητὴν,
885 1914 998 1967 ἀλλ’
1030 1914 1061 1966 ὃ
1082 1915 1187 1986 ὁρᾷ
1213 1915 1427 1982 ἑαυτὸν,
1457 1915 1613 1970 τοῦτο
1639 1917 1741 1988 ὁρᾷ

142 2005 250 2057 καὶ
277 2004 373 2076 τὴν
416 2005 609 2058 ἑαυτού
647 2005 848 2058 εἰκόνα.
884 2007 980 2068 Τίς
1007 2005 1064 2058 δέ
1094 2007 1212 2059 ἐστι
1243 2007 1343 2078 τὴν
1365 2007 1574 2070 οὐσίαν,
1616 2007 1740 2064 οὔτε

147 2097 288 2164 ἡμῖν
314 2096 685 2166 ἀπεκάλυψεν,
719 2096 842 2151 οὕτε
877 2099 990 2161 τοῖς
1032 2099 1137 2170 πρὸ
1195 2099 1371 2170 ἡμῶν.
1402 2099 1566 2167 Λέγει
1606 2099 1736 2170 γὰρ,

148 2183 338 2248 καθὼς
365 2186 710 2258 προείρηται·
749 2206 767 2237 ι
809 2188 1018 2259 Ὠφθην
1048 2189 1184 2259 πρὸς
1222 2191 1313 2241 τὸν
1360 2189 1612 2261 Ἀϐραὰμ
1645 2190 1739 2245 καὶ

162 2276 354 2330 Ἰσαὰκ
406 2278 496 2330 καὶ
562 2277 755 2331 Ἰακὼϐ
804 2283 930 2343 τοὺς
988 2281 1234 2352 πατέρας
1273 2281 1449 2353 ὐμῶν,
1477 2283 1610 2347 Θεὸς
1661 2281 1738 2337 ὢν

149 2369 355 2435 αὐτῶν,
384 2372 478 2424 καὶ
511 2371 570 2424 τὸ
596 2371 767 2442 ὄνομά
797 2390 898 2444 μου
927 2375 1027 2427 οὐκ
1056 2373 1328 2445 ἐγνώρισα
1358 2377 1561 2440 αὐτοῖς.
1600 2395 1619 2428 ι

1846 1930 1956 1970 non
1983 1914 2221 1985 genitam
2248 1920 2308 1966 ut
2329 1918 2383 1966 et
2408 1909 2678 1964 mendacii
2715 1914 3017 1976 expertem,
3042 1904 3422 1971 incorpoream

1845 2018 1898 2064 et
1928 2007 2286 2061 immortalem
2317 2025 2329 2061 :
2369 2018 2470 2059 nec
2499 2002 2647 2056 videt
2671 2015 2825 2056 suam
2849 1999 3022 2069 ipsius
3057 1995 3424 2052 substantiam

1847 2101 2010 2155 modo
2042 2114 2152 2153 non
2187 2098 2422 2167 genitam
2447 2137 2462 2161 ,
2518 2093 2680 2148 modo
2727 2093 2967 2162 genitam
3003 2129 3018 2153 ,
3072 2087 3170 2144 sed
3205 2087 3384 2158 ipsum
3407 2121 3424 2147 ,

1847 2191 1995 2261 quod
2036 2205 2159 2246 sese
2196 2204 2319 2244 esse
2345 2188 2514 2249 videt,
2548 2187 2696 2241 videt
2734 2185 2897 2239 etiam
2955 2197 3076 2237 esse
3133 2179 3425 2249 imaginem

1845 2283 1952 2338 sui.
1984 2280 2119 2347 Quis
2154 2287 2334 2333 autem
2370 2279 2442 2333 sit
2476 2275 2653 2347 quoad
2689 2273 3051 2330 substantiam
3073 2312 3088 2330 .
3122 2285 3225 2324 nec
3263 2268 3424 2322 nobis

1845 2373 2126 2437 revelavit,
2155 2387 2257 2427 nec
2280 2370 2375 2435 iis,
2401 2371 2493 2440 qui
2529 2377 2654 2424 ante
2684 2383 2785 2422 nos
2814 2365 3055 2420 fuerunt.
3102 2362 3242 2416 Dicit
3276 2360 3424 2414 enim

148 2470 216 2514 ut
245 2461 451 2516 dictum
483 2470 607 2519 est:
652 2482 671 2515 ι
701 2466 946 2536 Apparui
972 2467 1266 2550 Abraham,
1299 2467 1452 2524 Isaac
1483 2477 1538 2524 et
1561 2468 1730 2524 Jacob
1768 2468 2016 2540 patribus
2051 2467 2283 2531 vestris,
2335 2475 2592 2519 tanquam
2659 2461 2802 2517 Deus
2864 2474 3076 2524 eorum,
3121 2466 3175 2512 et
3224 2468 3424 2509 nomen

150 2571 340 2612 meum
363 2574 472 2613 non
499 2561 734 2615 revelavi
765 2563 844 2616 eis
875 2563 940 2616 ‘7.
983 2583 1001 2615 ι

223 2671 315 2726 9.7.
356 2674 554 2742 Ἀνόμ.
587 2675 648 2727 Εἰ
674 2675 918 2746 διαμένει
941 2679 999 2731 ὲν
1024 2679 1308 2750 ἀγεννήτῳ
1341 2680 1501 2750 φύσει
1528 2682 1556 2733 ὁ
1587 2679 1738 2744 Θεὸς,

150 2764 215 2816 τὸ
261 2766 320 2816 ἐν
363 2765 572 2832 γενέσει
603 2767 696 2820 καὶ
725 2768 1024 2841 ἀγεννησίᾳ
1057 2771 1250 2826 ἑαυτὸν
1270 2773 1468 2826 εἰδέναι
1493 2772 1746 2844 ἀφαιρεί-

152 2857 288 2910 σθω.
314 2858 601 2928 Συηωρού
611 2876 768 2929 μενος
795 2861 851 2914 δὲ
879 2863 938 2914 ὲν
960 2864 1239 2936 ἁγεννήτῳ
1261 2865 1356 2918 καὶ
1380 2865 1624 2936 γεννητῷ
1645 2867 1744 2938 τὴν

151 2948 351 3004 ἑαυτοῦ
379 2952 566 3005 οὐσίαν
598 2954 949 3025 παρατείνειν
982 2957 1164 3023 αὐτὸς,
1199 2956 1391 3010 ἑαυτοῦ
1423 2959 1608 3026 ἀγνοεῖ
1645 2959 1744 3027 τὴν

149 3041 346 3094 οὐσίαν
382 3043 776 3115 περιαγόμενος
811 3047 915 3099 ὑπὸ
937 3048 1202 3115 γενέσεως
1230 3051 1324 3102 καὶ
1346 3050 1652 3119 ἀγενεσίας.
1683 3050 1747 3102 Εἰ

1915 2676 2005 2732 27.
2037 2675 2227 2729 Anam.
2248 2671 2304 2727 Si
2325 2670 2464 2726 Deus
2481 2674 2764 2740 permanet
2795 2667 2850 2720 in
2867 2673 3064 2720 natura
3084 2679 3192 2718 non
3217 2662 3422 2734 genita,

1847 2768 2130 2822 auferatur
2156 2768 2225 2820 ab
2252 2780 2319 2820 eo
2352 2764 2500 2834 quod
2533 2777 2592 2817 se
2621 2767 2814 2816 noscat
2847 2757 3154 2813 secundum
3205 2768 3421 2823 genera-

1848 2863 2052 2916 tionem
2101 2861 2186 2916 vel
2224 2857 2594 2930 generationis
2645 2853 3040 2910 exclusionem.
3091 2849 3196 2904 Ubi
3241 2855 3422 2902 autem

1850 2968 2173 3009 concessum
2215 2952 2417 3016 fuerit,
2469 2965 2593 3007 eum
2643 2948 2729 3004 sui
2762 2947 2941 3018 ipsius
2971 2943 3337 2999 substantiam
3369 2942 3423 2994 in

1851 3059 1958 3098 non
1994 3044 2176 3114 genito
2213 3051 2266 3097 et
2288 3043 2343 3095 in
2383 3039 2566 3111 genito
2592 3037 2908 3098 extendere,
2940 3034 3058 3105 ipse
3083 3045 3238 3086 suam
3271 3031 3401 3099 igno

151 3136 251 3187 καὶ
288 3135 350 3187 τὸ
376 3137 634 3207 γεννητὸν
664 3139 957 3210 μετείληφε
993 3143 1180 3207 οὐσίας
1212 3117 1510 3214 ἀγεννητου
1529 3183 1544 3206 ,
1585 3147 1644 3196 ὲν
1690 3144 1737 3197 δὲ

1850 3143 1934 3189 rat
1970 3136 2356 3197 substantiam,
2385 3133 2754 3189 circumactus
2811 3145 2843 3184 a
2898 3127 3250 3201 generatione
3291 3133 3346 3179 et
3395 3141 3428 3179 a

149 3227 418 3297 γεννητοῦ
447 3227 605 3297 φύσει
645 3229 1018 3302 ἀτελευτήτως
1053 3233 1318 3304 διαμένει,
1347 3237 1405 3288 ὲν
1497 3235 1594 3304 μὲν
1625 3235 1742 3288 δια-

148 3318 302 3370 τελεῖ
338 3318 518 3388 φύσει,
572 3320 830 3389 γινώσκει
877 3324 1091 3389 ἑαυτὸν,
1124 3326 1333 3395 ἀγνοῶν
1375 3327 1616 3397 δηλονότι
1644 3328 1744 3398 τὴν

149 3409 448 3482 ἀγέννητον
475 3413 681 3466 οὐσίαν.
719 3414 791 3466 Οὐ
816 3413 924 3484 γὰρ
953 3412 1064 3471 οἶόν
1093 3435 1152 3470 τε
1196 3419 1358 3472 αὐτὸν
1388 3421 1518 3490 περὶ
1546 3420 1742 3473 ἑαυτοῦ

151 3504 251 3557 καὶ
289 3503 584 3574 ἀγεννήτου
619 3507 806 3571 οὐσίας
835 3508 1036 3576 γνῶσιν
1063 3509 1207 3581 ἔχειν
1237 3513 1331 3566 καὶ
1367 3514 1648 3583 γεννητῆς·
1681 3515 1744 3566 El

147 3597 212 3651 δὲ
241 3596 715 3669 εὐκαταφρόνητόν
763 3604 878 3654 ἐστι
911 3601 972 3653 τὸ
1015 3603 1306 3675 ἀγέννητον
1325 3605 1413 3660 διὰ
1442 3606 1744 3677 μεταϐολῆς

147 3690 588 3762 ἐπιτηδειότητα,
611 3693 828 3764 ἀξίωμα
861 3694 1075 3764 φύσεώς
1111 3697 1258 3750 ἐστιν
1289 3699 1323 3769 ἡ
1351 3699 1508 3751 οὐσία
1538 3700 1744 3770 ἀμετά-

148 3779 370 3849 ϐλητος,
395 3781 495 3852 τῆς
527 3783 824 3854 ἁγεννήτου
868 3785 1054 3848 οὐσίας
1090 3786 1273 3858 πάσης
1326 3788 1514 3852 οὐσίας
1558 3790 1742 3862 κρειτ-

46 3909 52 3916 .
145 3888 307 3935 τονος
352 3873 812 3946 ὁμολογουμένης.
862 3878 1017 3946 Ὀρθ.
1054 3879 1116 3932 El
1166 3880 1258 3933 καὶ
1302 3879 1546 3951 διαμένει
1581 3881 1746 3950 ἀγέν-

149 3979 317 4029 νητος
354 3967 382 4017 ὁ
427 3964 591 4030 Θεὸς,
633 3967 748 4021 ἀλλ’
792 3969 892 4021 οὐκ
948 3969 1096 4023 ἔστιν
1142 3971 1305 4025 αὐτοῦ
1357 3973 1513 4026 τοῦτο
1558 3973 1739 4042 φύσις.

162 4053 308 4105 Ἀλλ’
335 4055 416 4107 ὅτι
444 4057 532 4126 μὴ,
553 4057 792 4126 ἐγένετο,
825 4060 985 4113 τοῦτο
1016 4060 1288 4133 ἔγνωμεν·
1323 4065 1407 4126 τίς
1437 4064 1495 4116 δέ
1532 4067 1679 4118 ἐστιν
1708 4067 1741 4136 ἡ

147 4144 318 4214 φύσις
346 4148 532 4211 αὐτοῦ,
573 4149 810 4204 οὐδέπω·
841 4153 936 4205 καὶ
967 4153 1074 4225 γὰρ
1107 4155 1201 4209 καὶ
1237 4154 1526 4226 ἀσώματος
1554 4158 1744 4228 διαμέ-

149 4253 258 4298 νει,
296 4238 390 4289 καὶ
432 4238 533 4292 οὐκ
579 4239 724 4294 ἐστιν
770 4242 934 4295 αὐτοῦ
987 4242 1144 4297 τοῦτο
1183 4247 1216 4316 ὴ
1254 4245 1451 4314 φύσις’
1505 4247 1620 4300 ἀλλ’
1661 4249 1742 4302 ὃτι

1848 3228 2217 3299 generationis
2251 3228 2584 3283 exclusione.
2644 3223 2800 3292 Quod
2833 3223 2882 3278 si
2919 3223 3084 3278 etiam
3136 3221 3228 3284 id,
3279 3217 3428 3290 quod

1847 3323 2087 3393 genitam
2103 3329 2208 3386 est,
2225 3337 2334 3377 non
2363 3322 2556 3390 genita“:
2575 3318 2893 3374 substantia:
2916 3316 3187 3386 particeps
3221 3312 3427 3368 factum

1845 3425 1952 3479 est,
1986 3415 2044 3468 in
2082 3422 2276 3468 natura
2307 3421 2486 3468 autem
2519 3412 2684 3482 geniti
2714 3409 3089 3465 indesinenter
3119 3413 3424 3476 permanet,

1846 3507 1902 3561 in
1933 3522 2041 3577 qua
2070 3507 2432 3562 constitutum
2475 3512 2561 3560 est
2582 3543 2596 3566 ,
2646 3502 2994 3562 naturaliter,
3028 3499 3267 3568 seipsum
3302 3511 3428 3550 esse

1845 3600 2151 3670 cognoscit,
2181 3599 2444 3669 ignorans
2473 3597 2726 3652 videlicet
2755 3611 2864 3649 non
2893 3593 3131 3664 genitam
3165 3590 3420 3650 substan-

1846 3695 2000 3748 tiam.
2051 3692 2240 3764 Neque
2278 3693 2424 3746 enim
2461 3690 2575 3745 ﬁeri
2616 3697 2795 3760 potest
2853 3697 2914 3742 ut
2956 3687 3100 3741 idem
3150 3685 3254 3741 sibi
3312 3701 3422 3738 non

1845 3785 2044 3855 genita:
2072 3785 2238 3841 simul
2259 3791 2313 3838 et
2346 3782 2543 3854 genitae
2570 3780 2891 3837 substantiae
2921 3778 3206 3834 conscium
3244 3777 3333 3832 sit.
3363 3776 3420 3832 Si

1844 3876 2195 3946 despicabilis
2223 3882 2309 3930 est
2343 3889 2434 3929 res
2475 3889 2586 3928 non
2629 3873 2808 3943 genita
2851 3878 3075 3941 propter
3101 3873 3425 3940 propensio-

1843 3985 1967 4024 nem
2013 3970 2082 4024 ad
2141 3968 2549 4023 mutationem:
2612 3974 2821 4021 naturae.
2873 3965 3114 4036 dignitas
3171 3967 3274 4020 erit
3331 3967 3423 4020 illa

1845 4059 2153 4115 substantia
2209 4059 2590 4123 immutabilis,
2619 4073 2744 4113 cum
2780 4058 2838 4111 in
2870 4056 3128 4112 confesso
3156 4057 3259 4120 sit,
3309 4072 3422 4111 non

1843 4154 2079 4224 genitam
2124 4151 2488 4207 substantiam
2523 4151 2673 4205 omni
2722 4151 3032 4206 substantia
3079 4152 3423 4218 praestantio-

1843 4261 1958 4301 rem
1981 4260 2124 4300 esse.
2157 4244 2310 4299 Orth.
2341 4243 2406 4298 Et
2433 4245 2478 4300 si
2509 4242 2654 4298 Deus
2698 4253 2982 4313 permanet
3007 4257 3118 4298 non
3160 4242 3378 4313 genitus
3402 4281 3419 4306 ,

151 4326 232 4397 μὴ
250 4325 363 4397 ἔχει
381 4329 538 4398 σῶμα
567 4329 831 4402 ἔγνωμεν·
870 4335 966 4386 καὶ
995 4335 1230 4406 ἀψευδὴς
1255 4336 1628 4408 διαμένει,καὶ
1643 4340 1737 4393 οὐκ

1845 4335 2007 4407 439
2033 4335 2129 4391 sed
2150 4336 2255 4390 hoc
2287 4350 2396 4390 non
2421 4342 2505 4390 est
2532 4334 2654 4404 ejus
2679 4342 2896 4387 natura.
2915 4331 3176 4388 Novimus
3197 4333 3420 4403 quidem

148 4419 304 4473 ἔστιν
332 4421 496 4474 αὐτοῦ
520 4424 678 4477 τοῦτο
704 4425 864 4494 φύσις
894 4441 912 4458 ⁸
935 4426 1050 4480 ἀλλ’
1074 4428 1157 4481 ὅτι
1178 4427 1251 4500 μὴ
1273 4429 1548 4498 ψεύδεται,
1574 4431 1737 4500 ἔγνω-

1845 4445 1952 4483 ηοη
1976 4443 2096 4483 esse
2127 4429 2409 4499 genitum:
2444 4437 2499 4481 at
2523 4443 2645 4498 quae
2672 4427 2745 4483 sit
2769 4426 2891 4495 ejus
2923 4435 3141 4492 natura,
3173 4427 3427 4487 nondum

153 4527 290 4582 μεν⁹
322 4513 404 4576 τίς
428 4513 485 4566 δέ
522 4517 637 4568 ἐστι
663 4516 763 4586 τὴν
792 4516 974 4584 φύσιν,
1010 4519 1110 4570 οὐκ
1139 4519 1506 4589 ἀπεκάλυψεν.
1538 4522 1601 4574 Εἰ
1631 4521 1740 4596 γὰρ

147 4601 226 4657 τὰ
291 4606 660 4676 προειρημένα
717 4608 834 4659 ἐστὶ
894 4607 1090 4676 φύσις,
1147 4609 1415 4680 ἐψεύσατο
1467 4611 1737 4684 εἰρηκώς·

154 4713 178 4747 ι
223 4695 433 4767 Ὠφθην
468 4697 602 4768 πρὸς
633 4697 725 4752 τὸν
761 4699 1033 4771 Ἀϐραὰμ,
1065 4703 1157 4756 καὶ
1190 4703 1396 4768 Ἰσαὰκ,
1411 4705 1504 4757 καὶ
1521 4704 1738 4768 Ἰακὼϐ,

147 4791 285 4853 τοὺς
333 4793 574 4862 πατέρας
605 4793 777 4864 ὑμῶν,
805 4795 938 4861 Θεὸς
978 4797 1053 4850 ὢν
1102 4796 1304 4864 αὐτῶν,
1341 4798 1437 4852 καὶ
1475 4798 1538 4852 τὸ
1569 4799 1741 4870 ὁνομά

1846 4521 2097 4575 novimus
2134 4541 2146 4575 :
2188 4537 2314 4576 nam
2342 4521 2506 4576 etiam
2554 4521 2917 4591 incorporeus
2957 4526 3277 4590 permanet,
3317 4533 3429 4575 noc-

1843 4619 2026 4668 tamen
2055 4614 2170 4667 haec
2195 4616 2316 4682 ejus
2346 4623 2544 4668 natura
2570 4623 2655 4670 est
2681 4633 2694 4667 :
2742 4613 2838 4669 sed
2874 4614 2926 4669 id
2960 4614 3235 4676 novimus,
3271 4611 3420 4682 quod

1843 4721 2042 4775 corpus
2074 4721 2186 4760 non
2217 4707 2452 4773 haheat;
2486 4706 2568 4762 sic
2595 4714 2650 4762 et
2678 4706 2951 4761 mendacii
2971 4720 3168 4776 eXpers
3201 4719 3420 4774 perma-

1843 4804 1954 4859 net,
1989 4812 2092 4853 nec
2127 4798 2232 4853 hoc
2260 4799 2442 4867 ipsum
2483 4806 2570 4854 est
2598 4799 2718 4869 ejus
2752 4808 2989 4854 natura:
3043 4798 3298 4853 novimus
3331 4805 3418 4851 ta-

155 4897 264 4949 μου
291 4881 390 4933 οὐκ
415 4882 685 4955 ἐγνώρισα
711 4887 911 4950 αὐτοῖς’
948 4908 966 4940 ι
997 4889 1275 4958 φαίνονται
1301 4891 1409 4962 γὰρ
1439 4891 1640 4955 εἰδότες
1669 4891 1737 4945 τὰ

1845 4905 1966 4944 men
2025 4891 2167 4960 quod
2217 4907 2327 4945 non
2375 4891 2715 4946 mentiatur:
2757 4891 2882 4961 quis
2913 4891 3060 4946 enim
3093 4889 3167 4944 sit
3219 4901 3420 4943 secun-

156 4975 550 5044 προειρημένα.
619 4977 756 5030 Ἀλλ’
785 4977 1019 5052 ἀψευδής
1048 4984 1184 5045 ἐστι,
1217 4981 1312 5036 καὶ
1340 4984 1402 5036 οὐ
1445 4982 1697 5052 ψεύδεται
1717 5001 1730 5012 ·

151 5063 256 5115 οὐκ
284 5063 389 5132 ἄρα
415 5066 726 5137 ἁπεκάλυψε
755 5070 816 5122 τὸ
833 5069 1004 5141 ὄνομα
1027 5073 1126 5144 τῆς
1149 5073 1312 5126 αὐτοῦ
1345 5075 1578 5140 φύσεως.
1611 5075 1736 5139 Πῶς

149 5150 248 5208 οὖν
279 5154 456 5223 λέγεις
483 5159 544 5210 τὸ
567 5159 895 5231 ἁγέννητον;
931 5165 992 5216 Εἰ
1019 5164 1076 5217 δὲ
1100 5165 1161 5217 τὸ
1187 5165 1356 5238 ὄνομα
1390 5167 1490 5219 οὐκ
1523 5168 1735 5223 ἀπεκὰ·

149 5246 315 5316 λυψε,
339 5249 520 5320 πολλῷ
549 5251 708 5305 πλέον
737 5253 835 5324 τὴν
865 5255 1048 5323 φύσιν.

1841 4981 1970 5035 dum
1999 4990 2275 5045 naturam,
2299 4997 2410 5038 non
2439 4983 2724 5039 revelavit.
2747 4981 2806 5038 Si
2830 4983 2978 5038 enim
3006 4996 3092 5045 ea,
3118 4981 3185 5037 de
3212 4980 3421 5051 quibus

1842 5074 2005 5128 modo
2029 5074 2234 5129 dictum
2263 5086 2369 5139 est,
2398 5085 2527 5130 sunt
2558 5076 2675 5146 ipsa
2707 5086 2927 5142 natura,
2973 5062 3422 5130 sane'mentitus

1842 5175 1928 5224 cst
1968 5184 2093 5222 cum
2139 5169 2279 5225 dixit
2313 5187 2328 5224 :
2371 5190 2391 5223 ι
2427 5172 2666 5242 Apparui
2709 5170 2983 5225 Abraham
3005 5208 3021 5232 ,
3059 5169 3214 5224 lsaac
3243 5175 3298 5222 et
3329 5165 3423 5221 Ja-

1843 5261 1946 5315 cob
1973 5261 2222 5330 patribus
2254 5263 2475 5328 vestris,
2507 5271 2769 5334 tanquam
2800 5261 2943 5317 Deus
2989 5275 3202 5324 eorum,
3235 5267 3289 5313 et
3315 5270 3422 5311 no-

149 5353 285 5392 men
334 5354 513 5394 meum
567 5358 676 5398 non
720 5346 952 5400 revelavi
999 5349 1118 5404 eis:
1169 5369 1188 5401 ι
1225 5350 1480 5406 videntur
1514 5350 1662 5406 enim
1694 5350 1732 5405 ii
1770 5351 2001 5407 scivisse
2032 5367 2096 5407 ea
2141 5367 2262 5423 quae
2299 5361 2426 5408 ante
2453 5354 2603 5410 dicta
2669 5360 2817 5408 sunt.
2864 5351 2970 5408 Sed
3018 5351 3421 5414 mendaciiex-

152 5449 285 5505 pers
311 5444 416 5495 est,
446 5452 549 5492 nec
581 5441 801 5494 mentiri
835 5451 1013 5511 potest
1043 5466 1054 5499 :
1089 5460 1199 5500 non
1230 5447 1396 5517 igitur
1432 5463 1545 5504 suae
1590 5435 1765 5517 ipsius
1802 5459 2011 5504 naturae
2041 5465 2239 5505 nomen
2276 5451 2556 5505 revelavit.
2625 5449 2914 5516 Quomodo
2969 5463 3100 5520 ergo
3155 5455 3215 5503 tu
3278 5445 3427 5506 dicis

152 5542 268 5584 non
300 5529 579 5597 genitum?
611 5530 669 5586 Si
695 5542 876 5590 autem
907 5554 1128 5594 .nomen
1159 5557 1318 5596 suum
1370 5557 1479 5596 non
1525 5542 1804 5607 revelavit,
1826 5546 1998 5600 multo
2034 5547 2206 5618 magis
2236 5557 2486 5602 naturam
2518 5561 2627 5601 non
2656 5547 2931 5602 revelavit.

238 5710 282 5743 δ’
320 5711 487 5768 Exod.
525 5730 612 5780 vi,
648 5715 716 5781 2,
754 5719 806 5772 5.
