3862 6204
502 299 640 356 H99
1633 297 1691 355 S.
1729 296 2194 356 ATIIANASIUS.
2235 329 2306 341 -
2344 297 2620 356 SPURIA.
3641 301 3783 357 {200

573 418 664 478 28.
698 419 890 477 Anam.
926 416 983 476 Si
1008 434 1116 476 non
1150 417 1393 490 genitum
1426 417 1496 474 ab
1528 418 1680 476 omni
1705 433 1871 474 causa
1896 433 2071 473 exem-

2248 416 2338 473 28.
2354 420 2553 487 Ἀνόμ.
2575 419 2639 472 Εἰ
2670 419 2730 473 τὸ
2752 418 3042 491 ἀγέννητον
3067 417 3247 489 πάσης
3274 417 3456 481 αίτίας
3485 417 3775 491 ἐξῄρηται,

501 523 655 591 tpum
676 524 780 581 est,
829 514 1033 571 fuerint
1048 521 1237 569 autem.
1253 514 1421 569 multa
1448 526 1558 567 non
1585 512 1787 584 genita,
1820 520 2071 567 naturam

2181 512 2265 583 εἴη
2289 511 2345 565 δὲ
2361 512 2528 565 πολλὰ
2567 511 2855 583 ἀγέννητα.
2876 512 3292 583 ἀπαράλλακτον
3321 511 3544 582 ἔχουσιν
3568 515 3776 583 τὴνφυ-

497 625 632 668 sane
658 608 940 664 habebunt
983 607 1039 661 in
1073 607 1225 662 nullo
1252 604 1576 662 dissimilem
1614 623 1627 659 :
1659 618 1771 658 non
1797 604 1945 659 enim
1976 617 2071 657 na-

2182 618 2265 654 σιν
2283 617 2296 630 °
2334 602 2394 654 ού
2423 601 2533 674 γὰρ
2560 602 2625 655 ἂν
2665 604 2747 673 εἴη
2778 601 3158 675 ἀποκληρώσει
3178 601 3391 671 φύσεώς
3412 619 3568 667 τινος
3599 602 3774 659 κοινοῦ

496 712 633 759 ture
662 699 949 772 cujusdam
984 698 1294 754 communis
1325 706 1379 753 et
1432 696 1668 769 prepriae
1721 695 2075 767 participatio

494 795 643 852 facta
675 802 781 859 est,
814 795 886 848 ita
924 802 985 848 ut
1030 792 1203 847 altera
1246 790 1465 861 quidem
1508 790 1693 855 faciat,
1730 788 1904 845 altera
1945 801 2075 843 vero

496 887 612 942 ﬁat.
657 882 812 941 Orth.
869 879 1207 937 Universalis
1258 880 1351 933 illa
1404 877 1713 950 propositio
1770 876 2076 931 secundum

495 974 627 1047 quid
662 973 798 1029 falsa
845 981 968 1036 est;
1015 985 1126 1025 non
1172 969 1318 1024 enim
1376 983 1537 1023 omne
1592 982 1701 1021 non
1738 966 2007 1036 genitum,
2040 979 2075 1020 ο

494 1066 639 1132 Acti,
682 1066 751 1120 ab
781 1064 929 1118 omni
973 1076 1142 1117 causa
1186 1069 1496 1129 exemptum
1527 1066 1631 1113 est.
1671 1055 1792 1111 Non
1825 1056 2073 1127 genitum

495 1158 642 1212 enim
691 1162 797 1220 est,
838 1154 986 1224 quod
1031 1159 1311 1207 auctorem
1348 1166 1457 1205 non
1495 1149 1657 1204 habet
1701 1168 1714 1203 :
1754 1164 1865 1203 non
1911 1163 2076 1203 omne

492 1256 680 1305 autem
756 1246 903 1318 quod
978 1252 1205 1299 auctore
1276 1250 1427 1297 caret
1488 1242 1555 1296 ab
1615 1240 1766 1295 omni
1816 1240 2077 1295 eximitur

493 1356 661 1397 causa
687 1359 700 1396 :
724 1345 905 1412 potest
928 1351 1166 1407 namque
1184 1334 1391 1406 aliquid
1414 1344 1691 1389 anetorem
1716 1332 1935 1404 quidem
1964 1349 2075 1388 non

494 1430 717 1493 habere,
742 1442 967 1483 causam
1000 1435 1185 1482 autem
1206 1425 1430 1489 habere,
1461 1432 1673 1495 patrem
1704 1423 1958 1478 videlicet
1989 1424 2074 1478 vel

490 1521 1056 1579 subministratorem.
1091 1516 1304 1573 Idcirco
1349 1515 1565 1572 etiamsi
1606 1515 1945 1571 concedatur
1975 1516 2075 1571 tibi

495 1630 608 1671 non
638 1614 883 1687 genitum
909 1627 1036 1669 esse
1069 1610 1264 1675 Deum,
1299 1610 1446 1681 quod
1479 1619 1635 1665 ortus
1666 1610 1750 1666 sui
1790 1617 2071 1665 auctorem

491 1721 604 1762 non
631 1704 831 1760 habeat
855 1719 869 1756 :
894 1704 1086 1760 eadem
1121 1708 1306 1757 tamen
1337 1700 1570 1764 ratione,
1599 1707 1653 1753 et
1689 1714 1790 1754 nos
1821 1699 2069 1754 dicemus

2179 692 2274 745 καὶ
2294 692 2424 746 ἰδίου
2459 692 2794 764 μετειλήφει,
2818 694 2850 764 ἡ
2879 694 2975 765 μὲν
2992 694 3184 757 ἐποίει,
3203 694 3306 764 ἠδὲ
3324 694 3605 761 ἐγίγνετο.
3624 695 3771 762 Ὄρθ.

2183 788 2370 841 Ἔστιν
2391 789 2423 858 ή
2447 786 2707 858 καθολικὴ
2734 785 3224 857 πρότασις(88)ἐπί
3243 804 3293 839 τι
3315 786 3524 859 ψευδής
3543 804 3559 817 ο
3592 790 3658 841 οὐ
3678 790 3776 860 γὰρ

2178 882 2288 934 πᾶν
2341 879 2656 950 ἀγέννητον,
2703 874 2750 933 ὦ
2800 879 2999 944 ’Δέτιε,
3036 882 3218 953 πάσης
3249 882 3428 944 αἰτίας
3487 880 3777 951 ἐξῄπται.

2192 972 2509 1045 Ἀγέννητον
2560 973 2669 1043 γάρ
2717 974 2835 1026 ἐστι
2875 973 2937 1026 τὸ
2985 966 3364 1045 γενέσιουργὸν
3406 973 3484 1044 μὴ
3540 974 3694 1043 ἕχον,
3726 974 3779 1027 ού

2178 1067 2397 1130 πάντως
2443 1066 2500 1118 δὲ
2554 1067 2617 1119 τὸ
2659 1066 3042 1137 γενεσιουργὸν
3074 1066 3148 1137 μὴ
3183 1065 3305 1136 ἕχον
3334 1067 3567 1135 ἀπάσης
3606 1065 3782 1127 atria;

2177 1158 2466 1230 ἐξῄρηται·
2496 1159 2718 1214 δυνατὸν
2739 1158 2848 1231 γάρ
2881 1176 2936 1212 τι
2972 1156 3351 1230 γενεσιουργδν
3389 1157 3467 1229 μὴ
3496 1157 3675 1227 ἔχειν,
3704 1157 3782 1211 αἴ-

2175 1270 2290 1306 τιον
2324 1251 2381 1305 δὲ
2424 1251 2588 1322 ἔχειν,
2617 1251 2651 1323 ἢ
2694 1252 2908 1323 πατέρα
2937 1250 2969 1321 ἢ
2999 1251 3250 1323 χορηγόν.
3285 1251 3475 1312 Ὥστε,
3513 1251 3628 1305 κᾶν
3659 1250 3780 1322 δοθῇ

2180 1360 2261 1398 σοι
2294 1344 2587 1415 ἀγέννητον
2620 1340 2758 1398 εἶναι
2782 1344 2873 1398 τὸν
2897 1344 3052 1408 Θεὸν,
3079 1344 3167 1397 διὰ
3195 1343 3254 1396 τὸ
3286 1343 3687 1413 γενεσιουργὸν
3711 1344 3780 1414 μὴ

2177 1436 2340 1508 ἔχειν,
2370 1436 2547 1508 τούτῳ
2588 1436 2665 1508 τῷ
2697 1438 2841 1509 λόγῳ
2876 1437 2969 1491 καὶ
3009 1438 3170 1507 ἡμεῖς
3202 1433 3441 1507 λέγομεν
3479 1436 3781 1506 ἀγέννητον

2174 1529 2268 1582 τὸν
2314 1529 2462 1594 Υἰὸν,
2507 1528 2597 1582 διὰ
2640 1531 2702 1583 τὸ
2743 1530 3123 1600 γενεσιουργὸν
3181 1527 3255 1599 μὴ
3308 1529 3478 1599 ἔχειν,
3529 1528 3656 1581 ἀλλ’
3686 1528 3781 1581 ούκ

2176 1622 2415 1676 ἀναίτιον
2434 1639 2448 1652 ·
2471 1621 2563 1676 τὸν
2587 1622 2697 1695 γὰρ
2730 1623 2951 1696 Πατέρα
2980 1622 3079 1693 οὐχ
3116 1621 3192 1685 ὡς
3220 1622 3645 1693 γενεσιουργὸν,
3672 1620 3779 1674 ἀλλ’

2177 1714 2252 1778 ὡς
2286 1715 2505 1787 Πατέρα
2539 1715 2673 1786 ἔχει.
2704 1716 2814 1771 Καὶ
2836 1715 2898 1770 τὸ
2928 1714 3155 1787 Πνεῦμα
3193 1714 3248 1768 δὲ
3279 1715 3518 1786 λέγομεν
3550 1715 3782 1785 ἀγέννηο

489 1795 690 1852 Filium
719 1810 844 1852 csse
872 1810 987 1850 non
1023 1792 1251 1861 factum,
1287 1792 1418 1864 quia
1453 1790 1715 1845 nimirum
1757 1797 1915 1844 ortus
1972 1804 2069 1844 au-

2181 1828 2288 1877 τον,
2340 1813 2399 1865 ού
2431 1785 2540 1884 γὰρ
2573 1811 2684 1883 ἔχει
2728 1785 3132 1883 γενεσιουργὺν,
3185 1809 3300 1864 ἀλλ’
3330 1810 3435 1862 οὐκ
3489 1809 3775 1863 avaittcv'

492 1897 702 1944 ctorem
749 1902 860 1943 non
889 1886 1075 1943 habet.
1116 1884 1237 1940 Non
1296 1891 1480 1938 tamen
1514 1890 1804 1953 propterea
1836 1880 2074 1937 dicimus

485 1958 684 2039 car'ere
713 1994 919 2037 causa:
946 1978 1164 2034 Patrem
1192 1977 1336 2034 enim
1363 1977 1526 2033 habet
1548 1991 1655 2031 non
1679 1983 1740 2031 ut
1764 1984 2072 2040 auctorem,

493 2074 590 2131 sed
630 2081 688 2128 ut
728 2071 968 2129 Patrem.
999 2071 1136 2128 Nam
1167 2082 1221 2126 et
1252 2067 1521 2141 Spiritum
1569 2069 1806 2124 dicimus
1834 2084 1944 2124 non
1976 2083 2072 2138 ge-

492 2167 692 2233 nitum,
725 2181 852 2222 cum
888 2179 997 2220 non
1028 2163 1227 2219 habeat
1255 2162 1565 2218 effectorem
1612 2179 1629 2218 :
1664 2161 1760 2218 sed
1792 2177 1903 2216 non
1932 2161 2072 2214 dici-

491 2273 616 2314 mus
649 2272 839 2313 carere
884 2270 1052 2311 causa
1087 2271 1100 2307 :
1137 2255 1304 2310 habet
1333 2254 1479 2319 enim
1526 2268 1628 2324 pro
1679 2268 1848 2308 causa
1880 2251 2070 2317 Deum,

491 2363 605 2403 non
633 2356 695 2403 ut
722 2346 1055 2412 effectorem,
1092 2345 1188 2402 sed
1219 2354 1279 2399 ut
1319 2345 1405 2401 sui
1448 2344 1674 2399 fontem.
1706 2342 2073 2410 Quemadmo-

489 2440 622 2496 dum
644 2441 792 2495 enim
821 2438 945 2495 fons
973 2454 1116 2505 eam,
1148 2452 1311 2509 quam
1350 2438 1571 2502 emittit,
1601 2451 1799 2507 aquam
1828 2444 1984 2491 extra
2014 2450 2075 2491 se

491 2549 603 2589 non
636 2532 823 2597 ellicit,
871 2532 969 2588 sed
1013 2547 1082 2587 ex
1131 2547 1253 2587 sese
1280 2530 1557 2587 scaturit:
1596 2530 1677 2585 sic
1706 2530 1871 2584 etiam
1906 2526 2071 2594 Deus,

488 2636 553 2681 ut
598 2634 727 2681 ante
773 2624 984 2680 dictum
1019 2623 1143 2689 fuit,
1198 2623 1324 2679 fons
1369 2631 1455 2678 est
1497 2621 1737 2693 Spiritus
1796 2622 1974 2677 sancti
2019 2628 2074 2676 et

490 2725 689 2773 auctor
738 2716 1009 2789 ejusdem,
1054 2732 1167 2773 non
1219 2716 1567 2773 extrinsecus
1614 2730 1739 2771 cum
1776 2715 2071 2786 recipiens,

490 2810 588 2867 sed
643 2826 710 2867 ex
765 2810 949 2879 seipse
1005 2811 1337 2866 scaturiens.
1406 2807 1684 2879 Scriptum
1738 2816 1825 2863 est
1879 2807 2069 2863 enim:

494 2925 515 2958 ι
547 2902 667 2960 Duo
710 2905 857 2959 mala
907 2903 1039 2959 fecit
1074 2904 1310 2974 populus
1351 2917 1529 2966 meus,
1572 2917 1658 2956 me
1708 2901 2070 2970 reliquerunt,

486 3001 694 3058 fontem
724 3013 880 3070 aqua:
902 2998 1061 3063 vivae,
1087 3007 1141 3052 et
1167 2996 1472 3052 ell'oderunt
1507 2995 1611 3051 sibi
1642 2995 1912 3051 cisternas
1939 3010 2073 3049 eon-

488 3095 673 3161 tritas,
711 3107 835 3165 qua:
867 3106 1039 3162 aquas
1085 3088 1369 3145 continere
1410 3104 1523 3144 non
1556 3097 1817 3157 poterunt
1847 3088 1913 3142 ⁸⁸.
1954 3108 1973 3140 ι
2004 3087 2071 3141 Et

490 3184 787 3258 Apostolus
831 3181 1011 3237 dicit:
1051 3201 1071 3230 ι
1116 3181 1220 3247 Qui
1262 3180 1455 3235 tribuit
1488 3180 1648 3235 nobis
1702 3179 1987 3250 Spiritum,
2018 3188 2072 3235 et

488 3285 751 3349 cperatur
794 3276 852 3331 in
881 3274 1041 3330 nobis
1071 3275 1300 3330 virtutes
1330 3274 1396 3327 δ’.
1450 3292 1470 3325 ι
1512 3270 1671 3338 Quod
1703 3280 1887 3328 autem
1928 3287 2070 3343 aqua

489 3372 585 3427 illa
626 3370 750 3425 viva
796 3369 868 3424 sit
920 3366 1183 3438 Spiritus,
1234 3364 1491 3422 Christus
1518 3365 1726 3430 docuit,
1761 3364 2017 3435 inquiens
2053 3383 2066 3419 :

495 3482 515 3514 ο
548 3462 654 3530 Qui
700 3461 840 3517 bibit
865 3475 933 3515 ex
978 3474 1140 3530 aqua,
1172 3473 1338 3529 quam
1365 3472 1467 3529 ego
1494 3456 1638 3512 dabo
1662 3458 1790 3528 ipsi,
1825 3464 1886 3511 ut
1929 3456 2070 3512 dixit

491 3553 821 3626 Scriptura,
877 3553 1102 3608 ﬂumina
1159 3566 1191 3606 e
1260 3559 1451 3606 ventre
1507 3551 1629 3618 ejus
1688 3549 1860 3604 ﬂuent
1912 3564 2069 3621 aqua:

487 3650 626 3703 vivae
656 3649 724 3704 ⁵ο.
767 3668 785 3700 ι
807 3646 881 3701 Et
928 3645 1080 3701 addit
1106 3644 1463 3715 evangelista,
1492 3643 1724 3700 dicens:
1765 3663 1783 3694 ι
1827 3641 1943 3699 lloc
1973 3660 2073 3699 au-

2175 1900 2288 1972 ἔχει
2322 1903 2431 1973 γάρ
2462 1901 2637 1955 αἴτιον
2669 1901 2761 1954 τὸν
2797 1901 2951 1967 Θεὸν,
2986 1901 3087 1971 οὐχ
3118 1899 3194 1964 ὼς
3225 1899 3646 1971 γενεσιουργὸν,
3670 1899 3780 1952 ἀλλ’

2173 1989 2247 2054 ὡς
2275 1989 2457 2059 πηγὴν
2475 1989 2692 2044 ἑαυτοῦ.
2713 1990 2983 2061 Καθάπερ
3004 1990 3114 2062 γὰρ
3138 1991 3171 2061 ἡ
3195 1989 3346 2060 πηγὴ
3372 1990 3434 2041 ού
3459 2006 3784 2063 γενεσιουρ-

2172 2085 2261 2150 γεῖ
2286 2081 2484 2149 ἔξωθεν
2507 2082 2536 2135 ὃ
2561 2084 2789 2154 χορηγεῖ
2816 2082 2981 2155 ὕδωρ,
3007 2082 3121 2136 ἀλλ’
3143 2080 3202 2146 ἐξ
3228 2082 3427 2152 ἑαυτῆς
3452 2080 3784 2151 ravages“

2174 2170 2287 2241 ἔχει
2313 2186 2327 2201 ο
2361 2170 2540 2235 οὕτως
2577 2172 2674 2226 καὶ
2700 2172 2730 2223 ὀ
2762 2172 2896 2235 Θεὸς
2923 2172 3076 2244 πηγὴ
3116 2171 3210 2224 τοῦ
3244 2172 3575 2242 Πνεύματός
3614 2175 3779 2235 ἐσεαν,

2171 2265 2247 2329 ὡς
2294 2264 2529 2336 εἴρηται.
2575 2265 2672 2319 καὶ
2732 2265 2970 2337 χορηγὸς
3025 2265 3213 2329 αὐτοῦ,
3254 2266 3354 2319 οὐκ
3403 2264 3618 2330 ἔξωθεν
3657 2266 3782 2320 αὐτὸ

2173 2358 2626 2430 προσλαμϐάνων,
2656 2359 2769 2414 ἀλλ’
2803 2358 2862 2426 ἐξ
2895 2357 3090 2412 ἐαυτοῦ
3130 2360 3412 2429 πηγάζων.
3457 2360 3780 2432 Γέγραπται

2172 2450 2314 2522 γάρ*
2349 2470 2368 2503 ι
2398 2450 2501 2504 Δύο
2534 2450 2747 2522 πονηρὰ
2775 2453 3032 2522 ἐποίησεν
3055 2454 3082 2506 ό
3113 2451 3240 2511 λαός
3272 2468 3405 2523 μου·
3439 2453 3546 2522 ἐμὲ
3579 2455 3780 2522 ἐγκατ-

2173 2542 2381 2608 έλιπον,
2432 2543 2615 2615 πηγὴν
2669 2542 2862 2607 ὓδατος
2916 2542 3138 2609 ζῶντος,
3191 2544 3285 2597 καὶ
3315 2543 3544 2615 ὤρυξαν
3574 2547 3783 2607 ἑαυτοῖς

2172 2635 2409 2700 λάκκους
2470 2636 2989 2711 συντετριμμένους,
3025 2638 3076 2691 οἳ
3125 2637 3185 2690 οὐ
3248 2636 3583 2707 δυνήσονται
3645 2638 3781 2707 ὕδωρ

2175 2730 2439 2800 συνέχειν.
2483 2750 2501 2781 ι
2538 2731 2649 2783 Καὶ
2673 2732 2703 2784 ό
2744 2729 3065 2793 ’Λπόστολος
3095 2729 3273 2799 λέγει’
3302 2749 3319 2781 ι
3343 2730 3401 2782 ὐ
3424 2730 3779 2802 ἐπιχορηγῶν

2174 2822 2306 2893 ἡμῖν
2346 2821 2409 2875 τὸ
2440 2820 2688 2893 Πνεῦμα,
2724 2821 2821 2876 καὶ
2874 2821 3118 2893 ἐνεργῶν
3166 2822 3224 2873 ἐν
3269 2822 3401 2892 ἡμῖν
3438 2820 3731 2893 δυνάμεις.
3756 2840 3773 2872 ι

2176 2915 2297 2968 Ὅτι
2342 2915 2400 2968 δὲ
2425 2914 2487 2969 τὸ
2517 2915 2664 2988 ὕδωρ
2699 2915 2763 2969 τὸ
2814 2914 2925 2980 ζῶν
2968 2917 3085 2969 ἐστι
3113 2914 3176 2967 τὸ
3200 2914 3453 2985 Πνεῦμα,
3485 2917 3516 2968 ό
3542 2916 3777 2986 Χριστὸς

2170 3006 2401 3074 ἐδίδαξε,
2420 3006 2592 3078 λέγων
2609 3025 2621 3038 ο
2636 3028 2655 3061 ι
2678 3009 2738 3062 '0
2760 3008 2930 3062 πίνων
2952 3010 3017 3062 ἐκ
3044 3007 3137 3061 τοῦ
3160 3006 3371 3071 ὓδατος,
3394 3000 3459 3061 οὗ
3481 3007 3604 3076 ἐγὼ
3631 3008 3777 3062 bibam

2174 3100 2345 3171 αύτῷ,
2370 3101 2551 3166 καθὼς
2579 3098 2732 3156 εἶπεν
2762 3103 2795 3172 ἡ
2828 3101 3044 3174 Γραφὴ,
3078 3102 3318 3173 ποταμοὶ
3347 3103 3414 3154 ἐκ
3439 3101 3549 3172 τῆς
3576 3102 3777 3163 κοιλίας

2178 3192 2344 3246 αὑτοῦ
2369 3193 2652 3263 ῥεύσουσιν
2675 3192 2868 3256 ὓδατος
2896 3192 3121 3258 ζῶντος.
3146 3213 3164 3245 ι
3193 3193 3303 3247 Καὶ
3329 3194 3535 3262 ἐπάγει
3561 3196 3592 3247 ὁ
3623 3195 3776 3261 sita:-

2179 3282 2432 3353 γελιστὴς
2457 3282 2630 3351 λέγων
2649 3299 2663 3314 ⁸
2703 3302 2721 3335 ι
2763 3281 2931 3336 Τοῦτο
2958 3283 3014 3336 δὲ
3047 3283 3200 3352 ἔλεγε
3243 3284 3373 3354 περὶ
3398 3282 3499 3336 τοῦ
3526 3282 3776 3354 Πνεῦμα-

2179 3392 2291 3437 τος,
2308 3369 2369 3428 οὗ
2395 3374 2625 3445 ἡμελλον
2648 3374 2946 3445 λαμϐάνειν
2974 3376 3022 3429 οἱ
3054 3374 3401 3438 πιστεύοντες
3430 3377 3517 3438 εἰς
3549 3376 3735 3429 αὐτόν.
3753 3391 3772 3425 ι

2176 3464 2347 3517 Πόθεν
2365 3460 2458 3519 οὖν
2484 3464 2641 3518 τοῦτο
2684 3466 2746 3519 τὸ
2781 3465 2960 3538 ὓδωρ;
2999 3466 3158 3537 δῆλον
3191 3468 3301 3520 ἀπὸ
3332 3467 3437 3537 τῆς
3470 3467 3663 3540 πηγῆς
3684 3466 3775 3536 τῆς

2175 3553 2472 3628 λεγούσης·
2516 3574 2535 3607 ι
2558 3556 2689 3628 Ἐμὲ
2736 3556 3120 3627 ἐγκατέλιπον,
3163 3557 3348 3628 πηγὴν
3397 3556 3602 3622 ὕδατος
3644 3558 3770 3623 ζῶν-

2177 3664 2291 3712 τος.
2326 3668 2346 3700 ι

486 3751 597 3797 tem
631 3740 771 3796 dixit
798 3741 867 3796 de
895 3739 1121 3810 Spiritu,
1152 3754 1313 3810 quem
1338 3738 1619 3807 accepturi
1647 3746 1807 3793 erant
1832 3739 2121 3795 credentes
2166 3742 2224 3797 in
2252 3758 2376 3798 eum
2405 3744 2473 3798 “.
2512 3761 2531 3794 ι
2575 3740 2729 3797 Unde
2762 3757 2895 3813 ergo
2926 3743 3043 3799 hac
3084 3759 3227 3815 aqua
3294 3743 3369 3798 sit
3419 3743 3767 3800 manifestum

486 3845 596 3901 est,
625 3852 695 3892 ex
743 3834 891 3889 fonte
928 3832 1190 3888 nimirum
1235 3832 1352 3899 illo,
1399 3832 1495 3903 qui
1528 3831 1668 3888 dixit
1703 3847 1718 3884 :
1751 3850 1772 3883 ι
1818 3832 1903 3888 Me
1934 3834 2272 3905 reliquerunt
2303 3835 2508 3891 fontem
2538 3851 2693 3908 aqua:
2719 3838 2873 3892 τίνω.
2922 3855 2942 3888 ι

557 3930 650 3987 29.
677 3931 870 3986 Anam.
918 3929 977 3985 Si
1026 3928 1207 3985 omnis
1233 3927 1546 3985 substantia
1576 3943 1689 3983 non
1716 3928 1900 4000 genita
1929 3936 2015 3984 est
2044 3968 2065 3995 ,

486 4026 640 4082 nulla
689 4022 1061 4096 distinguetur
1092 4022 1162 4077 ab
1196 4023 1325 4089 alia,
1355 4023 1488 4094 quia
1530 4023 1682 4077 nulla
1714 4022 1856 4080 alius
1886 4023 2067 4079 domi-

487 4119 641 4175 nium
666 4117 867 4175 habet:
905 4124 960 4173 et
987 4118 1064 4174 ita
1091 4116 1497 4189 quodammodo
1525 4118 1650 4188 quis
1677 4127 1825 4175 recte
1847 4118 2067 4184 dixerit,

489 4212 631 4267 hanc
675 4208 899 4280 quidem
946 4209 1331 4271 transmutari,
1375 4209 1605 4264 alteram
1635 4223 1768 4265 vero
1795 4220 2071 4265 transmu-

489 4300 647 4355 tare?
678 4316 803 4355 cum
843 4314 923 4356 ea:
963 4315 1073 4356 non
1104 4300 1422 4371 permittant
1463 4300 1631 4356 Deum
1669 4301 1979 4358 subsistere
2001 4318 2066 4358 ex

487 4399 617 4449 n'on'
654 4392 898 4462 subjecta
948 4392 1276 4448 substantia.
1317 4390 1471 4447 Orth.
1518 4391 1752 4457 Quando
1802 4393 1901 4448 tibi
1955 4393 2072 4449 haec

489 4485 621 4541 libet
668 4490 780 4538 tam
824 4485 1080 4548 obscure,
1129 4483 1371 4547 indocte,
1413 4491 1469 4541 et
1506 4485 1764 4555 perplexe
1797 4486 2065 4551 scribere,

489 4590 593 4632 nos
638 4590 859 4647 quoque
909 4578 1108 4630 iterum
1156 4563 1403 4631 dicemus
1446 4582 1657 4633 nostra.
1708 4574 1813 4641 Qui
1852 4591 2071 4632 omnem

489 4667 857 4725 substantiam
887 4666 1024 4721 dicit
1054 4681 1177 4722 esse
1211 4678 1322 4720 non
1351 4666 1614 4737 genitam,
1648 4666 1856 4722 insanit
1900 4666 2068 4722 simul

2241 3932 2334 3986 29.
2378 3932 2580 4002 Ἀνόμ.
2631 3933 2694 3985 Ei
2728 3933 2880 3986 πᾶσα
2916 3931 3074 3985 οὐσία
3110 3930 3258 3984 ἐστὶν
3288 3928 3620 4000 ἀγέννητος,
3672 3928 3771 3982 οὐδ’

2171 4025 2408 4096 ὁποτέρα
2454 4024 2646 4079 διοίσει
2694 4025 2793 4096 τῆς
2823 4023 2990 4095 ἄλλης
3032 4023 3172 4078 κατά
3203 4022 3265 4077 τὸ
3295 4022 3621 4076 ἀδέσποτον.
3658 4022 3777 4084 Πῶς

2172 4118 2230 4172 δὲ
2260 4117 2326 4172 ἄν
2352 4134 2437 4182 τις
2488 4118 2622 4189 φαίη
2649 4117 2749 4189 τὴν
2791 4117 2891 4189 μὲν
2931 4113 3363 4188 μεταϐάλλεσθαι
3396 4114 3537 4185 (89),
3573 4116 3677 4185 τὴν
3723 4113 3777 4166 δέ

2175 4202 2553 4275 μεταϐάλλειν,
2585 4204 2687 4260 οὐκ
2719 4204 3123 4277 ἐπιτρεπόντων
3150 4203 3230 4275 τῷ
3277 4202 3400 4275 Θεῷ
3443 4204 3683 4275 ὕφιστᾷν
3714 4205 3776 4256 ἐκ

2180 4296 2256 4370 μὴ
2288 4296 2656 4370 ὑποκειμένης
2687 4298 2913 4364 οὐσίας;
2961 4298 3116 4366 Ὀρθ.
3151 4297 3216 4351 Ei
3264 4297 3360 4350 καί
3393 4294 3653 4365 ἀσαφῶς,
3684 4296 3777 4348 καὶ

2176 4389 2541 4455 ἀπαιδεύτως,
2569 4390 2666 4445 καὶ
2692 4390 3170 4461 συνεσκιασμένως
3193 4390 3451 4463 γράφεις,
3483 4389 3606 4444 ἀλλ’
3633 4391 3777 4461 ὅμως

2176 4484 2339 4556 ἡμεῖς
2364 4483 2525 4537 πάλιν
2555 4484 2790 4556 ἐροῦμεν
2816 4482 2884 4537 τά
2910 4483 3139 4538 ἑαυτῶν.
3160 4484 3351 4538 Πάσαν
3378 4482 3574 4537 οὐσίαν
3607 4483 3777 4552 λέγων

2176 4576 2493 4648 ἀγέννητον,
2533 4576 2671 4648 μετά
2702 4576 2811 4631 τῶν
2843 4577 3094 4648 ἀνόμοιον
3118 4576 3389 4644 λεγόντων
3411 4575 3508 4629 τὸν
3538 4574 3675 4629 Υἱδν
3705 4575 3777 4645 τῷ

2177 4668 2355 4741 Πατρὶ
2396 4668 2665 4740 μαίνεται.
2722 4669 2847 4734 Πῶς
2898 4669 3008 4741 γὰρ
3041 4669 3426 4739 γενεσιουργὺς
3458 4670 3490 4720 ὁ
3536 4668 3775 4738 Θεδςμή

488 4777 616 4819 cum
647 4762 737 4827 iis,
767 4761 861 4833 qui
904 4757 1104 4815 Filium
1149 4759 1477 4816 dissimilem
1506 4760 1662 4815 aiunt
1709 4759 1882 4815 Patri.
1916 4759 2071 4826 Quo-

2181 4760 2354 4815 οὐσῶν
2410 4761 2519 4815 τῶν
2564 4762 2799 4828 οὐσιῶνς
2854 4762 3047 4834 Πατὴρ
3068 4762 3147 4824 δὲ,
3174 4761 3269 4815 καὶ
3297 4761 3446 4825 Υἱὸς,
3483 4762 3587 4814 καὶ
3624 4760 3774 4829 ἅγιον

487 4855 655 4910 modo
681 4854 827 4911 enim
857 4850 1003 4908 Deus
1032 4859 1227 4906 auctor
1245 4850 1410 4906 fuerit
1436 4851 1893 4915 substantiarum,
1918 4852 1968 4907 si
1991 4868 2071 4908 ea:

488 4961 601 5002 non
632 4946 803 5003 sunt?
830 4944 996 5002 Pater
1016 4948 1163 5002 enim
1183 4954 1238 5000 et
1269 4942 1467 5009 Filius,
1490 4952 1546 4999 et
1571 4943 1812 5016 Spiritus
1841 4953 2069 5000 sanctus

488 5056 600 5096 non
636 5041 816 5112 genita
844 5050 976 5109 sunt
1004 5039 1335 5101 substantia,
1358 5046 1419 5093 ut
1444 5036 1653 5093 dictum
1684 5046 1771 5093 est
1803 5056 1816 5091 :
1852 5050 1906 5093 et
1928 5038 2071 5095 dici-

491 5141 583 5189 tur
611 5134 777 5190 etiam
832 5149 900 5189 ex
930 5142 1113 5190 vestra
1143 5131 1585 5188 ratiocinatione.
1611 5130 1769 5198 Quod
1797 5146 1928 5186 vero
1959 5146 2070 5186 non

490 5226 733 5298 genitum
761 5240 871 5281 non
901 5226 974 5282 sit
1001 5224 1330 5291 substantia,
1354 5226 1519 5280 etiam
1551 5224 1709 5281 exiis
1730 5234 2071 5295 compertum

489 5327 597 5387 est,
628 5334 750 5391 qua:
799 5319 1019 5376 scribis.
1055 5317 1114 5373 Si
1163 5319 1309 5375 enim
1343 5332 1470 5372 cum
1517 5318 1698 5373 omnis
1728 5316 1970 5372 essentia
2000 5317 2075 5373 sit

562 5499 608 5532 ⁸³
644 5496 845 5556 Jerem.
882 5511 959 5565 ιι,
995 5498 1083 5555 l3.
1159 5498 1204 5532 “
1243 5496 1421 5553 Galat.
1458 5513 1557 5564 ιιι,
1588 5498 1640 5553 5.

590 5677 682 5748 88)
709 5676 883 5733 Palat.
920 5680 970 5741 1,
1006 5680 1039 5748 ἠ
1080 5677 1307 5744 καθόλου
1341 5678 1621 5748 πρότασις.

590 5678 682 5741 88)
709 5678 883 5733 Palat.
920 5680 970 5741 1,
1006 5680 1039 5748 ἠ
1080 5678 1307 5744 καθόλου
1341 5679 1436 5748 πρέ

564 5678 679 5821 289)
708 5748 938 5819 August.
949 5789 965 5817 ,
980 5749 1283 5802 καταϐάλλε
1292 5748 1436 5805 σθαι.

2178 4853 2426 4926 Πνεῦμα,
2454 4856 2746 4927 ἀγέννητος
2776 4855 2952 4919 οὐσία,
2986 4854 3170 4920 καθὼς
3197 4854 3436 4926 εἴρηται,
3478 4854 3579 4908 καὶ
3630 4853 3772 4924 παρά

2177 4948 2275 5019 τῆς
2322 4948 2597 5019 ὑμετέρας
2620 4948 2732 5019 (90)
2772 4948 2992 5017 λέγεται
3047 4948 3307 5012 διανοίας.
3336 4948 3463 5001 Ὅτι
3496 4946 3556 4999 δὲ
3608 4949 3672 5000 οὐ
3716 4946 3772 4998 τὸ

2180 5040 2475 5114 ἀγέννητόν
2507 5044 2655 5095 ἐστιν
2686 5041 2866 5105 οὐσία,
2890 5044 2985 5095 καὶ
3015 5041 3073 5107 ἐξ
3108 5034 3184 5095 ὧν
3221 5040 3389 5102 αὐτὸς
3417 5040 3661 5112 γράφεις
3690 5040 3772 5092 εύο

2185 5133 2449 5206 ρίσκεται.
2480 5134 2543 5188 El
2569 5135 2700 5206 γὰρ,
2735 5131 2887 5207 ἐάνῇ
2926 5136 3078 5189 πᾶσα
3109 5134 3272 5188 οὐσία
3316 5133 3642 5203 ἀγέννητος,
3669 5133 3772 5186 οὐδ’

2179 5226 2416 5298 ὁποτέρα
2445 5227 2634 5281 διοίσει
2653 5227 2754 5297 τῆς
2772 5227 2958 5299 ἀλλης,
2986 5227 3201 5297 ἀνάγκη
3226 5228 3381 5280 πᾶσα
3408 5226 3507 5279 καὶ
3528 5227 3631 5290 τάς
3660 5242 3774 5294 γεν-

2182 5318 2353 5389 νητάς
2378 5318 2567 5381 οὐσίας
2597 5318 2672 5391 μὴ
2702 5318 2982 5391 διαφέρειν
3019 5317 3253 5373 ἑαυτῶν.
3300 5317 3366 5370 Εἰ
3396 5315 3456 5370 δὲ
3487 5316 3769 5387 διαφέρουο

1717 5499 1763 5531 “
1801 5495 1958 5555 Joan.
1997 5512 2109 5567 vn,
2144 5496 2236 5553 58.
2314 5497 2357 5528 ⁵¹
2402 5496 2533 5552 ibid.
2574 5496 2663 5552 39.

2255 5675 2366 5748 (90)
2398 5674 2601 5733 Omnes
2640 5674 2823 5733 Felck.
2850 5691 3011 5743 mss.,
3047 5677 3346 5748 ἡμετέρας.
