3862 6204
179 263 319 320 1201

1138 258 1227 315 os
1266 234 1543 315 suum
1580 260 1957 320 TRINITATE
1993 265 2342 325 DIALOGUS
2378 266 2472 323 IIl.

3285 265 3432 325 £202

179 394 271 432 σιν
319 373 528 430 ἑαυτῶν
560 374 617 428 αἱ
649 370 905 444 γεννηταὶ
938 370 1048 444 (9|)
1101 372 1300 438 οὐσίαι,
1337 374 1437 427 οὐκ
1467 373 1574 447 ἄρα
1606 378 1640 448 ἡ
1668 376 1753 430 γέ-

1862 395 1971 436 ηοη
2002 382 2202 452 genita,
2233 382 2378 436 nulla
2400 378 2615 436 ditl‘erat
2643 378 2711 435 ab
2731 379 2857 447 alia,
2888 393 3116 437 necesse
3141 386 3227 437 est
3251 382 3432 435 omni-

176 487 330 534 νεσις
354 468 530 524 οὐσία.
560 465 623 519 Εἰ
651 465 706 517 δὲ
732 464 832 516 οὐκ
875 461 1020 515 ἔστιν
1048 464 1080 534 ἡ
1111 462 1324 530 γένεσις
1356 463 1533 531 οὐσία,
1566 465 1688 518 οὐδὲ
1721 467 1756 537 ἡ

176 559 439 632 ἀγενεσία
476 558 624 612 ἐστὶν
660 554 836 609 οὐσία.
863 554 1060 623 Ἀνόμ.
1098 554 1160 607 Εἰ
1201 556 1353 609 πᾶσα
1403 555 1560 610 οὐσία
1609 557 1757 611 ἐστὶν

174 654 494 723 ἀγέννητος,
545 648 695 703 πᾶσά
748 648 895 700 ἐστιν
932 646 1373 718 ἀπαράλλακτος.
1418 648 1530 719 Τῆς
1574 648 1630 701 δὲ
1670 649 1760 702 οὔ·

176 744 305 807 σίας
328 739 760 813 ἀπαραλλάκτως
784 735 1033 808 ἐχούσης,
1050 736 1112 789 τὸ
1141 739 1309 791 ποιεῖν
1333 738 1427 791 καὶ
1450 737 1511 791 τὸ
1531 737 1759 810 πάσχειν

168 831 576 905 αὐτοματισμῷ
609 824 917 885 ἀναθετέον.
968 827 1187 881 Πολλῶν
1218 828 1276 881 δὲ
1322 829 1490 883 ὄντων
1532 829 1761 902 ἀγεννή-

164 943 286 978 υτων
319 923 416 978 καὶ
443 920 894 994 ἀπαραλλάκτων,
925 918 1142 990 ἀριθμῷ
1172 918 1459 973 διοίσουσιν
1493 920 1757 993 ἀλλήλων.

167 1015 254 1068 Οὐ
290 1014 399 1085 γὰρ
430 1013 495 1067 ἂν
517 1013 602 1083 εἴη
637 1010 764 1065 ἄλλο
790 1009 886 1064 καλ⁸
917 1009 1064 1074 ἄλλο,
1087 1010 1161 1080 μὴ
1186 1009 1448 1066 διεστῶτα
1471 1011 1503 1083 ἢ
1531 1011 1759 1068 καθόλου

164 1107 209 1179 ἦ
240 1109 383 1164 κατά
413 1126 488 1173 τι,
531 1108 712 1179 πάσης
763 1106 1097 1171 διαστάσεως
1146 1107 1526 1179 ἀποκλήρωσιν
1558 1107 1758 1176 ἐμφαι-

168 1200 374 1272 νούσης
403 1200 602 1264 αἰτίας.
627 1200 772 1267 Ὀρθ.
804 1197 1252 1271 Ἀπαράλλακτος
1303 1198 1402 1271 μὲν
1442 1199 1469 1252 ὁ
1513 1196 1642 1260 Υίὺς
1682 1195 1761 1267 τῷ

168 1293 487 1367 Πατρ“ι,κᾶν
520 1292 594 1365 μὴ
626 1291 808 1363 θέλῃς.
835 1291 910 1344 Οὐ
933 1290 1022 1345 διὰ
1046 1288 1203 1344 τοῦτο
1231 1290 1287 1344 δὲ
1319 1288 1755 1361 ἀπαράλλακτος,

166 1384 267 1440 διὰ
296 1385 355 1440 τὸ
382 1386 675 1455 ἀγέννητον
697 1401 710 1414 ⁸
746 1380 880 1437 ἀλλά
896 1381 983 1438 διὰ
1003 1383 1199 1437 ταυτὸν
1227 1383 1325 1452 τῆς
1346 1381 1625 1453 ἐνεργείας
1648 1379 1759 1434 δεί-

166 1497 365 1534 κνυται
390 1481 454 1533 ὲκ
491 1477 585 1532 τοῦ
621 1476 798 1532 πάντα
827 1476 1069 1546 ἐνεργεῖν
1096 1475 1187 1529 τὸν
1218 1473 1369 1539 Υἰὺν,
1417 1474 1517 1527 ὅσα
1549 1472 1644 1527 καὶ
1668 1472 1759 1526 τὸν

166 1571 415 1643 Πατέρα.
441 1590 458 1622 ι
488 1571 672 1625 Πάντα
708 1569 839 1641 γὰρ,
875 1570 974 1623 ὅσα
1004 1569 1070 1622 ἂν
1097 1569 1223 1639 ποιῇ
1252 1568 1281 1620 ὁ
1329 1565 1540 1637 Πατὴρ,
1585 1563 1759 1618 ταῦτα

164 1663 272 1716 καὶ
302 1664 331 1716 ὁ
358 1662 486 1725 Υίδς
516 1661 720 1733 ὁμοίως
746 1664 907 1726 ποιεῖ,
944 1680 963 1713 ι
997 1661 1090 1714 καὶ
1110 1659 1170 1713 τὸ
1190 1657 1415 1729 Πνεῦμα
1444 1656 1759 1729 ἀπαραλλά-

1862 485 1935 525 no
1980 470 2143 525 etiam
2185 472 2397 543 genitas
2440 470 2778 527 substantias
2828 470 2971 526 inter
3010 485 3134 527 sese
3179 484 3288 525 non
3324 469 3431 525 dit-

1863 557 2027 614 ferre.
2076 558 2134 615 Si
2177 576 2306 617 vero
2338 561 2483 616 inter
2511 575 2632 618 sese
2656 559 2914 616 diﬂ‘erunt
2947 560 3143 631 genitae
3171 560 3433 617 substan-

1860 650 1970 717 tiae,
2001 665 2112 706 non
2154 650 2320 724 440
2365 651 2533 724 igitur
2562 658 2718 707 ortus
2751 650 2869 721 ipse
2895 650 3203 706 substantia
3230 657 3337 706 est.
3373 648 3431 705 Si

1859 756 1992 797 vero
2022 749 2178 799 ortus
2224 759 2336 798 non
2388 750 2474 799 cst
2525 743 2833 800 substantia
2877 760 2893 796 :
2926 755 3030 797 nec
3070 742 3235 796 etiam
3274 748 3432 798 ortus

1859 834 2118 905 privatio,
2148 833 2456 890 substantia
2489 834 2614 890 erit.
2644 835 2841 890 Anam.
2876 832 2935 888 Si
2963 832 3146 889 omnis
3172 832 3434 889 substan-

1859 925 1936 980 tia
1957 932 2041 981 est
2068 941 2178 980 non
2206 924 2587 997 genita,etiam
2612 926 2793 981 omnis
2820 925 2977 981 alteri
3003 925 3060 980 in
3092 923 3247 979 nullo
3277 922 3436 979 dissi-

1859 1016 2027 1071 milis.
2055 1015 2191 1071 Cum
2221 1026 2401 1071 autem
2431 1016 2736 1072 substantia
2762 1016 2819 1071 in
2849 1016 3002 1071 nullo
3025 1015 3098 1073 sit
3123 1012 3431 1078 dissimilis,

1860 1103 2040 1174 ipsum
2073 1118 2235 1175 agere
2263 1112 2317 1159 et
2347 1105 2461 1174 pati
2495 1107 2648 1161 casui
2690 1098 3103 1162 attribuendum
3132 1105 3258 1161 erit.
3292 1103 3432 1159 Cum

1862 1201 2043 1251 autem
2070 1197 2239 1251 multa
2267 1196 2379 1252 sint
2410 1213 2518 1254 non
2549 1197 2733 1269 genita
2767 1204 2823 1254 et
2855 1197 2913 1252 in
2944 1197 3098 1253 nullo
3120 1195 3431 1260 dissimilia,

1859 1298 2091 1339 numero
2108 1292 2319 1340 tantum
2342 1300 2372 1340 a
2402 1301 2462 1342 se
2483 1295 2673 1343 mutuo
2695 1286 3122 1359 distinguentur.
3138 1284 3261 1342 Non
3284 1286 3432 1341 enim

1861 1374 2065 1431 fuerint
2109 1376 2255 1432 aliud
2302 1389 2356 1434 et
2400 1378 2570 1445 aliud,
2609 1395 2709 1435 nec
2735 1381 2899 1436 etiam
2941 1378 3218 1450 disiuncta
3248 1388 3431 1444 erunt,

1859 1467 1945 1523 vel
1976 1471 2221 1537 omnino,
2250 1471 2337 1526 rel
2373 1471 2677 1527 secundum
2706 1471 2859 1543 quid,
2893 1487 3016 1527 cum
3063 1472 3242 1528 omnis
3274 1471 3432 1527 diffe-

1860 1559 2039 1614 rentia
2069 1561 2321 1618 ostendat
2352 1563 2826 1635 participationem
2852 1577 3054 1620 causae.
3078 1563 3231 1620 Orth.
3250 1561 3352 1621 Vel
3379 1571 3436 1620 te

1859 1649 2033 1708 invito
2081 1651 2253 1709 Filius
2300 1669 2410 1709 non
2459 1661 2544 1712 est
2591 1655 2877 1712 dissimilis
2921 1654 3090 1713 Patri.
3146 1654 3258 1713 Nec
3300 1671 3434 1712 vero

166 1770 339 1817 κτως.
359 1725 697 1825 Πάντα-γὰρ,
724 1752 759 1807 ἃ
783 1754 998 1824 ἐνεργεῖ
1027 1754 1055 1805 ὁ
1085 1749 1297 1823 Πατὴρ,
1329 1725 1422 1803 καὶ
1446 1725 1577 1815 αὐτο
1610 1750 1753 1819 svsp-

1861 1751 2150 1815 prepterca
2198 1746 2255 1802 in
2283 1748 2436 1802 nullo
2485 1748 2769 1806 dissimilis
2793 1750 2921 1820 quia
2950 1764 3060 1805 non
3087 1749 3303 1822 genitus
3323 1756 3433 1814 est,

163 1845 283 1913 γεῖ,
316 1842 497 1908 καθὼς
528 1837 899 1914 βούλεται.Ὦν
925 1842 980 1896 δὲ
1004 1844 1037 1913 ή
1062 1843 1201 1913 αὐτὴ
1223 1841 1490 1915 ἐνέργεια,
1514 1840 1761 1912 ἀπαράλ-

163 1931 371 1997 λακτος
404 1935 437 2005 ή
476 1932 656 2003 φύσις.
710 1934 775 1986 Εἰ
805 1932 863 1986 δὲ
906 1931 1147 2003 νομίζεις
1176 1930 1263 1985 διὰ
1293 1931 1354 1985 τὸ
1382 1931 1673 2003 ἀγέννητον
1696 1929 1758 1984 τό

163 2023 611 2096 ἀπαράλλακτον,
635 2022 848 2094 ἀνάγκη
880 2021 974 2075 καὶ
1006 2023 1115 2075 πᾶν
1135 2021 1197 2074 τὸ
1220 2021 1479 2093 γεννητὸν
1504 2020 1759 2093 ἀπαράλ-

164 2114 390 2169 λακτον.
421 2117 537 2169 Οὐκ
576 2115 685 2187 ἄρα
734 2114 822 2168 διὰ
862 2112 924 2168 τὸ
955 2112 1249 2184 ἀγέννητον
1302 2111 1751 2184 ἀπαράλλακτονο

165 2202 311 2259 ἀλλὰ
360 2203 547 2269 καθὼς
597 2203 698 2275 ἤδη
755 2205 813 2257 ἐν
870 2202 949 2274 τῷ
1014 2202 1265 2274 προλόγῳ
1324 2201 1755 2273 διελαλήσαμεν·

172 2294 406 2350 «Ἀετοῦ
455 2297 755 2367 πετομένου
801 2294 1091 2367 ζητοῦντος
1140 2295 1256 2348 ἐστι
1312 2293 1499 2366 βορὰν,
1551 2294 1757 2367 καὶμὴ

164 2386 385 2459 ἔχοντος
414 2387 575 2458 ἴχνος.
602 2407 621 2438 ι
656 2387 730 2440 Οὐ
752 2385 862 2458 γὰρ
896 2385 1029 2455 ἔχει,
1051 2384 1155 2438 ποῦ
1186 2386 1310 2449 τοὺς
1331 2387 1498 2450 πόδας
1531 2388 1752 2458 στήσει·

164 2480 264 2534 ἵνα
297 2481 388 2534 καὶ
444 2480 607 2543 αὐτὸς
654 2478 864 2551 ἀκούσῃ
898 2476 1038 2550 μετὰ
1079 2475 1173 2530 τοῦ
1228 2478 1474 2539 Μωσέως
1497 2494 1509 2507 ·
1549 2496 1567 2529 ι
1598 2478 1668 2531 Σὺ
1701 2477 1758 2532 δὲ

163 2572 335 2627 αὐτοῦ
370 2572 525 2643 στῆθι
570 2574 687 2643 μετ’
713 2571 868 2642 ἐμοῦ.
902 2591 921 2623 ›
955 2571 1029 2624 Οὐ
1063 2570 1172 2642 γὰρ
1205 2568 1342 2640 μετὰ
1370 2569 1464 2622 τοῦ
1503 2567 1634 2622 Υίοῦ
1659 2568 1755 2622 τοῦ

164 2662 309 2717 Θεοῦ
371 2665 620 2735 στήκειὸ
676 2663 849 2731 λέγων
895 2660 1153 2733 γεννητὸν
1202 2660 1297 2713 καὶ
1341 2660 1633 2730 ἀγέννητον
1664 2659 1756 2714 τὸν

165 2753 333 2809 Θεόν·
372 2754 486 2808 ἀλλ’
517 2757 545 2808 ὁ
575 2753 850 2824 βαπτίζων
879 2753 960 2817 είς
987 2752 1048 2804 τὸ
1072 2751 1242 2822 ὄνομα
1273 2750 1367 2804 τοῦ
1398 2751 1630 2823 Πατρὸς,
1660 2752 1757 2806 καὶ

165 2840 267 2895 τοῦ
295 2842 448 2906 Υἰοῦ,
481 2844 574 2897 καὶ
603 2842 698 2896 τοῦ
722 2843 878 2912 ἁγίου
908 2840 1247 2913 Πνεῦματος.
1277 2839 1425 2913 Αὕτη
1455 2840 1564 2912 γὰρ
1592 2840 1753 2913 ἡμῶν

163 2934 203 3006 ἡ
238 2934 428 2996 στάσις
458 2935 813 2988 πεπίστευται
831 2933 964 3005 (92),
984 2932 1076 2987 καὶ
1094 2932 1298 2998 Ἀέτιος
1328 2932 1557 2987 πέταται
1574 2931 1754 3003 ζητῶν

164 3029 254 3082 ἔτι
286 3027 449 3100 βορὰν
476 3029 568 3081 καὶ
602 3028 811 3082 στάσιν.

1863 1837 1961 1893 sed
2011 1845 2236 1909 prepter
2267 1839 2603 1909 operationis
2649 1838 3009 1907 identitatem,
3043 1850 3103 1897 ut
3148 1856 3218 1897 ex
3246 1856 3312 1897 eo
3337 1841 3435 1898 de-

1860 1938 2221 1997 monstratur,
2251 1931 2398 2003 quod
2427 1930 2600 1988 Filius
2641 1931 2826 1987 omnia
2854 1939 3128 2003 operetur,
3161 1948 3282 2005 quae
3324 1930 3433 1988 Pa-

1858 2028 1943 2076 ter
1975 2040 1988 2076 :
2021 2039 2040 2074 ¢
2080 2019 2274 2077 Omnia
2301 2023 2447 2079 enim
2505 2038 2845 2095 quaecunque
2874 2024 3007 2080 facit
3046 2022 3229 2090 Pater,
3259 2022 3433 2079 Filius

1864 2112 2120 2169 similiter
2149 2114 2284 2170 facit
2311 2115 2382 2182 θ’,
2418 2136 2439 2170 ι
2476 2124 2530 2172 et
2559 2116 2798 2190 Spiritus
2822 2117 2953 2173 item
2981 2117 3100 2173 sine
3126 2117 3238 2172 ulla
3267 2116 3433 2173 dissi-

1858 2206 2184 2264 militudine.
2220 2207 2413 2264 Omnia
2444 2210 2587 2265 enim
2620 2226 2741 2281 quae
2773 2218 3032 2283 operatur
3056 2209 3236 2278 Pater,
3267 2210 3431 2265 etiam

1856 2297 1974 2369 ipse
1999 2309 2278 2372 operatur,
2305 2309 2367 2357 ut
2390 2303 2524 2358 vult.
2543 2301 2663 2359 Jam
2707 2318 2941 2375 quorum
2968 2303 3158 2359 eadem
3186 2308 3269 2358 est
3295 2316 3430 2373 ope-

1855 2390 2016 2456 ratio,
2052 2393 2370 2449 corumdem
2409 2395 2465 2450 in
2500 2395 2652 2451 nullo
2681 2395 2965 2452 dissimilis
2995 2402 3188 2450 natura
3233 2403 3337 2450 est.
3365 2392 3427 2448 Si

1855 2496 1988 2537 vero
2016 2484 2298 2543 existimas
2328 2495 2619 2558 propterea
2650 2486 2709 2542 in
2741 2488 2894 2542 nullo
2927 2486 3195 2543 dissimile
3220 2487 3426 2557 aliquid

1857 2587 2001 2638 esse,
2028 2576 2157 2647 quia
2189 2591 2296 2632 non
2323 2578 2563 2649 genitura
2593 2587 2679 2634 est
2711 2594 2724 2630 :
2755 2593 2982 2635 necesse
3003 2585 3108 2644 est,
3143 2591 3305 2633 omne
3327 2593 3424 2648 ge.

1857 2665 2030 2722 nilum
2060 2683 2182 2725 esse
2211 2669 2265 2724 in
2294 2671 2444 2726 nullo
2471 2671 2758 2729 dissimile.
2786 2669 2905 2726 Non
2924 2671 3091 2743 igitur
3113 2678 3421 2742 propterea,

1856 2757 2001 2827 quod
2033 2759 2272 2829 genitum
2308 2762 2509 2832 aliquid
2538 2777 2650 2818 non
2688 2770 2794 2830 est,
2839 2761 2962 2818 ideo
2986 2762 3151 2817 etiam
3187 2759 3245 2815 in
3273 2761 3426 2816 nulio

1857 2847 2126 2906 dissimile
2148 2859 2233 2906 est
2260 2870 2274 2907 :
2314 2853 2408 2908 sed
2440 2860 2499 2908 ut
2536 2853 2700 2910 modo
2727 2853 2785 2909 in
2819 2853 3135 2925 praefatione
3165 2853 3430 2908 sermoci-

1858 2940 1975 2993 nati
2029 2953 2241 3007 sumus,
2277 2940 2382 2997 hoc
2426 2942 2610 2999 dicere
2649 2949 2734 3000 est
2763 2963 2778 2999 :
2810 2961 2830 2995 ‹
2867 2942 3079 3014 Aquilae
3111 2939 3348 2998 volantis
3373 2951 3429 2997 et

1851 3031 2150 3098 quaerentis
2187 3046 2395 3099 escam,
2423 3049 2525 3090 nec
2556 3033 2810 3092 habentis
2837 3033 3151 3107 vestigium.
3184 3052 3206 3088 ι
3235 3030 3426 3102 Neque

164 3123 320 3179 enim
348 3121 530 3187 habet,
565 3122 659 3176 ubi
691 3121 858 3192 pedes
892 3131 1080 3191 ponat,
1113 3126 1173 3174 ut
1203 3119 1369 3173 etiam
1417 3118 1536 3189 ipse
1566 3118 1752 3174 audiat
1783 3133 1907 3174 cum
1942 3120 2128 3195 Moyse
2159 3141 2172 3177 :
2210 3143 2229 3177 ι
2263 3123 2345 3181 Tu
2381 3135 2561 3183 autem
2589 3126 2664 3183 ibi
2695 3132 2779 3183 sta
2803 3141 3017 3182 mecum
3045 3125 3115 3182 ⁸³.
3150 3142 3172 3178 ι
3236 3121 3426 3194 Neque

163 3217 322 3275 enim
371 3234 497 3273 cum
546 3217 684 3273 Filio
716 3216 811 3273 Dei
861 3217 1093 3280 steterit,
1125 3216 1219 3286 qui
1263 3215 1396 3270 dicit
1428 3215 1669 3286 genitum
1702 3220 1757 3269 et
1793 3230 1904 3271 non
1956 3218 2201 3289 genitura
2248 3218 2418 3276 Deum

2481 3237 2496 3274 :
2539 3221 2634 3277 sed
2685 3220 2780 3292 qui
2818 3219 3061 3291 baptizat
3097 3218 3154 3273 in
3204 3216 3426 3273 nomine

158 3307 370 3374 Patris,
420 3317 475 3365 et
510 3309 654 3374 Filii,
684 3318 738 3364 et
790 3308 1026 3379 Spiritus
1058 3306 1253 3363 sancti.
1310 3305 1436 3360 Ilaec
1482 3307 1626 3361 enim
1676 3314 1867 3363 nostra
1916 3308 2159 3367 creditur
2199 3312 2418 3368 statio:
2468 3318 2524 3367 at
2578 3312 2772 3378 Aetius
2823 3310 3131 3383 (aquilinus
3193 3305 3424 3379 nempe)

160 3406 362 3485 yolitat
397 3421 647 3476 quaerens
677 3403 855 3458 adhuc
886 3401 1121 3474 prmdam
1159 3408 1214 3457 et
1248 3401 1560 3457 stationem.

236 3521 285 3555 ³³
321 3520 480 3579 Joan.
514 3538 570 3587 ν,
604 3521 692 3577 19.
767 3521 813 3553 ⁵³
849 3520 1025 3577 Deut-
1049 3535 1099 3586 ν,
1132 3520 1224 3579 51.

234 3635 350 3778 Σθι)
382 3637 611 3708 August.
640 3643 695 3691 et
718 3634 891 3691 Palat.
922 3635 978 3698 2,
1007 3631 1252 3703 γενηταί.

262 3705 351 3778 92)
376 3707 550 3765 Palat.
572 3707 629 3773 2,
649 3717 703 3764 et
739 3708 1067 3778 Augustam,
1100 3720 1252 3763 πιστε

262 3689 351 3780 92)
376 3689 629 3773 Ϊίιῖιῖιιίέ,
649 3689 703 3764 et
739 3689 1067 3779 Augustam,
1100 3689 1433 3763 πιστεύεται.
1479 3698 1601 3753 Mox
1629 3694 1753 3750 iidet

1857 3689 2025 3763 ζητῶν
2048 3690 2328 3762 ὲπιϐοράν,
2362 3698 2415 3746 et
2444 3689 2535 3746 llic
2568 3690 2847 3746 deﬁciunt.

1771 3815 1845 3828 ρ

1248 3879 1385 3935 ΤΟΥ
1422 3878 1515 3932 ΕΝ
1548 3876 1773 3930 ΑΓΙΟΙΣ
1811 3870 2084 3928 ΠΑΤΡΟΣ
2119 3867 2317 3923 ΗΜΩΝ

1466 3998 2103 4093 ΑΘΑΝΑΣΙΟΥ

155 4154 526 4213 ΔΙΑΔΟΓΟΣ
566 4153 631 4206 Γ’
680 4134 813 4221 περὶ
841 4149 951 4221 τῆς
982 4149 1158 4221 ἁγίας
1195 4148 1465 4221 Τριάδος,
1507 4147 1577 4221 ἐκ
1602 4137 1651 4211 ᾧ
1696 4140 2008 4221 ιιῐριετιριοξῦΔ
2049 4139 2432 4221 ερον-οῦντες.
2478 4136 2553 4189 τὰ
2600 4131 2708 4188 τοῦ
2753 4125 3263 4202 Πνευματομάχου
3298 4128 3423 4181 Μα-

1127 4207 1766 4280 Ξιεδόνίουᾟντίθὲσιξ
1776 4211 1928 4280 πρὸς
1956 4207 2304 4279 ὀρθόδοξον
2326 4207 2458 4280 (95).

1186 4418 1280 4507 S.
1358 4417 1466 4503 P.
1549 4416 1665 4505 N.
1744 4404 2397 4504 ATHANASII

157 4570 545 4634 DIALOGUS
592 4571 693 4630 ΙΙΙ
736 4572 800 4627 de
830 4578 1017 4628 sancta
1045 4570 1324 4635 Trinitate,
1365 4570 1420 4622 in
1458 4584 1559 4638 quo
1598 4575 1773 4638 exstat
1829 4562 2077 4638 lueretici
2110 4560 2380 4617 sentientis
2432 4572 2551 4612 cum
2577 4552 2889 4610 Macedonio
2944 4550 3425 4608 Pueumatomacho

1268 4634 1560 4710 disputatio
1590 4637 1840 4693 adversus
1875 4634 2260 4692 Orthodoxum.

712 4846 1177 4903 ΜΑΚΕΔΟΝΙΟΣ.

234 4941 287 4996 Ι.
334 4941 444 4995 Ποῦ
491 4940 828 5013 γέγραπται,
856 4938 990 5000 Θεὸς
1036 4938 1099 4991 τὸ
1138 4936 1395 5008 Πνεῦμα;
1457 4937 1744 4992 ΟΡΘΟΔΟ-

150 5034 306 5090 ΞΟΣ.
340 5033 404 5088 Et
428 5033 713 5096 ἐπίστευες
747 5033 827 5096 είς
857 5031 947 5085 τὸν
968 5030 1094 5086 Υίὸν
1123 5030 1218 5084 τοῦ
1242 5028 1377 5083 Θεοῦ
1409 5028 1606 5102 ὀρθῶς,
1633 5029 1746 5097 ὲγί-

2399 4831 2794 4893 MACEDONIU
2806 4829 2864 4886 S.

1923 4936 1974 4990 1.
2010 4933 2117 4989 Ubi
2183 4931 2452 5002 scriptum
2521 4933 2627 4989 est,
2702 4922 2969 4994 Spiritum
3036 4933 3164 4976 esse
3218 4917 3390 4973 Deum

1851 5004 2348 5081 ORTHODOXUS.
2387 5018 2446 5074 Si
2493 5027 2645 5075 recte
2675 5015 2734 5070 in
2765 5012 2966 5069 Filium
2998 5008 3096 5067 Dei
3144 5007 3414 5078 crederes,

228 5187 342 5259 (93)
382 5185 510 5242 Hmc
562 5196 717 5259 notat
766 5184 1079 5259 Felekmran.
1130 5185 1184 5239 in
1214 5184 1363 5259 hunc
1412 5184 1730 5259 dialogum:

1857 5178 2135 5259 Possem
2149 5176 2410 5259 ,Μάξιμος
2437 5166 3050 5259 inmanisﬁt}?
3076 5161 3419 5259 Ξὶαὶέέξξεὲ·

162 5255 291 5317 Vidi
321 5255 610 5324 aliquando
648 5256 946 5327 Γρηγορίου
978 5256 1332 5328 ἱερομονάχου
1358 5255 1460 5328 καὶ
1493 5270 1738 5324 πνευμα-

146 5329 311 5385 τικοῦ
344 5328 439 5383 τοῦ
471 5325 706 5400 μεγάλου
731 5325 1200 5400 πρωτοσυγγέλου,
1232 5325 1581 5400 καὶῄὖστερον
1601 5341 1742 5400 ’χρη-

154 5394 486 5473 ματίσαντος
520 5394 643 5470 (sic)
673 5394 1008 5478 πατριάρχου
1037 5394 1131 5451 καὶ
1164 5399 1221 5477 ὲην
1258 5394 1446 5479 Ῥώμη
1478 5394 1741 5465 ταφέντος

154 5471 255 5527 καὶ
287 5470 848 5539 θαυματουργουντος,
867 5473 946 5533 είς
986 5468 1086 5539 τὴν
1115 5485 1210 5521 του
1244 5464 1744 5539 (ΜίανιτιῄΜεινορο-

150 5481 255 5527 καὶ
287 5481 848 5542 θαυματουργουντος,
867 5481 946 5533 είς
986 5481 1086 5539 την
1115 5485 1210 5521 του
1244 5481 1440 5536 (Marc:
1475 5481 1744 5534 metropo-

156 5540 295 5611 litw)
328 5542 580 5611 Ἐφεσίου
608 5539 895 5611 ἐπιστολὴν
929 5542 994 5611 ὲᾼκ
1019 5539 1290 5610 διαφόρων
1321 5537 1580 5611 Πατέρων
1612 5536 1747 5611 ἀπο-

156 5606 367 5682 λογίαν.
404 5606 508 5665 Hic
548 5613 735 5665 titufus
765 5606 899 5667 erat.
938 5609 1006 5665 In
1051 5606 1131 5664 ea,
1157 5606 1259 5682 non
1300 5606 1489 5682 procul
1528 5624 1560 5660 a
1616 5607 1740 5682 line,

154 5676 246 5736 Ιιὶὁ
271 5681 519 5749 diatequs
542 5681 640 5737 sub
666 5682 874 5738 nomine
894 5682 1129 5738 auctoris
1152 5678 1386 5757 Maximi
1404 5678 1619 5744 citatur,
1645 5676 1742 5742 sic,

1209 5984 1216 6015 ί

1840 5249 1935 5325 τοῦ
1967 5252 2047 5325 τῇ.
2069 5249 2205 5325 πρὸς
2226 5234 2410 5325 τδῇτᾷ
2422 5234 2703 5325 privantia
2740 5234 3421 5325 (ppO'VOBV‘t'féil’Fft‘thﬁx-tz:

1843 5302 2154 5391 ddutogisic)
2172 5302 2593 5391 irpbgMaiEttmy:
2610 5302 2977 5391 Ὑπογράφεις
2997 5302 3090 5391 οῦν
3106 5302 3182 5391 ’τῇ
3212 5302 3422 5391 ἐκθέσει

1845 5372 2175 5454 Miletiae}
2203 5372 2558 5457 ΜάξιμοςίἸίί
2582 5372 2880 5457 κατέγνως,
2895 5388 2998 5434 etc.
3024 5372 3421 5457 V‘ide’pauoloin-

1845 5462 2038 5518 terius.
2074 5459 2134 5515 ln
2163 5446 2411 5513 Palatino
2435 5446 2629 5513 codice
2654 5446 2740 5507 sie
2770 5458 2990 5505 notatur
3015 5446 3083 5502 ad
3121 5446 3422 5513 marginem

1848 5533 1964 5597 hic,
1980 5531 2074 5587 τοῦ
2092 5531 2248 5600 ἁγίου
2264 5526 2540 5597 Μαξίμου.
2559 5523 2774 5601 Titulus
2789 5522 2952 5601 etiam
2974 5518 3030 5572 in
3056 5523 3288 5601 utroque
3315 5528 3420 5601 ms.

1848 5611 1902 5659 et
1940 5590 1996 5657 in
2019 5590 2152 5672 Reg.
2186 5608 2272 5656 est
2312 5590 2524 5654 tantum
2555 5612 2570 5650 :
2608 5590 2886 5668 αἱρετικοῦ
2924 5590 3269 5662 φρονοῦντος,
3310 5590 3418 5640 etc.

1850 5689 1971 5742 quae
1988 5679 2313 5741 sequuntur.
3332 5691 3337 5695 -
