3862 6204
467 295 605 354 1205

1589 300 1645 356 S.
1689 301 2156 359 ATHANASIUS.
2197 335 2266 343 —
2307 302 2578 358 εΡυιιιΑ.

3606 305 3752 360 1204

464 430 656 470 nosses
685 412 846 470 etiam
883 417 1156 486 quomodo
1181 417 1253 473 sit
1291 419 1344 473 in
1384 416 1649 490 Spiritum
1679 419 2026 476 credendum.

2141 439 2350 484 νωσκες
2401 420 2503 492 τὴν
2570 421 2699 492 περὶ
2762 420 2856 473 τοῦ
2921 419 3236 491 Πνεύματος
3295 419 3500 474 πίστιν.
3582 423 3747 475 Μαι.

465 506 668 562 "acad.
695 506 905 564 Nosita
933 509 1232 576 credimus,
1262 519 1320 566 ιιι
1341 512 1532 568 beatus
1560 511 1858 569 Lucianus.
1884 513 2036 569 Orth.

465 599 632 655 Velim
667 601 830 670 scire,
857 617 927 657 an
978 604 1174 660 saltem
1204 615 1262 660 ut
1292 607 1485 662 beatus
1511 605 1787 662 Lucianus
1821 607 2035 662 credas.

461 689 668 746 Hace-Ii.
694 691 778 746 An
799 694 947 764 quod
975 711 1073 751 vos
1100 711 1318 768 quoque
1341 697 1422 753 sic
1450 698 1724 754 credatis?
1751 697 1903 754 Ortlz.
1929 697 2040 754 Nos

458 784 680 854 qu'lem
722 787 796 841 ita
849 786 1146 856 credimus,
1190 798 1252 844 ut
1300 805 1492 847 omnes
1527 791 1702 847 sancti
1745 798 2034 862 martyres.

456 874 594 933 Nam
625 887 679 934 et
710 881 746 934 ii
773 881 850 936 ita
865 882 1238 949 crediderunt,
1263 892 1324 938 ut
1352 886 1529 940 sancti
1551 884 1805 956 apostoli.
1826 883 2036 938 Maced.

458 969 650 1026 Credis
702 971 887 1043 igitur,
923 983 982 1028 ut
1013 974 1206 1032 beatus
1237 975 1551 1032 Lucianus?
1577 976 1730 1032 Orth.
1774 975 1894 1031 Jam
1924 977 2038 1031 dixi

456 1073 549 1116 me
590 1061 836 1126 credere,
891 1080 1001 1119 non
1050 1073 1262 1120 tantum
1311 1076 1370 1120 ut
1422 1066 1654 1121 credidit
1698 1067 1890 1121 beatus
1928 1065 2041 1120 Lu-

457 1150 674 1216 cianus.
719 1167 908 1207 verum
955 1154 1120 1210 etiam
1174 1166 1234 1210 ut
1279 1172 1471 1212 omnes
1521 1157 1698 1212 sancti
1769 1166 2040 1229 martyres

456 1254 512 1300 et
549 1249 802 1318 apostoli.
849 1248 1062 1304 Maced.
1113 1249 1434 1307 Subscribis
1481 1251 1649 1321 igitur
1699 1250 2036 1307 confessioni

457 1339 580 1395 ﬁdei
631 1357 661 1394 a
690 1340 936 1397 Luciano
975 1343 1179 1398 edita?
1230 1343 1381 1399 ονιΙι.
1415 1344 1557 1409 Quid
1602 1343 1832 1399 damnas
1867 1344 1920 1397 in
1949 1359 2036 1408 ea,

455 1448 577 1502 qua
601 1448 632 1487 a
663 1435 928 1492 trecentis
977 1435 1282 1491 octodecim
1325 1435 1584 1491 Patribus
1617 1435 1812 1490 Nicaa
1853 1435 2040 1506 Bithy-

455 1525 561 1580 nia
591 1525 735 1580 edita
765 1535 870 1590 est,
910 1534 972 1581 ut
1023 1535 1077 1582 et
1105 1527 1268 1582 aliam
1310 1529 1602 1598 requiras?
1625 1527 1782 1600 44],
1825 1526 2034 1581 Maced.

454 1618 526 1684 At
549 1624 606 1671 tu
623 1618 755 1688 quid
783 1618 840 1672 in
862 1619 955 1672 illa
985 1617 1220 1673 Luciani
1237 1617 1506 1674 damnas?
1535 1618 1688 1675 Orth.
1717 1619 2038 1676 Condemno

451 1718 696 1765 vestrum
723 1711 860 1765 illud
889 1710 1342 1774 additamentum,
1365 1711 1530 1781 idque
1560 1727 1782 1782 possum
1809 1711 2036 1766 demon-

2156 515 2344 586 Ἡμεῖς
2371 514 2544 576 οὕτως
2578 513 2930 584 πιστεύομεν,
2961 513 3037 576 ὼς
3061 515 3090 567 ὀ
3121 513 3391 584 μακάριος
3415 515 3745 576 Λουκιανός.

2155 607 2299 676 Ὀρθ.
2363 606 2513 660 Θέλω
2556 605 2780 675 γνῶναι,
2831 607 2880 658 εί
2930 606 3033 659 κᾶν
3080 607 3156 670 ὡς
3201 610 3229 660 ὁ
3281 608 3558 676 μακάριος
3603 609 3748 661 Λου-

2142 699 2327 762 κιανὸς
2377 697 2676 762 πιστεύεις.
2731 700 2886 751 Μακ.
2923 699 3034 750 Καὶ
3077 699 3239 768 ὑμεῖς
3277 698 3388 770 γὰρ
3419 697 3612 762 οὕτως
3657 716 3745 752 πι-

2144 790 2396 856 στεύετε;
2452 792 2607 859 Ὀρθ.
2649 790 2838 860 Ἡμεῖς
2902 789 3000 860 μέν
3045 789 3217 853 οὕτως
3255 790 3622 859 πιστεύομεν,
3675 792 3748 855 ὡς

2139 881 2343 946 πάντες
2368 882 2418 934 οἱ
2445 881 2588 952 ἆγιοι
2620 881 2913 952 μάρτυρες.
2960 881 3070 933 Καὶ
3101 879 3211 950 γάρ
3246 881 3339 933 καὶ
3370 883 3532 934 αὐτοὶ
3566 883 3748 945 οὕτως

2141 973 2490 1038 ἐπίστευσαν,
2526 973 2603 1038 ὠς
2640 975 2689 1026 οἱ
2734 972 2879 1042 ἆγιοι
2920 972 3226 1026 ἀπόστολοι.
3259 976 3414 1028 Μακ.
3447 975 3749 1038 Πιστεύεις

2139 1061 2232 1121 οῦν
2260 1067 2335 1132 ὡς
2361 1067 2391 1120 ὁ
2425 1066 2693 1138 μακάριος
2726 1068 3058 1130 Λουκιανός;
3112 1067 3259 1135 Ὀρθ.
3309 1063 3504 1133 Εἶπον,
3564 1071 3656 1122 ὅτι
3687 1071 3747 1120 οὐ

2143 1160 2304 1231 μόνον
2327 1160 2402 1224 ὡς
2433 1162 2460 1212 ὁ
2489 1161 2758 1231 μακάριος
2781 1159 3102 1225 Λουκιανὸς,
3131 1159 3267 1212 ἀλλὰ
3307 1161 3399 1213 καὶ
3429 1160 3509 1224 ὡς
3538 1163 3748 1224 πάντες

2142 1254 2192 1304 οἱ
2222 1253 2368 1322 ἀγιοι
2405 1251 2700 1323 μάρτυρες,
2735 1253 2830 1305 καὶ
2871 1253 2920 1305 οἱ
2967 1251 3274 1306 ἀπόστολοι.
3337 1255 3498 1306 Μακ.
3571 1255 3745 1307 Ὑπο-

2139 1342 2368 1414 γράφεις
2383 1339 2475 1396 οῦν
2491 1346 2555 1415 τῇ
2574 1343 2786 1397 ἐκθέσει
2802 1345 3102 1398 Λουκιανοῦ
3123 1363 3137 1410 ;
3160 1347 3306 1413 Ὀρθ.
3347 1344 3415 1399 Τί
3440 1347 3560 1417 γάρ
3615 1365 3744 1400 κατ-

2155 1435 2330 1503 έγνως
2361 1437 2460 1506 τῆς
2493 1436 2597 1488 ὑπὸ
2625 1435 2734 1488 τῶν
2765 1437 2877 1507 (94)
2923 1443 3027 1508 τιη⁹
3061 1437 3319 1509 Πατέρων
3346 1437 3522 1505 ἁγίων
3557 1439 3622 1490 ἐν
3645 1439 3743 1490 Νι-

2141 1525 2271 1597 καίᾳ
2300 1525 2401 1596 τῆς
2433 1525 2682 1589 Βιθυνίας
2731 1526 3065 1598 ἐκτεθείσης,
3122 1528 3208 1582 ἵνα
3246 1528 3340 1582 καϊ
3372 1527 3549 1598 ἄλλην
3582 1547 3740 1600 περι-

2139 1616 2344 1689 ϐλέψῃ;
2379 1620 2538 1672 Μακ.
2573 1618 2646 1670 Σὺ
2671 1617 2779 1687 γὰρ
2820 1619 2874 1670 τί
2909 1618 3189 1687 κατέγνως
3221 1619 3318 1689 τῆς
3348 1618 3445 1671 τοῦ
3499 1621 3740 1672 Λουκια-

2138 1708 2230 1761 νοῦ
2254 1726 2268 1773 ;
2297 1711 2458 1776 Ὀρθ.
2489 1710 2786 1778 Κατέγνων
2815 1711 2912 1781 τῆς
2948 1711 3265 1782 προσθήκης
3284 1705 3352 1782 ἧς
3381 1711 3739 1782 προσεθήκα-

453 1810 628 1858 strare
661 1817 691 1854 a
725 1802 880 1858 vobis
933 1802 1208 1874 adjectum
1240 1817 1362 1858 esse
1402 1812 1596 1857 contra
1640 1802 1760 1871 ejus
1808 1811 2026 1858 senten-

2141 1817 2220 1862 τε,
2256 1801 2349 1854 καὶ
2379 1800 2486 1870 ἐχω
2529 1801 2719 1868 δεῖξαι,
2758 1802 2839 1854 ὅτι
2873 1802 3248 1873 προσεθήκατε
3278 1803 3498 1856 ἐναντία
3536 1803 3736 1872 αὐτῆς.

450 1897 603 1954 tiam.
639 1898 848 1954 Maced.
900 1899 1092 1955 Annon
1136 1907 1193 1954 et
1235 1913 1332 1954 vos
1382 1898 1586 1968 aliquid
1623 1897 1852 1952 Nicana
1884 1897 2034 1966 adje-

453 1991 654 2047 cistis?
685 1991 840 2046 Orth.
877 1991 1041 2058 Sane,
1075 1999 1129 2045 at
1150 2007 1260 2045 non
1284 1991 1643 2059 repugnantia
1670 1990 1793 2058 ipsi.
1822 1988 2030 2042 Maced.

453 2083 647 2152 Aliqua
675 2083 902 2138 omnino
935 2083 1238 2154 adjecistis.
1293 2082 1448 2138 Orth.
1512 2073 1587 2135 Ea
1643 2081 1915 2143 videlicet,
1964 2079 2033 2134 de

451 2175 652 2244 quibus
687 2181 819 2230 tunc
844 2190 951 2230 non
980 2176 1346 2245 quarebatur,
1374 2182 1429 2230 et
1455 2188 1578 2244 qua
1603 2187 1749 2226 nunc
1779 2179 1908 2228 sunt
1929 2170 2034 2224 Pa-

450 2273 572 2321 tres
603 2267 689 2334 pie
717 2268 1058 2338 interpretati
1097 2287 1109 2322 :
1152 2277 1207 2321 at
1230 2282 1330 2322 vos
1352 2265 1629 2326 adiecistis
1651 2263 2030 2334 appendicem,

451 2358 664 2428 qua-ad
696 2358 1030 2428 impietatem
1063 2360 1258 2430 vergit,
1307 2370 1363 2414 et
1408 2375 1476 2414 ne
1507 2359 1588 2413 sic
1637 2357 1858 2428 quidem
1909 2373 2031 2412 eam

453 2449 768 2519 sequimini.
796 2448 1006 2504 Maced.
1039 2450 1152 2506 Nos
1178 2451 1258 2506 sic
1288 2450 1586 2516 credimus,
1641 2458 1700 2504 ut
1731 2448 2027 2503 Lucianus.

455 2539 608 2596 Orth.
643 2539 785 2606 Quid
812 2541 857 2595 si
891 2551 944 2594 te
973 2541 1258 2597 ostendam
1285 2557 1386 2596 nec
1417 2541 1498 2596 sic
1525 2539 1744 2610 quidem
1774 2537 2032 2592 credere?

450 2627 659 2686 Mat-ed.
690 2630 978 2698 Quomodo
1009 2633 1062 2688 id
1101 2632 1450 2688 ostenderis?
1486 2632 1642 2688 Orth.
1679 2630 1848 2684 Estne
1880 2630 1937 2683 in
1967 2643 2031 2683 ea

451 2723 712 2792 scriptum
752 2743 770 2776 :
797 2722 970 2778 Filius
1015 2732 1101 2778 est
1135 2723 1229 2779 Dei
1271 2724 1611 2786 substantiae,
1647 2721 1888 2784 consilii,
1930 2734 2029 2790 po-

447 2815 632 2869 tentia
658 2822 713 2870 et
738 2815 926 2886 gloria
960 2815 1160 2884 imago,
1190 2815 1308 2870 sine
1337 2814 1812 2878 dissimilitudine;
1845 2829 2029 2866 annon

448 2907 761 2977 scriptum?
811 2905 1019 2961 Maced.
1073 2907 1189 2962 Est.
1245 2906 1395 2961 Orth.
1456 2905 1771 2961 Substantia
1825 2919 1954 2960 vero
1998 2920 2030 2957 a

449 2999 762 3054 substantia
803 2999 942 3053 nihil
972 3014 1200 3069 prorsus
1221 2999 1460 3064 varians,
1492 3013 1674 3052 annon
1695 2995 1882 3052 eadem
1905 2996 2030 3050 est?

448 3089 659 3144 Haced.
720 3089 927 3144 Similis
989 3096 1094 3144 est.
1155 3089 1308 3144 0rlh.
1364 3089 1432 3143 At
1484 3104 1612 3144 vero
1649 3087 1846 3144 similis
1881 3087 2028 3141 aliud

445 3181 708 3252 quiddam
757 3189 843 3236 est
893 3196 1057 3252 quam
1106 3181 1339 3235 eadem?
1389 3181 1603 3235 Maced.
1634 3179 1744 3235 Nos
1778 3179 2026 3248 ejusdem

448 3275 595 3329 modi
624 3282 680 3330 et
712 3273 948 3330 similem
989 3273 1244 3337 dicimus,
1276 3275 1523 3328 eamdem
1561 3288 1692 3327 vero
1733 3288 1842 3326 non
1873 3273 2024 3326 item.

448 3366 604 3424 Orth.
634 3365 714 3420 Ita
743 3366 885 3422 dicis
928 3366 1081 3420 Patri
1134 3367 1370 3422 similem
1421 3364 1640 3428 Filium,
1676 3372 1734 3418 ut
1777 3365 2028 3435 angelum

448 3459 687 3529 angelo?
732 3457 941 3512 Maced.
977 3457 1177 3512 Etiam.
1215 3456 1368 3512 Ortlz.
1412 3458 1745 3527 Angelorum
1776 3469 1906 3510 vero
1935 3471 2030 3508 ea-

2135 1895 2290 1946 Μακ.
2340 1893 2528 1962 Ὑμεῖς
2568 1892 2678 1965 γὰρ
2723 1895 2783 1946 οὐ
2840 1893 3219 1965 προσεθήκατε
3265 1896 3331 1964 τῇ
3379 1896 3437 1945 ἐν
3483 1894 3736 1964 Νικαίᾳ;

2149 1986 2300 2052 Ὀρθ.
2322 1985 2462 2038 Ἀλλ’
2491 1986 2592 2038 οὐκ
2641 1986 2859 2039 ἐναντία
2916 1987 3075 2056 αὐτῇ.
3110 1989 3264 2039 Μακ.
3328 1985 3509 2048 Ὄλως
3567 2004 3742 2057 προσ-

2138 2077 2395 2148 εθήκατε.
2417 2079 2674 2146 Ὀρθ.Τά
2703 2079 2822 2132 τότε
2856 2079 2930 2150 μὴ
2955 2077 3276 2149 ζητηθέντα,
3308 2076 3342 2130 ἃ
3373 2077 3486 2145 (93)
3511 2079 3615 2129 καὶ
3644 2079 3742 2130 νῦν

2133 2171 2483 2240 ἡρμήνευσαν
2505 2171 2560 2223 οἱ
2592 2171 2836 2242 Πατέρες
2861 2170 3128 2234 εὐσεϐῶς·
3160 2172 3314 2239 ὑμεῖς
3337 2170 3395 2221 δέ
3425 2169 3526 2239 τὴν
3561 2188 3741 2240 προσ-

2135 2259 2308 2330 θήκην
2335 2259 2429 2311 ἐπὶ
2468 2259 2527 2311 τὸ
2561 2258 2923 2329 ἀσεϐέστερον
2955 2257 3353 2328 προσεθήκατε,
3385 2257 3484 2308 καὶ
3508 2257 3627 2308 οὐδ’
3653 2256 3743 2308 0'3-

2134 2368 2243 2413 τως
2264 2351 2404 2422 αὐτῇ
2431 2350 2793 2404 ἀκολουθεῖτε.
2820 2355 2976 2404 Max.
2995 2351 3185 2421 Ἡμεῖς
3208 2349 3349 2403 οὕτω
3369 2351 3738 2420 πιστεύομεν,

2132 2443 2207 2506 ὡς
2243 2445 2558 2506 Λουκιανός.
2591 2446 2746 2511 Ὀρθ.
2770 2444 2898 2497 Ἐὰν
2941 2445 2997 2496 δέ
3033 2444 3079 2496 σ’
3116 2443 3351 2511 ἐλέγξω,
3388 2444 3516 2514 μηδ’
3556 2443 3741 2506 οὕτως

2135 2535 2494 2600 πιστεύοντα;
2564 2538 2718 2588 Μακ.
2753 2535 2876 2598 Πῶς
2897 2535 3038 2605 ἔχεις
3069 2534 3268 2599 δεῖξαι;
3291 2537 3446 2602 Ὀρθ.
3468 2535 3565 2588 Ἐν
3597 2535 3735 2604 αὐτῇ

2133 2628 2464 2698 γέγραπται·
2505 2627 2562 2680 '0
2588 2627 2716 2690 Υἱὸς
2738 2626 2832 2680 τοῦ
2855 2627 2990 2681 Θεοῦ
3026 2628 3214 2690 οὐσίας
3264 2630 3357 2680 καὶ
3386 2627 3617 2698 βουλῆς,
3645 2632 3737 2682 καὶ

2132 2716 2434 2787 δυνάμεως,
2459 2718 2552 2770 καὶ
2571 2717 2728 2787 δόξης
2756 2717 3172 2790 ἀπαράλλακτος
3191 2718 3372 2784 εἰκὼν,
3393 2719 3425 2789 ἢ
3449 2718 3546 2783 of»;
3574 2723 3731 2773 Max.

2132 2807 2260 2861 Ναί.
2292 2810 2448 2876 Ὀρθ.
2491 2809 2660 2862 Οὐσία
2691 2809 2748 2863 δέ
2801 2809 2989 2874 οὐσίας
3030 2811 3451 2882 ἀπαράλλακτος
3499 2808 3728 2881 οὖσα,ή

2133 2903 2271 2974 αὐτή
2320 2906 2470 2956 ἐστιν
2498 2903 2687 2968 οὐσία;
2719 2905 2874 2956 Max.
2904 2904 3138 2975 Τοιαύτη
3174 2903 3350 2957 οὐσία.
3375 2905 3537 2971 Ὀρθ.
3567 2906 3733 2958 Ἀλλο

2133 2995 2242 3067 γάρ
2289 2998 2406 3048 ἐστι
2455 2997 2698 3067 τοιαύτη,
2749 2997 2844 3050 καὶ
2890 2996 3078 3068 ἄλλοή
3117 2999 3283 3068 αὐτή;
3341 3002 3496 3051 Max.
3536 2999 3730 3069 Ἡμεῖς

2136 3091 2388 3159 τοιαύτην
2419 3089 2649 3159 λέγομεν
2683 3090 2777 3141 καὶ
2809 3089 3020 3159 ὁμοίαν,
3045 3091 3106 3142 οὐ
3136 3090 3232 3158 τὴν
3265 3089 3432 3161 αὐτὴν
3462 3090 3726 3158 δέιὊρυ.

2136 3179 2322 3243 Οὕτως
2356 3180 2535 3248 λέγεις
2566 3182 2750 3250 ὅμοιον
2774 3181 2851 3251 τῷ
2881 3183 3058 3253 Πατρὶ
3088 3183 3179 3234 τὸν
3202 3181 3354 3244 Υἰὺν,
3389 3183 3466 3245 ὡς
3489 3183 3728 3250 ἄγγελον

2127 3271 2343 3342 ἀγγέλῳ
2362 3289 2376 3334 ;
2397 3276 2546 3326 Max.
2573 3272 2697 3325 Ναί.
2723 3275 2878 3340 Ὀρθ.
2899 3273 3018 3325 Τῶν
3035 3274 3090 3326 δέ
3106 3273 3347 3342 ἀγγέλων
3363 3277 3395 3344 ἠ
3413 3276 3554 3344 αὐτή
3581 3278 3728 3327 ἐστιν

2129 3366 2316 3428 οὐσία;
2346 3368 2501 3417 Μακ.
2537 3365 2726 3435 Ἡμεῖς
2753 3365 3007 3435 τοιαύτην
3029 3365 3257 3436 λέγομεν
3286 3367 3383 3418 καὶ
3409 3365 3632 3435 ὁμοίαν,
3668 3368 3725 3418 οὐ

2137 3457 2236 3525 τὴν
2286 3457 2492 3528 αὐτήν·
2533 3455 2614 3508 διὸ
2661 3457 2751 3510 καὶ
2790 3457 3126 3528 ὁμοιοούσιον
3181 3457 3438 3526 λέγομεν,
3487 3458 3586 3510 καὶ
3632 3459 3726 3526 οὐχ

446 3548 643 3606 deliine
687 3558 773 3605 est
817 3549 1162 3606 substantia?
1192 3548 1400 3602 Maced.
1448 3547 1560 3602 Nos
1611 3545 1855 3616 ejusdem
1886 3544 2033 3598 modi
2132 3547 2436 3617 ὁμοούσιον.

446 3653 501 3698 et
529 3643 764 3698 similem
811 3641 1071 3706 dicimus,
1100 3657 1210 3696 non
1241 3649 1420 3695 autem
1457 3640 1703 3696 eamdem
1738 3657 1752 3692 :
1784 3636 2016 3706 ideoque
2050 3638 2246 3695 similis
2277 3639 2551 3704 essentia,
2592 3654 2702 3693 non
2733 3648 2917 3696 autem
2982 3640 3512 3696 consubstantialem
3557 3653 3721 3693 voca-

447 3748 592 3789 mus.

516 3825 570 3879 9..
607 3823 760 3880 Orth.
819 3824 964 3880 Dicis
1025 3825 1195 3880 Deum
1237 3843 1304 3880 ex
1355 3829 1502 3881 Deo?
1555 3827 1761 3883 Maced.
1824 3828 2016 3882 Etiam.

449 3914 604 3970 Orth.
649 3914 715 3967 Et
751 3915 933 3968 lumen
984 3915 1052 3970 de
1098 3917 1339 3971 lumine?
1378 3916 1587 3972 Maced.
1623 3918 1819 3972 Etiam.
1863 3917 2018 3972 Ort/t.

447 4003 672 4061 Hiccine
705 4004 848 4061 Deus
880 4015 935 4060 et
983 4005 1156 4063 Filius
1185 4023 1252 4062 ex
1306 4008 1409 4062 hoc
1444 4008 1553 4062 Deo
1595 4017 1680 4065 cst
1732 4017 1786 4063 et
1818 4008 2023 4062 Patre?

445 4095 656 4150 Haced.
709 4094 907 4152 Etiam.
949 4096 1104 4152 Orth.
1152 4097 1266 4152 Hoc
1295 4099 1501 4162 lumen,
1535 4100 1681 4168 quod
1709 4108 1792 4154 est
1825 4098 2019 4164 Filius,

445 4198 601 4241 estne
619 4201 687 4240 ex
704 4188 809 4240 hoc
831 4187 1059 4252 lumine,
1084 4187 1228 4258 quod
1251 4196 1332 4243 est
1362 4188 1561 4243 Pater?
1582 4188 1790 4243 Maced.
1815 4189 2015 4242 Etiam.

449 4275 603 4330 Orth.
635 4273 886 4330 Haccine
919 4277 1228 4332 substantia
1273 4285 1358 4332 est
1403 4294 1468 4333 ex
1520 4279 1622 4333 hac
1677 4279 2021 4335 substantia?

447 4366 659 4420 Maced.
691 4366 831 4422 Non.
870 4369 1022 4424 Orth.
1051 4369 1338 4435 Quomodo
1369 4371 1537 4442 igitur
1566 4373 1635 4427 ab
1664 4372 1771 4427 ista
1801 4388 1910 4427 non
1934 4381 2019 4427 est

2195 3815 2246 3868 2.
2282 3816 2430 3883 Ὀρθ.
2481 3813 2678 3883 Λέγεις
2705 3814 2836 3867 Θεὸν
2865 3815 2929 3868 ἐκ
2961 3813 3095 3867 Θεοῦ
3118 3833 3132 3881 ;
3177 3817 3331 3868 Max.
3387 3817 3515 3870 Ναί.
3565 3819 3717 3890 Ὀρθ.

2129 3907 2240 3960 Καὶ¹
2273 3906 2388 3976 φῶς
2422 3907 2486 3958 ἐκ
2519 3905 2724 3974 φωτός
2756 3908 2911 3959 Μακ.
2939 3907 3066 3960 Ναί.
3114 3904 3268 3974 Ὀξρθ.
3317 3901 3489 3972 Οὗτος
3522 3913 3550 3962 ὁ
3589 3913 3722 3978 Θεὸς

2129 3997 2222 4049 καὶ
2255 3995 2382 4058 Υἱὸς
2411 3998 2476 4049 ἐκ
2502 3995 2692 4048 τούτου
2721 3995 2814 4048 τοῦ
2841 3995 2976 4049 Θεοῦ
3000 3998 3094 4050 καὶ
3123 3998 3365 4069 Πατρός;
3396 4002 3554 4053 Max.
3587 4002 3721 4057 Ναί,

2143 4087 2296 4154 Ὀρθ.
2325 4084 2495 4138 Τοῦτο
2523 4087 2584 4138 τὸ
2615 4086 2750 4156 φῶς,
2775 4088 2804 4140 ὃ
2832 4089 2976 4141 ἐστιν
3009 4089 3156 4151 Υἱὸς,
3197 4093 3261 4142 ἐκ
3281 4091 3472 4144 τούτου
3515 4096 3720 4161 φωτὸς,

2129 4179 2157 4231 ὃ
2189 4180 2302 4230 ἐστι
2357 4178 2590 4248 Πατήρ;
2643 4181 2797 4233 Max.
2834 4180 2960 4234 Ναί.
2991 4181 3145 4249 Ὀρθ.
3184 4181 3332 4254 Αὐτη
3385 4187 3418 4255 ή
3467 4186 3628 4240 οὐσία
3655 4191 3724 4242 ἐκ

2127 4271 2332 4342 ταύτης
2355 4273 2452 4341 τῆς
2480 4271 2696 4336 οὐσίας;
2717 4275 2874 4324 Max.
2899 4271 2994 4327 Οὐ.
3021 4275 3174 4340 Ὄρθ.
3208 4275 3332 4338 Πῶς
3355 4271 3449 4328 οὖν
3465 4269 3724 4348 ἀπαράλ-

2128 4360 2353 4424 λακτος;
2386 4364 2534 4414 Μακ.
2562 4361 2684 4413 Ὅτι
2716 4361 2848 4432 ἄλλη
2884 4362 3129 4434 τοιαύτη,
3167 4365 3322 4431 Ὀρθ.
3364 4366 3425 4418 Ἡ
3473 4367 3546 4439 μὴ
3581 4366 3724 4423 οὖσα

445 4459 696 4516 diversa?
732 4459 940 4515 Maced.
985 4461 1254 4527 Quoniam
1286 4463 1390 4516 alia
1424 4464 1642 4533 quidem
1674 4472 1778 4528 est,
1812 4464 1906 4519 sed
1941 4465 2018 4517 si-

2133 4452 2387 4521 ἐξ.αὐτῆς
2435 4453 2535 4522 τῆς
2584 4446 2791 4517 οὐσίας,
2843 4454 2966 4517 Υἱὸς
3015 4451 3152 4509 εἶναι
3196 4457 3256 4509 οὐ
3297 4457 3538 4522 δύναται,
3595 4462 3723 4516 οὐτε

443 4548 610 4604 milis.
637 4548 790 4604 Orth.
827 4548 960 4616 Qua
989 4567 1098 4605 non
1133 4559 1216 4606 est
1242 4569 1310 4606 ex
1334 4552 1522 4608 eadem
1562 4555 1893 4616 substantia,
1931 4552 2020 4608 Fi-

441 4637 549 4692 lius
580 4651 702 4693 esse
730 4653 840 4692 non
871 4648 1069 4709 potest,
1099 4649 1154 4695 et
1183 4658 1302 4712 qua
1332 4645 1483 4698 nullo
1509 4647 1672 4700 modo
1694 4645 1908 4700 diversa
1934 4654 2020 4700 est

441 4728 511 4782 ab
546 4729 674 4795 ista,
703 4745 812 4784 non
837 4738 1016 4800 potest
1041 4731 1147 4786 alia
1175 4748 1297 4788 esse
1327 4741 1382 4788 et
1415 4749 1523 4788 una
1562 4735 1775 4789 similis.
1807 4733 2015 4788 Maced.

439 4820 545 4878 Ubi
579 4822 846 4895 scriptum
874 4833 958 4881 est
996 4824 1262 4896 Spiritum
1308 4843 1431 4883 esse
1476 4827 1690 4882 Deum?
1726 4827 1879 4884 Orth.
1914 4828 2017 4883 Ubi

439 4923 494 4970 te
516 4931 820 4986 coarguere
849 4933 918 4972 ne
945 4919 1028 4972 sic
1065 4919 1286 4987 quidem
1319 4920 1541 4983 sentire,
1578 4928 1638 4972 ut
1669 4919 1830 4974 habet
1855 4935 1918 4972 ca
1951 4921 2016 4972 ti-

437 5003 525 5060 dei
550 5007 824 5077 expositio
851 5023 1013 5077 quam
1035 5007 1306 5078 objecist-i,
1329 5016 1458 5062 tunc
1485 5009 1576 5063 ubi
1594 5009 1892 5078 ascriptum
1923 5009 2014 5072 sit,

437 5098 638 5154 dicam.
673 5097 772 5154 Dic
811 5100 975 5170 igitur
1008 5099 1251 5162 tandem,
1295 5116 1363 5153 an
1406 5099 1630 5155 fatearis
1684 5099 1879 5154 Filium
1921 5099 2016 5154 Dei

437 5205 559 5244 esse
593 5189 934 5256 substantiae,
968 5201 1023 5246 et
1061 5192 1301 5254 consilii,
1336 5199 1390 5246 et
1438 5194 1714 5262 potentia,
1749 5200 1804 5247 et
1831 5191 2017 5260 gloria

436 5284 616 5338 Patris
636 5283 926 5353 imaginem
950 5300 1060 5338 non
1079 5285 1370 5340 diversam.
1390 5283 1596 5339 Maced.
1618 5284 1812 5347 Etiam,
1827 5285 2014 5348 etiam,

435 5374 601 5427 etiam
627 5392 642 5427 :
666 5375 888 5428 tertium
927 5375 1040 5443 jam
1073 5377 1208 5429 dixi.
1251 5378 1404 5431 Orth.
1445 5375 1640 5431 Annon
1672 5377 1837 5447 igitur
1867 5392 2016 5430 eam-

437 5460 560 5514 dem
589 5477 711 5516 esse
733 5464 874 5518 dicis
903 5462 1024 5520 Filii
1047 5472 1103 5520 et
1122 5463 1300 5519 Patris
1324 5465 1644 5536 potentiam,
1680 5473 1734 5520 et
1759 5465 2010 5535 gloriam,

510 5612 625 5693 (94-)
657 5613 806 5693 Edit.
827 5615 1044 5690 Steph.,
1075 5620 1183 5673 ἀπὸ
1209 5619 1337 5675 τῶν.
1374 5620 1520 5675 Infra
1551 5620 2016 5693 Protosyncellus,

438 5681 514 5736 Σὺ
528 5683 598 5753 ⁸ξιτ
625 5686 922 5753 κατέγνως.

515 5751 624 5816 (95)
661 5754 730 5809 Ἀ
759 5751 911 5816 deest
943 5760 999 5818 in
1030 5759 1161 5832 ‘Pal.
1205 5769 1255 5817 et
1298 5760 1622 5827 l’rotosync.
1655 5762 1751 5828 qui
1794 5777 1919 5820 mox
1961 5761 2016 5820 in

2126 4543 2230 4613 μὴν
2263 4543 2395 4614 ἄλλη
2417 4544 2640 4614 τοιαύτη
2661 4539 2822 4606 εἶναι,
2850 4545 3286 4617 ἀπαραλλάκτως
3304 4548 3523 4619 ἔχουσα.
3554 4555 3720 4608 Max.

2122 4635 2232 4688 Ποῦ
2257 4638 2588 4708 γέγραπται,
2609 4638 2739 4700 Θεὸς
2771 4638 2830 4690 τὸ
2861 4639 3084 4710 Πνεῦμα
3105 4659 3119 4706 ;
3139 4641 3286 4708 Ὀρθ.
3325 4644 3497 4697 Ὅταν
3528 4647 3576 4698 σ’
3633 4649 3726 4713 ἐξ-

2121 4728 2323 4797 ελέγξω
2371 4728 2482 4799 (96)
2533 4730 2654 4799 μηδ’
2679 4729 2850 4792 οὕτως
2903 4730 3112 4801 έχοντα,
3161 4735 3237 4798 ὡς
3285 4738 3350 4806 ἣν
3379 4739 3719 4808 προεϐάλλου

2121 4821 2363 4883 ἔκθεσιν,
2403 4822 2525 4874 τότε
2559 4822 2734 4890 λέγω,
2771 4823 2873 4877 ποῦ
2907 4825 3234 4896 γέγραπται.
3269 4829 3420 4893 Τέως
3446 4828 3540 4883 οὖν
3595 4837 3720 4889 εἰπέ

2125 4929 2234 4980 μοι,
2253 4913 2300 4964 εἰ
2314 4912 2592 4981 ὁμολογεῖς
2607 4914 2814 4978 οὐσίας,
2837 4915 2928 4966 καὶ
2947 4915 3160 4987 βουλῆς,
3181 4919 3592 4990 καὶδυνάμεως,
3628 4929 3720 4980 καὶ

2119 5005 2274 5074 δόξης
2317 5005 2734 5075 ἀπαράλλακτον
2771 5007 2953 5060 εἰκόνα
2984 5009 3074 5060 τὸν
3106 5009 3200 5061 τοῦ
3234 5010 3368 5064 Θεοῦ
3389 5012 3537 5068 Υἱὸν.
3557 5018 3717 5071 Max.

2119 5096 2248 5160 Ναὶ,
2285 5097 2394 5160 ναὶ,
2434 5096 2550 5148 ναί’
2584 5096 2765 5166 τρίτον
2799 5094 2974 5152 εἷπον.
3005 5099 3161 5166 Ὀρθ.
3186 5101 3250 5152 Εἰ
3282 5096 3374 5154 οῦν
3421 5103 3596 5174 αὐτὴν
3621 5108 3721 5177 τὴν

2120 5188 2334 5258 βουλὴν,
2362 5189 2452 5240 καὶ
2476 5187 2723 5257 δύναμιν,
2758 5189 2850 5242 καὶ
2899 5190 3054 5257 δόξαν
3090 5191 3268 5260 λέγεις
3309 5194 3406 5246 τοῦ
3454 5194 3589 5248 Υεοῦ
3626 5203 3718 5252 καὶ

2119 5279 2213 5331 τοῦ
2243 5281 2485 5351 Πατρός;
2516 5285 2670 5334 Max.
2715 5283 2788 5333 υύ
2817 5282 2993 5350 λέγω·
3031 5285 3090 5336 οὐ
3124 5285 3284 5356 γὰρὴ
3310 5285 3529 5351 ἐκθεσις
3579 5292 3717 5343 Δου-

2123 5372 2307 5425 κιανοῦ
2332 5374 2428 5444 τὴν
2462 5375 2629 5445 αὐτὴν
2653 5375 2800 5442 λέγει
2830 5375 3044 5448 βουλὴν,
3063 5378 3154 5429 καὶ
3179 5377 3429 5448 δύναμιν,
3480 5382 3578 5434 καὶ
3633 5385 3718 5437 δαῦ-

2122 5464 2241 5530 ξαν.
2279 5466 2434 5533 Ὀρθ.
2466 5467 2579 5520 Οὐκ
2611 5467 2827 5538 ἀληθῶς
2855 5469 2961 5539 ἄρα
2982 5469 3080 5540 τὴν
3113 5469 3462 5541 δικαιοσύνην
3509 5472 3712 5535 λαλεῖς.

2129 5637 2317 5674 vocem
2349 5623 2587 5684 εὐσεϐῶς
2614 5623 2834 5679 desinit.

2128 5692 2468 5817 ἐὸέιξίξένιὶρς.
2495 5702 2550 5751 'et
2575 5693 2771 5763 Palat.,
2794 5694 3013 5765 ἐλέγξω.
3035 5695 3152 5751 Mox
3181 5696 3345 5763 idem,
3378 5699 3459 5763 ei;
3488 5701 3553 5771 ἦν
3583 5717 3713 5772 προ-
