3862 6204
188 301 329 359 1205

1181 299 1266 355 DE
1307 298 1582 356 SANCTA
1619 297 1661 353 Τ
1667 296 1993 353 RlNlTATE
2027 294 2371 354 DIALOGUS
2410 293 2498 351 III.

3306 294 3445 351 1206

186 421 360 494 Bauli]
385 420 494 493 γὰρ
535 419 729 491 βουλῆς
760 420 1179 491 ἀπαράλλακτος
1228 418 1385 486 οὖσα,
1414 424 1448 493 ἡ
1481 422 1623 491 αὐτή
1655 422 1772 474 ἐστι

1881 426 1928 474 et
1944 417 2274 474 consilium?
2298 414 2506 471 Maced.
2527 412 2646 470 Non
2667 412 2792 469 dico
2825 431 2840 468 :
2872 428 2976 469 nec
2999 413 3146 470 enim
3168 412 3442 485 expositio

185 514 385 587 βουλήο
407 515 502 568 καὶ
531 513 759 584 δύναμις
785 511 1066 583 δυνάμεως
1094 514 1508 585 ἀπαράλλακτος
1553 510 1707 576 οὖσα,
1736 516 1770 586 ἡ

179 607 325 678 αὐτή
374 607 491 659 ἐστι
543 605 804 675 δύναμιςο
853 607 949 658 καὶ
992 603 1118 669 δόξα
1157 604 1314 676 δόξης
1354 604 1773 678 ἀπαράλλακτος

180 693 344 761 οὖσα,
368 699 403 769 ἡ
430 697 566 767 αὐτή
598 696 715 751 ἐστι
740 696 884 761 δόξα.
928 698 1084 751 Max.
1116 697 1558 770 Ἀπαράλλακτον
1606 697 1768 766 λέγω,

178 789 286 862 τὴν
307 789 477 860 αὐτὴν
498 790 560 843 οὐ
589 789 751 859 λέγω.
779 790 934 859 Ὀρθ.
963 788 1180 844 Μᾶλλον
1204 785 1296 843 οὖν
1321 790 1416 844 καὶ
1441 789 1503 844 τὸ
1522 789 1772 861 ἀπαράλσ

180 879 383 932 λακτον
404 880 553 950 φωνῇ
584 878 783 947 λέγεις,
812 878 888 942 ὡς
907 880 959 933 oi
986 880 1219 951 Χριστὸν
1252 880 1414 934 αὐτὸν
1457 879 1769 947 καλοῦντες,

185 971 380 1043 καὶμὴ
407 971 773 1035 πιστεύοντες,
802 973 885 1026 ὅτι
919 973 1153 1043 Χριστός
1180 975 1351 1028 ἐστιν.
1394 974 1458 1027 Et
1502 973 1614 1042 γὰρ
1656 974 1774 1027 ὲπί-

186 1079 398 1127 στευον,
426 1062 525 1115 οὐκ
545 1061 609 1116 ἀν
628 1062 923 1127 τύπτοντες
963 1062 1125 1118 αὐτὸν
1150 1062 1332 1132 ἔλεγον
1354 1079 1371 1093 ’
1410 1082 1428 1115 ι
1460 1063 1775 1135 Προφήτευ-

187 1172 285 1209 σον
311 1155 465 1226 ήμῖν,
498 1155 724 1227 Χριστὲ,
758 1155 843 1220 τίς
891 1158 1039 1208 ἐστιν
1091 1156 1121 1209 ό
1175 1154 1378 1219 παίσας
1421 1172 1522 1221 σε;
1565 1174 1583 1206 ι
1616 1158 1769 1209 Μακ.

186 1241 381 1312 Εἶπον,
405 1247 486 1299 ὅτι
512 1246 721 1311 οὐσίας,
755 1248 850 1301 καὶ
874 1246 1090 1317 βουλῆς,
1125 1248 1220 1301 καὶ
1243 1248 1546 1320 δυνάμεως,
1574 1249 1669 1302 καὶ
1691 1248 1775 1302 δόο

184 1338 290 1408 ξης
316 1339 734 1409 ἀπαράλλακτον
778 1339 962 1393 είκόνα
991 1339 1139 1409 λέγω
1174 1340 1266 1394 τὸν
1300 1341 1431 1394 Υἱὸν
1462 1338 1769 1412 τῷ,Πατρί.

186 1431 345 1499 Ὀρθ.
383 1431 582 1502 Ἄλλην
609 1430 863 1501 τοιαύτην
883 1432 1073 1486 οὐσίαν
1089 1431 1287 1502 λέγεις,
1307 1433 1400 1487 καὶ
1415 1432 1579 1504 ἀλλην
1595 1431 1775 1486 τοιαύ-

186 1538 290 1593 την
328 1520 544 1592 βουλὴν,
591 1524 689 1575 καὶ
732 1522 898 1592 ἄλλην
930 1523 1186 1593 τοιαύτην
1213 1521 1577 1593 δύναμιν,καὶ
1608 1523 1774 1593 ἄλλην

179 1607 445 1723 ’τοιαύτῃν
461 1611 657 1723 δόξανς
864 1613 990 1723 Ναί.
1021 1613 1175 1715 Ὀρθ.
1201 1612 1303 1723 Δύο
1323 1607 1413 1723 οὐν
1441 1612 1564 1716 Θεοί
1581 1631 1594 1679 ;
1612 1612 1768 1713 Μἀκ.Σ

1877 511 2001 566 ﬁdei
2028 510 2254 566 Luciani
2288 510 2434 566 idem
2456 523 2579 566 esse
2606 507 2739 564 dicit
2764 508 3079 573 consilium,
3115 507 3434 564 eamdemve

1876 605 2174 674 potentiam
2224 612 2279 659 et
2319 604 2572 674 gloriam.
2653 600 2807 657 Ortla.
2865 599 2985 655 Non
3028 616 3156 656 vere
3201 599 3450 673 profecto

1874 696 2020 767 quod
2044 697 2256 767 justum
2293 703 2378 751 est
2429 694 2691 765 loqueris.
2727 692 3029 751 Consilium
3057 694 3205 750 enim
3234 709 3267 748 a
3303 709 3440 750 con-

1876 788 1998 843 silio
2023 803 2133 843 non
2165 788 2469 850 diversum,
2493 796 2579 843 est
2607 786 2749 843 idem
2772 787 3063 844 consilium
3090 806 3104 843 :
3129 795 3184 845 et
3204 795 3442 860 potestas

1875 888 2209 951 a-potestate
2263 896 2379 936 non
2429 880 2671 945 diversa,
2724 888 2807 936 est
2838 879 3028 937 eadem
3072 888 3362 952 potestas:
3397 893 3442 936 et

1873 974 2047 1046 gloria
2080 989 2107 1027 a
2138 974 2311 1045 gloria
2339 989 2449 1029 non
2490 974 2728 1039 diversa,
2763 980 2848 1030 est
2874 973 3066 1030 eadem
3093 973 3287 1044 gloria.
3327 972 3440 1029 Ma-

1874 1066 1988 1120 ced.
2016 1063 2347 1121 lnvariatam
2377 1080 2504 1121 esse
2525 1064 2722 1131 fateor,
2746 1064 2991 1122 eamdem
3022 1079 3134 1120 non
3158 1079 3284 1120 esse
3303 1064 3450 1122 dico.

1878 1156 2033 1213 Orth.
2077 1157 2191 1212 lmo
2221 1156 2574 1215 voce'fateris
2606 1158 2754 1214 istud
2786 1173 2899 1213 non
2928 1158 3228 1223 diversum,
3268 1171 3451 1229 quem-

1876 1250 2168 1305 admodum
2196 1251 2291 1321 qui
2323 1249 2604 1306 Christum
2638 1264 2763 1306 eum
2795 1251 3088 1317 vocabant,
3119 1266 3220 1306 nec
3261 1251 3453 1307 crede-

1875 1343 2007 1396 bant
2022 1341 2302 1399 Christum
2325 1358 2467 1399 esse.
2498 1341 2632 1398 Nam
2661 1344 2709 1400 si
2731 1342 3121 1412 credidissent,
3146 1359 3254 1399 non
3281 1344 3454 1401 dixis-

1877 1443 2019 1501 sent,
2030 1451 2160 1490 cum
2174 1451 2298 1491 eum
2313 1436 2616 1492 caederent:
2638 1455 2657 1488 ι
2674 1435 3001 1508 Prophetiza
3017 1438 3197 1503 nobis,
3210 1436 3451 1501 Christe.

1874 1527 1999 1597 quis
2028 1534 2113 1583 est
2140 1527 2235 1598 qui
2263 1536 2317 1581 te
2338 1527 2615 1599 percussit
2640 1527 2707 1582 “.
2734 1547 2755 1581 ι
2783 1527 2995 1586 Maced.
3026 1527 3150 1583 Dixi
3178 1544 3266 1585 me
3290 1528 3450 1585 fateri

1872 1615 2071 1672 Filium
2084 1632 2209 1673 esse
2223 1618 2539 1688 imaginem,
2559 1620 2894 1684 substantia,
2913 1621 3169 1685 consilio,
3186 1621 3451 1692 potentia,

186 1695 285 1766 Εἷς
313 1703 406 1755 καὶ
433 1697 533 1766 εἷς.
563 1703 722 1771 Ὀρθ.
751 1695 919 1768 Οὗτος
939 1703 1221 1768 ὁτοιούτος
1245 1698 1325 1766 εἷς
1352 1705 1415 1756 ὲκ
1445 1703 1637 1757 τούτου
1675 1700 1772 1755 τοῦ

1881 1716 1930 1764 et
1953 1709 2126 1779 gloria
2147 1725 2259 1765 non
2281 1708 2554 1769 diversam
2579 1726 2609 1766 a
2634 1709 2815 1767 Patre.
2842 1710 2996 1768 Orth.
3020 1711 3198 1767 Aliam
3219 1712 3453 1769 similem

185 1796 343 1862 ἑνός;
372 1798 526 1850 Max.
565 1796 691 1849 Ναί.
723 1796 878 1865 Ὀρθ.
922 1797 1018 1850 Ἐκ
1048 1797 1148 1867 τῆς
1173 1796 1357 1860 οὐσίας
1412 1792 1559 1866 ἆρα;
1616 1799 1771 1852 Μακ.

186 1884 289 1942 Οὐ.
324 1890 480 1955 Ὀρθ.
525 1886 665 1940 Ἀλλ’
717 1890 782 1942 ὲκ
824 1887 898 1959 μὴ
943 1888 1113 1942 ὄντων
1163 1887 1323 1941 αὐτὸν
1390 1888 1772 1958 ύπεστήσατο;

186 1985 344 2036 Max.
374 1982 471 2035 Ἐκ
502 1981 575 2052 μὴ
620 1981 788 2035 ὄντων
810 2000 862 2035 τι
891 1982 1060 2036 ἐστίν.
1109 1984 1263 2050 Ὀρθ.
1325 1981 1463 2044 Τοὺς
1511 1980 1778 2050 ἀγγέλους

183 2075 369 2143 λέγεις
390 2070 551 2141 εἶναι,
572 2075 667 2128 καὶ
691 2077 869 2129 πᾶσαν
891 2076 991 2146 τὴν
1010 2076 1203 2135 κτίσιν.
1223 2076 1288 2129 ἐκ
1313 2075 1404 2128 τοῦ
1427 2074 1564 2128 Θεοῦ
1582 2092 1596 2142 ;
1619 2078 1774 2130 Μακ.

186 2168 317 2222 Ναί.
353 2167 667 2240 Γέγραπται
690 2168 818 2238 γάρ’
857 2187 875 2220 ι
909 2168 990 2222 Τὰ
1015 2169 1193 2222 πάντα
1210 2170 1273 2222 ὲκ
1294 2167 1388 2223 τοῦ
1409 2168 1566 2223 Θεοῦ.
1590 2169 1775 2236 ιὈρθ.

185 2258 291 2313 Ἐκ
305 2260 403 2328 τῆς
431 2259 619 2323 οὐσίας
645 2259 811 2313 αὐτοῦ
835 2276 849 2324 ;
877 2263 1029 2314 Max.
1065 2261 1218 2331 Οὐχί.
1236 2259 1328 2331 Μὴ
1356 2260 1565 2329 γένοιτο
1585 2260 1598 2313 !
1618 2261 1773 2329 ’0p0.

189 2350 383 2416 οὕτως
406 2345 501 2405 οὖν
529 2338 626 2405 {tat
653 2351 744 2405 τὸν
778 2351 907 2405 Υίὸν
944 2351 1125 2421 λέγεις
1156 2352 1233 2415 ὡς
1258 2350 1330 2405 τὰ
1354 2352 1562 2418 πάντα;
1617 2353 1774 2408 Max.

187 2443 470 2513 Μονογενῆ
506 2442 668 2496 αὐτὸν
691 2441 855 2511 λέγω,
888 2443 950 2496 οὐ
988 2443 1093 2514 μὴν
1141 2444 1207 2496 ὲκ
1248 2443 1347 2512 τῆς
1371 2441 1576 2507 οὐσίας.
1618 2443 1773 2509 Ὅρθ.

203 2536 266 2588 ’0
298 2534 372 2607 μὴ
398 2531 474 2587 ὢν
494 2535 559 2586 ἐκ
573 2535 671 2605 τῆς
697 2534 907 2600 οὐσίας,
935 2533 1067 2598 Υἱὸς
1097 2534 1513 2607 ἀπαράλλακτος
1544 2535 1665 2587 κατ’
1684 2535 1778 2588 οὐ⁸

193 2627 318 2681 σίαν
347 2622 483 2680 εἶναι
511 2627 573 2681 οὐ
611 2627 853 2684 δύναται.
871 2631 1025 2684 Max.
1057 2629 1121 2681 Οἱ
1156 2627 1375 2696 ἄγγελοι
1404 2628 1505 2681 οὐκ
1525 2622 1631 2680 ἐίσὶ
1656 2626 1776 2681 κατ’

184 2718 381 2772 οὐσίαν
413 2718 663 2790 ἀλλήλοις
685 2718 1089 2791 ἀπαράλλακτοι
1112 2738 1127 2786 ;
1168 2722 1324 2790 Ὀρθ.
1349 2720 1475 2773 Ναί.
1503 2723 1656 2773 Μακ.
1686 2720 1778 2789 Μὴ

190 2809 317 2863 κατ’
347 2807 535 2862 οὐσίαν
567 2809 700 2879 (96⁸)
727 2809 956 2878 ἄγγελος
987 2810 1046 2878 ἐξ
1071 2811 1229 2865 ἄλλον
1253 2811 1431 2877 ὲστίν;
1458 2812 1611 2880 Ὄρθ.
1638 2809 1777 2863 Ἀλλ’

1802 1761 1850 1821 Β

1877 1800 2242 1856 substantiam
2262 1800 2423 1868 dicis,
2444 1809 2500 1858 et
2518 1802 2667 1857 aliud
2690 1804 2877 1859 simile
2891 1804 3271 1872 consilium,et
3288 1805 3454 1860 aliam

1878 1893 2113 1947 similem
2146 1894 2465 1964 potentiam,
2494 1902 2550 1950 et
2580 1895 2741 1951 aliam
2770 1896 3003 1951 similem
3028 1896 3303 1968 gloriam?
3332 1895 3456 1951 Ha-

1876 1981 1990 2037 ced.
2014 1981 2213 2036 Etiam.
2243 1982 2396 2040 Orth.
2433 1983 2553 2040 Duo
2583 1993 2716 2040 sunt
2745 1984 2914 2056 igitur
2938 1987 3036 2043 dii.
3067 1986 3276 2044 Maced.
3301 1986 3455 2045 Unus

1878 2081 1934 2129 et
1962 2090 2127 2131 unus.
2162 2073 2318 2131 Orth.
2353 2076 2463 2133 Iste
2486 2092 2631 2133 unus
2660 2078 2880 2145 similis,
2904 2089 3061 2136 esme
3080 2096 3148 2137 ex
3181 2081 3291 2138 isto
3312 2082 3458 2137 uno?

1878 2165 2088 2222 Maced.
2130 2168 2211 2224 Ita
2245 2175 2351 2225 est.
2390 2168 2544 2225 Orth.
2585 2169 2668 2225 An
2701 2186 2831 2243 ergo
2861 2188 2929 2228 ex
2953 2173 3308 2229 substantia?
3333 2172 3457 2227 Μα-

1879 2256 1991 2311 ccd.
2039 2256 2181 2312 Non.
2212 2256 2365 2314 Orth.
2404 2259 2550 2329 Ergo
2579 2274 2645 2315 ex
2677 2275 2789 2315 non
2818 2261 3212 2320 exsistentibus
3245 2263 3375 2320 fecit
3396 2272 3457 2319 ut

1877 2350 2209 2407 exsisteret?
2245 2349 2454 2405 Maced.
2503 2349 2601 2406 Est
2648 2366 2782 2407 sane
2820 2352 3081 2422 quiddam
3108 2369 3178 2411 ex
3231 2355 3300 2411 iis
3333 2371 3456 2428 qua

1879 2459 1990 2498 non
2020 2451 2204 2501 erant.
2236 2442 2392 2499 Orth.
2422 2444 2664 2514 Angelos
2696 2451 2753 2500 et
2790 2459 2880 2501 res
2906 2459 3099 2502 omnes
3129 2454 3345 2504 creatas
3372 2447 3460 2502 fa-

1882 2533 2014 2590 teris
2054 2548 2179 2590 esse
2209 2549 2277 2590 ex
2319 2533 2474 2590 Deo?
2506 2533 2715 2590 Maced.
2752 2533 2951 2592 Etiam.
2988 2535 3266 2609 Scriptum
3309 2539 3457 2595 enim

1879 2633 1964 2682 est
1997 2645 2011 2681 :
2052 2645 2070 2679 ‹
2106 2624 2302 2683 Omnia
2332 2641 2399 2683 ex
2431 2626 2564 2683 Deo.
2606 2646 2627 2680 ι
2655 2625 2811 2684 Orth.
2845 2627 2925 2683 Ex
2960 2629 3269 2687 substantia
3300 2633 3459 2703 ejus?

1880 2718 2090 2775 Maced.
2111 2717 2488 2791 Nequaquam.
2511 2718 2702 2776 Absit!
2735 2719 2893 2778 Orth.
2937 2720 3029 2777 Sic
3060 2722 3230 2793 igitur
3258 2722 3458 2780 Filium

1883 2818 1942 2866 ut
1979 2826 2068 2867 res
2096 2818 2326 2867 caeteras
2352 2826 2476 2867 esse
2500 2811 2714 2867 sentis?
2742 2809 2952 2868 Maced.
2986 2810 3334 2885 Unigenitum
3375 2815 3462 2886 ip-

194 2902 377 2965 οὐδεὶς
400 2900 646 2969 ἀγγέλων
672 2902 904 2971 ἀγγέλου
936 2904 1170 2976 πατὴρῆ
1200 2905 1333 2969 υἱός.
1352 2904 1412 2957 '0
1436 2904 1493 2958 δὲ
1514 2903 1776 2975 μακάριος

1883 2921 2005 2964 sum
2037 2905 2182 2970 dico,
2237 2920 2348 2960 non
2390 2914 2574 2962 tamen
2602 2921 2671 2962 ex
2717 2905 2895 2976 ipsius
2927 2905 3256 2962 substantia.
3295 2906 3460 2981 ω

197 2999 511 3063 Λουκιανὸς,
532 2999 659 3052 Υίὸν
675 2997 887 3069 Πατρός
919 2996 1124 3062 οὐσίας,
1142 2997 1237 3051 καὶ
1257 2996 1472 3067 βουλῆς,
1497 2996 1592 3050 καὶ
1623 2995 1776 3052 δυνά-

1886 2998 2037 3055 Orth.
2068 2998 2172 3065 Qui
2201 3013 2312 3053 non
2362 3006 2451 3054 est
2491 3014 2557 3054 ex
2605 2997 2933 3064 substantia,
2965 3012 3074 3054 non
3116 3006 3293 3070 potest
3336 3015 3463 3058 esse

197 3109 364 3162 μεως,
393 3094 486 3146 καὶ
509 3092 668 3163 δόξης
712 3090 1131 3163 ἀπαράλλακτον
1175 3091 1361 3144 είκόνα
1406 3088 1662 3162 εἰρηκὼς,
1689 3089 1776 3143 διὰ

1881 3088 2051 3147 Filius
2084 3089 2388 3146 secundum
2447 3086 2812 3145 substantiam
2848 3090 2903 3145 in
2966 3090 3120 3146 nullo
3171 3091 3454 3148 diversus.

188 3181 290 3234 τοῦ
320 3181 449 3234 Υἱοῦ
468 3181 530 3235 τὸ
556 3181 616 3247 ἐξ
670 3181 842 3251 αὐτῆς
888 3180 1075 3247 ἔδειξε,
1120 3180 1216 3233 καὶ
1268 3177 1355 3232 διὰ
1409 3178 1504 3232 τοῦ
1540 3177 1776 3250 ἀπαραλ-

1886 3181 2095 3238 Maced.
2148 3182 2339 3254 Angeli
2400 3196 2585 3238 nonne
2636 3194 2767 3238 sunt
2822 3183 2967 3239 inter
3019 3200 3078 3240 se
3110 3198 3222 3240 non
3255 3184 3461 3241 diversi

193 3271 395 3327 λάκτου
427 3273 490 3326 τὸ
533 3273 714 3327 αὐτόν.
762 3276 917 3326 Μακ.
966 3270 1106 3341 Ἐγὼ
1143 3271 1563 3344 ἀπαράλλακτον
1608 3271 1776 3339 λέγω·

1885 3273 2241 3332 substantia?-
2269 3272 2422 3329 Or-tlt.
2465 3272 2565 3327 Ita.
2597 3271 2808 3329 Maced.
2844 3273 2985 3329 Num
3015 3274 3264 3345 angelus,
3308 3273 3460 3345 quod

193 3363 319 3417 οὔτε
348 3364 407 3418 δὲ
442 3366 507 3418 ὲκ
529 3365 629 3434 τῆς
655 3365 863 3429 οὐσίας,
899 3363 1022 3418 οὒτε
1051 3365 1151 3436 τὴν
1186 3365 1358 3435 αὐτὴν
1404 3363 1614 3430 οὐσίαν,
1660 3362 1776 3418 οὔτε

1887 3364 1956 3419 ad
1988 3363 2354 3419 substantiam
2389 3363 2605 3428 attinet,
2651 3379 2717 3419 ex
2754 3364 2863 3419 alio
2915 3372 3009 3432 est,
3033 3366 3270 3435 angelo?
3302 3366 3455 3421 Orth.

192 3455 295 3531 τῂν
324 3455 492 3528 αὐτὴν
516 3456 762 3526 δύναμιν,
800 3454 925 3508 οὔτε
950 3455 1050 3527 τὴν
1080 3455 1249 3527 αὐτὴν
1277 3454 1456 3537 δόξαν.

1889 3456 1997 3511 Sed
2022 3455 2208 3510 nullus
2247 3455 2561 3526 angelorum
2609 3463 2695 3511 est
2750 3456 2927 3527 angeli
2966 3466 3120 3527 pater
3151 3458 3236 3512 vel
3290 3457 3457 3537 ﬁlius.

193 3546 397 3604 Beatus
430 3559 610 3603 autem
643 3547 941 3613 Lucianus,
970 3562 1095 3602 cum
1125 3547 1353 3613 diceret,
1389 3532 1596 3626 Filium
1639 3563 1763 3605 esse
1795 3549 2088 3621 imaginem
2114 3547 2296 3604 Patris
2328 3548 2683 3614 substantiae,
2725 3555 2781 3603 et
2826 3548 3079 3612 consilii,
3121 3556 3175 3604 et
3217 3532 3461 3620 potesta;

194 3643 291 3703 tis,
322 3649 376 3696 et
405 3643 591 3714 gloriae
631 3643 687 3699 in
718 3643 870 3698 nullo
901 3643 1196 3709 diversam,
1230 3660 1326 3715 per
1360 3642 1582 3710 Filium,
1612 3646 1759 3716 quod
1790 3661 1858 3702 ex
1890 3647 2007 3717 ipsa
2047 3645 2357 3702 substantia
2399 3651 2547 3701 esset
2581 3664 2594 3701 :
2627 3660 2723 3716 per
2768 3644 2934 3710 illud,
2992 3660 3104 3699 non
3157 3645 3458 3710 diversum,

196 3736 535 3793 identitatem
556 3737 815 3794 ostendit.
843 3736 1054 3793 Maced.
1087 3737 1202 3809 Ego
1242 3738 1298 3794 in
1335 3739 1487 3795 nullo
1531 3738 1809 3797 diversum
1864 3741 1991 3797 dico
2041 3761 2055 3797 :
2099 3741 2196 3799 sed
2251 3736 2429 3812 neque
2471 3756 2538 3796 ex
2592 3739 2931 3806 substantia,
2982 3750 3159 3812 neque
3211 3742 3458 3798 eamdem

198 3830 586 3897 Substantiam,
610 3846 785 3902 neque
802 3833 1047 3887 eamdem
1074 3832 1392 3902 potentiam,
1418 3848 1605 3904 neque
1624 3834 1871 3892 eamdem
1898 3835 2151 3908 gloriam.
2956 3866 2959 3871 ι
3348 3842 3359 3853 ⁸

270 3925 323 3979 5.
356 3926 509 3995 Ὀρθ.
548 3926 750 4000 Ἄλλην
771 3922 866 3982 οὖν
883 3926 996 3998 ἔχει
1019 3926 1248 3999 δύναμιν
1263 3928 1292 3980 ὁ
1323 3928 1474 3993 Υἱὸς,
1493 3930 1588 3983 καὶ
1615 3929 1776 4000 ἄλλην

1957 3930 2010 3985 5.
2051 3929 2204 3986 Orth.
2235 3929 2412 3984 Aliam
2448 3928 2616 4000 igitur
2645 3925 2944 3999 potentiam
2980 3925 3143 3981 habet
3173 3923 3368 3988 Filius,
3407 3933 3464 3981 ct

196 4014 359 4083 δόξαν
376 4016 526 4088 παρά
554 4017 644 4071 τὸν
663 4018 884 4091 Πατέρα
898 4035 913 4084 ;
929 4021 1086 4073 Μακ,
1105 4018 1308 4092 Ἀλλην
1329 4019 1605 4090 τοιαύτην.
1622 4023 1776 4089 Ὀρθ.

1887 4024 2048 4079 aliam
2068 4024 2321 4095 gloriam,
2347 4037 2511 4093 quam
2534 4020 2738 4076 Pater?
2767 4017 2977 4074 Maced.
3002 4017 3181 4072 Aliam
3203 4016 3458 4073 similem.

199 4106 330 4172 Πῶς
360 4104 453 4162 οὖν
476 4110 720 4181 είρηται·
755 4129 773 4161 ι
801 4111 1035 4182 Χριστὸς
1058 4110 1191 4165 Θεοῦ
1220 4110 1468 4182 δύναμις,
1509 4112 1604 4166 καὶ
1643 4112 1776 4166 Θεοῦ

1888 4114 2041 4171 Orth.
2097 4114 2384 4181 Quomodo
2442 4112 2612 4183 igitur
2662 4113 2947 4184 scriptu’m'
2976 4118 3062 4165 est
3098 4127 3113 4161 :
3150 4127 3169 4160 ι
3209 4107 3464 4163 Christus

201 4200 367 4269 σοφία
390 4218 406 4267 ;
432 4219 452 4253 ι
474 4202 570 4255 καὶ
593 4201 712 4265 πῶς
742 4203 771 4253 6
796 4202 925 4266 Υἱὸς
952 4202 1120 4272 λέγει·
1147 4221 1164 4247 ι
1192 4204 1360 4256 Ὅταν
1377 4203 1433 4255 δὲ
1459 4203 1586 4275 ἔλθῃ
1606 4206 1634 4257 ό
1653 4204 1780 4270 Υἱὸς

196 4289 297 4342 τοῦ
316 4289 601 4361 ἀνθρώπου
633 4293 692 4344 ὲν
725 4293 790 4363 τῇ
813 4292 937 4363 δόξῃ
970 4290 1065 4346 τοῦ
1098 4292 1311 4364 Πατρὺς
1347 4291 1545 4358 αὐτοῦ;
1572 4311 1591 4344 ι
1621 4296 1780 4348 Μακ.

198 4382 316 4436 Καὶ
349 4382 378 4433 6
408 4383 598 4454 Πατὴρ
628 4381 762 4435 ἰδίαν
790 4382 901 4454 ἔχει
922 4383 1102 4450 δόξαν.
1136 4385 1231 4436 καὶ
1265 4384 1481 4455 βουλὴν,
1505 4384 1598 4437 καὶ
1628 4384 1783 4438 δύνα-

1889 4207 1983 4263 Dei
2010 4206 2208 4270 virtus,
2232 4213 2287 4261 et
2318 4204 2412 4261 Dei
2457 4204 2729 4274 sapientia
2757 4203 2849 4258 "?
2885 4222 2904 4256 ι
2938 4208 2995 4258 ει
3026 4199 3302 4272 quomodo
3332 4199 3466 4255 dicit

1887 4295 2058 4353 Filius
2095 4317 2108 4353 :
2150 4314 2170 4350 ε
2213 4295 2351 4352 Cum
2396 4303 2578 4350 autem
2632 4296 2848 4351 venerit
2906 4294 3080 4350 Filius
3126 4293 3365 4350 hominis
3405 4293 3465 4349 in

1881 4388 2055 4460 gloria
2087 4386 2273 4443 Patris
2311 4388 2397 4443 sui
2421 4386 2519 4440 ⁵⁸⁸2
2552 4406 2573 4439 ι
2612 4384 2821 4442 Maced.
2859 4384 3104 4442 Habetne
3140 4386 3305 4441 etiam
3361 4382 3471 4439 Pa-

205 4489 323 4544 μιν,
354 4471 387 4543 ἢ
420 4472 518 4539 of);
549 4474 704 4541 ’0p6.
736 4474 865 4528 Ναί.
899 4479 1053 4532 Max.
1090 4477 1200 4531 Καὶ
1232 4479 1260 4529 ό
1281 4478 1409 4541 Υἱὸς
1438 4477 1592 4544 ἰδίαν,
1624 4476 1776 4549 ἢού;

1881 4488 1967 4536 ter
2002 4480 2277 4551 propriam
2313 4478 2567 4551 gloriam,
2612 4486 2668 4534 et
2716 4479 2998 4550 proprium
3045 4477 3359 4542 consilium,
3410 4482 3468 4532 et

201 4567 357 4633 Ὀρθ.
378 4566 529 4637 Αὐτὴ
563 4568 596 4637 ἡ
623 4566 720 4620 τοῦ
753 4568 968 4641 Πατρὸς
996 4566 1142 4634 δόξα,
1165 4570 1259 4623 καὶ
1289 4568 1474 4641 βουλὴ,
1512 4570 1606 4623 καὶ
1623 4569 1780 4623 δύνα-

205 4673 322 4726 μις,
352 4655 446 4710 τοῦ
477 4656 608 4711 Υἱοῦ
626 4660 790 4713 ἐστιν.
810 4658 909 4712 Διά
936 4657 1094 4713 τοῦτο
1118 4661 1264 4730 λέγει
1294 4664 1323 4716 ό
1340 4662 1497 4727 Υἱόςο
1521 4680 1540 4715 ι
1574 4663 1778 4727 Πάντα,

160 4779 171 4787 ο
202 4749 309 4802 ὅσα
340 4747 451 4821 ἔχει
487 4751 515 4803 6
539 4750 749 4822 Πατὴρ,
782 4751 894 4823 ἐμά
908 4753 1076 4807 ἐστιν.
1100 4773 1119 4806 ι
1140 4758 1292 4810 Max.
1335 4756 1393 4811 '0
1422 4755 1550 4819 Υίὸς
1572 4750 1665 4811 οὖν
1683 4755 1784 4810 οὐκ

208 4841 325 4911 ἔχει
351 4842 533 4908 δόξαν,
573 4842 675 4897 οὐκ
726 4842 841 4914 ἔχει
875 4843 1093 4917 βουλὴν,
1122 4846 1223 4900 οὐκ
1254 4845 1368 4918 ἔχει
1399 4845 1648 4918 δύναμιν,
1683 4847 1784 4901 οὐκ

208 4933 323 5004 ἔχει
348 4932 597 5006 θεότητα,
631 4934 729 4989 ἐὰν
755 4936 829 5007 μὴ
860 4935 998 5008 λάϐῃ
1024 4936 1176 5009 παρὰ
1227 4938 1320 4991 τοῦ
1370 4939 1602 5012 Πατρός.
1626 4941 1783 5007 Ὀρθ.

209 5025 360 5097 Αὕτη
388 5025 500 5098 (97)
530 5027 564 5097 ἠ
589 5025 738 5093 δόξα,
786 5027 883 5081 καὶ
929 5026 1115 5100 βουλὴ,
1179 5030 1275 5083 καὶ
1328 5029 1576 5101 δύναμις,
1628 5030 1721 5084 καὶ
1748 5032 1782 5101 ἡ

208 5120 424 5189 θεότης,
450 5118 545 5171 τοῦ
577 5119 792 5193 Πατρός
816 5120 931 5174 ἐστι
962 5122 1055 5174 καὶ
1078 5121 1173 5174 τοῦ
1195 5120 1361 5188 Υίοῦ;
1395 5125 1550 5176 Max.
1580 5121 1671 5193 Μὴ
1696 5123 1788 5191 γέ-

209 5211 586 5280 νοιτοιείπεῖνί
623 5190 767 5279 Ὀῥθι
791 5210 915 5275 Πῶς
932 5208 1024 5267 οὖν
1043 5212 1189 5282 λέγει
1216 5214 1245 5266 ὁ
1269 5213 1396 5277 Υἱός
1415 5232 1427 5243 ·
1457 5233 1476 5265 ί
1513 5190 1696 5267 Πάντα
1718 5212 1787 5267 τὰ

207 5303 320 5371 ἐμὰ
353 5303 423 5357 σά
449 5304 618 5368 ἐστιν,
650 5304 744 5357 καὶ
775 5303 844 5356 τὰ
862 5303 929 5357 σὰ
950 5306 1093 5376 ὲμόι;
1122 5324 1142 5357 ι
1178 5308 1331 5360 Max.
1359 5305 1495 5377 Περὶ
1524 5304 1631 5359 τῶν
1653 5306 1788 5358 ἁπο-

208 5389 415 5445 στόλων
437 5391 607 5461 λέγει.
646 5395 801 5462 Ὀρθ.
818 5390 947 5449 Οἶδα
985 5393 1162 5464 κάγὼ,
1211 5395 1293 5448 ὅτι
1322 5396 1452 5466 περὶ
1475 5393 1585 5449 τῶν
1610 5394 1785 5466 μαθη-

1883 4571 2160 4642 propriam
2193 4569 2515 4640 potentiam,
2542 4570 2769 4625 annon?
2802 4568 2957 4625 Orth.
3010 4567 3204 4624 Habet.
3254 4565 3466 4627 Maced.

1883 4661 1952 4717 Et
1988 4659 2161 4717 Filius
2196 4660 2383 4716 itidem
2432 4661 2742 4732 propriam,
2793 4661 3017 4717 annon?
3045 4658 3198 4717 Orth.
3228 4657 3351 4730 Ipsa
3372 4657 3471 4713 Pa-

1890 4754 1993 4808 tris
2015 4753 2187 4823 gloria
2214 4759 2270 4808 et
2295 4752 2542 4823 ejusdem
2567 4752 2883 4819 consilium,
2907 4758 2963 4809 et
2987 4753 3250 4823 potentia,
3271 4759 3356 4807 est
3380 4749 3471 4805 Fi-

1887 4846 1969 4901 lii.
2002 4845 2297 4917 Pr0pterea
2332 4845 2468 4901 dicit
2491 4844 2667 4902 Filius
2694 4864 2706 4900 :
2736 4864 2757 4897 c
2791 4845 3141 4917 Quaecunque
3170 4843 3334 4899 habet
3366 4841 3489 4914 Pan.

1890 4945 1994 5003 ter,
2054 4952 2175 4992 mea
2216 4944 2345 4991 sunt
2369 4936 2436 4989 ⁸⁷.
2466 4956 2485 4989 ι
2511 4935 2722 4991 Maced.
2764 4935 2939 4994 Filius
2993 4950 3124 5006 ergo
3156 4949 3266 4990 non
3308 4933 3468 4990 habet

1892 5029 2145 5102 gloriam,
2166 5044 2277 5084 non
2296 5028 2465 5084 habet
2482 5029 2801 5093 consilium,
2825 5043 2936 5083 non
2959 5027 3124 5083 habet
3149 5025 3493 5100 potentiam,

1894 5137 2006 5178 non
2039 5122 2205 5177 habet
2257 5120 2540 5185 deitatem,
2592 5120 2701 5177 nisi
2750 5134 2783 5175 a
2831 5118 2996 5175 Patre
3027 5118 3277 5188 accipiat.
3314 5115 3467 5173 Orth.

1895 5210 2003 5268 Ista
2024 5212 2222 5283 gloria,
2246 5210 2393 5265 istud
2423 5210 2739 5273 consilium,
2758 5209 2865 5266 ista
2893 5210 3156 5280 potentia,
3171 5208 3276 5263 ista
3297 5207 3471 5263 deitas

1895 5311 1981 5359 est
2008 5302 2191 5358 Patris
2222 5311 2278 5360 et
2337 5302 2512 5358 Filii?
2543 5302 2751 5357 Maced.
2784 5301 2943 5358 Absit
2995 5309 3057 5356 ut
3106 5301 3211 5356 hoc
3254 5298 3465 5355 dicam!

1901 5392 2058 5451 Orth.
2089 5392 2378 5461 Quomodo
2407 5393 2577 5464 igitur
2606 5394 2740 5450 dicit
2769 5390 2942 5450 Filius
2976 5410 2991 5448 :
3028 5410 3051 5446 ι
3103 5389 3299 5448 Omnia
3347 5403 3470 5444 nea

282 5546 330 5577 ³⁵
368 5534 560 5605 Matth.
594 5564 752 5616 xxvr,
785 5548 895 5605 68-
951 5551 997 5584 ⁸⁸
1036 5549 1056 5605 1
1089 5551 1215 5608 Cor.
1255 5567 1294 5621 ι,
1328 5551 1420 5611 24.
1473 5553 1541 5624 ,³⁸
1582 5551 1772 5611 Matth.

1882 5567 1935 5620 ν,
1969 5552 2056 5609 51.
2132 5520 2176 5583 ίτ
2214 5547 2373 5606 Joan.
2409 5565 2532 5618 xvi,
2571 5549 2660 5607 l5.
2704 5552 2714 5622 ς

216 5698 357 5773 (96‘)
387 5701 780 5774 Εὰἰιὶ,οὐσίας.
814 5707 969 5763 Enn.

1968 5707 2081 5796 (φτ)
2121 5707 2274 5777 Mss.,
2292 5705 2452 5780 αὐτή.
