3862 6204
461 296 603 354 1207

459 423 554 470 tua
584 423 736 480 sunt,
760 424 816 471 et
845 426 939 473 tua
967 433 1086 475 mea
1117 429 1247 476 sunt
1278 423 1366 478 "?
1392 442 1410 477 ι
1446 423 1655 483 Μαι-ια.
1688 426 1760 483 De
1784 430 2050 501 apostolis

459 507 723 580 loquitur.
776 507 932 565 Orth.
963 509 1099 567 Novi
1133 522 1187 569 et
1217 530 1319 583 ego
1364 516 1642 574 Christum
1687 520 1803 576 haec
1833 521 2040 579 dixisse

457 600 528 656 de
563 599 850 671 discipulis
879 602 1239 661 disserentem
1276 626 1289 662 :
1325 607 1423 664 sed
1469 610 1757 681 discipulis
1789 611 2040 683 adjunrit

456 696 668 758 omnia,
702 705 762 750 ut
791 696 885 767 qui
916 713 1025 752 non
1051 698 1274 765 dixerit,
1310 701 1410 758 Mei
1442 714 1569 759 sunt
1595 704 1699 769 tui,
1726 707 1819 762 sed
1852 726 1871 758 ι
1909 706 2041 762 Om-

458 790 546 843 nia
587 805 707 845 mea
744 796 860 855 tua,
896 800 1025 847 sunt
1057 801 1112 849 et
1161 806 1253 848 tua
1285 810 1405 851 mea
1449 804 1598 851 sunt.
1641 818 1661 851 ι
1694 798 1936 869 Alioqui,
1968 815 2036 856 an

456 880 622 938 Pater
647 883 785 937 nihil
816 899 1030 948 eorum,
1054 901 1176 952 quae
1198 886 1458 952 diximus,
1481 889 1715 945 habebat
1743 900 2038 962 antequam

457 974 723 1030 mundum
750 977 999 1032 crearet?
1027 975 1236 1032 Mat-ed.
1286 978 1533 1036 Habebat
1561 992 1711 1037 certe
1752 982 2036 1048 deitatem,

454 1069 708 1140 gloriam,
731 1072 1056 1141 potentiam,
1090 1072 1404 1138 consilium,
1436 1074 2035 1147 incorruptibilitatem.

456 1159 563 1216 Sed
589 1160 657 1217 de
678 1162 749 1219 iis
771 1163 1025 1220 Christus
1058 1180 1167 1220 non
1203 1166 1467 1236 loquitur.
1502 1168 1653 1224 Ortlt.
1686 1170 1827 1225 Audi
1865 1171 2038 1240 ipsius

454 1252 676 1310 Domini
710 1270 897 1320 voces,
933 1272 1056 1327 quae
1084 1259 1301 1328 quidem
1334 1260 1408 1314 ita
1438 1276 1498 1317 se
1529 1262 1767 1316 habent:
1796 1282 1814 1314 ι
1843 1261 2037 1317 Omnia

452 1362 574 1403 mea
603 1356 695 1402 tua
724 1356 874 1414 sunt,
902 1357 957 1405 et
989 1357 1083 1405 tua
1117 1366 1236 1405 mea
1272 1359 1425 1415 sunt,
1456 1361 1511 1408 et
1544 1353 1884 1424 gloriﬁcatus
1915 1370 2037 1410 snm

452 1440 509 1495 in
542 1440 624 1496 eis
657 1440 721 1495 ".
766 1460 784 1493 ι
816 1440 1025 1497 Maccd.
1063 1441 1269 1514 Nempe
1303 1444 1359 1499 in
1394 1445 1687 1516 discipulis
1717 1449 1833 1502 suis
1869 1448 2036 1518 glori-

450 1535 648 1591 ﬁcatus
685 1542 790 1591 est.
829 1533 983 1591 Orth.
1042 1535 1243 1591 Annon
1292 1537 1460 1609 igitur
1491 1539 1720 1610 gloriam
1782 1539 2034 1602 habebat,

451 1635 741 1698 antequam
763 1628 1004 1685 mundus
1030 1628 1369 1686 exsisteret?
1399 1628 1608 1685 Maced.
1635 1630 1881 1685 Habebat
1908 1647 2037 1703 pro-

1629 313 1687 369 S.
1730 312 2196 375 ATHANASIUS.
2229 349 2299 360 —
2337 317 2614 377 SPURIA.

3605 327 3747 386 ιεοε

2107 474 2123 490 .
2148 431 2259 486 τῶν
2287 432 2554 488 διαλαλῶν
2605 429 2728 489 εἷπε
2759 436 2938 491 ταῦτα
2959 455 2974 469 ·
3005 439 3143 494 ἀλλὰ
3178 440 3382 513 συνῆψε
3412 445 3528 507 τοῖς
3562 442 3744 514 μαθη-

2141 526 2261 588 ταῖς
2308 526 2508 590 πάντα,
2542 526 2643 581 οὐκ
2695 526 2774 581 ἔτι
2811 528 3003 596 εἰπὼν,
3029 532 3090 586 Οί
3124 534 3245 604 ἐμοὶ
3271 534 3353 588 σοί
3385 536 3550 597 είσιν,
3580 536 3743 598 ἀλλὰ,

2147 636 2166 669 ι
2186 618 2374 672 Πάντα
2392 618 2462 672 τὰ
2485 619 2595 691 ἐμὰ
2636 621 2711 675 σά
2739 623 2878 686 ἐστι,
2915 624 3012 677 καὶ
3039 625 3106 679 τά
3155 626 3224 679 σὰ
3244 626 3373 698 ἐμά.
3415 647 3436 680 ι
3481 629 3667 693 Ἐπεὶ,
3694 630 3741 685 εί

2142 707 2249 779 πρὸ
2276 709 2377 780 τῆς
2415 709 2648 773 κτίσεως
2685 710 2835 764 οὐδὲν
2856 707 3002 783 εἶχεν
3026 715 3056 767 ὁ
3087 715 3276 787 Πατὴρ
3304 716 3417 770 τῶν
3445 735 3729 792 προειρη-

2144 799 2349 872 μένων,
2384 804 2539 857 Μακ.
2582 802 2711 867 Ναὶ,
2745 799 2892 875 εἶχεν
2946 804 3199 877 θεότητα,
3254 808 3436 874 δόξαν,
3477 809 3736 881 δύναμιν,

2144 892 2357 966 βουλὴν,
2390 894 2700 967 ἀφθαρσίαν
2719 912 2733 925 ·
2765 895 2881 949 ἀλλ’
2895 897 2957 949 οὐ
2984 899 3116 969 περὶ
3137 899 3319 954 αὐτῶν
3343 900 3563 969 ἔλεγεν.
3582 902 3737 971 ὀρθ.

2145 987 2344 1040 Ἄκουε
2397 986 2508 1041 τῶν
2549 986 2644 1041 τοῦ
2692 988 2901 1061 Κυρίου
2928 991 3157 1058 φωνῶν⁸
3203 991 3387 1062 ἔχουσι
3423 992 3483 1045 δὲ
3507 992 3694 1058 οὕτως
3718 1012 3735 1027 ·

2147 1101 2167 1135 ι
2211 1083 2399 1137 Πάντα
2423 1081 2492 1135 τὰ
2514 1081 2624 1152 ἐμὰ
2658 1081 2745 1146 σὰ,
2777 1081 2873 1135 καὶ
2895 1082 2966 1136 τὰ
2999 1082 3067 1136 σὰ
3086 1081 3217 1153 ἐμὰ,
3266 1083 3362 1137 καὶ
3402 1084 3738 1156 δεδόξασμαι

2141 1177 2200 1228 ὲν
2226 1177 2430 1239 αὐτοῖς.
2472 1193 2491 1226 ι
2521 1179 2676 1230 Μακ.
2706 1177 2797 1229 Ἐν
2813 1174 2925 1247 γὰρ
2951 1178 3066 1240 τοῖς
3088 1174 3360 1246 μαθηταῖς
3394 1176 3735 1242 δεδόξασται.

2140 1268 2297 1335 Ὀρθ.
2328 1268 2445 1321 Οὐκ
2470 1264 2614 1338 εἶχεν
2637 1264 2731 1321 οὖν
2753 1266 2911 1332 δόξαν
2932 1266 3039 1338 πρὸ
3062 1265 3156 1320 τοῦ
3183 1267 3276 1320 τὸν
3307 1267 3517 1338 κόσμον
3563 1266 3735 1335 sint;

2139 1361 2292 1410 Max.
2314 1358 2441 1420 Ναὶ,
2468 1353 2632 1427 εἶχενο
2662 1356 2969 1430 γέγραπται
2992 1358 3119 1428 γάρ’
3144 1375 3163 1407 ε
3185 1357 3388 1430 Πάτερ,
3413 1358 3649 1425 δόξασόν
3675 1376 3735 1430 με

2139 1450 2204 1517 τῇ
2234 1447 2381 1520 δόξῃ.
2465 1443 2610 1518 εἶχον
2637 1446 2744 1519 πρὸ
2772 1446 2869 1501 τοῦ
2890 1447 2982 1502 τὸν
3007 1448 3210 1518 κόσμον
3234 1443 3397 1509 εἶναι,
3419 1449 3583 1521 παρὰ
3600 1452 3730 1503 σοί.»

2142 1539 2301 1609 Ὀρθ.
2322 1540 2412 1592 Ἐν
2437 1540 2575 1611 αὐτῇ
2596 1540 2651 1593 δὲ
2670 1540 2888 1611 ἔρχεται
2910 1542 3093 1611 κρῖναι
3117 1539 3325 1605 ζῶντας
3354 1542 3452 1595 καὶ
3479 1544 3732 1614 νεκροὺς,

2139 1633 2171 1704 ἢ
2198 1632 2436 1705 ὲνᾶλλῃ;
2468 1632 2727 1686 Μακ.Ἐν
2758 1634 2917 1704 αὐτῇ.
2940 1636 3101 1705 Ὀρθ.
3128 1634 3290 1702 Λέγει
3320 1633 3380 1687 δὲ
3407 1636 3467 1687 ὲν
3488 1635 3734 1703 Εὐαγγε-

449 1717 605 1775 t’ecto
636 1734 655 1775 :
685 1720 950 1792 scriptum
1003 1731 1088 1777 εει
1122 1722 1268 1778 enim
1302 1742 1317 1779 :
1354 1742 1373 1775 ι
1405 1723 1589 1788 Pater,
1640 1725 1887 1796 glorilica
1918 1702 1921 1703 ν
1949 1742 2027 1781 me

2140 1702 2278 1785 λίοις
2298 1738 2310 1751 ·
2351 1702 2386 1773 «ν
2405 1722 2605 1775 Μέλλει
2619 1721 2730 1794 γὰρ
2750 1702 2925 1787 ὁΥἱδς
2953 1723 3049 1776 τοῦ
3079 1702 3366 1795 Mme
3392 1702 3661 1795 ἔρχεσθαι
3680 1726 3735 1777 ἐν

448 1812 625 1883 gloria
663 1828 828 1884 quam
878 1814 1065 1881 habui,
1113 1827 1402 1888 antequam
1446 1817 1685 1875 mundus
1719 1820 2027 1883 exsisteret,

2138 1815 2205 1884 τῇ
2246 1811 2481 1884 δόξητοῦ
2514 1812 2726 1884 Πατρὸς
2761 1811 2928 1866 αὐτοῦ
2969 1812 3099 1883 (98).
3143 1833 3161 1865 ι
3196 1813 3345 1885 Αὕτη
3379 1814 3491 1885 ἄρα
3542 1816 3579 1885 ἡ
3611 1815 3735 1880 δόξα

449 1904 594 1976 apud
624 1911 677 1959 te
698 1906 774 1961 ‘°.
814 1924 835 1959 ›
874 1904 1033 1979 0rth._
1060 1905 1411 1964 Venturusne
1436 1917 1523 1964 est
1546 1909 1602 1965 in
1628 1926 1689 1965 ea
1719 1911 1914 1981 gloria,
1942 1912 2027 1982 jus

2136 1909 2233 1961 τοῦ
2257 1907 2387 1961 Υἱοῦ
2409 1909 2555 1961 ἐστιν
2591 1908 2686 1961 καὶ
2719 1906 2809 1961 τοῦ
2846 1907 3081 1978 Πατρός.
3111 1907 3222 1961 Kal.
3254 1907 3335 1961 ὅτι
3365 1907 3466 1978 μία
3492 1909 3651 1975 δόξα,
3678 1912 3734 1964 ἐν

447 1995 735 2051 dicaturus
771 1996 928 2052 vivos
961 2005 1015 2053 et
1055 2006 1327 2067 mortuos,
1354 2014 1424 2053 an
1468 2000 1523 2054 in
1554 2001 1701 2057 alia?
1727 2000 1937 2058 Maccd.
1973 2005 2027 2059 In

2139 1997 2286 2067 ἄλλῳ
2309 1996 2459 2066 τόπῳ
2491 1996 2585 2049 τοῦ
2608 1995 2945 2065 Εὐαγγελίου
2983 1996 3163 2066 λέγει·
3201 2015 3220 2047 ι
3262 1996 3435 2051 Ὅταν
3456 1998 3516 2052 δὲ
3539 1998 3673 2071 ἔλθῃ
3706 2000 3736 2053 6

447 2104 511 2143 ea
542 2088 682 2158 ipsa.
721 2088 875 2145 Ortlt.
915 2088 1055 2145 Dicit
1093 2100 1275 2146 autem
1309 2091 1365 2145 in
1408 2090 1718 2164 Evangeliis
1751 2114 1763 2147 :
1802 2113 1821 2146 ι
1863 2094 2027 2152 Filius

2139 2090 2270 2153 Ti’);
2298 2088 2397 2142 τοῦ
2416 2086 2706 2160 ἀνθρώπου
2737 2090 2796 2142 ἐν
2823 2091 2891 2160 τῇ
2918 2088 3046 2161 δόξῃ
3086 2088 3274 2152 αὐτοῦ,
3305 2090 3404 2143 καὶ
3442 2091 3653 2156 πάντες
3684 2093 3734 2145 οι

446 2178 593 2234 enim
632 2178 873 2235 hominis
896 2190 1161 2236 venturus
1188 2187 1275 2236 cst
1309 2182 1361 2235 in
1391 2181 1562 2252 gloria
1591 2181 1769 2239 Patris
1796 2185 1881 2240 sui
1908 2180 2025 2239 ⁶¹.’›

2136 2181 2360 2250 ἄγγελοι
2408 2181 2525 2251 μετ’
2545 2179 2732 2245 αὐτοῦ,
2756 2182 2879 2234 τότε
2908 2180 3124 2234 καθίσει
3172 2180 3265 2235 ἐπὶ
3316 2180 3512 2254 θρόνου
3572 2183 3733 2256 δόξης

446 2270 573 2327 ﬂare
605 2272 773 2343 igitur
799 2271 971 2342 gloria
1000 2280 1085 2329 est
1118 2271 1301 2328 Patris
1341 2283 1395 2326 et
1438 2271 1584 2329 Filii.
1622 2273 1848 2329 Unicam
1889 2290 2029 2345 prat-

444 2373 594 2420 terea
621 2380 743 2421 esse
770 2365 1000 2436 gloriam
1025 2366 1159 2421 dicit
1182 2366 1292 2421 alio
1319 2365 1596 2439 Evangelii
1629 2368 1752 2422 loco
1780 2387 1794 2423 :
1832 2386 1852 2419 ι
1888 2367 2027 2423 Cum

2136 2272 2323 2327 αὐτοῦ.
2368 2290 2388 2324 ι
2434 2272 2702 2337 Ἀκούεις,
2761 2273 2810 2325 εί
2856 2267 2970 2324 ὦτα
3002 2270 3168 2343 ἔχεις,
3217 2272 3301 2326 ὅτι
3352 2274 3530 2345 αὐτὴν
3574 2274 3733 2341 δόξαν

2136 2364 2331 2420 ἑαυτοῦ
2371 2364 2638 2434 λέγεικαὶ
2670 2363 2764 2418 τοῦ
2792 2364 3028 2436 Πατρός.

446 2458 658 2514 venerit
692 2467 874 2514 autem
903 2457 1076 2516 Filius
1107 2460 1347 2518 hominis
1385 2461 1440 2516 in
1469 2461 1641 2531 gloria
1671 2475 1793 2526 sua,
1824 2468 1878 2516 et
1910 2475 2102 2516 omnes
2133 2458 2313 2529 angeli
2375 2473 2502 2512 cum
2570 2472 2658 2521 eo,
2728 2464 2861 2510 tunc
2919 2456 3133 2512 sedebit
3182 2457 3240 2512 in
3292 2456 3497 2513 throno
3545 2460 3732 2532 gloria

443 2571 559 2615 suae
587 2556 651 2611 “.
684 2575 703 2609 ι
738 2555 911 2613 Audis
944 2572 1068 2613 eum
1102 2555 1395 2626 dicentem,
1429 2557 1474 2614 si
1502 2558 1666 2613 modo
1695 2573 1857 2612 aures
1880 2558 2071 2622 habes,
2102 2554 2351 2610 eamdem
2378 2568 2503 2609 esse
2535 2568 2691 2608 suam
2719 2560 2774 2608 et
2800 2551 2977 2606 Patris
3002 2552 3257 2623 gloriam.

514 2652 569 2707 4.
619 2652 828 2709 Maced.
881 2650 1044 2710 Potes
1093 2654 1228 2710 mihi
1279 2655 1590 2721 ostendere,
1623 2655 1713 2709 ubi
1761 2655 2027 2725 scriptum

445 2743 541 2810 sit,
573 2742 839 2815 Spiritum
869 2759 993 2801 esse
1030 2741 1201 2799 Deum
1226 2745 1250 2799 ?
1274 2760 1542 2815 quorsum
1570 2759 1657 2801 me
1692 2745 1881 2800 tandiu
1917 2746 2027 2798 cir-

445 2832 733 2904 cumagis?
763 2831 916 2888 Orth.
955 2830 1013 2887 Si
1045 2833 1265 2903 quidem
1292 2833 1526 2903 apostoli
1557 2834 1794 2905 primum
1819 2849 2025 2906 cogno-

444 2936 645 2983 verunt
694 2927 983 2998 Spiritum,
1027 2941 1092 2983 ac
1138 2929 1214 2982 ita
1256 2925 1477 2982 demum
1523 2927 1746 2993 Filium,
1777 2938 1927 2984 recte
1972 2936 2027 2984 et

444 3027 506 3074 tu
537 3019 836 3090 investigas
866 3027 921 3075 et
944 3018 1181 3091 Spiritus
1212 3023 1386 3077 sancti
1411 3020 1666 3076 notitiam
1696 3027 1820 3077 ante
1844 3020 2025 3076 Patris

2208 2650 2261 2705 4.
2291 2651 2445 2704 Μακ.
2486 2650 2673 2719 Ἔχεις
2732 2662 2822 2718 μοι
2877 2646 3071 2714 δεῖξαι,
3124 2644 3229 2701 ποῦ
3253 2646 3597 2717 γέγραπται,
3650 2649 3729 2702 ὅτι

2136 2742 2271 2805 Θεὸς
2307 2741 2368 2794 τὸ
2392 2739 2652 2811 Πνεῦμα;
2691 2741 2744 2792 τί
2790 2755 2859 2810 με
2909 2740 3198 2811 περιάγεις
3235 2739 3439 2807 πολλά;
3469 2743 3633 2809 Ὀρθ.
3667 2739 3728 2793 El

2138 2834 2236 2906 μὲν
2258 2833 2469 2905 πρῶτον
2498 2832 2742 2901 ἔγνωσαν
2772 2833 2822 2886 οί
2881 2832 3027 2902 ἅγιοι
3073 2832 3362 2888 ἀπόστολοι
3389 2834 3454 2887 τδ
3476 2834 3724 2905 Πνεῦμα.

2133 2927 2229 2979 καὶ
2261 2926 2382 2979 τότε
2414 2925 2507 2979 τὸν
2546 2925 2698 2987 Υἱὺν,
2735 2924 2916 2988 καλῶς
2942 2925 3037 2979 καὶ
3061 2927 3125 2979 σύ
3157 2925 3441 2996 ἐπιζητεῖς
3467 2926 3572 2995 τὴν
3600 2925 3726 2996 περὶ

2137 3018 2230 3072 τοῦ
2286 3018 2604 3090 Πνεύματος
2636 3019 2838 3087 γνῶσιν
2880 3018 2992 3091 (99)
3054 3017 3161 3091 πρὸ
3208 3019 3309 3089 τῆς
3357 3016 3457 3071 τοῦ
3509 3018 3727 3089 Πατρδς

443 3111 836 3183 cognitionem.
867 3111 1022 3179 Quod
1051 3112 1097 3167 si
1124 3112 1278 3183 prius
1308 3112 1418 3167 illis
1448 3101 1619 3169 Filius
1644 3112 1888 3167 innotuit
1915 3151 1930 3175 ,
1963 3126 2027 3167 ac

2137 3109 2391 3179 γνώσεως
2445 3127 2460 3142 ο
2488 3112 2537 3163 εί
2569 3110 2627 3164 δὲ
2688 3110 2950 3181 πρότερον
2998 3110 3245 3181 ἐγνώσθη
3304 3111 3494 3173 αὐτοῖς
3519 3112 3551 3164 ὀ
3577 3110 3723 3174 Υἱὸς.

443 3203 706 3275 deinceps
743 3202 980 3273 Spiritus
1004 3214 1232 3259 sanctus
1265 3223 1279 3260 :
1313 3211 1372 3258 tu
1413 3220 1633 3275 quoque
1656 3205 1890 3275 primum
1929 3203 2025 3259 Fi-

441 3296 505 3351 lii
534 3312 702 3351 nosce
729 3296 1009 3364 deitatem,
1052 3313 1118 3350 ac
1145 3305 1261 3351 tum
1310 3295 1551 3367 Spiritus
1584 3297 1834 3351 notitiam
1869 3290 2039 3352 asse—'

446 3406 634 3458 quere.
675 3387 886 3444 Maced.
938 3388 1096 3451 Novi,
1144 3398 1198 3444 et
1235 3389 1419 3453 credo,
1454 3388 1653 3444 Filium
1692 3405 1816 3445 esse
1856 3389 2025 3444 Deum

444 3496 510 3535 ex
541 3479 652 3536 Deo
676 3479 837 3537 Patre
858 3480 1125 3553 genitum,
1146 3487 1324 3535 totum
1345 3496 1413 3535 ex
1436 3489 1571 3537 toto.
1598 3479 1751 3536 Orth.
1771 3480 1943 3551 lgitu‘r
1958 3497 2025 3536 ex

442 3567 627 3628 Patris
650 3571 999 3627 substantia?
1022 3568 1231 3627 Maced.
1257 3570 1398 3627 Non.
1425 3570 1578 3627 Orth.
1611 3571 1688 3626 Ita
1712 3572 1878 3643 igitur
1899 3588 2026 3627 eum

445 3663 585 3719 dicis
617 3678 742 3718 esse
771 3669 945 3718 totum
985 3678 1051 3719 ex
1085 3671 1222 3727 toto,
1264 3671 1325 3718 ut
1354 3664 1653 3735 quemlibet
1682 3665 2023 3735 angelorum,

443 3762 501 3813 et
529 3762 756 3810 caeteras
782 3770 871 3810 res
897 3756 1149 3811 creatas?
1175 3754 1385 3810 Maccd.
1417 3754 1523 3812 Sed
1567 3755 1740 3812 Filius
1776 3757 2024 3827 unigeni-

444 3856 537 3903 tus
569 3854 652 3903 est
685 3845 851 3902 Deus.
889 3845 1043 3903 Ortlt.
1089 3847 1173 3902 An
1203 3863 1329 3903 eum
1364 3856 1653 3919 propterea
1684 3848 2025 3919 unigenitum

442 3957 631 4010 vocas,
660 3940 918 4012 quoniam
948 3941 1089 3997 alius
1120 3940 1318 3996 similis
1342 3956 1449 3995 non
1483 3948 1589 4003 est,
1617 3955 1685 3995 an
1714 3957 1846 3996 vero
1885 3956 2025 4012 quo-

440 4032 591 4087 niam
617 4032 770 4089 solus
791 4047 858 4089 ex
880 4032 1187 4087 substantia
1210 4031 1426 4102 genitus
1452 4030 1616 4104 443
1648 4033 1777 4088 est?
1818 4032 2025 4089 Muced.

444 4124 715 4191 Quoniam
740 4125 883 4182 alius
898 4125 1095 4181 similis
1121 4140 1230 4180 non
1248 4132 1351 4180 est.
1379 4123 1533 4180 Orth.
1554 4124 1652 4179 Dic
1677 4124 1842 4195 igitur
1858 4125 2023 4181 etiam

332 4241 343 4253 ο
445 4214 708 4287 Spiritum
728 4224 977 4273 sanctum
998 4232 1121 4273 esse
1143 4209 1337 4271 Filium
1357 4216 1717 4287 unigenitum.
1742 4215 1853 4272 Nec
1879 4219 2023 4297 enim

442 4308 586 4366 alius
615 4316 700 4364 est
732 4307 971 4379 Spiritus
999 4309 1215 4365 similis.
1249 4306 1459 4363 Maced.
1490 4308 1674 4362 Absit!
1710 4308 1862 4364 ονιΙι.
1904 4306 2024 4363 Νοιι

442 4412 575 4469 ergo
605 4399 811 4455 dicitur
837 4399 1177 4471 unigenitus,
1204 4414 1270 4455 eo
1299 4400 1447 4470 quod
1471 4399 1624 4455 solus
1651 4398 1724 4454 sit
1754 4400 1901 4463 talis,
1928 4400 2023 4455 sed

2083 3201 2095 3247 ἶ
2135 3204 2231 3258 καί
2261 3204 2385 3256 τότε
2428 3203 2489 3255 τὸ
2521 3202 2771 3272 Πνεῦμα,
2814 3204 3079 3274 πρότερον
3130 3202 3225 3256 καὶ
3264 3202 3431 3267 αὐτὸς
3461 3201 3724 3271 ἐπίγνωθι

2131 3291 2232 3361 τὴν
2277 3289 2371 3342 τοῦ
2408 3289 2538 3343 Υἱού
2588 3290 2838 3361 θεότητα,
2888 3292 2983 3344 καὶ
3017 3290 3191 3355 οὐτως
3224 3291 3449 3363 μαθήσῃ
3485 3292 3586 3346 καὶ
3626 3292 3725 3361 τὴν

2133 3380 2228 3435 τοῦ
2268 3381 2589 3453 Πνεῦματος
2630 3383 2852 3450 γνῶσιν.
2916 3386 3071 3437 Max.
3106 3379 3259 3447 Οἶδα,
3295 3383 3391 3437 καὶ
3454 3383 3720 3448 πιστεύω,

2131 3477 2213 3529 ὅτι
2233 3474 2366 3538 Θεός
2401 3476 2590 3528 ὲστινὸ
2617 3476 2762 3538 Υἱὸς.
2783 3476 2848 3528 ἐκ
2878 3474 2974 3528 τοῦ
3000 3474 3136 3529 Θεού
3168 3475 3263 3531 τοῦ
3290 3476 3512 3549 Πατρὸς
3526 3492 3725 3549 γεννη-

2132 3568 2265 3635 θεὶς,
2289 3568 2408 3632 ὅλος
2439 3566 2499 3633 ἐξ
2525 3568 2669 3622 ὅλου.
2690 3569 2846 3635 Ὀρθ.
2866 3568 3079 3623 Οὐκοῦν
3107 3569 3173 3622 ὲκ
3192 3568 3291 3639 τῆς
3313 3568 3511 3631 οὐσίας
3530 3587 3548 3635 ;
3567 3573 3720 3625 Max.

2133 3660 2275 3715 Οὐκ.
2304 3663 2460 3730 Ὀρθ.
2497 3660 2684 3724 Οὐτως
2707 3657 2800 3714 οὖν
2826 3661 2989 3714 αὐτὸν
3020 3661 3202 3729 λέγεις
3240 3660 3361 3714 ὅλον
3389 3659 3453 3724 ἐξ
3471 3661 3623 3725 ὅλου,
3651 3661 3723 3725 ὡς

2131 3754 2363 3809 ἕκαστον
2416 3753 2525 3807 τῶν
2557 3754 2807 3822 ἀγγέλων
2869 3753 3104 3807 καὶτῶν
3161 3752 3336 3808 ἄλλων
3365 3754 3719 3824 κτισμάτωνς

2132 3850 2287 3902 Μακ.
2336 3845 2474 3899 Ἀλλ’
2505 3847 2534 3899 ὁ
2568 3846 2697 3909 Υἱὸς
2724 3847 3019 3918 μονογενής
3066 3846 3183 3899 ἐστι
3224 3844 3379 3909 Θεός.
3411 3846 3579 3914 Ὀρθ.
3630 3846 3724 3899 Διὰ

2130 3940 2289 3993 τοῦτο
2321 3936 2483 3992 αὐτὸν
2517 3937 2698 4007 λέγεις
2739 3939 3025 4010 μονογενῆ,
3066 3937 3254 4008 ἐπειδὴ
3282 3937 3443 4001 ἄλλος
3482 3937 3724 3999 τοιοῦτος

2131 4033 2230 4086 οὐκ
2250 4031 2418 4094 ἔστιν,
2452 4032 2484 4103 ἢ
2509 4031 2696 4100 ἐπειδὴ
2729 4031 2887 4101 μόνος
2913 4032 2977 4084 ὲκ
3002 4030 3102 4100 τῆς
3143 4029 3333 4094 οὐσίας
3357 4028 3722 4100 γεγέννηταις

2131 4127 2286 4180 Μακ.
2336 4123 2553 4196 Ἐπειδὴ
2579 4122 2738 4188 ἄλλος
2760 4122 3001 4188 τοιοῦτος
3033 4122 3134 4176 οὐκ
3176 4121 3350 4176 ἔστιν.
3384 4122 3546 4191 Ὀρθ.
3589 4122 3725 4176 Εἰπὲ

2130 4214 2223 4272 οὖν
2255 4217 2351 4271 καὶ
2380 4218 2443 4270 τὸ
2493 4216 2716 4287 Πνεῦμα
2746 4216 2807 4269 τὸ
2836 4217 2991 4286 ἅγιον
3051 4215 3314 4287 μονογενῆ
3364 4215 3518 4269 Υἱόν.
3559 4214 3723 4268 ’Δλλο

2129 4311 2240 4382 γὰρ
2291 4310 2529 4363 τοιοῦτον
2573 4310 2674 4363 οὐκ
2726 4308 2895 4362 ἔστιν.
2950 4311 3104 4363 Μακ.
3141 4307 3233 4379 Μὴ
3272 4306 3525 4376 γένοιτοί
3562 4296 3721 4375 Ὀρθί

2130 4402 2246 4456 Οὐκ
2272 4402 2378 4473 ἄρα
2400 4400 2487 4454 διὰ
2524 4402 2586 4454 τὸ
2619 4404 2779 4471 μόνον
2812 4399 3052 4454 τοιοῦτον
3104 4399 3267 4453 αὐτὸν
3299 4394 3465 4462 εἶναι,
3501 4414 3727 4470 μονογε-

442 4491 703 4562 quoniam
747 4492 901 4548 solus
932 4508 1000 4547 ex
1047 4492 1357 4548 substantia
1398 4494 1615 4564 genitus
1654 4501 1759 4550 est.
1811 4492 2020 4548 Haced.

2136 4494 2230 4565 νὴς
2256 4494 2491 4561 λέγεται,
2515 4492 2631 4547 ἀλλ’
2676 4492 2862 4563 ἐπειδὴ
2890 4493 3051 4564 μόνος
3094 4495 3158 4545 ἐκ
3182 4492 3281 4562 τῆς
3313 4491 3511 4555 οὐσίας
3532 4492 3727 4560 γεγένη-

440 4584 641 4638 Annon
678 4598 810 4638 vero
846 4582 1084 4654 Spiritus
1111 4593 1195 4639 est
1228 4600 1291 4640 ex
1350 4582 1444 4640 Dei
1476 4585 1833 4642 substantia?
1866 4583 2022 4641 Orth.

442 4673 590 4731 Sane
628 4674 870 4745 quidem.
909 4673 1119 4730 Maced.
1160 4675 1306 4747 Ergo
1345 4685 1401 4731 ct
1433 4676 1672 4748 Spiritus
1702 4686 1788 4733 est
1827 4677 2022 4733 Filius.

441 4768 602 4826 OrtIt.
623 4766 759 4824 ‘lmo
783 4768 958 4827 Filius
982 4770 1203 4840 quidem
1235 4786 1303 4826 ex
1327 4771 1635 4827 substantia
1669 4773 1887 4844 genitus
1915 4782 2020 4840 est,

435 4863 673 4936 ideoque
704 4870 790 4920 est
818 4863 1135 4935 unigenitus
1176 4863 1351 4924 Filius
1394 4884 1408 4921 :
1452 4863 1691 4935 Spiritus
1731 4873 1911 4920 autem
1957 4882 2022 4920 ex

437 4950 751 5009 substantia
777 4952 1048 5023 procedit.
1080 4954 1357 5025 Scriptum
1380 4971 1617 5027 namque
1633 4954 2017 5027 est,cSpiritus

435 5058 507 5098 ex
536 5059 624 5100 me
652 5043 1059 5114 proceditnsed
1091 5045 1318 5111 non,Ex
1347 5062 1435 5103 me
1451 5048 1668 5119 genitus
1699 5056 1784 5103 est
1808 5066 1822 5102 :
1847 5056 1901 5102 et
1928 5046 2019 5102 Fi-

433 5136 543 5192 lius
572 5136 707 5193 dicit
741 5155 756 5191 :
793 5153 813 5188 ι
855 5135 1098 5209 Spiritus
1123 5138 1391 5201 veritatis.
1427 5141 1578 5210 quia
1622 5138 1784 5197 Patre
1821 5155 2018 5212 proce-

434 5226 517 5282 dit
549 5229 615 5281 ⁶³.
654 5248 675 5281 ι
712 5227 832 5285 Non
862 5238 1065 5299 autem,
1095 5229 1324 5288 Genitus
1350 5240 1454 5290 est.
1473 5231 1685 5289 Maced.
1714 5232 1824 5290 Sed
1846 5234 2021 5305 quod-

2128 4603 2307 4656 νηται.
2336 4589 2490 4640 Μακ.
2520 4586 2636 4641 Οὐκ
2664 4584 2812 4639 ἔστιν
2833 4581 2926 4639 οὖν
2946 4587 3011 4638 ὲκ
3039 4584 3143 4656 τῆς
3163 4585 3352 4647 οὐσίας
3372 4583 3470 4637 τοῦ
3505 4583 3649 4637 Θεοῦ
3664 4584 3724 4637 τὸ

2128 4675 2387 4748 Πνεῦμα;
2415 4677 2575 4745 Ὀρθ.
2606 4677 2717 4730 Καὶ
2743 4676 2908 4731 πάνυ.
2931 4680 3087 4731 Max.
3124 4676 3235 4729 Kal.
3256 4674 3391 4729 αὐτὸ
3411 4675 3525 4748 ἄρα
3571 4676 3719 4739 Υίός.

2126 4771 2285 4841 Ὀρθ.
2323 4770 2464 4824 Ἀλλ’
2488 4772 2517 4824 ὁ
2550 4769 2650 4841 μὲν
2682 4770 2810 4833 Υἱὸς
2835 4771 2899 4824 ἐκ
2921 4771 3020 4842 τῆς
3049 4768 3237 4833 οὐσίας
3258 4767 3616 4841 γεγέννηται,
3631 4769 3725 4823 καὶ

2123 4862 2212 4917 διά
2233 4862 2390 4916 τοῦτο
2409 4860 2700 4933 μονογενὴς
2728 4860 2877 4924 Υἱός’
2895 4860 2957 4913 τὸ
2975 4860 3033 4914 δὲ
3066 4859 3293 4930 Πνεῦμα
3316 4858 3384 4912 ὲκ
3410 4859 3518 4929 τῆς
3533 4860 3721 4924 οὐσίας

2127 4955 2538 5027 ἑκπορεύεται.ι
2568 4954 2797 5024 Πνεῦμα
2828 4971 2845 5004 ι
2871 4952 2981 5025 γὰρ
3015 4972 3035 5004 ι
3072 4953 3203 5023 παρ’
3234 4950 3371 5022 ἐμοῦ
3414 4951 3718 5023 ἐκπορεύε-

2125 5066 2237 5111 ται,
2270 5068 2290 5101 ι
2318 5047 2664 5119 γέγραπται’
2699 5047 2782 5107 οὐ,
2807 5046 3136 5117 Γεγὲννηται
3161 5061 3174 5074 ·
3218 5043 3315 5098 καὶ
3344 5041 3481 5107 Υἱὸς
3519 5042 3675 5113 λέγει
3704 5061 3719 5074 ·

2132 5158 2152 5191 ι
2190 5139 2266 5193 Τὸ
2291 5138 2517 5210 Πνεῦμα
2550 5138 2652 5208 τῆς
2700 5136 2979 5210 ἀληθείας,
3007 5137 3037 5190 ὃ
3063 5133 3216 5208 παρὰ
3244 5133 3341 5188 τοῦ
3372 5135 3601 5206 Πατρδς
3633 5137 3722 5188 ἑκ-

2128 5231 2421 5305 πορεύεται
2444 5249 2458 5262 ο
2485 5250 2505 5285 ι
2532 5232 2617 5296 οὐ,
2636 5230 2675 5284 Γ
2677 5231 2985 5302 εγέννηται.
3009 5233 3162 5285 Max.
3187 5228 3301 5285 Καὶ
3318 5226 3404 5291 τίς
3426 5229 3466 5298 ἡ
3482 5228 3721 5298 διαφορὰ

505 5399 554 5433 ⁸⁸
590 5400 755 5461 Joan.
789 5420 925 5475 xvn,
961 5406 1054 5464 10.
1129 5408 1177 5442 "
1215 5408 1350 5467 ibid.
1426 5411 1472 5442 “
1510 5410 1643 5466 ibid.
1677 5411 1732 5468 5.
1807 5411 1853 5444 “
1881 5409 2074 5467 Matth.
2113 5425 2225 5477 xu,
2258 5410 2350 5466 27.
2428 5412 2472 5443 ⁶²
2513 5408 2703 5465 Matth.
2743 5424 2868 5474 xxv,
2905 5407 2997 5463 5|.
3073 5407 3118 5439 ⁸³
3150 5404 3309 5460 Joan.
3348 5420 3443 5468 xv,
3517 5404 3575 5460 6.

497 5598 625 5680 .(98)
666 5598 800 5680 Mss.
829 5611 893 5657 ut
927 5605 1223 5680 plurimum
1255 5606 1457 5663 habent
1481 5605 1647 5662 αὐτοῦ
1680 5620 1804 5680 (ινφ
1834 5608 2012 5680 tenui,

438 5671 613 5723 etiam
639 5671 735 5725 ubi
768 5687 869 5744 pro
901 5671 1489 5749 possessivoAponitur.
1529 5680 1713 5749 Serus
1734 5677 1798 5734 .‘l.
1825 5671 2013 5749 Steph.

439 5750 581 5800 and.
635 5752 750 5801 tuta
804 5756 909 5820 αρα
948 5748 981 5820 ἡ
1029 5745 1154 5809 δόξα
1212 5745 1446 5806 Palatia.
1493 5749 1560 5821 τῇ
1598 5747 1725 5821 (δ’.)
1763 5749 1871 5823 ἄρα
1902 5745 1936 5822 ἦ
1967 5750 2015 5806 δ.

2473 5693 2608 5735 mss.
2653 5676 2792 5735 Editi
2821 5692 2974 5745 vero,
3013 5675 3106 5730 τοῦ
3137 5675 3457 5747 Πνεύματος
3487 5677 3698 5743 γνῶσιν

2185 5765 2286 5803 ax.
2358 5765 2461 5803 ια.

2185 5765 2286 5803 ax.
2310 5765 2461 5803 υιοα.
