3862 6204
176 287 316 348 ίΞΞθ

1159 292 1247 349 DE
1290 293 1558 351 SANCTA
1597 295 1970 352 TRINITATE
2012 296 2354 354 DIALOGUS
2389 297 2478 354 111.

3294 293 3431 350 1210

168 410 277 477 τῆς
315 407 617 477 γεννήσεως
649 406 743 459 καὶ
778 405 879 476 τῆς
910 406 1322 480 ἐκπορεύσεωςς
1355 408 1511 480 Ὀρθ.
1561 412 1621 464 ’0
1648 411 1747 482 τὴν

1853 428 1977 467 nam
2036 412 2334 468 discrimen
2376 420 2461 467 est
2513 409 2887 482 generationis
2932 415 2987 465 et
3018 405 3433 480 processimus?

167 496 432 569 διαφορὰν
463 495 641 561 εἰδὼς,
684 496 899 550 καὶτὸν
941 499 1141 569 τρόπον
1165 500 1266 569 τῆς
1314 503 1620 573 γεννήσεως
1656 503 1761 557 καὶ¹

166 590 271 661 τῆς
292 587 668 660 ἐκπορεύσεως
695 585 853 643 οἶδεν.
905 591 1026 645 Ὅτι
1056 592 1113 645 δὲ
1140 593 1314 657 οὐδεὶς
1344 590 1484 649 οἶδεν
1507 594 1597 650 τὸν
1628 596 1751 668 τρό-

168 697 279 734 πον
320 680 419 751 τῆς
465 681 792 751 γεννήσεως,
822 682 851 734 ὁ
886 684 1172 756 προφήτης
1227 684 1360 757 βοᾷ·
1388 705 1407 738 ι
1450 687 1563 759 Τὴν
1594 689 1750 757 γένε-

171 788 260 825 σιν
293 771 369 842 (ί)
400 770 567 825 αὐτοῦ
600 772 685 836 τίς
719 772 1074 843 διηγήσεταιε
1104 795 1122 826 ι
1158 779 1313 830 Μακ.
1363 778 1474 831 Καὶ
1509 778 1626 844 πῶς
1656 775 1751 834 οὖν

172 863 374 932 λέγεις,
395 864 526 918 ὄτιὸ
556 866 654 936 μὲν
701 866 829 931 Υἱὸς
867 870 932 920 ἐκ
959 868 1060 938 τῆς
1088 870 1278 934 οὐσίας
1309 872 1650 944 γεγέννηται,
1690 875 1750 929 τὸ

169 955 229 1007 δὲ
254 954 474 1025 Πνεῦμα
496 955 890 1028 ὲκπορεύεταις
922 958 1077 1027 Ὀρθ.
1106 960 1185 1013 Τὰ
1209 964 1569 1034 γεγραμμένα
1584 965 1746 1036 λέγω.

171 1048 285 1102 Καὶ
313 1050 376 1102 ob
397 1048 546 1117 λέγε,
580 1051 674 1103 καὶ
697 1049 758 1102 οὐ
791 1050 1142 1116 κινδυνεύεις.
1176 1057 1333 1108 Max.
1378 1055 1488 1109 Ποῦ
1514 1052 1607 1111 οὖν
1654 1059 1749 1127 γέ-

171 1157 438 1211 γραπται,
470 1143 536 1195 ἐκ
579 1141 678 1212 τῆς
716 1143 934 1208 οὐσίαςς
966 1144 1124 1212 Ὀρθ.
1174 1145 1296 1198 Ὅτι
1334 1147 1511 1201 πάντα
1541 1149 1605 1202 ἐκ
1651 1149 1748 1204 τοῦ

168 1227 329 1291 Θεοῦ,
357 1230 686 1300 γέγραπται,
708 1232 803 1286 καὶ
833 1234 897 1286 σὺ
925 1233 1208 1304 ὁμολογεῖς
1232 1253 1245 1302 ;
1274 1239 1425 1291 Μακ.
1457 1238 1585 1302 Ναὶ,
1617 1240 1748 1311 ὀμο-

166 1318 333 1390 λογῶ.
362 1322 453 1393 Μὴ
483 1319 575 1376 οῦν
598 1325 660 1376 ὲκ
681 1325 779 1395 τῆς
811 1325 998 1390 οὐσίας
1023 1326 1237 1391 πάντας
1271 1330 1426 1397 Ὀρθ.
1474 1331 1632 1402 υὺχὶ,
1672 1332 1747 1404 μὴ

166 1412 379 1481 γένοιτο
404 1413 418 1466 l
459 1414 596 1467 Ἀλλ’
622 1415 726 1480 ὅτι,
763 1416 980 1471 πάντων
1012 1418 1180 1472 ὄντων
1209 1419 1273 1472 ἐκ
1297 1420 1391 1474 τοῦ
1407 1420 1566 1487 Θεοῦ,
1591 1415 1747 1488 οὗτος

167 1505 463 1577 μονογενὴς
512 1506 658 1571 Υἱὸς,
698 1507 906 1563 πολλῶν
940 1508 1108 1563 ὄντων
1157 1512 1309 1577 υἱῶν,
1343 1507 1380 1584 ἦ
1415 1512 1521 1585 μὴν
1548 1515 1613 1567 ὲκ
1647 1515 1745 1585 τῆς

164 1598 378 1666 οὐσίας,
405 1598 561 1671 δῆλόν
588 1601 754 1654 ἐστιν.
1016 1637 1023 1645 ~
1303 1604 1317 1623 ’

234 1892 289 1950 ιε.
325 1896 475 1949 Max.
512 1893 604 1967 Μὴ
635 1897 730 1951 καὶ
759 1897 821 1951 τὸ
845 1897 1069 1969 Πνεῦμα
1102 1900 1395 1973 μονογενὴς
1417 1903 1545 1968 Υἱός
1565 1906 1740 1973 ὲστιν;

164 1984 322 2053 Ὄρθ.
354 1983 463 2037 Καὶ
483 1984 576 2040 νῦν
596 1984 759 2053 λέγω,
796 1987 871 2060 μὴ
901 1989 1108 2057 γένοιτο
1137 1992 1347 2047 εἰπεῖνί
1384 1994 1523 2047 Ἀλλ’
1554 1994 1744 2067 ὥσπερ

163 2075 377 2130 πολλῶν
397 2077 565 2132 ὄντων
608 2079 742 2133 υἱῶν
760 2121 776 2144 ,
805 2081 992 2135 τοῦτον
1014 2082 1260 2154 ἔγνωμεν
1290 2086 1356 2138 ἐκ
1386 2086 1486 2157 τῆς
1530 2088 1740 2151 οὐσίας,

160 2165 253 2219 διὰ
278 2166 340 2221 τὸ
391 2166 570 2235 λέγειν
593 2168 685 2223 τὸν
714 2170 962 2243 Πατέρα·
1005 2190 1024 2223 ι
1060 2168 1230 2239 Οὗτός
1270 2177 1361 2246 μοί
1387 2179 1535 2232 ἐστιν
1564 2178 1593 2231 6
1616 2179 1743 2243 Υἱὸς

162 2259 194 2312 6
219 2259 521 2330 ἀγαπητός·
557 2280 574 2311 ι
607 2260 750 2315 οὕτω
774 2262 836 2316 τὸ
872 2264 1099 2336 Πνεῦμα
1131 2267 1379 2340 ἔγνωμεν
1418 2271 1483 2323 ὲκ
1503 2270 1602 2342 τῆς
1653 2272 1743 2324 οὐ·

167 2351 309 2414 σίας,
342 2349 430 2405 διὰ
453 2351 531 2414 τὸ,
562 2352 773 2406 πολλῶν
821 2353 989 2408 ὄντων
1028 2357 1375 2428 πνευμάτων,
1424 2360 1604 2430 λέγειν
1648 2361 1742 2418 τὸν

166 2443 409 2514 Πατέρα·
434 2462 453 2495 ι
485 2443 693 2516 Ἐκχεῶ
719 2446 828 2500 ἀπὸ
855 2447 950 2501 τοῦ
973 2448 1290 2520 Πνεῦματός
1314 2468 1414 2522 μου
1445 2451 1538 2505 ἐπὶ
1564 2453 1742 2509 πᾶσαν

167 2534 366 2606 σάρκα.
381 2537 618 2602 »Ἄλλως
636 2538 706 2607 γὰ
714 2555 745 2609 ρ
765 2538 825 2592 οὐ
852 2539 1072 2595 δύναται
1089 2542 1423 2613 χωρισθῆναι
1438 2543 1547 2597 τῶν
1567 2543 1741 2599 ἄλλων

168 2626 339 2696 ἁγίων
358 2631 703 2700 πνευμάτων,
722 2631 815 2684 καὶ
834 2633 1170 2703 συναφθῆναι
1186 2633 1264 2703 τῷ
1285 2635 1481 2707 Πατρὶ,
1501 2637 1548 2688 εί
1575 2635 1647 2708 μὴ
1663 2636 1742 2709 τῷ

168 2718 313 2790 λόγῳ
336 2721 435 2792 τῆς
454 2724 659 2787 οὐσίας.
682 2727 834 2778 Μακ.
871 2723 928 2779 ὐ
951 2726 1060 2798 γὰρ
1090 2727 1280 2799 Πατήρ
1310 2729 1455 2781 ἐστιν
1486 2730 1513 2781 6
1531 2727 1703 2794 λέγων
1725 2746 1738 2762 ’

169 2832 194 2865 ε
215 2815 420 2886 Ἐκχεῶ
452 2816 561 2870 ἀπὸ
587 2816 679 2870 τοῦ
704 2816 1018 2889 Πνεῦμα-τός
1039 2835 1178 2889 μους
1206 2839 1224 2871 ι
1246 2821 1398 2890 Ὀρθ.
1436 2821 1545 2875 Καὶ
1574 2820 1738 2875 πάνυ.

166 2908 322 2962 Max.
350 2906 521 2962 Πόθεν
549 2908 737 2976 τοῦτο;
765 2929 783 2961 ι
802 2910 959 2979 Ὀρθ.
977 2910 1225 2975 Παῦλοςὸ
1241 2912 1536 2975 ἀπόστολος
1556 2912 1737 2981 λέγει·

172 3018 195 3050 ο
234 2997 362 3054 Ὅτε
415 3000 520 3073 γὰρ
549 3002 790 3073 ἐπεφάνη
824 3004 855 3072 ή
886 3003 1045 3074 χάρις
1077 3003 1173 3056 τοῦ
1218 3002 1353 3057 Θεοῦ
1394 3004 1470 3075 t9.)
1506 3004 1600 3058 τοῦ
1631 3006 1744 3058 Σω-

165 3090 334 3161 τῆρος
354 3091 532 3161 ἡμῶν.
569 3093 667 3147 οὐκ
692 3092 751 3159 ἐξ
774 3094 971 3165 ἔργων,
1004 3088 1077 3148 ὧν
1103 3096 1440 3167 ἐποιήσαμεν
1474 3098 1633 3168 ἡμεῖς
1651 3099 1743 3151 ἐπὶ

166 3181 271 3250 τῆς
292 3182 416 3251 γῆς,
440 3182 574 3236 ἀλλὰ
594 3184 736 3237 κατὰ
758 3186 817 3238 τὸ
832 3185 965 3239 πολὺ
990 3186 1155 3240 αὐτοῦ
1183 3186 1351 3251 ἔλεος,
1373 3189 1745 3261 ἀναγεννήσας

166 3276 317 3346 ἡμᾶς
338 3275 425 3328 διὰ
454 3276 677 3347 λουτροῦ
708 3277 1145 3346 παλιγγενεσίας,
1173 3279 1267 3331 καὶ
1327 3278 1747 3344 ἀνακαινώσεως

168 3368 482 3438 Πνεῦματος
504 3367 681 3437 ἁγίου,
701 3364 763 3422 οὗ
795 3369 1007 3440 ἐξέχεεν
1052 3372 1136 3440 ἐφ’
1166 3373 1197 3442 ἡ
1208 3372 1313 3441 μᾶς
1351 3370 1621 3435 πλουσίως
1660 3370 1747 3425 διὰ

168 3458 348 3528 Ἰησοῦ
403 3458 661 3531 Χριστοῦ.
714 3480 733 3511 ι
769 3460 865 3525 Τίς
897 3460 1077 3532 ἐξέχεε
1126 3461 1214 3517 διὰ
1261 3462 1436 3534 Ἰησοῦ
1469 3462 1745 3536 Χριστοῦ;

166 3552 411 3624 δηλονότι
446 3556 474 3607 ὁ
508 3553 764 3626 εἰρηκώς·
837 3573 855 3606 ι
923 3555 1011 3609 Ἐν
1046 3558 1167 3621 ταῖς
1201 3556 1460 3629 ἐσχάταις
1510 3538 1749 3630 ἡμέραις

169 3644 346 3715 ἐκχεῶ
398 3645 506 3700 ἀπὸ
556 3646 650 3700 τοῦ
688 3646 1007 3719 Πνεῦματός
1044 3665 1146 3718 μου
1184 3648 1282 3721 (ὖ).
1328 3669 1347 3701 ι
1399 3654 1553 3706 Max.
1584 3651 1696 3721 Οὐχ
1721 3651 1750 3704 ό

167 3737 298 3800 Tib;
328 3733 420 3791 οὖν
468 3737 649 3792 δίδωσι
696 3740 756 3792 τὸ
784 3740 1040 3812 Πνεῦμα;
1083 3742 1237 3811 Ὀρθ.
1290 3742 1589 3806 Ἤκουσας,
1619 3744 1749 3796 ὅτιὸ

169 3828 360 3901 Πατὴρ
391 3828 479 3883 διὰ
507 3829 601 3883 τοῦ
645 3830 776 3885 Υἱοῦ
809 3831 990 3887 δίδωσι
1023 3833 1084 3887 τὸ
1114 3833 1359 3906 Πνεῦμα.
1408 3834 1626 3905 Ἀμέλει
1652 3834 1748 3888 τοῦ

168 3924 386 3994 Πατρδς
438 3923 748 3996 εἰρηκότος,
803 3944 822 3976 ι
900 3925 990 3978 Ἐν
1050 3928 1172 3991 ταῖς
1219 3925 1477 3997 ἐσχάταις
1514 3927 1749 3999 ἡμέραις

169 4012 347 4084 ἐκχεῶ
379 4015 487 4068 ἀπὸ
535 4013 627 4068 τοῦ
673 4014 991 4088 Ιῖνεύματός
1024 4035 1124 4089 μου
1150 4058 1165 4080 ,
1216 4038 1235 4070 ι
1275 4022 1302 4073 6
1339 4019 1467 4084 Tib;
1511 4020 1751 4083 ἀναστὰς

170 4107 239 4157 ἐκ
271 4103 498 4175 νεκρῶν,
553 4104 727 4174 λέγει·
779 4126 797 4157 ι
835 4107 1044 4161 Λάϐετε
1083 4107 1305 4179 Πνεῦμα
1330 4110 1506 4179 ἅγιον.
1544 4130 1563 4161 ι
1589 4114 1745 4166 Max.

170 4193 339 4250 Εἶπον
370 4201 435 4251 ὲκ
468 4196 685 4263 πολλοῦ,
721 4200 795 4271 μή
827 4216 893 4271 με
918 4200 1162 4271 περίσπα
1186 4218 1199 4230 ·
1230 4201 1366 4265 ἀλλ’,
1399 4204 1447 4255 εἰ
1470 4200 1615 4272 ἔχεις
1646 4202 1752 4255 δεῖ-

169 4288 282 4354 ξαι,
316 4283 468 4344 εἷπον
524 4288 627 4344 ποῦ
682 4291 1012 4363 γέγραπται,
1062 4291 1194 4355 Θεὸς
1221 4293 1283 4345 τὸ
1316 4293 1558 4364 Πνεῦμα.
1594 4296 1749 4361 Ὀρθ.

179 4378 542 4450 Ὁμολόγησον
553 4379 649 4450 τὴν
665 4379 893 4451 θεότητα
906 4381 996 4435 τοῦ
1015 4380 1226 4450 Πατρὸς
1242 4379 1436 4434 καὶτοῦ
1458 4379 1583 4433 Υίοῦ
1604 4381 1750 4451 μίαν,

1855 502 2009 560 Orth.
2042 503 2147 570 Qui
2178 503 2284 558 hoc
2325 502 2625 558 discrimen
2675 501 2915 566 noverit,
2951 497 3171 555 modum
3211 513 3431 568 quoque

1850 595 2224 667 generationis
2252 601 2306 651 et
2334 594 2709 664 processionis
2753 593 2925 648 novit.
2978 590 3260 651 Neminem
3299 604 3430 644 vero

1851 701 2016 742 nosse
2055 685 2421 756 generationis
2465 683 2685 738 modum
2733 681 3072 739 vociferatur
3138 679 3428 750 propheta,

1850 794 1976 833 cum
2028 778 2206 847 inquit
2264 795 2277 831 :
2326 793 2346 827 ι
2393 775 2811 832 Gcnerationem
2868 774 2990 843 ejus
3039 772 3166 841 quis
3205 785 3428 826 enarra-

1851 869 1929 924 hit
1951 869 2030 923 “‘2
2060 888 2079 920 ι
2119 867 2329 923 Maced.
2367 865 2548 934 Quare
2600 868 2768 938 igitur
2797 865 2974 920 dicis:
3001 862 3175 919 Filius
3209 862 3429 933 quidem

1851 974 1915 1013 ex
1945 958 2252 1014 substantia
2278 960 2497 1029 genitus
2526 965 2631 1021 est,
2661 955 2900 1028 Spiritus
2934 962 3114 1011 autem
3144 952 3433 1025 procedit?

1854 1050 2007 1106 Orth.
2053 1050 2186 1106 Dico
2241 1065 2363 1122 qua:
2411 1051 2615 1121 scripta
2651 1059 2799 1106 sunt.
2836 1050 2914 1104 lta
2960 1047 3125 1118 igitur
3165 1055 3221 1101 et
3248 1052 3307 1100 tu
3344 1045 3429 1099 lo-

1850 1160 2039 1214 quere,
2069 1153 2123 1201 et
2151 1157 2305 1201 exura
2332 1147 2637 1217 periculum
2660 1162 2740 1202 es.
2768 1144 2976 1200 Haced.
3020 1145 3254 1201 Ubinam
3289 1142 3431 1199 scri-

1850 1242 2001 1305 ptum
2029 1245 2135 1302 est,
2168 1236 2366 1292 Filium
2397 1252 2521 1295 esse
2565 1253 2633 1293 ex
2668 1237 3022 1293 substantia?
3052 1236 3206 1293 Orth.
3236 1234 3430 1291 Nonne

1849 1333 1903 1380 et
1930 1334 1988 1380 tu
2020 1328 2287 1398 scriptum
2319 1336 2441 1385 esse"
2467 1328 2655 1383 fateris
2679 1328 2862 1382 omnia
2885 1343 3009 1384 esse
3031 1343 3096 1384 ex
3127 1327 3235 1383 Deo
3254 1327 3278 1380 ?
3299 1324 3426 1380 Ma-

1847 1416 1959 1473 ced.
2003 1416 2147 1474 Sane
2181 1418 2375 1485 fateor,
2411 1419 2507 1475 sed
2534 1435 2665 1473 num
2694 1419 2877 1473 omnia
2912 1426 3043 1473 sunt.
3073 1434 3141 1473 ex
3172 1417 3264 1473 Dei
3298 1417 3430 1473 sub—

1847 1509 2084 1564 stantia?
2116 1508 2268 1566 Ortlt.
2297 1509 2673 1581 Nequaquam,
2709 1510 2880 1565 absit!
2916 1509 3022 1564 Sed
3065 1525 3134 1564 ex
3163 1524 3229 1564 eo
3259 1507 3428 1578 quod,

1846 1614 1969 1655 cum
2009 1604 2191 1655 omnia
2218 1602 2330 1657 sint
2367 1617 2434 1658 ex
2465 1602 2597 1669 Deo,
2639 1602 2745 1658 iste
2774 1609 2860 1657 est
2891 1602 3206 1672 unigenitus
3235 1597 3426 1664 Filius,

1849 1693 2105 1763 quamvis
2162 1693 2319 1748 multi
2356 1695 2469 1749 sint
2504 1693 2624 1760 filii,
2671 1693 2843 1762 liquet
2872 1701 3019 1750 certe
3048 1708 3173 1749 eum
3198 1707 3322 1749 esse
3362 1708 3431 1748 ex

1774 1775 1818 1834 Β
1846 1784 2178 1840 substantia.

1922 1893 1976 1948 5.
2008 1892 2216 1948 Maced.
2252 1894 2337 1949 An
2369 1911 2499 1951 vero
2526 1893 2766 1968 Spiritus
2798 1912 3017 1968 quoque
3057 1903 3143 1953 est.
3181 1896 3431 1969 unigenio

1850 1990 1940 2038 tus
1970 1982 2175 2039 Filius?
2206 1983 2359 2041 Orlh.
2380 1986 2558 2052 Absit,
2593 1986 2835 2058 inquam,
2855 1998 2913 2042 ut
2938 1987 3042 2044 hoc
3070 1987 3285 2043 dicam!
3320 1987 3428 2044 Sed

1850 2077 2015 2143 sicut,
2060 2091 2185 2133 eum
2221 2078 2377 2133 multi
2408 2079 2520 2134 sint
2563 2078 2679 2144 filii,
2729 2080 2984 2134 novimus
3018 2079 3166 2134 hunc
3208 2094 3331 2134 esse
3359 2094 3427 2134 ex

1850 2171 2178 2237 substantia,
2231 2172 2492 2242 quoniam
2525 2173 2663 2229 dixit
2707 2172 2905 2229 Pater:
2944 2190 2963 2224 ι
2993 2170 3096 2227 llic
3131 2178 3216 2228 est
3255 2170 3429 2227 Filius

1849 2279 2003 2320 meus
2034 2265 2266 2320 dilectus
2289 2266 2364 2332 ⁶⁸;
2391 2286 2409 2317 ι
2438 2267 2511 2321 ita
2536 2267 2699 2322 etiam
2729 2280 2852 2322 esse
2878 2281 2945 2321 ex
2975 2266 3285 2323 substantia
3311 2264 3432 2336 Spi-

1848 2357 2013 2411 ritum
2041 2356 2168 2412 inde
2209 2359 2484 2426 novimus,
2518 2359 2664 2430 quod
2698 2372 2823 2414 eum
2858 2358 2966 2413 sint
2998 2357 3155 2412 multi
3179 2357 3426 2429 spiritus,

1848 2447 2045 2505 dixerit
2060 2448 2237 2505 Pater:
2250 2448 2564 2505 «Etl‘undam
2582 2450 2649 2506 de
2671 2450 2874 2520 Spiritu
2894 2464 3012 2505 meo
3029 2464 3194 2520 super
3210 2464 3428 2504 omnem

1847 2557 2068 2597 carnem
2099 2543 2164 2595 ⁵⁵.
2209 2562 2228 2595 ι
2261 2542 2395 2597 Nam
2435 2543 2593 2598 aliter
2621 2544 2864 2614 separari
2894 2559 2925 2597 a
2964 2543 3170 2598 sanctis
3199 2542 3426 2612 reliquis

1849 2636 2133 2705 spiritibus
2155 2651 2263 2691 non
2284 2643 2482 2705 potest,
2498 2645 2549 2691 et
2564 2635 2712 2692 Patri
2741 2636 3023 2707 conjungi,
3044 2636 3148 2690 nisi
3173 2635 3430 2690 substan-

1849 2722 1939 2775 tiae
1959 2723 2189 2777 ratione.
2228 2722 2593 2778 Maced.Num
2636 2739 2769 2779 vero
2795 2723 2957 2779 Pater
2999 2724 3046 2779 is
3074 2734 3176 2785 est,
3211 2724 3303 2793 qui
3340 2723 3427 2777 di-

1850 2812 1926 2866 cit
1959 2831 1972 2866 :
2003 2831 2022 2863 (
2058 2811 2345 2868 Effundam
2372 2815 2439 2870 de
2470 2813 2678 2885 Spiritu
2706 2815 2867 2869 meo?
2902 2832 2921 2865 ι
2957 2812 3109 2869 Ortlt.
3142 2813 3285 2889 Sane
3304 2815 3426 2884 qui-

1850 2903 1996 2959 dem.
2022 2903 2233 2959 Maced.
2259 2904 2412 2961 Unde
2439 2906 2544 2960 hoc
2580 2905 2837 2975 colligis?
2868 2903 3023 2961 Orth.
3056 2903 3260 2960 Paulus
3293 2920 3430 2975 apo-

1851 2996 2026 3052 stolus
2056 2998 2263 3069 inquit:
2305 3017 2324 3049 ι
2346 2998 2480 3053 Cum
2514 2999 2660 3054 enim
2694 2999 2950 3070 apparuit
2980 2999 3155 3069 gratia
3192 2998 3287 3053 Dei
3319 2998 3431 3053 Sal.

1851 3089 2057 3145 vatoris
2082 3090 2281 3156 nostri,
2316 3105 2427 3145 non
2467 3105 2531 3145 ex
2577 3091 2861 3161 operibus,
2912 3106 3035 3161 qua:
3066 3090 3298 3146 fecimus
3331 3107 3432 3147 nos

1851 3196 2016 3252 super
2042 3189 2266 3245 terram,
2301 3184 2395 3237 sed
2450 3182 2753 3239 secundum
2786 3182 3221 3238 misericordiam
3272 3198 3428 3238 suam

1850 3272 2195 3343 regeneravit
2225 3287 2327 3329 nos
2377 3274 2598 3328 lavacro
2645 3274 3074 3346 regenerationis
3104 3285 3158 3331 et
3204 3290 3433 3330 renova-

1851 3364 2020 3419 tionis
2046 3364 2285 3433 Spiritus
2316 3365 2515 3432 sancti,
2556 3381 2719 3436 quem
2766 3364 2956 3420 effudit
2986 3366 3040 3420 in
3081 3381 3182 3421 nos
3217 3365 3433 3421 abunde

1850 3472 1947 3527 per
1988 3454 2174 3512 Jcsum
2224 3456 2503 3512 Christum
2532 3458 2600 3511 °7.
2640 3477 2659 3510 ι
2696 3455 2831 3523 Quis
2871 3456 3062 3513 eﬂ‘udit
3102 3473 3197 3528 per
3245 3456 3429 3514 Iesum

1849 3547 2164 3604 Christum?
2192 3547 2241 3603 is
2261 3548 2542 3611 nimirum,
2567 3549 2660 3619 qui
2692 3549 2908 3604 dixerat
2941 3565 2955 3601 :
2991 3568 3009 3601 ι
3034 3546 3092 3603 1η
3121 3548 3434 3605 novissimis

1849 3640 2044 3697 diebus
2069 3640 2342 3695 ell‘undam
2392 3657 2456 3696 ex
2508 3639 2716 3712 Spiritu
2758 3657 2901 3699 meo.
2942 3661 2962 3694 ›
2996 3641 3209 3697 Maced.
3234 3645 3431 3697 Annon

1850 3746 1979 3802 ergo
2008 3730 2179 3786 Filius
2203 3733 2295 3785 dat
2335 3730 2639 3801 Spiritum?
2668 3732 2822 3789 Ortlt.
2854 3732 3070 3787 Audisti
3098 3733 3242 3804 quod
3273 3731 3435 3787 Pater

1851 3840 1948 3894 per
1972 3823 2168 3879 Filium
2195 3831 2284 3881 det
2320 3823 2609 3896 Spiritum.
2634 3826 2796 3881 Certe
2823 3842 2948 3881 cum
2990 3824 3154 3880 Pater
3188 3825 3389 3883 dixerit
3415 3867 3431 3891 ,

1857 3936 1875 3968 ι
1907 3914 1965 3972 1η
1988 3918 2307 3975 novissimis
2340 3918 2537 3973 diebus
2568 3917 2843 3973 effundam
2877 3917 2945 3974 de
2990 3916 3197 3989 Spiritu
3231 3934 3373 3983 meo,
3409 3938 3430 3969 ι

1848 4006 2023 4065 Filius
2052 4019 2335 4080 postquam
2359 4025 2389 4064 a
2413 4010 2646 4065 mortuis
2665 4009 3265 4075 resnrrexisset,dixit:
3294 4028 3312 4061 ι
3337 4009 3435 4064 Ac.-

1852 4100 2016 4170 cipite
2033 4100 2295 4171 Spiritum
2314 4112 2564 4156 sanctum
2585 4102 2650 4156 °°.
2667 4099 2903 4155 ιΜαεεά.
2925 4098 3001 4155 Ne
3020 4117 3104 4156 me
3141 4101 3305 4171 (quod
3320 4101 3433 4171 jam

1853 4194 2062 4263 pridem
2091 4193 2225 4266 dixi)
2245 4194 2367 4250 istis
2385 4194 2706 4265 ambagibus
2719 4194 2980 4250 distincto
3012 4210 3025 4246 :
3061 4194 3155 4249 sed
3182 4194 3439 4260 ostende.

1855 4287 1900 4341 si
1959 4297 2133 4357 potes,
2190 4288 2280 4342 ubi
2342 4287 2607 4356 scriptum
2649 4286 2722 4340 sit
2773 4283 3037 4355 Spiritum
3069 4301 3194 4341 esse
3240 4284 3432 4341 Deum.

1858 4379 2013 4436 Orth.
2034 4379 2230 4436 Fatere
2259 4395 2424 4434 unam
2454 4394 2578 4434 esse
2604 4378 2783 4433 Patris
2808 4387 2864 4433 et
2881 4377 3002 4432 Filii
3032 4378 3292 4434 deitatem
3320 4379 3441 4433 sive

166 4474 338 4543 ἤγουν
360 4470 457 4542 τὴν
490 4471 697 4538 οὐσίαν,
733 4473 827 4527 καὶ
841 4473 940 4544 τὴν
982 4471 1197 4544 βουλὴν,
1238 4474 1333 4526 καὶ
1369 4472 1467 4544 τὴν
1495 4472 1745 4546 δύναμιν,

1855 4475 2242 4540 substantiam,
2286 4487 2563 4543 unumque
2587 4472 2902 4536 consilium,
2928 4487 3090 4526 unam
3112 4471 3435 4542 potentiam,

166 4561 265 4617 καὶ
285 4561 383 4631 τὴν
409 4560 564 4628 δόξαν
584 4577 598 4591 ⁸
632 4563 726 4616 καὶ
741 4563 862 4616 τότε
894 4562 1115 4636 μαθήσῃ
1144 4564 1272 4635 περὶ
1298 4562 1391 4616 τοῦ
1415 4561 1751 4633 Πνεύματος.

166 4658 323 4711 Max.
355 4654 470 4709 Μία
499 4653 692 4727 θεότης
715 4655 876 4709 πάλιν
902 4655 1005 4709 ποῦ
1038 4656 1347 4726 γέγραπται
1367 4674 1383 4723 ;
1407 4656 1563 4724 ’0p0.
1592 4657 1755 4729 Ὁμο-

166 4748 370 4815 λογεῖς,
413 4748 497 4802 ὅτι
533 4750 591 4802 ὲν
617 4748 767 4820 αὐτῷ
820 4752 1062 4803 κατοικεῖ
1120 4750 1227 4802 πᾶν
1255 4748 1317 4801 τὸ
1348 4748 1623 4821 πλήρωμα
1653 4749 1753 4819 τῆς

165 4841 499 4913 θεότητος,ἢ
537 4840 636 4909 ob;
667 4847 822 4898 Max.
851 4841 1009 4897 Οὕτω
1028 4842 1519 4915 γέγραπται.’ορθ.
1550 4842 1751 4915 Ἄλλην

165 4934 451 5006 ὁμολογεῖς
487 4934 584 5007 τὴν
620 4935 850 5008 θεότητα
898 4936 994 4990 τοῦ
1043 4937 1279 5008 Πατρὺς,
1314 4939 1409 4991 καὶ
1441 4936 1607 5009 ἄλλην
1650 4936 1750 5007 τὴν

165 5027 401 5099 θεότητα
446 5027 542 5081 τοῦ
577 5027 740 5095 Υίοῦ;
772 5030 924 5082 Μακ.
971 5028 1097 5082 Ναί.
1125 5031 1281 5097 Ὀρθ.
1330 5029 1394 5082 Ἥ
1423 5028 1613 5099 θεότης
1657 5025 1751 5083 οὖν

172 5119 262 5176 τοῦ
288 5120 499 5193 Πατρὺς
531 5121 591 5174 ἐν
613 5123 680 5192 τῇ
699 5120 913 5191 θεότητι
938 5120 1033 5174 τοῦ
1057 5121 1186 5175 Υἱοῦ
1209 5138 1223 5187 ;
1254 5126 1410 5176 Max.
1433 5120 1561 5174 Ναί.
1594 5122 1752 5189 Ὀρθ.

164 5212 273 5268 Δύο
298 5207 392 5268 οὖν
419 5213 705 5284 θεότητεςς
742 5217 899 5268 Μακ.
936 5213 996 5266 '0
1023 5212 1157 5276 Θεὸς
1187 5214 1283 5268 καὶ
1328 5214 1540 5286 Πατὴρ,
1593 5213 1689 5266 καὶ
1719 5214 1752 5284 ἡ

164 5303 358 5377 θεότης
376 5303 542 5359 αὐτοῦ
559 5301 640 5369 εἷς
662 5303 793 5369 Θεός
815 5321 829 5336 '
858 5306 952 5359 καί
977 5306 1007 5357 6
1034 5305 1166 5369 θεὸς
1188 5304 1285 5359 καὶ
1301 5305 1451 5372 Υἱὸς,
1471 5305 1565 5359 καὶ
1586 5307 1619 5375 ἡ
1637 5304 1756 5357 θεό-

277 5488 325 5522 ⁶⁸
362 5487 448 5545 lsa
503 5504 640 5550 Lm.
673 5489 727 5543 8.
806 5489 852 5521 "
891 5488 1081 5544 Matth.
1124 5506 1182 5543 ιιι
1210 5529 1226 5549 .
1263 5489 1350 5544 I7.

236 5665 313 5737 (il
343 5664 497 5737 Mss,
530 5665 630 5735 τὴν
649 5666 863 5737 γενεάν.
911 5665 1074 5727 Editi,
1095 5667 1193 5737 τὴν
1230 5666 1461 5737 γένεσιν.

243 5735 321 5802 (2)
357 5736 447 5791 Sic
480 5751 611 5792 mss.
648 5735 791 5793 Editi
826 5752 974 5804 vero,
1008 5738 1100 5791 τοῦ
1145 5735 1375 5811 Πατρός.

1452 5490 1496 5520 ⁸⁸
1534 5486 1647 5544 Joel
1684 5505 1717 5543 ιι
1748 5529 1761 5555 ,
1794 5487 1885 5542 28.
1967 5487 2009 5519 ⁸⁷
2052 5485 2161 5542 Tit.
2199 5501 2297 5550 ιη,
2339 5485 2404 5547 4,
2440 5484 2493 5540 5.

1854 4578 1910 4625 et
1967 4568 2220 4639 gloriam,
2276 4574 2331 4621 et
2386 4574 2518 4620 tunc
2576 4565 2853 4635 intelliges
2904 4565 3039 4621 illud
3097 4565 3165 4620 de
3224 4564 3440 4635 Spiritu

1855 4671 2066 4718 sancto.
2088 4658 2298 4714 Maced.
2338 4657 2442 4713 Ubi
2467 4658 2732 4729 scriptum
2769 4666 2874 4724 est,
2902 4657 3121 4712 unicam
3163 4673 3286 4711 esse
3317 4656 3437 4712 dei-

1853 4753 2061 4808 tatem?
2092 4750 2246 4807 Orth.
2277 4749 2487 4805 Fateris
2523 4765 2696 4804 necne
2732 4749 3041 4804 inhabitare
3072 4750 3125 4802 in
3149 4746 3287 4802 Filio
3316 4762 3437 4801 om-

1861 4861 1983 4901 nem
2012 4843 2407 4915 plenitudinem
2431 4842 2684 4899 deitatis?
2705 4841 2912 4897 Maced.
2933 4841 3009 4896 Ita
3041 4842 3303 4910 scriptum
3331 4845 3437 4893 est.

1857 4934 2010 4992 Ortlt.
2044 4936 2292 4989 Aliamne
2314 4950 2438 4990 esse
2460 4935 2601 4990 dicis
2625 4933 2803 4989 Patris
2824 4935 3107 4992 deitatem,
3146 4932 3308 4985 aliam
3341 4930 3439 4982 iti-

1852 5030 1976 5085 dem
2026 5029 2145 5084 Filii
2200 5028 2501 5085 deitatem?
2542 5027 2756 5084 Maced.
2793 5027 2994 5081 Etiam.
3056 5024 3210 5081 Orth.
3247 5022 3443 5078 Deitas

1851 5135 1983 5192 ergo
2034 5117 2212 5175 Patris
2256 5126 2339 5174 est
2388 5122 2445 5173 in
2501 5119 2705 5174 deitate
2759 5115 2924 5171 Filii?
2973 5113 3182 5169 Μαεεά.
3234 5111 3434 5167 Etiam.

1856 5211 2009 5268 Orth.
2031 5208 2161 5265 Duae
2188 5220 2317 5266 sunt
2348 5210 2516 5279 igitur
2543 5206 2813 5264 deitates?
2844 5205 3053 5260 Maced.
3090 5203 3235 5261 Deus
3259 5212 3315 5257 et
3337 5200 3437 5255 Pa-

1856 5311 1959 5369 ter,
1994 5310 2049 5357 et
2077 5303 2255 5359 dcitas
2285 5303 2461 5375 ipsius
2509 5311 2596 5358 est
2637 5317 2783 5357 unus
2832 5299 2998 5355 Deus.
3040 5297 3172 5354 item
3205 5294 3351 5352 Deus
3383 5303 3443 5350 et

2572 5485 2617 5517 ⁸⁸
2654 5483 2813 5540 Joan.
2852 5499 2945 5551 xx,
2981 5480 3073 5535 ‘22.

1922 5666 1999 5737 (5)
2031 5666 2106 5721 Ita
2130 5681 2264 5722 mss.
2300 5664 2440 5720 Editi
2462 5680 2611 5728 vero.
2641 5663 2959 5737 Πνεῦματός
2984 5679 3103 5734 μου.
3146 5662 3205 5717 ’0
3228 5659 3285 5716 δὲ
3311 5657 3443 5727 Υἱὸς

1854 5738 2112 5803 ἀναστάς,
2132 5738 2356 5794 omissis
2389 5738 2597 5794 muttis.
