3862 6204
207 251 348 324 m3

1207 270 1296 343 DE
1332 271 1604 328 SANCTA
1646 273 2018 332 TRINITATE
2061 276 2405 336 DIALOGUS
2438 279 2527 336 Ill.

3353 278 3487 337 ηιι

202 380 352 436 Υἰόν.
403 383 550 450 Ὀρθ.
600 382 725 437 Ἐἀν
745 377 839 438 οῦν
872 386 1114 459 ἀκούσῃς
1158 387 1254 442 τοῦ
1291 391 1572 462 προφήτου
1605 392 1785 461 λέγον‹

1897 392 2105 449 Maced.
2137 395 2248 452 Nec
2271 395 2419 452 enim
2447 396 2594 463 dico,
2624 394 2837 451 Patrem
2861 402 2916 449 et
2951 392 3148 450 Filium
3175 408 3298 450 esse
3321 410 3488 448 unum

199 493 327 541 τος,
364 496 380 525 ι
415 476 570 529 υῦτω
594 477 973 550 λέγειΚύριος
1019 481 1274 535 σαϐαώθο
1321 484 1646 538 Ἐκοπίασεν
1693 484 1789 536 Αἷ-

199 585 430 638 γυπτος,
456 569 554 622 καὶ
586 571 827 642 ἐμπορία
855 571 1132 628 Αἰθιόπων
1161 590 1174 602 ·
1209 577 1302 630 καὶ
1345 577 1394 628 oi
1432 577 1680 648 Σαϐαεὶμ
1711 577 1788 649 (6)

199 662 394 731 ἄνδρες
425 662 620 733 ὑψηλοὶ
652 665 741 716 ἐπὶ
774 664 834 718 σὲ
865 665 1238 738 διαϐήσονται,
1270 669 1364 722 καὶ¹
1397 670 1790 742 ἀκολουθήσου-

202 771 290 806 σιν
318 753 495 808 ὀπίσω
519 772 605 809 σοι
637 755 910 828 δεδεμένοι
933 760 1300 830 χειροπέδαις,
1349 762 1445 816 καὶ
1475 765 1788 834 προσκυνή-

200 847 356 900 σουσί
381 864 486 900 σοι.
516 848 588 901 Σὺ
617 848 724 920 γὰρ
757 845 810 902 εἴ
831 849 986 915 Θεὸς,
1010 853 1104 906 καὶ
1138 853 1238 906 οὑκ
1256 853 1498 925 ᾔδειμεν,
1530 854 1662 920 Θεὸς
1693 853 1788 934 τοῦ

214 940 431 1012 Ἰσραὴλ
454 941 566 1014 (7),
599 961 618 994 ι
673 944 794 997 τίνα
830 943 1012 1013 λέγεις
1067 947 1348 1018 εἰρηκέναι
1389 947 1591 1015 ταῦτα;
1631 953 1784 1004 Μακ.

201 1035 309 1087 Τὸν
325 1034 475 1094 Υίόν.
524 1036 678 1106 Ὀρθ.
718 1039 784 1092 Εἰ
824 1037 882 1091 δὲ
916 1037 1010 1091 καὶ
1061 1041 1112 1092 οἱ
1164 1039 1586 1105 ἀκολουθοῦντες
1639 1041 1789 1113 αὐτῷ

202 1130 674 1200 προσκυνήσουσιν
724 1134 782 1185 ὲν
835 1131 984 1203 αύτῷ
1027 1132 1480 1205 προσευχόμενοι,
1533 1133 1788 1204 ἀληθινός

200 1222 319 1272 ἐστι
348 1219 686 1289 Θεός;Μακ.
715 1221 842 1278 Ναί.
871 1225 1028 1292 Ὀρθ.
1062 1225 1503 1296 Προσκυνοῦντες
1541 1227 1596 1279 δὲ
1639 1227 1788 1298 αὐτῷ

197 1315 301 1366 οὐκ
333 1314 597 1386 ἀλλοτρίῳ
619 1315 738 1386 Θεῷ
759 1317 1194 1389 προσκυνοῦμεν,
1227 1318 1348 1371 οὐδὲ
1377 1317 1470 1371 δύο
1501 1317 1674 1382 Θεοῖςο
1697 1321 1790 1388 γέ·-

199 1420 445 1477 γραπται
473 1408 582 1480 γάρ
607 1423 621 1436 ·
657 1427 676 1458 ι
707 1409 912 1480 Κύριον
938 1411 1030 1464 τὸν
1057 1410 1190 1464 Θεόν
1235 1429 1327 1464 σου
1363 1414 1784 1484 προσκυνήσεις,

198 1497 298 1550 καὶ
319 1497 470 1568 αὐτῷ
529 1499 676 1570 μόνῳ
722 1500 1062 1572 λατρεύσεις.
1101 1522 1120 1554 ›
1158 1503 1222 1556 Et
1266 1504 1324 1556 δὲ
1354 1505 1786 1576 προσκυνοῦντες

199 1589 371 1663 αύτῷ,
402 1591 496 1644 καὶ
526 1590 604 1661 τῷ
624 1593 801 1661 Πατρὶ
830 1594 1022 1664 Κυρίῳ
1075 1593 1154 1666 τῷ
1187 1593 1306 1665 Θεῴ
1350 1597 1782 1668 προσκυνοῦμεν,

198 1683 296 1734 καὶ
328 1682 476 1753 αὐτῷ
513 1683 659 1754 μόνῳ
686 1683 1020 1756 λατρεύομεν
1055 1703 1068 1716 ·
1107 1687 1202 1756 μία
1227 1689 1335 1759 ἄρα
1354 1688 1546 1759 θεότης
1572 1689 1785 1760 Πατρὸς

1901 486 2095 546 Deum.
2129 489 2283 547 Orlh.
2314 488 2372 544 Si
2399 489 2594 546 audias
2622 489 2790 561 igitur
2827 489 3150 560 prophetam
3176 487 3482 552 dicentem,

1905 596 1924 629 ι
1965 577 2057 634 Sic
2086 580 2222 635 dicit
2262 580 2529 636 Dominus
2569 581 2910 636 exercituum
2947 599 2960 634 :
2996 579 3290 634 Laboravit
3321 575 3468 648 IEgy

1898 677 2048 738 ptus,
2086 676 2140 724 et
2170 671 2469 741 negotiatio
2497 669 2840 742 Ethiopum,
2864 677 2920 725 et
2968 669 3195 725 Sabaiut
3227 670 3333 724 viri
3364 684 3486 737 pru-

1899 762 2032 826 ceri,
2061 762 2129 816 ad
2159 769 2214 816 te
2241 763 2573 826 transibunt,
2603 771 2658 818 ct
2683 770 2738 818 te
2763 770 3065 834 sequentur
3094 761 3330 816 manicis
3367 761 3485 815 vin-

1900 854 1996 918 cti,
2027 861 2082 909 et
2114 863 2168 909 te
2194 856 2524 910 adorabunt.
2562 854 2647 909 Tu
2669 855 2814 909 enim
2840 871 2901 910 es
2929 853 3100 919 Deus,
3129 861 3184 909 et
3215 852 3485 924 ignoravi-

1899 960 2022 999 mus
2059 961 2071 997 :
2109 944 2254 1002 Deus
2323 945 2631 1012 lsraelis“,
2693 967 2712 999 ι
2742 962 2901 1019 quem
2936 947 3052 1000 haec
3104 945 3311 1000 dixisse
3367 945 3486 1000 exi-

1902 1039 2140 1094 stimas?
2171 1038 2381 1093 Maced.
2407 1039 2629 1095 Filium.
2671 1039 2824 1092 Orth.
2851 1037 3008 1105 Quod
3031 1039 3078 1093 si
3103 1038 3197 1108 qui
3221 1052 3346 1092 cum
3396 1053 3486 1093 se-

1899 1138 2158 1201 quentur,
2191 1131 2372 1201 ipsum
2425 1131 2738 1186 adorabunt
2765 1133 2820 1185 in
2847 1131 2970 1200 ejus
3014 1132 3232 1185 nomine
3259 1145 3486 1200 precan-

1899 1233 2000 1288 tes,
2028 1239 2209 1279 nonne
2259 1238 2427 1278 verus
2458 1231 2543 1278 est
2589 1222 2768 1279 Deus?
2825 1221 3035 1276 Maced.
3080 1221 3277 1276 Etiam.
3329 1221 3480 1276 Orth.

1897 1316 2036 1371 Cum
2074 1317 2257 1372 autem
2305 1331 2431 1372 eum
2480 1315 2798 1379 adoramus,
2866 1317 3105 1371 alienum
3152 1315 3322 1369 Deum
3373 1330 3484 1370 non

1897 1408 2213 1475 adoramus,
2271 1424 2450 1479 neque
2507 1407 2647 1462 duos
2696 1405 2869 1462 Deos:
2897 1408 3160 1478 scriptum
3188 1417 3270 1461 est
3290 1408 3435 1461 enim
3467 1428 3480 1460 :

1903 1519 1920 1550 ι
1962 1499 2251 1553 Dominum
2305 1498 2475 1553 Deum
2533 1508 2688 1552 tuum
2749 1498 3025 1562 adorabis,
3048 1507 3102 1552 et
3127 1499 3200 1550 illi
3245 1498 3345 1551 soli
3368 1513 3484 1553 ser-

1896 1593 2012 1648 vies
2032 1593 2098 1647 ⁷⁵.
2139 1611 2155 1643 ι
2185 1591 2343 1657 Quod
2365 1592 2412 1647 si
2446 1607 2571 1646 eum
2595 1592 2908 1656 adorantes,
2937 1591 3100 1646 etiam
3132 1591 3345 1644 Patrem
3377 1590 3486 1645 Do-

1895 1687 2102 1740 minum
2136 1683 2306 1739 Deum
2342 1684 2657 1750 adoramus,
2689 1694 2745 1740 et
2780 1684 2830 1740 ei
2878 1684 2979 1738 soli
3027 1683 3318 1747 servimus,
3352 1697 3484 1737 sane

199 1770 295 1822 καὶ
338 1765 490 1826 Υίοῦ.
526 1771 686 1825 Οὕτω
735 1772 844 1846 γὰρ
874 1775 969 1827 καὶ
1001 1776 1255 1847 ἐροῦμεν,
1287 1779 1369 1831 ὅτι
1405 1798 1424 1830 ι
1469 1781 1542 1833 Σὺ
1573 1779 1602 1830 6
1627 1780 1779 1843 Θεὸς,

1894 1793 2001 1832 una
2035 1785 2120 1832 est
2147 1777 2352 1841 Patris,
2380 1787 2435 1832 et
2463 1776 2586 1831 Filii
2619 1777 2818 1832 deitas.
2855 1775 2945 1830 Sic
2968 1777 3112 1831 enim
3138 1776 3304 1830 etiam
3344 1774 3482 1830 dici-

198 1863 296 1915 καὶ
319 1865 377 1916 ὲν
409 1864 492 1916 σοὶ
518 1863 546 1915 6
571 1864 724 1929 Θεὸς,
744 1867 837 1918 καὶ
853 1865 954 1920 οὐκ
987 1866 1101 1921 ἔστι
1123 1869 1255 1932 Θεὸς
1285 1869 1422 1941 πλὴν
1441 1870 1555 1924 σοῦ.
1583 1891 1602 1924 ι
1625 1876 1779 1926 Μακ.

200 1955 266 2008 Et
295 1956 353 2009 ὲν
381 1955 532 2026 αὐτῷ
552 1959 580 2009 6
602 1956 752 2020 Θεὸς,
787 1958 904 2022 πῶς
929 1960 1027 2029 μία
1061 1961 1252 2032 θεότης
1270 1981 1286 2028 ;
1305 1965 1461 2031 Ὀρθ.
1493 1965 1614 2017 ’Ότι
1665 1965 1784 2017 ἑπι-

198 2049 387 2118 φέρει·
412 2068 430 2100 ι
456 2050 566 2102 Καὶ
597 2050 696 2103 ούκ
726 2050 842 2103 ἔστι
867 2051 999 2115 Θεὸς
1025 2052 1166 2124 πλὴν
1203 2054 1317 2108 σοῦ.
1348 2076 1366 2106 ι
1404 2057 1514 2108 Καὶ
1550 2058 1580 2109 6
1619 2055 1782 2128 Ἰερε-

203 2140 334 2210 μίας
366 2139 547 2210 λέγει·
589 2160 607 2193 ι
637 2136 802 2206 Οὗτος
835 2144 864 2196 6
913 2143 1049 2208 Θεὸς
1103 2146 1282 2217 ήμῶν,
1309 2149 1371 2201 ού
1405 2149 1783 2221 λογισθήσεται

198 2233 388 2304 ἕτερος
416 2234 553 2305 πρὸς
603 2236 785 2290 αὐτόν.
826 2236 1047 2310 Ἐξεῦρε
1075 2241 1254 2294 πᾶσαν
1286 2241 1404 2294 ὁδὸν
1452 2244 1781 2314 ἐπιστήμης,

200 2327 297 2379 καὶ
329 2327 527 2381 ἔδωκεν
552 2327 932 2400 αύτὴνἸακὼὸ
957 2329 1037 2402 τῷ
1066 2332 1217 2386 παιδὶ
1242 2335 1428 2398 αὐτοῦ,
1447 2337 1540 2389 καὶ
1571 2336 1786 2408 Ἰσραὴλ

199 2417 282 2487 τῷ
327 2419 670 2491 ἠγαπημένῳ
703 2424 795 2476 ὑπ’
827 2423 1016 2477 αὐτοῦ.
1045 2425 1200 2479 Μετά
1230 2426 1404 2479 ταῦτα
1433 2429 1526 2480 ἐπὶ
1553 2429 1651 2499 τῆς
1681 2429 1787 2499 γῆς

201 2506 382 2580 ὤφθη,
437 2510 532 2562 καί
582 2514 694 2576 τοῖς
747 2512 1058 2585 ἀνθρώποις
1090 2517 1530 2589 συνανεστρὰφη.
1578 2538 1595 2569 ι
1633 2519 1697 2571 Εἰ
1730 2519 1788 2572 δὲ

202 2596 359 2667 οὗτος
385 2605 414 2655 6
436 2603 528 2656 ἐπὶ
557 2604 662 2674 γῆς
681 2603 867 2673 ὀφθείς
891 2609 1040 2661 ἐστιν
1068 2611 1096 2661 6
1119 2608 1252 2671 Θεὸς
1276 2609 1456 2679 ἡμῶν,
1490 2610 1586 2663 καὶ
1623 2611 1683 2664 οὐ
1701 2611 1789 2664 λο-

202 2696 523 2766 γισθήσεται
552 2697 737 2769 ἕτερος
775 2698 910 2771 πρὸς
943 2701 1105 2754 αὐτόν
1131 2719 1144 2731 ο
1193 2701 1288 2773 μία
1315 2700 1424 2772 ἄρα
1453 2701 1645 2774 θεότης
1679 2705 1790 2756 Πα-

202 2786 333 2857 τρὸς
355 2787 450 2840 καὶ
488 2788 641 2843 Υίοῦ.

276 2879 330 2934 8.
361 2884 515 2937 Max.
563 2882 626 2935 Εί
669 2883 768 2954 μία
815 2883 1008 2954 θεότης
1040 2885 1210 2950 ἐστὶν,
1242 2886 1535 2956 ἀγέννητος
1558 2886 1614 2939 δέ
1643 2887 1789 2940 ἐστιν

201 2973 237 3041 ἡ
271 2969 366 3024 τοῦ
414 2973 647 3046 Πατρὸς,
694 2977 926 3047 γεννητὴ
965 2977 1022 3029 δέ
1065 2980 1182 3031 ἐστι
1225 2978 1320 3031 τοῦ
1359 2978 1524 3032 Υίοῦ’
1566 2996 1790 3048 γεννητ-

199 3061 497 3134 αγέννητός
531 3064 607 3136 (8)
634 3067 781 3120 ἐστιν
816 3069 850 3137 ἡ
886 3067 1094 3140 θεότης.
1139 3070 1291 3137 Ὀρθ.
1326 3070 1537 3124 Γελοῖον
1584 3069 1790 3140 ὑπομέ-

205 3173 422 3226 μνηκας
459 3158 735 3230 φρόνημα.
774 3156 922 3233 τΑρα
951 3161 1078 3232 γὰρ,
1108 3165 1190 3217 ὅτι
1230 3166 1258 3217 6
1291 3164 1428 3236 ἀνὴρ
1458 3166 1612 3236 καὶὴ
1651 3167 1788 3238 γυνὴ

199 3249 301 3303 οὐκ
329 3251 435 3304 εἰσὶ
479 3251 594 3316 δύο,
624 3253 759 3306 ἀλλά
795 3253 892 3324 μία
929 3255 1085 3328 σὰρξ,
1121 3256 1260 3309 κατὰ
1305 3256 1401 3328 τὴν
1437 3255 1532 3310 τοῦ
1581 3258 1788 3329 Κυρίου

202 3343 408 3415 φωνὴν,
447 3344 832 3416 ἀνδρογύναιὸς
879 3347 1089 3418 ἐστινὴ
1141 3347 1308 3419 σάρξ;
1357 3353 1512 3404 Max.
1563 3349 1788 3422 Ἀλλάή

203 3435 341 3508 σὰρξ
369 3438 463 3491 τοῦ
485 3439 677 3510 ἀνδρὸς
707 3441 800 3493 καὶ
814 3441 913 3512 τῆς
939 3443 1216 3508 γυναικὸς,
1245 3444 1308 3495 ἐκ
1339 3445 1467 3513 μιᾶς
1497 3445 1790 3516 ὑποκειμέ-

200 3548 298 3601 νης
319 3528 452 3601 ὕλης
473 3533 600 3598 εἰσὶ,
640 3533 738 3604 τῆς
753 3534 876 3602 γῆς.
920 3535 1071 3604 Ὀρθ.
1115 3535 1239 3588 Ἐὰν
1267 3531 1360 3589 οὖν
1383 3535 1516 3610 λέγῃ
1538 3540 1572 3608 ἡ
1597 3537 1788 3610 Γραφὴ

201 3619 335 3692 περὶ
379 3620 488 3674 τῶν
535 3623 961 3686 πιστευσάντων,
1000 3643 1019 3674 ι
1064 3619 1172 3677 Ἦν
1201 3626 1384 3688 αὐτοῖς
1438 3627 1637 3700 καρδία
1691 3627 1789 3697 μία

199 3711 297 3764 καὶ
341 3711 486 3784 ψυχὴ
537 3713 669 3784 μία,
715 3734 734 3767 ι
772 3710 840 3786 ἦν
874 3717 936 3768 τὸ
983 3715 1187 3788 πλῆθος
1220 3717 1326 3770 τῶν
1382 3720 1788 3773 πιστευσάντων

201 3802 262 3868 ὲξ
292 3804 502 3875 ἀνδρῶν
549 3807 642 3858 καὶ
692 3807 990 3874 γυναικῶν,
1033 3809 1417 3881 ἀνδρογύναιος
1449 3806 1518 3882 ἦν
1548 3813 1582 3882 ἡ
1605 3811 1786 3883 ψυχή;

213 3895 340 3950 Ἐὰν
371 3897 427 3950 δὲ
468 3897 602 3971 λέγῃ
646 3899 888 3964 Παῦλος,
928 3922 946 3952 ι
991 3902 1086 3955 Ἓν
1114 3902 1272 3973 σῶμα
1304 3905 1398 3957 καὶ
1441 3904 1498 3957 ἓν
1548 3904 1786 3975 πνεῦμα,

200 3989 383 4054 καθὼς
405 3991 494 4043 καὶ
511 3991 779 4063 ἐκλήθητε
801 3994 857 4046 ὲν
879 3995 977 4063 μιᾷ
996 3993 1280 4065 ἐλπίδιτῆς
1297 3995 1542 4067 κλήσεως
1564 3998 1592 4049 ὑ
1601 3997 1736 4067 μῶν,
1763 4017 1783 4049 ι

198 4081 586 4153 ἀνδρογύναιον
616 4084 796 4154 λέγεις
836 4088 937 4158 τὴν
968 4087 1177 4153 ἐλπίδα,
1209 4089 1395 4160 ἐπειδὴ
1431 4089 1558 4160 μίαν
1601 4089 1789 4143 ἐλπίδα

199 4174 391 4247 ἄνδρες
426 4177 520 4230 καὶ
540 4181 792 4245 γυναῖκες
816 4178 1010 4250 ἔχομεν
1031 4197 1045 4245 ;
1074 4183 1225 4234 Max.
1249 4181 1416 4236 Πάλιν
1439 4181 1600 4250 λέγω,
1629 4185 1789 4253 ἡμεῖς

203 4265 331 4338 μίαν
356 4267 587 4340 Θεότητα
612 4270 672 4322 οῦ
697 4269 949 4341 λέγομεν.
993 4273 1146 4339 Ὀρθ.
1187 4271 1312 4325 Ἐὰν
1341 4269 1431 4326 οὖν
1452 4273 1586 4345 λέγῃ
1607 4275 1634 4328 6
1658 4274 1789 4338 Θεὸς

195 4357 288 4414 διὰ
311 4358 406 4413 τοῦ
424 4359 608 4425 Δαὸὶδ,
639 4379 658 4412 ‹
692 4363 978 4426 Ἄκουσον,
1003 4363 1130 4427 λαός
1164 4381 1287 4434 μου,
1311 4367 1405 4418 καὶ
1427 4365 1646 4436 λαλήσω
1681 4383 1784 4420 σοι’

1885 1886 2010 1926 mus
2045 1888 2100 1922 ει
2131 1869 2212 1925 Tu
2246 1887 2307 1927 es
2339 1870 2507 1936 Deus,
2555 1877 2610 1926 et
2641 1873 2695 1924 in
2733 1878 2787 1926 tc
2833 1868 2979 1926 Deus
3012 1879 3117 1934 eSt,
3171 1877 3225 1923 et
3255 1883 3364 1923 non
3398 1877 3483 1923 est

1885 1962 2030 2020 Deus
2061 1971 2258 2033 printer
2281 1973 2352 2018 te.
2385 1983 2405 2016 ›
2441 1961 2657 2016 Maced.
2694 1961 2751 2016 Si
2781 1963 2836 2016 in
2871 1961 2992 2031 ipso
3030 1971 3114 2016 est
3139 1959 3305 2024 Deus,
3341 1975 3482 2030 quo~

1886 2055 2050 2110 modo
2107 2070 2215 2110 una
2267 2061 2352 2111 est
2383 2055 2601 2110 deitas?
2650 2053 2803 2110 Orth.
2851 2052 3118 2119 Quoniam
3152 2051 3476 2121 subjunxit:

1893 2167 1910 2200 ι
1943 2147 2007 2202 Et
2027 2163 2136 2203 non
2185 2155 2270 2204 est
2300 2147 2444 2204 Deus
2487 2155 2686 2220 praeter
2729 2155 2802 2202 te.
2852 2145 3068 2218 ηαδ
3112 2144 3176 2198 Ει
3212 2143 3481 2201 Jeremias

1888 2241 2110 2311 inquit:
2159 2259 2178 2292 ι
2225 2239 2328 2296 Hic
2365 2249 2450 2296 est
2500 2239 2648 2296 Deus
2696 2245 2908 2305 noster,
2959 2253 3072 2292 non
3121 2237 3483 2293 aestimabitur

1887 2333 2029 2388 alius
2060 2348 2182 2387 cum
2206 2348 2289 2388 eo.
2322 2330 2532 2388 Invenit
2560 2347 2777 2387 omnem
2799 2330 2944 2386 viam
2989 2331 3253 2394 scientiae,
3307 2337 3361 2384 et
3385 2330 3483 2383 de-

1887 2425 1968 2480 dit
2005 2441 2124 2480 eam
2142 2424 2314 2480 Jaeob
2348 2440 2518 2496 puero
2547 2441 2670 2490 suo,
2698 2431 2752 2479 et
2773 2423 2942 2478 Israel
2975 2422 3176 2477 dilecto
3203 2437 3323 2478 suo.
3350 2421 3481 2477 Post

1889 2513 2006 2568 haac
2029 2514 2085 2568 in
2122 2521 2268 2568 terra
2290 2515 2444 2570 visus
2469 2521 2573 2577 est,
2601 2521 2804 2569 etcum
2836 2512 3152 2568 hominibus
3181 2527 3480 2568 conversa-

1888 2614 1980 2662 tus
2004 2617 2086 2663 est
2115 2609 2182 2664 ⁷⁸.
2226 2629 2246 2660 ›
2287 2607 2442 2674 Quod
2467 2609 2512 2664 si
2539 2609 2663 2673 iste,
2686 2607 2780 2677 qui
2806 2607 2956 2662 visus
2979 2614 3062 2662 est
3096 2607 3151 2660 i'n
3182 2615 3324 2661 terra
3344 2649 3358 2673 ,
3393 2615 3478 2660 est

1890 2700 2036 2758 Deus
2066 2710 2276 2768 noster,
2303 2718 2403 2758 nec
2433 2703 2576 2758 alius
2601 2717 2727 2756 cum
2779 2715 2845 2757 eo
2886 2701 3268 2767 aestimabitur,
3315 2700 3476 2754 unica

1891 2809 2025 2864 ergo
2047 2803 2130 2849 est
2161 2793 2343 2850 Patris
2377 2804 2431 2850 et
2466 2794 2588 2849 Filii
2620 2793 2820 2848 deitas.

1963 2888 2016 2942 8.
2049 2886 2254 2941 Haced.
2292 2885 2349 2940 Si
2385 2887 2546 2941 unica
2591 2893 2676 2942 est
2721 2886 2919 2951 deitas,
2954 2895 3006 2941 et
3039 2884 3222 2940 Patris
3255 2884 3475 2954 quidem

1893 2981 2069 3034 deitas
2118 2985 2203 3034 est
2243 2993 2353 3033 non
2387 2977 2591 3048 genita,
2641 2975 2764 3030 Filii
2809 2991 2938 3032 vero
2992 2975 3199 3046 genita,
3241 2974 3478 3030 eiiicitur

1892 3069 2150 3124 deitatem
2184 3083 2307 3123 esse
2336 3067 2853 3138 γεννηταγέννητον,
2887 3065 2937 3121 id
2977 3073 3082 3130 est,
3131 3065 3480 3136 non-genito-

1893 3162 2152 3232 genitam.
2186 3160 2340 3215 Orth.
2373 3159 2685 3214 liidiculam
2715 3159 3102 3229 cogitationem
3138 3172 3477 3212 commemo-

1891 3267 2004 3306 ras.
2038 3253 2122 3306 An
2155 3253 2302 3306 enim
2349 3251 2478 3322 quia
2517 3251 2600 3304 vir
2641 3259 2696 3305 et
2740 3266 2878 3305 uxor
2910 3265 3022 3303 non
3053 3255 3192 3302 sunt.
3213 3247 3343 3312 duo,
3379 3247 3476 3301 sed

1893 3361 2000 3399 una
2029 3360 2177 3409 caro,
2207 3353 2268 3400 ut
2309 3344 2440 3398 dicit
2481 3343 2767 3407 Dominus,
2807 3358 2937 3396 caro
2973 3342 3096 3397 haec
3128 3349 3212 3398 est
3260 3356 3477 3400 mascu-

1891 3438 2346 3494 lino-feminina?
2410 3435 2619 3491 Maced.
2673 3435 2780 3490 Sed
2831 3450 2960 3490 caro
3003 3436 3106 3490 viri
3157 3442 3210 3490 et
3264 3435 3473 3496 uxoris,

1893 3544 2022 3588 sunt
2045 3549 2112 3587 ex
2145 3547 2253 3585 una
2289 3530 2569 3586 substrata
2596 3528 2844 3591 materia,
2887 3543 2955 3582 ex
3001 3526 3170 3580 humo
3197 3526 3472 3581 videlicet.

1895 3626 2050 3680 Ortlt.
2093 3624 2364 3690 Quoniam
2414 3639 2544 3694 ergo
2603 3622 2738 3677 dicit
2799 3619 3084 3689 Scriptura
3129 3619 3195 3674 de
3239 3619 3307 3674 iis
3376 3619 3471 3689 qui

1891 3717 2268 3779 crediderunt,
2333 3735 2351 3768 ι
2424 3715 2554 3770 Erat
2615 3715 2698 3770 eis
2763 3730 2860 3769 cor
2933 3731 3101 3768 unum
3156 3722 3211 3768 et
3289 3713 3472 3768 anima

1893 3823 2001 3861 una
2035 3807 2115 3869 ⁷⁷,
2165 3826 2182 3859 ι
2222 3806 2512 3861 constabat
2552 3811 2734 3858 autem
2790 3802 3131 3858 credentium
3181 3802 3472 3856 multitudo

1890 3916 1956 3956 ex
1997 3899 2132 3952 viris
2157 3907 2212 3952 et
2239 3897 2580 3959 mulieribus,
2615 3909 2684 3948 an
2721 3893 2930 3949 idcirco
2977 3893 3093 3947 lucc
3137 3891 3321 3945 anima
3355 3899 3473 3945 erat

1893 3989 2534 4047 masculino-feminina?
2562 3989 2627 4043 Et
2652 4003 2779 4043 cum
2809 3987 2946 4042 dicit
2965 3985 3170 4040 Paulus
3197 4027 3210 4049 ,
3244 4003 3262 4035 ι
3292 3982 3472 4038 Unum

1891 4099 2093 4154 corpus
2138 4091 2192 4137 et
2235 4097 2378 4137 unus
2421 4081 2649 4152 spiritus
2693 4081 2849 4143 estis,
2893 4081 3037 4134 sicut
3083 4079 3248 4132 etiam
3293 4076 3473 4129 vocati

1890 4178 2028 4233 estis
2057 4176 2126 4231 ad
2161 4175 2412 4231 eamdem
2447 4190 2599 4244 spem
2641 4173 2952 4228 vocationis
2982 4180 3178 4226 vestra:
3209 4169 3279 4233 ⁷⁸,
3349 4188 3367 4220 ›
3404 4183 3474 4221 an

1891 4286 2046 4342 spem
2123 4271 2288 4325 istam
2354 4283 2523 4323 vocas
2579 4263 3270 4324 masculino-femininam,
3327 4259 3473 4330 quod

1891 4363 2144 4418 eamdem
2199 4377 2354 4432 spem
2413 4367 2529 4413 tum
2586 4357 2691 4412 viri
2741 4367 2854 4410 tum
2907 4353 3122 4408 femina:
3176 4349 3479 4406 habemus?

210 4452 449 4524 Ἰσραὴλ,
478 4453 573 4506 καὶ
598 4453 1078 4526 διαμαρτυροῦμαί
1103 4473 1203 4510 σοι.
1248 4456 1372 4510 Ἑάν
1397 4457 1634 4529 ἀκούσῃς
1659 4476 1782 4528 μου,

1894 4451 2101 4507 Maced.
2131 4449 2398 4521 Rursum,
2424 4450 2669 4518 inquam,
2704 4461 2866 4501 unam
2893 4444 3147 4500 deitatem
3190 4458 3298 4497 non
3338 4441 3476 4496 dici-

193 4546 298 4600 οὺκ
330 4545 481 4600 ἔσται
519 4549 576 4600 ὲν
611 4549 692 4602 σοὶ
725 4548 858 4613 Θεὸς
881 4551 1211 4620 πρόσφατος,
1241 4552 1359 4604 οὐδὲ
1387 4555 1784 4625 προσκυνήσεις

195 4636 316 4711 Θεῷ
342 4641 623 4713 ἀλλοτρίῳ.
679 4641 820 4711 Ἐγὼ
863 4644 972 4714 γάρ
1006 4647 1122 4715 εἰμι
1152 4645 1355 4716 Κύριος
1394 4647 1422 4698 6
1447 4647 1579 4710 Θεός
1613 4664 1726 4711 σου,
1755 4651 1783 4702 6

194 4733 487 4802 ἀναγαγών
521 4751 579 4787 σε
610 4737 676 4788 ὲκ
701 4735 804 4805 γῆς
833 4735 1138 4805 Αἰγύπτου,
1181 4757 1199 4788 ι
1228 4737 1348 4790 τίνα
1369 4737 1547 4807 λέγεις
1569 4740 1783 4810 εἰρηκέ-

193 4843 316 4892 ναι;
365 4827 456 4880 τὸν
503 4827 723 4898 Πατέρα
767 4827 802 4897 ἢ
843 4827 934 4880 τὸν
964 4828 1129 4894 Υἱόν;
1175 4833 1332 4883 Max.
1376 4831 1464 4894 Ὠς
1511 4830 1781 4894 Ἰουδαῖος,

192 4919 306 4972 ἀπὸ
344 4919 448 4988 τῆς
484 4920 727 4984 Παλαιᾶς
780 4939 870 4991 μοι
915 4921 1190 4994 Διαθήκης
1233 4923 1476 4997 διαλέγῃ.
1528 4924 1684 4992 Ὀρθ.
1727 4927 1784 4977 '0

193 5009 430 5081 Χριστὸς
470 5006 652 5066 εἶπεν·
694 5033 713 5064 ι
761 5015 1049 5084 Ἐρευνᾶτε
1089 5015 1188 5079 τὰς
1219 5016 1462 5087 Γραφὰς,
1503 5017 1582 5070 ὅτι
1627 5012 1785 5072 αὗταί

192 5105 333 5155 εἰσιν
365 5103 421 5156 αί
470 5105 843 5176 μαρτυροῦσαι
889 5107 1018 5178 περὶ
1065 5108 1221 5177 ἐμοῦ.
1265 5129 1284 5161 ι
1315 5113 1471 5164 Max.
1518 5111 1648 5163 Ἀπὸ
1686 5112 1785 5182 τῆς

191 5195 406 5264 Καινῆς
432 5191 524 5249 οὖν
559 5197 835 5268 Διαθήκης
866 5199 964 5252 οὐκ
1000 5199 1145 5254 ἔστιν
1187 5203 1368 5272 εὑρεῖν
1399 5203 1490 5255 τὸν
1518 5204 1782 5274 Χριστόν;

206 5286 360 5357 Ὀρθ.
391 5289 502 5340 Καὶ
534 5289 698 5343 πάνυ.
739 5290 1015 5362 Φοϐοῦμαι
1051 5292 1108 5346 δὲ
1148 5294 1344 5364 μήπως
1377 5295 1452 5359 ὡς
1487 5296 1784 5366 Μανιχαίος

263 5441 313 5475 ⁷⁸
353 5442 457 5498 lsa.
492 5461 616 5510 XLV,
654 5446 756 5508 Η,
794 5447 884 5502 15.

973 5448 1018 5478 ⁷³
1058 5445 1246 5504 Matth.
1288 5465 1362 5515 tv,
1401 5450 1487 5505 10.

189 5515 237 5546 τ’
276 5512 420 5568 Psal.
457 5531 633 5582 Lux,
670 5516 824 5572 9-H.

269 5671 342 5744 (fit
377 5668 573 5744 Palat,
605 5671 840 5744 Σαϐαἲμ.

271 5741 346 5810 (7)
381 5739 459 5795 Ita
479 5757 610 5798 mss.
642 5739 793 5799 Editi'
816 5760 965 5813 vero,
997 5740 1075 5810 εἷς
1096 5745 1314 5810 Θεὸς....
1343 5745 1471 5801 Θεὸν
1493 5745 1582 5800 τοῦ
1615 5747 1743 5818 Ἰσρ.

1630 5452 1676 5483 ⁷⁸
1716 5451 1929 5507 Baruch
1973 5469 2067 5518 Ill,
2106 5453 2194 5517 37,
2233 5453 2324 5506 58.

1892 4564 2034 4602 mus.
2075 4544 2228 4601 Orth.
2285 4543 2422 4598 Cum
2469 4559 2601 4614 ergo
2679 4541 2815 4596 dicit
2861 4539 3002 4596 Deus
3044 4553 3141 4609 per
3192 4536 3471 4599 Davidem,

1896 4659 1916 4690 ι
1951 4639 2114 4704 Audi,
2143 4637 2343 4708 popule
2372 4652 2551 4699 meus,
2583 4643 2639 4689 et
2668 4635 2882 4704 loquar,
2920 4632 3108 4694 Israel,
3133 4638 3186 4685 et
3218 4628 3475 4684 testiﬁca-

1892 4733 1993 4787 bor
2025 4731 2144 4785 tibi.
2191 4728 2247 4784 Si
2289 4745 2375 4784 me
2409 4729 2672 4792 audieris,
2720 4743 2831 4781 non
2879 4727 2984 4781 erit
3022 4726 3077 4778 in
3122 4733 3173 4778 te
3221 4721 3363 4776 Deus
3387 4735 3474 4775 re-

1890 4841 2040 4891 cens,
2073 4839 2248 4893 ncque
2277 4823 2532 4879 adorabis
2555 4821 2722 4877 Deum
2749 4820 3006 4874 alienum.
3036 4815 3149 4886 Ego
3179 4814 3324 4870 enim
3352 4828 3471 4867 sum

1897 4922 2176 4977 Dominus.
2235 4921 2376 4977 Deus
2434 4928 2602 4984 tuus,
2666 4918 2759 4989 qui
2825 4917 2987 4973 eduxi
3071 4924 3124 4968 te
3198 4913 3268 4967 de
3326 4919 3471 4965 terra

1888 5015 2108 5088 Egypti
2137 5018 2182 5048 7”
2205 5057 2219 5080 ,
2275 5037 2294 5068 ι
2326 5030 2620 5086 quemnam
2671 5013 2808 5067 dicis
2854 5011 3094 5065 locutum
3131 5005 3336 5062 fuisse?
3371 5004 3472 5058 Pa-

1891 5118 2049 5174 trem,
2084 5125 2152 5164 an
2199 5108 2436 5163 Filium?
2466 5106 2674 5161 Maced.
2708 5104 2966 5174 Disputas
2996 5115 3231 5160 mecum,
3278 5107 3336 5151 ut
3378 5096 3474 5150 Ju-

1892 5202 2045 5258 daeus
2077 5219 2142 5257 ex
2174 5201 2356 5257 Veteri
2389 5200 2766 5255 Testamento.
2806 5193 2958 5249 Ortlt.
2994 5191 3250 5246 Christus
3283 5188 3420 5242 dixit
3443 5203 3470 5239 ·;

1896 5316 1914 5348 ι
1957 5294 2290 5350 Scrutamini
2329 5292 2664 5362 Scripturas,
2693 5287 2954 5357 quoniam
2995 5299 3073 5338 ea:
3112 5280 3474 5335 testiﬁcantur

2425 5452 2467 5480 ⁷⁷
2511 5451 2629 5504 Act.
2669 5465 2740 5512 IV,
2778 5445 2866 5501 '52.
2980 5446 3025 5476 ⁷⁸
3064 5443 3264 5514 Ephes.
3305 5455 3376 5502 tv,
3412 5436 3466 5493 4.

1947 5677 2018 5744 (8)
2062 5674 2360 5744 Palatinus,
2412 5675 2858 5746 γενητα·;’ἑνητος.
