  <div class='ocr_page' id='page_1' title='image "/cluster/home/n/w/nwhite01/storage/ocr_20150623/28/nnc1.0046978690/661.png"; bbox 0 0 3862 6204; ppageno 0'>
   <div class='ocr_carea' id='block_1_1' title="bbox 389 281 534 341">
    <p class='ocr_par' dir='ltr' id='par_1_1' title="bbox 389 281 534 341">
     <span class='ocr_line' id='line_1_1' title="bbox 389 281 534 341; baseline 0 -1"><span class='ocrx_word' id='word_1_1' title='bbox 389 283 451 340; x_wconf 66' lang='grc' dir='ltr'>ις</span> <span class='ocrx_word' id='word_1_2' title='bbox 465 281 534 341; x_wconf 72' lang='grc' dir='ltr'><strong>;δ</strong></span> 
     </span>
    </p>
   </div>
   <div class='ocr_carea' id='block_1_2' title="bbox 1570 244 2566 328">
    <p class='ocr_par' dir='ltr' id='par_1_2' title="bbox 1570 244 2566 328">
     <span class='ocr_line' id='line_1_2' title="bbox 1570 244 2566 328; baseline -0.014 0"><span class='ocrx_word' id='word_1_3' title='bbox 1570 270 1630 328; x_wconf 85' lang='lat' dir='ltr'><strong>S.</strong></span> <span class='ocrx_word' id='word_1_4' title='bbox 1668 264 2134 326; x_wconf 76' lang='lat' dir='ltr'><strong>ATHANASIUS.</strong></span> <span class='ocrx_word' id='word_1_5' title='bbox 2173 292 2244 306; x_wconf 93' lang='lat'><strong>-</strong></span> <span class='ocrx_word' id='word_1_6' title='bbox 2282 244 2566 318; x_wconf 81' lang='lat' dir='ltr'><strong>SPURIA.</strong></span> 
     </span>
    </p>
   </div>
   <div class='ocr_carea' id='block_1_3' title="bbox 3507 245 3650 307">
    <p class='ocr_par' dir='ltr' id='par_1_3' title="bbox 3507 245 3650 307">
     <span class='ocr_line' id='line_1_3' title="bbox 3507 245 3650 307; baseline 0.007 -1"><span class='ocrx_word' id='word_1_7' title='bbox 3507 245 3650 307; x_wconf 67' lang='lat'><strong>£216</strong></span> 
     </span>
    </p>
   </div>
   <div class='ocr_carea' id='block_1_4' title="bbox 390 365 1977 457">
    <p class='ocr_par' dir='ltr' id='par_1_4' title="bbox 390 390 1969 457">
     <span class='ocr_line' id='line_1_4' title="bbox 390 390 1969 457; baseline -0.007 0"><span class='ocrx_word' id='word_1_8' title='bbox 390 402 461 457; x_wconf 84' lang='lat' dir='ltr'><strong>de</strong></span> <span class='ocrx_word' id='word_1_9' title='bbox 499 413 589 455; x_wconf 86' lang='lat' dir='ltr'><strong>me</strong></span> <span class='ocrx_word' id='word_1_10' title='bbox 621 397 690 452; x_wconf 83' lang='lat'><strong>&#39;°.</strong></span> <span class='ocrx_word' id='word_1_11' title='bbox 750 415 770 450; x_wconf 75' lang='grc' dir='ltr'><strong>ι</strong></span> <span class='ocrx_word' id='word_1_12' title='bbox 813 394 1024 452; x_wconf 76' lang='lat' dir='ltr'><strong>Maced.</strong></span> <span class='ocrx_word' id='word_1_13' title='bbox 1067 393 1263 450; x_wconf 83' lang='lat' dir='ltr'><strong>Annon</strong></span> <span class='ocrx_word' id='word_1_14' title='bbox 1307 393 1436 449; x_wconf 86' lang='lat' dir='ltr'><strong>licet</strong></span> <span class='ocrx_word' id='word_1_15' title='bbox 1485 408 1551 449; x_wconf 78' lang='lat' dir='ltr'><strong>ex</strong></span> <span class='ocrx_word' id='word_1_16' title='bbox 1593 392 1746 448; x_wconf 81' lang='lat' dir='ltr'><strong>Novo</strong></span> <span class='ocrx_word' id='word_1_17' title='bbox 1776 390 1969 447; x_wconf 83' lang='lat' dir='ltr'><strong>Testa-</strong></span> 
     </span>
    </p>
   </div>
   <div class='ocr_carea' id='block_1_5' title="bbox 2088 365 3651 457">
    <p class='ocr_par' dir='ltr' id='par_1_5' title="bbox 2088 365 3651 452">
     <span class='ocr_line' id='line_1_5' title="bbox 2088 365 3651 452; baseline -0.012 -18"><span class='ocrx_word' id='word_1_18' title='bbox 2088 377 2413 452; x_wconf 73' lang='grc' dir='ltr'>ταραγράφῃ</span> <span class='ocrx_word' id='word_1_19' title='bbox 2456 374 2555 447; x_wconf 78' lang='grc' dir='ltr'>τὴν</span> <span class='ocrx_word' id='word_1_20' title='bbox 2588 371 2833 427; x_wconf 82' lang='grc' dir='ltr'>Παλαιὰν</span> <span class='ocrx_word' id='word_1_21' title='bbox 2885 368 3182 442; x_wconf 79' lang='grc' dir='ltr'>Διαθήκην,</span> <span class='ocrx_word' id='word_1_22' title='bbox 3224 366 3299 440; x_wconf 81' lang='grc' dir='ltr'>μὴ</span> <span class='ocrx_word' id='word_1_23' title='bbox 3351 365 3651 429; x_wconf 76' lang='grc' dir='ltr'>πιστεύων,</span> 
     </span>
    </p>
   </div>
   <div class='ocr_carea' id='block_1_6' title="bbox 393 487 1963 561">
    <p class='ocr_par' dir='ltr' id='par_1_6' title="bbox 393 487 1963 561">
     <span class='ocr_line' id='line_1_6' title="bbox 393 487 1963 561; baseline 0.002 -15"><span class='ocrx_word' id='word_1_24' title='bbox 393 499 577 549; x_wconf 82' lang='lat' dir='ltr'><strong>mento</strong></span> <span class='ocrx_word' id='word_1_25' title='bbox 633 488 916 545; x_wconf 74' lang='lat' dir='ltr'><strong>Christum</strong></span> <span class='ocrx_word' id='word_1_26' title='bbox 965 489 1255 543; x_wconf 82' lang='lat' dir='ltr'><strong>invenire?</strong></span> <span class='ocrx_word' id='word_1_27' title='bbox 1309 487 1465 544; x_wconf 76' lang='lat' dir='ltr'><strong>Ortlt.</strong></span> <span class='ocrx_word' id='word_1_28' title='bbox 1527 487 1672 545; x_wconf 86' lang='lat' dir='ltr'><strong>Sane</strong></span> <span class='ocrx_word' id='word_1_29' title='bbox 1719 492 1963 561; x_wconf 86' lang='lat' dir='ltr'><strong>quidem.</strong></span> 
     </span>
    </p>
   </div>
   <div class='ocr_carea' id='block_1_7' title="bbox 396 580 1967 647">
    <p class='ocr_par' dir='ltr' id='par_1_7' title="bbox 396 580 1967 647">
     <span class='ocr_line' id='line_1_7' title="bbox 396 580 1967 647; baseline 0 -8"><span class='ocrx_word' id='word_1_30' title='bbox 396 581 602 639; x_wconf 67' lang='lat' dir='ltr'><strong>Vereor</strong></span> <span class='ocrx_word' id='word_1_31' title='bbox 642 589 859 646; x_wconf 87' lang='lat' dir='ltr'><strong>autem,</strong></span> <span class='ocrx_word' id='word_1_32' title='bbox 902 598 971 637; x_wconf 90' lang='lat' dir='ltr'><strong>ne</strong></span> <span class='ocrx_word' id='word_1_33' title='bbox 1016 581 1296 637; x_wconf 72' lang='lat' dir='ltr'><strong>Manichzei</strong></span> <span class='ocrx_word' id='word_1_34' title='bbox 1344 583 1536 647; x_wconf 91' lang='lat' dir='ltr'><strong>instar,</strong></span> <span class='ocrx_word' id='word_1_35' title='bbox 1568 580 1736 641; x_wconf 81' lang='lat' dir='ltr'><strong>Vetus</strong></span> <span class='ocrx_word' id='word_1_36' title='bbox 1770 583 1967 640; x_wconf 57' lang='lat' dir='ltr'><strong>Testae</strong></span> 
     </span>
    </p>
   </div>
   <div class='ocr_carea' id='block_1_8' title="bbox 391 676 1967 746">
    <p class='ocr_par' dir='ltr' id='par_1_8' title="bbox 391 676 1967 746">
     <span class='ocr_line' id='line_1_8' title="bbox 391 676 1967 746; baseline -0.001 -13"><span class='ocrx_word' id='word_1_37' title='bbox 391 684 635 733; x_wconf 87' lang='lat' dir='ltr'><strong>mentum</strong></span> <span class='ocrx_word' id='word_1_38' title='bbox 676 690 980 745; x_wconf 81' lang='lat' dir='ltr'><strong>expungas,</strong></span> <span class='ocrx_word' id='word_1_39' title='bbox 1015 685 1072 730; x_wconf 91' lang='lat' dir='ltr'><strong>ut</strong></span> <span class='ocrx_word' id='word_1_40' title='bbox 1098 676 1190 746; x_wconf 86' lang='lat' dir='ltr'><strong>qui</strong></span> <span class='ocrx_word' id='word_1_41' title='bbox 1232 691 1338 731; x_wconf 91' lang='lat' dir='ltr'><strong>non</strong></span> <span class='ocrx_word' id='word_1_42' title='bbox 1380 676 1615 739; x_wconf 85' lang='lat' dir='ltr'><strong>credas,</strong></span> <span class='ocrx_word' id='word_1_43' title='bbox 1651 687 1761 731; x_wconf 90' lang='lat' dir='ltr'><strong>tam</strong></span> <span class='ocrx_word' id='word_1_44' title='bbox 1813 677 1967 745; x_wconf 90' lang='lat' dir='ltr'><strong>illud,</strong></span> 
     </span>
    </p>
   </div>
   <div class='ocr_carea' id='block_1_9' title="bbox 391 769 1966 841">
    <p class='ocr_par' dir='ltr' id='par_1_9' title="bbox 391 769 1966 841">
     <span class='ocr_line' id='line_1_9' title="bbox 391 769 1966 841; baseline -0.001 -17"><span class='ocrx_word' id='word_1_45' title='bbox 391 787 554 841; x_wconf 89' lang='lat' dir='ltr'><strong>quam</strong></span> <span class='ocrx_word' id='word_1_46' title='bbox 604 771 709 825; x_wconf 83' lang='lat' dir='ltr'><strong>hoc</strong></span> <span class='ocrx_word' id='word_1_47' title='bbox 758 769 929 825; x_wconf 81' lang='lat' dir='ltr'><strong>fuisse</strong></span> <span class='ocrx_word' id='word_1_48' title='bbox 972 784 1001 823; x_wconf 91' lang='lat' dir='ltr'><strong>a</strong></span> <span class='ocrx_word' id='word_1_49' title='bbox 1045 769 1153 824; x_wconf 90' lang='lat' dir='ltr'><strong>Deo</strong></span> <span class='ocrx_word' id='word_1_50' title='bbox 1198 769 1485 824; x_wconf 91' lang='lat' dir='ltr'><strong>dictatum.</strong></span> <span class='ocrx_word' id='word_1_51' title='bbox 1540 769 1746 827; x_wconf 82' lang='lat' dir='ltr'><strong>Maced.</strong></span> <span class='ocrx_word' id='word_1_52' title='bbox 1798 769 1966 826; x_wconf 90' lang='lat' dir='ltr'><strong>Deum</strong></span> 
     </span>
    </p>
   </div>
   <div class='ocr_carea' id='block_1_10' title="bbox 391 859 1967 933">
    <p class='ocr_par' dir='ltr' id='par_1_10' title="bbox 391 859 1967 933">
     <span class='ocr_line' id='line_1_10' title="bbox 391 859 1967 933; baseline -0.002 -17"><span class='ocrx_word' id='word_1_53' title='bbox 391 862 518 917; x_wconf 79' lang='lat' dir='ltr'><strong>novi</strong></span> <span class='ocrx_word' id='word_1_54' title='bbox 563 870 677 915; x_wconf 91' lang='lat' dir='ltr'><strong>tum</strong></span> <span class='ocrx_word' id='word_1_55' title='bbox 724 860 890 916; x_wconf 78' lang='lat' dir='ltr'><strong>Vetus</strong></span> <span class='ocrx_word' id='word_1_56' title='bbox 937 869 1050 915; x_wconf 90' lang='lat' dir='ltr'><strong>tum</strong></span> <span class='ocrx_word' id='word_1_57' title='bbox 1103 860 1313 915; x_wconf 87' lang='lat' dir='ltr'><strong>Novum</strong></span> <span class='ocrx_word' id='word_1_58' title='bbox 1354 859 1765 916; x_wconf 85' lang='lat' dir='ltr'><strong>Testamentum</strong></span> <span class='ocrx_word' id='word_1_59' title='bbox 1815 864 1967 933; x_wconf 90' lang='lat' dir='ltr'><strong>pepi-</strong></span> 
     </span>
    </p>
   </div>
   <div class='ocr_carea' id='block_1_11' title="bbox 391 952 1972 1023">
    <p class='ocr_par' dir='ltr' id='par_1_11' title="bbox 391 952 1972 1023">
     <span class='ocr_line' id='line_1_11' title="bbox 391 952 1972 1023; baseline 0.001 -18"><span class='ocrx_word' id='word_1_60' title='bbox 391 954 578 1023; x_wconf 87' lang='lat' dir='ltr'><strong>gisse;</strong></span> <span class='ocrx_word' id='word_1_61' title='bbox 610 954 707 1009; x_wconf 88' lang='lat' dir='ltr'><strong>sed</strong></span> <span class='ocrx_word' id='word_1_62' title='bbox 750 969 817 1008; x_wconf 82' lang='lat' dir='ltr'><strong>ex</strong></span> <span class='ocrx_word' id='word_1_63' title='bbox 854 952 1006 1008; x_wconf 77' lang='lat' dir='ltr'><strong>Novo</strong></span> <span class='ocrx_word' id='word_1_64' title='bbox 1048 952 1257 1008; x_wconf 90' lang='lat' dir='ltr'><strong>erudiri</strong></span> <span class='ocrx_word' id='word_1_65' title='bbox 1287 953 1473 1013; x_wconf 82' lang='lat' dir='ltr'><strong>velim,</strong></span> <span class='ocrx_word' id='word_1_66' title='bbox 1502 952 1758 1022; x_wconf 81' lang='lat' dir='ltr'><strong>quoniam</strong></span> <span class='ocrx_word' id='word_1_67' title='bbox 1793 953 1972 1007; x_wconf 88' lang='lat' dir='ltr'><strong>mani-</strong></span> 
     </span>
    </p>
   </div>
   <div class='ocr_carea' id='block_1_12' title="bbox 393 1044 1478 1115">
    <p class='ocr_par' dir='ltr' id='par_1_12' title="bbox 393 1044 1478 1115">
     <span class='ocr_line' id='line_1_12' title="bbox 393 1044 1478 1115; baseline 0 -14"><span class='ocrx_word' id='word_1_68' title='bbox 393 1044 588 1103; x_wconf 79' lang='lat' dir='ltr'><strong>festius</strong></span> <span class='ocrx_word' id='word_1_69' title='bbox 619 1047 884 1102; x_wconf 87' lang='lat' dir='ltr'><strong>tres-illas</strong></span> <span class='ocrx_word' id='word_1_70' title='bbox 915 1047 1239 1115; x_wconf 77' lang='lat' dir='ltr'><strong>hypostases</strong></span> <span class='ocrx_word' id='word_1_71' title='bbox 1268 1044 1478 1101; x_wconf 90' lang='lat' dir='ltr'><strong>docuit.</strong></span> 
     </span>
    </p>
   </div>
   <div class='ocr_carea' id='block_1_13' title="bbox 462 1134 1970 1207">
    <p class='ocr_par' dir='ltr' id='par_1_13' title="bbox 462 1134 1970 1207">
     <span class='ocr_line' id='line_1_13' title="bbox 462 1134 1970 1207; baseline -0.001 -16"><span class='ocrx_word' id='word_1_72' title='bbox 462 1136 518 1192; x_wconf 87' lang='lat'><strong>9.</strong></span> <span class='ocrx_word' id='word_1_73' title='bbox 563 1137 718 1192; x_wconf 77' lang='lat' dir='ltr'><strong>Orllt.</strong></span> <span class='ocrx_word' id='word_1_74' title='bbox 778 1136 912 1192; x_wconf 80' lang='lat' dir='ltr'><strong>Cum</strong></span> <span class='ocrx_word' id='word_1_75' title='bbox 968 1137 1136 1207; x_wconf 87' lang='lat' dir='ltr'><strong>igitur</strong></span> <span class='ocrx_word' id='word_1_76' title='bbox 1195 1134 1351 1191; x_wconf 83' lang='lat' dir='ltr'><strong>audis</strong></span> <span class='ocrx_word' id='word_1_77' title='bbox 1402 1134 1634 1189; x_wconf 89' lang='lat' dir='ltr'><strong>Paulum</strong></span> <span class='ocrx_word' id='word_1_78' title='bbox 1677 1134 1970 1201; x_wconf 82' lang='lat' dir='ltr'><strong>dicentem,</strong></span> 
     </span>
    </p>
   </div>
   <div class='ocr_carea' id='block_1_14' title="bbox 400 1225 1971 1297">
    <p class='ocr_par' dir='ltr' id='par_1_14' title="bbox 400 1225 1971 1297">
     <span class='ocr_line' id='line_1_14' title="bbox 400 1225 1971 1297; baseline 0.001 -20"><span class='ocrx_word' id='word_1_79' title='bbox 400 1243 420 1277; x_wconf 73' lang='grc' dir='ltr'><strong>ι</strong></span> <span class='ocrx_word' id='word_1_80' title='bbox 477 1225 748 1294; x_wconf 91' lang='lat' dir='ltr'><strong>Quoniam</strong></span> <span class='ocrx_word' id='word_1_81' title='bbox 797 1243 865 1283; x_wconf 81' lang='lat' dir='ltr'><strong>ex</strong></span> <span class='ocrx_word' id='word_1_82' title='bbox 922 1227 1043 1297; x_wconf 91' lang='lat' dir='ltr'><strong>ipso</strong></span> <span class='ocrx_word' id='word_1_83' title='bbox 1091 1233 1145 1281; x_wconf 84' lang='lat' dir='ltr'><strong>et</strong></span> <span class='ocrx_word' id='word_1_84' title='bbox 1201 1242 1297 1297; x_wconf 88' lang='lat' dir='ltr'><strong>per</strong></span> <span class='ocrx_word' id='word_1_85' title='bbox 1343 1227 1556 1294; x_wconf 89' lang='lat' dir='ltr'><strong>ipsum,</strong></span> <span class='ocrx_word' id='word_1_86' title='bbox 1603 1235 1657 1281; x_wconf 90' lang='lat' dir='ltr'><strong>et</strong></span> <span class='ocrx_word' id='word_1_87' title='bbox 1696 1227 1750 1281; x_wconf 90' lang='lat' dir='ltr'><strong>in</strong></span> <span class='ocrx_word' id='word_1_88' title='bbox 1793 1229 1971 1295; x_wconf 84' lang='lat' dir='ltr'><strong>ipsum</strong></span> 
     </span>
    </p>
   </div>
   <div class='ocr_carea' id='block_1_15' title="bbox 396 1317 1975 1386">
    <p class='ocr_par' dir='ltr' id='par_1_15' title="bbox 396 1317 1975 1386">
     <span class='ocr_line' id='line_1_15' title="bbox 396 1317 1975 1386; baseline -0.001 -14"><span class='ocrx_word' id='word_1_89' title='bbox 396 1327 524 1373; x_wconf 85' lang='lat' dir='ltr'><strong>sunt</strong></span> <span class='ocrx_word' id='word_1_90' title='bbox 566 1319 749 1372; x_wconf 84' lang='lat' dir='ltr'><strong>omnia</strong></span> <span class='ocrx_word' id='word_1_91' title='bbox 793 1319 861 1381; x_wconf 70' lang='grc' dir='ltr'>δι,</span> <span class='ocrx_word' id='word_1_92' title='bbox 922 1337 941 1369; x_wconf 74' lang='grc' dir='ltr'><strong>ι</strong></span> <span class='ocrx_word' id='word_1_93' title='bbox 986 1328 1170 1371; x_wconf 91' lang='lat' dir='ltr'><strong>utrum</strong></span> <span class='ocrx_word' id='word_1_94' title='bbox 1215 1332 1283 1371; x_wconf 79' lang='lat' dir='ltr'><strong>ex</strong></span> <span class='ocrx_word' id='word_1_95' title='bbox 1329 1317 1461 1379; x_wconf 88' lang='lat' dir='ltr'><strong>illis,</strong></span> <span class='ocrx_word' id='word_1_96' title='bbox 1509 1332 1648 1386; x_wconf 88' lang='lat' dir='ltr'><strong>quos</strong></span> <span class='ocrx_word' id='word_1_97' title='bbox 1703 1333 1874 1371; x_wconf 92' lang='lat' dir='ltr'><strong>unum</strong></span> <span class='ocrx_word' id='word_1_98' title='bbox 1920 1324 1975 1372; x_wconf 87' lang='lat' dir='ltr'><strong>et</strong></span> 
     </span>
    </p>
   </div>
   <div class='ocr_carea' id='block_1_16' title="bbox 398 1407 1970 1479">
    <p class='ocr_par' dir='ltr' id='par_1_16' title="bbox 398 1407 1970 1479">
     <span class='ocr_line' id='line_1_16' title="bbox 398 1407 1970 1479; baseline 0 -17"><span class='ocrx_word' id='word_1_99' title='bbox 398 1425 567 1463; x_wconf 90' lang='lat' dir='ltr'><strong>unum</strong></span> <span class='ocrx_word' id='word_1_100' title='bbox 615 1426 737 1466; x_wconf 86' lang='lat' dir='ltr'><strong>esse</strong></span> <span class='ocrx_word' id='word_1_101' title='bbox 787 1409 999 1472; x_wconf 58' lang='lat' dir='ltr'><strong>dixisti,</strong></span> <span class='ocrx_word' id='word_1_102' title='bbox 1039 1408 1339 1479; x_wconf 83' lang='lat' dir='ltr'><strong>signiﬁcari</strong></span> <span class='ocrx_word' id='word_1_103' title='bbox 1389 1409 1717 1463; x_wconf 77' lang='lat' dir='ltr'><strong>existimas?</strong></span> <span class='ocrx_word' id='word_1_104' title='bbox 1762 1407 1970 1462; x_wconf 80' lang='lat' dir='ltr'><strong>Maccd.</strong></span> 
     </span>
    </p>
   </div>
   <div class='ocr_carea' id='block_1_17' title="bbox 395 1498 1978 1570">
    <p class='ocr_par' dir='ltr' id='par_1_17' title="bbox 395 1498 1978 1570">
     <span class='ocr_line' id='line_1_17' title="bbox 395 1498 1978 1570; baseline -0.001 -15"><span class='ocrx_word' id='word_1_105' title='bbox 395 1501 635 1556; x_wconf 84' lang='lat' dir='ltr'><strong>Patrem.</strong></span> <span class='ocrx_word' id='word_1_106' title='bbox 693 1500 845 1557; x_wconf 79' lang='lat' dir='ltr'><strong>Orl/t.</strong></span> <span class='ocrx_word' id='word_1_107' title='bbox 890 1503 973 1555; x_wconf 85' lang='lat' dir='ltr'><strong>An</strong></span> <span class='ocrx_word' id='word_1_108' title='bbox 1018 1518 1129 1557; x_wconf 89' lang='lat' dir='ltr'><strong>non</strong></span> <span class='ocrx_word' id='word_1_109' title='bbox 1188 1507 1318 1556; x_wconf 89' lang='lat' dir='ltr'><strong>sunt</strong></span> <span class='ocrx_word' id='word_1_110' title='bbox 1367 1516 1464 1570; x_wconf 83' lang='lat' dir='ltr'><strong>per</strong></span> <span class='ocrx_word' id='word_1_111' title='bbox 1502 1498 1702 1555; x_wconf 81' lang='lat' dir='ltr'><strong>Filium</strong></span> <span class='ocrx_word' id='word_1_112' title='bbox 1756 1499 1978 1555; x_wconf 86' lang='lat' dir='ltr'><strong>omnia?</strong></span> 
     </span>
    </p>
   </div>
   <div class='ocr_carea' id='block_1_18' title="bbox 316 1587 1979 1665">
    <p class='ocr_par' dir='ltr' id='par_1_18' title="bbox 316 1587 1979 1665">
     <span class='ocr_line' id='line_1_18' title="bbox 316 1587 1979 1665; baseline -0.001 -17"><span class='ocrx_word' id='word_1_113' title='bbox 316 1638 325 1641; x_wconf 42' lang='grc' dir='ltr'><em>κ</em></span> <span class='ocrx_word' id='word_1_114' title='bbox 395 1591 605 1649; x_wconf 73' lang='lat' dir='ltr'><strong>Mat-ed.</strong></span> <span class='ocrx_word' id='word_1_115' title='bbox 642 1593 745 1649; x_wconf 87' lang='lat' dir='ltr'><strong>Per</strong></span> <span class='ocrx_word' id='word_1_116' title='bbox 774 1593 968 1649; x_wconf 86' lang='lat' dir='ltr'><strong>Filium</strong></span> <span class='ocrx_word' id='word_1_117' title='bbox 1004 1609 1224 1665; x_wconf 86' lang='lat' dir='ltr'><strong>quoque</strong></span> <span class='ocrx_word' id='word_1_118' title='bbox 1270 1600 1399 1649; x_wconf 84' lang='lat' dir='ltr'><strong>sunt</strong></span> <span class='ocrx_word' id='word_1_119' title='bbox 1429 1593 1632 1648; x_wconf 88' lang='lat' dir='ltr'><strong>omnia.</strong></span> <span class='ocrx_word' id='word_1_120' title='bbox 1676 1591 1828 1648; x_wconf 82' lang='lat' dir='ltr'><strong>Ortlt.</strong></span> <span class='ocrx_word' id='word_1_121' title='bbox 1872 1587 1979 1659; x_wconf 88' lang='lat' dir='ltr'><strong>Qui</strong></span> 
     </span>
    </p>
   </div>
   <div class='ocr_carea' id='block_1_19' title="bbox 398 1683 1977 1755">
    <p class='ocr_par' dir='ltr' id='par_1_19' title="bbox 398 1683 1977 1755">
     <span class='ocr_line' id='line_1_19' title="bbox 398 1683 1977 1755; baseline 0.001 -18"><span class='ocrx_word' id='word_1_122' title='bbox 398 1686 455 1738; x_wconf 82' lang='lat' dir='ltr'><strong>tit</strong></span> <span class='ocrx_word' id='word_1_123' title='bbox 511 1684 677 1754; x_wconf 81' lang='lat' dir='ltr'><strong>igitur</strong></span> <span class='ocrx_word' id='word_1_124' title='bbox 720 1692 781 1739; x_wconf 91' lang='lat' dir='ltr'><strong>ut</strong></span> <span class='ocrx_word' id='word_1_125' title='bbox 828 1701 939 1739; x_wconf 87' lang='lat' dir='ltr'><strong>non</strong></span> <span class='ocrx_word' id='word_1_126' title='bbox 988 1700 1056 1739; x_wconf 77' lang='lat' dir='ltr'><strong>ex</strong></span> <span class='ocrx_word' id='word_1_127' title='bbox 1108 1685 1251 1755; x_wconf 89' lang='lat' dir='ltr'><strong>ipso,</strong></span> <span class='ocrx_word' id='word_1_128' title='bbox 1299 1691 1353 1739; x_wconf 89' lang='lat' dir='ltr'><strong>et</strong></span> <span class='ocrx_word' id='word_1_129' title='bbox 1421 1699 1516 1754; x_wconf 88' lang='lat' dir='ltr'><strong>per</strong></span> <span class='ocrx_word' id='word_1_130' title='bbox 1564 1683 1766 1754; x_wconf 89' lang='lat' dir='ltr'><strong>ipsum,</strong></span> <span class='ocrx_word' id='word_1_131' title='bbox 1818 1691 1872 1739; x_wconf 90' lang='lat' dir='ltr'><strong>et</strong></span> <span class='ocrx_word' id='word_1_132' title='bbox 1920 1685 1977 1738; x_wconf 91' lang='lat' dir='ltr'><strong>in</strong></span> 
     </span>
    </p>
   </div>
   <div class='ocr_carea' id='block_1_20' title="bbox 2067 456 3651 533">
    <p class='ocr_par' dir='ltr' id='par_1_20' title="bbox 2067 456 3651 533">
     <span class='ocr_line' id='line_1_20' title="bbox 2067 456 3651 533; baseline -0.011 -8"><span class='ocrx_word' id='word_1_133' title='bbox 2067 473 2150 525; x_wconf 83' lang='grc' dir='ltr'>ὅτι</span> <span class='ocrx_word' id='word_1_134' title='bbox 2168 473 2197 525; x_wconf 84' lang='grc' dir='ltr'>ὁ</span> <span class='ocrx_word' id='word_1_135' title='bbox 2220 468 2379 532; x_wconf 76' lang='grc' dir='ltr'>αὐτὸς</span> <span class='ocrx_word' id='word_1_136' title='bbox 2394 470 2422 521; x_wconf 82' lang='grc' dir='ltr'>ὁ</span> <span class='ocrx_word' id='word_1_137' title='bbox 2442 466 2575 529; x_wconf 83' lang='grc' dir='ltr'>Θεὸς</span> <span class='ocrx_word' id='word_1_138' title='bbox 2599 463 2855 533; x_wconf 85' lang='grc' dir='ltr'>κάκείνην</span> <span class='ocrx_word' id='word_1_139' title='bbox 2873 461 3102 532; x_wconf 82' lang='grc' dir='ltr'>ὲλάλησε</span> <span class='ocrx_word' id='word_1_140' title='bbox 3127 460 3221 513; x_wconf 74' lang='grc' dir='ltr'>καὶ</span> <span class='ocrx_word' id='word_1_141' title='bbox 3238 456 3462 528; x_wconf 79' lang='grc' dir='ltr'>ταύτην.</span> <span class='ocrx_word' id='word_1_142' title='bbox 3490 459 3651 510; x_wconf 65' lang='lat' dir='ltr'><strong>Max.</strong></span> 
     </span>
    </p>
   </div>
   <div class='ocr_carea' id='block_1_21' title="bbox 2070 547 3658 625">
    <p class='ocr_par' dir='ltr' id='par_1_21' title="bbox 2070 547 3658 625">
     <span class='ocr_line' id='line_1_21' title="bbox 2070 547 3658 625; baseline -0.01 -11"><span class='ocrx_word' id='word_1_143' title='bbox 2070 556 2221 624; x_wconf 78' lang='grc' dir='ltr'>Οἶδα,</span> <span class='ocrx_word' id='word_1_144' title='bbox 2257 559 2338 613; x_wconf 79' lang='grc' dir='ltr'>ὅτι</span> <span class='ocrx_word' id='word_1_145' title='bbox 2366 557 2528 620; x_wconf 81' lang='grc' dir='ltr'>αὐτὸς</span> <span class='ocrx_word' id='word_1_146' title='bbox 2551 554 2685 620; x_wconf 86' lang='grc' dir='ltr'>Θεὸς</span> <span class='ocrx_word' id='word_1_147' title='bbox 2720 554 2815 607; x_wconf 69' lang='grc' dir='ltr'>καὶ</span> <span class='ocrx_word' id='word_1_148' title='bbox 2849 553 2947 625; x_wconf 79' lang='grc' dir='ltr'>τὴν</span> <span class='ocrx_word' id='word_1_149' title='bbox 2980 549 3219 605; x_wconf 75' lang='grc' dir='ltr'>Παλαιὰν</span> <span class='ocrx_word' id='word_1_150' title='bbox 3247 547 3528 618; x_wconf 85' lang='grc' dir='ltr'>Διαθήκην</span> <span class='ocrx_word' id='word_1_151' title='bbox 3560 549 3658 600; x_wconf 71' lang='grc' dir='ltr'>καὶ</span> 
     </span>
    </p>
   </div>
   <div class='ocr_carea' id='block_1_22' title="bbox 2068 639 3660 723">
    <p class='ocr_par' dir='ltr' id='par_1_22' title="bbox 2068 639 3660 723">
     <span class='ocr_line' id='line_1_22' title="bbox 2068 639 3660 723; baseline -0.01 -17"><span class='ocrx_word' id='word_1_152' title='bbox 2068 652 2167 723; x_wconf 77' lang='grc' dir='ltr'>τὴν</span> <span class='ocrx_word' id='word_1_153' title='bbox 2193 650 2401 722; x_wconf 81' lang='grc' dir='ltr'>Καινὴν</span> <span class='ocrx_word' id='word_1_154' title='bbox 2437 649 2641 703; x_wconf 76' lang='grc' dir='ltr'>διέθετο</span> <span class='ocrx_word' id='word_1_155' title='bbox 2660 664 2673 677; x_wconf 72' lang='grc'><strong>⁸</strong></span> <span class='ocrx_word' id='word_1_156' title='bbox 2703 645 2838 702; x_wconf 79' lang='grc' dir='ltr'>ἀλλὰ</span> <span class='ocrx_word' id='word_1_157' title='bbox 2881 644 3137 717; x_wconf 82' lang='grc' dir='ltr'>βούλομαι</span> <span class='ocrx_word' id='word_1_158' title='bbox 3179 641 3283 695; x_wconf 84' lang='grc' dir='ltr'><strong>ἀπὸ</strong></span> <span class='ocrx_word' id='word_1_159' title='bbox 3313 640 3415 711; x_wconf 83' lang='grc' dir='ltr'><strong>τῆς</strong></span> <span class='ocrx_word' id='word_1_160' title='bbox 3442 639 3660 707; x_wconf 78' lang='grc' dir='ltr'>Καινῆς</span> 
     </span>
    </p>
   </div>
   <div class='ocr_carea' id='block_1_23' title="bbox 2074 730 3660 814">
    <p class='ocr_par' dir='ltr' id='par_1_23' title="bbox 2074 730 3660 814">
     <span class='ocr_line' id='line_1_23' title="bbox 2074 730 3660 814; baseline -0.011 -16"><span class='ocrx_word' id='word_1_161' title='bbox 2074 743 2285 814; x_wconf 79' lang='grc' dir='ltr'><strong>μαθεῖν,</strong></span> <span class='ocrx_word' id='word_1_162' title='bbox 2320 739 2509 812; x_wconf 74' lang='grc' dir='ltr'>ἐπειδὴ</span> <span class='ocrx_word' id='word_1_163' title='bbox 2543 738 2680 811; x_wconf 81' lang='grc' dir='ltr'>αὑτὴ</span> <span class='ocrx_word' id='word_1_164' title='bbox 2720 735 3094 809; x_wconf 76' lang='grc' dir='ltr'>φανερώτερον</span> <span class='ocrx_word' id='word_1_165' title='bbox 3118 732 3216 796; x_wconf 80' lang='grc' dir='ltr'>τὰς</span> <span class='ocrx_word' id='word_1_166' title='bbox 3242 734 3390 803; x_wconf 82' lang='grc' dir='ltr'>τρεῖς</span> <span class='ocrx_word' id='word_1_167' title='bbox 3417 730 3660 783; x_wconf 64' lang='grc' dir='ltr'><strong>ὑποστὰι</strong></span> 
     </span>
    </p>
   </div>
   <div class='ocr_carea' id='block_1_24' title="bbox 2072 832 2472 898">
    <p class='ocr_par' dir='ltr' id='par_1_24' title="bbox 2072 832 2472 898">
     <span class='ocr_line' id='line_1_24' title="bbox 2072 832 2472 898; baseline -0.005 -10"><span class='ocrx_word' id='word_1_168' title='bbox 2072 851 2188 898; x_wconf 88' lang='grc' dir='ltr'>σεις</span> <span class='ocrx_word' id='word_1_169' title='bbox 2213 832 2472 898; x_wconf 80' lang='grc' dir='ltr'>ἐδίδαξεν.</span> 
     </span>
    </p>
   </div>
   <div class='ocr_carea' id='block_1_25' title="bbox 2143 1141 3667 1219">
    <p class='ocr_par' dir='ltr' id='par_1_25' title="bbox 2143 1141 3667 1219">
     <span class='ocr_line' id='line_1_25' title="bbox 2143 1141 3667 1219; baseline -0.005 -15"><span class='ocrx_word' id='word_1_170' title='bbox 2143 1149 2199 1204; x_wconf 88' lang='lat'><strong>9.</strong></span> <span class='ocrx_word' id='word_1_171' title='bbox 2237 1150 2389 1216; x_wconf 84' lang='grc' dir='ltr'>Ὀρθ.</span> <span class='ocrx_word' id='word_1_172' title='bbox 2422 1148 2548 1202; x_wconf 78' lang='grc' dir='ltr'>Ἐὰν</span> <span class='ocrx_word' id='word_1_173' title='bbox 2568 1141 2662 1200; x_wconf 80' lang='grc' dir='ltr'><strong>οὖν</strong></span> <span class='ocrx_word' id='word_1_174' title='bbox 2683 1145 2921 1219; x_wconf 77' lang='grc' dir='ltr'><strong>ἀκούσῃς</strong></span> <span class='ocrx_word' id='word_1_175' title='bbox 2938 1142 3151 1198; x_wconf 82' lang='grc' dir='ltr'><strong>Παύλου</strong></span> <span class='ocrx_word' id='word_1_176' title='bbox 3175 1142 3425 1213; x_wconf 80' lang='grc' dir='ltr'>λέγοντος</span> <span class='ocrx_word' id='word_1_177' title='bbox 3446 1181 3464 1209; x_wconf 89' lang='grc'><strong>,</strong></span> <span class='ocrx_word' id='word_1_178' title='bbox 3491 1160 3514 1194; x_wconf 71' lang='grc' dir='ltr'><strong><em>ο</em></strong></span> <span class='ocrx_word' id='word_1_179' title='bbox 3542 1143 3667 1196; x_wconf 81' lang='grc' dir='ltr'>Ὅτι</span> 
     </span>
    </p>
   </div>
   <div class='ocr_carea' id='block_1_26' title="bbox 2074 1233 3668 1307">
    <p class='ocr_par' dir='ltr' id='par_1_26' title="bbox 2074 1233 3668 1307">
     <span class='ocr_line' id='line_1_26' title="bbox 2074 1233 3668 1307; baseline -0.004 -12"><span class='ocrx_word' id='word_1_180' title='bbox 2074 1240 2136 1307; x_wconf 75' lang='grc' dir='ltr'><strong>ἐξ</strong></span> <span class='ocrx_word' id='word_1_181' title='bbox 2158 1240 2343 1304; x_wconf 79' lang='grc' dir='ltr'>αὐτοῦ,</span> <span class='ocrx_word' id='word_1_182' title='bbox 2368 1241 2461 1294; x_wconf 54' lang='grc' dir='ltr'><strong>καὶ⁵</strong></span> <span class='ocrx_word' id='word_1_183' title='bbox 2480 1239 2547 1293; x_wconf 83' lang='grc' dir='ltr'><strong>δι’</strong></span> <span class='ocrx_word' id='word_1_184' title='bbox 2570 1237 2755 1298; x_wconf 75' lang='grc' dir='ltr'>αὑτοῦ,</span> <span class='ocrx_word' id='word_1_185' title='bbox 2780 1237 2875 1291; x_wconf 70' lang='grc' dir='ltr'>καὶ</span> <span class='ocrx_word' id='word_1_186' title='bbox 2895 1239 2974 1301; x_wconf 73' lang='grc' dir='ltr'>εἰς</span> <span class='ocrx_word' id='word_1_187' title='bbox 2997 1236 3161 1290; x_wconf 84' lang='grc' dir='ltr'>αὐτὸν</span> <span class='ocrx_word' id='word_1_188' title='bbox 3178 1234 3248 1290; x_wconf 84' lang='grc' dir='ltr'>τὰ</span> <span class='ocrx_word' id='word_1_189' title='bbox 3277 1234 3509 1297; x_wconf 76' lang='grc' dir='ltr'>πάντα,ι</span> <span class='ocrx_word' id='word_1_190' title='bbox 3542 1233 3668 1288; x_wconf 77' lang='grc' dir='ltr'>τίνα</span> 
     </span>
    </p>
   </div>
   <div class='ocr_carea' id='block_1_27' title="bbox 2074 1322 3668 1401">
    <p class='ocr_par' dir='ltr' id='par_1_27' title="bbox 2074 1322 3668 1401">
     <span class='ocr_line' id='line_1_27' title="bbox 2074 1322 3668 1401; baseline -0.006 -16"><span class='ocrx_word' id='word_1_191' title='bbox 2074 1332 2253 1401; x_wconf 84' lang='grc' dir='ltr'>λέγεις</span> <span class='ocrx_word' id='word_1_192' title='bbox 2274 1331 2526 1400; x_wconf 81' lang='grc' dir='ltr'>λέγεσθαι</span> <span class='ocrx_word' id='word_1_193' title='bbox 2547 1330 2655 1384; x_wconf 85' lang='grc' dir='ltr'><strong>τῶν</strong></span> <span class='ocrx_word' id='word_1_194' title='bbox 2693 1324 2775 1394; x_wconf 72' lang='grc' dir='ltr'>εἷς</span> <span class='ocrx_word' id='word_1_195' title='bbox 2803 1330 2897 1383; x_wconf 75' lang='grc' dir='ltr'>καὶ</span> <span class='ocrx_word' id='word_1_196' title='bbox 2926 1322 3037 1394; x_wconf 66' lang='lat' dir='ltr'><strong>sic;</strong></span> <span class='ocrx_word' id='word_1_197' title='bbox 3072 1329 3227 1383; x_wconf 72' lang='lat' dir='ltr'><strong>Max.</strong></span> <span class='ocrx_word' id='word_1_198' title='bbox 3280 1326 3384 1381; x_wconf 87' lang='grc' dir='ltr'><strong>Τὸν</strong></span> <span class='ocrx_word' id='word_1_199' title='bbox 3418 1326 3668 1397; x_wconf 82' lang='grc' dir='ltr'>Πατέρα.</span> 
     </span>
    </p>
   </div>
   <div class='ocr_carea' id='block_1_28' title="bbox 2090 1417 3671 1491">
    <p class='ocr_par' dir='ltr' id='par_1_28' title="bbox 2090 1417 3671 1491">
     <span class='ocr_line' id='line_1_28' title="bbox 2090 1417 3671 1491; baseline -0.003 -16"><span class='ocrx_word' id='word_1_200' title='bbox 2090 1423 2242 1491; x_wconf 82' lang='grc' dir='ltr'>Ὀρθ.</span> <span class='ocrx_word' id='word_1_201' title='bbox 2274 1423 2388 1475; x_wconf 83' lang='grc' dir='ltr'><strong>Οὐκ</strong></span> <span class='ocrx_word' id='word_1_202' title='bbox 2433 1421 2551 1474; x_wconf 78' lang='grc' dir='ltr'>ἐστι</span> <span class='ocrx_word' id='word_1_203' title='bbox 2583 1420 2670 1475; x_wconf 84' lang='grc' dir='ltr'><strong>διὰ</strong></span> <span class='ocrx_word' id='word_1_204' title='bbox 2704 1419 2798 1474; x_wconf 74' lang='grc' dir='ltr'>τοῦ</span> <span class='ocrx_word' id='word_1_205' title='bbox 2828 1418 2959 1473; x_wconf 87' lang='grc' dir='ltr'><strong>Υἱοῦ</strong></span> <span class='ocrx_word' id='word_1_206' title='bbox 3004 1417 3073 1472; x_wconf 78' lang='grc' dir='ltr'>τὰ</span> <span class='ocrx_word' id='word_1_207' title='bbox 3111 1418 3317 1483; x_wconf 86' lang='grc' dir='ltr'>πάντα;</span> <span class='ocrx_word' id='word_1_208' title='bbox 3359 1420 3519 1471; x_wconf 74' lang='lat' dir='ltr'><strong>Max.</strong></span> <span class='ocrx_word' id='word_1_209' title='bbox 3556 1417 3671 1470; x_wconf 83' lang='grc' dir='ltr'><strong>Καὶ</strong></span> 
     </span>
    </p>
   </div>
   <div class='ocr_carea' id='block_1_29' title="bbox 2075 1505 3669 1581">
    <p class='ocr_par' dir='ltr' id='par_1_29' title="bbox 2075 1505 3669 1581">
     <span class='ocr_line' id='line_1_29' title="bbox 2075 1505 3669 1581; baseline -0.004 -12"><span class='ocrx_word' id='word_1_210' title='bbox 2075 1515 2164 1570; x_wconf 80' lang='grc' dir='ltr'>διὰ</span> <span class='ocrx_word' id='word_1_211' title='bbox 2208 1515 2304 1570; x_wconf 78' lang='grc' dir='ltr'>τοῦ</span> <span class='ocrx_word' id='word_1_212' title='bbox 2345 1515 2475 1569; x_wconf 86' lang='grc' dir='ltr'>Υἰοῦ</span> <span class='ocrx_word' id='word_1_213' title='bbox 2523 1514 2594 1569; x_wconf 80' lang='grc' dir='ltr'><strong>τὰ</strong></span> <span class='ocrx_word' id='word_1_214' title='bbox 2637 1515 2833 1571; x_wconf 85' lang='grc' dir='ltr'>πάντα.</span> <span class='ocrx_word' id='word_1_215' title='bbox 2880 1514 3033 1581; x_wconf 82' lang='lat' dir='ltr'><strong>’Op0.</strong></span> <span class='ocrx_word' id='word_1_216' title='bbox 3064 1511 3190 1575; x_wconf 84' lang='grc' dir='ltr'>Πῶς</span> <span class='ocrx_word' id='word_1_217' title='bbox 3235 1505 3327 1565; x_wconf 77' lang='grc' dir='ltr'><strong>οὖν</strong></span> <span class='ocrx_word' id='word_1_218' title='bbox 3363 1511 3467 1562; x_wconf 76' lang='grc' dir='ltr'><strong>οὒκ</strong></span> <span class='ocrx_word' id='word_1_219' title='bbox 3497 1508 3575 1579; x_wconf 88' lang='grc'><strong>(9)</strong></span> <span class='ocrx_word' id='word_1_220' title='bbox 3610 1508 3669 1575; x_wconf 77' lang='grc' dir='ltr'><strong>ἐξ</strong></span> 
     </span>
    </p>
   </div>
   <div class='ocr_carea' id='block_1_30' title="bbox 2077 1601 3669 1672">
    <p class='ocr_par' dir='ltr' id='par_1_30' title="bbox 2077 1601 3669 1672">
     <span class='ocr_line' id='line_1_30' title="bbox 2077 1601 3669 1672; baseline -0.005 -10"><span class='ocrx_word' id='word_1_221' title='bbox 2077 1606 2263 1671; x_wconf 77' lang='grc' dir='ltr'>αὐτοῦ,</span> <span class='ocrx_word' id='word_1_222' title='bbox 2298 1606 2391 1662; x_wconf 77' lang='grc' dir='ltr'>καὶ</span> <span class='ocrx_word' id='word_1_223' title='bbox 2423 1606 2489 1660; x_wconf 83' lang='grc' dir='ltr'><strong>δι’</strong></span> <span class='ocrx_word' id='word_1_224' title='bbox 2511 1603 2699 1672; x_wconf 77' lang='grc' dir='ltr'>αὑτοῦ,</span> <span class='ocrx_word' id='word_1_225' title='bbox 2735 1606 2831 1668; x_wconf 69' lang='grc' dir='ltr'>καὶ</span> <span class='ocrx_word' id='word_1_226' title='bbox 2860 1608 2938 1670; x_wconf 83' lang='grc' dir='ltr'><strong>εἰς</strong></span> <span class='ocrx_word' id='word_1_227' title='bbox 2967 1603 3128 1658; x_wconf 80' lang='grc' dir='ltr'>αὐτὸν</span> <span class='ocrx_word' id='word_1_228' title='bbox 3154 1601 3225 1656; x_wconf 80' lang='grc' dir='ltr'><strong>τὰ</strong></span> <span class='ocrx_word' id='word_1_229' title='bbox 3250 1601 3460 1665; x_wconf 78' lang='grc' dir='ltr'>πάντας</span> <span class='ocrx_word' id='word_1_230' title='bbox 3502 1603 3669 1655; x_wconf 66' lang='lat' dir='ltr'><strong>Max.</strong></span> 
     </span>
    </p>
   </div>
   <div class='ocr_carea' id='block_1_31' title="bbox 2089 1686 3667 1769">
    <p class='ocr_par' dir='ltr' id='par_1_31' title="bbox 2089 1686 3667 1769">
     <span class='ocr_line' id='line_1_31' title="bbox 2089 1686 3667 1769; baseline -0.006 -16"><span class='ocrx_word' id='word_1_231' title='bbox 2089 1700 2150 1754; x_wconf 86' lang='grc' dir='ltr'>ὐ</span> <span class='ocrx_word' id='word_1_232' title='bbox 2183 1699 2373 1769; x_wconf 84' lang='grc' dir='ltr'>Πατὴρ</span> <span class='ocrx_word' id='word_1_233' title='bbox 2415 1698 2525 1768; x_wconf 78' lang='grc' dir='ltr'>ἔχει</span> <span class='ocrx_word' id='word_1_234' title='bbox 2577 1699 2668 1752; x_wconf 78' lang='grc' dir='ltr'>καὶ</span> <span class='ocrx_word' id='word_1_235' title='bbox 2715 1697 2777 1751; x_wconf 87' lang='grc' dir='ltr'>τὸ</span> <span class='ocrx_word' id='word_1_236' title='bbox 2807 1716 2826 1750; x_wconf 77' lang='grc' dir='ltr'><strong>ι</strong></span> <span class='ocrx_word' id='word_1_237' title='bbox 2865 1696 2925 1762; x_wconf 76' lang='grc' dir='ltr'>ἐξ</span> <span class='ocrx_word' id='word_1_238' title='bbox 2963 1688 3049 1761; x_wconf 73' lang='grc' dir='ltr'>οὗ,</span> <span class='ocrx_word' id='word_1_239' title='bbox 3091 1714 3111 1747; x_wconf 69' lang='grc' dir='ltr'><strong><em>ι</em></strong></span> <span class='ocrx_word' id='word_1_240' title='bbox 3143 1695 3237 1748; x_wconf 75' lang='grc' dir='ltr'>καὶ</span> <span class='ocrx_word' id='word_1_241' title='bbox 3281 1693 3342 1747; x_wconf 86' lang='grc' dir='ltr'>τὸ</span> <span class='ocrx_word' id='word_1_242' title='bbox 3375 1712 3394 1744; x_wconf 81' lang='grc' dir='ltr'><strong>ι</strong></span> <span class='ocrx_word' id='word_1_243' title='bbox 3424 1691 3492 1746; x_wconf 80' lang='grc' dir='ltr'><strong>δι’</strong></span> <span class='ocrx_word' id='word_1_244' title='bbox 3522 1686 3611 1757; x_wconf 71' lang='grc' dir='ltr'>οὗ,</span> <span class='ocrx_word' id='word_1_245' title='bbox 3646 1710 3667 1744; x_wconf 68' lang='grc' dir='ltr'><strong><em>ι</em></strong></span> 
     </span>
    </p>
   </div>
   <div class='ocr_carea' id='block_1_32' title="bbox 396 1772 1977 1858">
    <p class='ocr_par' dir='ltr' id='par_1_32' title="bbox 396 1774 1977 1847">
     <span class='ocr_line' id='line_1_32' title="bbox 396 1774 1977 1847; baseline -0.001 -16"><span class='ocrx_word' id='word_1_246' title='bbox 396 1777 576 1847; x_wconf 89' lang='lat' dir='ltr'><strong>ipsum</strong></span> <span class='ocrx_word' id='word_1_247' title='bbox 616 1778 724 1832; x_wconf 89' lang='lat' dir='ltr'><strong>sint</strong></span> <span class='ocrx_word' id='word_1_248' title='bbox 759 1778 980 1832; x_wconf 80' lang='lat' dir='ltr'><strong>omnia?</strong></span> <span class='ocrx_word' id='word_1_249' title='bbox 1026 1775 1238 1831; x_wconf 82' lang='lat' dir='ltr'><strong>Maced.</strong></span> <span class='ocrx_word' id='word_1_250' title='bbox 1268 1775 1432 1830; x_wconf 83' lang='lat' dir='ltr'><strong>Pater</strong></span> <span class='ocrx_word' id='word_1_251' title='bbox 1466 1776 1629 1831; x_wconf 83' lang='lat' dir='ltr'><strong>habet</strong></span> <span class='ocrx_word' id='word_1_252' title='bbox 1663 1774 1818 1840; x_wconf 88' lang='lat' dir='ltr'><strong>illud,</strong></span> <span class='ocrx_word' id='word_1_253' title='bbox 1856 1793 1874 1826; x_wconf 77' lang='grc' dir='ltr'><strong>ι</strong></span> <span class='ocrx_word' id='word_1_254' title='bbox 1911 1791 1977 1830; x_wconf 82' lang='lat' dir='ltr'><strong>ex</strong></span> 
     </span>
    </p>
   </div>
   <div class='ocr_carea' id='block_1_33' title="bbox 2088 1772 3672 1858">
    <p class='ocr_par' dir='ltr' id='par_1_33' title="bbox 2088 1779 3672 1858">
     <span class='ocr_line' id='line_1_33' title="bbox 2088 1779 3672 1858; baseline -0.004 -13"><span class='ocrx_word' id='word_1_255' title='bbox 2088 1791 2260 1847; x_wconf 79' lang='grc' dir='ltr'>καὶτὸ</span> <span class='ocrx_word' id='word_1_256' title='bbox 2291 1808 2310 1841; x_wconf 79' lang='grc' dir='ltr'><strong>ι</strong></span> <span class='ocrx_word' id='word_1_257' title='bbox 2340 1793 2420 1855; x_wconf 80' lang='grc' dir='ltr'><strong>εἰς</strong></span> <span class='ocrx_word' id='word_1_258' title='bbox 2447 1790 2628 1844; x_wconf 82' lang='grc' dir='ltr'>αὐτόν.</span> <span class='ocrx_word' id='word_1_259' title='bbox 2662 1809 2681 1842; x_wconf 77' lang='grc' dir='ltr'><strong>ι</strong></span> <span class='ocrx_word' id='word_1_260' title='bbox 2718 1791 2778 1843; x_wconf 85' lang='lat'><strong>&#39;0</strong></span> <span class='ocrx_word' id='word_1_261' title='bbox 2801 1789 2860 1842; x_wconf 82' lang='grc' dir='ltr'>δὲ</span> <span class='ocrx_word' id='word_1_262' title='bbox 2883 1789 3010 1854; x_wconf 83' lang='grc' dir='ltr'>Υἱὸς</span> <span class='ocrx_word' id='word_1_263' title='bbox 3033 1789 3095 1842; x_wconf 89' lang='grc' dir='ltr'>τὸ</span> <span class='ocrx_word' id='word_1_264' title='bbox 3121 1789 3218 1858; x_wconf 80' lang='grc' dir='ltr'>μὲν</span> <span class='ocrx_word' id='word_1_265' title='bbox 3251 1806 3271 1838; x_wconf 75' lang='grc' dir='ltr'><strong>ι</strong></span> <span class='ocrx_word' id='word_1_266' title='bbox 3298 1787 3364 1842; x_wconf 90' lang='grc' dir='ltr'><strong>δι’</strong></span> <span class='ocrx_word' id='word_1_267' title='bbox 3387 1779 3448 1841; x_wconf 72' lang='grc' dir='ltr'>οὗ</span> <span class='ocrx_word' id='word_1_268' title='bbox 3479 1806 3498 1838; x_wconf 77' lang='grc' dir='ltr'><strong>ι</strong></span> <span class='ocrx_word' id='word_1_269' title='bbox 3531 1786 3672 1857; x_wconf 74' lang='grc' dir='ltr'>ἔχει,</span> 
     </span>
    </p>
   </div>
   <div class='ocr_carea' id='block_1_34' title="bbox 396 1868 1974 1939">
    <p class='ocr_par' dir='ltr' id='par_1_34' title="bbox 396 1868 1974 1939">
     <span class='ocr_line' id='line_1_34' title="bbox 396 1868 1974 1939; baseline -0.001 -18"><span class='ocrx_word' id='word_1_270' title='bbox 396 1885 528 1938; x_wconf 90' lang='lat' dir='ltr'><strong>quo,</strong></span> <span class='ocrx_word' id='word_1_271' title='bbox 561 1888 579 1920; x_wconf 71' lang='grc' dir='ltr'><strong>ι</strong></span> <span class='ocrx_word' id='word_1_272' title='bbox 608 1876 661 1922; x_wconf 91' lang='lat' dir='ltr'><strong>et</strong></span> <span class='ocrx_word' id='word_1_273' title='bbox 695 1869 829 1923; x_wconf 90' lang='lat' dir='ltr'><strong>illud</strong></span> <span class='ocrx_word' id='word_1_274' title='bbox 866 1887 883 1920; x_wconf 81' lang='grc' dir='ltr'><strong>ι</strong></span> <span class='ocrx_word' id='word_1_275' title='bbox 917 1885 1012 1939; x_wconf 90' lang='lat' dir='ltr'><strong>per</strong></span> <span class='ocrx_word' id='word_1_276' title='bbox 1035 1886 1219 1939; x_wconf 86' lang='lat' dir='ltr'><strong>quem,</strong></span> <span class='ocrx_word' id='word_1_277' title='bbox 1251 1888 1269 1920; x_wconf 73' lang='grc' dir='ltr'><strong>ι</strong></span> <span class='ocrx_word' id='word_1_278' title='bbox 1303 1877 1357 1924; x_wconf 91' lang='lat' dir='ltr'><strong>et</strong></span> <span class='ocrx_word' id='word_1_279' title='bbox 1385 1868 1540 1934; x_wconf 88' lang='lat' dir='ltr'><strong>illud,</strong></span> <span class='ocrx_word' id='word_1_280' title='bbox 1569 1886 1589 1919; x_wconf 78' lang='grc' dir='ltr'><strong>ι</strong></span> <span class='ocrx_word' id='word_1_281' title='bbox 1626 1868 1683 1923; x_wconf 85' lang='grc' dir='ltr'>ἰη</span> <span class='ocrx_word' id='word_1_282' title='bbox 1715 1868 1920 1939; x_wconf 89' lang='lat' dir='ltr'><strong>ipsum.</strong></span> <span class='ocrx_word' id='word_1_283' title='bbox 1957 1888 1974 1920; x_wconf 74' lang='grc' dir='ltr'><strong>ο</strong></span> 
     </span>
    </p>
   </div>
   <div class='ocr_carea' id='block_1_35' title="bbox 395 1957 1983 2033">
    <p class='ocr_par' dir='ltr' id='par_1_35' title="bbox 395 1957 1983 2033">
     <span class='ocr_line' id='line_1_35' title="bbox 395 1957 1983 2033; baseline -0.001 -18"><span class='ocrx_word' id='word_1_284' title='bbox 395 1957 563 2018; x_wconf 83' lang='lat' dir='ltr'><strong>Filius</strong></span> <span class='ocrx_word' id='word_1_285' title='bbox 588 1969 767 2016; x_wconf 90' lang='lat' dir='ltr'><strong>autem</strong></span> <span class='ocrx_word' id='word_1_286' title='bbox 804 1962 965 2016; x_wconf 91' lang='lat' dir='ltr'><strong>habet</strong></span> <span class='ocrx_word' id='word_1_287' title='bbox 997 1962 1213 2032; x_wconf 87' lang='lat' dir='ltr'><strong>quidem</strong></span> <span class='ocrx_word' id='word_1_288' title='bbox 1242 1961 1400 2027; x_wconf 90' lang='lat' dir='ltr'><strong>illud,</strong></span> <span class='ocrx_word' id='word_1_289' title='bbox 1445 1981 1464 2013; x_wconf 79' lang='grc' dir='ltr'><strong>ι</strong></span> <span class='ocrx_word' id='word_1_290' title='bbox 1512 1977 1607 2033; x_wconf 89' lang='lat' dir='ltr'><strong>per</strong></span> <span class='ocrx_word' id='word_1_291' title='bbox 1637 1977 1822 2033; x_wconf 87' lang='lat' dir='ltr'><strong>quem,</strong></span> <span class='ocrx_word' id='word_1_292' title='bbox 1860 1980 1880 2013; x_wconf 80' lang='grc'>›</span> <span class='ocrx_word' id='word_1_293' title='bbox 1925 1968 1983 2014; x_wconf 91' lang='lat' dir='ltr'><strong>at</strong></span> 
     </span>
    </p>
   </div>
   <div class='ocr_carea' id='block_1_36' title="bbox 397 2052 1981 2125">
    <p class='ocr_par' dir='ltr' id='par_1_36' title="bbox 397 2052 1981 2125">
     <span class='ocr_line' id='line_1_36' title="bbox 397 2052 1981 2125; baseline -0.003 -16"><span class='ocrx_word' id='word_1_294' title='bbox 397 2070 507 2110; x_wconf 89' lang='lat' dir='ltr'><strong>non</strong></span> <span class='ocrx_word' id='word_1_295' title='bbox 546 2054 700 2118; x_wconf 91' lang='lat' dir='ltr'><strong>illud,</strong></span> <span class='ocrx_word' id='word_1_296' title='bbox 739 2073 758 2105; x_wconf 78' lang='grc' dir='ltr'><strong>ι</strong></span> <span class='ocrx_word' id='word_1_297' title='bbox 796 2069 864 2107; x_wconf 76' lang='lat' dir='ltr'><strong>ex</strong></span> <span class='ocrx_word' id='word_1_298' title='bbox 904 2069 1031 2124; x_wconf 91' lang='lat' dir='ltr'><strong>quo.</strong></span> <span class='ocrx_word' id='word_1_299' title='bbox 1087 2073 1106 2106; x_wconf 84' lang='grc'>›</span> <span class='ocrx_word' id='word_1_300' title='bbox 1146 2052 1298 2109; x_wconf 82' lang='lat' dir='ltr'><strong>Orth.</strong></span> <span class='ocrx_word' id='word_1_301' title='bbox 1336 2053 1479 2124; x_wconf 82' lang='lat' dir='ltr'><strong>Lege</strong></span> <span class='ocrx_word' id='word_1_302' title='bbox 1509 2054 1677 2109; x_wconf 73' lang='lat' dir='ltr'><strong>verba</strong></span> <span class='ocrx_word' id='word_1_303' title='bbox 1716 2053 1869 2125; x_wconf 89' lang='lat' dir='ltr'><strong>ipsa,</strong></span> <span class='ocrx_word' id='word_1_304' title='bbox 1922 2061 1981 2105; x_wconf 91' lang='lat' dir='ltr'><strong>ut</strong></span> 
     </span>
    </p>
   </div>
   <div class='ocr_carea' id='block_1_37' title="bbox 398 2143 1984 2215">
    <p class='ocr_par' dir='ltr' id='par_1_37' title="bbox 398 2143 1984 2215">
     <span class='ocr_line' id='line_1_37' title="bbox 398 2143 1984 2215; baseline -0.002 -16"><span class='ocrx_word' id='word_1_305' title='bbox 398 2143 605 2209; x_wconf 85' lang='lat' dir='ltr'><strong>discas,</strong></span> <span class='ocrx_word' id='word_1_306' title='bbox 637 2151 886 2200; x_wconf 86' lang='lat' dir='ltr'><strong>sanctum</strong></span> <span class='ocrx_word' id='word_1_307' title='bbox 910 2147 1230 2214; x_wconf 87' lang='lat' dir='ltr'><strong>Apostomm</strong></span> <span class='ocrx_word' id='word_1_308' title='bbox 1260 2145 1417 2208; x_wconf 79' lang='lat' dir='ltr'><strong>illud,</strong></span> <span class='ocrx_word' id='word_1_309' title='bbox 1453 2160 1470 2195; x_wconf 71' lang='grc' dir='ltr'>ί</span> <span class='ocrx_word' id='word_1_310' title='bbox 1495 2159 1561 2199; x_wconf 75' lang='lat' dir='ltr'><strong>ex</strong></span> <span class='ocrx_word' id='word_1_311' title='bbox 1580 2145 1699 2215; x_wconf 91' lang='lat' dir='ltr'><strong>ipso</strong></span> <span class='ocrx_word' id='word_1_312' title='bbox 1723 2163 1739 2196; x_wconf 74' lang='grc' dir='ltr'><strong>ι</strong></span> <span class='ocrx_word' id='word_1_313' title='bbox 1761 2154 1817 2200; x_wconf 90' lang='lat' dir='ltr'><strong>et</strong></span> <span class='ocrx_word' id='word_1_314' title='bbox 1838 2162 1856 2195; x_wconf 80' lang='grc' dir='ltr'><strong>ι</strong></span> <span class='ocrx_word' id='word_1_315' title='bbox 1888 2157 1984 2213; x_wconf 88' lang='lat' dir='ltr'><strong>per</strong></span> 
     </span>
    </p>
   </div>
   <div class='ocr_carea' id='block_1_38' title="bbox 400 2234 1982 2308">
    <p class='ocr_par' dir='ltr' id='par_1_38' title="bbox 400 2234 1982 2308">
     <span class='ocr_line' id='line_1_38' title="bbox 400 2234 1982 2308; baseline 0 -19"><span class='ocrx_word' id='word_1_316' title='bbox 400 2236 600 2308; x_wconf 86' lang='lat' dir='ltr'><strong>ipsum,</strong></span> <span class='ocrx_word' id='word_1_317' title='bbox 629 2257 648 2288; x_wconf 72' lang='grc' dir='ltr'><strong>ι</strong></span> <span class='ocrx_word' id='word_1_318' title='bbox 686 2246 738 2290; x_wconf 88' lang='lat' dir='ltr'><strong>et</strong></span> <span class='ocrx_word' id='word_1_319' title='bbox 760 2256 778 2286; x_wconf 77' lang='grc' dir='ltr'><strong>ι</strong></span> <span class='ocrx_word' id='word_1_320' title='bbox 805 2236 857 2290; x_wconf 90' lang='lat' dir='ltr'><strong>in</strong></span> <span class='ocrx_word' id='word_1_321' title='bbox 888 2237 1063 2306; x_wconf 88' lang='lat' dir='ltr'><strong>ipsum</strong></span> <span class='ocrx_word' id='word_1_322' title='bbox 1093 2245 1221 2291; x_wconf 90' lang='lat' dir='ltr'><strong>sunt</strong></span> <span class='ocrx_word' id='word_1_323' title='bbox 1241 2238 1442 2301; x_wconf 89' lang='lat' dir='ltr'><strong>omnia,</strong></span> <span class='ocrx_word' id='word_1_324' title='bbox 1481 2256 1500 2288; x_wconf 73' lang='grc' dir='ltr'><strong>ι</strong></span> <span class='ocrx_word' id='word_1_325' title='bbox 1539 2247 1652 2291; x_wconf 90' lang='lat' dir='ltr'><strong>tum</strong></span> <span class='ocrx_word' id='word_1_326' title='bbox 1692 2237 1759 2291; x_wconf 90' lang='lat' dir='ltr'><strong>de</strong></span> <span class='ocrx_word' id='word_1_327' title='bbox 1799 2234 1982 2303; x_wconf 83' lang='lat' dir='ltr'><strong>Patre,</strong></span> 
     </span>
    </p>
   </div>
   <div class='ocr_carea' id='block_1_39' title="bbox 404 2322 1979 2380">
    <p class='ocr_par' dir='ltr' id='par_1_39' title="bbox 404 2322 1979 2380">
     <span class='ocr_line' id='line_1_39' title="bbox 404 2322 1979 2380; baseline 0.002 -4"><span class='ocrx_word' id='word_1_328' title='bbox 404 2331 519 2377; x_wconf 90' lang='lat' dir='ltr'><strong>tum</strong></span> <span class='ocrx_word' id='word_1_329' title='bbox 561 2325 627 2378; x_wconf 91' lang='lat' dir='ltr'><strong>de</strong></span> <span class='ocrx_word' id='word_1_330' title='bbox 670 2322 809 2377; x_wconf 84' lang='lat' dir='ltr'><strong>Filio</strong></span> <span class='ocrx_word' id='word_1_331' title='bbox 854 2323 1081 2379; x_wconf 77' lang='lat' dir='ltr'><strong>dixisse.</strong></span> <span class='ocrx_word' id='word_1_332' title='bbox 1123 2323 1260 2379; x_wconf 84' lang='lat' dir='ltr'><strong>Nam</strong></span> <span class='ocrx_word' id='word_1_333' title='bbox 1290 2325 1337 2380; x_wconf 90' lang='lat' dir='ltr'><strong>si</strong></span> <span class='ocrx_word' id='word_1_334' title='bbox 1367 2325 1574 2380; x_wconf 88' lang='lat' dir='ltr'><strong>dictum</strong></span> <span class='ocrx_word' id='word_1_335' title='bbox 1614 2323 1747 2379; x_wconf 90' lang='lat' dir='ltr'><strong>illud</strong></span> <span class='ocrx_word' id='word_1_336' title='bbox 1777 2325 1833 2379; x_wconf 80' lang='lat' dir='ltr'><strong>in</strong></span> <span class='ocrx_word' id='word_1_337' title='bbox 1870 2342 1979 2379; x_wconf 90' lang='lat' dir='ltr'><strong>una</strong></span> 
     </span>
    </p>
   </div>
   <div class='ocr_carea' id='block_1_40' title="bbox 399 2416 1991 2489">
    <p class='ocr_par' dir='ltr' id='par_1_40' title="bbox 399 2416 1991 2489">
     <span class='ocr_line' id='line_1_40' title="bbox 399 2416 1991 2489; baseline 0.003 -19"><span class='ocrx_word' id='word_1_338' title='bbox 399 2422 613 2471; x_wconf 86' lang='lat' dir='ltr'><strong>tantum</strong></span> <span class='ocrx_word' id='word_1_339' title='bbox 666 2433 898 2487; x_wconf 67' lang='lat' dir='ltr'><strong>persona</strong></span> <span class='ocrx_word' id='word_1_340' title='bbox 942 2419 1126 2473; x_wconf 81' lang='lat' dir='ltr'><strong>valere</strong></span> <span class='ocrx_word' id='word_1_341' title='bbox 1179 2419 1341 2483; x_wconf 75' lang='lat' dir='ltr'><strong>velis,</strong></span> <span class='ocrx_word' id='word_1_342' title='bbox 1396 2419 1764 2489; x_wconf 87' lang='lat' dir='ltr'><strong>comperietur</strong></span> <span class='ocrx_word' id='word_1_343' title='bbox 1811 2416 1991 2474; x_wconf 78' lang='lat' dir='ltr'><strong>Filius‘</strong></span> 
     </span>
    </p>
   </div>
   <div class='ocr_carea' id='block_1_41' title="bbox 401 2508 1981 2582">
    <p class='ocr_par' dir='ltr' id='par_1_41' title="bbox 401 2508 1981 2582">
     <span class='ocr_line' id='line_1_41' title="bbox 401 2508 1981 2582; baseline 0 -19"><span class='ocrx_word' id='word_1_344' title='bbox 401 2509 651 2579; x_wconf 84' lang='lat' dir='ltr'><strong>ignorare</strong></span> <span class='ocrx_word' id='word_1_345' title='bbox 678 2525 798 2579; x_wconf 62' lang='lat' dir='ltr'><strong>qua‘</strong></span> <span class='ocrx_word' id='word_1_346' title='bbox 832 2508 1047 2564; x_wconf 89' lang='lat' dir='ltr'><strong>Patrem</strong></span> <span class='ocrx_word' id='word_1_347' title='bbox 1090 2518 1381 2582; x_wconf 85' lang='lat' dir='ltr'><strong>spectant,</strong></span> <span class='ocrx_word' id='word_1_348' title='bbox 1415 2527 1592 2582; x_wconf 90' lang='lat' dir='ltr'><strong>neque</strong></span> <span class='ocrx_word' id='word_1_349' title='bbox 1622 2511 1981 2566; x_wconf 88' lang='lat' dir='ltr'><strong>consiliorum</strong></span> 
     </span>
    </p>
   </div>
   <div class='ocr_carea' id='block_1_42' title="bbox 402 2599 1979 2674">
    <p class='ocr_par' dir='ltr' id='par_1_42' title="bbox 402 2599 1979 2674">
     <span class='ocr_line' id='line_1_42' title="bbox 402 2599 1979 2674; baseline 0.002 -21"><span class='ocrx_word' id='word_1_350' title='bbox 402 2599 578 2668; x_wconf 88' lang='lat' dir='ltr'><strong>ipsius</strong></span> <span class='ocrx_word' id='word_1_351' title='bbox 620 2617 743 2656; x_wconf 91' lang='lat' dir='ltr'><strong>esse</strong></span> <span class='ocrx_word' id='word_1_352' title='bbox 787 2602 1064 2671; x_wconf 86' lang='lat' dir='ltr'><strong>particeps</strong></span> <span class='ocrx_word' id='word_1_353' title='bbox 1100 2621 1114 2657; x_wconf 93' lang='lat'><strong>:</strong></span> <span class='ocrx_word' id='word_1_354' title='bbox 1150 2604 1234 2658; x_wconf 76' lang='lat' dir='ltr'><strong>vel</strong></span> <span class='ocrx_word' id='word_1_355' title='bbox 1268 2602 1428 2658; x_wconf 82' lang='lat' dir='ltr'><strong>Pater</strong></span> <span class='ocrx_word' id='word_1_356' title='bbox 1460 2604 1716 2674; x_wconf 87' lang='lat' dir='ltr'><strong>ignorare</strong></span> <span class='ocrx_word' id='word_1_357' title='bbox 1753 2618 1875 2673; x_wconf 63' lang='lat' dir='ltr'><strong>quae</strong></span> <span class='ocrx_word' id='word_1_358' title='bbox 1913 2602 1979 2656; x_wconf 90' lang='lat' dir='ltr'><strong>ad</strong></span> 
     </span>
    </p>
   </div>
   <div class='ocr_carea' id='block_1_43' title="bbox 401 2687 1983 2764">
    <p class='ocr_par' dir='ltr' id='par_1_43' title="bbox 401 2687 1983 2764">
     <span class='ocr_line' id='line_1_43' title="bbox 401 2687 1983 2764; baseline 0.001 -20"><span class='ocrx_word' id='word_1_359' title='bbox 401 2687 598 2745; x_wconf 90' lang='lat' dir='ltr'><strong>Filium</strong></span> <span class='ocrx_word' id='word_1_360' title='bbox 647 2694 909 2758; x_wconf 86' lang='lat' dir='ltr'><strong>attinent,</strong></span> <span class='ocrx_word' id='word_1_361' title='bbox 948 2710 1047 2749; x_wconf 88' lang='lat' dir='ltr'><strong>nec</strong></span> <span class='ocrx_word' id='word_1_362' title='bbox 1077 2695 1431 2749; x_wconf 85' lang='lat' dir='ltr'><strong>consiliorum</strong></span> <span class='ocrx_word' id='word_1_363' title='bbox 1482 2694 1600 2763; x_wconf 89' lang='lat' dir='ltr'><strong>ejus</strong></span> <span class='ocrx_word' id='word_1_364' title='bbox 1641 2710 1764 2750; x_wconf 90' lang='lat' dir='ltr'><strong>csse</strong></span> <span class='ocrx_word' id='word_1_365' title='bbox 1812 2694 1983 2764; x_wconf 86' lang='lat' dir='ltr'><strong>parti-</strong></span> 
     </span>
    </p>
   </div>
   <div class='ocr_carea' id='block_1_44' title="bbox 403 2782 1983 2858">
    <p class='ocr_par' dir='ltr' id='par_1_44' title="bbox 403 2782 1983 2858">
     <span class='ocr_line' id='line_1_44' title="bbox 403 2782 1983 2858; baseline 0.001 -22"><span class='ocrx_word' id='word_1_366' title='bbox 403 2797 552 2853; x_wconf 67' lang='lat' dir='ltr'><strong>ceps.</strong></span> <span class='ocrx_word' id='word_1_367' title='bbox 600 2782 809 2839; x_wconf 74' lang='grc' dir='ltr'>Μαι-αι.</span> <span class='ocrx_word' id='word_1_368' title='bbox 863 2785 978 2851; x_wconf 90' lang='lat' dir='ltr'><strong>Dic,</strong></span> <span class='ocrx_word' id='word_1_369' title='bbox 1030 2786 1122 2840; x_wconf 91' lang='lat' dir='ltr'><strong>ubi</strong></span> <span class='ocrx_word' id='word_1_370' title='bbox 1176 2790 1442 2857; x_wconf 87' lang='lat' dir='ltr'><strong>scriptum</strong></span> <span class='ocrx_word' id='word_1_371' title='bbox 1490 2787 1592 2843; x_wconf 87' lang='lat' dir='ltr'><strong>sit:</strong></span> <span class='ocrx_word' id='word_1_372' title='bbox 1628 2785 1867 2858; x_wconf 85' lang='lat' dir='ltr'><strong>Spiritus</strong></span> <span class='ocrx_word' id='word_1_373' title='bbox 1897 2793 1983 2841; x_wconf 88' lang='lat' dir='ltr'><strong>est</strong></span> 
     </span>
    </p>
   </div>
   <div class='ocr_carea' id='block_1_45' title="bbox 403 2875 1981 2949">
    <p class='ocr_par' dir='ltr' id='par_1_45' title="bbox 403 2875 1981 2949">
     <span class='ocr_line' id='line_1_45' title="bbox 403 2875 1981 2949; baseline 0.002 -19"><span class='ocrx_word' id='word_1_374' title='bbox 403 2875 568 2932; x_wconf 91' lang='lat' dir='ltr'><strong>Deus.</strong></span> <span class='ocrx_word' id='word_1_375' title='bbox 603 2875 755 2932; x_wconf 81' lang='lat' dir='ltr'><strong>Orth.</strong></span> <span class='ocrx_word' id='word_1_376' title='bbox 788 2876 947 2934; x_wconf 86' lang='lat' dir='ltr'><strong>Prius</strong></span> <span class='ocrx_word' id='word_1_377' title='bbox 978 2878 1129 2934; x_wconf 83' lang='lat' dir='ltr'><strong>disce</strong></span> <span class='ocrx_word' id='word_1_378' title='bbox 1163 2879 1285 2935; x_wconf 89' lang='lat' dir='ltr'><strong>illas</strong></span> <span class='ocrx_word' id='word_1_379' title='bbox 1330 2879 1650 2949; x_wconf 84' lang='lat' dir='ltr'><strong>hypostases</strong></span> <span class='ocrx_word' id='word_1_380' title='bbox 1693 2877 1981 2933; x_wconf 83' lang='lat' dir='ltr'><strong>manifeste</strong></span> 
     </span>
    </p>
   </div>
   <div class='ocr_carea' id='block_1_46' title="bbox 402 2968 1978 3028">
    <p class='ocr_par' dir='ltr' id='par_1_46' title="bbox 402 2968 1978 3028">
     <span class='ocr_line' id='line_1_46' title="bbox 402 2968 1978 3028; baseline 0.001 -5"><span class='ocrx_word' id='word_1_381' title='bbox 402 2968 657 3026; x_wconf 86' lang='lat' dir='ltr'><strong>docuisse</strong></span> <span class='ocrx_word' id='word_1_382' title='bbox 698 2971 865 3028; x_wconf 87' lang='lat' dir='ltr'><strong>Vetus</strong></span> <span class='ocrx_word' id='word_1_383' title='bbox 898 2973 1061 3027; x_wconf 87' lang='lat' dir='ltr'><strong>etiam</strong></span> <span class='ocrx_word' id='word_1_384' title='bbox 1100 2970 1534 3027; x_wconf 89' lang='lat' dir='ltr'><strong>Testamentum.</strong></span> <span class='ocrx_word' id='word_1_385' title='bbox 1569 2968 1784 3025; x_wconf 78' lang='lat' dir='ltr'><strong>Maced.</strong></span> <span class='ocrx_word' id='word_1_386' title='bbox 1845 2969 1978 3024; x_wconf 88' lang='lat' dir='ltr'><strong>Ubi-</strong></span> 
     </span>
    </p>
   </div>
   <div class='ocr_carea' id='block_1_47' title="bbox 2080 1874 3672 1951">
    <p class='ocr_par' dir='ltr' id='par_1_47' title="bbox 2080 1874 3672 1951">
     <span class='ocr_line' id='line_1_47' title="bbox 2080 1874 3672 1951; baseline -0.002 -18"><span class='ocrx_word' id='word_1_387' title='bbox 2080 1881 2143 1934; x_wconf 87' lang='grc' dir='ltr'>τὸ</span> <span class='ocrx_word' id='word_1_388' title='bbox 2172 1880 2229 1934; x_wconf 79' lang='grc' dir='ltr'>δὲ</span> <span class='ocrx_word' id='word_1_389' title='bbox 2259 1900 2277 1932; x_wconf 86' lang='grc' dir='ltr'><strong>ι</strong></span> <span class='ocrx_word' id='word_1_390' title='bbox 2308 1879 2369 1947; x_wconf 79' lang='grc' dir='ltr'><strong>ἐξ</strong></span> <span class='ocrx_word' id='word_1_391' title='bbox 2391 1874 2453 1936; x_wconf 77' lang='grc' dir='ltr'>οὗ</span> <span class='ocrx_word' id='word_1_392' title='bbox 2492 1900 2510 1932; x_wconf 75' lang='grc' dir='ltr'><strong>ι</strong></span> <span class='ocrx_word' id='word_1_393' title='bbox 2544 1883 2644 1935; x_wconf 85' lang='grc' dir='ltr'><strong>οὐκ</strong></span> <span class='ocrx_word' id='word_1_394' title='bbox 2683 1879 2817 1951; x_wconf 81' lang='grc' dir='ltr'>ἔχει.</span> <span class='ocrx_word' id='word_1_395' title='bbox 2836 1880 2989 1950; x_wconf 84' lang='grc' dir='ltr'>Ὀρθ.</span> <span class='ocrx_word' id='word_1_396' title='bbox 3037 1876 3337 1948; x_wconf 78' lang='grc' dir='ltr'>Ἀνάγνωθι</span> <span class='ocrx_word' id='word_1_397' title='bbox 3367 1877 3431 1930; x_wconf 88' lang='grc' dir='ltr'>τὸ</span> <span class='ocrx_word' id='word_1_398' title='bbox 3478 1878 3672 1951; x_wconf 76' lang='grc' dir='ltr'>ῥητὸν,</span> 
     </span>
    </p>
   </div>
   <div class='ocr_carea' id='block_1_48' title="bbox 2084 1971 3676 2043">
    <p class='ocr_par' dir='ltr' id='par_1_48' title="bbox 2084 1971 3676 2043">
     <span class='ocr_line' id='line_1_48' title="bbox 2084 1971 3676 2043; baseline -0.001 -18"><span class='ocrx_word' id='word_1_399' title='bbox 2084 1972 2170 2025; x_wconf 79' lang='grc' dir='ltr'>ἵνα</span> <span class='ocrx_word' id='word_1_400' title='bbox 2196 1973 2359 2043; x_wconf 78' lang='grc' dir='ltr'>γνῷς,</span> <span class='ocrx_word' id='word_1_401' title='bbox 2392 1975 2476 2027; x_wconf 84' lang='grc' dir='ltr'>ὅτι</span> <span class='ocrx_word' id='word_1_402' title='bbox 2503 1973 2564 2026; x_wconf 89' lang='grc' dir='ltr'>τὸ</span> <span class='ocrx_word' id='word_1_403' title='bbox 2590 1992 2610 2025; x_wconf 85' lang='grc'><strong>‹</strong></span> <span class='ocrx_word' id='word_1_404' title='bbox 2649 1973 2709 2039; x_wconf 80' lang='grc' dir='ltr'>ἐξ</span> <span class='ocrx_word' id='word_1_405' title='bbox 2742 1972 2933 2036; x_wconf 82' lang='grc' dir='ltr'>αὑτοῦ,</span> <span class='ocrx_word' id='word_1_406' title='bbox 2976 1992 2996 2024; x_wconf 76' lang='grc' dir='ltr'><strong>ι</strong></span> <span class='ocrx_word' id='word_1_407' title='bbox 3026 1971 3120 2027; x_wconf 78' lang='grc' dir='ltr'>καὶ</span> <span class='ocrx_word' id='word_1_408' title='bbox 3149 1991 3169 2024; x_wconf 75' lang='grc' dir='ltr'><strong>ι</strong></span> <span class='ocrx_word' id='word_1_409' title='bbox 3198 1971 3265 2025; x_wconf 86' lang='grc' dir='ltr'><strong>δι’</strong></span> <span class='ocrx_word' id='word_1_410' title='bbox 3287 1971 3477 2034; x_wconf 77' lang='grc' dir='ltr'>αύτοῦ,</span> <span class='ocrx_word' id='word_1_411' title='bbox 3523 1990 3544 2022; x_wconf 77' lang='grc' dir='ltr'><strong>ιι</strong></span> <span class='ocrx_word' id='word_1_412' title='bbox 3576 1971 3676 2024; x_wconf 81' lang='grc' dir='ltr'>καὶ</span> 
     </span>
    </p>
   </div>
   <div class='ocr_carea' id='block_1_49' title="bbox 2088 2063 3673 2138">
    <p class='ocr_par' dir='ltr' id='par_1_49' title="bbox 2088 2063 3673 2138">
     <span class='ocr_line' id='line_1_49' title="bbox 2088 2063 3673 2138; baseline 0.002 -24"><span class='ocrx_word' id='word_1_413' title='bbox 2088 2083 2108 2114; x_wconf 82' lang='grc'><strong>«</strong></span> <span class='ocrx_word' id='word_1_414' title='bbox 2149 2066 2228 2128; x_wconf 81' lang='grc' dir='ltr'>εἰς</span> <span class='ocrx_word' id='word_1_415' title='bbox 2253 2066 2415 2119; x_wconf 72' lang='grc' dir='ltr'>αὑτὸν</span> <span class='ocrx_word' id='word_1_416' title='bbox 2436 2065 2505 2119; x_wconf 79' lang='grc' dir='ltr'>τὰ</span> <span class='ocrx_word' id='word_1_417' title='bbox 2534 2067 2732 2133; x_wconf 84' lang='grc' dir='ltr'>πάντα,</span> <span class='ocrx_word' id='word_1_418' title='bbox 2762 2087 2782 2119; x_wconf 72' lang='grc' dir='ltr'><strong>ι</strong></span> <span class='ocrx_word' id='word_1_419' title='bbox 2814 2066 2910 2120; x_wconf 76' lang='grc' dir='ltr'>καὶ</span> <span class='ocrx_word' id='word_1_420' title='bbox 2941 2067 3070 2138; x_wconf 76' lang='grc' dir='ltr'>περὶ</span> <span class='ocrx_word' id='word_1_421' title='bbox 3090 2066 3184 2120; x_wconf 80' lang='grc' dir='ltr'><strong>τοῦ</strong></span> <span class='ocrx_word' id='word_1_422' title='bbox 3215 2065 3429 2137; x_wconf 88' lang='grc' dir='ltr'>Πατρὸς</span> <span class='ocrx_word' id='word_1_423' title='bbox 3449 2065 3550 2118; x_wconf 81' lang='grc' dir='ltr'><strong>καί</strong></span> <span class='ocrx_word' id='word_1_424' title='bbox 3576 2063 3673 2118; x_wconf 74' lang='grc' dir='ltr'>τοῦ</span> 
     </span>
    </p>
   </div>
   <div class='ocr_carea' id='block_1_50' title="bbox 2083 2152 3675 2229">
    <p class='ocr_par' dir='ltr' id='par_1_50' title="bbox 2083 2152 3675 2229">
     <span class='ocr_line' id='line_1_50' title="bbox 2083 2152 3675 2229; baseline -0.001 -19"><span class='ocrx_word' id='word_1_425' title='bbox 2083 2156 2215 2210; x_wconf 85' lang='grc' dir='ltr'><strong>Υἱοῦ</strong></span> <span class='ocrx_word' id='word_1_426' title='bbox 2248 2152 2400 2212; x_wconf 79' lang='grc' dir='ltr'>εἶπεν</span> <span class='ocrx_word' id='word_1_427' title='bbox 2440 2160 2468 2212; x_wconf 89' lang='grc' dir='ltr'>ὁ</span> <span class='ocrx_word' id='word_1_428' title='bbox 2505 2158 2658 2228; x_wconf 81' lang='grc' dir='ltr'>ἆγιος</span> <span class='ocrx_word' id='word_1_429' title='bbox 2713 2158 3054 2222; x_wconf 81' lang='grc' dir='ltr'>Ἀπόστολος.</span> <span class='ocrx_word' id='word_1_430' title='bbox 3098 2157 3225 2211; x_wconf 85' lang='grc' dir='ltr'><strong>Ἐὰν</strong></span> <span class='ocrx_word' id='word_1_431' title='bbox 3264 2155 3373 2229; x_wconf 82' lang='grc' dir='ltr'><strong>γὰρ</strong></span> <span class='ocrx_word' id='word_1_432' title='bbox 3406 2156 3544 2209; x_wconf 77' lang='grc' dir='ltr'>αὐτὸ</span> <span class='ocrx_word' id='word_1_433' title='bbox 3585 2155 3675 2226; x_wconf 76' lang='grc' dir='ltr'><strong>ἐφ’</strong></span> 
     </span>
    </p>
   </div>
   <div class='ocr_carea' id='block_1_51' title="bbox 2084 2247 3677 2324">
    <p class='ocr_par' dir='ltr' id='par_1_51' title="bbox 2084 2247 3677 2324">
     <span class='ocr_line' id='line_1_51' title="bbox 2084 2247 3677 2324; baseline 0 -21"><span class='ocrx_word' id='word_1_434' title='bbox 2084 2250 2205 2314; x_wconf 77' lang='grc' dir='ltr'>ἐνὸς</span> <span class='ocrx_word' id='word_1_435' title='bbox 2236 2249 2526 2320; x_wconf 81' lang='grc' dir='ltr'><strong>προσώπου</strong></span> <span class='ocrx_word' id='word_1_436' title='bbox 2551 2253 2783 2324; x_wconf 78' lang='grc' dir='ltr'>στήσῃς,</span> <span class='ocrx_word' id='word_1_437' title='bbox 2805 2253 2835 2305; x_wconf 86' lang='grc' dir='ltr'>ὁ</span> <span class='ocrx_word' id='word_1_438' title='bbox 2856 2250 2986 2315; x_wconf 83' lang='grc' dir='ltr'>Υἱὸς</span> <span class='ocrx_word' id='word_1_439' title='bbox 3018 2250 3373 2322; x_wconf 80' lang='grc' dir='ltr'>εὑρεθήσεται</span> <span class='ocrx_word' id='word_1_440' title='bbox 3403 2249 3481 2321; x_wconf 79' lang='grc' dir='ltr'>μὴ</span> <span class='ocrx_word' id='word_1_441' title='bbox 3513 2247 3677 2313; x_wconf 74' lang='grc' dir='ltr'>εἰδὼς</span> 
     </span>
    </p>
   </div>
   <div class='ocr_carea' id='block_1_52' title="bbox 2084 2342 3677 2416">
    <p class='ocr_par' dir='ltr' id='par_1_52' title="bbox 2084 2342 3677 2416">
     <span class='ocr_line' id='line_1_52' title="bbox 2084 2342 3677 2416; baseline -0.002 -20"><span class='ocrx_word' id='word_1_442' title='bbox 2084 2342 2155 2396; x_wconf 86' lang='grc' dir='ltr'>τὰ</span> <span class='ocrx_word' id='word_1_443' title='bbox 2184 2342 2280 2396; x_wconf 84' lang='grc' dir='ltr'><strong>τοῦ</strong></span> <span class='ocrx_word' id='word_1_444' title='bbox 2309 2344 2545 2415; x_wconf 85' lang='grc' dir='ltr'>Πατρὸς,</span> <span class='ocrx_word' id='word_1_445' title='bbox 2578 2343 2713 2416; x_wconf 80' lang='grc' dir='ltr'>μηδὲ</span> <span class='ocrx_word' id='word_1_446' title='bbox 2759 2343 3061 2416; x_wconf 77' lang='grc' dir='ltr'>σύμϐουλος</span> <span class='ocrx_word' id='word_1_447' title='bbox 3103 2342 3267 2398; x_wconf 74' lang='grc' dir='ltr'>αὑτοῦ</span> <span class='ocrx_word' id='word_1_448' title='bbox 3303 2342 3401 2408; x_wconf 84' lang='grc' dir='ltr'>ὣν,</span> <span class='ocrx_word' id='word_1_449' title='bbox 3432 2342 3470 2412; x_wconf 81' lang='grc' dir='ltr'><strong>ἦ</strong></span> <span class='ocrx_word' id='word_1_450' title='bbox 3499 2344 3530 2394; x_wconf 85' lang='grc' dir='ltr'>ὁ</span> <span class='ocrx_word' id='word_1_451' title='bbox 3560 2342 3677 2394; x_wconf 86' lang='grc' dir='ltr'>Πα-</span> 
     </span>
    </p>
   </div>
   <div class='ocr_carea' id='block_1_53' title="bbox 2083 2433 3679 2509">
    <p class='ocr_par' dir='ltr' id='par_1_53' title="bbox 2083 2433 3679 2509">
     <span class='ocr_line' id='line_1_53' title="bbox 2083 2433 3679 2509; baseline -0.003 -19"><span class='ocrx_word' id='word_1_452' title='bbox 2083 2436 2188 2506; x_wconf 74' lang='grc' dir='ltr'>τὴρ</span> <span class='ocrx_word' id='word_1_453' title='bbox 2208 2436 2561 2509; x_wconf 84' lang='grc' dir='ltr'>εὑρεθήσεται</span> <span class='ocrx_word' id='word_1_454' title='bbox 2588 2437 2662 2509; x_wconf 81' lang='grc' dir='ltr'>μὴ</span> <span class='ocrx_word' id='word_1_455' title='bbox 2691 2435 2846 2501; x_wconf 76' lang='grc' dir='ltr'>εἰδὼς</span> <span class='ocrx_word' id='word_1_456' title='bbox 2876 2436 2947 2491; x_wconf 80' lang='grc' dir='ltr'>τὰ</span> <span class='ocrx_word' id='word_1_457' title='bbox 2975 2434 3070 2489; x_wconf 78' lang='grc' dir='ltr'>τοῦ</span> <span class='ocrx_word' id='word_1_458' title='bbox 3095 2434 3247 2501; x_wconf 77' lang='grc' dir='ltr'><strong>Υἱοῦ,</strong></span> <span class='ocrx_word' id='word_1_459' title='bbox 3276 2434 3409 2507; x_wconf 84' lang='grc' dir='ltr'>μηδὲ</span> <span class='ocrx_word' id='word_1_460' title='bbox 3438 2433 3679 2503; x_wconf 79' lang='grc' dir='ltr'>σύμῦου-</span> 
     </span>
    </p>
   </div>
   <div class='ocr_carea' id='block_1_54' title="bbox 2085 2523 3677 2597">
    <p class='ocr_par' dir='ltr' id='par_1_54' title="bbox 2085 2523 3677 2597">
     <span class='ocr_line' id='line_1_54' title="bbox 2085 2523 3677 2597; baseline -0.001 -19"><span class='ocrx_word' id='word_1_461' title='bbox 2085 2524 2175 2591; x_wconf 85' lang='grc' dir='ltr'>λος</span> <span class='ocrx_word' id='word_1_462' title='bbox 2199 2525 2363 2581; x_wconf 80' lang='grc' dir='ltr'>αὑτοῦ</span> <span class='ocrx_word' id='word_1_463' title='bbox 2408 2525 2503 2580; x_wconf 81' lang='grc' dir='ltr'>ὢν.</span> <span class='ocrx_word' id='word_1_464' title='bbox 2544 2530 2699 2583; x_wconf 70' lang='lat' dir='ltr'><strong>Max.</strong></span> <span class='ocrx_word' id='word_1_465' title='bbox 2738 2526 2894 2591; x_wconf 80' lang='grc' dir='ltr'>Εἰπὲ,</span> <span class='ocrx_word' id='word_1_466' title='bbox 2922 2526 3025 2581; x_wconf 81' lang='grc' dir='ltr'>ποῦ</span> <span class='ocrx_word' id='word_1_467' title='bbox 3071 2527 3400 2597; x_wconf 79' lang='grc' dir='ltr'>γεγρὰπται,</span> <span class='ocrx_word' id='word_1_468' title='bbox 3439 2523 3579 2588; x_wconf 85' lang='grc' dir='ltr'>Θεὸς</span> <span class='ocrx_word' id='word_1_469' title='bbox 3613 2523 3677 2576; x_wconf 85' lang='grc' dir='ltr'>τὸ</span> 
     </span>
    </p>
   </div>
   <div class='ocr_carea' id='block_1_55' title="bbox 2084 2614 3677 2688">
    <p class='ocr_par' dir='ltr' id='par_1_55' title="bbox 2084 2614 3677 2688">
     <span class='ocr_line' id='line_1_55' title="bbox 2084 2614 3677 2688; baseline -0.003 -17"><span class='ocrx_word' id='word_1_470' title='bbox 2084 2616 2341 2688; x_wconf 78' lang='grc' dir='ltr'>Πνεῦμα;</span> <span class='ocrx_word' id='word_1_471' title='bbox 2386 2618 2534 2687; x_wconf 85' lang='grc' dir='ltr'>Ὀρθ.</span> <span class='ocrx_word' id='word_1_472' title='bbox 2571 2617 2726 2672; x_wconf 81' lang='grc' dir='ltr'><strong>Μὰοε</strong></span> <span class='ocrx_word' id='word_1_473' title='bbox 2760 2616 2997 2688; x_wconf 83' lang='grc' dir='ltr'>πρῶτον,</span> <span class='ocrx_word' id='word_1_474' title='bbox 3028 2617 3110 2671; x_wconf 79' lang='grc' dir='ltr'>ὅτι</span> <span class='ocrx_word' id='word_1_475' title='bbox 3131 2616 3227 2670; x_wconf 76' lang='grc' dir='ltr'>καὶ</span> <span class='ocrx_word' id='word_1_476' title='bbox 3254 2614 3524 2687; x_wconf 82' lang='grc' dir='ltr'>ὴΠαλαιά</span> <span class='ocrx_word' id='word_1_477' title='bbox 3546 2618 3677 2668; x_wconf 84' lang='grc' dir='ltr'>Δια-</span> 
     </span>
    </p>
   </div>
   <div class='ocr_carea' id='block_1_56' title="bbox 2087 2706 3673 2781">
    <p class='ocr_par' dir='ltr' id='par_1_56' title="bbox 2087 2706 3673 2781">
     <span class='ocr_line' id='line_1_56' title="bbox 2087 2706 3673 2781; baseline 0.001 -20"><span class='ocrx_word' id='word_1_478' title='bbox 2087 2708 2230 2778; x_wconf 82' lang='grc' dir='ltr'>θήκη</span> <span class='ocrx_word' id='word_1_479' title='bbox 2264 2709 2362 2773; x_wconf 86' lang='grc' dir='ltr'>τὰς</span> <span class='ocrx_word' id='word_1_480' title='bbox 2393 2712 2543 2781; x_wconf 82' lang='grc' dir='ltr'>τρεῖς</span> <span class='ocrx_word' id='word_1_481' title='bbox 2574 2709 2900 2773; x_wconf 83' lang='grc' dir='ltr'><strong>ὑποστάσεις</strong></span> <span class='ocrx_word' id='word_1_482' title='bbox 2940 2707 3188 2780; x_wconf 82' lang='grc' dir='ltr'>φανερῶς</span> <span class='ocrx_word' id='word_1_483' title='bbox 3224 2706 3451 2774; x_wconf 77' lang='grc' dir='ltr'>ἐδίδαξε.</span> <span class='ocrx_word' id='word_1_484' title='bbox 3510 2710 3673 2762; x_wconf 71' lang='lat' dir='ltr'><strong>Max.</strong></span> 
     </span>
    </p>
   </div>
   <div class='ocr_carea' id='block_1_57' title="bbox 2088 2799 3674 2874">
    <p class='ocr_par' dir='ltr' id='par_1_57' title="bbox 2088 2799 3674 2874">
     <span class='ocr_line' id='line_1_57' title="bbox 2088 2799 3674 2874; baseline -0.001 -22"><span class='ocrx_word' id='word_1_485' title='bbox 2088 2799 2242 2863; x_wconf 78' lang='grc' dir='ltr'>Εἰπὲ,</span> <span class='ocrx_word' id='word_1_486' title='bbox 2266 2800 2368 2852; x_wconf 77' lang='grc' dir='ltr'><strong>ποῦ</strong></span> <span class='ocrx_word' id='word_1_487' title='bbox 2389 2801 2735 2874; x_wconf 84' lang='grc' dir='ltr'>γέγραπται;</span> <span class='ocrx_word' id='word_1_488' title='bbox 2769 2804 2925 2869; x_wconf 84' lang='grc' dir='ltr'>Ὀρθ.</span> <span class='ocrx_word' id='word_1_489' title='bbox 2964 2801 3052 2855; x_wconf 90' lang='grc' dir='ltr'>Ἐν</span> <span class='ocrx_word' id='word_1_490' title='bbox 3075 2804 3142 2873; x_wconf 84' lang='grc' dir='ltr'>τῇ</span> <span class='ocrx_word' id='word_1_491' title='bbox 3167 2800 3401 2855; x_wconf 80' lang='grc' dir='ltr'>Γενέσει·</span> <span class='ocrx_word' id='word_1_492' title='bbox 3434 2818 3455 2852; x_wconf 81' lang='grc' dir='ltr'><strong>ι</strong></span> <span class='ocrx_word' id='word_1_493' title='bbox 3493 2799 3674 2870; x_wconf 62' lang='grc' dir='ltr'>Ὠφθη</span> 
     </span>
    </p>
   </div>
   <div class='ocr_carea' id='block_1_58' title="bbox 2086 2890 3679 2967">
    <p class='ocr_par' dir='ltr' id='par_1_58' title="bbox 2086 2890 3679 2967">
     <span class='ocr_line' id='line_1_58' title="bbox 2086 2890 3679 2967; baseline 0.001 -23"><span class='ocrx_word' id='word_1_494' title='bbox 2086 2891 2115 2944; x_wconf 84' lang='grc' dir='ltr'>ὁ</span> <span class='ocrx_word' id='word_1_495' title='bbox 2141 2890 2269 2955; x_wconf 83' lang='grc' dir='ltr'>Θεὸς</span> <span class='ocrx_word' id='word_1_496' title='bbox 2298 2892 2397 2967; x_wconf 23' lang='grc' dir='ltr'><strong>τῷ,</strong></span> <span class='ocrx_word' id='word_1_497' title='bbox 2416 2893 2666 2964; x_wconf 78' lang='grc' dir='ltr'>Ἀϐραὰμ</span> <span class='ocrx_word' id='word_1_498' title='bbox 2697 2892 2992 2965; x_wconf 79' lang='grc' dir='ltr'><strong>καθημένῳ</strong></span> <span class='ocrx_word' id='word_1_499' title='bbox 3014 2893 3150 2967; x_wconf 82' lang='grc' dir='ltr'>πρὸς</span> <span class='ocrx_word' id='word_1_500' title='bbox 3176 2896 3242 2965; x_wconf 82' lang='grc' dir='ltr'><strong>τῇ</strong></span> <span class='ocrx_word' id='word_1_501' title='bbox 3270 2890 3392 2965; x_wconf 73' lang='grc' dir='ltr'>δρυῒ</span> <span class='ocrx_word' id='word_1_502' title='bbox 3420 2895 3491 2964; x_wconf 80' lang='grc' dir='ltr'><strong>τῇ</strong></span> <span class='ocrx_word' id='word_1_503' title='bbox 3516 2894 3679 2962; x_wconf 78' lang='grc' dir='ltr'>Μαμ-</span> 
     </span>
    </p>
   </div>
   <div class='ocr_carea' id='block_1_59' title="bbox 2088 2983 3673 3058">
    <p class='ocr_par' dir='ltr' id='par_1_59' title="bbox 2088 2983 3673 3058">
     <span class='ocr_line' id='line_1_59' title="bbox 2088 2983 3673 3058; baseline -0.013 -1"><span class='ocrx_word' id='word_1_504' title='bbox 2088 2983 2192 3055; x_wconf 66' lang='grc' dir='ltr'><strong>ερῇ</strong></span> <span class='ocrx_word' id='word_1_505' title='bbox 2215 3003 2229 3015; x_wconf 89' lang='grc'><em>’</em></span> <span class='ocrx_word' id='word_1_506' title='bbox 2256 2986 2350 3038; x_wconf 59' lang='grc' dir='ltr'>καὶ</span> <span class='ocrx_word' id='word_1_507' title='bbox 2386 2984 2493 3039; x_wconf 62' lang='grc' dir='ltr'>ἰδοὺ</span> <span class='ocrx_word' id='word_1_508' title='bbox 2517 2988 2669 3057; x_wconf 85' lang='grc' dir='ltr'>τρεῖς</span> <span class='ocrx_word' id='word_1_509' title='bbox 2697 2986 2891 3058; x_wconf 82' lang='grc' dir='ltr'>ἄνδρες</span> <span class='ocrx_word' id='word_1_510' title='bbox 2921 2986 3157 3058; x_wconf 79' lang='grc' dir='ltr'>ἔστησαν</span> <span class='ocrx_word' id='word_1_511' title='bbox 3188 2986 3376 3039; x_wconf 77' lang='grc' dir='ltr'>ἐπάνω</span> <span class='ocrx_word' id='word_1_512' title='bbox 3407 2984 3603 3037; x_wconf 75' lang='grc' dir='ltr'>αὐτοῦ.</span> <span class='ocrx_word' id='word_1_513' title='bbox 3651 3003 3673 3036; x_wconf 73' lang='grc' dir='ltr'><strong>ι</strong></span> 
     </span>
    </p>
   </div>
   <div class='ocr_carea' id='block_1_60' title="bbox 404 3059 1977 3152">
    <p class='ocr_par' dir='ltr' id='par_1_60' title="bbox 404 3059 1977 3133">
     <span class='ocr_line' id='line_1_60' title="bbox 404 3059 1977 3133; baseline -0.001 -19"><span class='ocrx_word' id='word_1_514' title='bbox 404 3076 530 3114; x_wconf 85' lang='lat' dir='ltr'><strong>nam</strong></span> <span class='ocrx_word' id='word_1_515' title='bbox 561 3063 613 3116; x_wconf 90' lang='lat' dir='ltr'><strong>id</strong></span> <span class='ocrx_word' id='word_1_516' title='bbox 646 3063 908 3133; x_wconf 86' lang='lat' dir='ltr'><strong>scriptum</strong></span> <span class='ocrx_word' id='word_1_517' title='bbox 941 3063 1064 3116; x_wconf 79' lang='lat' dir='ltr'><strong>est?</strong></span> <span class='ocrx_word' id='word_1_518' title='bbox 1097 3060 1250 3116; x_wconf 82' lang='lat' dir='ltr'><strong>Ortlt.</strong></span> <span class='ocrx_word' id='word_1_519' title='bbox 1296 3062 1355 3115; x_wconf 88' lang='lat' dir='ltr'><strong>In</strong></span> <span class='ocrx_word' id='word_1_520' title='bbox 1384 3059 1620 3116; x_wconf 82' lang='lat' dir='ltr'><strong>Genesi:</strong></span> <span class='ocrx_word' id='word_1_521' title='bbox 1652 3078 1670 3112; x_wconf 79' lang='grc' dir='ltr'><strong>ι</strong></span> <span class='ocrx_word' id='word_1_522' title='bbox 1709 3059 1977 3131; x_wconf 81' lang='lat' dir='ltr'><strong>Apparuit</strong></span> 
     </span>
    </p>
   </div>
   <div class='ocr_carea' id='block_1_61' title="bbox 2088 3059 3678 3152">
    <p class='ocr_par' dir='ltr' id='par_1_61' title="bbox 2088 3074 3678 3152">
     <span class='ocr_line' id='line_1_61' title="bbox 2088 3074 3678 3152; baseline -0.002 -23"><span class='ocrx_word' id='word_1_523' title='bbox 2088 3077 2237 3130; x_wconf 73' lang='lat' dir='ltr'><strong>Max.</strong></span> <span class='ocrx_word' id='word_1_524' title='bbox 2261 3077 2371 3130; x_wconf 76' lang='grc' dir='ltr'><strong>Καὶ</strong></span> <span class='ocrx_word' id='word_1_525' title='bbox 2385 3079 2510 3142; x_wconf 76' lang='grc' dir='ltr'>τοὺς</span> <span class='ocrx_word' id='word_1_526' title='bbox 2536 3081 2684 3152; x_wconf 83' lang='grc' dir='ltr'>τρεῖς</span> <span class='ocrx_word' id='word_1_527' title='bbox 2709 3078 2907 3149; x_wconf 86' lang='grc' dir='ltr'>ἄνδρας</span> <span class='ocrx_word' id='word_1_528' title='bbox 2929 3078 3108 3148; x_wconf 77' lang='grc' dir='ltr'>λέγεις</span> <span class='ocrx_word' id='word_1_529' title='bbox 3140 3078 3378 3149; x_wconf 77' lang='grc' dir='ltr'>Πατέρα,</span> <span class='ocrx_word' id='word_1_530' title='bbox 3406 3076 3505 3129; x_wconf 67' lang='grc' dir='ltr'>καὶ</span> <span class='ocrx_word' id='word_1_531' title='bbox 3526 3074 3678 3139; x_wconf 81' lang='grc' dir='ltr'>Υἱὸν,</span> 
     </span>
    </p>
   </div>
   <div class='ocr_carea' id='block_1_62' title="bbox 405 3142 1977 3242">
    <p class='ocr_par' dir='ltr' id='par_1_62' title="bbox 405 3149 1977 3224">
     <span class='ocr_line' id='line_1_62' title="bbox 405 3149 1977 3224; baseline 0.001 -19"><span class='ocrx_word' id='word_1_532' title='bbox 405 3149 553 3209; x_wconf 81' lang='lat' dir='ltr'><strong>Deus</strong></span> <span class='ocrx_word' id='word_1_533' title='bbox 590 3154 867 3208; x_wconf 89' lang='lat' dir='ltr'><strong>Abraham</strong></span> <span class='ocrx_word' id='word_1_534' title='bbox 914 3154 1126 3209; x_wconf 84' lang='lat' dir='ltr'><strong>sedenti</strong></span> <span class='ocrx_word' id='word_1_535' title='bbox 1157 3153 1298 3224; x_wconf 89' lang='lat' dir='ltr'><strong>apud</strong></span> <span class='ocrx_word' id='word_1_536' title='bbox 1327 3169 1591 3223; x_wconf 87' lang='lat' dir='ltr'><strong>quercum</strong></span> <span class='ocrx_word' id='word_1_537' title='bbox 1627 3152 1888 3219; x_wconf 81' lang='lat' dir='ltr'><strong>Mambre,</strong></span> <span class='ocrx_word' id='word_1_538' title='bbox 1923 3160 1977 3208; x_wconf 88' lang='lat' dir='ltr'><strong>et</strong></span> 
     </span>
    </p>
   </div>
   <div class='ocr_carea' id='block_1_63' title="bbox 2088 3142 3679 3242">
    <p class='ocr_par' dir='ltr' id='par_1_63' title="bbox 2088 3142 3679 3242">
     <span class='ocr_line' id='line_1_63' title="bbox 2088 3142 3679 3242; baseline 0 -22"><span class='ocrx_word' id='word_1_539' title='bbox 2088 3168 2181 3221; x_wconf 77' lang='grc' dir='ltr'>καὶ</span> <span class='ocrx_word' id='word_1_540' title='bbox 2218 3167 2372 3238; x_wconf 83' lang='grc' dir='ltr'>ἆγιον</span> <span class='ocrx_word' id='word_1_541' title='bbox 2405 3142 2630 3242; x_wconf 74' lang='grc' dir='ltr'>Πνεῦμα</span> <span class='ocrx_word' id='word_1_542' title='bbox 2650 3142 2673 3235; x_wconf 13' lang='grc' dir='ltr'>ςν</span> <span class='ocrx_word' id='word_1_543' title='bbox 2713 3142 2859 3238; x_wconf 59' lang='grc' dir='ltr'>Ὀρὸ.</span> <span class='ocrx_word' id='word_1_544' title='bbox 2902 3142 3015 3241; x_wconf 64' lang='grc' dir='ltr'><strong>Μὴ⁷</strong></span> <span class='ocrx_word' id='word_1_545' title='bbox 3040 3142 3330 3241; x_wconf 72' lang='grc' dir='ltr'>ταράττού,</span> <span class='ocrx_word' id='word_1_546' title='bbox 3359 3166 3499 3220; x_wconf 82' lang='grc' dir='ltr'>ἀλλὰ</span> <span class='ocrx_word' id='word_1_547' title='bbox 3539 3167 3679 3238; x_wconf 65' lang='grc' dir='ltr'>μετὰ</span> 
     </span>
    </p>
   </div>
   <div class='ocr_carea' id='block_1_64' title="bbox 405 3244 1972 3317">
    <p class='ocr_par' dir='ltr' id='par_1_64' title="bbox 405 3244 1972 3317">
     <span class='ocr_line' id='line_1_64' title="bbox 405 3244 1972 3317; baseline -0.001 -16"><span class='ocrx_word' id='word_1_548' title='bbox 405 3260 536 3301; x_wconf 86' lang='lat' dir='ltr'><strong>ecce</strong></span> <span class='ocrx_word' id='word_1_549' title='bbox 568 3254 680 3302; x_wconf 88' lang='lat' dir='ltr'><strong>tres</strong></span> <span class='ocrx_word' id='word_1_550' title='bbox 728 3247 831 3302; x_wconf 77' lang='lat' dir='ltr'><strong>viri</strong></span> <span class='ocrx_word' id='word_1_551' title='bbox 868 3256 1139 3302; x_wconf 84' lang='lat' dir='ltr'><strong>steterunt</strong></span> <span class='ocrx_word' id='word_1_552' title='bbox 1187 3262 1352 3317; x_wconf 82' lang='lat' dir='ltr'><strong>super</strong></span> <span class='ocrx_word' id='word_1_553' title='bbox 1389 3261 1514 3301; x_wconf 90' lang='lat' dir='ltr'><strong>eum</strong></span> <span class='ocrx_word' id='word_1_554' title='bbox 1562 3248 1628 3299; x_wconf 78' lang='lat'><strong>“.</strong></span> <span class='ocrx_word' id='word_1_555' title='bbox 1689 3266 1708 3298; x_wconf 72' lang='grc' dir='ltr'><strong>ι</strong></span> <span class='ocrx_word' id='word_1_556' title='bbox 1764 3244 1972 3300; x_wconf 82' lang='lat' dir='ltr'><strong>Maced.</strong></span> 
     </span>
    </p>
   </div>
   <div class='ocr_carea' id='block_1_65' title="bbox 2092 3260 3684 3334">
    <p class='ocr_par' dir='ltr' id='par_1_65' title="bbox 2092 3260 3684 3334">
     <span class='ocr_line' id='line_1_65' title="bbox 2092 3260 3684 3334; baseline 0 -20"><span class='ocrx_word' id='word_1_557' title='bbox 2092 3260 2258 3330; x_wconf 68' lang='grc' dir='ltr'>φόϐου</span> <span class='ocrx_word' id='word_1_558' title='bbox 2316 3262 2452 3316; x_wconf 88' lang='grc' dir='ltr'>Θεοῦ</span> <span class='ocrx_word' id='word_1_559' title='bbox 2502 3262 2847 3334; x_wconf 83' lang='grc' dir='ltr'>ἀναγνῶμεν.</span> <span class='ocrx_word' id='word_1_560' title='bbox 2904 3263 3066 3332; x_wconf 74' lang='grc' dir='ltr'>Λέγει</span> <span class='ocrx_word' id='word_1_561' title='bbox 3116 3263 3174 3316; x_wconf 82' lang='grc' dir='ltr'>δὲ</span> <span class='ocrx_word' id='word_1_562' title='bbox 3225 3263 3260 3333; x_wconf 87' lang='grc' dir='ltr'>ὴ</span> <span class='ocrx_word' id='word_1_563' title='bbox 3315 3260 3541 3328; x_wconf 66' lang='grc' dir='ltr'>Γραφὴ,</span> <span class='ocrx_word' id='word_1_564' title='bbox 3593 3260 3684 3314; x_wconf 74' lang='grc' dir='ltr'>ὅτι</span> 
     </span>
    </p>
   </div>
   <div class='ocr_carea' id='block_1_66' title="bbox 409 3330 1977 3428">
    <p class='ocr_par' dir='ltr' id='par_1_66' title="bbox 409 3330 1977 3404">
     <span class='ocr_line' id='line_1_66' title="bbox 409 3330 1977 3404; baseline 0.001 -16"><span class='ocrx_word' id='word_1_565' title='bbox 409 3330 551 3390; x_wconf 88' lang='lat' dir='ltr'><strong>Tres</strong></span> <span class='ocrx_word' id='word_1_566' title='bbox 578 3336 743 3404; x_wconf 80' lang='lat' dir='ltr'><strong>igitur</strong></span> <span class='ocrx_word' id='word_1_567' title='bbox 767 3336 890 3390; x_wconf 90' lang='lat' dir='ltr'><strong>illos</strong></span> <span class='ocrx_word' id='word_1_568' title='bbox 913 3337 1063 3391; x_wconf 83' lang='lat' dir='ltr'><strong>viros</strong></span> <span class='ocrx_word' id='word_1_569' title='bbox 1086 3336 1227 3391; x_wconf 92' lang='lat' dir='ltr'><strong>dicis</strong></span> <span class='ocrx_word' id='word_1_570' title='bbox 1257 3352 1381 3391; x_wconf 90' lang='lat' dir='ltr'><strong>esse</strong></span> <span class='ocrx_word' id='word_1_571' title='bbox 1412 3335 1649 3401; x_wconf 87' lang='lat' dir='ltr'><strong>Patrem,</strong></span> <span class='ocrx_word' id='word_1_572' title='bbox 1677 3335 1901 3398; x_wconf 88' lang='lat' dir='ltr'><strong>Filittm,</strong></span> <span class='ocrx_word' id='word_1_573' title='bbox 1930 3342 1977 3390; x_wconf 90' lang='lat' dir='ltr'><strong>et</strong></span> 
     </span>
    </p>
   </div>
   <div class='ocr_carea' id='block_1_67' title="bbox 2088 3330 3680 3428">
    <p class='ocr_par' dir='ltr' id='par_1_67' title="bbox 2097 3330 3680 3428">
     <span class='ocr_line' id='line_1_67' title="bbox 2097 3330 3680 3428; baseline 0 -24"><span class='ocrx_word' id='word_1_574' title='bbox 2097 3372 2116 3404; x_wconf 79' lang='grc' dir='ltr'>ι</span> <span class='ocrx_word' id='word_1_575' title='bbox 2150 3354 2328 3424; x_wconf 79' lang='grc' dir='ltr'>Ὠφθη</span> <span class='ocrx_word' id='word_1_576' title='bbox 2354 3357 2382 3408; x_wconf 85' lang='grc' dir='ltr'>ὁ</span> <span class='ocrx_word' id='word_1_577' title='bbox 2411 3355 2543 3419; x_wconf 82' lang='grc' dir='ltr'>Θεὸς</span> <span class='ocrx_word' id='word_1_578' title='bbox 2582 3330 2662 3426; x_wconf 73' lang='grc' dir='ltr'><strong>τῷ</strong></span> <span class='ocrx_word' id='word_1_579' title='bbox 2707 3330 3107 3428; x_wconf 39' lang='lat' dir='ltr'><strong>impasti,an</strong></span> <span class='ocrx_word' id='word_1_580' title='bbox 3145 3330 3259 3408; x_wconf 63' lang='lat' dir='ltr'><strong>moi;</strong></span> <span class='ocrx_word' id='word_1_581' title='bbox 3294 3353 3491 3425; x_wconf 80' lang='grc' dir='ltr'>ἄνδρες</span> <span class='ocrx_word' id='word_1_582' title='bbox 3525 3355 3680 3422; x_wconf 82' lang='grc' dir='ltr'>τρεῖς</span> 
     </span>
    </p>
   </div>
   <div class='ocr_carea' id='block_1_68' title="bbox 409 3406 1977 3518">
    <p class='ocr_par' dir='ltr' id='par_1_68' title="bbox 409 3426 1977 3515">
     <span class='ocr_line' id='line_1_68' title="bbox 409 3426 1977 3515; baseline 0.002 -36"><span class='ocrx_word' id='word_1_583' title='bbox 409 3426 672 3496; x_wconf 74' lang='lat' dir='ltr'><strong>Spiritum</strong></span> <span class='ocrx_word' id='word_1_584' title='bbox 705 3429 991 3484; x_wconf 86' lang='lat' dir='ltr'><strong>sanctum?</strong></span> <span class='ocrx_word' id='word_1_585' title='bbox 1035 3428 1193 3488; x_wconf 88' lang='lat' dir='ltr'><strong>Orth.</strong></span> <span class='ocrx_word' id='word_1_586' title='bbox 1230 3428 1309 3484; x_wconf 83' lang='lat' dir='ltr'><strong>Ne</strong></span> <span class='ocrx_word' id='word_1_587' title='bbox 1354 3430 1697 3500; x_wconf 89' lang='lat' dir='ltr'><strong>perturbare,</strong></span> <span class='ocrx_word' id='word_1_588' title='bbox 1744 3429 1841 3515; x_wconf 83' lang='lat' dir='ltr'><strong>sed</strong></span> <span class='ocrx_word' id='word_1_589' title='bbox 1881 3430 1977 3485; x_wconf 89' lang='lat' dir='ltr'><strong>ista</strong></span> 
     </span>
    </p>
   </div>
   <div class='ocr_carea' id='block_1_69' title="bbox 2088 3406 3676 3518">
    <p class='ocr_par' dir='ltr' id='par_1_69' title="bbox 2092 3406 3676 3518">
     <span class='ocr_line' id='line_1_69' title="bbox 2092 3406 3676 3518; baseline 0 -20"><span class='ocrx_word' id='word_1_590' title='bbox 2092 3406 2328 3517; x_wconf 60' lang='grc' dir='ltr'><strong>εστηὲαᾴ</strong></span> <span class='ocrx_word' id='word_1_591' title='bbox 2355 3406 2539 3500; x_wconf 60' lang='grc' dir='ltr'><strong>ἐπάνῷ</strong></span> <span class='ocrx_word' id='word_1_592' title='bbox 2556 3406 3268 3518; x_wconf 52' lang='grc' dir='ltr'><strong>αιέοῡξξόέὲὲρὲέςὲνέρες</strong></span> <span class='ocrx_word' id='word_1_593' title='bbox 3298 3406 3441 3516; x_wconf 66' lang='grc' dir='ltr'>ἦσαν</span> <span class='ocrx_word' id='word_1_594' title='bbox 3465 3406 3496 3498; x_wconf 67' lang='grc' dir='ltr'><strong>ἑ</strong></span> <span class='ocrx_word' id='word_1_595' title='bbox 3521 3406 3676 3504; x_wconf 66' lang='grc' dir='ltr'><strong>θὲάςζ</strong></span> 
     </span>
    </p>
   </div>
   <div class='ocr_carea' id='block_1_70' title="bbox 406 3519 1977 3609">
    <p class='ocr_par' dir='ltr' id='par_1_70' title="bbox 406 3519 1977 3593">
     <span class='ocr_line' id='line_1_70' title="bbox 406 3519 1977 3593; baseline 0 -17"><span class='ocrx_word' id='word_1_596' title='bbox 406 3533 533 3576; x_wconf 86' lang='lat' dir='ltr'><strong>cum</strong></span> <span class='ocrx_word' id='word_1_597' title='bbox 578 3519 671 3575; x_wconf 87' lang='lat' dir='ltr'><strong>Dei</strong></span> <span class='ocrx_word' id='word_1_598' title='bbox 706 3522 907 3578; x_wconf 89' lang='lat' dir='ltr'><strong>timore</strong></span> <span class='ocrx_word' id='word_1_599' title='bbox 946 3523 1213 3593; x_wconf 78' lang='lat' dir='ltr'><strong>legamus.</strong></span> <span class='ocrx_word' id='word_1_600' title='bbox 1261 3522 1404 3578; x_wconf 86' lang='lat' dir='ltr'><strong>Dicit</strong></span> <span class='ocrx_word' id='word_1_601' title='bbox 1442 3522 1724 3593; x_wconf 80' lang='lat' dir='ltr'><strong>Scriptura</strong></span> <span class='ocrx_word' id='word_1_602' title='bbox 1762 3539 1778 3577; x_wconf 92' lang='lat'><strong>:</strong></span> <span class='ocrx_word' id='word_1_603' title='bbox 1816 3541 1835 3574; x_wconf 83' lang='grc' dir='ltr'><strong>ι</strong></span> <span class='ocrx_word' id='word_1_604' title='bbox 1871 3523 1977 3593; x_wconf 87' lang='lat' dir='ltr'><strong>Ap-</strong></span> 
     </span>
    </p>
   </div>
   <div class='ocr_carea' id='block_1_71' title="bbox 2088 3519 3685 3609">
    <p class='ocr_par' dir='ltr' id='par_1_71' title="bbox 2090 3533 3685 3609">
     <span class='ocr_line' id='line_1_71' title="bbox 2090 3533 3685 3609; baseline -0.003 -18"><span class='ocrx_word' id='word_1_605' title='bbox 2090 3539 2242 3591; x_wconf 74' lang='lat' dir='ltr'><strong>Max.</strong></span> <span class='ocrx_word' id='word_1_606' title='bbox 2290 3537 2348 3591; x_wconf 94' lang='lat'><strong>&#39;0</strong></span> <span class='ocrx_word' id='word_1_607' title='bbox 2380 3536 2512 3605; x_wconf 84' lang='grc' dir='ltr'>Θεὸς</span> <span class='ocrx_word' id='word_1_608' title='bbox 2543 3534 2612 3609; x_wconf 79' lang='grc' dir='ltr'>ἦν</span> <span class='ocrx_word' id='word_1_609' title='bbox 2639 3535 2739 3602; x_wconf 76' lang='grc' dir='ltr'>εἷς,</span> <span class='ocrx_word' id='word_1_610' title='bbox 2773 3537 2909 3609; x_wconf 82' lang='grc' dir='ltr'>πρὸς</span> <span class='ocrx_word' id='word_1_611' title='bbox 2945 3538 3006 3591; x_wconf 80' lang='grc' dir='ltr'>ὃν</span> <span class='ocrx_word' id='word_1_612' title='bbox 3037 3538 3131 3591; x_wconf 73' lang='grc' dir='ltr'>καὶ</span> <span class='ocrx_word' id='word_1_613' title='bbox 3160 3536 3470 3605; x_wconf 80' lang='grc' dir='ltr'>διαλέγεται</span> <span class='ocrx_word' id='word_1_614' title='bbox 3494 3553 3508 3565; x_wconf 81' lang='grc'><em>’</em></span> <span class='ocrx_word' id='word_1_615' title='bbox 3544 3536 3596 3588; x_wconf 85' lang='grc' dir='ltr'><strong>οἱ</strong></span> <span class='ocrx_word' id='word_1_616' title='bbox 3621 3533 3685 3586; x_wconf 69' lang='grc' dir='ltr'>δὲ</span> 
     </span>
    </p>
   </div>
   <div class='ocr_carea' id='block_1_72' title="bbox 405 3613 1977 3700">
    <p class='ocr_par' dir='ltr' id='par_1_72' title="bbox 405 3613 1977 3684">
     <span class='ocr_line' id='line_1_72' title="bbox 405 3613 1977 3684; baseline 0.002 -18"><span class='ocrx_word' id='word_1_617' title='bbox 405 3614 591 3684; x_wconf 87' lang='lat' dir='ltr'><strong>paruit</strong></span> <span class='ocrx_word' id='word_1_618' title='bbox 627 3613 772 3670; x_wconf 88' lang='lat' dir='ltr'><strong>Deus</strong></span> <span class='ocrx_word' id='word_1_619' title='bbox 810 3615 1107 3680; x_wconf 87' lang='lat' dir='ltr'><strong>Abraham,</strong></span> <span class='ocrx_word' id='word_1_620' title='bbox 1142 3623 1199 3672; x_wconf 87' lang='lat' dir='ltr'><strong>et</strong></span> <span class='ocrx_word' id='word_1_621' title='bbox 1235 3631 1366 3672; x_wconf 85' lang='lat' dir='ltr'><strong>ecce</strong></span> <span class='ocrx_word' id='word_1_622' title='bbox 1410 3625 1524 3672; x_wconf 89' lang='lat' dir='ltr'><strong>tres</strong></span> <span class='ocrx_word' id='word_1_623' title='bbox 1571 3616 1676 3670; x_wconf 68' lang='lat' dir='ltr'><strong>viri</strong></span> <span class='ocrx_word' id='word_1_624' title='bbox 1719 3624 1977 3672; x_wconf 89' lang='lat' dir='ltr'><strong>steterunt</strong></span> 
     </span>
    </p>
   </div>
   <div class='ocr_carea' id='block_1_73' title="bbox 2088 3613 3677 3700">
    <p class='ocr_par' dir='ltr' id='par_1_73' title="bbox 2091 3626 3677 3700">
     <span class='ocr_line' id='line_1_73' title="bbox 2091 3626 3677 3700; baseline 0.003 -16"><span class='ocrx_word' id='word_1_625' title='bbox 2091 3628 2240 3684; x_wconf 81' lang='grc' dir='ltr'>ἄλλοι</span> <span class='ocrx_word' id='word_1_626' title='bbox 2284 3629 2397 3690; x_wconf 87' lang='grc' dir='ltr'>δύο.</span> <span class='ocrx_word' id='word_1_627' title='bbox 2435 3630 2675 3698; x_wconf 81' lang='grc' dir='ltr'>ἄγγελοι.</span> <span class='ocrx_word' id='word_1_628' title='bbox 2726 3632 2879 3698; x_wconf 84' lang='grc' dir='ltr'>Ὀρθ.</span> <span class='ocrx_word' id='word_1_629' title='bbox 2942 3630 3107 3697; x_wconf 72' lang='grc' dir='ltr'>Λέγει</span> <span class='ocrx_word' id='word_1_630' title='bbox 3145 3631 3180 3700; x_wconf 85' lang='grc' dir='ltr'><strong>ἡ</strong></span> <span class='ocrx_word' id='word_1_631' title='bbox 3226 3627 3421 3698; x_wconf 70' lang='grc' dir='ltr'>Γραφὴ</span> <span class='ocrx_word' id='word_1_632' title='bbox 3470 3626 3677 3689; x_wconf 76' lang='grc' dir='ltr'><strong>οὕτως’</strong></span> 
     </span>
    </p>
   </div>
   <div class='ocr_carea' id='block_1_74' title="bbox 410 3706 1977 3792">
    <p class='ocr_par' dir='ltr' id='par_1_74' title="bbox 410 3706 1977 3775">
     <span class='ocr_line' id='line_1_74' title="bbox 410 3706 1977 3775; baseline 0.002 -15"><span class='ocrx_word' id='word_1_633' title='bbox 410 3720 579 3775; x_wconf 80' lang='lat' dir='ltr'><strong>supra</strong></span> <span class='ocrx_word' id='word_1_634' title='bbox 624 3722 771 3763; x_wconf 88' lang='lat' dir='ltr'><strong>eum.</strong></span> <span class='ocrx_word' id='word_1_635' title='bbox 836 3726 857 3759; x_wconf 77' lang='grc' dir='ltr'><strong>ι</strong></span> <span class='ocrx_word' id='word_1_636' title='bbox 904 3707 1042 3763; x_wconf 86' lang='lat' dir='ltr'><strong>Tres</strong></span> <span class='ocrx_word' id='word_1_637' title='bbox 1086 3708 1166 3762; x_wconf 91' lang='lat' dir='ltr'><strong>illi</strong></span> <span class='ocrx_word' id='word_1_638' title='bbox 1215 3708 1318 3762; x_wconf 83' lang='lat' dir='ltr'><strong>viri</strong></span> <span class='ocrx_word' id='word_1_639' title='bbox 1358 3715 1518 3763; x_wconf 83' lang='lat' dir='ltr'><strong>erant</strong></span> <span class='ocrx_word' id='word_1_640' title='bbox 1561 3706 1724 3763; x_wconf 90' lang='lat' dir='ltr'><strong>Deus.</strong></span> <span class='ocrx_word' id='word_1_641' title='bbox 1774 3707 1977 3763; x_wconf 80' lang='lat' dir='ltr'><strong>Maced.</strong></span> 
     </span>
    </p>
   </div>
   <div class='ocr_carea' id='block_1_75' title="bbox 2088 3706 3681 3792">
    <p class='ocr_par' dir='ltr' id='par_1_75' title="bbox 2099 3717 3681 3792">
     <span class='ocr_line' id='line_1_75' title="bbox 2099 3717 3681 3792; baseline 0 -21"><span class='ocrx_word' id='word_1_642' title='bbox 2099 3738 2118 3771; x_wconf 82' lang='grc' dir='ltr'><strong>ι</strong></span> <span class='ocrx_word' id='word_1_643' title='bbox 2163 3719 2337 3791; x_wconf 69' lang='grc' dir='ltr'>Ὠφθη</span> <span class='ocrx_word' id='word_1_644' title='bbox 2365 3719 2423 3773; x_wconf 83' lang='grc' dir='ltr'>δὲ</span> <span class='ocrx_word' id='word_1_645' title='bbox 2450 3720 2599 3792; x_wconf 77' lang='grc' dir='ltr'>αὐτῷ</span> <span class='ocrx_word' id='word_1_646' title='bbox 2624 3721 2756 3785; x_wconf 88' lang='grc' dir='ltr'>Θεὸς</span> <span class='ocrx_word' id='word_1_647' title='bbox 2780 3720 2918 3791; x_wconf 83' lang='grc' dir='ltr'>πρὸς</span> <span class='ocrx_word' id='word_1_648' title='bbox 2936 3722 3001 3791; x_wconf 85' lang='grc' dir='ltr'>τῇ</span> <span class='ocrx_word' id='word_1_649' title='bbox 3020 3717 3141 3789; x_wconf 82' lang='grc' dir='ltr'>δρυῒ</span> <span class='ocrx_word' id='word_1_650' title='bbox 3164 3721 3232 3790; x_wconf 76' lang='grc' dir='ltr'>τῇ</span> <span class='ocrx_word' id='word_1_651' title='bbox 3248 3717 3519 3788; x_wconf 76' lang='grc' dir='ltr'>Μαμὸρῇ,</span> <span class='ocrx_word' id='word_1_652' title='bbox 3543 3717 3681 3771; x_wconf 82' lang='grc' dir='ltr'>καθ-</span> 
     </span>
    </p>
   </div>
   <div class='ocr_carea' id='block_1_76' title="bbox 407 3794 1977 3885">
    <p class='ocr_par' dir='ltr' id='par_1_76' title="bbox 407 3794 1977 3870">
     <span class='ocr_line' id='line_1_76' title="bbox 407 3794 1977 3870; baseline 0.003 -20"><span class='ocrx_word' id='word_1_653' title='bbox 407 3794 554 3853; x_wconf 90' lang='lat' dir='ltr'><strong>Deus</strong></span> <span class='ocrx_word' id='word_1_654' title='bbox 586 3807 704 3853; x_wconf 89' lang='lat' dir='ltr'><strong>erat</strong></span> <span class='ocrx_word' id='word_1_655' title='bbox 732 3817 875 3857; x_wconf 90' lang='lat' dir='ltr'><strong>unus</strong></span> <span class='ocrx_word' id='word_1_656' title='bbox 906 3801 1121 3857; x_wconf 88' lang='lat' dir='ltr'><strong>illorum</strong></span> <span class='ocrx_word' id='word_1_657' title='bbox 1143 3842 1160 3866; x_wconf 89' lang='lat'><strong>,</strong></span> <span class='ocrx_word' id='word_1_658' title='bbox 1193 3802 1240 3858; x_wconf 91' lang='lat' dir='ltr'><strong>is</strong></span> <span class='ocrx_word' id='word_1_659' title='bbox 1271 3801 1530 3856; x_wconf 87' lang='lat' dir='ltr'><strong>nimirum</strong></span> <span class='ocrx_word' id='word_1_660' title='bbox 1564 3816 1724 3870; x_wconf 88' lang='lat' dir='ltr'><strong>quem</strong></span> <span class='ocrx_word' id='word_1_661' title='bbox 1757 3801 1977 3870; x_wconf 91' lang='lat' dir='ltr'><strong>alloqui-</strong></span> 
     </span>
    </p>
   </div>
   <div class='ocr_carea' id='block_1_77' title="bbox 2088 3794 3680 3885">
    <p class='ocr_par' dir='ltr' id='par_1_77' title="bbox 2089 3809 3680 3885">
     <span class='ocr_line' id='line_1_77' title="bbox 2089 3809 3680 3885; baseline -0.003 -18"><span class='ocrx_word' id='word_1_662' title='bbox 2089 3813 2297 3884; x_wconf 81' lang='grc' dir='ltr'>ημένου</span> <span class='ocrx_word' id='word_1_663' title='bbox 2354 3812 2520 3867; x_wconf 82' lang='grc' dir='ltr'>αὐτοῦ</span> <span class='ocrx_word' id='word_1_664' title='bbox 2555 3814 2647 3866; x_wconf 74' lang='grc' dir='ltr'><strong>ἐπὶ</strong></span> <span class='ocrx_word' id='word_1_665' title='bbox 2672 3813 2771 3883; x_wconf 86' lang='grc' dir='ltr'><strong>τῆς</strong></span> <span class='ocrx_word' id='word_1_666' title='bbox 2799 3812 2971 3885; x_wconf 82' lang='grc' dir='ltr'>θύρας</span> <span class='ocrx_word' id='word_1_667' title='bbox 2993 3813 3093 3883; x_wconf 89' lang='grc' dir='ltr'><strong>τῆς</strong></span> <span class='ocrx_word' id='word_1_668' title='bbox 3132 3812 3337 3882; x_wconf 82' lang='grc' dir='ltr'><strong>σκηνῆς</strong></span> <span class='ocrx_word' id='word_1_669' title='bbox 3376 3809 3545 3864; x_wconf 74' lang='grc' dir='ltr'>αὑτοῦ</span> <span class='ocrx_word' id='word_1_670' title='bbox 3581 3827 3680 3879; x_wconf 69' lang='lat' dir='ltr'><strong>p.3-</strong></span> 
     </span>
    </p>
   </div>
   <div class='ocr_carea' id='block_1_78' title="bbox 406 3890 1977 3974">
    <p class='ocr_par' dir='ltr' id='par_1_78' title="bbox 406 3890 1977 3964">
     <span class='ocr_line' id='line_1_78' title="bbox 406 3890 1977 3964; baseline -0.001 -15"><span class='ocrx_word' id='word_1_671' title='bbox 406 3902 537 3957; x_wconf 88' lang='lat' dir='ltr'><strong>tur;</strong></span> <span class='ocrx_word' id='word_1_672' title='bbox 588 3890 681 3945; x_wconf 88' lang='lat' dir='ltr'><strong>alii</strong></span> <span class='ocrx_word' id='word_1_673' title='bbox 726 3908 860 3946; x_wconf 72' lang='lat' dir='ltr'><strong>vero</strong></span> <span class='ocrx_word' id='word_1_674' title='bbox 902 3892 1014 3948; x_wconf 93' lang='lat' dir='ltr'><strong>duo</strong></span> <span class='ocrx_word' id='word_1_675' title='bbox 1052 3902 1209 3948; x_wconf 85' lang='lat' dir='ltr'><strong>erant</strong></span> <span class='ocrx_word' id='word_1_676' title='bbox 1261 3893 1458 3964; x_wconf 91' lang='lat' dir='ltr'><strong>angeli.</strong></span> <span class='ocrx_word' id='word_1_677' title='bbox 1511 3892 1666 3949; x_wconf 84' lang='lat' dir='ltr'><strong>Orth.</strong></span> <span class='ocrx_word' id='word_1_678' title='bbox 1719 3893 1811 3947; x_wconf 87' lang='lat' dir='ltr'><strong>Sic</strong></span> <span class='ocrx_word' id='word_1_679' title='bbox 1854 3893 1977 3948; x_wconf 87' lang='lat' dir='ltr'><strong>dicit</strong></span> 
     </span>
    </p>
   </div>
   <div class='ocr_carea' id='block_1_79' title="bbox 2088 3890 3691 3974">
    <p class='ocr_par' dir='ltr' id='par_1_79' title="bbox 2092 3895 3691 3974">
     <span class='ocr_line' id='line_1_79' title="bbox 2092 3895 3691 3974; baseline -0.003 -20"><span class='ocrx_word' id='word_1_680' title='bbox 2092 3901 2367 3974; x_wconf 77' lang='grc' dir='ltr'>σημϐρίας</span> <span class='ocrx_word' id='word_1_681' title='bbox 2384 3920 2397 3933; x_wconf 73' lang='grc' dir='ltr'><strong>ο</strong></span> <span class='ocrx_word' id='word_1_682' title='bbox 2424 3902 2518 3956; x_wconf 75' lang='grc' dir='ltr'>καὶ</span> <span class='ocrx_word' id='word_1_683' title='bbox 2546 3901 2852 3971; x_wconf 74' lang='grc' dir='ltr'>ἀναϐλέψας</span> <span class='ocrx_word' id='word_1_684' title='bbox 2867 3904 2979 3965; x_wconf 89' lang='grc' dir='ltr'>τοῖς</span> <span class='ocrx_word' id='word_1_685' title='bbox 3005 3900 3304 3972; x_wconf 50' lang='grc' dir='ltr'>ὀᾉθαλμοῖς</span> <span class='ocrx_word' id='word_1_686' title='bbox 3323 3897 3491 3953; x_wconf 71' lang='grc' dir='ltr'>αὐτοῦ</span> <span class='ocrx_word' id='word_1_687' title='bbox 3520 3895 3691 3959; x_wconf 60' lang='grc' dir='ltr'><strong>εἶδενι</strong></span> 
     </span>
    </p>
   </div>
   <div class='ocr_carea' id='block_1_80' title="bbox 408 3985 1977 4065">
    <p class='ocr_par' dir='ltr' id='par_1_80' title="bbox 408 3985 1977 4058">
     <span class='ocr_line' id='line_1_80' title="bbox 408 3985 1977 4058; baseline 0.001 -16"><span class='ocrx_word' id='word_1_688' title='bbox 408 3985 698 4058; x_wconf 87' lang='lat' dir='ltr'><strong>Scriptura</strong></span> <span class='ocrx_word' id='word_1_689' title='bbox 723 4002 736 4038; x_wconf 93' lang='lat'>:</span> <span class='ocrx_word' id='word_1_690' title='bbox 764 4002 783 4034; x_wconf 74' lang='grc' dir='ltr'><strong>ι</strong></span> <span class='ocrx_word' id='word_1_691' title='bbox 813 3987 1082 4056; x_wconf 84' lang='lat' dir='ltr'><strong>Apparuit</strong></span> <span class='ocrx_word' id='word_1_692' title='bbox 1103 3988 1152 4042; x_wconf 90' lang='lat' dir='ltr'><strong>ei</strong></span> <span class='ocrx_word' id='word_1_693' title='bbox 1178 3986 1322 4043; x_wconf 90' lang='lat' dir='ltr'><strong>Deus</strong></span> <span class='ocrx_word' id='word_1_694' title='bbox 1352 3988 1417 4041; x_wconf 84' lang='lat' dir='ltr'><strong>ad</strong></span> <span class='ocrx_word' id='word_1_695' title='bbox 1446 4003 1707 4057; x_wconf 90' lang='lat' dir='ltr'><strong>quercum</strong></span> <span class='ocrx_word' id='word_1_696' title='bbox 1723 3987 1977 4051; x_wconf 78' lang='lat' dir='ltr'><strong>Mambre,</strong></span> 
     </span>
    </p>
   </div>
   <div class='ocr_carea' id='block_1_81' title="bbox 2088 3985 3683 4065">
    <p class='ocr_par' dir='ltr' id='par_1_81' title="bbox 2092 3988 3683 4065">
     <span class='ocr_line' id='line_1_81' title="bbox 2092 3988 3683 4065; baseline -0.004 -17"><span class='ocrx_word' id='word_1_697' title='bbox 2092 3994 2188 4048; x_wconf 74' lang='grc' dir='ltr'>καὶ</span> <span class='ocrx_word' id='word_1_698' title='bbox 2223 3993 2330 4047; x_wconf 76' lang='grc' dir='ltr'>ἰδοὺ</span> <span class='ocrx_word' id='word_1_699' title='bbox 2389 3996 2540 4065; x_wconf 84' lang='grc' dir='ltr'>τρεῖς</span> <span class='ocrx_word' id='word_1_700' title='bbox 2587 3993 2780 4064; x_wconf 80' lang='grc' dir='ltr'>ἄνδρες</span> <span class='ocrx_word' id='word_1_701' title='bbox 2827 3992 3064 4062; x_wconf 78' lang='grc' dir='ltr'>ἔστησαν</span> <span class='ocrx_word' id='word_1_702' title='bbox 3109 3990 3297 4045; x_wconf 74' lang='grc' dir='ltr'>ἐπάνω</span> <span class='ocrx_word' id='word_1_703' title='bbox 3345 3988 3515 4043; x_wconf 78' lang='grc' dir='ltr'>αὑτοῦ</span> <span class='ocrx_word' id='word_1_704' title='bbox 3537 4006 3551 4018; x_wconf 88' lang='grc'><strong>·</strong></span> <span class='ocrx_word' id='word_1_705' title='bbox 3588 3988 3683 4042; x_wconf 65' lang='grc' dir='ltr'>καὶ</span> 
     </span>
    </p>
   </div>
   <div class='ocr_carea' id='block_1_82' title="bbox 407 4076 1977 4155">
    <p class='ocr_par' dir='ltr' id='par_1_82' title="bbox 407 4079 1977 4145">
     <span class='ocr_line' id='line_1_82' title="bbox 407 4079 1977 4145; baseline -0.001 -12"><span class='ocrx_word' id='word_1_706' title='bbox 407 4093 533 4133; x_wconf 91' lang='lat' dir='ltr'><strong>cum</strong></span> <span class='ocrx_word' id='word_1_707' title='bbox 579 4080 795 4135; x_wconf 87' lang='lat' dir='ltr'><strong>sederet</strong></span> <span class='ocrx_word' id='word_1_708' title='bbox 827 4080 882 4133; x_wconf 89' lang='lat' dir='ltr'><strong>in</strong></span> <span class='ocrx_word' id='word_1_709' title='bbox 924 4080 1069 4134; x_wconf 90' lang='lat' dir='ltr'><strong>ostio</strong></span> <span class='ocrx_word' id='word_1_710' title='bbox 1104 4079 1443 4133; x_wconf 84' lang='lat' dir='ltr'><strong>tabernaculi</strong></span> <span class='ocrx_word' id='word_1_711' title='bbox 1487 4079 1603 4143; x_wconf 89' lang='lat' dir='ltr'><strong>sui,</strong></span> <span class='ocrx_word' id='word_1_712' title='bbox 1641 4079 1903 4145; x_wconf 89' lang='lat' dir='ltr'><strong>meridie,</strong></span> <span class='ocrx_word' id='word_1_713' title='bbox 1935 4087 1977 4133; x_wconf 88' lang='lat' dir='ltr'><strong>el</strong></span> 
     </span>
    </p>
   </div>
   <div class='ocr_carea' id='block_1_83' title="bbox 2088 4076 3681 4155">
    <p class='ocr_par' dir='ltr' id='par_1_83' title="bbox 2096 4076 3681 4155">
     <span class='ocr_line' id='line_1_83' title="bbox 2096 4076 3681 4155; baseline -0.005 -18"><span class='ocrx_word' id='word_1_714' title='bbox 2096 4083 2215 4137; x_wconf 80' lang='grc' dir='ltr'>ἰδὼν</span> <span class='ocrx_word' id='word_1_715' title='bbox 2246 4083 2625 4155; x_wconf 75' lang='grc' dir='ltr'>προσέδραμεν</span> <span class='ocrx_word' id='word_1_716' title='bbox 2652 4085 2732 4147; x_wconf 84' lang='grc' dir='ltr'>εἰς</span> <span class='ocrx_word' id='word_1_717' title='bbox 2764 4082 3090 4153; x_wconf 81' lang='grc' dir='ltr'>συνάντησιν</span> <span class='ocrx_word' id='word_1_718' title='bbox 3110 4080 3295 4144; x_wconf 79' lang='grc' dir='ltr'>αὐτοῖς</span> <span class='ocrx_word' id='word_1_719' title='bbox 3322 4078 3433 4133; x_wconf 83' lang='grc' dir='ltr'><strong>ἀπὸ</strong></span> <span class='ocrx_word' id='word_1_720' title='bbox 3454 4079 3555 4149; x_wconf 89' lang='grc' dir='ltr'><strong>τῆς</strong></span> <span class='ocrx_word' id='word_1_721' title='bbox 3584 4076 3681 4130; x_wconf 88' lang='grc' dir='ltr'>θύ-</span> 
     </span>
    </p>
   </div>
   <div class='ocr_carea' id='block_1_84' title="bbox 409 4166 1977 4247">
    <p class='ocr_par' dir='ltr' id='par_1_84' title="bbox 409 4169 1977 4244">
     <span class='ocr_line' id='line_1_84' title="bbox 409 4169 1977 4244; baseline -0.003 -17"><span class='ocrx_word' id='word_1_722' title='bbox 409 4171 642 4227; x_wconf 85' lang='lat' dir='ltr'><strong>sublatis</strong></span> <span class='ocrx_word' id='word_1_723' title='bbox 681 4170 847 4244; x_wconf 65' lang='grc'><strong>446</strong></span> <span class='ocrx_word' id='word_1_724' title='bbox 900 4172 1079 4227; x_wconf 90' lang='lat' dir='ltr'><strong>oculis</strong></span> <span class='ocrx_word' id='word_1_725' title='bbox 1126 4170 1402 4239; x_wconf 78' lang='lat' dir='ltr'><strong>respexit,</strong></span> <span class='ocrx_word' id='word_1_726' title='bbox 1453 4177 1507 4225; x_wconf 89' lang='lat' dir='ltr'><strong>et</strong></span> <span class='ocrx_word' id='word_1_727' title='bbox 1555 4184 1684 4223; x_wconf 86' lang='lat' dir='ltr'><strong>ecce</strong></span> <span class='ocrx_word' id='word_1_728' title='bbox 1726 4176 1838 4224; x_wconf 85' lang='lat' dir='ltr'><strong>tres</strong></span> <span class='ocrx_word' id='word_1_729' title='bbox 1884 4169 1977 4223; x_wconf 81' lang='lat' dir='ltr'><strong>viri</strong></span> 
     </span>
    </p>
   </div>
   <div class='ocr_carea' id='block_1_85' title="bbox 2088 4166 3686 4247">
    <p class='ocr_par' dir='ltr' id='par_1_85' title="bbox 2095 4166 3686 4247">
     <span class='ocr_line' id='line_1_85' title="bbox 2095 4166 3686 4247; baseline -0.005 -18"><span class='ocrx_word' id='word_1_730' title='bbox 2095 4192 2195 4247; x_wconf 91' lang='grc' dir='ltr'><strong>ρας</strong></span> <span class='ocrx_word' id='word_1_731' title='bbox 2224 4176 2325 4246; x_wconf 85' lang='grc' dir='ltr'><strong>τῆς</strong></span> <span class='ocrx_word' id='word_1_732' title='bbox 2372 4174 2578 4246; x_wconf 80' lang='grc' dir='ltr'>σκηνῆς</span> <span class='ocrx_word' id='word_1_733' title='bbox 2620 4172 2808 4236; x_wconf 77' lang='grc' dir='ltr'>αὐτοῦ,</span> <span class='ocrx_word' id='word_1_734' title='bbox 2856 4173 2952 4225; x_wconf 79' lang='grc' dir='ltr'>καὶ</span> <span class='ocrx_word' id='word_1_735' title='bbox 2990 4168 3397 4244; x_wconf 79' lang='grc' dir='ltr'>προσεκύνησεν</span> <span class='ocrx_word' id='word_1_736' title='bbox 3441 4168 3542 4220; x_wconf 77' lang='grc' dir='ltr'><strong>ἐπὶ</strong></span> <span class='ocrx_word' id='word_1_737' title='bbox 3583 4166 3686 4235; x_wconf 73' lang='grc' dir='ltr'>τὴν</span> 
     </span>
    </p>
   </div>
   <div class='ocr_carea' id='block_1_86' title="bbox 408 4255 1977 4336">
    <p class='ocr_par' dir='ltr' id='par_1_86' title="bbox 408 4262 1977 4333">
     <span class='ocr_line' id='line_1_86' title="bbox 408 4262 1977 4333; baseline 0.001 -14"><span class='ocrx_word' id='word_1_738' title='bbox 408 4279 575 4332; x_wconf 77' lang='lat' dir='ltr'><strong>supra</strong></span> <span class='ocrx_word' id='word_1_739' title='bbox 604 4266 782 4333; x_wconf 89' lang='lat' dir='ltr'><strong>ipsum</strong></span> <span class='ocrx_word' id='word_1_740' title='bbox 813 4272 1085 4319; x_wconf 87' lang='lat' dir='ltr'><strong>steterunt</strong></span> <span class='ocrx_word' id='word_1_741' title='bbox 1118 4282 1131 4318; x_wconf 87' lang='lat'><strong>:</strong></span> <span class='ocrx_word' id='word_1_742' title='bbox 1164 4263 1367 4333; x_wconf 88' lang='lat' dir='ltr'><strong>quibus</strong></span> <span class='ocrx_word' id='word_1_743' title='bbox 1395 4263 1549 4325; x_wconf 86' lang='lat' dir='ltr'><strong>visis,</strong></span> <span class='ocrx_word' id='word_1_744' title='bbox 1585 4263 1827 4318; x_wconf 89' lang='lat' dir='ltr'><strong>occurrit</strong></span> <span class='ocrx_word' id='word_1_745' title='bbox 1851 4262 1977 4332; x_wconf 79' lang='lat' dir='ltr'><strong>ipsis</strong></span> 
     </span>
    </p>
   </div>
   <div class='ocr_carea' id='block_1_87' title="bbox 2088 4255 3687 4336">
    <p class='ocr_par' dir='ltr' id='par_1_87' title="bbox 2091 4255 3687 4336">
     <span class='ocr_line' id='line_1_87' title="bbox 2091 4255 3687 4336; baseline -0.006 -16"><span class='ocrx_word' id='word_1_746' title='bbox 2091 4266 2217 4336; x_wconf 82' lang='grc' dir='ltr'>γῆν.</span> <span class='ocrx_word' id='word_1_747' title='bbox 2254 4286 2274 4318; x_wconf 74' lang='grc' dir='ltr'><strong>ι</strong></span> <span class='ocrx_word' id='word_1_748' title='bbox 2311 4265 2429 4318; x_wconf 87' lang='grc' dir='ltr'>Τίνι</span> <span class='ocrx_word' id='word_1_749' title='bbox 2458 4265 2863 4336; x_wconf 81' lang='grc' dir='ltr'>προσεκύνησεν</span> <span class='ocrx_word' id='word_1_750' title='bbox 2890 4265 2981 4318; x_wconf 71' lang='grc' dir='ltr'><strong>ἐπὶ</strong></span> <span class='ocrx_word' id='word_1_751' title='bbox 3006 4264 3106 4336; x_wconf 79' lang='grc' dir='ltr'>τὴν</span> <span class='ocrx_word' id='word_1_752' title='bbox 3136 4262 3260 4333; x_wconf 82' lang='grc' dir='ltr'>γῆν,</span> <span class='ocrx_word' id='word_1_753' title='bbox 3287 4260 3321 4332; x_wconf 82' lang='grc' dir='ltr'>ἢ</span> <span class='ocrx_word' id='word_1_754' title='bbox 3354 4259 3469 4322; x_wconf 82' lang='grc' dir='ltr'>τοῖς</span> <span class='ocrx_word' id='word_1_755' title='bbox 3486 4255 3687 4328; x_wconf 75' lang='grc' dir='ltr'>ἀνδρά-</span> 
     </span>
    </p>
   </div>
   <div class='ocr_carea' id='block_1_88' title="bbox 408 4346 1977 4425">
    <p class='ocr_par' dir='ltr' id='par_1_88' title="bbox 408 4354 1977 4420">
     <span class='ocr_line' id='line_1_88' title="bbox 408 4354 1977 4420; baseline -0.001 -9"><span class='ocrx_word' id='word_1_756' title='bbox 408 4354 623 4411; x_wconf 83' lang='lat' dir='ltr'><strong>obviam</strong></span> <span class='ocrx_word' id='word_1_757' title='bbox 664 4355 734 4409; x_wconf 91' lang='lat' dir='ltr'><strong>ab</strong></span> <span class='ocrx_word' id='word_1_758' title='bbox 778 4356 921 4411; x_wconf 88' lang='lat' dir='ltr'><strong>ostio</strong></span> <span class='ocrx_word' id='word_1_759' title='bbox 959 4356 1297 4412; x_wconf 90' lang='lat' dir='ltr'><strong>tabernaculi</strong></span> <span class='ocrx_word' id='word_1_760' title='bbox 1336 4355 1444 4420; x_wconf 89' lang='lat' dir='ltr'><strong>sui,</strong></span> <span class='ocrx_word' id='word_1_761' title='bbox 1478 4363 1530 4410; x_wconf 90' lang='lat' dir='ltr'><strong>et</strong></span> <span class='ocrx_word' id='word_1_762' title='bbox 1563 4356 1808 4410; x_wconf 77' lang='lat' dir='ltr'><strong>adoravit</strong></span> <span class='ocrx_word' id='word_1_763' title='bbox 1836 4356 1977 4409; x_wconf 83' lang='lat' dir='ltr'><strong>humi</strong></span> 
     </span>
    </p>
   </div>
   <div class='ocr_carea' id='block_1_89' title="bbox 2088 4346 3683 4425">
    <p class='ocr_par' dir='ltr' id='par_1_89' title="bbox 2093 4346 3683 4425">
     <span class='ocr_line' id='line_1_89' title="bbox 2093 4346 3683 4425; baseline -0.006 -14"><span class='ocrx_word' id='word_1_764' title='bbox 2093 4375 2216 4424; x_wconf 88' lang='grc' dir='ltr'>σιν;</span> <span class='ocrx_word' id='word_1_765' title='bbox 2249 4361 2405 4412; x_wconf 72' lang='lat' dir='ltr'><strong>Max.</strong></span> <span class='ocrx_word' id='word_1_766' title='bbox 2436 4353 2624 4421; x_wconf 83' lang='grc' dir='ltr'>Εἶπον,</span> <span class='ocrx_word' id='word_1_767' title='bbox 2652 4358 2733 4410; x_wconf 77' lang='grc' dir='ltr'>ὅτι</span> <span class='ocrx_word' id='word_1_768' title='bbox 2775 4358 2824 4411; x_wconf 89' lang='grc' dir='ltr'><strong>οἱ</strong></span> <span class='ocrx_word' id='word_1_769' title='bbox 2854 4355 2947 4409; x_wconf 88' lang='grc' dir='ltr'><strong>δύο</strong></span> <span class='ocrx_word' id='word_1_770' title='bbox 2979 4355 3199 4425; x_wconf 81' lang='grc' dir='ltr'>ἄγγελοι</span> <span class='ocrx_word' id='word_1_771' title='bbox 3243 4348 3385 4424; x_wconf 79' lang='grc' dir='ltr'>ἦσαν</span> <span class='ocrx_word' id='word_1_772' title='bbox 3418 4348 3561 4421; x_wconf 80' lang='grc' dir='ltr'>μετὰ</span> <span class='ocrx_word' id='word_1_773' title='bbox 3587 4346 3683 4403; x_wconf 71' lang='grc' dir='ltr'><strong>τοῦ</strong></span> 
     </span>
    </p>
   </div>
   <div class='ocr_carea' id='block_1_90' title="bbox 409 4439 1977 4546">
    <p class='ocr_par' dir='ltr' id='par_1_90' title="bbox 409 4448 1977 4521">
     <span class='ocr_line' id='line_1_90' title="bbox 409 4448 1977 4521; baseline -0.001 -17"><span class='ocrx_word' id='word_1_774' title='bbox 409 4457 720 4521; x_wconf 86' lang='lat' dir='ltr'><strong>prostratus</strong></span> <span class='ocrx_word' id='word_1_775' title='bbox 752 4452 818 4505; x_wconf 79' lang='grc'><strong>⁸³.</strong></span> <span class='ocrx_word' id='word_1_776' title='bbox 867 4469 885 4502; x_wconf 74' lang='grc' dir='ltr'><strong>ι</strong></span> <span class='ocrx_word' id='word_1_777' title='bbox 940 4448 1112 4516; x_wconf 87' lang='lat' dir='ltr'><strong>Quem</strong></span> <span class='ocrx_word' id='word_1_778' title='bbox 1154 4449 1403 4503; x_wconf 78' lang='lat' dir='ltr'><strong>adoravit</strong></span> <span class='ocrx_word' id='word_1_779' title='bbox 1444 4448 1596 4502; x_wconf 92' lang='lat' dir='ltr'><strong>humi</strong></span> <span class='ocrx_word' id='word_1_780' title='bbox 1641 4449 1977 4519; x_wconf 68' lang='lat' dir='ltr'><strong>prostratus?</strong></span> 
     </span>
    </p>
   </div>
   <div class='ocr_carea' id='block_1_91' title="bbox 2088 4439 3687 4546">
    <p class='ocr_par' dir='ltr' id='par_1_91' title="bbox 2091 4439 3687 4546">
     <span class='ocr_line' id='line_1_91' title="bbox 2091 4439 3687 4525; baseline -0.008 -24"><span class='ocrx_word' id='word_1_781' title='bbox 2091 4446 2248 4512; x_wconf 77' lang='grc' dir='ltr'>Θεοῦ,</span> <span class='ocrx_word' id='word_1_782' title='bbox 2276 4449 2371 4502; x_wconf 70' lang='grc' dir='ltr'>καὶ</span> <span class='ocrx_word' id='word_1_783' title='bbox 2394 4447 2719 4520; x_wconf 80' lang='grc' dir='ltr'>προσεκύνει</span> <span class='ocrx_word' id='word_1_784' title='bbox 2746 4445 2985 4518; x_wconf 79' lang='grc' dir='ltr'>δηλονότι</span> <span class='ocrx_word' id='word_1_785' title='bbox 3009 4444 3088 4516; x_wconf 83' lang='grc' dir='ltr'>τῷ</span> <span class='ocrx_word' id='word_1_786' title='bbox 3124 4441 3263 4512; x_wconf 83' lang='grc' dir='ltr'>Θεῷ,</span> <span class='ocrx_word' id='word_1_787' title='bbox 3297 4439 3420 4510; x_wconf 71' lang='grc' dir='ltr'>οὐχὶ</span> <span class='ocrx_word' id='word_1_788' title='bbox 3450 4439 3687 4525; x_wconf 29' lang='grc' dir='ltr'>τοῖςῆάγ-</span> 
     </span>
     <span class='ocr_line' id='line_1_92' title="bbox 2139 4524 3659 4546; baseline 0 0"><span class='ocrx_word' id='word_1_789' title='bbox 2139 4541 2168 4546; x_wconf 89' lang='grc'><strong>--</strong></span> <span class='ocrx_word' id='word_1_790' title='bbox 2318 4543 2361 4546; x_wconf 88' lang='lat'>__</span> <span class='ocrx_word' id='word_1_791' title='bbox 2405 4542 2415 4546; x_wconf 83' lang='grc'><strong>-</strong></span> <span class='ocrx_word' id='word_1_792' title='bbox 2503 4540 2512 4546; x_wconf 88' lang='grc'><strong>.</strong></span> <span class='ocrx_word' id='word_1_793' title='bbox 2600 4541 2611 4546; x_wconf 87' lang='grc'><strong>-</strong></span> <span class='ocrx_word' id='word_1_794' title='bbox 2769 4539 2780 4546; x_wconf 71' lang='grc' dir='ltr'>ι</span> <span class='ocrx_word' id='word_1_795' title='bbox 2884 4533 2908 4546; x_wconf 62' lang='grc' dir='ltr'><strong><em>ν</em></strong></span> <span class='ocrx_word' id='word_1_796' title='bbox 3108 4537 3151 4546; x_wconf 75' lang='lat'><strong>--</strong></span> <span class='ocrx_word' id='word_1_797' title='bbox 3175 4534 3187 4546; x_wconf 76' lang='grc' dir='ltr'>ο</span> <span class='ocrx_word' id='word_1_798' title='bbox 3367 4532 3381 4546; x_wconf 67' lang='grc' dir='ltr'><strong>ς</strong></span> <span class='ocrx_word' id='word_1_799' title='bbox 3437 4524 3467 4546; x_wconf 62' lang='lat'><strong>1&#39;</strong></span> <span class='ocrx_word' id='word_1_800' title='bbox 3646 4529 3659 4542; x_wconf 80' lang='grc' dir='ltr'>σ</span> 
     </span>
    </p>
   </div>
   <div class='ocr_carea' id='block_1_92' title="bbox 407 4524 1977 4613">
    <p class='ocr_par' dir='ltr' id='par_1_92' title="bbox 407 4540 1977 4612">
     <span class='ocr_line' id='line_1_93' title="bbox 407 4540 1977 4612; baseline -0.002 -15"><span class='ocrx_word' id='word_1_801' title='bbox 407 4556 539 4597; x_wconf 88' lang='lat' dir='ltr'><strong>num</strong></span> <span class='ocrx_word' id='word_1_802' title='bbox 565 4544 753 4598; x_wconf 88' lang='lat' dir='ltr'><strong>viros?</strong></span> <span class='ocrx_word' id='word_1_803' title='bbox 784 4541 989 4596; x_wconf 79' lang='lat' dir='ltr'><strong>Maced.</strong></span> <span class='ocrx_word' id='word_1_804' title='bbox 1024 4541 1172 4605; x_wconf 75' lang='lat' dir='ltr'><strong>Dixi,</strong></span> <span class='ocrx_word' id='word_1_805' title='bbox 1204 4540 1344 4596; x_wconf 88' lang='lat' dir='ltr'><strong>duos</strong></span> <span class='ocrx_word' id='word_1_806' title='bbox 1388 4541 1610 4612; x_wconf 83' lang='lat' dir='ltr'><strong>angelos</strong></span> <span class='ocrx_word' id='word_1_807' title='bbox 1643 4540 1814 4596; x_wconf 80' lang='lat' dir='ltr'><strong>fuisse</strong></span> <span class='ocrx_word' id='word_1_808' title='bbox 1855 4557 1977 4596; x_wconf 88' lang='lat' dir='ltr'><strong>cum</strong></span> 
     </span>
    </p>
   </div>
   <div class='ocr_carea' id='block_1_93' title="bbox 2088 4524 3691 4613">
    <p class='ocr_par' dir='ltr' id='par_1_93' title="bbox 2089 4524 3691 4613">
     <span class='ocr_line' id='line_1_94' title="bbox 2089 4524 3691 4613; baseline -0.007 -18"><span class='ocrx_word' id='word_1_809' title='bbox 2089 4541 2286 4610; x_wconf 79' lang='grc' dir='ltr'>γέλοις.</span> <span class='ocrx_word' id='word_1_810' title='bbox 2318 4542 2428 4595; x_wconf 71' lang='lat' dir='ltr'><strong>Kai.</strong></span> <span class='ocrx_word' id='word_1_811' title='bbox 2455 4540 2564 4613; x_wconf 80' lang='grc' dir='ltr'><strong>γὰρ</strong></span> <span class='ocrx_word' id='word_1_812' title='bbox 2588 4539 2825 4603; x_wconf 84' lang='grc' dir='ltr'>ἀναστὰς</span> <span class='ocrx_word' id='word_1_813' title='bbox 2856 4533 3034 4591; x_wconf 84' lang='grc' dir='ltr'>εἶπεν·</span> <span class='ocrx_word' id='word_1_814' title='bbox 3069 4555 3087 4587; x_wconf 78' lang='grc' dir='ltr'><strong>ι</strong></span> <span class='ocrx_word' id='word_1_815' title='bbox 3108 4534 3304 4604; x_wconf 85' lang='grc' dir='ltr'>Κύριε,</span> <span class='ocrx_word' id='word_1_816' title='bbox 3334 4532 3384 4583; x_wconf 88' lang='grc' dir='ltr'>εἰ</span> <span class='ocrx_word' id='word_1_817' title='bbox 3409 4524 3572 4599; x_wconf 70' lang='grc' dir='ltr'>εὗρον</span> <span class='ocrx_word' id='word_1_818' title='bbox 3598 4529 3691 4600; x_wconf 52' lang='lat' dir='ltr'><strong>xei.</strong></span> 
     </span>
    </p>
   </div>
   <div class='ocr_carea' id='block_1_94' title="bbox 409 4622 1977 4705">
    <p class='ocr_par' dir='ltr' id='par_1_94' title="bbox 409 4630 1977 4704">
     <span class='ocr_line' id='line_1_95' title="bbox 409 4630 1977 4704; baseline -0.003 -17"><span class='ocrx_word' id='word_1_819' title='bbox 409 4631 541 4689; x_wconf 87' lang='lat' dir='ltr'><strong>Deo.</strong></span> <span class='ocrx_word' id='word_1_820' title='bbox 589 4633 851 4689; x_wconf 85' lang='lat' dir='ltr'><strong>Adoravit</strong></span> <span class='ocrx_word' id='word_1_821' title='bbox 890 4634 1055 4704; x_wconf 85' lang='lat' dir='ltr'><strong>igitur</strong></span> <span class='ocrx_word' id='word_1_822' title='bbox 1097 4633 1287 4703; x_wconf 86' lang='lat' dir='ltr'><strong>procul</strong></span> <span class='ocrx_word' id='word_1_823' title='bbox 1323 4631 1491 4686; x_wconf 87' lang='lat' dir='ltr'><strong>dubio</strong></span> <span class='ocrx_word' id='word_1_824' title='bbox 1531 4630 1720 4695; x_wconf 89' lang='lat' dir='ltr'><strong>Deum,</strong></span> <span class='ocrx_word' id='word_1_825' title='bbox 1755 4647 1865 4686; x_wconf 89' lang='lat' dir='ltr'><strong>non</strong></span> <span class='ocrx_word' id='word_1_826' title='bbox 1896 4646 1977 4684; x_wconf 92' lang='lat' dir='ltr'><strong>an-</strong></span> 
     </span>
    </p>
   </div>
   <div class='ocr_carea' id='block_1_95' title="bbox 2088 4622 3687 4705">
    <p class='ocr_par' dir='ltr' id='par_1_95' title="bbox 2092 4622 3687 4705">
     <span class='ocr_line' id='line_1_96' title="bbox 2092 4622 3687 4705; baseline -0.006 -20"><span class='ocrx_word' id='word_1_827' title='bbox 2092 4649 2175 4703; x_wconf 85' lang='grc' dir='ltr'><strong>ριν</strong></span> <span class='ocrx_word' id='word_1_828' title='bbox 2197 4632 2434 4686; x_wconf 76' lang='grc' dir='ltr'>ἐναντίον</span> <span class='ocrx_word' id='word_1_829' title='bbox 2463 4649 2578 4699; x_wconf 90' lang='grc' dir='ltr'>σου,</span> <span class='ocrx_word' id='word_1_830' title='bbox 2606 4633 2681 4703; x_wconf 82' lang='grc' dir='ltr'>μὴ</span> <span class='ocrx_word' id='word_1_831' title='bbox 2707 4631 2982 4705; x_wconf 79' lang='grc' dir='ltr'>παρέλθῃς</span> <span class='ocrx_word' id='word_1_832' title='bbox 3003 4628 3093 4683; x_wconf 85' lang='grc' dir='ltr'>τὸν</span> <span class='ocrx_word' id='word_1_833' title='bbox 3115 4624 3279 4681; x_wconf 84' lang='grc' dir='ltr'>παῖδὰ</span> <span class='ocrx_word' id='word_1_834' title='bbox 3307 4639 3425 4677; x_wconf 87' lang='grc' dir='ltr'>σου.</span> <span class='ocrx_word' id='word_1_835' title='bbox 3465 4641 3487 4675; x_wconf 69' lang='grc' dir='ltr'><strong>ι</strong></span> <span class='ocrx_word' id='word_1_836' title='bbox 3529 4622 3687 4689; x_wconf 81' lang='grc' dir='ltr'>Ὀρο.</span> 
     </span>
    </p>
   </div>
   <div class='ocr_carea' id='block_1_96' title="bbox 409 4714 1977 4798">
    <p class='ocr_par' dir='ltr' id='par_1_96' title="bbox 409 4721 1977 4798">
     <span class='ocr_line' id='line_1_97' title="bbox 409 4721 1977 4798; baseline -0.004 -16"><span class='ocrx_word' id='word_1_837' title='bbox 409 4727 579 4798; x_wconf 79' lang='lat' dir='ltr'><strong>gelos.</strong></span> <span class='ocrx_word' id='word_1_838' title='bbox 611 4724 746 4781; x_wconf 89' lang='lat' dir='ltr'><strong>Cum</strong></span> <span class='ocrx_word' id='word_1_839' title='bbox 786 4725 933 4779; x_wconf 90' lang='lat' dir='ltr'><strong>enim</strong></span> <span class='ocrx_word' id='word_1_840' title='bbox 975 4725 1326 4787; x_wconf 84' lang='lat' dir='ltr'><strong>surrexisset,</strong></span> <span class='ocrx_word' id='word_1_841' title='bbox 1357 4722 1497 4777; x_wconf 81' lang='lat' dir='ltr'><strong>dixit</strong></span> <span class='ocrx_word' id='word_1_842' title='bbox 1535 4741 1549 4777; x_wconf 89' lang='lat'>:</span> <span class='ocrx_word' id='word_1_843' title='bbox 1588 4740 1607 4773; x_wconf 79' lang='grc' dir='ltr'><strong>ι</strong></span> <span class='ocrx_word' id='word_1_844' title='bbox 1648 4721 1899 4785; x_wconf 89' lang='lat' dir='ltr'><strong>Domine,</strong></span> <span class='ocrx_word' id='word_1_845' title='bbox 1941 4722 1977 4777; x_wconf 79' lang='lat' dir='ltr'><strong>si</strong></span> 
     </span>
    </p>
   </div>
   <div class='ocr_carea' id='block_1_97' title="bbox 2088 4714 3689 4798">
    <p class='ocr_par' dir='ltr' id='par_1_97' title="bbox 2089 4714 3689 4797">
     <span class='ocr_line' id='line_1_98' title="bbox 2089 4714 3689 4797; baseline -0.001 -20"><span class='ocrx_word' id='word_1_846' title='bbox 2089 4724 2259 4778; x_wconf 75' lang='grc' dir='ltr'>Τοῦτο</span> <span class='ocrx_word' id='word_1_847' title='bbox 2288 4725 2396 4797; x_wconf 81' lang='grc' dir='ltr'><strong>γάρ</strong></span> <span class='ocrx_word' id='word_1_848' title='bbox 2427 4726 2595 4789; x_wconf 76' lang='grc' dir='ltr'>ἐστιν,</span> <span class='ocrx_word' id='word_1_849' title='bbox 2623 4724 2651 4777; x_wconf 88' lang='grc' dir='ltr'>ὃ</span> <span class='ocrx_word' id='word_1_850' title='bbox 2676 4723 2926 4794; x_wconf 77' lang='grc' dir='ltr'>λέγομεν,</span> <span class='ocrx_word' id='word_1_851' title='bbox 2949 4723 3031 4777; x_wconf 81' lang='grc' dir='ltr'>ὅτι</span> <span class='ocrx_word' id='word_1_852' title='bbox 3052 4720 3149 4784; x_wconf 72' lang='grc' dir='ltr'><strong>τὰς</strong></span> <span class='ocrx_word' id='word_1_853' title='bbox 3179 4718 3334 4792; x_wconf 84' lang='grc' dir='ltr'>τρεῖς</span> <span class='ocrx_word' id='word_1_854' title='bbox 3356 4714 3689 4775; x_wconf 76' lang='grc' dir='ltr'>ὑποστάσεις</span> 
     </span>
    </p>
   </div>
   <div class='ocr_carea' id='block_1_98' title="bbox 406 4815 1977 4890">
    <p class='ocr_par' dir='ltr' id='par_1_98' title="bbox 406 4816 1977 4890">
     <span class='ocr_line' id='line_1_99' title="bbox 406 4816 1977 4890; baseline -0.003 -15"><span class='ocrx_word' id='word_1_855' title='bbox 406 4818 592 4875; x_wconf 84' lang='lat' dir='ltr'><strong>inveni</strong></span> <span class='ocrx_word' id='word_1_856' title='bbox 640 4818 872 4890; x_wconf 80' lang='lat' dir='ltr'><strong>gratiam</strong></span> <span class='ocrx_word' id='word_1_857' title='bbox 923 4816 977 4881; x_wconf 77' lang='lat' dir='ltr'><strong>in</strong></span> <span class='ocrx_word' id='word_1_858' title='bbox 1038 4823 1335 4885; x_wconf 85' lang='lat' dir='ltr'><strong>conspectu</strong></span> <span class='ocrx_word' id='word_1_859' title='bbox 1383 4826 1510 4879; x_wconf 90' lang='lat' dir='ltr'><strong>tuo,</strong></span> <span class='ocrx_word' id='word_1_860' title='bbox 1562 4830 1631 4870; x_wconf 88' lang='lat' dir='ltr'><strong>ne</strong></span> <span class='ocrx_word' id='word_1_861' title='bbox 1693 4824 1977 4885; x_wconf 70' lang='lat' dir='ltr'><strong>praetereas</strong></span> 
     </span>
    </p>
   </div>
   <div class='ocr_carea' id='block_1_99' title="bbox 2088 4815 3074 4890">
    <p class='ocr_par' dir='ltr' id='par_1_99' title="bbox 2090 4815 3074 4890">
     <span class='ocr_line' id='line_1_100' title="bbox 2090 4815 3074 4890; baseline -0.002 -20"><span class='ocrx_word' id='word_1_862' title='bbox 2090 4816 2295 4890; x_wconf 85' lang='grc' dir='ltr'>Κύριον</span> <span class='ocrx_word' id='word_1_863' title='bbox 2325 4816 2498 4872; x_wconf 88' lang='grc' dir='ltr'>καλεῖ.</span> <span class='ocrx_word' id='word_1_864' title='bbox 2531 4821 2683 4874; x_wconf 82' lang='grc' dir='ltr'>Μακ.</span> <span class='ocrx_word' id='word_1_865' title='bbox 2719 4816 2811 4886; x_wconf 81' lang='grc' dir='ltr'><strong>Μὴ</strong></span> <span class='ocrx_word' id='word_1_866' title='bbox 2833 4815 3074 4884; x_wconf 72' lang='grc' dir='ltr'>γένοιτοῑ</span> 
     </span>
    </p>
   </div>
   <div class='ocr_carea' id='block_1_100' title="bbox 406 4897 3688 4986">
    <p class='ocr_par' dir='ltr' id='par_1_100' title="bbox 406 4897 3688 4986">
     <span class='ocr_line' id='line_1_101' title="bbox 406 4897 3688 4986; baseline -0.003 -14"><span class='ocrx_word' id='word_1_867' title='bbox 406 4931 625 4974; x_wconf 84' lang='lat' dir='ltr'><strong>servum</strong></span> <span class='ocrx_word' id='word_1_868' title='bbox 666 4924 820 4970; x_wconf 91' lang='lat' dir='ltr'><strong>tuum</strong></span> <span class='ocrx_word' id='word_1_869' title='bbox 862 4915 929 4970; x_wconf 69' lang='grc'><strong>⁸⁵.</strong></span> <span class='ocrx_word' id='word_1_870' title='bbox 988 4935 1008 4967; x_wconf 77' lang='grc' dir='ltr'><strong>ι</strong></span> <span class='ocrx_word' id='word_1_871' title='bbox 1065 4912 1218 4970; x_wconf 84' lang='lat' dir='ltr'><strong>Orth.</strong></span> <span class='ocrx_word' id='word_1_872' title='bbox 1267 4911 1562 4969; x_wconf 76' lang='lat' dir='ltr'><strong>Enimvero</strong></span> <span class='ocrx_word' id='word_1_873' title='bbox 1618 4911 1756 4968; x_wconf 92' lang='lat' dir='ltr'><strong>illud</strong></span> <span class='ocrx_word' id='word_1_874' title='bbox 1801 4912 1981 4982; x_wconf 89' lang='lat' dir='ltr'><strong>ipsum</strong></span> <span class='ocrx_word' id='word_1_875' title='bbox 2045 4924 2152 4979; x_wconf 84' lang='lat' dir='ltr'><strong>est,</strong></span> <span class='ocrx_word' id='word_1_876' title='bbox 2196 4913 2341 4986; x_wconf 90' lang='lat' dir='ltr'><strong>quod</strong></span> <span class='ocrx_word' id='word_1_877' title='bbox 2407 4914 2666 4978; x_wconf 87' lang='lat' dir='ltr'><strong>dicimus,</strong></span> <span class='ocrx_word' id='word_1_878' title='bbox 2735 4922 2848 4967; x_wconf 84' lang='lat' dir='ltr'><strong>tres</strong></span> <span class='ocrx_word' id='word_1_879' title='bbox 2890 4910 3215 4982; x_wconf 85' lang='lat' dir='ltr'><strong>hypostases</strong></span> <span class='ocrx_word' id='word_1_880' title='bbox 3264 4902 3332 4956; x_wconf 71' lang='lat' dir='ltr'><strong>ab</strong></span> <span class='ocrx_word' id='word_1_881' title='bbox 3383 4912 3452 4953; x_wconf 74' lang='lat'><strong>60</strong></span> <span class='ocrx_word' id='word_1_882' title='bbox 3499 4897 3688 4957; x_wconf 73' lang='lat' dir='ltr'><strong>vocari</strong></span> 
     </span>
    </p>
   </div>
   <div class='ocr_carea' id='block_1_101' title="bbox 409 5007 1190 5065">
    <p class='ocr_par' dir='ltr' id='par_1_101' title="bbox 409 5007 1190 5065">
     <span class='ocr_line' id='line_1_102' title="bbox 409 5007 1190 5065; baseline -0.001 -2"><span class='ocrx_word' id='word_1_883' title='bbox 409 5007 723 5064; x_wconf 89' lang='lat' dir='ltr'><strong>Dominum.</strong></span> <span class='ocrx_word' id='word_1_884' title='bbox 758 5007 970 5065; x_wconf 77' lang='lat' dir='ltr'><strong>Maced.</strong></span> <span class='ocrx_word' id='word_1_885' title='bbox 1003 5007 1190 5064; x_wconf 84' lang='lat' dir='ltr'><strong>Absit!</strong></span> 
     </span>
    </p>
   </div>
   <div class='ocr_carea' id='block_1_102' title="bbox 480 5088 1984 5176">
    <p class='ocr_par' dir='ltr' id='par_1_102' title="bbox 480 5088 1984 5176">
     <span class='ocr_line' id='line_1_103' title="bbox 480 5088 1984 5176; baseline -0.001 -17"><span class='ocrx_word' id='word_1_886' title='bbox 480 5105 568 5161; x_wconf 81' lang='lat' dir='ltr'><strong>l0.</strong></span> <span class='ocrx_word' id='word_1_887' title='bbox 614 5104 768 5160; x_wconf 82' lang='lat' dir='ltr'><strong>Orth.</strong></span> <span class='ocrx_word' id='word_1_888' title='bbox 801 5088 942 5162; x_wconf 78' lang='lat' dir='ltr'><strong>Audi</strong></span> <span class='ocrx_word' id='word_1_889' title='bbox 974 5106 1160 5176; x_wconf 78' lang='lat' dir='ltr'><strong>igitur,</strong></span> <span class='ocrx_word' id='word_1_890' title='bbox 1185 5120 1308 5175; x_wconf 64' lang='lat' dir='ltr'><strong>quae</strong></span> <span class='ocrx_word' id='word_1_891' title='bbox 1337 5112 1644 5174; x_wconf 88' lang='lat' dir='ltr'><strong>sequuntur</strong></span> <span class='ocrx_word' id='word_1_892' title='bbox 1673 5123 1686 5158; x_wconf 92' lang='lat'><strong>:</strong></span> <span class='ocrx_word' id='word_1_893' title='bbox 1722 5122 1742 5156; x_wconf 85' lang='grc'><strong><em>‹</em></strong></span> <span class='ocrx_word' id='word_1_894' title='bbox 1785 5102 1984 5158; x_wconf 87' lang='lat' dir='ltr'><strong>Suma-</strong></span> 
     </span>
    </p>
   </div>
   <div class='ocr_carea' id='block_1_103' title="bbox 408 5194 1980 5266">
    <p class='ocr_par' dir='ltr' id='par_1_103' title="bbox 408 5194 1980 5266">
     <span class='ocr_line' id='line_1_104' title="bbox 408 5194 1980 5266; baseline 0 -17"><span class='ocrx_word' id='word_1_895' title='bbox 408 5201 497 5259; x_wconf 79' lang='lat' dir='ltr'><strong>tur</strong></span> <span class='ocrx_word' id='word_1_896' title='bbox 518 5203 697 5251; x_wconf 88' lang='lat' dir='ltr'><strong>autem</strong></span> <span class='ocrx_word' id='word_1_897' title='bbox 724 5211 885 5266; x_wconf 88' lang='lat' dir='ltr'><strong>aqua,</strong></span> <span class='ocrx_word' id='word_1_898' title='bbox 914 5206 965 5251; x_wconf 90' lang='lat' dir='ltr'><strong>et</strong></span> <span class='ocrx_word' id='word_1_899' title='bbox 1003 5197 1181 5251; x_wconf 78' lang='lat' dir='ltr'><strong>lavent</strong></span> <span class='ocrx_word' id='word_1_900' title='bbox 1209 5197 1374 5265; x_wconf 85' lang='lat' dir='ltr'><strong>pedes</strong></span> <span class='ocrx_word' id='word_1_901' title='bbox 1394 5203 1609 5252; x_wconf 83' lang='lat' dir='ltr'><strong>vestros</strong></span> <span class='ocrx_word' id='word_1_902' title='bbox 1641 5213 1653 5249; x_wconf 90' lang='lat'>:</span> <span class='ocrx_word' id='word_1_903' title='bbox 1685 5203 1737 5251; x_wconf 89' lang='lat' dir='ltr'><strong>et</strong></span> <span class='ocrx_word' id='word_1_904' title='bbox 1762 5194 1980 5266; x_wconf 76' lang='lat' dir='ltr'><strong>refrige-</strong></span> 
     </span>
    </p>
   </div>
   <div class='ocr_carea' id='block_1_104' title="bbox 409 5285 1990 5357">
    <p class='ocr_par' dir='ltr' id='par_1_104' title="bbox 409 5285 1990 5357">
     <span class='ocr_line' id='line_1_105' title="bbox 409 5285 1990 5357; baseline 0 -17"><span class='ocrx_word' id='word_1_905' title='bbox 409 5285 605 5340; x_wconf 87' lang='lat' dir='ltr'><strong>ramini</strong></span> <span class='ocrx_word' id='word_1_906' title='bbox 647 5286 751 5342; x_wconf 87' lang='lat' dir='ltr'><strong>sub</strong></span> <span class='ocrx_word' id='word_1_907' title='bbox 796 5288 992 5342; x_wconf 82' lang='lat' dir='ltr'><strong>arbore</strong></span> <span class='ocrx_word' id='word_1_908' title='bbox 1036 5307 1048 5341; x_wconf 96' lang='lat'>:</span> <span class='ocrx_word' id='word_1_909' title='bbox 1102 5286 1301 5342; x_wconf 91' lang='lat' dir='ltr'><strong>deinde</strong></span> <span class='ocrx_word' id='word_1_910' title='bbox 1347 5287 1613 5356; x_wconf 83' lang='lat' dir='ltr'><strong>accipiam</strong></span> <span class='ocrx_word' id='word_1_911' title='bbox 1659 5301 1853 5357; x_wconf 90' lang='lat' dir='ltr'><strong>panem</strong></span> <span class='ocrx_word' id='word_1_912' title='bbox 1879 5325 1895 5350; x_wconf 85' lang='lat'><strong>,</strong></span> <span class='ocrx_word' id='word_1_913' title='bbox 1936 5293 1990 5341; x_wconf 89' lang='lat' dir='ltr'><strong>et</strong></span> 
     </span>
    </p>
   </div>
   <div class='ocr_carea' id='block_1_105' title="bbox 410 5377 1987 5450">
    <p class='ocr_par' dir='ltr' id='par_1_105' title="bbox 410 5377 1987 5450">
     <span class='ocr_line' id='line_1_106' title="bbox 410 5377 1987 5450; baseline -0.001 -17"><span class='ocrx_word' id='word_1_914' title='bbox 410 5377 730 5445; x_wconf 89' lang='lat' dir='ltr'><strong>comedetis,</strong></span> <span class='ocrx_word' id='word_1_915' title='bbox 775 5387 830 5434; x_wconf 85' lang='lat' dir='ltr'><strong>et</strong></span> <span class='ocrx_word' id='word_1_916' title='bbox 883 5388 1071 5450; x_wconf 88' lang='lat' dir='ltr'><strong>postea</strong></span> <span class='ocrx_word' id='word_1_917' title='bbox 1119 5378 1527 5450; x_wconf 83' lang='lat' dir='ltr'><strong>prosequetuiui</strong></span> <span class='ocrx_word' id='word_1_918' title='bbox 1576 5379 1681 5434; x_wconf 90' lang='lat' dir='ltr'><strong>iter</strong></span> <span class='ocrx_word' id='word_1_919' title='bbox 1721 5387 1987 5443; x_wconf 76' lang='lat' dir='ltr'><strong>vestrum,</strong></span> 
     </span>
    </p>
   </div>
   <div class='ocr_carea' id='block_1_106' title="bbox 2166 5087 3690 5167">
    <p class='ocr_par' dir='ltr' id='par_1_106' title="bbox 2166 5087 3690 5167">
     <span class='ocr_line' id='line_1_107' title="bbox 2166 5087 3690 5167; baseline -0.007 -13"><span class='ocrx_word' id='word_1_920' title='bbox 2166 5100 2253 5154; x_wconf 76' lang='grc'><strong>10.</strong></span> <span class='ocrx_word' id='word_1_921' title='bbox 2290 5099 2443 5167; x_wconf 79' lang='grc' dir='ltr'>Ὀρθ.</span> <span class='ocrx_word' id='word_1_922' title='bbox 2477 5097 2675 5150; x_wconf 73' lang='grc' dir='ltr'>’Ἄκουε</span> <span class='ocrx_word' id='word_1_923' title='bbox 2699 5088 2792 5148; x_wconf 79' lang='grc' dir='ltr'><strong>οὖν</strong></span> <span class='ocrx_word' id='word_1_924' title='bbox 2817 5091 2925 5146; x_wconf 84' lang='grc' dir='ltr'>τῶν</span> <span class='ocrx_word' id='word_1_925' title='bbox 2951 5088 3075 5161; x_wconf 78' lang='grc' dir='ltr'>ἑξῆς</span> <span class='ocrx_word' id='word_1_926' title='bbox 3095 5107 3111 5120; x_wconf 76' lang='grc' dir='ltr'><strong>ο</strong></span> <span class='ocrx_word' id='word_1_927' title='bbox 3144 5107 3162 5140; x_wconf 81' lang='grc' dir='ltr'><strong>ι</strong></span> <span class='ocrx_word' id='word_1_928' title='bbox 3195 5087 3476 5161; x_wconf 78' lang='grc' dir='ltr'>Ληφθήτω</span> <span class='ocrx_word' id='word_1_929' title='bbox 3499 5087 3558 5142; x_wconf 82' lang='grc' dir='ltr'>δὲ</span> <span class='ocrx_word' id='word_1_930' title='bbox 3578 5088 3690 5159; x_wconf 81' lang='grc'><strong>(10)</strong></span> 
     </span>
    </p>
   </div>
   <div class='ocr_carea' id='block_1_107' title="bbox 2097 5180 3690 5262">
    <p class='ocr_par' dir='ltr' id='par_1_107' title="bbox 2097 5180 3690 5262">
     <span class='ocr_line' id='line_1_108' title="bbox 2097 5180 3690 5262; baseline -0.008 -17"><span class='ocrx_word' id='word_1_931' title='bbox 2097 5191 2261 5262; x_wconf 79' lang='grc' dir='ltr'>ὕδωρ,</span> <span class='ocrx_word' id='word_1_932' title='bbox 2307 5189 2401 5243; x_wconf 72' lang='grc' dir='ltr'>καὶ</span> <span class='ocrx_word' id='word_1_933' title='bbox 2438 5187 2750 5258; x_wconf 75' lang='grc' dir='ltr'>νιψάτωσαν</span> <span class='ocrx_word' id='word_1_934' title='bbox 2783 5184 2908 5248; x_wconf 77' lang='grc' dir='ltr'>τοὺς</span> <span class='ocrx_word' id='word_1_935' title='bbox 2937 5182 3103 5245; x_wconf 83' lang='grc' dir='ltr'>πόδας</span> <span class='ocrx_word' id='word_1_936' title='bbox 3145 5180 3300 5252; x_wconf 79' lang='grc' dir='ltr'>ὑμῶν</span> <span class='ocrx_word' id='word_1_937' title='bbox 3322 5198 3336 5212; x_wconf 78' lang='grc' dir='ltr'><strong>ο</strong></span> <span class='ocrx_word' id='word_1_938' title='bbox 3387 5181 3487 5235; x_wconf 79' lang='grc' dir='ltr'>καὶ</span> <span class='ocrx_word' id='word_1_939' title='bbox 3522 5198 3690 5234; x_wconf 83' lang='grc' dir='ltr'>κατα-</span> 
     </span>
    </p>
   </div>
   <div class='ocr_carea' id='block_1_108' title="bbox 2095 5273 3691 5354">
    <p class='ocr_par' dir='ltr' id='par_1_108' title="bbox 2095 5273 3691 5354">
     <span class='ocr_line' id='line_1_109' title="bbox 2095 5273 3691 5354; baseline -0.009 -16"><span class='ocrx_word' id='word_1_940' title='bbox 2095 5281 2303 5354; x_wconf 73' lang='grc' dir='ltr'>ψύξατε</span> <span class='ocrx_word' id='word_1_941' title='bbox 2340 5282 2443 5337; x_wconf 85' lang='grc' dir='ltr'>ὑπὸ</span> <span class='ocrx_word' id='word_1_942' title='bbox 2468 5281 2531 5334; x_wconf 90' lang='grc' dir='ltr'>τὸ</span> <span class='ocrx_word' id='word_1_943' title='bbox 2555 5279 2789 5353; x_wconf 82' lang='grc' dir='ltr'>δένδρον.</span> <span class='ocrx_word' id='word_1_944' title='bbox 2819 5277 2931 5331; x_wconf 75' lang='grc' dir='ltr'><strong>Καὶ</strong></span> <span class='ocrx_word' id='word_1_945' title='bbox 2959 5274 3201 5348; x_wconf 76' lang='grc' dir='ltr'>λήψομαι</span> <span class='ocrx_word' id='word_1_946' title='bbox 3238 5274 3424 5346; x_wconf 80' lang='grc' dir='ltr'>ἄρτον,</span> <span class='ocrx_word' id='word_1_947' title='bbox 3458 5274 3559 5326; x_wconf 74' lang='grc' dir='ltr'>καὶ</span> <span class='ocrx_word' id='word_1_948' title='bbox 3585 5273 3691 5341; x_wconf 66' lang='grc' dir='ltr'><strong>φά-</strong></span> 
     </span>
    </p>
   </div>
   <div class='ocr_carea' id='block_1_109' title="bbox 2098 5361 3689 5446">
    <p class='ocr_par' dir='ltr' id='par_1_109' title="bbox 2098 5361 3689 5446">
     <span class='ocr_line' id='line_1_110' title="bbox 2098 5361 3689 5446; baseline -0.009 -16"><span class='ocrx_word' id='word_1_949' title='bbox 2098 5375 2282 5446; x_wconf 87' lang='grc' dir='ltr'>γεσθε,</span> <span class='ocrx_word' id='word_1_950' title='bbox 2312 5373 2407 5428; x_wconf 76' lang='grc' dir='ltr'>καὶ</span> <span class='ocrx_word' id='word_1_951' title='bbox 2456 5372 2594 5445; x_wconf 83' lang='grc' dir='ltr'>μετὰ</span> <span class='ocrx_word' id='word_1_952' title='bbox 2624 5369 2786 5425; x_wconf 79' lang='grc' dir='ltr'>τοῦτο</span> <span class='ocrx_word' id='word_1_953' title='bbox 2840 5365 3244 5441; x_wconf 79' lang='grc' dir='ltr'>παρελεύσεσθε</span> <span class='ocrx_word' id='word_1_954' title='bbox 3293 5366 3375 5429; x_wconf 82' lang='grc' dir='ltr'><strong>εἰς</strong></span> <span class='ocrx_word' id='word_1_955' title='bbox 3412 5361 3520 5435; x_wconf 79' lang='grc' dir='ltr'>τὴν</span> <span class='ocrx_word' id='word_1_956' title='bbox 3569 5361 3689 5417; x_wconf 74' lang='grc' dir='ltr'>ὁδὸν</span> 
     </span>
    </p>
   </div>
   <div class='ocr_carea' id='block_1_110' title="bbox 477 5527 1977 5602">
    <p class='ocr_par' dir='ltr' id='par_1_110' title="bbox 477 5536 1968 5600">
     <span class='ocr_line' id='line_1_111' title="bbox 477 5536 1968 5600; baseline -0.003 -8"><span class='ocrx_word' id='word_1_957' title='bbox 477 5537 524 5572; x_wconf 78' lang='grc'><strong>⁸⁸</strong></span> <span class='ocrx_word' id='word_1_958' title='bbox 557 5537 715 5593; x_wconf 85' lang='lat' dir='ltr'><strong>Joan.</strong></span> <span class='ocrx_word' id='word_1_959' title='bbox 756 5552 808 5600; x_wconf 77' lang='grc' dir='ltr'><strong>ν,</strong></span> <span class='ocrx_word' id='word_1_960' title='bbox 836 5536 927 5593; x_wconf 81' lang='lat'><strong>&#39;59.</strong></span> <span class='ocrx_word' id='word_1_961' title='bbox 1001 5537 1045 5568; x_wconf 81' lang='grc'>⁸¹</span> <span class='ocrx_word' id='word_1_962' title='bbox 1084 5536 1243 5594; x_wconf 84' lang='lat' dir='ltr'><strong>Rom.</strong></span> <span class='ocrx_word' id='word_1_963' title='bbox 1281 5536 1478 5599; x_wconf 70' lang='lat' dir='ltr'><strong>X|,~56.</strong></span> <span class='ocrx_word' id='word_1_964' title='bbox 1557 5538 1601 5571; x_wconf 81' lang='grc'><strong>⁸²</strong></span> <span class='ocrx_word' id='word_1_965' title='bbox 1639 5536 1776 5593; x_wconf 88' lang='lat' dir='ltr'><strong>Gen.</strong></span> <span class='ocrx_word' id='word_1_966' title='bbox 1813 5550 1968 5600; x_wconf 80' lang='lat' dir='ltr'><strong>xvut,</strong></span> 
     </span>
    </p>
   </div>
   <div class='ocr_carea' id='block_1_111' title="bbox 2088 5527 2799 5602">
    <p class='ocr_par' dir='ltr' id='par_1_111' title="bbox 2088 5527 2799 5587">
     <span class='ocr_line' id='line_1_112' title="bbox 2088 5527 2799 5587; baseline -0.004 0"><span class='ocrx_word' id='word_1_967' title='bbox 2088 5532 2138 5587; x_wconf 74' lang='lat'><strong>2.</strong></span> <span class='ocrx_word' id='word_1_968' title='bbox 2211 5531 2258 5563; x_wconf 80' lang='grc'><strong>⁸³</strong></span> <span class='ocrx_word' id='word_1_969' title='bbox 2296 5530 2434 5586; x_wconf 81' lang='lat' dir='ltr'><strong>ibid.</strong></span> <span class='ocrx_word' id='word_1_970' title='bbox 2505 5528 2551 5563; x_wconf 76' lang='grc'><strong>⁸⁸⁵</strong></span> <span class='ocrx_word' id='word_1_971' title='bbox 2589 5527 2720 5583; x_wconf 86' lang='lat' dir='ltr'><strong>ibid.</strong></span> <span class='ocrx_word' id='word_1_972' title='bbox 2743 5527 2799 5584; x_wconf 82' lang='grc'>5.</span> 
     </span>
    </p>
   </div>
   <div class='ocr_carea' id='block_1_112' title="bbox 483 5692 1168 5769">
    <p class='ocr_par' dir='ltr' id='par_1_112' title="bbox 483 5692 1168 5769">
     <span class='ocr_line' id='line_1_113' title="bbox 483 5692 1168 5769; baseline 0.004 -21"><span class='ocrx_word' id='word_1_973' title='bbox 483 5693 560 5765; x_wconf 79' lang='lat'><strong>(9)</strong></span> <span class='ocrx_word' id='word_1_974' title='bbox 599 5692 657 5749; x_wconf 87' lang='lat' dir='ltr'><strong>In</strong></span> <span class='ocrx_word' id='word_1_975' title='bbox 698 5709 833 5749; x_wconf 89' lang='lat' dir='ltr'><strong>mss.</strong></span> <span class='ocrx_word' id='word_1_976' title='bbox 865 5695 964 5748; x_wconf 80' lang='grc' dir='ltr'><strong>οὐκ</strong></span> <span class='ocrx_word' id='word_1_977' title='bbox 995 5694 1168 5769; x_wconf 68' lang='lat' dir='ltr'><strong>deest.</strong></span> 
     </span>
    </p>
   </div>
   <div class='ocr_carea' id='block_1_113' title="bbox 2169 5681 3035 5761">
    <p class='ocr_par' dir='ltr' id='par_1_113' title="bbox 2169 5681 3035 5761">
     <span class='ocr_line' id='line_1_114' title="bbox 2169 5681 3035 5761; baseline -0.009 -18"><span class='ocrx_word' id='word_1_978' title='bbox 2169 5688 2279 5761; x_wconf 87' lang='lat' dir='ltr'><strong>(l0)</strong></span> <span class='ocrx_word' id='word_1_979' title='bbox 2320 5686 2475 5759; x_wconf 67' lang='lat' dir='ltr'><strong>Mss,</strong></span> <span class='ocrx_word' id='word_1_980' title='bbox 2497 5687 2581 5759; x_wconf 82' lang='grc' dir='ltr'>δή.</span> <span class='ocrx_word' id='word_1_981' title='bbox 2609 5684 2752 5742; x_wconf 85' lang='lat' dir='ltr'><strong>Editi</strong></span> <span class='ocrx_word' id='word_1_982' title='bbox 2780 5698 2930 5751; x_wconf 87' lang='lat' dir='ltr'><strong>vero,</strong></span> <span class='ocrx_word' id='word_1_983' title='bbox 2961 5681 3035 5736; x_wconf 70' lang='grc' dir='ltr'>δέ.</span> 
     </span>
    </p>
   </div>
  </div>
