3862 6204
205 314 345 372 1⁸217

1137 313 1226 368 DE
1257 312 1528 369 sucu
1561 310 1936 368 TRINITATE
1963 307 2309 366 DIALOGUS
2347 292 2458 366 tu.’

3328 305 3469 363 1218

201 430 383 503 ὐμῶν,
410 448 473 486 ου
521 398 708 485 ἕνεκεν
732 430 1041 497 ἑξεκλίνατε
1087 432 1225 502 πρὸς
1264 431 1357 485 τὸν
1399 430 1567 485 παῖδα
1611 429 1787 501 ὑμῶν.

1897 427 2336 500 quandoquidem
2379 415 2702 503 declinastis
2742 426 2810 481 ad
2847 441 3065 483 servum
3098 432 3364 482 vestrum.
3406 423 3476 480 Et.

200 525 314 579 Καὶ
356 519 510 578 εἶπον
550 521 728 594 αὐτῷ’
774 522 963 587 Οὕτως
987 523 1243 595 ποίησον,
1276 523 1420 578 καθὰ
1466 522 1717 596 εἴρηκας.
1760 542 1781 577 ι

199 616 536 687 Γέγραπται,
577 614 700 685 ἢού
733 614 1074 687 γέγραπται;
1115 618 1271 670 Μακ.
1320 615 1638 685 Γέγραπται
1666 615 1784 670 ὅλα.

214 703 370 773 Ὀρθ.
415 705 474 758 ’0
496 704 555 758 δὲ
601 707 730 768 παῖς
760 704 985 776 Κυρίου,
1019 706 1102 759 ὃτι
1130 704 1242 776 (ll)
1272 708 1402 768 παῖς
1444 707 1593 759 ἐστιν
1636 707 1789 777 εἰρηυ

202 795 314 859 κὼς
336 794 537 861 αὐτῶν,
570 798 669 868 τὴν
702 797 871 868 αὐτὴν
894 797 1188 870 κυριότητα
1215 799 1392 852 αὐτῶν
1414 798 1784 871 ὡμολόγησεν.

202 888 338 942 Οὐδὲ
368 888 478 960 γὰρ
507 884 660 942 εἶπεν
682 904 698 919 ⁸
725 886 798 944 Οὗ
828 890 1010 945 ἕνεκεν
1045 889 1319 956 ὲξέκλινας
1342 892 1478 964 πρὸς
1510 892 1600 945 τὸν
1626 891 1790 946 παῖδά

203 997 298 1034 σου
321 997 336 1011 ο
367 980 523 1045 ἀλλὰ,
558 999 578 1033 ι
608 981 911 1053 ἐξεκλίνατε
940 982 1077 1054 πρὸς
1104 984 1195 1036 τὸν
1234 984 1400 1037 παῖδα
1430 984 1584 1056 ὑμῶν
1603 1002 1616 1015 ·
1661 1005 1679 1038 ι
1713 979 1788 1039 ὧν

201 1075 451 1139 καὶτοὺς
485 1075 652 1139 πόδας
687 1075 888 1145 ὁμοίως
925 1076 1077 1146 νίψαι
1112 1077 1460 1132 ἐσπούδασεν.
1487 1082 1640 1132 Max.
1678 1079 1788 1132 Kal.

199 1167 254 1219 τί
273 1168 470 1221 ἄτοπον
489 1168 735 1238 ἀγγέλων
760 1170 909 1238 νίψαι
936 1169 1100 1232 πόδας
1119 1185 1133 1235 ;
1161 1170 1271 1223 Καὶ
1293 1171 1401 1240 γὰρ
1417 1170 1627 1223 οὐδέπω
1647 1170 1787 1241 ᾔδει,

199 1259 283 1313 ὃτι
311 1262 339 1313 6
365 1259 495 1323 Θεδς
517 1255 585 1331 ἦν
607 1259 756 1331 αύτῷ
783 1260 988 1329 ὀφθεὶς,
1024 1261 1137 1314 ἀλλ’
1170 1260 1420 1332 ενόμιζεν
1452 1261 1563 1331 (12)
1590 1261 1788 1332 ἄνδρας

203 1352 387 1419 ξένους
411 1351 657 1417 ξενίζειν.
697 1355 852 1423 Ὀρθ.
881 1354 1092 1426 Δῶμεν,
1124 1355 1206 1408 ὅτι
1245 1354 1495 1426 Ἀϐραὰμ
1518 1353 1785 1425 ἐνόμιζεν,

201 1446 280 1511 ὡς
308 1441 496 1511 εἶπας
524 1448 572 1499 οἱ
593 1446 813 1515 ἄγγελοι
850 1448 948 1499 οὒκ
980 1446 1045 1501 ἂν
1074 1442 1224 1501 εἷπον
1246 1446 1413 1517 αὐτῷ,
1442 1448 1523 1499 ὅτι
1553 1448 1625 1517 μὴ
1657 1448 1787 1517 ἡμῖν

205 1543 463 1612 ἰσοτίμως
492 1540 760 1614 πρόσεχε;
807 1539 931 1603 Πῶς
955 1539 1010 1593 δὲ
1051 1540 1145 1593 καὶ
1193 1537 1438 1610 ἐνόμιζεν
1465 1539 1494 1591 ὁ
1536 1534 1788 1610 Ἀϐραὰμ

201 1634 402 1706 ἄνδρας
448 1631 630 1698 ξένους
677 1630 926 1697 ξενίζειν,
975 1634 1004 1686 6
1042 1630 1223 1685 πεσὼν
1268 1632 1360 1686 ἐπὶ
1397 1632 1494 1702 τὴν
1527 1634 1646 1703 γῆν,
1692 1630 1788 1685 καὶ

204 1726 609 1796 προσκυνήσας,
640 1726 735 1778 καὶ
758 1724 1093 1795 θεασάμενος
1112 1725 1309 1788 αὐτοὺς
1342 1725 1527 1778 ἐπάνω
1559 1723 1784 1790 saturei;

202 1817 362 1873 Οὕτω
407 1818 517 1891 γὰρ
564 1819 906 1890 γέγραπται,
959 1818 1040 1871 ὅτι
1079 1837 1099 1870 ι
1147 1818 1479 1887 ’Λναϐλέψας
1524 1819 1632 1888 (15)
1678 1821 1789 1882 τοῖς

1897 1812 2054 1885 spitio
2082 1811 2283 1882 excipi,
2315 1812 2408 1882 qui
2444 1820 2752 1881 prostratus
2783 1814 2835 1867 in
2866 1820 3068 1868 terram
3103 1814 3375 1880 adoravit,
3420 1824 3478 1873 et
3580 1806 3585 1811 ”

201 1910 499 1982 ίφθαλμοῖς
521 1910 683 1964 αὑτοῦ
707 1906 865 1974 εἶδεν,
885 1911 982 1965 καὶ
1017 1909 1125 1965 ἰδοὺ
1158 1914 1307 1982 τρεῖς
1338 1911 1528 1982 ἄνδρες
1556 1911 1789 1981 ἔστησαν

202 2005 392 2059 ἐπάνω
435 2004 620 2070 αὑτοῦ,
663 2024 682 2057 ι
716 2005 837 2075 οὐχὶ
862 2004 919 2057 δὲ
951 2003 1260 2075 ἔμπροσθεν
1290 2004 1475 2056 αὑτοῦ.
1499 2007 1652 2058 Max.
1685 2004 1789 2055 Οὐ-

201 2097 352 2151 δέπω
382 2092 450 2169 ἦν
494 2096 807 2170 φανερωθὲν
846 2095 1015 2167 αὐτῷ,
1052 2096 1134 2149 ὅτι
1170 2097 1219 2149 οἱ
1259 2097 1356 2166 μὲν
1377 2094 1594 2164 ἄγγελοι
1622 2090 1785 2165 ἦσαν,

201 2188 232 2238 6
259 2186 316 2240 δὲ
348 2185 498 2251 Θεός.
538 2188 694 2255 Ὀρθ.
723 2187 874 2251 Τέως
900 2184 995 2242 οὖν
1033 2187 1292 2258 ἰσοτίμως
1319 2187 1430 2257 (id)
1460 2186 1654 2251 αὐτοὺς
1680 2186 1790 2239 ἐδέ-

205 2278 368 2344 ξατο·
400 2298 419 2328 ι
454 2278 727 2332 Ἕσπευσε
758 2278 866 2352 γὰρ
900 2279 1151 2352 Ἀϐραὰμ
1179 2279 1270 2332 ἐπὶ
1301 2278 1398 2351 τὴν
1428 2278 1629 2351 σκηνὴν
1656 2279 1791 2352 πρὸς

204 2372 446 2444 Σάρραν,
478 2372 576 2425 καὶ
602 2367 755 2426 εἶπεν
776 2374 915 2444 αὐτῇ
938 2390 951 2403 ο
984 2373 1225 2426 Σπεῦσον
1258 2372 1351 2425 καὶ
1394 2371 1634 2444 φύρασον
1663 2370 1790 2443 τρία

206 2462 385 2535 μέτρα
414 2462 764 2534 σεμιδάλεως,
812 2466 906 2517 καὶ
941 2465 1164 2537 ποίησον
1210 2464 1533 2536 ἐγκρυφίας.
1571 2464 1682 2516 Καὶ
1713 2465 1792 2528 είς

203 2555 304 2618 τὰς
342 2554 471 2624 βόας
517 2553 749 2626 ἔδραμεν
800 2554 1080 2627 ’Λϐραάμ,
1113 2554 1208 2608 καὶ
1252 2554 1443 2607 ἔλαϐεν
1498 2554 1791 2625 μοσχάριον

208 2646 415 2702 ἁπαλὸν
458 2646 552 2700 καὶ
592 2647 778 2710 καλὸν,
824 2648 917 2701 καὶ
956 2647 1155 2701 ἔδωκεν
1178 2646 1255 2719 τῷ
1284 2647 1435 2701 παιδὶ
1480 2646 1666 2711 αὐτοῦ,
1697 2646 1793 2700 καὶ

206 2739 465 2809 ὲτάχυνεν
479 2738 573 2793 τοῦ
597 2740 847 2811 ποιῆσαι-
880 2740 1069 2795 ἔλαϐεν
1093 2740 1148 2794 δὲ
1182 2740 1461 2813 βούτυρον,
1493 2741 1587 2794 καὶ
1613 2739 1754 2809 γάλα
1775 2756 1789 2769 υ

205 2833 301 2886 καὶ
332 2831 394 2886 τὸ
423 2833 738 2906 μοσχάριον,
770 2833 798 2887 ὃ
840 2835 1086 2907 ἐποίησε,
1120 2833 1435 2904 παρέθηκεν
1464 2833 1669 2897 αὐτοῖς,
1698 2831 1794 2886 καὶ

206 2924 437 2994 ἔφαγον.
476 2925 648 2990 Αὐτὸς
685 2925 743 2978 δὲ
797 2926 1155 2998 παρειστήκει
1195 2924 1377 2988 αὐτοῖς
1415 2924 1520 2977 ὑπὸ
1561 2924 1626 2978 ’τὸ
1680 2923 1797 2991 δέν-

205 3015 354 3089 δρον.
389 3038 406 3070 ι
454 3018 850 3092 Γέγραπται,ἣ
895 3018 992 3085 ob;
1038 3021 1192 3072 Μακ.
1228 3018 1357 3072 Ναί.
1407 3018 1553 3087 Ὀρθ.
1597 3016 1706 3070 Καὶ
1743 3018 1794 3070 οἱ

206 3111 431 3180 ἄγγελοι
473 3111 760 3183 συνήσθιον
800 3110 878 3183 τῷ
906 3110 1046 3182 Θεῷ.
1089 3114 1241 3165 Μακ.
1286 3110 1550 3163 Ὀπτασία
1583 3104 1683 3183 ἦν,
1714 3108 1793 3163 ὅτι

206 3201 263 3259 δὲ
292 3202 511 3273 ἄγγελοι
537 3198 699 3275 ἦσαν,
728 3204 850 3258 εἰπὲ
879 3202 948 3256 τὰ
978 3200 1126 3274 ἑξῆς,
1157 3203 1252 3256 καὶ
1279 3202 1553 3275 εὑρήσεις.

288 3465 371 3522 il.
413 3466 560 3537 Ὀρθ.
589 3466 701 3521 Καὶ
726 3469 891 3540 ἡμεῖς
927 3468 1106 3539 ῐσμεν,
1141 3468 1223 3522 ὅτι
1249 3468 1308 3521 ὲν
1332 3469 1445 3533 τοῖς
1479 3467 1605 3539 ἑξῆς
1630 3469 1796 3537 ἀγγέ-

207 3559 336 3623 λους
362 3558 511 3629 λέγει
536 3561 662 3623 τοὺς
684 3560 777 3614 δύο
800 3575 815 3589 ο
843 3559 980 3615 ἀλλὰ
1000 3559 1163 3614 πάλιν
1187 3562 1245 3613 ἐν
1270 3563 1383 3623 τοῖς
1411 3560 1549 3630 μετὰ
1571 3560 1641 3614 τὰ
1667 3559 1796 3631 ἑξῆς

208 3651 416 3723 Κύριον
443 3653 640 3717 αὐτοὺς
669 3654 703 3724 ἡ
740 3636 932 3724 Γραφῆ
970 3652 1142 3707 καλεῖ.
1173 3651 1342 3723 Δῆλον
1367 3653 1496 3725 γὰρ,
1536 3653 1619 3707 δτι
1651 3654 1796 3707 καὶὸ

209 3745 338 3809 Υίδς
375 3743 603 3814 ἄγγελος
651 3744 911 3815 κέκληται
944 3745 1038 3798 καὶ
1072 3743 1133 3798 τὸ
1164 3743 1391 3816 Πνεῦμα
1425 3745 1486 3798 ού
1520 3744 1678 3816 μόνον
1707 3746 1795 3798 ἐν·

208 3837 404 3903 ταῦθα,
432 3838 569 3893 ἀλλὰ
612 3838 706 3891 καὶ
754 3839 814 3891 ὲν
857 3836 1056 3903 ἄλλοις.
1101 3837 1261 3892 Ἀλλὰ
1307 3837 1537 3909 ἄγγελος
1578 3838 1795 3908 λέγεται

207 3930 689 4004 καταχρηστικῶς,
722 3930 797 3995 ὡς
821 3932 877 3984 ὲν
909 3931 1246 4003 Εὑαγγελίῳ,
1268 3933 1397 3987 ὅταν
1420 3932 1588 4005 λέγῃ·
1625 3950 1644 3983 ι
1679 3932 1799 3987 Ἀν-

210 4024 430 4096 6ρωπός
461 4041 549 4088 τις
568 4024 864 4093 ἐφύτευσεν
908 4022 1227 4095 ἀμπελῶνα,
1260 4026 1356 4079 καὶ
1385 4024 1598 4091 ἐξέδοτο
1634 4025 1798 4078 αὐτὸν

208 4119 511 4189 γεωργοίς-
552 4135 570 4168 ι
605 4112 726 4170 εἶτα
769 4116 907 4187 μετὰ
951 4116 1127 4171 ταῦτα
1165 4115 1347 4187 λέγειν
1387 4134 1406 4167 ι
1459 4114 1798 4169 Ἀπέστειλεν

209 4211 340 4274 τοὺς
380 4208 601 4272 δούλους
644 4208 830 4273 αὐτοῦ,
863 4208 956 4262 καὶ
982 4208 1120 4279 μετὰ
1164 4209 1290 4272 τοὺς
1329 4207 1547 4271 δούλους
1579 4207 1694 4273 ἕνα,
1737 4207 1798 4261 δν

212 4302 379 4375 εἶχεν,
414 4303 556 4358 υἱόν·
596 4323 617 4356 ι
646 4302 801 4374 δῆλον
830 4303 911 4356 ὅτι
936 4302 1026 4356 τὸν
1060 4300 1283 4373 Πατέρα
1307 4299 1456 4371 λέγει
1488 4299 1794 4373 ἄνθρωπον.

212 4398 325 4450 Kal
358 4395 419 4449 τὸ
449 4394 583 4467 (15),
623 4412 642 4445 ι
676 4392 998 4466 ’Ἄνθρωπός
1040 4409 1125 4456 τις
1149 4392 1322 4446 ἐποίει
1347 4392 1558 4463 γάμους
1580 4390 1659 4462 τῷ
1697 4389 1798 4463 υἱῷ

1891 519 2152 575 dixerunt
2192 520 2277 575 ei:
2315 518 2394 573 lta
2444 500 2649 583 facito,
2706 526 2766 572 ut
2819 518 3007 574 dixisti
3047 520 3115 573 ιο.
3165 536 3185 569 ›
3230 517 3475 574 lloccine

1891 613 2156 682 scriptum
2185 622 2291 676 est,
2332 627 2402 667 an
2436 613 2583 667 non?
2629 610 2840 666 Maced.
2883 610 3079 664 Omnia
3116 611 3230 665 hinc
3264 610 3472 680 scripta

1890 710 2040 761 sunt.
2070 702 2228 760 Ortli.
2278 703 2482 759 Servus
2529 712 2710 758 autem
2742 701 2978 769 Domini,
3008 717 3131 756 cum
3172 717 3231 757 se
3266 701 3476 757 dicere:

1889 811 2079 851 eorum
2115 811 2355 861 servum,
2385 796 2636 851 eumdem
2675 795 2839 849 trium
2883 794 3224 849 dominatum
3260 793 3497 864 profes-.

1891 903 1987 944 sus
2018 895 2122 943 est.
2166 886 2354 958 Neque
2400 889 2543 943 enim
2579 888 2716 943 dixit
2753 907 2767 944 :
2801 889 3259 956 Quandoquidem
3302 891 3475 946 decli-

1888 979 2034 1034 uasti
2074 977 2143 1033 ad
2185 994 2402 1033 servum
2444 986 2626 1043 tuum,
2657 980 2752 1034 sed
2805 1000 2823 1032 ι
2871 981 3192 1037 declinastis
3239 982 3305 1035 ad
3354 998 3475 1037 ser-

1888 1087 2016 1125 vum
2045 1081 2309 1139 vestrum,
2345 1092 2363 1125 ι
2390 1089 2623 1142 quorum
2655 1074 2818 1127 etiam
2851 1075 3016 1145 pedes
3043 1079 3223 1131 lavare
3242 1078 3471 1133 studuit.

1890 1163 2103 1220 Mared.
2135 1163 2276 1231 Quid
2307 1180 2435 1219 vero
2478 1165 2706 1221 absurdi
2754 1174 2838 1221 est
2886 1168 2939 1220 in
2984 1183 3072 1231 eo,
3120 1169 3268 1238 quod
3304 1185 3475 1240 ange-

1888 1258 2067 1313 lorum
2102 1260 2267 1328 pedes
2294 1258 2458 1312 lavit?
2482 1256 2593 1312 Nec
2642 1260 2787 1312 enim
2830 1260 3009 1315 adhuc
3048 1271 3274 1317 noverat
3304 1263 3474 1317 Deum

1890 1350 1996 1405 sibi
2031 1344 2378 1419 apparuisse,
2420 1351 2515 1405 sed
2563 1352 2787 1421 putabat
2828 1369 2887 1406 se
2930 1364 3220 1409 extraneos
3259 1356 3475 1426 aliquos

1890 1443 2040 1499 viros
2074 1443 2314 1513 hospitio
2340 1444 2615 1513 eXcipere.
2654 1443 2808 1500 Ortlt.
2846 1444 3050 1502 Demus
3092 1447 3367 1501 Abraham
3400 1450 3475 1503 ita

1889 1537 2258 1600 existimasse,
2295 1544 2352 1590 ut
2378 1547 2431 1590 lu
2459 1536 2599 1592 dicis
2633 1553 2646 1589 :
2677 1552 2857 1592 annon
2889 1538 2937 1593 ei
2975 1539 3244 1595 dixissent
3274 1541 3474 1611 angeli,

1888 1642 1959 1682 ne
1996 1642 2098 1682 nos
2138 1628 2255 1698 pari
2289 1642 2354 1681 ac
2387 1629 2551 1682 istum
2584 1627 2792 1683 honore
2824 1628 3060 1685 allicias?
3101 1629 3168 1683 Et
3202 1632 3475 1701 quomodo

1889 1720 2165 1774 Abraham
2212 1721 2550 1776 existimavit
2592 1729 2888 1777 extraneos
2944 1723 3196 1778 homines
3225 1740 3256 1778 a
3288 1741 3347 1780 se
3381 1727 3478 1781 lio-

1889 1917 1985 1956 eos
2021 1916 2186 1971 supra
2216 1917 2275 1957 se
2296 1902 2469 1956 vidit?
2496 1901 2587 1957 Sic
2615 1905 2758 1959 enim
2785 1905 3051 1975 scriptum
3080 1913 3164 1961 est
3205 1925 3219 1963 :
3272 1927 3293 1959 ι
3345 1907 3480 1965 θυι)-

1888 1993 2013 2048 latis
2054 1994 2231 2049 oculis
2272 1994 2546 2065 respexit,
2578 2003 2632 2050 et
2664 2011 2795 2052 ecce
2828 2005 2940 2053 tres
2970 1998 3072 2053 viri
3101 2015 3268 2070 super
3296 2001 3475 2072 ipsum

1897 2094 2190 2149 steterunt,
2231 2107 2250 2139 ι
2292 2103 2402 2144 non
2436 2098 2640 2156 autem,
2684 2104 2869 2146 coram
2910 2092 3051 2162 ipso.
3086 2091 3297 2148 Maced.
3331 2093 3479 2150 Non-

1889 2176 2020 2229 dum
2077 2183 2197 2231 erat
2247 2178 2296 2231 ei
2346 2178 2702 2248 patefactum,
2761 2181 2899 2235 istos
2941 2182 3165 2252 quidem
3225 2187 3473 2252 angelos,

1891 2268 2040 2321 illum
2066 2283 2197 2323 vero
2226 2267 2396 2323 Deum
2438 2285 2583 2325 esse.
2630 2269 2785 2326 Ortli.
2819 2272 2975 2327 Tunc
3010 2274 3180 2343 igitur
3226 2290 3321 2329 eos
3360 2279 3478 2346 pari

1890 2365 2100 2419 honore
2141 2365 2358 2434 excepit
2392 2383 2404 2419 :
2440 2382 2459 2415 ι
2502 2362 2803 2421 Festinavit
2835 2367 2978 2421 enim
3006 2368 3278 2422 Abraham
3310 2369 3364 2423 in
3394 2375 3480 2423 ta-

1890 2454 2248 2509 bernaculum
2297 2454 2365 2509 ad
2414 2453 2641 2520 Saram,
2685 2463 2741 2511 et
2788 2455 2927 2511 dixit
2977 2455 3030 2512 ei
3078 2472 3094 2511 :
3147 2456 3367 2513 Festina
3422 2467 3477 2515 et

1892 2547 2095 2617 pinsito
2132 2554 2245 2602 tres
2279 2546 2474 2602 simila:
2509 2564 2822 2615 mensuras,
2859 2557 2913 2605 et
2945 2548 3035 2605 [ac
3078 2550 3477 2611 subcinerieios

1891 2654 2084 2710 panes.
2138 2638 2344 2695 Deinde
2393 2640 2461 2694 ad
2516 2650 2823 2696 armentum
2876 2642 3124 2696 cucurrit
3176 2641 3477 2709 Abraham,

1895 2739 2294 2801 acceptumque
2340 2730 2575 2785 vitulum
2631 2741 2878 2786 tenerum
2927 2739 2983 2786 et
3036 2732 3280 2801 Opimum
3326 2734 3480 2790 dedit

1894 2837 2057 2877 servo
2090 2838 2219 2884 suo,
2245 2823 2340 2893 qui
2373 2824 2685 2894 properavit
2716 2830 2774 2877 ut
2814 2825 3015 2880 faceret
3046 2839 3060 2877 :
3090 2833 3482 2897 acceptumque

1894 2915 2152 2988 butyrum
2197 2923 2251 2972 et
2303 2916 2420 2984 lae,
2477 2925 2531 2972 et
2581 2931 2745 2987 quem
2792 2926 3199 2987 praeparaverat
3250 2917 3480 2973 vitulum

1895 3008 2031 3079 ipsis
2062 3009 2335 3080 apposuit,
2376 3008 2469 3079 qui
2507 3008 2865 3064 comederunt
2898 3027 2911 3063 :
2952 3010 3070 3080 ipse
3096 3024 3226 3065 vero
3259 3010 3482 3065 astabat

1895 3102 1976 3154 eis
2006 3099 2110 3154 sub
2143 3100 2340 3154 arbore
2371 3099 2437 3153 ⁸⁸.
2477 3118 2496 3151 ι
2532 3097 2784 3155 Hieccine
2811 3101 3015 3170 scripta
3056 3108 3205 3167 sunt,
3242 3115 3311 3154 an
3339 3100 3484 3157 non?

1894 3188 2106 3245 Maced.
2179 3189 2378 3245 Etiam.
2438 3188 2594 3246 Ortli.
2655 3188 2724 3244 Et
2782 3191 2961 3261 angeli
3015 3206 3124 3247 una
3184 3207 3311 3248 cum
3370 3191 3482 3248 Deo

1893 3282 2285 3337 comederunt?
2334 3279 2545 3336 Maced.
2588 3280 2743 3336 V'isio
2786 3289 2905 3336 erat
2963 3300 2977 3337 :
3025 3282 3249 3354 angelos
3297 3290 3481 3338 autem

1892 3370 2086 3436 fuisse,
2110 3373 2226 3442 lege
2250 3388 2371 3443 quin
2399 3380 2726 3443 sequuntur,
2753 3379 2808 3427 et
2839 3372 3106 3429 invenies.

1970 3464 2056 3519 il.
2100 3463 2255 3519 Orth.
2324 3463 2391 3520 Et
2432 3480 2535 3520 nos
2593 3480 2813 3536 quoque
2862 3467 3117 3522 novimus
3164 3466 3289 3522 illos
3342 3466 3483 3524 duos

1894 3566 2086 3631 postea
2124 3559 2346 3629 angelos
2383 3559 2492 3614 dici
2518 3596 2533 3622 ,
2569 3560 2663 3614 sed
2703 3574 2928 3616 rursum
2969 3576 3066 3616 eos
3103 3569 3292 3631 postea
3330 3559 3483 3616 Scri-

1896 3662 2056 3724 ptura
2119 3650 2411 3708 Dominum
2463 3655 2721 3725 appellat.
2771 3651 2913 3709 Filio
2964 3669 3095 3709 vero
3142 3661 3197 3709 et
3250 3652 3479 3725 Spiritui

1897 3752 2115 3802 constat
2152 3747 2327 3817 angeli
2372 3762 2573 3803 nomen
2621 3746 2811 3812 tribui,
2863 3760 2976 3801 non
3027 3746 3134 3801 hoc
3183 3746 3306 3802 loco
3346 3747 3484 3803 dun-

1898 3845 2070 3902 taxat,
2106 3853 2296 3894 verum
2342 3840 2506 3893 etiam
2544 3839 2694 3894 alibi.
2725 3837 2854 3894 Sed
2914 3840 3139 3911 angelus
3185 3840 3483 3911 improprie

1897 3941 2127 3986 vocatur
2161 3949 2174 3987 :
2209 3932 2377 3986 veluti
2424 3947 2547 3987 cum
2583 3933 2640 3987 in
2689 3931 2981 4004 Evangelio
3024 3933 3158 3989 dicit
3193 3952 3207 3989 :
3251 3953 3270 3986 ι
3308 3932 3484 3989 llomo

1898 4023 2121 4094 quidam
2171 4024 2437 4095 plantavit
2488 4025 2745 4089 vineam,
2793 4031 2848 4080 et
2901 4025 3107 4080 locavit
3156 4040 3278 4081 eam
3335 4027 3485 4098 agri-

1898 4116 2039 4173 colis
2068 4116 2114 4148 ⁸⁷
2146 4133 2164 4183 ;
2207 4136 2225 4169 ι
2265 4125 2321 4172 et
2364 4126 2554 4187 postea
2583 4118 2808 4188 inquit:
2846 4136 2865 4168 ι
2909 4115 3058 4173 Misit
3096 4132 3287 4173 servos
3323 4132 3481 4182 suos,

1898 4216 2104 4281 etpost
2146 4225 2334 4266 servos
2364 4210 2571 4274 lilium,
2606 4224 2770 4280 quem
2808 4210 3037 4263 unicum
3074 4209 3311 4265 habebat
3350 4209 3417 4275 ⁸⁸,
3457 4229 3481 4263 ι

1899 4301 2072 4372 liquet
2100 4300 2314 4357 Patrem
2342 4302 2412 4357 ab
2440 4317 2508 4357 eo
2535 4300 2643 4356 dici
2667 4301 2971 4358 hominem.
3003 4300 3070 4356 Et
3101 4318 3225 4358 cum
3258 4304 3436 4376 inquit
3465 4323 3480 4359 :

1906 4415 1925 4447 ι
1962 4394 2137 4452 Ποιηο
2164 4394 2389 4467 quidam
2420 4395 2551 4451 fecit
2580 4395 2802 4466 nuptias
2828 4394 2939 4450 lilio
2963 4411 3063 4450 suo
3084 4395 3154 4461 ",
3192 4416 3212 4450 ι
3246 4397 3320 4452 ibi
3342 4413 3485 4470 quo-

212 4489 409 4563 αὐτοῦ’·
449 4508 468 4541 ι
498 4489 591 4543 καὶ
625 4486 859 4541 ἐνταῦθα
888 4486 947 4539 δὲ
983 4484 1151 4558 ἄνδρα
1185 4484 1348 4540 αὐτὸν
1381 4485 1560 4555 λέγει·
1596 4484 1731 4539 ἀλλὰ
1759 4486 1793 4557 ἡ

1901 4501 2008 4556 que
2069 4485 2347 4541 hominem
2395 4500 2520 4541 eum
2568 4495 2767 4553 vocat;
2832 4487 2929 4542 sed
2986 4503 3122 4544 usus
3179 4486 3483 4560 Scriptura:

211 4580 565 4653 πραγματεία
598 4580 698 4652 τῆς
724 4579 948 4651 Γραφῆς
981 4578 1113 4632 Θεὸν
1149 4578 1311 4633 αὐτὸν
1347 4578 1634 4633 δείκνυσιν.
1672 4578 1796 4633 Ὅτι

209 4675 270 4728 δὲ
303 4657 660 4746 φανερώτατα
687 4665 767 4735 εἷς
803 4671 913 4724 τῶν
940 4669 1033 4724 δύο
1061 4669 1308 4739 ἀγγέλων
1344 4670 1374 4723 6
1397 4670 1526 4733 Υἱὸς
1545 4665 1633 4742 ἦν,
1657 4669 1797 4742 αὐτὴ

212 4768 247 4837 ἡ
283 4765 472 4838 Γραφὴ
501 4764 754 4832 ἐδίδαξεν.
784 4766 939 4819 Μακ.
994 4764 1155 4830 Πῶςς
1211 4765 1364 4831 Ὀρθ.
1401 4762 1557 4816 Μετὰ
1586 4763 1696 4835 γὰρ
1735 4764 1798 4817 τὸ

214 4860 412 4928 φαγεῖν
433 4857 629 4921 αὐτοὺς
654 4856 747 4911 καὶ
781 4854 1139 4929 εύλογηθῆναι
1160 4854 1251 4909 τὸν
1290 4853 1561 4926 Ἀϐραὰμ,
1585 4856 1680 4909 καὶ
1699 4855 1798 4927 τὴν

212 4949 311 5003 τοῦ
347 4949 530 5002 Ἰσαὰκ
563 4948 748 5002 λαϐεῖν
792 4948 954 5003 αὑτὸν
1000 4947 1352 5017 ἐπαγγελίαν,
1383 4946 1555 5011 οὕτως
1591 4946 1797 5018 γέγρα-

215 5060 370 5108 πται,
393 5056 486 5097 και
512 5041 605 5096 ἐὰν
630 5040 1084 5114 μακροθυμήσῃς,
1110 5040 1272 5108 λέγω.
1291 5045 1443 5096 Μακ.
1462 5040 1618 5095 Εἰπέ.
1649 5041 1796 5110 Ὀρθ.

218 5156 240 5189 ι
282 5137 394 5191 Καὶ
419 5139 448 5191 6
488 5135 693 5208 Κύριος
730 5130 883 5189 εἶπεν
905 5151 917 5163 ·
948 5135 1023 5189 Ού
1061 5134 1137 5207 μὴ
1178 5133 1371 5205 κρύψω
1408 5132 1517 5188 ἀπὸ
1553 5132 1800 5205 Ἀϐραὰμ

286 5292 333 5325 ⁸³
372 5291 509 5348 Gen.
533 5306 693 5354 xvm,
729 5291 785 5356 4,
824 5289 877 5345 5.
953 5289 1000 5323 ⁸⁸
1034 5289 1166 5346 ibid.
1199 5288 1320 5347 6-8.
1395 5288 1443 5322 "
1482 5288 1615 5345 Luc.
1651 5305 1744 5351 xx,
1779 5290 1831 5346 9.

248 5453 401 5579 6(ll)
437 5454 562 5509 ’Ὅτι
592 5457 797 5512 abesta
836 5454 952 5510 Pal.
985 5450 1191 5509 Ibidem
1227 5451 1645 5523 ιιιεε.,εἰρηκὼς
1671 5450 1799 5504 ἐαυ-

278 5544 327 5579 ν.

212 5544 327 5582 τον.

291 5596 403 5666 (12)
430 5596 630 5668 Palat.,
661 5597 935 5668 ἐνόμισεν.
1028 5665 1057 5668 __
1216 5590 1219 5591 ν

282 5663 399 5793 $5)
430 5667 627 5735 Palat.,
654 5663 857 5722 ὅτικαὶ
906 5665 1167 5722 ἀναϐληη
1214 5665 1309 5720 καὶ
1363 5663 1471 5719 ἰδοὺ
1515 5666 1665 5735 τρεῖς
1692 5663 1796 5718 ἄγ-

214 5756 279 5811 re
313 5754 385 5795 ot.

1900 4580 2050 4636 hunc
2077 4595 2200 4636 esse
2229 4578 2403 4634 Deum
2435 4578 2802 4635 demonstrat.
2835 4577 3121 4650 Scriptura
3152 4596 3281 4637 vero
3303 4581 3482 4635 mani-

1903 4673 2203 4729 festissime
2260 4669 2443 4736 docet,
2494 4687 2665 4725 unum
2719 4687 2785 4726 ex
2842 4672 2928 4727 his
2994 4671 3212 4727 duobus
3271 4672 3490 4742 angelis

1904 4764 2076 4819 fuisse
2117 4762 2337 4819 Filium.
2379 4761 2591 4818 Maced.
2621 4762 2947 4830 Quomodo?
2972 4762 3125 4819 Ortli.
3156 4762 3292 4817 Nam
3330 4762 3483 4834 post-

1902 4872 2066 4928 quam
2092 4857 2485 4922 comedissent,
2513 4866 2567 4913 et
2591 4856 2929 4912 benedictus
2954 4855 3152 4913 fuisset
3176 4856 3482 4920 Abraham,

1903 4957 2129 5018 accepta
2174 4949 2329 5003 Isaae
2377 4949 2778 5018 promissione,
2823 4949 2897 5002 ita
2948 4949 3217 5017 scriptum
3256 4954 3375 5015 est,
3426 4953 3481 5000 et

1901 5040 2107 5107 dicam,
2149 5040 2196 5095 si
2238 5040 2403 5096 modo
2442 5043 2742 5097 sustineas.
2775 5039 2985 5094 Maced.
3016 5039 3134 5093 Die.
3169 5037 3322 5095 Ortli.
3362 5055 3383 5090 ι
3416 5036 3481 5092 Et

1902 5131 2171 5189 Dominus
2226 5134 2365 5215 dixit
2418 5153 2433 5189 :
2488 5132 2612 5189 Non
2682 5134 2872 5191 celabo
2923 5133 3199 5189 Abraham
3257 5146 3481 5189 servum

1917 5289 1964 5322 ιε
2004 5290 2136 5346 ibid.
2174 5290 2360 5346 ιο-ιδ.
2438 5291 2485 5324 σο
2528 5289 2719 5346 Matth.
2757 5288 2984 5358 “21,2.

1976 5447 2580 5529 (id).Edit._Steph_an.,
2617 5447 2911 5529 ἰσοτίμους.
2942 5445 3064 5502 Mox
3095 5454 3220 5529 post
3243 5443 3480 5529 ὲδέξᾳτρ,

1905 5521 1961 5575 in
1986 5518 2149 5576 editis
2184 5522 2399 5593 legitur,
2441 5518 2628 5590 ὥσπερ
2658 5518 2990 5591 γέγραπται,
3028 5532 3150 5589 quae.
3189 5519 3390 5575 desunt
3424 5520 3482 5571 in

1904 5606 2090 5736 ηιῇϐ)
2122 5661 2196 5716 Τό
2217 5662 2369 5719 deest
2391 5662 2446 5717 in
2480 5658 2729 5716 Palatino
