3850 6226
388 294 521 349 1219

1541 292 1596 348 S‘.
1639 289 2101 348 ATHANASIUS.
2141 319 2209 331 -—
2249 289 2524 347 SPURIA.

3492 287 3636 342 ηαξ)

388 421 588 470 meum,
616 420 738 475 quae
762 419 863 477 ego
887 420 1007 461 sum
1036 404 1306 464 facturus.
1332 406 1606 464 Abraham
1646 417 1827 462 autem
1862 406 1951 462 (iet

2065 406 2143 460 τοῦ
2191 406 2379 470 παιδός
2415 424 2538 479 μου,
2567 406 2604 461 ἀ
2644 405 2822 477 μέλλω
2864 406 3037 458 ποιεῖν
3087 405 3216 473 ἐγώ.
3246 478 3255 479 7
3288 402 3546 473 ’Λόραὰμ

389 499 443 551 in
472 507 685 568 gentem
717 512 969 569 magnam
1000 504 1055 552 et
1082 499 1384 569 copiosam,
1418 507 1474 554 et
1516 499 1573 553 in
1620 514 1686 554 eo
1726 498 1954 554 benedi-

387 597 578 644 centur
610 604 799 644 omnes
848 599 1008 645 terra:
1038 593 1288 647 nationes
1344 611 1357 647 :
1403 610 1423 644 ι
1472 600 1528 647 et
1566 592 1728 661 paulo
1766 598 1890 661 post
1939 611 1950 644 :

391 698 411 730 ι
453 678 598 734 Dixit
645 688 830 734 autem
863 680 1128 736 Dominus
1171 700 1184 735 :
1226 681 1445 736 Clamor
1494 680 1857 735 Sodomorum
1903 689 1958 736 et

386 768 706 825 Gomorrhm
747 772 1023 827 increbuit
1072 772 1142 827 ad
1187 789 1295 839 me,
1338 780 1392 828 et
1435 773 1682 843 ipsorum
1729 781 1956 843 peccata

387 871 517 916 sunt
545 878 741 933 magna
772 864 946 920 valde.
975 864 1135 937 M7
1166 863 1516 921 Descendens
1541 865 1709 935 igitur
1736 864 1953 930 videbo,

389 969 519 1007 num
549 956 852 1010 secundum
881 958 1173 1012 clamorem
1203 958 1447 1027 ipsorum
1477 958 1571 1027 qui
1601 956 1670 1011 ad
1698 972 1784 1012 me
1808 958 1958 1012 venit

389 1048 701 1117 compleant
742 1067 755 1101 :
808 1049 895 1103 sin
939 1064 1099 1103 secus
1141 1058 1244 1111 est,
1289 1056 1349 1101 ut
1390 1048 1583 1103 sciam.
1617 1047 1683 1101 Et
1725 1048 1956 1117 digressi

393 1137 521 1192 inde
546 1140 649 1192 viri
684 1149 952 1194 venerunt
986 1139 1224 1195 Sodoma
1268 1160 1280 1194 :
1316 1140 1587 1194 Abraham
1619 1155 1750 1196 vero
1779 1140 1956 1195 stabat

391 1245 576 1285 coram
629 1231 879 1295 Domino,
940 1241 994 1286 et
1043 1234 1492 1304 appr0pinquans
1554 1234 1692 1288 dixit
1752 1253 1765 1289 :
1818 1233 1956 1287 Num

392 1321 813 1391 perdesjustum
848 1339 953 1376 una
997 1339 1121 1377 cum
1170 1326 1372 1396 impio,
1407 1335 1461 1380 et
1511 1326 1616 1381 erit
1671 1325 1855 1395 justus
1898 1336 1959 1379 ut

393 1411 635 1481 impius?
666 1411 723 1466 Si
763 1414 966 1469 fuerint
996 1416 1051 1469 in
1092 1416 1225 1469 urbe
1268 1416 1658 1487 quinquaginta
1698 1417 1859 1486 justi,
1887 1431 1957 1471 an

393 1519 489 1559 eos
523 1507 740 1574 perdes,
778 1522 956 1577 neque
984 1508 1085 1563 toti
1131 1509 1252 1563 loco
1283 1508 1525 1562 remittes
1556 1517 1775 1577 pr0pter
1807 1508 1960 1578 quin-

392 1598 652 1666 quaginta
692 1598 895 1667 justos,
933 1599 980 1653 si
1019 1600 1075 1653 in
1119 1601 1254 1653 urbe
1298 1597 1540 1654 fuerint?
1568 1599 1725 1654 Absit
1764 1609 1824 1653 ut
1853 1598 1958 1655 hoc

394 1703 545 1757 agas,
592 1700 651 1744 ut
690 1690 896 1759 justum
940 1706 1065 1746 cum
1116 1690 1284 1762 impio
1332 1691 1649 1755 interﬁcias,
1684 1700 1738 1746 et
1774 1692 1955 1761 justus

390 1785 498 1839 erit
549 1790 608 1838 ut
657 1784 890 1854 impius!
941 1785 1118 1841 absit!
1168 1786 1251 1840 An
1293 1785 1389 1857 qui
1430 1784 1598 1854 judex
1648 1792 1732 1839 est
1789 1786 1958 1841 totius

392 1883 574 1937 terrae,
607 1890 716 1929 non
746 1876 1048 1944 judicabit?
1077 1875 1222 1930 Dixit
1252 1885 1430 1931 autem
1463 1874 1729 1930 Dominus
1765 1893 1779 1928 :
1812 1873 1870 1929 Si
1902 1875 1957 1929 in

395 1967 649 2022 Sodomis
678 1967 938 2023 invenero
964 1968 1019 2021 in
1043 1954 1178 2023 urbe
1207 1966 1602 2038 quinquaginta
1624 1966 1823 2036 justos,
1853 1967 1957 2020 toti

397 2059 521 2114 loco
566 2060 841 2115 remittam
870 2060 923 2113 in
954 2075 1143 2115 eorum
1174 2059 1402 2130 gratiam
1430 2058 1500 2114 ⁹⁹.
1538 2076 1558 2111 ι
1590 2056 1656 2111 Ει
1688 2058 1762 2112 ita
1787 2057 1961 2112 Abra-

398 2153 524 2207 ham
568 2153 854 2208 subductis
878 2154 1118 2222 quinque
1138 2194 1153 2219 ,
1186 2160 1241 2208 et
1270 2169 1492 2208 rursum
1536 2154 1809 2224 quinque,
1837 2166 1961 2221 per-

396 2244 543 2297 venit
571 2258 743 2310 usque
774 2241 841 2295 ad
866 2244 1055 2297 decem
1091 2261 1104 2296 :
1140 2259 1159 2292 ι
1192 2240 1447 2313 Dixitque
1470 2241 1613 2299 Deus
1644 2262 1658 2297 :
1688 2240 1806 2296 Non
1836 2255 1955 2310 per-

405 2334 527 2387 dam
563 2335 617 2387 in
648 2334 876 2404 gratiam
911 2335 1096 2389 decem
1128 2336 1355 2390 istorum
1392 2354 1404 2389 :
1436 2343 1490 2390 et
1517 2334 1650 2389 abiit
1674 2334 1959 2399 Dominus,

397 2431 683 2493 postquam
715 2423 967 2477 desiisset
1005 2424 1153 2494 loqui
1186 2424 1253 2479 ad
1298 2425 1570 2479 Abraham
1622 2444 1636 2478 :
1688 2425 1960 2480 Abraham

397 2530 613 2585 quoque
642 2513 803 2569 rediit
836 2514 1056 2570 domum
1090 2531 1243 2571 suam
1274 2518 1343 2570 9'.
1380 2536 1399 2568 ι

470 2607 557 2662 12.
615 2606 821 2661 Maced.
886 2606 982 2661 Dic
1050 2622 1170 2677 quae
1218 2622 1345 2662 mox
1405 2615 1733 2678 sequuntur.
1806 2608 1958 2665 Orth.

405 2716 425 2749 ι
460 2698 740 2753 Venerunt
773 2707 953 2753 autem
985 2698 1189 2753 duoilli
1213 2699 1388 2769 angeli
1415 2699 1675 2756 Sodoma.
1700 2720 1719 2753 ι
1748 2698 1959 2755 Macod.

397 2788 569 2844 Audis
596 2788 734 2844 duos
766 2789 887 2844 illos
916 2787 1086 2845 fuisse
1128 2789 1384 2859 angelos?
1430 2789 1587 2844 Orth.
1622 2791 1794 2847 Antea
1825 2792 1961 2858 dixi,

399 2882 544 2937 sicut
573 2880 858 2952 Scriptura
886 2881 1026 2938 duos
1055 2882 1179 2937 illos
1209 2881 1424 2937 vocavit
1451 2882 1619 2948 viros,
1649 2884 1743 2954 qui
1771 2890 1954 2940 tamen

397 2974 501 3027 viri
537 2983 735 3027 natura
773 2989 885 3027 non
918 2982 1095 3039 erant,
1128 2976 1209 3029 sic
1243 2977 1408 3029 etiam
1434 2974 1556 3030 illos
1586 2976 1734 3045 ipsos
1770 2992 1965 3033 vocare

399 3063 642 3133 angelus,
691 3066 783 3133 qui
819 3062 994 3131 angeli
1019 3070 1213 3117 natura
1246 3078 1356 3116 non
1380 3071 1557 3127 erant,
1590 3063 1752 3133 idque
1771 3064 1965 3134 impro-

400 3156 540 3227 prie,
571 3169 637 3209 eo
668 3154 812 3223 quod
844 3152 938 3208 Dei
966 3153 1257 3208 consilium
1288 3154 1626 3208 nuntiarent.
1659 3154 1962 3211 Audiamus

401 3254 582 3301 autem
613 3261 734 3316 quae
763 3255 1086 3314 sequuntur.
1112 3243 1283 3315 Magis
1306 3245 1452 3300 enim
1476 3258 1508 3297 a
1532 3245 1694 3299 ruina
1725 3244 1965 3301 civitatis

400 3337 705 3392 erudimur.
748 3334 959 3390 Maced.
1010 3334 1126 3390 Dic.
1172 3334 1328 3389 Orth.
1390 3353 1409 3385 ‹
1459 3333 1738 3391 Venerunt
1784 3344 1964 3392 autem

399 3429 510 3483 duo
554 3428 632 3482 illi
683 3426 859 3497 angeli
904 3424 1140 3481 Sodoma
1186 3440 1443 3496 vespere,
1493 3424 1633 3480 Loth
1671 3433 1851 3481 autem
1897 3427 1965 3481 ad

402 3530 614 3593 portam
645 3518 1008 3574 Sodomorum
1055 3518 1309 3582 sedebat,
1338 3518 1432 3586 qui
1467 3533 1565 3574 eos
1592 3519 1963 3589 conspicatus,

401 3612 645 3666 occurrit
669 3611 804 3681 ipsis
831 3610 1049 3664 obviam
1072 3650 1088 3676 ,
1114 3617 1168 3663 et
1198 3609 1335 3663 facie
1364 3609 1420 3663 in
1452 3618 1655 3665 terram
1694 3617 1967 3681 prostrata

401 3704 667 3764 adoravit,
709 3701 954 3773 dixitque
1000 3721 1015 3757 :
1051 3701 1215 3765 Ecce,
1247 3701 1474 3769 domini,
1518 3701 1869 3757 diversamini
1909 3701 1967 3756 in

401 3796 623 3850 domum
649 3795 793 3851 servi
827 3794 1015 3859 vestri,
1038 3801 1093 3849 et
1120 3801 1458 3865 pernoctate,
1484 3801 1537 3848 et
1570 3793 1773 3848 abluite
1802 3791 1968 3864 pedes

400 3892 634 3949 vestros,
677 3891 733 3939 et
764 3884 1006 3940 diluculo
1044 3885 1346 3953 experrecti
1388 3884 1625 3956 pergetis
1666 3892 1848 3942 vestro
1886 3885 1969 3939 iti-

403 3990 532 4028 nere
573 3976 643 4027 θ’.
676 3992 696 4025 ι
725 3972 917 4039 Audis,
959 3973 1107 4044 quod
1140 3989 1236 4029 eos
1274 3973 1603 4039 adoraverit,
1639 3983 1693 4030 et
1720 3974 1969 4030 dominos

403 4065 660 4135 appellet,
683 4071 739 4119 et
757 4079 945 4118 eorum
982 4079 1198 4119 servum
1222 4079 1343 4120 sese
1370 4064 1727 4135 proﬁteatur?
1758 4064 1968 4122 Maced.

416 4156 651 4212 Putabat
671 4172 765 4212 eos
795 4172 917 4212 esse
942 4157 1210 4223 homines,
1241 4163 1315 4221 et,
1345 4171 1470 4211 cum
1493 4158 1774 4229 hospitalis
1804 4165 1968 4223 esset,

404 4248 653 4302 adoravit
695 4262 813 4308 eos,
859 4255 914 4302 et
959 4247 1214 4302 dominos
1259 4249 1493 4304 vocavit.
1553 4248 1707 4304 Orth.
1770 4248 1877 4303 Sed
1922 4250 1967 4305 si

406 4339 637 4394 fuissent
682 4340 881 4410 angeli,
926 4339 1194 4394 dixissent
1231 4340 1281 4396 ei
1322 4356 1338 4394 ε
1395 4359 1413 4392 ‹
1474 4340 1762 4395 Dominum
1803 4339 1971 4397 Deum

2056 498 2343 567 γενόμενος
2365 478 2516 552 ἔσται
2537 500 2616 562 εἰς
2640 496 2792 561 ἔθνος
2821 498 2962 569 μέγα
2983 496 3077 551 καὶ
3106 478 3263 561 πολὺ,
3291 496 3389 550 καὶ
3419 494 3643 549 ἐνευλο-

2056 589 2386 662 γηθήσονται
2407 592 2464 644 ἐν
2497 588 2643 660 αύτῷ
2679 589 2856 643 πάντα
2886 590 2955 644 τά
2992 589 3118 661 ἔθνη
3148 590 3249 661 τῆς
3281 588 3421 657 γῆς’
3467 608 3487 639 ι
3514 584 3642 642 εἶτα

2060 686 2178 755 μετ’
2210 683 2385 752 ὀλίγα’
2419 702 2438 735 ι
2464 679 2598 737 Εἶπε
2626 683 2683 736 δέ
2709 686 2739 737 6
2768 682 2990 755 Κύριος
3010 682 3242 754 Κραυγὴ
3265 683 3519 754 Σοδόμων
3542 683 3641 735 καὶ

2056 774 2339 848 Γομόρρας
2366 775 2735 847 πεπλήθυνται
2764 776 2903 847 πρὸς
2934 776 3023 846 μὲ,
3053 777 3147 830 καὶ
3166 778 3222 830 αἱ
3248 777 3517 848 ἁμαρτίαι
3551 776 3643 830 αύ-

2056 865 2165 919 τῶν
2197 866 2429 937 μεγάλαι
2463 867 2686 937 σφόδρα.
2724 866 2983 930 Καταϐὰς
3012 862 3106 920 οὖν
3138 866 3363 938 ὂψομαι,
3391 869 3445 920 εἰ
3491 867 3641 920 κατά

2056 956 2154 1027 τὴν
2194 957 2439 1027 κραυγὴν
2470 956 2649 1009 αὐτῶν
2689 956 2785 1028 τὴν
2814 956 3117 1029 ἐρχομένην
3151 958 3286 1028 πρὸς
3328 958 3399 1027 μὲ
3447 974 3642 1011 συντε-

2058 1048 2302 1102 λοῦνται⁶
2329 1051 2375 1103 εἰ
2406 1049 2464 1103 δέ
2498 1049 2594 1121 μὴ,
2625 1050 2712 1102 ἵνα
2739 1049 2872 1118 γνῶ.
2894 1050 3003 1103 Καὶ
3026 1049 3469 1122 ἀποστραφέντες
3494 1052 3644 1104 ἐκεί-

2060 1139 2148 1193 θεν
2176 1141 2227 1192 οἱ
2251 1138 2459 1211 ἄνδρες,
2481 1135 2643 1211 ἦλθον
2673 1141 2752 1203 εἰς
2775 1139 3002 1210 Σόδομα.
3042 1137 3289 1209 Ἀϐραὰμ
3311 1138 3370 1191 δέ
3388 1134 3459 1209 ἦν
3482 1141 3645 1210 ἐστη-

2060 1228 2170 1293 κὼς
2192 1228 2367 1281 έναντι
2401 1229 2635 1300 Κυρίου·
2669 1228 2761 1281 καὶ
2793 1226 3016 1296 ἐγγίσας
3032 1225 3282 1297 Ἀϐραὰμ
3312 1220 3500 1279 εἶπεν·
3542 1226 3638 1296 Μὴ

2061 1320 2442 1384 συναπολέσεις
2475 1320 2586 1392 (16)
2610 1320 2815 1373 δίκαιον
2849 1319 2988 1391 μετά
3021 1318 3272 1381 ἀσεϐοῦς,
3298 1318 3395 1371 καὶ
3426 1317 3584 1371 ἔσται
3610 1319 3640 1369 ὁ

2058 1413 2282 1479 δίκαιος,
2304 1414 2379 1478 ὡς
2398 1415 2427 1467 ὁ
2454 1413 2690 1485 ἀσεϐής;
2718 1413 2842 1467 Ἐὰν
2862 1407 2963 1469 ὧσι
2985 1413 3318 1483 πεντήκοντα
3348 1411 3548 1464 δίκαιοι
3578 1411 3639 1462 ἐν

2058 1508 2125 1576 τῇ
2154 1504 2327 1571 πόλει,
2356 1504 2637 1569 ἀπολέσεις
2669 1505 2886 1568 αὐτοὺς,
2919 1505 3013 1558 καὶ
3038 1504 3139 1557 οὐκ
3165 1505 3387 1575 ἀνήσεις
3417 1503 3639 1557 ἅπαντα

2058 1596 2150 1649 τὸν
2179 1596 2341 1650 τόπον
2386 1596 2570 1650 ἕνεκεν
2592 1597 2701 1650 τῶν
2729 1598 3067 1666 πεντήκοντα
3104 1594 3346 1659 δικαίων,
3378 1594 3475 1647 ἐὰν
3499 1588 3639 1647 ὦσιν

2059 1689 2118 1741 ἐν
2148 1689 2315 1760 αὐτῇς
2353 1688 2633 1761 Μηδαμῶς
2672 1689 2736 1741 σὺ
2783 1689 3017 1761 ποιήσῃς
3041 1688 3151 1759 (17)
3175 1688 3235 1740 τὸ
3258 1687 3410 1759 ῥῆμα
3448 1687 3636 1747 τοῦτο.

1988 1773 2030 1829 Β
2056 1778 2151 1832 τοῦ
2186 1779 2500 1833 ἀποκτεῖναι
2547 1778 2754 1833 δίκαιον
2804 1779 2942 1850 μετά
2986 1778 3237 1842 ἀσεϐοῦς,
3290 1780 3384 1831 καὶ
3422 1778 3582 1831 ἐσται
3609 1780 3642 1831 6

2057 1870 2259 1935 δίκαιος
2290 1871 2365 1936 ὡς
2392 1873 2421 1924 ὁ
2449 1870 2682 1943 ἀσεϐής
2704 1869 2989 1941 μηδαμῶς.
3030 1871 3088 1922 Ὀ
3114 1871 3310 1941 κρίνων
3333 1870 3516 1923 πᾶσαν
3533 1867 3639 1940 τὴν

2057 1961 2160 2032 γῆν
2176 1962 2238 2014 ού
2254 1962 2466 2032 ποιήσει
2496 1960 2705 2033 κρίσινς
2753 1957 2922 2013 Εἶπεν
2948 1959 3005 2012 δέ
3034 1960 3063 2011 ὁ
3095 1959 3297 2031 Κύριος
3315 1977 3329 1989 ·
3348 1958 3475 2012 Ἐὰν
3489 1958 3643 2030 εὕρω

2057 2053 2115 2103 ἐν
2144 2050 2397 2122 Σοδόμοις
2420 2050 2757 2120 πεντήκοντα
2783 2049 3022 2112 δικαίους
3056 2049 3111 2100 ἐν
3134 2052 3201 2120 τῇ
3234 2047 3405 2110 πόλει,
3438 2049 3642 2119 ἀφήσω

2059 2143 2236 2196 πάντα
2282 2142 2374 2195 τὸν
2424 2141 2584 2195 τόπον
2623 2141 2690 2194 δι’
2722 2140 2936 2204 αύτούς.
2976 2160 2995 2192 ι
3028 2140 3141 2193 Καὶ
3190 2141 3362 2203 οὕτως
3412 2141 3645 2209 ὑφείλας

2059 2233 2240 2296 πέντε,
2293 2233 2386 2286 καὶ
2447 2231 2608 2285 πάλιν
2649 2230 2845 2293 πέντε,
2883 2226 3047 2302 ἦλθεν
3092 2230 3198 2293 ἓως
3245 2230 3411 2282 δέκα·
3466 2248 3486 2280 ‹
3526 2232 3647 2284 Καὶ

2058 2322 2209 2378 εἶπεν
2223 2326 2251 2377 6
2269 2323 2401 2387 Θεός
2423 2339 2435 2351 ·
2457 2324 2570 2376 Ούκ
2588 2322 2836 2376 ἀπολέσω
2853 2322 3036 2375 ἕνεκεν
3063 2321 3171 2374 τῶν
3200 2320 3353 2376 δέκα.
3371 2321 3648 2391 Ἀπῆλθεν

2059 2416 2117 2469 δέ
2147 2419 2176 2470 ὁ
2210 2415 2433 2487 Κύριος,
2477 2414 2554 2478 ὡς
2583 2414 2859 2468 ἐπαύσατο
2890 2413 3068 2467 λαλῶν
3107 2413 3185 2484 τῷ
3225 2413 3510 2486 Ἀϐραάμ·
3543 2416 3645 2467 καὶ

2061 2503 2403 2575 ὑπέστρεψεν
2427 2504 2507 2566 εἰς
2532 2503 2622 2555 τὸν
2653 2498 2802 2556 οἷκον
2832 2502 3019 2557 αὐτοῦ.
3056 2522 3076 2555 ι

2133 2596 2220 2649 12.
2247 2599 2399 2649 Μακ.
2434 2595 2569 2647 Εῑπέ
2595 2595 2664 2648 τά
2708 2595 2854 2665 ἐξῆς.
2897 2595 3043 2662 Ὀρθ.
3080 2614 3099 2645 ι
3138 2590 3338 2648 Ἦλθον
3376 2594 3435 2647 δὲ
3471 2596 3523 2647 οἱ
3547 2593 3647 2646 δύο

2061 2682 2280 2751 ἄγγελοι
2330 2684 2408 2745 εἰς
2456 2683 2685 2753 Σόδομα.
2723 2703 2742 2735 ι
2784 2687 2938 2737 Μακ.
2984 2683 3244 2748 Ἀκούεις,
3290 2685 3374 2737 ὅτι
3417 2683 3644 2752 ἄγγελοι

2059 2770 2199 2845 ἦσαν
2228 2776 2281 2831 οἱ
2306 2774 2428 2840 δύο;
2468 2776 2619 2844 Ὀρθ.
2651 2775 2942 2846 Προλαὸὼν
2972 2773 3144 2841 εἷπον,
3173 2778 3256 2830 ὅτι
3279 2776 3471 2848 ὥσπερ
3492 2777 3580 2847 te;
3594 2793 3646 2829 st

2062 2870 2186 2932 τοὺς
2218 2868 2311 2921 δύο
2347 2868 2565 2941 ἄνδρας,
2598 2870 2690 2923 καὶ
2714 2870 2815 2922 οὐκ
2832 2865 2973 2941 ἦσαν
3008 2873 3075 2942 τῇ
3106 2870 3266 2940 φύσει
3294 2870 3519 2939 ἄνδρεςο
3549 2869 3646 2922 οὖ-

2062 2977 2170 3022 τως
2193 2960 2288 3014 καὶ
2319 2962 2446 3023 τοὺς
2483 2960 2577 3013 δύο
2608 2961 2874 3029 ἀγγέλους
2916 2960 3083 3030 λέγει,
3129 2963 3226 3015 καὶ
3257 2962 3357 3014 οὐκ
3401 2957 3544 3032 ἦσαν
3577 2964 3646 3032 τῇ

2065 3051 2222 3121 φύσει
2238 3051 2476 3121 ἄγγελοι,
2500 3052 2634 3106 ἀλλὰ
2664 3054 3132 3125 καταχρηστικῶς,
3161 3058 3225 3109 ἐκ
3244 3056 3336 3109 τοῦ
3358 3056 3647 3124 ἀγγέλλειν

2063 3144 2258 3207 αὐτοὺς
2288 3144 2386 3216 τὴν
2425 3143 2521 3197 τοῦ
2551 3145 2686 3199 Θεοῦ
2722 3146 2937 3218 βουλήν.
2975 3147 3096 3201 Τῶν
3136 3148 3192 3200 δὲ
3222 3148 3347 3219 ἑξῆς
3393 3149 3647 3203 ἀκούσω-

2066 3253 2187 3306 μεν.
2216 3235 2431 3290 Μᾶλλον
2457 3235 2566 3308 γὰρ
2594 3238 2659 3290 ἐκ
2694 3236 2788 3290 τοῦ
2817 3237 3037 3307 ἐδαφίου
3074 3238 3456 3310 διδασκόμεθα.
3488 3244 3646 3295 Max.

2064 3329 2219 3383 Εἰπέ.
2264 3330 2419 3398 Ὀρθ.
2457 3347 2477 3379 ι
2511 3326 2715 3383 Ἦλθον
2758 3329 2816 3383 δὲ
2846 3332 2894 3383 οἱ
2931 3330 3026 3384 δύο
3061 3332 3281 3401 ἄγγελοι
3308 3334 3387 3395 εἰς
3433 3333 3649 3403 Σόδομα

2065 3421 2320 3493 ἐσπέρας.
2353 3420 2478 3476 Λὼτ
2501 3421 2559 3475 δὲ
2595 3422 2830 3494 ἐκάθητο
2872 3424 3005 3495 περὶ
3027 3424 3125 3496 τὴν
3167 3424 3342 3495 πύλην
3369 3425 3648 3496 Σοδόμων.

2078 3512 2222 3567 Ἰδὼν
2252 3514 2311 3566 δὲ
2342 3512 2487 3579 Λὼτ,
2528 3513 2787 3588 ἐξανέστη
2816 3518 2897 3579 εἰς
2939 3515 3263 3586 συνάντησιν
3312 3517 3520 3582 αὐτοῖς,
3553 3517 3650 3570 καὶ

2067 3605 2470 3676 προσεκύνησεν
2515 3606 2593 3677 τῷ
2616 3606 2893 3678 προσώπῳ
2940 3607 3107 3661 αὑτοῦ
3143 3609 3236 3661 ἐπὶ
3264 3609 3363 3680 τὴν
3385 3612 3491 3679 γῆν
3514 3625 3527 3637 ·
3553 3610 3652 3662 καὶ

2065 3693 2218 3750 εἷπεν
2236 3714 2249 3727 ο
2295 3697 2447 3761 Ἰδοὺ,
2476 3697 2675 3768 κύριοι,
2699 3699 2980 3752 ἐκκλίνατε
3013 3700 3094 3764 εἰς
3111 3700 3205 3753 τὸν
3225 3696 3373 3753 οἷκον
3396 3699 3493 3753 τοῦ
3523 3718 3653 3754 παι-

2065 3789 2154 3853 δὸς
2181 3788 2355 3859 ὑμῶν,
2413 3790 2506 3842 καὶ
2547 3789 2886 3843 καταλύσατε
2925 3791 3063 3864 (18),
3099 3792 3194 3845 καὶ
3243 3793 3471 3863 νίψασθε
3523 3795 3652 3857 τοὺς

2067 3881 2235 3945 πόδας
2266 3881 2441 3952 ὑμῶν,
2478 3882 2573 3935 καὶ⁵
2608 3882 2979 3954 ὀρθρίσαντες,
3027 3885 3391 3939 ἀπελεύσεσθε
3436 3889 3518 3949 εἰς
3548 3885 3649 3957 τὴν

2067 3972 2184 4026 ὁδὸν
2206 3971 2378 4042 ὑμῶν.
2417 3992 2436 4023 ι
2478 3971 2739 4037 Ἀκούεις,
2766 3973 2847 4026 ὅτι
2872 3974 3278 4046 προσεκύνησεν
3308 3976 3526 4039 αὐτοῦς,
3553 3977 3655 4029 καὶ

2069 4064 2395 4135 κυριολογεί,
2451 4065 2546 4117 καὶ
2588 4068 2717 4120 παῖς
2764 4062 2902 4118 εἶναι
2952 4065 3131 4120 αὐτῶν
3171 4067 3454 4136 ὁμολογεῖς
3489 4071 3652 4123 Max.

2074 4156 2357 4227 Ἐνόμιζεν
2384 4151 2522 4210 εἶναι
2551 4156 2746 4219 αὐτοὺς
2774 4156 3113 4228 ἀνθρώπους,
3137 4158 3232 4211 καὶ
3266 4158 3542 4227 φιλόξενος
3574 4156 3661 4211 ὢν

2070 4249 2477 4321 προσεκύνησεν
2510 4248 2620 4321 (19)
2648 4251 2864 4314 αὐτοὺς,
2894 4250 2989 4304 κα)⁸
3009 4251 3231 4323 κυρίους
3264 4250 3440 4305 καλεῖ.
3490 4252 3659 4318 Ὀρθ.

2084 4341 2223 4393 Ἀλλ’
2267 4342 2317 4393 εἰ
2340 4337 2481 4413 ἦσαν
2530 4342 2772 4411 ἄγγελοι,
2812 4338 2965 4396 εἷπον
3014 4342 3081 4396 ἂν
3112 4341 3283 4411 αὐτῷ,
3335 4341 3529 4413 Κυρίῳ
3572 4341 3662 4412 τῷ

406 4439 559 4484 tuum
597 4431 783 4486 adora.
824 4430 936 4487 Nos
964 4434 1108 4487 enim
1146 4442 1207 4487 ut
1241 4440 1299 4487 tu
1335 4434 1584 4487 conservi
1619 4448 1811 4489 sumus
1838 4434 1903 4488 ”.
1943 4453 1961 4486 ι

2069 4431 2190 4503 Θεῷ
2211 4449 2304 4485 σου
2325 4432 2618 4502 προσκύνει
2636 4449 2650 4461 ·
2672 4434 2833 4502 ἡμεῖς
2854 4431 2963 4502 γάρ
2989 4448 3081 4484 σου
3101 4431 3375 4503 ὁμόδουλοι
3409 4433 3603 4501 ἐσμεν.
3628 4450 3649 4480 ι

406 4521 617 4576 Haced.
646 4520 935 4576 Enimvero
970 4538 1077 4593 qua
1115 4525 1173 4577 in
1214 4540 1273 4579 re
1304 4524 1563 4594 peccabat
1602 4523 1839 4580 adorans
1873 4539 1971 4579 an-

406 4610 591 4681 gelos?
630 4609 784 4665 Orth.
820 4609 973 4680 Saepe
1007 4611 1188 4666 audivi
1231 4628 1351 4677 vos,
1384 4628 1508 4667 cum
1548 4613 1824 4678 diceretis,
1862 4630 1973 4669 non

405 4717 530 4759 esse
558 4699 896 4756 adorandum
928 4700 1191 4772 Spiritum
1236 4712 1510 4758 sanctum.
1549 4704 1757 4759 Maced.
1788 4703 1974 4775 Neque

404 4795 549 4848 enim
573 4793 656 4849 fas
683 4801 783 4849 est.
815 4793 969 4849 Orth.
993 4793 1105 4848 Cur
1125 4795 1291 4864 igitur
1318 4810 1464 4850 nunc
1486 4795 1623 4851 dicis
1650 4795 1802 4864 :Qua
1831 4798 1887 4852 in
1917 4813 1976 4853 re

407 4896 629 4941 sanctus
684 4886 818 4941 Loth
864 4888 1143 4957 peccabat,
1184 4888 1420 4944 adorans
1459 4889 1722 4960 angelos?
1762 4888 1970 4944 Maced.

404 4977 547 5032 Num
610 4977 757 5032 enim
813 4993 912 5035 eos
980 4987 1041 5033 ut
1095 4979 1381 5034 Dominum
1440 4979 1609 5034 Deum
1682 4980 1973 5036 adoravit?

408 5067 565 5123 Orth.
605 5068 749 5138 Lege
785 5084 907 5139 qua:
956 5070 1151 5125 ordine
1203 5066 1526 5141 sequuntur.
1584 5071 1786 5127 Maced.
1829 5072 1972 5143 Lege

403 5168 465 5213 tu
502 5159 639 5229 ipse.
674 5159 828 5217 Orth.
867 5160 940 5216 lis
988 5178 1110 5232 quae
1148 5164 1501 5220 recitavimus
1545 5164 1781 5234 subjecit
1823 5165 1969 5234 quod

405 5251 681 5320 exceperit
715 5268 809 5308 eos
835 5252 1097 5323 hospitio,
1137 5264 1192 5308 et
1242 5264 1507 5309 venerunt
1548 5255 1650 5308 viri
1686 5256 1788 5310 loci
1822 5256 1969 5311 illius

2068 4528 2223 4579 Max.
2254 4523 2320 4576 Τι
2360 4524 2471 4597 γὰρ
2511 4524 2750 4593 ἠδικεῖτο
2794 4522 3114 4595 προσκυνῶν
3163 4523 3449 4592 ἀγγέλοις;
3493 4523 3653 4592 Ὄρθ.

2072 4617 2319 4668 Ἤκουσα
2359 4614 2514 4686 ὑμῶν
2541 4615 2808 4683 λεγόντων
2851 4614 3131 4678 πολλάκις,
3173 4616 3256 4668 ὅτι
3290 4615 3350 4666 οὐ
3376 4614 3458 4667 δεῖ
3484 4630 3661 4685 προσ-

2069 4709 2250 4762 κυνεῖν
2296 4706 2577 4776 Πνεύματι
2620 4706 2698 4777 τῷ
2751 4707 2910 4777 ἁγίῳ.
2949 4710 3102 4761 Μακ.
3146 4705 3260 4760 Καὶ
3298 4705 3405 4777 γὰρ
3463 4705 3528 4758 οὐ
3550 4706 3654 4759 δεῖ.

2084 4796 2236 4862 Ὀρθ.
2266 4795 2376 4848 Καὶ
2404 4795 2521 4858 πῶς
2544 4793 2638 4848 νῦν
2665 4795 2862 4864 λέγεις’
2889 4797 2953 4848 Τί
2984 4795 3093 4868 γὰρ
3121 4794 3418 4848 ἐϐλάπτετο
3442 4797 3470 4848 6
3500 4795 3659 4864 ᾶγιος

2071 4885 2194 4940 Λὼτ
2224 4886 2548 4956 προσκυνῶν
2592 4888 2704 4951 τοῖς
2754 4887 3037 4957 ἀγγέλοις
3072 4890 3228 4941 Μακ.
3273 4886 3369 4958 Μὴ
3418 4886 3531 4957 γὰρ
3579 4885 3659 4950 ὡς

2070 4978 2259 5050 Κυρίῳ
2283 4977 2361 5049 τῷ
2391 4978 2511 5049 Θεῷ
2554 4984 2852 5049 προσκυνεῖ
2887 4979 3112 5043 αὐτοῖς;
3150 4979 3303 5046 Ὀρθ.
3350 4976 3658 5045 ’Δνάγνωθι

2068 5071 2139 5125 τὰ
2174 5070 2319 5141 ἑξῆς.
2362 5074 2516 5126 Μακ.
2570 5071 2868 5140 Ἀνάγνωθι
2917 5071 3099 5134 αὐτός.
3156 5071 3310 5137 Ὀρθ.
3369 5068 3529 5123 Μετὰ
3586 5069 3659 5123 τά

2070 5162 2483 5230 ἀναγνωσθέντα
2538 5165 2808 5235 ἐπιφέρει,
2856 5164 2939 5217 ὃτι
2994 5164 3233 5230 ἐξένισεν
3285 5161 3516 5225 αὐτούς’
3561 5161 3660 5215 καὶ

2068 5250 2230 5325 ἦλθον
2258 5258 2307 5309 oi
2337 5255 2526 5328 ἄνδρες
2562 5255 2656 5309 τοῦ
2689 5256 2856 5309 τόπου
2887 5255 3120 5319 ἐκείνου,
3157 5253 3449 5325 ζητοῦντες
3480 5270 3659 5325 παραυ

478 5406 523 5437 "
550 5405 685 5462 Gen.
721 5424 877 5474 xvm,
907 5409 1095 5464 17-28.
1171 5411 1214 5441 ⁹¹
1258 5409 1390 5466 ibid.
1426 5411 1514 5476 '52,
1547 5411 1635 5467 55.
1711 5412 1757 5444 θ’
1797 5409 1931 5466 Gen.

2074 5450 2090 5477 ,
2130 5410 2184 5477 1,
2214 5410 2271 5463 2.
2344 5410 2390 5441 ⁸³
2425 5409 2595 5480 Apoc.
2632 5425 2745 5472 χιχ,
2786 5410 2873 5465 10.

482 5586 592 5662 (πρ)
625 5586 778 5662 {issu
812 5591 1209 5655 συναπολέσεις.
1240 5590 1403 5659 Editi,
1435 5590 1821 5662 συναπολέσῃς.

356 5680 367 5697 ι
482 5655 590 5725 “7-)
630 5656 827 5723 Palat.,
862 5662 1123 5730 ποιήσεις,
1390 5655 1398 5659 ν
1542 5676 1545 5679 ’

2158 5588 2267 5659 (18)
2308 5587 2399 5642 Sic
2421 5587 2593 5659 Palat.
2623 5587 2784 5659 Editi,
2814 5588 3203 5646 καταλύσασθε.

2161 5654 2273 5731 (l9)
2306 5659 2430 5713 Mss.
2444 5654 2477 5721 ,⁸
2501 5658 2841 5729 πῳσεκύνει.
