3842 6210
109 267 257 325 ’1931

1106 272 1191 329 DE
1224 272 1500 330 SANCTA
1534 274 1912 334 TRINITATE
1938 278 2285 336 DIALOGUS
2312 280 2400 336 Ill.

3247 287 3387 342 ηεξ

113 381 361 451 νομῆσαι
398 383 478 446 εἰς
505 382 631 446 τοὺς
672 381 888 455 ἄνδρας.
917 384 1028 437 Καὶ
1057 385 1086 437 6
1123 382 1248 437 Λὼτ
1276 384 1374 448 τὰς
1406 384 1697 458 θυγατέρας

1814 391 1998 445 animo
2052 390 2244 463 llagitii
2290 394 2557 452 adversus
2613 398 2742 453 illos
2800 401 3195 456 committendi.
3240 400 3386 459 Loth

116 473 297 527 ἐδίδου
323 473 405 536 εἰς
428 471 585 546 ὕϐριν
611 473 811 544 μᾶλλον
836 474 871 544 ἢ
897 476 1023 538 τοὺς
1041 474 1258 547 ἄνδρας.
1287 476 1397 529 Καὶ
1425 477 1711 547 ἐπιμενόν-

112 581 231 617 των
259 563 373 616 τῶν
416 564 721 635 Σοδομιτῶν
746 567 813 636 τῇ
863 564 1008 637 ἀθέῳ
1050 565 1267 638 γνώμῃ,
1303 567 1620 621 ἐπεσπῶντο
1658 570 1709 622 οι

113 656 351 724 ἄγγελοι
370 655 463 708 τὸν
484 655 605 710 Λὼτ
627 658 708 720 εἰς
732 657 831 727 τὴν
852 658 1049 722 οἰκίαν,
1082 658 1327 721 ἐκείνους
1354 658 1411 711 δὲ
1433 658 1709 723 ἐπάταξαν

113 748 379 818 ἀορασίᾳ.
416 749 487 801 Ἢ
536 749 634 818 οὐχ
688 748 889 814 οῦτως;
942 752 1094 803 Max.
1141 748 1351 813 υῦτως.
1408 751 1559 819 Ὀρθ.
1598 752 1709 805 Καὶ

63 883 70 889 .
114 837 253 907 ἑξῆς
311 839 647 910 γέγραπται·
685 857 705 890 ι
745 835 912 896 Εἶπον
951 840 1007 894 δὲ
1053 842 1102 895 οἱ
1143 841 1333 912 ἄνδρες
1375 842 1510 914 πρὸς
1543 842 1669 896 Λώτ
1692 859 1705 871 ο

88 928 286 982 ’Ἴ-ἰστι
326 947 407 983 σοι
452 923 556 984 ὦδε
588 930 859 1003 γαμϐρὸς,
888 932 922 1003 ἢ
978 932 1104 999 υἱοὶ,
1140 932 1173 1002 ἢ
1222 932 1553 1006 θυγατέρες;
1590 935 1624 1005 ἢ
1659 935 1715 988 εἰ

114 1022 206 1085 τίς
240 1039 327 1076 σοι
366 1023 526 1087 ἄλλος
569 1025 717 1077 ἐστὶν
745 1026 804 1077 ἐν
835 1027 901 1096 τῇ
933 1024 1106 1091 πόλει,
1146 1025 1380 1096 ἐξάγαγε
1401 1030 1466 1081 ὲκ
1499 1028 1593 1082 τοῦ
1616 1029 1710 1082 τό-

115 1132 228 1168 που
256 1114 472 1172 τούτου.
500 1117 623 1170 Ὅτι
663 1116 973 1188 ἀπόλλυμεν
1008 1120 1169 1189 ἡμεῖς
1194 1119 1287 1173 τὸν
1308 1121 1471 1175 τόπον
1499 1120 1705 1186 τοῦτον,

115 1209 203 1260 ὅτι
257 1206 447 1280 ὑψώθη
489 1209 523 1279 ή
568 1208 784 1280 κραυγὴ
836 1209 1015 1262 αὐτῶν
1061 1211 1300 1265 ἐναντίον
1345 1213 1571 1284 Κυρίου,
1613 1215 1708 1268 καὶ

115 1298 446 1353 ἀπέστειλεν
473 1300 620 1371 ἡμᾶς
643 1301 671 1352 6
696 1300 902 1373 Κύριος
929 1301 1180 1373 ἐκτρίψαι
1212 1304 1402 1375 αὑτήν.
1440 1323 1459 1357 ι

191 1476 283 1531 15.
328 1478 483 1531 Μακ.
525 1475 786 1541 Ἀκούεις,
837 1478 919 1531 ὅτι
963 1478 1314 1549 ὁμολογοῦσιν
1370 1481 1705 1536 ἀπεστάλθαι

114 1567 278 1640 παρά
322 1567 564 1641 Kuplou;
596 1570 687 1640 Μὴ
738 1570 892 1623 αὐτοὶ
939 1570 1135 1642 Κύριοι
1166 1573 1334 1638 εἰσιν;
1384 1574 1537 1643 Ὀρθ.
1581 1576 1706 1631 Ἐὰν

113 1657 213 1714 οῦν
236 1659 369 1732 λέγῃ
404 1663 462 1713 ἐν
492 1663 604 1724 τοῖς
621 1662 975 1731 Εύαγγελίοις
998 1665 1026 1716 6
1042 1664 1255 1736 Σωτὴρ,
1312 1665 1393 1718 ὅτι
1419 1685 1437 1717 ι
1461 1666 1574 1720 Ούκ
1596 1668 1703 1721 ἀπ-

1808 494 1941 535 vero
1978 478 2139 545 ﬁlias,
2171 483 2356 552 potius
2385 498 2549 553 quam
2582 486 2731 541 viros
2769 485 2915 551 illos,
2945 485 3208 541 oﬂ‘erebat
3237 487 3385 558 ipso-

1811 586 1931 625 rum
1979 573 2344 629 contumeliaa.
2398 574 2648 645 Cumque
2693 584 3078 646 permanerent
3119 577 3176 631 in
3220 577 3385 647 impia

1810 662 1902 715 illa
1941 666 2211 719 sententia
2251 664 2545 720 Sodomitae
2568 705 2583 730 ,
2628 675 2980 721 retraxerunt
3019 658 3253 721 Lollium
3284 682 3384 722 an-

1808 751 1914 821 geli
1977 752 2237 818 domum,
2286 753 2409 809 illos
2456 770 2587 810 vero
2640 755 2881 811 cazcitate
2927 765 3317 826 percusserunt
3364 800 3380 813 .

1809 856 1995 898 annon
2028 843 2103 898 ita
2134 846 2397 916 scriptum
2427 848 2554 902 est?
2598 846 2808 903 Maced.
2843 848 2944 902 lta.
2983 847 3136 903 Orth.
3174 847 3382 906 Deinde

1810 935 2077 1005 scriptum
2105 944 2190 993 est
2232 957 2245 991 :
2288 955 2308 989 ι
2341 936 2606 992 Dixerunt
2643 947 2822 994 autem
2859 940 2929 995 ad
2965 938 3103 994 Loth
3130 941 3233 995 viri
3258 939 3334 995 illi
3365 960 3379 995 :

1809 1024 1976 1081 Estne
2015 1027 2112 1081 tibi
2154 1044 2347 1099 gener,
2389 1031 2475 1084 vel
2518 1029 2641 1094 ﬁlii,
2686 1032 2770 1085 vel
2805 1031 2963 1086 lilize?
2998 1039 3093 1086 aut
3152 1033 3199 1087 si
3254 1033 3383 1104 quis

1809 1118 1950 1174 alius
1987 1121 2086 1174 tibi
2121 1129 2206 1177 est
2248 1122 2303 1176 in
2347 1122 2502 1187 urbe,
2525 1122 2666 1177 educ
2694 1138 2819 1178 eum
2855 1139 2920 1180 ex
2962 1123 3066 1180 hoc
3104 1124 3245 1179 loco.
3277 1123 3382 1179 Su-

1806 1227 1931 1267 mus
1950 1214 2094 1269 enim
2122 1212 2274 1281 hunc
2304 1214 2482 1269 locum
2504 1216 2860 1283 destructuri,
2885 1216 3143 1286 quoniam
3174 1216 3382 1271 clamor

1806 1320 1997 1359 eorum
2051 1306 2302 1361 sublatus
2341 1314 2426 1362 est
2477 1322 2661 1362 coram
2709 1306 2967 1374 Domino,
2998 1316 3053 1362 et
3090 1308 3241 1362 misit
3278 1322 3380 1363 nos

1806 1393 2093 1463 Dominus,
2131 1406 2190 1451 ut
2230 1396 2374 1451 hanc
2410 1398 2602 1453 urbem
2632 1397 2913 1453 deleamus
2942 1398 3009 1453 ⁸⁵.
3048 1416 3068 1450 ι

1877 1488 1965 1543 15.
2007 1486 2217 1543 Maced.
2249 1489 2422 1545 Audis
2458 1489 2609 1560 ipsos
2648 1487 2806 1544 fateri
2841 1504 2900 1545 se
2939 1488 3138 1543 missos
3174 1502 3298 1543 esse
3347 1501 3381 1542 a

1806 1578 2077 1636 Domino?
2128 1597 2259 1636 num
2320 1581 2487 1653 igitur
2544 1582 2650 1652 ipsi
2716 1588 2845 1637 sunt
2906 1580 3166 1635 Domini?
3222 1578 3375 1635 Orth.

1805 1671 1944 1727 Cum
1992 1674 2156 1744 igitur
2205 1673 2353 1728 dicat
2397 1674 2453 1728 in
2498 1673 2807 1746 Evangeliis
2847 1671 3097 1727 Salvator
3133 1691 3146 1726 :
3194 1691 3212 1724 ι
3256 1670 3379 1726 Νοιι

116 1751 387 1820 ἐστάλην,
422 1752 581 1824 εἰμὴ
624 1754 702 1817 εἰς
738 1753 806 1807 τὰ
838 1754 1085 1826 πρόϐατα
1108 1731 1527 1811 τὰῃάπολωλότα
1553 1758 1697 1811 οἴκου

1806 1780 1926 1819 sum
1986 1763 2210 1827 missus,
2248 1763 2352 1817 nisi
2397 1761 2465 1816 ad
2507 1777 2637 1818 oves
2681 1777 2801 1833 quae
2848 1762 3129 1832 perierunt
3182 1759 3379 1815 domus

129 1845 383 1916 Ἰσραήλ·
422 1863 442 1897 ο
486 1846 582 1898 καὶ
615 1846 849 1917 ἀλλαχοῦ
874 1864 887 1878 ·
929 1866 948 1899 ι
985 1847 1186 1913 Καθὼς
1228 1848 1547 1903 ἀπέστειλέν
1572 1868 1638 1921 με
1674 1853 1705 1904 ὁ

113 1936 230 1999 ζῶν
258 1936 466 2008 Πατὴρ,
497 1938 592 1991 καὶ
614 1940 642 1992 6
671 1938 894 2009 πέμψας
929 1957 995 2010 με
1021 1940 1240 2012 ἐντολήν
1270 1944 1379 2012 ῖμοι
1406 1942 1655 1997 δέδωκενο
1679 1963 1698 1995 ι

115 2025 169 2078 τί
218 2025 444 2099 εἴπω,ἢ
495 2026 549 2079 τί
581 2027 829 2099 λαλήσω;
856 2030 1054 2083 Οὐκέτι
1098 2030 1437 2100 ὁμολογεῖται
1479 2034 1701 2104 Κύριος,

115 2119 311 2190 ἐπειδὴ
354 2120 662 2191 ἀπεστάλη;
707 2124 859 2175 Max.
892 2123 1003 2175 Καὶ
1045 2124 1073 2176 ὁ
1102 2123 1228 2187 Υἱὸς
1262 2124 1703 2197 ὁμολογουμένως

116 2210 331 2282 Κύριός
354 2214 527 2265 ἐστιν·
563 2214 639 2284 μὴ
668 2214 761 2266 καὶ
791 2215 850 2267 τὸ
878 2215 1137 2285 Πνεῦμα;
1174 2216 1326 2283 Ὀρθ.
1360 2217 1591 2281 Τελείως
1618 2218 1704 2271 ἐν·

116 2302 297 2355 ταῦθα
322 2304 416 2357 καὶ
440 2308 936 2374 συμπροσκυνεῖται
965 2306 1058 2359 καὶ
1099 2306 1596 2377 συγκυριολογεῖται
1627 2308 1704 2380 τῷ

116 2393 257 2462 Υἱῷ.
293 2398 447 2448 Μακ.
488 2393 627 2467 Ἤδη
672 2396 781 2470 γὰρ
820 2397 1111 2462 δέδεικται,
1138 2400 1218 2452 ὅτι
1241 2400 1368 2464 Υἱὸς
1391 2396 1459 2472 ἦν
1481 2401 1560 2472 τῷ
1581 2402 1703 2455 Λὼτ

115 2488 146 2537 6
165 2486 578 2557 διαλεγόμενος;
620 2490 772 2558 Ὀρθ.
802 2490 1184 2563 Μακροθύμει,
1211 2494 1306 2545 καὶ
1330 2493 1699 2566 ὁμολογήσεις.

116 2583 279 2633 Max.
316 2576 469 2645 Οἶδα,
499 2582 582 2634 ὅτι
630 2585 907 2654 περισπᾷς
949 2602 1039 2654 με,
1074 2585 1148 2656 μὴ
1177 2585 1471 2656 δυνάμενος
1505 2589 1700 2651 εἰπεῖν,

117 2671 227 2724 ποῦ
261 2672 569 2743 γέγραπται
624 2674 757 2738 Θεὸς
795 2675 857 2728 τὸ
904 2676 1148 2747 Πνεῦμα.
1198 2677 1351 2744 Ὀρθ.
1376 2678 1525 2742 Τέως
1560 2680 1702 2747 γνῶ-

119 2783 247 2837 μεν,
284 2767 432 2829 τινες
455 2762 596 2837 ἦσαν
621 2761 764 2821 οὗτοι
792 2767 840 2819 οἱ
877 2767 1189 2838 φαινόμενοι
1220 2767 1431 2839 ἄνδρες,
1458 2769 1553 2822 καὶ¹
1581 2769 1701 2822 τότε

116 2858 254 2911 αὐτὸ
284 2858 347 2911 τὸ
382 2857 606 2930 Πνεῦμα
643 2856 804 2911 δώσει
839 2860 1055 2912 πάντων
1084 2858 1193 2912 τῶν
1223 2859 1566 2931 ζητουμένων
1603 2859 1702 2931 τὴν

114 2949 361 3020 εὕρεσιν.
406 2953 561 3005 Μακ.
610 2949 773 3018 Ἐγὼ,
817 2950 895 3013 ὡς
916 2949 1055 3023 -ἔχει,
1091 2951 1126 3021 ἠ
1172 2951 1386 3023 Γραφὴ,
1439 2950 1701 3020 ἀγγέλους

1805 1853 1970 1910 Israel
2018 1854 2064 1887 ⁸⁸
2114 1873 2132 1909 :
2186 1872 2205 1904 ι
2259 1860 2313 1908 et
2358 1853 2489 1907 alibi
2535 1871 2549 1907 :
2604 1871 2624 1904 ‹
2680 1854 2833 1907 Sicut
2881 1851 3032 1906 misit
3073 1867 3157 1906 me
3190 1851 3380 1906 vivens

1803 1945 2002 2013 Pater;
2031 1952 2086 1998 et
2106 1944 2198 2015 qui
2225 1944 2374 2000 misit
2403 1960 2512 2008 me,
2540 1944 2857 1998 mandatum
2878 1944 3026 1999 dedit
3060 1943 3192 1997 mihi
3221 1944 3266 1976 ⁸⁸
3293 1961 3308 2010 ;
3352 1965 3373 1996 ι

1805 2037 1945 2107 quid
1997 2035 2199 2101 dicam,
2242 2041 2338 2089 aut
2386 2035 2515 2105 quid
2568 2034 2802 2105 loquar?
2858 2034 2940 2088 An
2984 2035 3217 2104 amplius
3266 2049 3380 2089 non

1804 2130 2124 2200 agnoscitur
2161 2142 2287 2183 esse
2315 2126 2602 2190 Dominus,
2639 2128 2766 2197 quia
2794 2126 3000 2181 missus
3028 2126 3145 2181 est?
3166 2124 3376 2180 Maced.

1796 2221 1976 2277 Filius
2018 2236 2237 2291 quoque
2288 2220 2408 2276 sine
2456 2218 2833 2273 controversia
2895 2217 3157 2273 Dominus
3213 2228 3299 2275 est
3359 2232 3376 2272 :

1804 2329 1935 2367 num
1972 2327 2104 2368 vero
2149 2312 2313 2366 etiam
2370 2309 2649 2382 Spiritus?
2688 2308 2841 2364 Orth.
2884 2308 3120 2363 Prorsus
3174 2311 3261 2364 hic
3302 2311 3378 2366 si—

1803 2404 1918 2458 mul
1955 2403 2235 2468 adoratur,
2274 2409 2330 2457 et
2360 2402 2523 2457 simul
2560 2400 2825 2457 Dominus
2855 2402 3214 2471 compellatur
3250 2416 3377 2456 cum

1804 2496 1962 2552 Filio.
2003 2494 2215 2551 Maced.
2250 2492 2370 2549 Jam
2406 2509 2535 2549 vero
2566 2493 2734 2566 448
2770 2494 3160 2550 demonstrasti
3177 2492 3376 2547 Filium

1806 2588 1978 2644 fuisse
2022 2604 2180 2651 eum,
2228 2586 2319 2658 qui
2372 2584 2511 2641 Loth
2567 2585 2984 2655 alloquebatur?
3041 2584 3195 2639 Orth.
3242 2584 3376 2639 Ani-

1803 2694 1951 2733 mum
1988 2679 2203 2743 cohibe,
2231 2689 2285 2733 et
2307 2677 2581 2734 fateberis.
2608 2676 2815 2732 Maced.
2851 2675 2964 2731 lloc
2993 2675 3211 2747 quidem
3236 2678 3374 2741 scio,

1804 2771 1949 2843 quod
1991 2786 2079 2826 me
2133 2772 2496 2842 circumagas,
2537 2784 2661 2823 cum
2706 2785 2813 2823 non
2851 2768 3030 2838 possis
3068 2768 3250 2823 dicere
3283 2766 3377 2822 ubi

1806 2864 2068 2933 scriptum
2142 2863 2238 2918 sit:
2292 2862 2529 2931 Spiritus
2575 2868 2658 2914 est
2716 2858 2878 2913 Deus.
2931 2858 3083 2913 Orth.
3130 2856 3374 2911 Primum

1806 2954 2044 3011 sciamus
2065 2955 2287 3024 quinam
2317 2952 2567 3007 homines
2596 2951 2817 3017 iuerint,
2867 2950 2960 3021 qui
2980 2956 3374 3019 apparuerunt,

114 3041 288 3109 λέγω.
334 3041 487 3110 Ὀρθ.
520 3041 694 3111 Κάγὼ
734 3042 1000 3111 ἀγγέλους
1034 3042 1128 3096 καὶ
1157 3043 1355 3114 ἄνδρας
1382 3041 1554 3112 λέγω·
1584 3043 1697 3096 ἀλλ’

1806 3057 1861 3101 et
1911 3046 2213 3119 tuncipse
2261 3043 2503 3115 Spiritus
2545 3052 2772 3098 sanetus
2817 3040 2968 3096 dabit
3004 3050 3064 3095 ut
3107 3040 3376 3112 quidquid

111 3134 311 3205 ὥσπερ
333 3133 469 3199 τέως
494 3135 840 3207 ὡμολόγηται
871 3136 1024 3207 ἡμῖν,
1054 3136 1137 3189 ὅτι
1170 3133 1252 3199 εἷς
1278 3136 1385 3189 τῶν
1418 3135 1584 3208 τριῶν
1608 3137 1701 3190 ἀν-

112 3226 260 3299 δρῶν
286 3225 492 3297 Κύριος
518 3229 547 3279 6
574 3227 726 3291 Θεὸς,
757 3226 930 3291 οὕτως
956 3231 989 3296 ή
1026 3228 1271 3294 ἐξέτασις
1292 3228 1513 3299 εὑρήσει
1539 3227 1699 3281 καὶοὶ

112 3317 210 3371 δύο
242 3316 387 3381 τίνες
428 3313 591 3389 ἦσαν.
623 3322 778 3373 Max.
802 3319 941 3372 Εἰπὲ
963 3319 1016 3371 τί
1051 3318 1225 3382 θέλεις
1252 3317 1386 3389 (ΞΟ).
1435 3319 1589 3388 Ὀρθ.
1618 3319 1699 3388 Τὰ

112 3409 244 3480 ἑξῆς
275 3410 666 3479 ἁναγινώσκω;
691 3414 845 3465 Max.
888 3409 1204 3479 ’Δνάγνωθι.
1258 3411 1411 3479 Ὀρθ.
1447 3427 1468 3461 ι
1508 3410 1698 3463 Ἢνίκα

112 3501 172 3555 δὲ
200 3500 399 3572 ὄρθρος
420 3501 656 3570 ἐγένετο,
678 3500 1080 3565 ἐπεσπούδαζον
1107 3502 1157 3554 οἱ
1188 3500 1407 3571 ἄγγελοι
1436 3500 1527 3555 τὸν
1551 3500 1694 3566 Λὼτ,

112 3590 369 3659 λέγοντες
386 3609 398 3621 ·
438 3592 698 3657 Ἀναστὰς
720 3592 848 3646 λαϐὲ
867 3592 963 3663 τὴν
987 3593 1219 3661 γυναῖκά
1243 3609 1337 3645 σου
1367 3592 1462 3646 καὶ¹
1490 3592 1588 3655 τὰς
1605 3592 1698 3645 δύο

114 3683 444 3755 θυγατέρας,
486 3683 554 3747 ἃς
584 3684 749 3755 ἔχεις,
785 3687 878 3739 καὶ
929 3687 1131 3754 ἔξελθε,
1178 3686 1267 3740 ἵνα
1307 3684 1382 3757 μὴ
1426 3686 1695 3757 συναπόλῃ

111 3780 237 3840 ταῖς
283 3778 535 3849 ἀνομίαις
575 3779 674 3848 τῆς
710 3779 937 3844 πόλεως.
986 3780 1098 3834 Καὶ
1152 3779 1553 3852 ἐταράχθησαν,
1603 3780 1697 3833 καὶ

111 3869 431 3942 ἐκράτησαν
461 3872 510 3924 οἱ
539 3870 760 3940 ἄγγελοι
791 3873 891 3943 τῆς
922 3872 1103 3944 χειρὸς
1126 3871 1312 3936 αὐτοῦ,
1339 3873 1432 3925 καὶ
1458 3873 1554 3943 τῆς
1580 3889 1695 3943 χει-

114 3964 209 4034 ρὸς
230 3962 334 4033 τῆς
357 3963 613 4031 γυναικὸς
656 3963 845 4029 αὑτοῦ,
870 3966 964 4019 καὶ
988 3965 1093 4019 τῶν
1115 3965 1314 4036 χειρῶν
1331 3964 1440 4019 τῶν
1471 3964 1565 4018 δύο
1598 3964 1693 4017 θυ-

112 4055 364 4127 γατέρων
396 4055 583 4123 αὐτοῦ,
613 4058 671 4109 ἐν
699 4056 777 4127 τῷ
810 4056 1102 4125 φείσασθαι
1133 4057 1338 4130 Κύριον
1368 4057 1555 4111 αὐτοῦ.
1584 4057 1695 4110 Kal.

111 4148 330 4216 ἐγένετο
352 4147 516 4219 ἡνίκα
536 4147 805 4218 ἐξήγαγον
826 4148 1025 4211 αὐτοὺς
1054 4147 1180 4215 ἔξω,
1208 4147 1306 4202 καὶ
1332 4144 1484 4201 εἶπον
1504 4162 1517 4176 ·
1545 4146 1694 4211 Σῶζε

112 4240 210 4311 τὴν
245 4238 439 4293 ἑαυτοῦ
476 4239 675 4311 ψυχὴν,
704 4240 798 4294 καὶ
839 4239 913 4311 μὴ
939 4238 1241 4313 περιϐλέψῃ
1282 4241 1361 4304 εἰς
1398 4239 1469 4294 τά
1496 4238 1690 4306 ὀπίσω,

115 4331 250 4403 μηδὲ
278 4334 411 4403 στῇς
436 4333 494 4385 ἐν
523 4332 673 4404 πάσῃ
693 4334 760 4403 τῇ
794 4331 1103 4403 περιχώρῳ.
1131 4332 1227 4395 Εἰς
1248 4330 1310 4383 τὸ
1337 4330 1462 4399 ὅρος
1496 4328 1711 4397 σώζου,π

1801 3141 2095 3212 quaerimus
2136 3138 2499 3193 inveniamus.
2537 3133 2743 3189 Maced.
2780 3134 2911 3206 Ego,
2946 3140 3005 3188 ut
3028 3133 3190 3189 habet
3226 3134 3377 3189 Scri-

1800 3241 1983 3303 ptura,
2015 3230 2237 3301 angelos
2276 3227 2421 3283 dico.
2457 3226 2613 3282 Orth.
2655 3224 2767 3296 Ego
2799 3240 2930 3303 vero
2968 3231 3022 3279 et
3067 3224 3289 3294 angelos
3322 3232 3377 3278 et

1799 3298 1947 3377 viros
1992 3298 2117 3376 dico
2148 3336 2162 3372 :
2197 3319 2314 3386 sed,
2350 3326 2411 3373 ut
2447 3326 2607 3373 antea
2647 3317 2789 3372 inter
2825 3298 2927 3372 n'os
2969 3315 3371 3378 consensimus,

1799 3430 1970 3469 unum
2009 3413 2238 3468 istorum
2272 3411 2440 3465 trium
2483 3408 2656 3465 fuisse
2700 3407 2993 3463 Dominum
3044 3407 3239 3472 Deum,
3296 3408 3375 3461 ita

1798 3508 1961 3563 etiam
2027 3512 2222 3562 exacta
2276 3501 2738 3575 pervestigatione
2787 3499 3094 3555 invenietur
3143 3498 3372 3569 quinam

1796 3601 1962 3656 etiam
1998 3599 2090 3654 isti
2123 3598 2233 3653 duo
2267 3596 2492 3653 fuerint.
2529 3593 2738 3649 Maced.
2781 3592 2879 3647 Dic
2917 3592 3063 3662 quod
3106 3592 3366 3647 volueris.

1801 3691 1951 3748 Orth.
2003 3689 2204 3762 Legam
2257 3705 2379 3761 quae
2427 3686 2881 3758 consequuntur?
2937 3681 3145 3739 Maced.
3202 3683 3365 3753 Lege.

1799 3783 1952 3840 Orth.
1988 3801 2009 3834 ι
2061 3782 2194 3838 Orto
2232 3796 2363 3837 vero
2395 3780 2638 3835 diluculo
2677 3778 2944 3849 urgebant
2981 3775 3120 3831 Loth
3169 3774 3369 3847 angeli,

1795 3876 2040 3931 dicentes
2074 3890 2091 3929 :
2130 3871 2304 3944 Surge
2340 3879 2394 3927 et
2429 3872 2616 3941 accipe
2658 3885 2881 3925 uxorem
2922 3878 3093 3933 tuam,
3136 3877 3190 3922 et
3232 3866 3371 3922 duas

1795 3967 1956 4035 tilias;
1997 3981 2135 4037 quas
2177 3965 2368 4030 habes,
2402 3972 2458 4019 et
2493 3961 2770 4035 egredere,
2805 3976 2875 4017 ne
2907 3972 3016 4014 una
3051 3973 3177 4012 cum
3217 3957 3369 4013 urbis

1795 4061 2093 4119 sceleribus
2116 4074 2329 4131 pereas.
2364 4057 2471 4128 lpsi
2501 4072 2633 4113 vero
2655 4055 2859 4110 turbati
2887 4060 3036 4118 sunt,
3063 4051 3370 4122 apprehen-

1795 4155 2099 4223 deruntque
2141 4149 2319 4222 angeli
2365 4163 2589 4203 manum
2634 4147 2776 4216 ejus,
2814 4154 2869 4201 et
2908 4151 3130 4199 manum
3181 4141 3369 4196 uxoris

1793 4247 1934 4317 ejus,
1968 4252 2027 4301 et
2057 4259 2252 4300 manus
2287 4241 2518 4297 duarum
2548 4240 2782 4295 ﬁliarum
2820 4238 2963 4309 ejus,
2993 4235 3140 4307 quod
3181 4233 3369 4289 Domi-

1794 4354 1899 4394 nus
1929 4337 1978 4393 ei
2010 4342 2278 4407 parceret.
2318 4332 2382 4387 Et
2412 4330 2616 4386 factum
2645 4339 2730 4386 est
2756 4344 2883 4384 cum
2920 4327 3242 4383 eduxissent
3270 4341 3366 4380 cos

115 4427 189 4496 μή
220 4442 350 4479 ποτε
384 4425 880 4498 συμπαραληφθῇς.
912 4422 1047 4480 Εἷπε
1077 4425 1135 4479 δὲ
1168 4423 1291 4479 Λὼτ
1322 4424 1461 4496 πρὸς
1491 4424 1653 4478 αὐτόν
1674 4440 1688 4455 ’

1802 4430 1954 4497 l‘oris,
1981 4406 2241 4484 dixerunt
2265 4445 2279 4481 :
2315 4423 2485 4480 Serva
2514 4431 2664 4478 tuam
2695 4422 2869 4493 ipsius
2895 4420 3157 4484 animam,
3189 4434 3367 4489 neque

110 4520 333 4589 Δέομαι,
362 4518 557 4590 Κύριε,
593 4519 780 4591 ἐπειδὴ
817 4513 974 4589 εὗρεν
1014 4521 1043 4572 6
1081 4520 1207 4582 παῖς
1233 4534 1327 4571 σου
1367 4516 1515 4581 ἕλεος
1535 4518 1691 4573 ἐναν-

109 4612 224 4665 τίον
244 4628 360 4676 σου,
385 4612 476 4665 καὶ
494 4611 832 4683 ἐμεγάλυνας
846 4611 944 4683 τὴν
967 4609 1311 4680 δικαιοσύνην
1337 4626 1450 4675 σου,
1467 4608 1496 4662 ὃ
1520 4611 1691 4673 ποιεῖς

108 4707 198 4760 ἐπ’
230 4707 353 4777 ἐμὲ,
378 4705 473 4760 τοῦ
519 4705 620 4778 ζῇν
647 4706 748 4777 τὴν
776 4705 955 4777 ψυχήν
1000 4721 1122 4775 μου.
1173 4702 1315 4771 Ἐγὼ
1342 4701 1400 4755 δὲ
1440 4701 1500 4755 ού
1532 4701 1690 4774 δυνή-

113 4815 276 4869 σομαι
302 4799 543 4869 σωθῆναι
571 4801 652 4863 εἰς
676 4798 738 4852 τὸ
769 4798 915 4870 ὅρος,
948 4799 1020 4869 μή
1052 4814 1182 4851 ποτε
1211 4793 1494 4868 μεταλάϐῃ
1523 4812 1591 4867 με
1617 4793 1688 4848 τὰ

111 4889 275 4953 κακά,
306 4891 403 4944 καὶ
440 4890 717 4945 ἀποθάνω.
760 4890 892 4944 Ἰδοὺ
936 4891 969 4961 ὴ
1013 4889 1168 4953 πόλις
1199 4888 1339 4958 αῦτη
1369 4888 1557 4957 ἐγγὺς,
1591 4888 1687 4941 τοῦ

110 4987 444 5052 καταφυγεῖν
468 5000 535 5053 με
562 4986 696 5047 ἐκεῖ,
716 4983 753 5053 ἦ
783 4985 900 5036 ἐστι
939 4981 1133 5054 μικρά.
1175 4982 1323 5035 Ἐκεῖ
1345 4980 1681 5051 σωθήσομαι.

108 5076 182 5128 Οὐ
220 5073 393 5143 μικρά
423 5074 574 5137 ἐστι;
612 5074 705 5125 καὶ
744 5071 969 5143 ζήσεται
1007 5074 1041 5143 ή
1080 5070 1226 5141 ψυχή
1273 5086 1395 5140 μου.
1430 5087 1448 5120 ι
1498 5069 1690 5157 Ἀκούγ

1793 4501 2023 4591 respice.
2051 4534 2083 4573 a
2129 4526 2304 4588 tergo,
2348 4529 2526 4585 neque
2562 4514 2806 4569 consiste
2845 4513 2901 4566 in
2935 4509 3368 4580 circumjaccnte

1792 4615 2013 4684 regione
2044 4630 2058 4666 :
2093 4610 2276 4666 salvus
2304 4616 2422 4664 esto
2444 4609 2501 4677 in
2530 4613 2736 4670 monte,
2764 4619 2833 4660 ne
2859 4603 3020 4660 simul
3046 4602 3365 4657 involvat-is.

1797 4704 2005 4759 Lothus
2039 4717 2170 4758 vero
2206 4701 2343 4756 dixit
2385 4700 2434 4755 ei
2488 4717 2501 4753 :
2537 4698 2801 4761 Obsecro,
2831 4695 3079 4761 Domine,
3113 4695 3366 4765 quando-

1793 4798 2012 4869 quidem
2043 4795 2248 4851 invenit
2283 4808 2476 4849 servus
2497 4800 2625 4846 tuus
2654 4787 3088 4845 miscricordiam
3118 4785 3260 4856 apud
3290 4794 3365 4849 te,

1791 4898 1849 4945 et
1881 4886 2239 4959 magniﬁcasti
2263 4886 2533 4957 justitiam
2574 4893 2747 4947 tuam,
2786 4896 2949 4951 quam
2988 4880 3126 4934 facis
3169 4878 3224 4932 in
3254 4893 3362 4942 me,

1792 4988 1854 5033 ut
1898 4978 2042 5032 vivat
2088 4976 2272 5030 anima
2318 4990 2460 5029 mea.
2495 4972 2605 5044 Ego
2646 4982 2831 5027 autem
2869 4985 2979 5025 non
3024 4980 3248 5038 possum
3309 4967 3366 5019 in

1791 5079 1975 5124 monte
2002 5069 2232 5134 servari,
2270 5083 2340 5123 ne
2368 5063 2833 5136 comprehendant
2861 5077 2948 5116 me
2968 5060 3113 5113 mala
3150 5065 3204 5112 et
3234 5072 3362 5127 per-

109 5183 207 5230 εις,
242 5166 292 5217 εἰ
336 5158 451 5218 ὦτα
481 5165 646 5235 ἔχεις,
687 5165 791 5228 ὅτι,
821 5165 984 5233 γνοὺς
1026 5163 1205 5216 αὐτῶν
1250 5161 1348 5234 τὴν
1397 5148 1691 5233 κοινότητῶ

1802 5177 1925 5215 eam.
1978 5158 2121 5215 Ecce
2161 5159 2278 5213 haec
2314 5158 2444 5213 urbs
2485 5153 2692 5227 prope,
2756 5161 2817 5208 ut
2864 5152 2994 5206 illuc
3055 5148 3366 5217 confugiam

108 5257 201 5308 καὶ
225 5256 477 5327 ἑνότητα,
495 5255 820 5328 προσπεσὼν
847 5256 1029 5319 αὐτοῖς
1056 5251 1207 5308 εἶπεν
1227 5273 1239 5285 ·
1277 5272 1296 5305 ι
1326 5252 1685 5324 Δέομαι,Κύέ

1784 5267 1951 5324 parva
1984 5259 2090 5309 est.
2124 5249 2242 5305 Illic
2277 5249 2556 5306 servabor.
2612 5243 2868 5315 Nunquid
2902 5258 3011 5297 non
3049 5252 3216 5311 parva
3247 5237 3366 5291 est?

111 5357 248 5411 pte,»
266 5342 408 5414 οὐχὶ,
428 5342 645 5415 Κύριοι.
678 5343 831 5415 ᾝδει
854 5343 983 5415 γὰρ,
1007 5344 1090 5397 ὅτι
1117 5341 1290 5407 οὐδεὶς
1309 5342 1534 5397 δύναται
1559 5342 1680 5395 δυσὶ

1802 5352 1839 5398 2t
1887 5343 2032 5398 vivet
2073 5341 2253 5396 anima
2309 5355 2429 5395 mea
2466 5340 2534 5394 ⁸⁷.
2578 5357 2597 5389 ι
2638 5337 2830 5403 Audis,
2871 5335 2918 5389 si
2959 5347 3121 5388 aures
3168 5329 3360 5393 habes,

175 5519 223 5551 ”
258 5515 397 5574 Gen.
428 5534 558 5587 ιιι,
594 5517 695 5583 12,
732 5518 817 5574 l3.
895 5518 942 5553 "
988 5518 1179 5577 Matth.
1216 5536 1305 5591 xv,
1339 5518 1429 5574 24.
1507 5519 1554 5551 ”
1589 5516 1697 5574 Joat

1802 5535 1886 5587 ιιι,
1921 5520 2011 5577 49.
2085 5521 2128 5553 ³⁷
2166 5518 2303 5576 Gen.
2339 5533 2463 5585 ιιι,
2502 5513 2685 5571 15ο20.

176 5675 286 5747 (20)
314 5674 457 5731 Edit.
487 5672 702 5747 Steph.,
730 5675 784 5728 τί
810 5676 1007 5743 λέγεις.
