3850 6226
514 355 650 413 Hi?

1595 351 1652 406 S.
1696 347 2160 405 ATHANASIUS.
2191 379 2262 390 —
2291 348 2565 408 SPURIA.

3648 342 3767 398 ιεεε

515 480 750 542 riuntur,
781 475 856 529 ita
887 481 942 530 et
974 481 1031 528 tu
1062 473 1217 529 facis.
1275 471 1388 527 lmo
1419 472 1587 526 etiam
1629 487 1696 526 ex
1753 469 1958 526 Judaais
2001 485 2083 524 au-

2193 471 2289 524 καί
2322 474 2380 524 ὲν
2413 473 2536 536 ταῖς
2571 472 2905 544 ἐρωτήσεσιν
2961 470 3122 525 αὐτὸν
3169 468 3259 522 τὸν
3297 464 3764 538 προφητευόμενον

511 570 630 623 dire
659 568 824 623 licet:
861 565 939 621 lta
987 566 1284 632 credimus,
1323 574 1381 619 ut
1412 565 1606 621 beatus
1639 563 1817 619 Moses
1863 572 1916 617 et
1957 578 2087 632 pro-

2194 561 2538 633 εὑρίσκονται
2566 560 2996 633 σταυρώσαντες.

512 661 708 730 pheta,
741 674 883 730 quos
915 666 1096 713 tamen
1126 658 1172 711 si
1218 657 1559 724 interroges,
1596 655 1935 725 reperiemur
1962 668 2088 708 eum
2125 651 2327 721 ipsum.
2390 651 2459 704 de
2523 666 2634 720 quo
2680 650 2964 704 vaticinati
2997 655 3128 703 sunt
3179 646 3460 718 prophetae
3486 683 3504 708 ,
3565 643 3761 697 cruciﬁ-

513 770 685 811 XISSC.

582 847 851 920 45016.
869 845 1078 902 Maced.
1097 845 1208 902 Nos
1225 845 1458 900 dicimus
1484 844 1678 898 Filium
1701 859 1824 899 esse
1853 843 2090 897 invaria-

498 949 626 994 '-tam
643 940 931 1010 imaginem
950 939 1284 996 substantiae.
1313 948 1365 991 et
1381 938 1617 1004 consilii,
1636 946 1690 992 et
1713 939 2019 1007 potestatis,
2037 940 2092 990 et

514 1031 697 1101 gloria'
717 1028 914 1095 Patris,
936 1046 1043 1086 non
1064 1029 1298 1084 dicimus
1330 1038 1509 1082 tamen
1528 1043 1650 1082 esse
1677 1043 1741 1082 ex
1757 1025 1937 1081 Patris
1967 1025 2094 1081 sub-

515 1122 738 1187 stantia,
781 1138 958 1192 neque
1003 1121 1248 1176 eamdem
1284 1121 1670 1182 substantiam,
1709 1127 1763 1174 et
1788 1119 1929 1174 idem
1956 1135 2089 1174 con-

2267 837 2350 892 16.
2368 837 2587 891 Μακεδ.
2606 838 2794 908 Ἡμεῖς
2804 837 3008 899 οὐσίας,
3030 837 3121 889 καὶ
3136 834 3351 906 βουλῆς,
3367 833 3464 886 καὶ
3474 833 3760 903 δυνάμεως,

2194 931 2289 982 καὶ
2316 928 2490 999 δόξης,
2509 929 2925 999 ἀπαράλλακτον
2945 927 3126 980 εἰκόνα
3150 926 3378 997 λέγομεν
3409 924 3506 976 τὸν
3533 925 3664 976 Υἱὸν
3692 924 3764 977 τινῦ

2197 1022 2429 1093 Πατρός·
2446 1020 2568 1074 οὕτε
2585 1021 2642 1073 δὲ
2666 1022 2730 1073 ὲκ
2749 1021 2850 1090 τῆς
2866 1019 3053 1083 οὐσίας
3069 1018 3318 1087 λέγομεν,
3337 1015 3464 1069 οὔτε
3484 1015 3588 1085 τὴν
3619 1017 3766 1083 αὐτὴν

2195 1113 2404 1175 οὐσίαν,
2430 1114 2524 1167 καί⁸
2551 1112 2764 1184 βουλὴν,
2793 1113 2886 1166 καὶ
2902 1111 3146 1181 δύναμιν,
3175 1108 3472 1172 καὶδόξαν.
3491 1108 3712 1172 Λοιπὸν,
3731 1110 3768 1160 εἰ

515 1212 727 1276 silium,
753 1210 998 1266 eamdem
1036 1218 1358 1281 potestatem
1392 1217 1445 1263 et
1467 1209 1717 1278 gloriam.
1750 1204 2010 1276 Superest
2038 1216 2083 1259 ul

2197 1204 2342 1274 ἔχεις
2367 1193 2562 1269 εἰπεῖν,
2590 1204 2694 1257 ποῦ
2741 1208 3069 1277 γέγραπται,
3108 1205 3238 1266 Θεὸς
3264 1204 3325 1256 τὸ
3349 1202 3610 1271 Πνεῦμα,
3645 1204 3767 1254 εἰπέ.

513 1304 688 1368 dicas,
704 1303 750 1357 si
769 1310 944 1372 potes,
962 1303 1053 1356 ubi
1082 1302 1344 1371 scriptum
1369 1300 1460 1364 sit,
1487 1299 1745 1368 Spiritum
1763 1313 1885 1353 esse
1902 1296 2092 1353 Deum.

510 1395 630 1450 Dic.
663 1394 804 1461 Quid
829 1409 914 1448 me
966 1393 1224 1463 paulatim
1257 1393 1498 1447 enecas?
1530 1390 1681 1445 Orth.
1733 1385 1868 1445 Cum
1911 1399 1961 1444 te
1994 1389 2092 1444 tibi

512 1486 618 1557 ipsi
650 1499 953 1555 repugnare
983 1483 1350 1548 ostenderem,
1383 1493 1441 1536 ut
1481 1483 1761 1537 auditores
1785 1491 2007 1545 norunt,
2038 1488 2093 1534 et

511 1577 550 1631 ii
579 1583 938 1648 cognoscent,
971 1575 1063 1645 qui
1097 1574 1211 1630 haec
1258 1582 1387 1628 sunt
1437 1582 1626 1643 postea
1681 1573 1906 1635 lecturi,
1961 1581 2091 1626 tunc

509 1667 674 1721 etiam
709 1664 923 1720 ostendi
957 1662 1322 1728 Paracletum,
1352 1661 1616 1732 Spiritum
1641 1662 1792 1732 illum
1816 1661 2085 1725 veritatis,

509 1773 635 1812 esse
675 1755 867 1819 Deum,
899 1764 954 1810 et
984 1754 1270 1825 opiﬁcem,
1321 1765 1374 1809 et
1406 1754 1700 1808 viviﬁcum.
1767 1752 1978 1808 Maced.
2030 1751 2086 1806 Si

511 1851 595 1907 vel
625 1866 792 1904 unum
829 1849 1059 1904 istorum
1107 1847 1446 1910 ostenderis,
1483 1847 1607 1902 liam
1653 1847 2092 1903 consubstantia-

511 1947 659 2001 lista.
725 1943 878 1998 Orth.
915 1941 1145 1996 Cuinam
1205 1940 1342 1994 dixit
1388 1939 1572 1994 Deus:
1613 1958 1632 1990 ι
1674 1938 1961 1994 Faciamus
1993 1939 2088 1992 ho-

511 2037 715 2091 minem
749 2035 818 2089 ad
849 2034 1138 2104 imaginem
1165 2039 1219 2086 et
1243 2032 1658 2086 similitudinem
1691 2039 1934 2085 nostram
1979 2031 2036 2083 "?
2065 2049 2082 2081 ι

512 2127 723 2183 Maced.
765 2125 909 2181 Deus
940 2124 1100 2179 Pater
1142 2125 1246 2178 hoc
1299 2124 1432 2177 dicit
1483 2122 1620 2177 Filio
1655 2122 1785 2178 Deo.
1825 2122 1976 2177 Orth.
2011 2121 2089 2175 Ex

511 2234 577 2274 eo
608 2219 750 2288 ipso,
781 2217 928 2288 quod
971 2216 1223 2271 eﬂ‘ectum
1269 2222 1386 2276 est,
1442 2229 1738 2284 possumus
1786 2214 2088 2284 intelligere

508 2308 728 2365 cuinam
762 2309 816 2362 id
845 2306 1046 2361 dixerit
1075 2305 1220 2375 quod
1270 2313 1457 2374 postea
1479 2303 1732 2358 eﬂ‘ectum
1765 2303 1888 2357 fuit.
1925 2302 2090 2361 Estne

509 2403 672 2456 homo
699 2400 769 2456 ad
803 2401 1089 2470 imaginem
1129 2398 1220 2452 Dei
1255 2398 1464 2461 factus,
1499 2397 1716 2450 annon?
1747 2395 1958 2450 Maced.
1995 2396 2090 2450 Est

510 2506 666 2546 sane.
707 2489 859 2544 Orth.
893 2489 990 2544 Die
1023 2489 1220 2558 igitur:
1261 2487 1399 2541 Num
1439 2494 1619 2556 potest
1649 2487 1810 2540 homo
1839 2501 1957 2540 esse
1993 2485 2087 2539 Dei

509 2579 710 2648 imago,
751 2593 874 2632 cum
911 2593 1020 2633 non
1047 2578 1117 2634 sit
1155 2575 1472 2646 perfectus:
1507 2582 1561 2630 et
1590 2591 1721 2629 num
1758 2583 1939 2645 potest
1963 2590 2088 2645 per-

510 2670 684 2727 fectus
711 2687 852 2735 esse,
882 2687 1043 2741 quem
1080 2669 1317 2742 Spiritus
1359 2679 1583 2724 sanctus
1630 2683 1737 2723 non
1785 2669 2089 2723 sanctiﬁca-

508 2766 625 2820 rit?
647 2764 854 2819 Maced.
889 2766 1091 2820 Omnes
1116 2765 1281 2836 igitur
1313 2764 1564 2820 homines
1589 2763 1791 2818 habent
1823 2761 2086 2833 Spiritum

509 2859 797 2914 sanctum?
825 2857 978 2913 Orth.
1015 2856 1071 2912 Si
1097 2873 1287 2912 omnes
1314 2864 1442 2913 sunt
1462 2856 1767 2912 secundum
1797 2854 2087 2924 imaginem

507 2952 758 3022 perfecti,
782 2966 973 3006 omnes
1000 2966 1217 3021 quoque
1261 2949 1526 3018 Spiritum
1583 2958 1832 3004 sanctum
1863 2947 2084 3002 habent.

507 3040 717 3098 Haced.
752 3039 952 3096 Omnes
985 3040 1186 3094 habent
1219 3039 1369 3092 illum
1421 3038 1726 3094 secundum
1770 3037 2080 3106 imaginem.

511 3132 984 3199 0rth._Quomodo
1040 3133 1205 3202 igitur
1251 3130 1456 3185 Paulus
1510 3130 1731 3200 inquit:
1781 3147 1800 3180 ι
1857 3126 1929 3185 Δυι
1963 3128 2152 3214 sitisc

509 3227 810 3283 secundum
872 3224 1160 3294 imaginem
1207 3223 1327 3292 ejus
1355 3262 1370 3286 ,
1407 3223 1502 3292 qui
1551 3223 1796 3276 condidit
1831 3236 1926 3276 vos
1957 3221 2022 3274 3?
2058 3239 2077 3271 ι

508 3329 562 3374 et
586 3318 752 3372 alibi:
789 3335 807 3368 ι
847 3314 1003 3370 Sicut
1036 3313 1373 3384 portavimus
1405 3314 1696 3383 imaginem
1719 3311 2084 3380 terreni,por-

509 3422 687 3464 temus
721 3409 1012 3478 imaginem
1032 3406 1273 3461 cmlestis
1304 3405 1348 3457 9?
1379 3423 1398 3456 ι
1435 3403 1645 3459 Maced.
1688 3403 1882 3458 Annon
1921 3403 2087 3474 igitur

507 3516 700 3558 omnes
747 3514 938 3555 sumus
984 3497 1283 3553 secundum
1317 3495 1642 3568 imaginem?
1701 3494 2088 3554 0rth..Pecca—

507 3603 657 3650 tores
685 3606 1027 3662 nequaquam
1058 3609 1071 3645 :
1103 3591 1196 3660 qui
1235 3604 1364 3644 vero
1399 3589 1584 3644 carnis
1615 3588 1858 3644 actiones
1892 3587 2086 3642 morti-

507 3687 693 3748 ﬁcant,
725 3693 778 3740 et
806 3674 1037 3738 induunt
1064 3697 1267 3737 novum
1300 3682 1451 3734 illum
1500 3680 1778 3734 hominem
1826 3679 1893 3733 ad
1941 3678 2080 3732 ima-

508 3775 688 3847 ginem
718 3774 813 3831 Dei
847 3775 1126 3830 conditum
1150 3815 1164 3837 ,
1208 3773 1276 3828 iis
1307 3771 1523 3828 demum
1554 3771 1689 3826 illud
1710 3811 1724 3834 ,
1777 3769 2081 3826 secundum

506 3867 822 3937 imaginem,
854 3865 1132 3934 competit.
1167 3863 1317 3918 Talis
1364 3863 1509 3918 enim
1565 3870 1683 3918 erat
1725 3862 1899 3916 Adam
1954 3868 2082 3916 ante

505 3957 1020 4028 transgressionem.
1056 3953 1227 4009 Homo
1260 3955 1428 4024 igitur
1462 3955 1552 4008 ille
1605 3953 1906 4008 secundum
1944 3953 2079 4006 ima-

503 4050 683 4118 ginem
723 4048 818 4103 Dei
856 4055 1106 4108 creatus,
1161 4061 1191 4098 a
1249 4044 1440 4109 Patre,
1476 4052 1530 4099 et
1567 4043 1727 4108 Filio,
1755 4053 1810 4099 et
1871 4044 2078 4114 Spiritu

2193 1297 2257 1348 Τί
2291 1314 2359 1366 με
2392 1299 2622 1368 σήπεις;
2663 1299 2810 1366 Ὀρθ.
2847 1299 2974 1349 Ὅτε
3006 1295 3203 1361 ἔδειξα.
3237 1295 3319 1348 ὅτι
3349 1294 3539 1363 σαυτῷ
3568 1295 3771 1346 ἐναντία

2189 1390 2385 1459 λέγεις,
2410 1391 2484 1453 ὼς
2522 1393 2573 1444 οἱ
2599 1392 2864 1462 ἀκροαταὶ
2895 1390 3065 1454 ἴσασι,
3097 1390 3191 1443 καὶ
3215 1391 3264 1441 οἱ
3283 1388 3424 1460 μετὰ
3455 1387 3640 1441 ταῦτα
3662 1389 3772 1439 ἀναν

2189 1481 2547 1548 γινώσκοντες
2573 1480 2894 1550 γνώσονται,
2921 1481 3042 1533 τότε
3069 1479 3335 1550 δείκνυμι,
3383 1479 3468 1531 ὅτι
3503 1480 3605 1531 καὶ
3657 1477 3772 1539 85%;

2193 1573 2286 1625 καὶ
2330 1572 2554 1643 κτίστης
2609 1573 2701 1624 καὶ
2752 1571 3013 1636 ζωοποιός
3057 1573 3204 1624 ἐστιν
3257 1571 3286 1622 ὁ
3328 1570 3776 1642 Παράκλητοςτὸ

2195 1663 2417 1734 Πνεῦμα
2438 1665 2537 1736 τῆς
2561 1665 2836 1735 ἀληθείας.
2890 1665 3111 1720 Μακεδ.
3159 1666 3278 1720 Κᾶν
3321 1665 3380 1717 ἓν
3422 1664 3546 1733 (24)
3580 1663 3774 1716 τούτων

2193 1754 2390 1826 δείξῃς,
2440 1755 2660 1827 γίνομαι
2710 1758 3126 1828 ὀμοουσιαστής.
3168 1757 3311 1824 Ὀρθ.
3373 1756 3496 1809 Τίνι
3558 1751 3774 1807 size-:6

2191 1845 2320 1910 Θεός
2341 1864 2354 1877 ο
2391 1866 2410 1898 ι
2445 1849 2764 1920 Ποιήσωμεν
2814 1849 3094 1921 ἄνθρωπον
3121 1849 3239 1900 κατ’
3267 1849 3456 1901 εἰκόνα.
3507 1848 3775 1918 ἡμετέραν

2191 1938 2282 1990 καὶ
2305 1937 2424 1992 καθ’
2453 1940 2747 2009 ὁμοίωσινς
2786 1960 2802 1990 ι
2836 1940 3055 1994 Μακεδ.
3089 1941 3146 1993 '0
3165 1939 3297 2000 Θεὸς
3323 1941 3417 1992 καὶ
3449 1940 3655 2010 Πατὴρ
3677 1940 3776 2009 ἑλεῖ

2189 2048 2251 2100 γε
2281 2031 2357 2102 τῷ
2391 2031 2504 2102 Υἰῷ
2569 2033 2664 2084 καί
2694 2031 2834 2103 Θεῷ.
2867 2033 3012 2100 Ὀρθ.
3055 2034 3172 2084 Ἀπ’
3209 2031 3374 2085 αὑτοῦ
3407 2032 3510 2085 τοῦ
3560 2034 3776 2100 γεγονό-

2188 2139 2278 2184 τος
2302 2121 2576 2192 δυνὰμεθα
2606 2123 2828 2190 γνῶναι,
2853 2123 2957 2176 τίνι
3001 2122 3158 2192 ἔλεγε
3205 2122 3266 2176 τὸ
3298 2124 3551 2192 γεγονός.
3607 2126 3668 2177 '0
3693 2125 3779 2176 ἆτ-

2190 2212 2404 2284 θρωπος
2429 2215 2650 2283 ἐγένετο
2678 2218 2796 2270 κατ’
2824 2218 3008 2270 εἰκόνα
3042 2215 3198 2282 Θεοῦ,
3223 2216 3255 2287 ἦ
3282 2215 3342 2268 οὗ
3365 2233 3378 2281 ;
3409 2217 3651 2272 Μακεδ.
3678 2218 3778 2269 Καὶ

2189 2305 2350 2359 πάνυ.
2386 2307 2694 2374 Ὀρθ.Εἱπὲ
2715 2305 2827 2372 οὖν,
2858 2311 2905 2361 εἰ
2948 2309 3167 2362 δύναται
3211 2309 3376 2362 εἰκὼν
3429 2309 3578 2363 Θεοῦ
3649 2308 3776 2363 εἶναι

2188 2397 2494 2468 ἅνθρωπος,
2527 2398 2602 2469 μὴ
2635 2399 2710 2452 ὢν
2743 2401 2930 2472 ἄρτιος
2956 2417 2969 2431 ’
3010 2403 3104 2454 καὶ
3133 2403 3181 2453 εἰ
3223 2401 3449 2455 δύναται
3494 2399 3646 2456 εἶναι
3691 2405 3777 2473 ip-

2188 2506 2320 2552 τιος,
2352 2491 2427 2560 μὴ
2454 2491 2735 2558 ἁγιασθείς
2762 2491 2840 2562 τῷ
2866 2492 3142 2562 Πνεῦματι
3171 2493 3267 2562 τῆς
3289 2493 3634 2564 ἁγιωσύνης.
3667 2498 3774 2547 Ma-

2187 2583 2314 2638 κεδ.
2343 2585 2453 2638 Καὶ
2477 2585 2678 2648 πάντες
2709 2581 2802 2638 οὖν
2822 2586 2872 2638 οἱ
2905 2585 3001 2640 ἄνθ
3010 2603 3183 2656 ρωποι
3201 2585 3428 2656 Πνεῦμα
3447 2588 3614 2654 ἅγιον
3634 2587 3774 2656 ἔχου·

2189 2693 2307 2742 σιν;
2350 2678 2496 2744 Ὀρθ.
2526 2677 2588 2729 Εἰ
2622 2677 2823 2740 πάντες
2872 2677 2979 2731 είσί
3007 2680 3128 2730 κατ’
3178 2679 3364 2731 εἰκόνα
3417 2679 3630 2749 ἄρτιοι,
3693 2682 3773 2731 καὶ

2187 2769 2386 2830 πάντες
2456 2767 2682 2838 Πνεῦμα
2752 2769 2905 2833 ἆγιον
2972 2768 3207 2839 ἔχουσιν.
3269 2769 3503 2824 Μακεδ.
3575 2772 3774 2831 Πάντες

2187 2859 2370 2930 έχουσι
2398 2860 2458 2913 τὸ
2491 2861 2611 2913 κατ’
2647 2860 2850 2914 εἰκόνα.
2883 2862 3028 2929 Ὀρθ.
3057 2861 3181 2923 Πῶς
3208 2856 3300 2914 οὖν
3324 2863 3352 2914 ὀ
3377 2861 3540 2929 ἅγιος
3570 2862 3773 2923 Παῦλος

2186 2949 2334 3019 λέγει
2360 2968 2374 2982 σ
2408 2970 2426 3001 r
2460 2951 2648 3014 Ὅπως
2677 2951 2911 3022 γένησθε
2948 2953 3067 3004 κάτ’
3111 2951 3296 3004 εἰκόνα
3339 2951 3436 3004 τοῦ
3495 2953 3771 3015 κτίσαντος

2187 3041 2331 3109 ὑμᾶς
2359 3057 2372 3105 ;
2408 3059 2427 3092 ι
2459 3041 2550 3092 καὶ
2573 3043 2630 3092 ἐν
2669 3039 2848 3103 ἄλλοις
2867 3057 2879 3069 ·
2915 3059 2933 3090 ι
2970 3041 3080 3093 Καὶ
3105 3039 3287 3103 καθὼς
3309 3041 3666 3112 ὲφορέσαμεν
3687 3042 3768 3110 τὴν

2185 3133 2369 3186 εἰκόνα
2395 3131 2487 3186 τοῦ
2524 3131 2728 3201 χοϊκοῦ,
2760 3131 3079 3202 φορέσωμεν
3106 3131 3203 3202 τὴν
3242 3133 3428 3185 εἰκόνα
3477 3133 3578 3185 τοῦ
3624 3136 3771 3186 ἐπου-

2187 3225 2406 3296 ρανίου;
2445 3245 2463 3276 ι
2500 3224 2722 3278 Μακεδ.
2747 3225 2860 3276 Οὐκ
2889 3224 3057 3295 ἐσμὲν
3087 3222 3178 3278 οὖν
3202 3225 3404 3289 πάντες
3460 3227 3590 3279 κατ’
3637 3226 3767 3279 εἰκό-

2183 3330 2250 3366 να
2275 3332 2290 3380 ;
2313 3313 2458 3380 Ὀρθ.
2477 3314 2540 3365 Οί
2565 3313 2992 3384 ἁμαρτάνοντες,
3022 3314 3081 3367 οῦ
3099 3333 3111 3344 ·
3137 3317 3185 3368 οἰ
3211 3315 3267 3368 δὲ
3288 3315 3390 3380 τὰς
3427 3318 3663 3388 πράξεις
3687 3315 3770 3370 τοῦ

2188 3402 2436 3474 σώματος
2458 3403 2836 3468 θανατοῦντες,
2862 3405 2957 3460 καὶ
2983 3407 3418 3477 ὲνδιδυσκόμενοι
3458 3409 3557 3462 τὸν
3596 3409 3772 3462 καινὸν

2186 3495 2490 3567 ἄνθρωπον,
2522 3497 2611 3550 τὸν
2638 3498 2779 3552 κατὰ
2826 3498 2957 3552 Θεὸν
2999 3498 3307 3564 κτισθέντα,
3336 3501 3528 3570 έχουσι
3567 3502 3634 3555 τὸ
3661 3502 3771 3555 κατ’

2187 3588 2388 3641 εἰκόνα.
2416 3588 2666 3651 Τοιοῦτος
2689 3589 2797 3660 γὰρ
2818 3585 2884 3662 ἦν
2911 3593 2938 3642 ὁ
2977 3590 3147 3660 Ἀδὰμ
3172 3591 3279 3662 πρὸ
3317 3593 3418 3662 τῆς
3464 3594 3767 3663 παρακοῆς.

2201 3680 2433 3743 Ἐκεῖνος
2460 3676 2551 3734 οὖν
2577 3681 2604 3733 ὁ
2629 3683 2748 3734 κατ’
2783 3682 2966 3740 εἰκόνα
2987 3682 3080 3735 τοῦ
3114 3683 3250 3736 Θεοῦ
3295 3685 3547 3749 κτισθείς
3578 3687 3768 3757 ἄνθρω-

2189 3787 2289 3834 πος
2322 3769 2472 3842 παρὰ
2515 3771 2747 3842 Πατρὸς,
2782 3773 2875 3828 καὶ
2923 3772 3072 3837 Υἱοῦ,
3120 3774 3213 3826 καί
3260 3775 3419 3842 ἁγίου
3452 3777 3768 3847 Πνεόματος

2186 3863 2428 3934 ἐκτίσθη.
2466 3883 2483 3915 ι
2519 3866 2838 3936 Ποιήσωμεν
2879 3886 2897 3918 ι
2932 3866 3060 3939 γὰρ,
3093 3864 3267 3934 εἶπεν,
3313 3869 3403 3922 ἵνα
3442 3869 3549 3940 τὴν
3593 3871 3769 3941 συνέρ-

2181 3971 2336 4026 γειαν
2363 3955 2512 4030 εἴπῃ,
2545 3957 2683 4026 οὐχὶ,
2715 3957 3008 4028 Ποιήσατε,
3039 3959 3126 4014 ἵνα
3166 3959 3241 4031 μὴ
3274 3960 3338 4012 σὺ
3370 3961 3536 4014 πάλιν
3570 3963 3770 4032 ὑπουρ-

2184 4047 2278 4117 γὸν
2306 4047 2399 4101 καὶ
2423 4047 2734 4120 λειτουργὸν
2757 4049 2936 4121 εἴπῃς.

504 4150 694 4199 sancto
716 4148 932 4196 creatus
964 4152 1066 4195 est.
1118 4139 1264 4193 Dixit
1305 4141 1483 4202 enim,
1541 4157 1560 4190 ι
1609 4137 1916 4204 Faciamus,
1955 4159 1973 4191 ι
2024 4147 2082 4193 ut
2123 4144 2568 4212 cooperaliouem
2637 4143 2974 4212 declararet,
3021 4160 3131 4200 non
3173 4152 3355 4200 autem
3381 4184 3398 4209 ,
3430 4143 3666 4214 Facite,
3709 4161 3775 4201 ne

496 4241 562 4288 .tu
607 4247 804 4286 rursus
839 4231 1258 4287 subordinatum
1308 4231 1619 4301 operarium
1666 4239 1721 4287 et
1760 4232 2076 4287 ministrum
2116 4234 2287 4290 dicas.

563 4351 664 4406 -17,
693 4350 899 4405 Μαεεά.
937 4351 1197 4422 Spiritum
1229 4361 1478 4408 sanctum
1503 4353 1641 4408 dicis
1665 4352 1845 4409 Patris
1869 4362 1923 4410 et
1949 4353 2071 4410 Filii

2253 4358 2336 4411 l7.
2362 4358 2581 4413 Μακεδ.
2608 4360 2680 4412 Τὸ
2702 4359 2924 4430 Πνεῦμα
2972 4359 3033 4412 τὸ
3083 4357 3235 4427 ἅγιον
3279 4360 3553 4430 συνεργὸν
3597 4361 3770 4429 λέγεις

504 4445 808 4513 adjutorem
841 4455 894 4500 et
931 4448 1113 4515 operis
1139 4447 1389 4501 socium?
1426 4448 1587 4516 Atqui
1623 4447 1908 4519 Scriptura
1946 4466 2072 4505 san-

2188 4450 2389 4521 Πατρὸς
2412 4451 2504 4504 καὶ
2530 4448 2693 4517 ficii;
2737 4450 2800 4504 Ἦ
2828 4451 3019 4523 Γραφὴ
3048 4450 3106 4504 δὲ
3137 4451 3231 4503 καὶ
3255 4451 3384 4512 τοὺς
3412 4451 3616 4520 ἁγίους
3642 4456 3770 4506 ἀπο-

504 4541 622 4589 ctos
647 4535 811 4588 etiam
842 4537 1120 4604 apostolos
1148 4546 1308 4592 vocat
1338 4539 1640 4607 adjutores.
1687 4539 1839 4594 Orth.
1867 4559 1885 4591 ‹
1916 4540 2078 4595 Nem-

503 4639 571 4695 pe
594 4623 661 4676 ad
693 4625 922 4679 salutem
955 4641 1165 4689 eorum,
1193 4628 1284 4697 qui
1319 4635 1632 4692 servantur,
1670 4647 1688 4680 ›
1726 4645 1837 4684 non
1894 4643 2076 4686 autem

502 4715 569 4770 ad
629 4715 958 4770 creationem
1016 4700 1214 4772 rerum.
1269 4719 1514 4788 Apostoli
1556 4720 1724 4790 igitur
1771 4724 2076 4790 cooperarii

499 4808 720 4878 quidem
748 4808 1006 4863 dicuntur
1037 4810 1101 4864 ad
1149 4809 1434 4864 hominum
1485 4812 1715 4866 salutem
1745 4853 1759 4876 ,
1816 4814 2073 4884 quoniam

500 4901 799 4954 fueruntet
837 4909 966 4954 sunt
995 4901 1251 4970 templum
1306 4900 1541 4970 Spiritus
1586 4904 1804 4966 sancti,
1849 4913 1904 4957 at
1959 4905 2075 4974 ipse

502 4989 738 5059 Spiritus
767 4977 1091 5061 cooperatus
1138 5001 1222 5046 est
1273 4991 1340 5046 ad
1375 4992 1695 5048 creandum.
1747 4993 1955 5049 Haced.
1992 4995 2075 5050 An

499 5098 630 5137 vero
665 5083 796 5136 mihi
824 5083 1200 5140 demonstrare
1226 5088 1403 5155 possis
1425 5125 1439 5147 ,
1480 5085 1764 5155 Spiritum
1810 5103 2075 5158 coopera-

504 5181 616 5226 tum
653 5189 774 5229 esse
807 5175 872 5228 ad
917 5175 1196 5229 hominum
1231 5177 1600 5231 creationem?
1638 5177 1789 5233 Orth.
1816 5178 1935 5233 Jam
1981 5179 2075 5235 de-

503 5272 863 5318 monstratum
893 5274 996 5320 est.
1021 5264 1228 5320 Maced.
1263 5265 1580 5331 Quomodo?
1621 5266 1773 5322 Orth.
1803 5270 2070 5334 Quoniam

499 5353 746 5410 videmus
778 5355 1046 5410 hominem
1071 5367 1314 5412 creatum
1344 5357 1412 5412 ad
1452 5359 1740 5428 imaginem
1767 5400 1782 5425 ,
1833 5360 2069 5430 Spiritus

2179 4542 2396 4604 στόλους
2428 4543 2722 4614 συνεργοὺς
2748 4542 2925 4595 καλεῖ.
2970 4542 3115 4609 Ὀρθ.
3145 4561 3163 4592 ι
3198 4542 3327 4605 Ναὶ,
3355 4545 3438 4607 εἰς
3467 4544 3572 4615 τὴν
3601 4561 3768 4610 σωτη-

2178 4632 2297 4701 ρίαν
2341 4630 2450 4684 τῶν
2499 4631 2856 4702 σωζομένων,
2899 4651 2918 4683 ι
2953 4632 3014 4685 οὐ
3077 4631 3181 4701 μὴν
3233 4635 3315 4695 εἰς
3361 4634 3464 4704 τὴν
3506 4635 3766 4706 δημιουρ-

2172 4723 2295 4793 γίαν
2327 4725 2660 4795 κτισμάτων.
2705 4726 2769 4778 Οἱ
2819 4725 2917 4794 μὲν
2953 4721 3046 4776 οὖν
3087 4724 3198 4794 (9.5)
3223 4725 3524 4780 ἀπόστολοι
3553 4731 3637 4791 εἰς
3671 4727 3764 4795 τὴν

2175 4819 2443 4888 σωτηρίαν
2472 4817 2579 4871 τῶν
2602 4816 2905 4889 ἀνθρώπων
2945 4796 3434 4891 συνεργοίξὲπειδὴ
3459 4821 3560 4874 τοῦ
3608 4820 3765 4874 Πνεὺ-

2176 4926 2344 4978 ματος
2370 4906 2507 4981 ἦσαν
2545 4911 2641 4965 καὶ
2677 4910 2815 4962 εἰσὶν
2844 4909 2970 4972 ναός
2991 4927 3004 4942 ·
3050 4911 3178 4963 αὐτὸ
3223 4911 3281 4963 δὲ
3323 4911 3386 4962 τὺ
3420 4911 3654 4983 Πνεῦμα
3683 4913 3760 4973 εὶς

2171 4999 2549 5072 δημιουργίαν.
2602 5001 2825 5057 Μακεδ.
2887 5004 2996 5056 Καὶ
3050 5003 3196 5074 ἔχεις
3250 5021 3342 5075 μοι
3405 5005 3624 5073 δεῖξαι,
3671 5008 3758 5058 ὅτε

2176 5093 2512 5162 συνήργησεν
2541 5096 2620 5157 είς
2665 5093 2762 5165 τὴν
2795 5094 3155 5166 δημιουργίαν
3208 5095 3317 5147 τῶν
3363 5097 3667 5166 ἀνθρώπων
3695 5098 3759 5148 τὸ

2169 5180 2431 5252 Πνεῦμα;
2465 5185 2618 5250 Ὀρθ.
2645 5184 2941 5238 Δέδεικται.
2965 5185 3190 5238 Μακεδ.
3234 5185 3399 5251 Πῶς;
3437 5189 3598 5256 Ὀρθ.
3640 5189 3759 5240 Ὅτι

2168 5275 2260 5327 τὸν
2289 5276 2575 5331 κτισθέντα
2609 5278 2892 5350 ἄνθρωπον
2921 5282 3042 5333 κατ’
3085 5281 3293 5344 εἰκόνα,
3344 5284 3489 5352 μετὰ
3530 5285 3628 5353 τῆς
3663 5283 3758 5335 τοῦ

2168 5363 2482 5436 Πνεύματος
2526 5368 2844 5444 συνεργείας
2883 5369 3098 5441 ὁρῶμεν
3133 5371 3286 5424 ὄντα.
3337 5375 3568 5428 Ηυκεδ.
3621 5375 3760 5440 Ἐγὼ

573 5509 586 5538 ¹
625 5507 760 5564 Gen.
801 5526 849 5574 ε,
887 5510 976 5564 26.
1055 5513 1076 5542 ⁸
1115 5514 1328 5568 Coloss.
1368 5531 1466 5574 nr.
1509 5517 1593 5570 l0.
1671 5519 1690 5548 °
1733 5517 1748 5569 l
1783 5517 1917 5575 .Cor.
1956 5535 2046 5585 xv,
2082 5519 2173 5574 49.

563 5661 674 5735 (ἓξ)
716 5663 1093 5735 Μοηυεονίριί,
1139 5667 1260 5720 Ἐὰν
1290 5669 1363 5722 ἓν.

557 5731 676 5799 ..(25)
715 5733 870 5800 Mss.,
894 5731 1168 5790 καῖ’Υἰοῦ.
1213 5739 1358 5808 Ὀρθ.
1404 5740 1466 5792 Ἡ
1498 5741 1684 5815 Γραφὴ
1719 5741 1762 5798 δ.
1808 5744 1898 5796 καὶ
1926 5761 1976 5802 τ.
2003 5744 2056 5798 ἁ.

2171 5673 2267 5727 ἀπ.
2301 5675 2812 5753 σ..λέγει.μΜᾳκεδ.
2851 5677 2958 5753 Ναὶ
2977 5680 3040 5753 ἐἰ
3067 5696 3121 5732 τ.
3156 5695 3208 5734 σ.
3242 5698 3291 5738 τ.
3327 5699 3381 5738 σ.
3404 5683 3468 5736 οὐ
3503 5700 3562 5753 μ.
3595 5685 3668 5747 εἰς
3696 5683 3748 5737 ὃ.

2168 5746 2504 5816 κτισμάτων.
2557 5748 2698 5817 Ὀρθ.
2728 5749 2792 5801 Ol.
2821 5749 2919 5819 μὲν
2944 5745 3057 5818 οὖν,
3089 5757 3198 5808 etc.
