3850 6226
128 329 298 386 1229

1112 330 1197 386 DE
1237 331 1510 388 SANCTA
1551 331 1926 387 TRINITATE
1965 331 2314 389 DIALOGUS
2348 333 2435 388 lll.

3274 336 3295 388 i
3309 336 3413 399 2,50

120 447 330 501 πάντα
363 445 647 518 ἄνθρωπον
681 445 798 500 κατ’
852 446 1034 499 εἰκόνα
1073 447 1237 516 λέγω.
1285 450 1438 517 Ὀρθ.
1499 451 1710 520 Δυνάμε

1836 452 2222 521 cooperatione
2268 465 2412 506 esse.
2442 447 2654 503 Maced.
2726 448 2839 520 Ego
2887 465 3102 504 omnem
3136 449 3412 506 hominem

121 538 397 611 λέγειςὴ
426 539 706 610 ὲνεργείᾳ;
727 539 948 592 Mauri.
972 541 1082 593 Καὶ
1112 540 1163 592 τί
1190 541 1336 594 ἐστιν
1359 541 1586 610 δυνάμει
1605 557 1617 605 ;
1639 541 1732 593 καὶ

121 630 183 682 τί
221 631 378 683 ἐστιν
412 630 692 701 ἐνεργείας
720 630 878 697 Ὀρθ.
928 631 1162 700 Δυνάμει
1197 632 1379 695 ἐστὶν,
1427 631 1456 684 ὃ
1509 632 1731 685 δύναται

121 719 432 789 γενέσθαι·
463 721 735 792 ’ἐνεργείᾳ
773 721 886 773 δὲό
937 722 1176 792 ὲνεργῶν
1231 722 1302 774 τὰ
1367 723 1469 792 τῆς
1524 723 1731 787 εἰκόνος

123 813 347 883 κάλλη.
374 813 584 884 Ὥσπερ
617 814 677 865 τὸ
706 813 906 885 βρέφος
925 814 1151 885 δυνάμει
1204 816 1320 868 ἐστί
1350 815 1486 878 ζῶον
1518 816 1732 884 λογικὸν

125 904 375 975 θνητόν⁹
405 905 653 976 ἐνεργείᾳ
674 904 729 957 δὲ
757 905 965 973 γίνεται
1011 905 1268 976 αὐξηθὲν,
1308 906 1336 959 ὃ
1383 907 1488 977 πρὸ
1539 907 1730 960 τούτου

115 998 200 1065 εεῇ
230 994 463 1064 δυνάμει
488 1008 503 1023 °
536 993 679 1046 οὕτω
713 994 807 1046 καί
843 996 964 1046 κατ’
1001 994 1183 1047 εἰκόνα
1210 993 1344 1047 Θεοῦ
1401 996 1548 1047 ἐστιν
1600 995 1730 1048 ἐκα-

125 1103 267 1148 στος
287 1085 536 1154 δυνάμει.
573 1083 696 1136 Ἐὰν
728 1083 786 1135 δὲ
841 1084 1214 1154 ἀπεκδύσηται
1264 1085 1363 1156 τὴν
1408 1087 1726 1156 νεκρότητα,

122 1176 200 1246 ἣν
237 1175 573 1229 ὲπενδῦσατο
609 1176 699 1229 διὰ
753 1176 853 1246 τῆς
911 1176 1274 1247 παραϐάσεως
1319 1179 1348 1228 6
1399 1178 1590 1248 Ἀδὰμ,
1634 1177 1729 1229 καὶ

129 1267 441 1338 ἐνδύσηται
471 1267 563 1322 τὸν
601 1268 786 1322 καινὸν
836 1267 1121 1338 ἄνθρωπον
1139 1250 1256 1338 ’τῆς
1292 1268 1620 1340 ἀφθαρσίας,
1669 1269 1728 1323 ὃν

125 1359 511 1430 ἐκδυσάμενος
558 1360 748 1432 Ἀδὰμ,
811 1362 1016 1432 γυμνὸς
1061 1362 1264 1434 ηὑρέθη
1292 1379 1306 1392 ·
1358 1364 1479 1416 τότε
1521 1364 1727 1431 γίνεται

125 1453 397 1525 ἐνεργείᾳ
417 1453 527 1523 (26)
553 1455 672 1506 κατ’
701 1453 882 1506 εἰκόνα
905 1453 1000 1506 τοῦ
1027 1453 1330 1516 κτίσαντος,
1356 1449 1458 1505 οἷοι
1482 1453 1729 1522 ἐγένοντο

125 1546 182 1598 οἰ
212 1545 525 1609 ἀπόστολοι,
542 1538 661 1616 ὧνὴ
677 1543 801 1596 σκιὰ
817 1544 1073 1614 δυνάμεις
1087 1544 1356 1598 ἀπετέλει.
1377 1544 1728 1616 Μακεδ.ξΠρὸ

127 1635 337 1688 τούτου
364 1631 456 1688 οὖν
485 1637 586 1689 οὐκ
614 1631 754 1706 ἦσαν
783 1638 904 1689 κατ’
934 1636 1117 1688 εἰκόνα
1147 1637 1196 1688 οἱ
1223 1635 1542 1703 ἀπόστολοι;
1569 1639 1726 1704 Ὀρθ.

129 1725 234 1793 Μὴ
269 1725 362 1777 τὸν
381 1723 484 1789 ἔξω
511 1725 814 1796 ἄνθρωπον,
840 1724 898 1777 ὃν
921 1724 1330 1796 διαφθείρεσθαι
1352 1721 1504 1780 εἶπεν
1523 1728 1550 1778 ὁ
1575 1725 1725 1781 Παῦ-

1835 544 1959 598 dico
1987 559 2110 598 esse
2144 543 2449 599 secundum
2480 541 2771 611 imaginem
2805 541 2918 595 Dei.
2951 541 3102 597 Orth.
3137 541 3412 599 Potestate

1833 636 1994 699 dicis,
2029 651 2098 689 an
2131 635 2484 704 operatione?
2528 633 2736 688 Maced.
2793 633 2858 687 Et
2913 635 3170 704 quidnam
3199 643 3286 690 est
3313 649 3412 704 po-

1831 734 2048 792 testate,
2078 727 2339 796 quidnam
2369 726 2726 796 Operatione?
2755 725 2909 780 Orth.
2943 724 3221 780 Potestate
3271 725 3410 780 illud

1830 829 1948 882 est,
1990 821 2136 890 quod
2171 821 2287 876 ﬁeri
2320 828 2540 890 potest:
2578 819 2900 889 Operatione
2931 833 3062 874 vero
3091 829 3174 874 est
3199 859 3214 883 ,
3260 817 3409 888 quod

1831 910 2085 979 imaginis
2107 908 2568 979 pulchritudinem
2601 917 2882 978 Operatur.
2933 906 3406 972 Quemadmodum

1829 1001 1997 1072 igitur
2030 1016 2165 1071 puer
2188 1009 2270 1054 est
2292 999 2494 1053 animal
2527 1006 2799 1068 potestate
2831 998 3156 1053 rationabile
3185 1005 3240 1052 et
3261 1013 3409 1053 mor-

1830 1092 1936 1145 tale
1964 1110 1976 1146 :
2022 1091 2112 1144 ubi
2142 1099 2321 1144 autem
2353 1089 2614 1153 excrevit,
2639 1089 2957 1158 operatione
2983 1089 3042 1143 ﬁt
3072 1089 3228 1154 illud,
3259 1090 3408 1160 quod

1828 1189 1947 1235 erat
1971 1187 2132 1234 antea
2167 1185 2454 1250 potestate,
2490 1180 2566 1232 ita
2604 1181 2767 1234 etiam
2791 1179 3171 1249 unusquisque
3192 1186 3276 1235 est
3305 1193 3407 1250 po-

1829 1279 2024 1327 testate
2059 1270 2360 1326 secundum
2404 1269 2694 1342 imaginem
2742 1271 2859 1325 Dei.
2895 1269 3054 1336 Quod
3101 1271 3149 1325 si
3192 1272 3408 1326 exuerit

1827 1363 2234 1426 mortalitatem,
2260 1379 2368 1433 qua
2401 1364 2632 1418 amictus
2669 1363 2770 1416 fuit
2801 1363 2971 1418 Adam
3003 1371 3223 1433 propter
3245 1378 3403 1418 man-

1828 1456 1940 1510 dati
1968 1455 2484 1525 transgressionem,
2505 1461 2560 1509 et
2591 1471 2791 1509 novum
2825 1455 2978 1508 illum
3011 1454 3290 1510 hominem
3317 1455 3405 1510 in-

1827 1546 2194 1616 eorruptionis
2217 1545 2476 1611 induerit,
2503 1561 2612 1615 quo
2635 1554 2834 1600 exutus
2855 1544 3025 1598 Adam
3053 1546 3234 1601 nudus
3253 1562 3405 1603 eom-

1827 1649 2015 1710 pertus
2060 1646 2144 1693 est
2189 1657 2202 1692 :
2252 1645 2385 1692 tunc
2437 1638 2495 1690 tit
2536 1639 2715 1707 reipsa
2760 1637 3062 1692 secundum
3109 1639 3404 1708 imaginem

1827 1728 2146 1792 conditoris,
2179 1728 2366 1798 quales
2396 1729 2628 1797 apostoli
2668 1728 2908 1792 fuerunt,
2936 1742 3172 1798 quorum
3206 1729 3400 1785 umbra

132 1815 254 1880 λος,
281 1815 462 1883 λέγεις
479 1817 568 1870 τὸν
592 1794 712 1870 κατ’
729 1817 932 1881 εἰκόνα,
950 1819 1070 1888 οὐχί
1086 1794 1253 1872 δὲ-τὸν
1273 1819 1380 1872 ἔσω
1392 1819 1483 1872 τὸν
1499 1820 1716 1874 ἀνακαι-

1828 1822 2054 1876 virtutes
2113 1794 2328 1875 edebat.
2387 1794 2596 1874 ﬂiaced.
2654 1819 2827 1874 Antea
2877 1794 3042 1890 igitur
3084 1835 3195 1875 non
3241 1831 3400 1876 erant

129 1909 231 1961 νοῦ
241 1926 403 1979 μενον
421 1926 435 1972 ;
459 1909 676 1963 Μακεὸ.
698 1911 800 1963 Τὸν
821 1909 928 1962 ἔσω
949 1910 1212 1979 λέγω,τὸν
1237 1911 1716 1982 ἀνακαινούμενονο

131 1998 264 2050 οὐδὲ
309 1998 416 2069 γὰρ
445 1998 905 2070 ἀνθρωπόμορφον
945 1999 1086 2070 λέγω
1129 2000 1221 2053 τὸν
1261 2001 1412 2054 Θεόν.
1463 2002 1618 2070 Ὀρθ.
1661 2002 1719 2056 Ὀ

131 2088 296 2154 Θεὸς,
337 2084 397 2143 οὕ
449 2092 594 2144 ἐστιν
634 2090 796 2148 εἰκὼν
837 2094 866 2145 6
919 2092 1220 2164 ἄνθρωπος,
1265 2093 1494 2164 ἀόρατός
1538 2095 1718 2161 ἐστιν;

131 2179 367 2234 Μακεδ.
403 2181 575 2236 Πάνυ.
604 2182 759 2250 Ὀρθ.
800 2183 1037 2253 Ἀνάγκη
1067 2178 1159 2236 οὖν
1195 2182 1288 2236 τοῦ
1321 2183 1553 2254 ἀοράτου
1585 2184 1720 2237 Θεοῦ

129 2271 373 2344 ἀόρατον
411 2271 547 2328 εἶναι
567 2275 658 2328 καί
678 2275 775 2346 τὴν
793 2276 994 2338 εἰκόνα,
1022 2279 1115 2329 καὶ
1140 2275 1241 2345 τῆς
1262 2276 1492 2348 ἀοράτου
1516 2277 1722 2341 εἰκόνος

129 2363 374 2436 ἀόρατον
401 2365 490 2418 τὸν
513 2368 630 2419 κατ’
651 2365 833 2419 εἰκόνα
850 2366 1152 2438 ἄνθρωπον.
1171 2366 1390 2421 Μακεδ.
1411 2367 1532 2420 Ἐὰν
1560 2367 1724 2432 δέξω-

135 2471 264 2526 μαι,
294 2456 375 2508 ὅτι
402 2456 431 2507 ό
462 2458 580 2509 κατ’
597 2457 776 2510 εἰκόνα
808 2455 1044 2525 γεγονὼς
1072 2457 1352 2528 ἄνθρωπος
1375 2460 1402 2511 ὁ
1427 2460 1483 2510 ὲν
1502 2457 1580 2529 τῷ
1597 2475 1724 2528 κρυ-

132 2545 263 2616 πτῷ
287 2547 453 2611 ἐστιν,
473 2547 588 2600 ἀλλ’
610 2548 670 2600 οὐ
697 2548 838 2616 λέγω
857 2549 916 2602 τὸ
931 2549 1151 2620 Πνεῦμα
1173 2549 1234 2602 τὸ
1259 2550 1411 2618 ἆγιον
1429 2551 1722 2622 πεποιηκέ-

132 2654 227 2690 ναι
243 2639 425 2692 αὕτόν.
448 2639 601 2708 Ὀρθ.
619 2639 755 2713 Τίθῃ
782 2641 837 2694 δὲ
862 2641 1016 2705 ὅλως,
1046 2643 1126 2694 ὅτι
1148 2643 1176 2694 ό
1191 2643 1361 2712 Ἀδὰμ
1375 2643 1432 2698 ἐν
1449 2642 1526 2712 τῷ
1543 2659 1721 2714 παρα-

131 2728 302 2800 δείσῳ
319 2731 470 2797 ἅγιος
490 2729 586 2803 ἦν;
625 2731 848 2788 Μακεδ.
877 2733 1002 2788 Ναί.
1025 2735 1180 2801 Ὀρθ.
1205 2734 1361 2787 Οὕτω
1389 2734 1647 2797 κτισθείς,
1685 2732 1718 2803 ἢ

133 2820 199 2885 ἐξ
219 2822 421 2892 ἀρετῆς
441 2824 728 2894 γενόμενος
753 2824 1018 2892 τοιοῦτος;
1041 2823 1260 2878 Μακεδ.
1281 2822 1435 2877 Οὕτω
1460 2824 1716 2887 κτισθείς.

1826 1909 2057 1980 apostoli
2088 1909 2387 1964 secundum
2431 1909 2756 1979 imaginem?
2803 1907 2954 1964 Orth.
2984 1909 3125 1964 Num
3157 1913 3396 1968 exterio-

1825 2016 1940 2057 rem
1968 2001 2120 2054 illum
2160 2000 2432 2054 hominem
2459 2038 2473 2063 ,
2522 2015 2684 2069 quem
2719 2001 2895 2071 inquit
2932 2001 3229 2072 Apostolus
3266 2019 3395 2058 cor-

1825 2089 2026 2159 rumpi,
2049 2087 2188 2142 dicis
2221 2086 2521 2142 secundum
2551 2089 2842 2160 imaginem
2884 2105 3026 2154 esse,
3063 2107 3127 2147 ac
3155 2109 3266 2149 non
3295 2110 3397 2165 po-

1825 2173 1938 2229 tius
1975 2174 2287 2230 interiorem
2333 2174 2486 2228 illum
2507 2215 2522 2240 ,
2551 2176 2646 2246 qui
2675 2181 3022 2233 renovatur?
3059 2179 3272 2237 Maced.
3307 2183 3396 2238 ln-

1826 2267 2082 2322 teriorem
2103 2266 2256 2320 illum
2279 2265 2424 2330 dico,
2453 2267 2546 2336 qui
2570 2277 2867 2323 renovatur
2896 2289 2909 2324 :
2946 2287 3048 2326 nec
3090 2274 3235 2327 enim
3283 2273 3396 2330 Deo

1825 2357 2118 2412 humanam
2145 2356 2373 2411 formam
2404 2358 2608 2413 tribuo.
2655 2357 2808 2413 Orth.
2842 2359 2984 2416 Deus
3012 2401 3028 2428 ,
3069 2364 3229 2432 cujus
3258 2366 3396 2420 ima-

1824 2463 1892 2517 go
1918 2454 2001 2503 est
2023 2448 2205 2511 homo,
2228 2461 2408 2502 nonne
2431 2455 2516 2502 est
2546 2448 2871 2505 invisibilis?
2899 2451 3108 2508 Maced.
3137 2455 3390 2514 Maxime.

1825 2539 1980 2596 Orth.
1997 2538 2220 2626 Oportet
2235 2538 2702 2612 igiturjnvisibilis
2721 2539 2815 2597 Dei
2831 2543 3157 2602 invisibilem
3175 2564 3392 2620 quoque

1821 2647 1944 2688 esse
1969 2631 2256 2702 imaginem
2283 2649 2295 2685 :
2323 2637 2378 2686 et
2397 2645 2520 2684 eum
2545 2631 2831 2689 invisibilis
2860 2635 2931 2688 sit
2965 2636 3174 2708 imago,
3207 2641 3399 2697 invisi-

1822 2725 1983 2779 bilem
2017 2739 2142 2778 esse
2175 2722 2451 2778 hominem
2471 2764 2486 2789 ,
2512 2725 2604 2792 qui
2641 2725 2940 2780 secundum
2974 2727 3266 2799 imaginem
3296 2735 3390 2792 sit.

1825 2815 2031 2872 Maced.
2067 2814 2122 2868 Si
2153 2814 2426 2869 admisero
2457 2814 2756 2880 hominem,
2795 2817 2888 2885 qui
2916 2820 3220 2875 secundum
3256 2823 3394 2878 ima-

135 2913 320 2980 ginem
355 2915 427 2969 sit
453 2916 650 2980 factus,
677 2932 799 2974 esse
839 2918 1115 2972 oecultum
1146 2917 1296 2970 illum
1329 2915 1487 2987 45],
1519 2924 1575 2970 ει
1613 2916 1890 2975 latentem,
1957 2916 2014 2963 at
2069 2923 2182 2962 non
2253 2914 2436 2961 tamen
2491 2906 2618 2961 dico
2685 2907 2888 2962 factum
2939 2925 3063 2966 esse
3109 2927 3140 2967 a
3190 2913 3396 2985 Spiritu

135 3014 354 3060 sancto.
391 3006 543 3062 0min.
605 3008 801 3066 Annon
833 3026 960 3066 vero
1006 3024 1233 3081 prorsus
1279 3010 1559 3072 concedis,
1616 3007 1882 3062 Adamum
1916 3003 1973 3058 in
2039 2999 2296 3072 paradiso
2346 3000 2519 3055 fuisse
2567 3002 2856 3056 sanctum?
2930 3001 3138 3060 Maced.
3187 3005 3392 3069 Etiam.

139 3094 298 3152 Orth.
321 3097 405 3151 An
438 3100 694 3170 quoniam
742 3102 867 3158 talis
895 3111 1112 3158 creatus
1135 3143 1149 3166 ,
1184 3117 1253 3156 an
1285 3100 1432 3172 quod
1465 3116 1564 3156 sua
1594 3101 1799 3155 virtute
1821 3097 1950 3152 talis
2010 3093 2287 3149 evaserit?
2310 3090 2520 3147 Maced.
2581 3093 2738 3160 Quod
2771 3095 2896 3150 talis
2959 3105 3106 3152 esset
3143 3108 3391 3157 creatus.

218 3193 302 3248 18.
332 3192 486 3262 Ὀρθ.
533 3197 851 3251 Συνὲκτισεν
893 3199 1000 3269 ἄρα
1027 3197 1107 3268 τῷ
1155 3199 1332 3270 Πατρὶ
1370 3199 1466 3251 καὶ
1503 3197 1581 3268 τῷ
1616 3195 1716 3266 ru;

1898 3193 1988 3247 18.
2036 3189 2187 3246 0rth.
2217 3187 2404 3260 Itaque
2440 3188 2680 3259 Spiritus
2710 3199 2958 3257 sanctus,
2993 3209 3102 3248 una
3129 3210 3253 3249 cum
3289 3195 3395 3251 Pa-

135 3284 203 3337 τὺ
229 3286 453 3356 Πνεῦμα
486 3287 548 3341 τὸ
575 3288 726 3358 ἅγιον
753 3290 843 3343 τὸν
868 3289 1169 3362 ᾅνθρωπον.
1204 3290 1426 3344 Μακεδ.
1457 3291 1572 3342 Οὕκ
1598 3289 1716 3342 ἐδύο

139 3394 271 3430 νατο
294 3378 402 3449 γὰρ
427 3378 588 3432 αὑτὸν
618 3383 646 3433 6
674 3381 798 3444 Υἱὸς
829 3381 980 3450 ἅγιον
1003 3381 1218 3446 κτίσαι;
1245 3383 1389 3451 Ὀρθ.
1420 3383 1529 3434 Καὶ
1554 3382 1714 3436 πάνυ.

140 3468 370 3524 Mazaei.
408 3470 472 3522 Τί
518 3468 610 3524 οῦν
639 3471 838 3540 λέγεις,
867 3471 1036 3524 ὅτιτὸ
1073 3471 1298 3543 Πνεῦμα
1337 3472 1399 3524 τὸ
1438 3473 1592 3540 ἆγιον
1623 3473 1719 3525 αὕ-

141 3561 236 3614 τὸν
267 3561 546 3633 ἐποίησεν;
581 3563 726 3631 Ὀρθ.
756 3565 964 3634 Ὥσπερ
985 3566 1012 3617 6
1040 3564 1253 3634 Πατὴρ,
1275 3562 1566 3634 δυνάμενος
1598 3562 1716 3616 κτί-

145 3668 237 3703 σαι
264 3652 352 3703 τὸν
383 3651 684 3724 ἄνθρωπον,
723 3653 860 3723 μετά
899 3653 991 3706 τοῦ
1019 3654 1147 3707 Υἰοῦ
1179 3653 1371 3718 κτίζει,
1405 3653 1489 3705 ἴνα
1535 3651 1715 3724 δειχθῇ

143 3743 208 3795 τὸ
241 3744 430 3796 ταυτὸν
457 3744 556 3815 τῆς
592 3744 836 3814 φύσεως·
868 3745 1008 3799 οὕτω
1040 3747 1132 3798 κα)⁸
1173 3747 1201 3799 6
1246 3746 1395 3808 Υἱὸς,
1423 3745 1718 3815 δυνάμενος

145 3835 326 3888 κτίσαι
349 3836 500 3904 ἅγιον
528 3837 618 3889 τὸν
640 3836 944 3910 ἄνθρωπον,
973 3837 1110 3909 μετὰ
1141 3837 1236 3890 τοῦ
1267 3837 1406 3890 Πνεύ
1416 3853 1583 3908 ματος
1606 3836 1719 3889 κτί-

147 3925 250 3990 ζει,
281 3927 363 3980 ἵνα
399 3927 580 3998 δειχθῇ
617 3928 678 3980 τὺ
715 3929 933 3998 γεγονὸς
963 3929 1123 4000 ἔργον
1155 3919 1389 3997 Πατρὸς,
1430 3928 1524 3981 καὶ
1558 3926 1711 3992 Υἰοῦ,

145 4019 242 4072 καὶ
269 4020 421 4087 ἁγίου
474 4019 804 4091 Πνεύματος.
847 4019 1032 4083 Οὕτως
1077 4019 1206 4088 γοῦν
1251 4019 1344 4072 καί
1395 4017 1718 4071 πεπτωκότα

146 4109 236 4161 τὸν
265 4109 565 4180 ἄνθρωπον,
611 4111 705 4163 καὶ
737 4109 1152 4182 παραϐληθέντα
1197 4112 1310 4172 τοῖς
1344 4111 1562 4180 κτήνεσι
1605 4112 1717 4172 τοῖς

148 4203 406 4271 ἀνοήτοις,
433 4201 560 4254 ἄνευ
589 4201 682 4254 τοῦ
713 4201 1029 4272 Πνεύματος
1057 4201 1156 4254 οὐκ
1187 4201 1525 4254 ἀνεκαίνισεν
1543 4217 1557 4231 °
1581 4200 1718 4254 ἀλλὰ

150 4291 324 4356 καθὼς
342 4296 369 4345 ὁ
400 4295 690 4365 Προφήτης
715 4293 861 4362 λέγει
884 4309 900 4326 ’
925 4313 944 4345 ί
975 4291 1380 4358 Ἐξαπόστειλον
1408 4293 1468 4346 τὸ
1492 4291 1632 4345 Πνεῦ
1641 4291 1717 4362 μά

152 4399 264 4445 σου,
297 4384 385 4436 καὶ
419 4384 820 4454 κτισθήσονται,
848 4385 944 4437 καὶ
968 4383 1300 4446 ἀνακαινιεῖς
1331 4383 1396 4436 τὸ
1427 4384 1714 4452 πρόσωπον

149 4474 250 4543 τῆς
274 4476 390 4545 γῆς.
432 4495 450 4527 ι
484 4475 707 4529 Μακεδ.
752 4476 862 4528 Καὶ
895 4477 1054 4546 ἡμεῖς
1098 4473 1348 4545 λέγομεν,
1377 4475 1458 4526 ὅτι
1483 4475 1714 4527 ἀνακαι-

1818 3291 1902 3340 tre
1941 3291 1996 3339 et
2055 3280 2198 3336 Filio
2237 3281 2514 3335 hominem
2561 3283 2792 3337 creavit.
2841 3282 3052 3341 Maced.
3107 3286 3396 3346 Enimvero

1820 3391 2002 3430 annon
2028 3381 2238 3444 poterat
2259 3371 2432 3426 Filius
2457 3373 2573 3441 ipse
2598 3381 2848 3428 sanetum
2873 3375 3149 3433 hominem
3172 3382 3399 3437 creare?

1823 3467 1977 3523 Orth.
2033 3465 2177 3520 Sane
2228 3480 2378 3519 vero.
2431 3462 2643 3518 Maced.
2689 3465 2965 3537 Quorsum
3015 3469 3182 3539 igitur
3227 3471 3390 3536 dicis,

1819 3567 2061 3614 creatum
2099 3555 2268 3610 fuisse
2313 3571 2344 3609 a
2390 3553 2600 3624 Spiritu
2649 3562 2878 3612 saneto?
2936 3561 3086 3616 Urtli.
3123 3562 3394 3628 Quemad-

1819 3649 2040 3702 modum
2087 3648 2269 3712 Pater,
2305 3661 2430 3701 cum
2472 3657 2658 3717 posset
2691 3649 2968 3706 hominem
3007 3668 3214 3719 creare,
3265 3670 3391 3710 cum

1818 3740 1957 3795 Filio
1985 3740 2210 3804 creavit,
2240 3747 2300 3793 ut
2329 3749 2542 3795 natura:
2572 3741 2834 3798 identitas
2863 3745 3249 3802 ostenderetur
3277 3766 3290 3800 :
3316 3749 3392 3803 ita

1817 3839 1872 3887 et
1907 3830 2111 3897 Filius,
2157 3847 2282 3886 cum
2331 3839 2518 3901 posset
2565 3832 2840 3888 hominem
2889 3843 3142 3892 sanctum
3179 3853 3384 3894 creare.

1818 3938 1942 3978 cum
1981 3922 2186 3992 Spiritu
2233 3923 2464 3987 creavit,
2501 3932 2561 3977 ut
2603 3925 2750 3994 quod
2796 3925 3000 3978 factum
3035 3935 3138 3991 est,
3176 3936 3392 3984 consta-

1816 4023 1898 4068 ret
1948 4028 2069 4068 esse
2110 4011 2312 4074 Patris,
2358 4021 2414 4066 et
2447 4012 2598 4076 Filii,
2643 4020 2698 4067 et
2736 4014 2912 4068 sancti
2951 4012 3186 4084 Spiritus
3227 4031 3389 4086 opus.

1821 4107 1911 4161 Sic
1945 4107 2110 4177 igitur
2136 4105 2411 4159 hominem
2445 4105 2610 4158 etiam
2644 4106 2860 4174 lapsum
2881 4144 2896 4169 ,
2928 4113 2981 4159 et
3007 4106 3269 4174 jumentis
3300 4122 3390 4162 ra.

1816 4199 1982 4252 tionis
2037 4196 2351 4266 expertibus
2405 4196 2642 4250 similem
2705 4195 2929 4259 factum,
2996 4211 3104 4250 non
3162 4207 3389 4253 renovat

1818 4291 2024 4358 absque
2057 4286 2264 4358 Spiritu
2293 4306 2305 4341 :
2336 4286 2454 4350 sed,
2482 4294 2541 4339 nt
2572 4285 2750 4356 inquit
2776 4286 3049 4357 Prepheta
3078 4306 3092 4342 :
3129 4305 3148 4340 ‹
3186 4288 3388 4343 Emitte

1818 4380 2082 4451 Spiritum
2115 4391 2288 4442 tuum,
2315 4388 2368 4432 et
2403 4377 2759 4442 creabuntur,
2788 4387 2841 4432 et
2872 4379 3166 4433 renovabis
3187 4377 3384 4436 faciem

1815 4478 1973 4525 terrae
2005 4471 2068 4524 ‘°.
2109 4489 2126 4521 ι
2168 4468 2374 4522 Maced.
2422 4467 2665 4522 Dicimus
2717 4479 2770 4523 et
2825 4484 2926 4522 nos
2979 4470 3386 4526 renovationem

151 4567 332 4636 νισμὸς
359 4569 391 4638 ἡ
401 4568 516 4638 μῶν
537 4567 625 4619 διὰ
649 4566 744 4619 τοῦ
769 4566 1080 4637 Πνεύματος
1102 4565 1328 4634 γίνεταν
1360 4567 1583 4635 Πνεῦμα
1610 4565 1716 4635 γὰρ

1822 4561 1994 4616 nostri
2027 4577 2122 4630 per
2169 4560 2432 4630 Spiritum
2463 4561 2599 4615 ellici
2630 4580 2643 4614 :
2680 4567 2768 4615 est
2799 4561 2945 4614 enim
2979 4561 3217 4630 Spiritus
3255 4579 3388 4619 san-

154 4657 452 4728 ἁγιωσύνης
497 4658 664 4713 ἐστίν.
703 4661 859 4726 Ὀρθ.
903 4677 921 4708 ι
974 4657 1157 4710 Πάντα
1207 4656 1304 4726 μὲν
1349 4656 1564 4726 καθαρὰ
1602 4659 1716 4720 τοῖς

155 4746 420 4817 καθαροῖς.
465 4767 483 4799 ›
521 4747 740 4819 Ἐπειδὴ
771 4748 827 4801 δὲ
859 4748 960 4801 οὐκ
1002 4749 1057 4799 ὲν
1106 4745 1362 4818 ἁπλότητι
1401 4741 1580 4809 εἶπας,
1627 4745 1715 4800 διὰ

153 4837 247 4892 τοῦ
277 4838 606 4908 Πνεῦματος,
643 4838 954 4906 ἀναγκαίως
982 4839 1042 4890 οὺ
1068 4837 1424 4908 παρασιωπῶ.
1456 4838 1590 4891 Εἰπὲ
1621 4833 1714 4890 οὖν

159 4946 266 5001 μοι,
297 4931 325 4982 ὁ
353 4929 744 5000 ἀνακαινισμὸς
780 4931 936 5000 ἡμῶν
981 4929 1042 4980 οὐ
1075 4928 1162 4981 διὰ
1204 4927 1429 4999 λουτροῦ
1468 4929 1567 4998 τῆς
1606 4944 1714 4982 πα-

155 5021 484 5088 λιγγενεσίας
524 5020 770 5089 γίνεται;
822 5018 1048 5076 Μακεδ.
1089 5018 1217 5073 Ναί.
1249 5020 1405 5085 Ὀρθ.
1459 5019 1582 5082 Πῶς
1617 5015 1711 5072 οὖν

159 5111 551 5185 βαπτιζόμεθα;
603 5113 682 5175 εἰς
718 5111 779 5164 τὸ
818 5110 987 5181 ὄνομα
1037 5109 1131 5162 τοῦ
1187 5110 1420 5180 Πατρὸς,
1474 5111 1569 5162 καὶ
1617 5109 1712 5162 τοῦ

157 5205 301 5268 Υίοῦ,
333 5206 426 5260 καί
451 5207 543 5259 τοῦ
571 5206 724 5270 ἁγίου
756 5205 1069 5276 Πνεῦματος
1091 5204 1200 5275 (27)
1229 5222 1242 5270 ;
1275 5204 1492 5259 Μακεδ.
1541 5205 1632 5267 Εἰς
1653 5203 1714 5256 τὸ

157 5303 314 5370 ὄνομα
333 5299 424 5352 τοῦ
446 5299 675 5370 Πατρός,
703 5299 797 5352 καὶ
819 5297 912 5351 τοῦ
937 5297 1086 5361 Υίοῦ,
1112 5297 1204 5350 καὶ
1234 5296 1326 5349 τοῦ
1362 5297 1514 5364 ἁγίου
1546 5295 1714 5349 Πνεύ-

162 5406 337 5463 ματος.
366 5389 521 5456 Ὀρθ.
554 5387 618 5440 Τί
649 5385 743 5442 οὖν
779 5388 958 5457 λέγεις
995 5388 1086 5440 τὸν
1117 5387 1506 5457 ἀνακαινισμὸν
1553 5386 1709 5457 ἡμῶν

233 5544 270 5576 ¹⁶
301 5541 442 5598 Psal.
478 5557 610 5610 cm,
645 5543 735 5599 50.
812 5543 854 5574 ¹¹
895 5542 1002 5597 Tit.
1040 5557 1096 5608 ι,
1131 5542 1219 5596 15.

234 5699 331 5841 ἓξὲξ

381 5698 663 5769 Ἔνεργεία
685 5697 840 5769 εἰ)εῇ
866 5711 894 5749 a
924 5694 1097 5750 Palat.

371 5769 460 5825 Sic
489 5760 659 5826 Palat.
698 5769 762 5824 At
793 5766 936 5825 Felc.
967 5774 1021 5823 et
1049 5763 1204 5835 editi,
1232 5763 1264 5834 ἢ
1297 5763 1391 5820 καὶ
1422 5760 1514 5818 τοῦ
1548 5760 1700 5834 ἁγίου

1817 4651 2188 4706 ctiﬁcationis.
2233 4649 2388 4705 Orth.
2433 4669 2450 4702 ι
2491 4649 2688 4705 Omnia
2726 4650 2946 4721 quidem
2991 4653 3194 4706 munda
3224 4669 3386 4708 mun-

1816 4742 1903 4798 dis
1939 4743 2001 4797 “.
2049 4761 2068 4794 ›
2107 4741 2376 4808 Quoniam
2410 4751 2591 4797 autem
2628 4743 2780 4804 illud.
2826 4760 2921 4814 per
2955 4742 3217 4812 Spiritum
3264 4761 3389 4800 san-

1815 4840 1987 4899 ctum,
2053 4847 2166 4886 non
2225 4833 2438 4886 sincere
2494 4835 2798 4903 protulisti,
2856 4835 3170 4889 necessario
3218 4851 3388 4906 cogor

1815 4923 2026 4979 interea
2043 4939 2153 4978 non
2171 4924 2354 4978 silere.
2379 4923 2476 4978 Dic
2504 4927 2668 4994 igitur
2690 4926 2822 4979 mihi
2844 4944 2858 4980 :
2885 4926 3190 4980 Renovatio
3211 4929 3386 4981 nostri

1821 5033 2004 5072 nonne
2063 5017 2120 5071 [it
2168 5034 2265 5088 per
2316 5018 2595 5073 lavacrum
2652 5021 3123 5088 regenerationis?
3171 5019 3381 5075 Μαι-δά,

1821 5109 2018 5164 Etiam.
2055 5109 2210 5166 Ortlt.
2247 5109 2531 5176 Quomodo
2560 5127 2691 5181 ergo
2719 5113 3098 5182 baptizamur?
3120 5113 3174 5166 in
3205 5111 3384 5167 Patris

1820 5209 1874 5256 et
1905 5200 2049 5265 Filii,
2092 5217 2160 5256 an
2192 5218 2320 5256 vero
2353 5203 2514 5256 etiam
2551 5202 2604 5256 in
2639 5201 2878 5272 Spiritus
2907 5206 3083 5259 sancti
3122 5204 3388 5260 nomine?

1819 5292 2027 5349 Maced.
2052 5293 2112 5348 ln
2139 5294 2358 5348 nomine
2382 5295 2580 5358 Patris,
2605 5303 2658 5349 et
2680 5295 2826 5360 Filii,
2845 5304 2900 5351 et
2918 5295 3157 5366 Spiritus
3182 5299 3379 5352 sancti.

1821 5384 1972 5441 Ortlt.
2004 5386 2278 5454 Quorsum
2309 5402 2440 5457 ergo
2462 5387 2601 5442 dicis
2649 5388 2822 5442 nostri
2851 5389 3256 5444 renovationem
3288 5403 3385 5459 per

1809 5688 2151 5818 gvfiipatoc.
2193 5688 2365 5766 Mox,
2416 5688 2720 5749 Macedonii
2770 5706 3096 5765 responsum
3131 5690 3305 5763 Labest
3351 5704 3382 5744 a

1855 5776 1885 5815 a
1909 5776 1938 5814 a
1968 5802 1982 5817 .

1855 5776 1982 5817 alat.
