3850 6226
436 314 569 371 1251

1498 312 1556 369 S.
1587 309 2060 368 ATHANASIUS.
2099 341 2171 352 —
2210 308 2467 367 SPURIA

3578 305 3721 360 1239

436 422 699 494 Spiritum
743 433 994 480 sanctum
1045 422 1182 488 ﬁeri,
1234 438 1346 479 non
1380 432 1561 480 autem
1613 439 1679 480 ex
1735 421 1920 488 Patre,
1955 429 2009 477 et

2132 422 2197 476 ἰιὰ
2237 421 2553 490 Πνεύματος
2599 421 2755 490 ἁγίου
2802 420 3091 490 γίνεσθαι;
3137 420 3256 490 οὐχὶ
3282 419 3340 472 δὲ
3381 420 3449 472 ὲκ
3494 419 3719 489 Πατρὸς

432 513 594 579 Filio,
638 522 693 571 et
739 513 948 586 Spiritu
992 515 1221 570 sancto?
1260 514 1469 569 Maced.
1515 512 1710 570 Nonne
1742 516 2009 584 scriptum

433 614 517 662 est
550 626 563 662 :
613 624 632 657 ι
668 604 774 673 Qui
803 622 866 661 ex
914 608 1084 661 multa
1119 622 1219 662 sua
1255 606 1635 664 misericordia
1672 605 2015 673 regeneravit

433 713 557 760 nos,
588 712 683 767 per
713 698 987 751 lavacrum
1022 696 1478 766 regenerationis,
1514 703 1567 750 et
1602 696 2013 750 renovatiouem

435 784 674 858 Spiritus
699 787 876 841 sancti
896 788 973 839 “1'
996 806 1014 839 ι
1047 786 1198 842 Orth.
1229 786 1388 842 Prius
1404 786 1536 849 dixi,
1560 804 1579 836 ι
1608 787 1790 840 omnia
1813 785 2015 839 munda

431 878 674 935 mundis.
730 897 749 931 ι
802 878 1095 933 Enimvero
1152 878 1296 949 apud
1347 894 1451 933 nos
1496 878 1656 947 juxta
1714 877 2015 948 Scriptum

434 985 686 1041 scopum,
732 990 749 1021 ι
783 986 880 1041 per
908 988 1091 1040 quem,
1128 990 1145 1022 ι
1178 970 1317 1025 idem
1349 979 1433 1026 est
1461 978 1647 1040 atque,
1684 986 1703 1020 ι
1737 985 1805 1023 ex
1828 984 1956 1040 quo.
1988 986 2006 1020 ι

436 1060 581 1117 Sane
623 1061 755 1117 dicit
792 1070 1018 1117 sanctus
1064 1060 1269 1117 Paulus
1312 1081 1325 1117 :
1377 1080 1396 1113 ι
1453 1059 1655 1116 Fidelis
1699 1059 1866 1124 Deus,
1916 1074 2014 1130 per

434 1168 597 1224 quem
620 1153 801 1209 vocati
816 1153 972 1219 estis,
999 1154 1054 1207 in
1075 1153 1517 1207 communionem
1543 1150 1666 1205 Filii
1698 1151 1872 1222 ipsius
1894 1151 1961 1216 ¹³,
1988 1172 2007 1204 ι

433 1258 630 1314 nempe
654 1244 744 1298 hic
772 1259 1011 1315 quoque,
1049 1261 1069 1295 ι
1098 1258 1194 1313 per
1223 1258 1408 1314 quem,
1447 1261 1465 1294 ι
1506 1243 1729 1312 ponitur
1760 1256 1861 1313 pro
1891 1258 1909 1291 ι
1945 1256 2012 1295 ex

433 1349 562 1404 quo.
603 1353 622 1386 ι
661 1332 851 1389 Fatere
893 1334 1059 1405 igitur
1095 1334 1432 1389 creationem
1481 1340 1728 1388 nostram
1772 1332 1940 1388 luisse
1981 1347 2011 1386 a

432 1425 615 1492 Patre,
640 1424 802 1493 Filio,
826 1435 880 1481 et
904 1425 1112 1496 Spiritu
1145 1436 1361 1480 sancto.
1395 1423 1507 1480 Nec
1529 1425 1675 1481 enim
1702 1424 1844 1480 alius
1865 1439 2014 1479 crea-

433 1517 534 1581 vit,
567 1523 621 1571 et
659 1516 804 1571 alius
831 1517 1112 1572 renovavit
1143 1534 1156 1570 :
1187 1515 1281 1570 sed
1306 1514 1451 1570 Deus
1476 1515 1523 1571 is
1552 1523 1658 1579 est,
1684 1513 1779 1585 qui
1806 1515 2013 1569 creavit

434 1623 561 1665 eum
606 1607 769 1674 Filio,
817 1616 872 1664 et
925 1608 1135 1679 Spiritu
1182 1615 1396 1663 sancto.
1448 1605 1576 1662 Ideo
1626 1607 1783 1661 initio
1824 1606 2007 1662 dixit:

439 1717 461 1752 ι
501 1697 792 1754 Faciamus
842 1698 1116 1753 hominem
1155 1696 1224 1751 ad
1272 1696 1568 1768 imaginem
1604 1704 1659 1752 et
1693 1697 2010 1753 similitudi-

2115 514 2211 567 καὶ
2246 512 2397 578 Υίοῦ,
2436 512 2531 567 καὶ
2565 513 2721 581 ἁγίου
2750 512 3107 582 Πνεύματος;
3140 511 3360 566 Μακεδ.
3393 512 3473 563 Οὐ
3508 512 3713 579 γέγρα-

2114 622 2267 666 πται,
2307 606 2391 658 ὅτι
2439 606 2583 658 κατὰ
2623 604 2685 658 τὸ
2729 604 2864 658 πολὺ
2917 604 3068 668 ἔλεος
3118 603 3284 658 αὐτοῦ
3329 604 3713 671 ἀναγεννήσας

2113 698 2262 767 ήμᾶς
2291 696 2377 749 διὰ
2421 695 2646 767 λουτροῦ
2699 696 3137 764 παλιγγενεσίας,
3174 695 3269 749 κα)⁸
3314 696 3673 748 ἀνακαινισειι

2114 787 2433 858 Πνεύματος
2479 788 2679 855 ἁγίου;
2739 806 2757 838 ι
2829 789 2976 855 Ὀρθ.
3036 784 3329 857 Προλαϐὼν
3381 781 3571 846 εἷπον,
3636 789 3709 835 6:;

2120 896 2138 929 ι
2173 880 2284 943 τοῖς
2328 876 2586 948 καθαροῖς
2625 876 2803 932 πάντα
2847 876 3085 948 καθαρά.
3132 895 3151 928 ι
3203 875 3343 945 Παρ’
3404 876 3546 945 ἡμῖν
3603 874 3710 943 (28)

2113 970 2243 1040 γὰρ,
2276 969 2416 1024 κατὰ
2448 968 2539 1023 τὸν
2572 969 2773 1023 σκοπὸν
2796 970 2893 1040 τῆς
2921 969 3170 1039 Γραφῆς,
3208 968 3271 1022 τὸ
3295 988 3313 1018 ι
3336 968 3406 1021 δι’
3433 960 3501 1019 οὗ
3536 986 3557 1017 ι
3590 984 3710 1018 ταυ-

2112 1062 2205 1115 τόν
2236 1064 2353 1115 ἐστι
2383 1060 2460 1132 τῷ
2506 1080 2525 1112 ι
2561 1060 2622 1125 ἐξ
2666 1054 2750 1115 οὗ.
2801 1080 2820 1113 ι
2864 1059 3081 1131 Ἀμέλει
3122 1059 3254 1128 γοῦν
3295 1059 3452 1127 λέγει
3491 1059 3525 1110 6
3566 1056 3711 1125 ἆγιος

2115 1154 2327 1217 Παῦλος
2347 1170 2362 1184 ·
2400 1174 2419 1206 ι
2451 1154 2646 1217 Πιστὸς
2675 1157 2704 1206 6
2733 1152 2888 1217 Θεὸς,
2921 1153 2991 1205 δι’
3016 1147 3079 1207 οῦ
3112 1151 3379 1223 ἐκλήθητε
3409 1153 3495 1213 είς
3519 1167 3712 1202 κοινω-

2113 1245 2233 1300 νίαν
2261 1245 2355 1298 τοῦ
2396 1244 2525 1298 Υίοῦ
2570 1243 2757 1300 αὐτοῦ.
2809 1265 2829 1298 ι
2883 1246 2994 1299 Καὶ
3040 1244 3277 1298 ἐνταῦθα
3327 1242 3444 1313 γὰρ
3484 1242 3555 1294 τὺ
3596 1260 3616 1292 ι
3650 1241 3711 1293 δι’

2111 1332 2173 1392 οὗ
2207 1356 2224 1388 ι
2266 1338 2386 1391 ἀντὶ
2424 1336 2521 1389 τοῦ
2561 1356 2580 1389 ι
2627 1337 2686 1404 ἐξ
2720 1330 2782 1391 οὗ
2826 1357 2845 1392 ι
2891 1341 3087 1392 κεῖται.
3123 1335 3408 1407 ὐμολὸγει
3470 1329 3597 1397 οῦν,
3639 1334 3714 1386 ὅτι

2115 1432 2150 1499 ή
2187 1430 2365 1492 κτίσις
2409 1429 2567 1500 ήμῶν
2596 1430 2747 1502 παρὰ
2782 1430 3016 1502 Πατρδς,
3064 1429 3159 1482 καὶ
3200 1426 3364 1489 Υἱοῦ,
3415 1426 3516 1478 καὶ
3562 1424 3714 1493 ἁγίου

2113 1520 2429 1591 Πνεύματος
2461 1520 2696 1588 ἐγένετο.
2728 1522 2803 1575 Οὐ
2830 1520 2940 1593 γὰρ
2971 1520 3130 1584 ἄλλος
3161 1518 3397 1581 ἔκτισεν,
3428 1518 3532 1571 καὶ
3561 1516 3715 1578 ἄλλος

2113 1614 2486 1668 ἀνεκαίνισενο
2519 1614 2636 1668 ἀλλ’
2677 1617 2706 1668 6
2742 1614 2932 1677 κτίσας
2966 1613 3097 1677 Θεὸς
3140 1610 3281 1683 μετὰ
3310 1610 3406 1664 τοῦ
3450 1611 3593 1663 Υίοῦ
3629 1611 3715 1663 καὶ

2114 1703 2429 1774 Πνεύματος
2483 1703 2660 1773 ἁγίου.
2713 1704 2823 1758 Καὶ
2864 1702 2953 1757 διὰ
2998 1702 3156 1755 τοῦτο
3199 1702 3258 1754 ὲν
3299 1701 3448 1771 ἀρχῇ
3509 1694 3675 1753 εἶπεν
3698 1718 3711 1728 ο

433 1812 561 1853 nem
598 1804 847 1851 nostram
879 1795 943 1861 ιδ,
978 1814 999 1847 ι
1038 1803 1099 1849 ut
1135 1810 1203 1850 ex
1239 1792 1627 1864 cooperatione
1672 1792 2008 1848 indicaretur

2132 1810 2139 1843 l
2182 1794 2505 1863 Ποιήσωμεν
2552 1793 2841 1867 ἄνθρωπον
2892 1794 3012 1846 κατ’
3060 1792 3241 1847 εἰκόνα
3284 1791 3582 1863 ἡμετέραν
3632 1792 3719 1844 καὶ

433 1897 645 1945 natura:
674 1887 956 1943 identitas.

504 2061 596 2117 l9.
644 2059 854 2116 Maced.
893 2060 1213 2113 Demonstra
1258 2056 1391 2110 mihi
1434 2054 1699 2126 apertius,
1749 2053 2015 2125 Spiritum

434 2158 687 2207 sanctum
715 2164 922 2205 creare.
955 2146 1109 2203 Orth.
1143 2145 1431 2201 Sulhciunt
1455 2145 1673 2216 quidem
1702 2159 1848 2202 sanae
1871 2161 2017 2199 men-

432 2244 507 2299 tis
539 2240 748 2296 homini
774 2254 895 2311 quae
939 2237 1099 2293 modo
1126 2237 1386 2302 diximus,
1426 2235 1495 2291 ad
1521 2243 1766 2306 apertam
1791 2235 2016 2291 demon-

433 2333 753 2390 strationem
780 2346 793 2380 :
826 2328 1084 2399 quoniam
1118 2334 1300 2382 tamen
1330 2327 1769 2382 testimoniorum
1798 2340 2016 2396 quoque

432 2423 785 2480 multitudine
817 2421 976 2477 ﬁdem
1003 2419 1103 2475 tibi
1134 2419 1250 2474 fieri
1272 2419 1378 2482 vis,
1408 2419 1535 2474 audi
1564 2418 1668 2473 Job
1695 2418 1965 2473 dicentem
1995 2435 2008 2471 :

439 2535 459 2568 ι
498 2514 740 2586 Spiritus
776 2513 997 2568 divinus
1049 2512 1096 2566 is
1146 2518 1250 2573 est,
1298 2511 1392 2580 qui
1439 2526 1525 2564 me
1572 2510 1722 2574 fecit,
1755 2518 1809 2564 et
1853 2508 2016 2565 ﬂatus

433 2605 826 2677 omnipotentis
882 2603 1070 2657 docuit
1116 2617 1203 2657 me
1238 2602 1301 2657 ¹⁵.
1356 2622 1374 2653 ι
1430 2600 1641 2656 Maced.
1695 2601 1853 2656 Eliud
1901 2602 2018 2657 haec

434 2698 588 2763 dicit,
616 2711 791 2767 neque
834 2693 1159 2764 simpliciter
1186 2693 1305 2756 ait,
1350 2711 1367 2743 ι
1410 2693 1513 2759 Qui
1545 2691 1674 2746 fecit
1715 2707 1820 2753 me,
1857 2710 1876 2743 ι
1920 2690 2017 2747 sed

434 2790 511 2845 ita
538 2789 672 2844 dicit
703 2807 718 2843 :
763 2806 782 2839 ι
823 2785 1028 2841 Purum
1062 2794 1147 2843 est
1170 2786 1353 2842 verbis
1381 2799 1476 2839 cor
1512 2798 1714 2847 meum,
1753 2791 1806 2839 et
1842 2784 2015 2838 labio-

433 2897 560 2938 rurn
609 2896 857 2937 meorum
904 2879 1262 2951 intelligentia
1308 2894 1443 2948 pura
1482 2885 1568 2932 est
1624 2877 1959 2946 cogitatione
2000 2896 2014 2931 :

438 2972 678 3045 Spiritus
717 2971 937 3027 divinus
981 2971 1029 3025 is
1056 2979 1174 3037 est,
1223 2970 1315 3039 qui
1352 2984 1436 3023 me
1499 2967 1627 3022 fecit
1675 2983 1812 3039 pura
1860 2969 2016 3038 cogi-

437 3077 558 3123 tare
582 3066 627 3097 ¹⁶
660 3063 904 3136 (inquit).
942 3061 1128 3132 Itaque
1169 3061 1408 3132 Spiritus
1450 3070 1675 3117 sanctus
1716 3060 1845 3115 fecit
1873 3076 1958 3115 me
1993 3079 2012 3111 ι

439 3173 637 3229 nempe
683 3155 813 3211 fecit
843 3172 927 3210 me
976 3170 1110 3224 pura
1144 3154 1404 3224 cogitare.
1440 3152 1594 3208 Orth.
1651 3152 1721 3205 At
1758 3160 1814 3205 tu
1866 3160 2020 3206 certe
2050 3155 2088 3206 (ἒ

442 3249 670 3306 omnino
695 3247 902 3311 fateris,
928 3246 1175 3299 divinum
1200 3260 1326 3299 csse
1349 3244 1637 3315 Spiritum.
1666 3242 1878 3298 Maced.
1910 3243 2023 3299 lmo

442 3341 547 3399 Job
581 3343 686 3397 hoc
730 3355 840 3395 non
876 3338 1031 3403 dixit,
1066 3337 1162 3393 sed
1208 3335 1390 3399 Eliud,
1435 3350 1598 3406 quem
1648 3334 1790 3390 Deus
1833 3350 2022 3404 repre-

443 3435 655 3493 hendit.
686 3431 838 3488 Orth.
864 3429 934 3483 At
963 3444 1073 3484 non
1100 3428 1277 3499 ipsum
1308 3427 1363 3480 in
1386 3441 1451 3482 eo
1476 3426 1848 3495 reprehendit,
1872 3424 2024 3495 quod

448 3504 715 3606 Spiritum
758 3529 1003 3584 divinum
1054 3523 1326 3578 dixisset?
1372 3519 1581 3575 Maced.
1642 3519 1786 3575 Deus
1841 3530 2024 3574 tamen

448 3640 572 3683 eum
601 3618 969 3692 reprehendit.
1014 3614 1167 3671 Orth.
1197 3613 1339 3681 Quid
1365 3616 1412 3669 si
1442 3613 1607 3684 igitur
1638 3612 1821 3681 ipsum
1852 3611 2021 3666 etiam

448 3692 551 3772 ἀοι)
582 3712 774 3768 audias
802 3710 1073 3765 dicentem
1103 3725 1117 3761 :
1165 3725 1185 3759 ‹
1223 3704 1366 3760 Vivit
1392 3704 1677 3768 Dominus,
1706 3702 1801 3772 qui
1834 3702 1916 3757 sic
1942 3718 2029 3758 me

447 3807 735 3881 judicavit,
787 3812 842 3860 et
886 3800 1265 3871 Omnipotens,
1310 3798 1405 3869 qui
1437 3794 1804 3850 amaritudine
1840 3792 2026 3849 affecit

452 3902 692 3958 animam
722 3912 922 3953 meam.
968 3894 1127 3950 Certe
1158 3892 1331 3947 donec
1364 3891 1565 3945 halitus
1599 3887 1733 3942 mihi
1772 3887 1940 3949 inest,
1975 3893 2029 3941 et

453 3993 694 4066 Spiritus
717 3990 936 4046 divinus
959 3991 1211 4056 superest
1239 3983 1371 4037 mihi
1400 3982 1457 4037 in
1484 3982 1711 4036 naribus
1736 3982 1802 4035 ".
1835 3999 1854 4033 ι
1887 3978 2029 4045 Quid

451 4083 807 4154 habes-quod
837 4079 1102 4135 adversus
1127 4078 1307 4148 ipsum
1344 4076 1509 4130 etiam
1537 4073 1641 4129 Job
1673 4075 1866 4130 dicas?
1900 4071 2025 4126 Ma-

451 4177 563 4234 red.
597 4174 744 4231 Voco
772 4175 936 4229 etiam
965 4185 1065 4241 ego
1092 4167 1358 4238 Spiritum
1390 4165 1553 4239 452
1594 4166 1864 4229 divinum,
1917 4180 2029 4219 non

450 4270 647 4327 Deum.
686 4265 840 4323 Orth.
894 4266 959 4317 At
1005 4260 1246 4333 Spiritus
1278 4257 1500 4313 divinus
1547 4256 1678 4328 quid
1727 4257 1873 4311 aliud
1922 4264 2028 4321 est,

452 4376 618 4433 quam
641 4358 816 4414 Deus?
844 4353 1054 4411 Maced.
1081 4351 1270 4407 Absit!
1298 4348 1451 4406 Orth.
1473 4348 1569 4402 Dic
1588 4350 1775 4419 igitur,
1802 4362 2031 4417 ecquam

454 4453 767 4510 divinarum
798 4453 1129 4518 potestatum
1161 4441 1447 4512 Scriptura
1492 4440 1734 4494 divinam
1772 4438 1977 4492 dixerit
2007 4456 2021 4491 :

452 4546 668 4617 perlege
700 4541 866 4597 Vetus
894 4551 947 4595 et
977 4538 1186 4592 Novum
1236 4534 1646 4590 Testamentum
1697 4532 2035 4593 universum,

454 4641 502 4696 εἰ
530 4637 654 4709 quis
683 4644 997 4691 sanctorum
1033 4629 1352 4700 angelorum
1386 4631 1637 4695 repertus
1662 4633 1746 4680 est
1775 4664 1789 4687 ,
1820 4623 1914 4693 qui
1948 4622 2034 4675 di-

455 4736 619 4790 vinus
650 4727 890 4800 Spiritus
921 4724 994 4780 sit
1019 4723 1220 4777 dictus.
1253 4717 1461 4774 Maced.
1494 4717 1687 4771 Nullus
1714 4716 1859 4770 enim
1889 4715 2033 4770 alius

455 4824 683 4896 spiritus
708 4827 792 4877 est
817 4814 1150 4874 istiusmodi.
1175 4812 1270 4868 Est
1291 4811 1439 4866 enim
1465 4810 1680 4863 unicus.
1706 4805 1859 4862 Orth.
1890 4805 2033 4877 Ergo

453 4928 509 4975 et
537 4925 597 4973 tu
625 4913 838 4976 fateris,
872 4909 1081 4965 nullum
1108 4921 1232 4963 esse
1257 4905 1419 4959 talem
1453 4900 1741 4972 Spiritum,
1776 4900 1918 4953 inter
1940 4914 2031 4953 res

454 5018 691 5068 creatas.
740 5004 949 5061 Maced.
1004 5000 1219 5057 Fateor.
1275 4997 1430 5053 Orth.
1492 4995 1682 5049 Restat
1758 4993 1924 5063 igitur
1972 4999 2033 5045 ut

453 5104 761 5171 videamus°
787 5113 967 5153 annon
992 5102 1189 5151 natura
1220 5088 1664 5146 communionem
1689 5085 2028 5140 habeatcum

456 5200 619 5255 Patre
640 5206 694 5255 et
720 5195 879 5250 Filio.
905 5189 1114 5246 Maced.
1143 5186 1259 5241 Hoc
1289 5186 1334 5240 si
1371 5183 1536 5238 luerit
1566 5182 2029 5240 demonstratum,

457 5293 601 5349 Deus
631 5290 792 5347 etiam
830 5301 954 5342 esse
997 5282 1407 5337 demonstratus
1436 5274 1623 5329 fuerit.
1662 5271 1819 5327 Orth.
1857 5260 2031 5324 Antea

461 5386 890 5441 demonstratum
921 5383 1027 5438 est,
1065 5387 1189 5427 esse
1216 5368 1485 5424 divinum.
1536 5361 1746 5419 Maced.
1781 5361 1889 5417 Sed
1921 5376 2033 5415 non

532 5540 574 5571 ι’
614 5538 724 5592 Tit.
760 5553 852 5600 ιιι,
891 5534 944 5589 5.
1059 5532 1102 5563 ⁸³
1144 5527 1322 5585 lCor.
1360 5542 1415 5588 ι.
1467 5523 1523 5580 9.
1567 5528 1585 5553 ⁸
1624 5522 1669 5554 ιδ
1707 5519 1845 5576 Gen.
1883 5535 1937 5583 ι,
1973 5518 2065 5574 26.

460 5610 622 5674 2,3.

531 5700 645 5769 (28)
685 5699 775 5765 Sic
805 5698 979 5751 Palat.
1012 5706 1176 5769 necte.
1214 5694 1373 5769 Editi_
1391 5706 1555 5769 vero,
1576 5689 1887 5769 nap‘_6piv.

534 5762 642 5828 €29)
682 5762 982 5829 Palatinus.
1008 5766 1230 5823 Πνεῦμα
1251 5763 1397 5819 θεοῦ.
1425 5762 1593 5816 Paulo
1615 5766 1737 5818 nost
1760 5770 2040 5812 manuscr.

2123 1881 2240 1935 καθ’
2270 1882 2551 1952 ὁμοίωσιν,
2597 1903 2616 1938 ι
2669 1884 2756 1938 ίνα
2798 1886 2863 1936 ἐκ
2908 1884 3006 1954 τῆς
3055 1883 3374 1954 συνεργείας
3416 1882 3484 1935 τὸ
3523 1881 3721 1936 ταυτὸν

2120 1973 2217 2043 τῆς
2241 1973 2456 2043 φύσεως
2479 1973 2649 2046 δείξῃ.

2196 2065 2277 2119 19.
2311 2065 2536 2121 Μακεδ.
2567 2064 2949 2138 Φανερὼτερὸν
2974 2084 3064 2138 μοι
3085 2067 3274 2132 δεῖξον,
3292 2067 3377 2119 ὅτι
3395 2057 3465 2119 τὸ
3487 2064 3720 2136 Πνεῦμα

2119 2157 2182 2209 τὸ
2226 2157 2385 2225 ἅγιον
2427 2156 2621 2221 κτίζει.
2666 2157 2820 2225 Ὀρθ.
2862 2157 3049 2230 Ἀρκεῖ
3079 2156 3177 2228 μὲν
3214 2156 3309 2209 καὶ
3341 2155 3412 2209 τὰ
3453 2171 3724 2227 προειρη-

2125 2246 2263 2318 μένα
2284 2247 2363 2317 τῷ
2395 2246 2519 2300 νοῦν
2542 2246 2716 2317 ἔχοντι
2738 2244 2875 2319 πρὸς
2904 2246 3142 2319 φανερὰν
3171 2244 3451 2312 ἀπόδειξιν
3477 2261 3495 2276 ·
3531 2244 3723 2316 ἐπειδὴ

2120 2339 2177 2392 δὲ
2195 2340 2285 2392 καὶ
2305 2340 2370 2391 ὲκ
2401 2337 2496 2392 τοῦ
2530 2338 2765 2409 πλήθους
2782 2338 2891 2393 τῶν
2917 2337 3231 2410 μαρτυριῶν
3246 2337 3601 2408 πιστωθῆναι
3629 2335 3721 2390 θέ-

2121 2432 2252 2495 λεις,
2290 2432 2518 2486 ἄκουσον
2538 2430 2629 2484 τοῦ
2647 2429 2765 2483 ’1ὼὸ
2785 2430 3033 2499 λέγοντος
3049 2446 3062 2459 ”
3111 2448 3131 2481 ι
3151 2428 3377 2501 Πνεῦμα
3395 2427 3517 2500 (29)
3548 2428 3720 2482 θεῖον.

2121 2521 2181 2576 τὸ
2238 2521 2471 2593 ποιῆσάν
2530 2537 2596 2591 με
2621 2537 2634 2551 ο
2681 2520 2816 2591 πνοή
2862 2520 2918 2572 δὲ
2972 2520 3408 2591 παντοκράτορος
3470 2519 3510 2589 ή
3556 2516 3723 2572 διδά-

2123 2614 2328 2668 σκουσά
2352 2630 2440 2683 με.
2492 2631 2509 2664 ι
2553 2611 2777 2666 Μακεδ.
2824 2610 3027 2664 Ἐλιούδ
3048 2613 3195 2664 ἐστιν
3222 2613 3252 2665 6
3278 2610 3481 2679 λέγων,
3500 2609 3604 2663 καὶ
3623 2609 3723 2662 οὐκ

2122 2702 2273 2760 εἶπεν
2313 2704 2522 2770 ἁπλῶς,
2568 2723 2586 2756 ι
2617 2704 2692 2757 Τὸ
2730 2704 2962 2775 ποιῆσαν
2999 2721 3087 2774 με,
3123 2722 3141 2756 ι
3179 2702 3316 2757 ἀλλὰ
3350 2703 3510 2770 λέγει
3535 2700 3718 2756 οῦτωο

2130 2818 2148 2850 ι
2189 2797 2418 2869 Καθαρά
2458 2814 2558 2868 μου
2589 2799 2622 2867 ἡ
2677 2795 2870 2866 καρδία
2912 2796 3176 2866 ῥήμασιν,
3213 2794 3432 2857 σύνεσις
3479 2793 3543 2846 δὲ
3608 2806 3724 2862 χε.»

2122 2886 2259 2941 λέων
2309 2904 2409 2957 μου
2450 2885 2668 2957 καθαρὰ
2706 2886 2889 2956 νοήσει
2914 2901 2927 2915 ·
2961 2884 3184 2955 Πνεῦμα
3214 2883 3358 2937 θεῖον
3382 2882 3448 2936 τὸ
3481 2881 3720 2953 ποιῆσὲν

2128 2996 2194 3049 με
2225 2978 2437 3048 καθαρὰ
2457 2979 2659 3049 νοήσει.
2676 2996 2694 3028 ι
2721 3006 2791 3015 -
2809 2996 2827 3029 ι
2850 2976 3077 3047 Πνεῦμα
3094 2976 3234 3029 θεῖον
3248 2976 3308 3029 τὸ
3324 2975 3570 3045 ποιῆσαν
3594 2992 3717 3046 μεθ

2125 3070 2387 3132 τουτέστι,
2414 3070 2475 3122 τὸ
2505 3068 2736 3139 ποιῆσαν
2770 3086 2839 3139 με
2866 3068 3083 3140 καθαρὰ
3110 3068 3321 3138 νοῆσαι.
3366 3067 3524 3135 Ὀρθ.
3557 3066 3720 3136 Ὁμο-

2122 3161 2302 3229 λογεῖς
2334 3161 2391 3213 δὲ
2430 3158 2566 3223 ὅλως
2597 3159 2739 3213 θεῖον
2772 3159 2833 3211 τὸ
2884 3158 3132 3230 Πνεῦμα.
3164 3155 3392 3212 Haud.
3424 3156 3517 3227 Μὴ
3558 3156 3671 3228 γὰρ
3692 3157 3721 3208 6

2137 3250 2256 3305 Ἰὼϐ
2286 3250 2418 3305 αὐτὸ
2449 3246 2602 3304 εἶπεν
2625 3266 2638 3280 ·
2665 3250 2779 3304 ἀλλ’
2802 3253 2831 3304 6
2863 3250 3090 3317 Ἐλιοὺδ,
3112 3250 3172 3304 ὃν
3196 3249 3487 3321 ἐμέμψατο
3511 3251 3542 3302 6
3562 3248 3720 3312 Θεός.

2138 3345 2293 3411 Ὀρθ.
2354 3342 2445 3413 Μὴ
2517 3342 2626 3414 γὰρ
2686 3342 2973 3413 ἐμέμψατο
3028 3342 3209 3405 αὑτὸν,
3259 3341 3402 3394 διατι
3454 3335 3616 3394 εἶτεν
3658 3340 3725 3395 τὺ

2126 3434 2352 3505 Πνεῦμα
2410 3433 2589 3499 θεῖον;
2633 3433 2852 3488 Μακεδ.
2900 3435 3087 3506 Ὅμως
3136 3432 3427 3504 ἐμέμψατο
3477 3432 3649 3485 αὑτὸν
3690 3433 3723 3483 6

2125 3526 2279 3590 Θεός.
2311 3527 2462 3593 Ὀρθ.
2495 3525 2620 3579 Ἐὰν
2654 3522 2747 3579 οὖν
2771 3525 3008 3597 ἀκούσῃς
3033 3524 3127 3578 καὶ
3151 3524 3246 3577 τοῦ
3283 3522 3404 3577 Ἰὼϐ
3428 3523 3684 3589 λέγοντος
3702 3540 3719 3552 ·

2133 3637 2152 3670 ι
2173 3620 2247 3689 Ζῇ
2273 3617 2495 3689 Κύριος,
2530 3618 2588 3681 ὃς
2614 3616 2755 3671 οὕτω
2784 3633 2850 3688 με
2870 3617 3127 3689 κέκρικεν
3148 3615 3305 3687 (29'),
3337 3615 3435 3668 καὶ
3462 3616 3492 3668 6
3518 3630 3725 3668 παντο-

2128 3711 2348 3783 κράτωρ
2384 3710 2413 3761 6
2456 3709 2727 3781 πικράνας
2758 3725 2859 3779 μου
2892 3708 2992 3778 τὴν
3025 3707 3222 3777 ψυχήν.
3255 3700 3335 3758 Ἦ
3380 3705 3486 3775 μὴν
3508 3704 3595 3757 ἔτι
3622 3705 3723 3775 τῆς

2130 3805 2299 3875 πνοῆς
2333 3820 2423 3874 μοι
2456 3801 2713 3874 ἐνούσης·
2759 3801 2985 3871 Πνεῦμα
3020 3801 3076 3852 δὲ
3110 3800 3249 3853 θεῖον
3297 3798 3360 3852 τὸ
3391 3796 3584 3866 περιόν
3630 3813 3725 3867 μοι

2130 3899 2188 3951 ὲν
2219 3897 2381 3968 ῥισίν,
2402 3915 2420 3948 ι
2453 3896 2504 3947 τί
2547 3894 2691 3964 ἔχεις
2719 3894 2894 3946 εἰπεῖν
2917 3891 3010 3945 καὶ
3037 3891 3162 3961 περὶ
3188 3888 3283 3942 τοῦ
3300 3888 3457 3955 Ἰώϐς
3489 3886 3726 3941 Mazaei.

2130 3988 2242 4041 Καὶ
2277 3987 2421 4056 λέγω
2454 3985 2596 4040 θεῖον
2633 3985 2693 4039 τὸ
2738 3984 2982 4054 Πνεῦμα,
3026 3984 3087 4036 οὐ
3131 3983 3237 4053 μὴν
3268 3982 3424 4035 θεὸν.
3461 3983 3615 4047 Ὁρθ.
3651 3979 3730 4033 Τδ

2131 4078 2188 4133 δὲ
2217 4079 2358 4132 θεῖον
2395 4079 2619 4149 Πνεῦμα
2645 4078 2699 4129 τί
2734 4076 2863 4130 ἄλλο
2895 4076 3045 4129 ἐστὶν
3078 4076 3112 4146 ἢ
3151 4075 3315 4139 Θεός;
3354 4072 3582 4128 Μακεδ.
3630 4073 3731 4144 Μὴ

2134 4169 2375 4238 γένοιτοί
2421 4171 2574 4238 Ὀρθ.
2623 4167 2832 4222 υὺκοῦν
2864 4167 3008 4229 εἰπὲ,
3039 4167 3093 4219 εἴ
3130 4184 3252 4220 τινα
3283 4166 3395 4219 τῶν
3428 4164 3602 4234 ἁγίων
3635 4164 3733 4219 δυ-

2135 4262 2353 4332 νάμεων
2403 4260 2543 4314 θεῖον
2578 4256 2733 4314 εἶπεν
2783 4260 2817 4331 ἡ
2855 4259 3069 4331 Γραφή.
3119 4258 3417 4326 ’Δνάγνωθι
3458 4258 3555 4327 τὴν
3607 4257 3732 4311 Πα-

2135 4353 2293 4408 λαιὰν
2326 4355 2505 4408 πᾶσαν
2523 4354 2799 4425 Διαθήκην
2831 4359 2928 4407 κα)⁹
2961 4351 3059 4423 τήν
3086 4350 3315 4422 Καινήν,
3343 4352 3394 4403 εί
3415 4348 3622 4421 εὑρέθη
3648 4366 3735 4411 τις

2137 4446 2246 4500 τῶν
2276 4446 2443 4514 ἁγίων
2464 4445 2713 4515 ἀγγέλων
2742 4444 2883 4498 θεῖον
2903 4443 3197 4514 λεγόμενος
3216 4441 3463 4513 Πνεῦμα.
3495 4439 3732 4494 Musa.

2141 4538 2306 4592 Οὐδὲν
2373 4539 2483 4610 γὰρ
2540 4537 2649 4591 τῶν
2713 4536 2888 4594 ἄλλων
2954 4534 3282 4605 πνευμάτων
3334 4531 3544 4586 τοιοῦτό
3612 4533 3734 4584 ἐστι

2143 4633 2369 4702 Πνεῦμα
2392 4647 2405 4660 ·
2465 4629 2750 4702 μοναδικδν
2798 4628 2907 4700 γάρ
2956 4630 3088 4681 ἐστι.
3149 4627 3296 4694 Ὀρθ.
3353 4623 3734 4695 Ὀμολογείται

2139 4719 2230 4776 οῦν
2258 4722 2351 4776 καὶ
2380 4719 2530 4790 παρὰ
2561 4718 2677 4783 σοῦ,
2708 4718 2783 4788 μὴ
2817 4712 2955 4770 εἶναι
2987 4717 3045 4767 ὲν
3067 4715 3180 4776 τοῖς
3201 4710 3465 4781 κτίσμασι
3496 4708 3732 4778 Πνεῦμα

2137 4801 2367 4868 τοιοῦτο.
2416 4810 2642 4865 Μακεδ.
2695 4807 3087 4880 Ὀμολογεῖται.
3142 4806 3289 4872 Ὀρθ.
3343 4801 3576 4871 Ἴδωμεν
3637 4795 3731 4853 οῦν

2138 4906 2343 4967 λοιπὸν,
2373 4906 2420 4957 εἰ
2461 4904 2563 4957 οὐκ
2597 4902 2711 4973 ἕχει
2745 4900 2885 4972 μετὰ
2913 4898 3125 4969 Πατρὸς
3170 4896 3264 4949 καὶ
3296 4891 3432 4946 Υίοῦ
3458 4892 3559 4963 τὴν
3588 4890 3736 4943 κατὰ

2143 4996 2304 5067 φύσιν
2335 4995 2640 5050 κοινωνίαν.
2671 4991 2895 5047 Μακεδ.
2939 4990 3111 5044 Τοῦτο
3138 4989 3232 5043 ἐὰν
3271 4987 3485 5058 δειχθῇ,
3513 4985 3733 5057 ἐδείχθη

2139 5087 2235 5140 καὶ
2262 5084 2412 5149 Θεός.
2456 5085 2603 5152 Ὀρθ.
2643 5084 2792 5146 Τέως
2818 5080 3043 5152 Πνεῦμα
3073 5080 3214 5133 θεῖον
3238 5077 3478 5147 ἐδείχθη.
3506 5075 3734 5130 Μακεδ.

2153 5178 2295 5231 Ἀλλ’
2332 5177 2393 5229 οὐ
2444 5176 2596 5239 Θεός.
2646 5176 2792 5243 Ὀρθ.
2837 5173 2963 5227 Ἐὰν
3009 5171 3334 5241 ἀκούσωμεν
3378 5169 3598 5224 Παύλου
3641 5168 3735 5221 τοῦ

2139 5268 2436 5324 ἀποστόλου
2458 5268 2728 5336 λέγοντος,
2752 5267 2843 5320 τὸν
2862 5265 2995 5320 Θεὸν
3021 5264 3185 5336 μηδὲν
3201 5263 3329 5317 ἄλλο
3343 5258 3485 5316 εἶναι
3510 5261 3543 5332 ἦ
3568 5260 3734 5322 θεῖον,

2139 5361 2355 5431 ἀνάγκη
2394 5359 2687 5414 συνθέσθαι
2718 5359 2779 5411 τὸ
2828 5357 2971 5411 θεῖον
3022 5352 3160 5409 εἶναι
3197 5353 3349 5408 Θεόν.
3395 5351 3627 5407 Malea.
3664 5352 3736 5405 Οὐ

2806 5513 2851 5545 ¹⁶
2890 5513 3022 5567 ibid.
3062 5514 3131 5576 5,
3168 5510 3222 5565 4.
3328 5508 3370 5540 ³⁷
3412 5506 3520 5577 Job
3553 5521 3726 5572 xxvu,

2179 5520 2223 5550 ³³
2261 5516 2365 5572 Job
2402 5532 2606 5579 xxxut,
2638 5515 2692 5568 4.

2156 5679 2381 5749 Ἐλιρύς,
2409 5685 2477 5749 et
2499 5672 2942 5749 infrasimiliter:

2226 5741 2376 5813 (ξεη
2406 5748 2569 5812 Editi,
2602 5745 2874 5810 κέκρινεν.
2902 5741 3062 5796 Ευιτ.
