3850 6226
163 328 307 384 £233

1175 334 1262 390 DE
1293 335 1564 394 SANCTA
1590 337 1965 395 TRINITATE
1992 337 2334 397 DlALOGUS
2359 340 2444 399 Ill.

3296 342 3430 395 1254

162 444 407 508 πάντως.
448 445 583 500 Οὐδὲ
638 445 743 519 γὰρ
791 448 978 519 ἐπειδὴ
1015 451 1043 503 6
1093 450 1225 514 Θεὸς
1258 451 1506 523 Πνεῦμα,
1558 455 1653 507 καὶ
1690 454 1750 508 τὸ

1856 465 1938 512 εει
1965 458 2128 514 Deus.
2162 457 2316 513 Orth.
2367 458 2425 512 Si
2455 474 2521 513 ex
2579 459 2751 515 Paulo
2785 460 3034 532 apostolo
3072 458 3429 521 audierimus,

160 537 308 592 θεῖον
340 538 568 609 Πνεῦμα
606 538 717 610 (50)
746 538 897 603 Θεός.
944 541 1053 595 Ποῦ
1088 543 1145 596 δὲ
1181 544 1512 617 γέγραπται,
1559 548 1587 600 6
1613 546 1748 611 Θεὸς

1856 546 2018 603 Deum
2043 549 2179 603 nihil
2211 550 2359 605 aliud
2391 565 2537 616 esse,
2570 567 2736 621 quam
2763 551 3032 614 divinum,
3065 564 3293 607 necesse
3323 548 3433 603 ίιιεσ

161 626 343 694 θεῖον;
390 630 541 697 Ὀρθ.
588 631 677 684 Ἐν
703 633 824 695 ταῖς
850 633 1088 704 Πρὰξεσι
1113 634 1223 689 τῶν
1252 635 1565 690 ἀποστόλων
1598 636 1747 705 λέγει

161 714 378 780 Παῦλος
418 716 624 782 οὕτως’
672 738 691 771 ι
729 721 888 785 Γένος
929 717 1023 776 οῦν
1075 724 1412 795 ὑπάρχοντες
1449 725 1545 779 τοῦ
1587 726 1749 794 Θεοῦ,

160 809 266 862 οὐκ
314 809 603 883 ὀφείλομεν
657 812 901 884 νομίζειν
956 816 1142 888 χρυσῷ
1189 817 1223 889 ἢ
1276 817 1523 891 ἀργύρῳ,
1574 820 1749 892 χαρά-

159 916 337 971 γματι
376 901 574 973 τέχνης
621 904 716 958 καὶ
755 904 1104 978 ἐνθυμήσεως
1151 909 1479 981 ἀνθρώπων,
1511 911 1575 965 τὸ
1603 912 1746 968 θεῖον

161 988 305 1045 εἶναι
326 992 531 1063 ὅμοιον.
556 1013 575 1045 ι

1851 640 1922 694 rit
1970 642 2291 707 concedere,
2338 643 2412 710 id,
2448 642 2593 713 quod
2634 644 2879 700 divinum
2921 656 3023 707 est,
3065 642 3234 699 Deum
3283 656 3429 698 esse.

1851 732 2059 791 Maced.
2095 735 2213 790 Non
2249 751 2500 806 prorsus.
2530 736 2719 808 Neque
2753 738 2898 792 enim
2930 735 3148 792 etiamsi
3177 733 3323 789 Deus
3349 739 3435 788 est

1855 824 2119 896 Spiritus,
2151 827 2362 883 idcirco
2391 828 2612 884 divinus
2636 843 2856 898 quoque
2881 826 3124 899 Spiritus
3155 824 3430 882 es’t‘Deus.

1856 915 2092 972 Ubinam
2133 933 2263 974 vero
2314 920 2581 990 scriptum
2631 927 2717 976 est
2763 919 2933 974 Deum
2981 934 3104 975 csse
3154 913 3436 972 divinum?

1860 1007 2014 1063 Orth.
2053 1009 2115 1064 In
2157 1009 2312 1065 Actis
2358 1011 2728 1081 apostolorum
2778 1012 2860 1067 sic
2904 1010 3148 1082 loquitur
3174 1008 3381 1063 Paulus
3415 1023 3429 1060 :

167 1105 188 1138 ι
226 1085 413 1143 Genus
445 1104 576 1159 ergo
613 1104 737 1144 cum
790 1091 963 1148 simus
992 1091 1108 1161 Dei,
1151 1110 1258 1149 non
1291 1096 1555 1155 debemus
1602 1099 1879 1158 tesﬁmare
1947 1119 2084 1159 auro
2119 1113 2214 1159 aut
2242 1113 2503 1177 argento,
2563 1107 2860 1177 sculptura;
2911 1106 3048 1162 artis
3109 1110 3164 1160 et
3226 1100 3437 1173 cogita-

162 1180 332 1236 tionis
358 1181 665 1248 hominum,
697 1182 941 1238 divinum
964 1201 1088 1243 esse
1125 1187 1301 1245 simile
1328 1189 1393 1244 ¹⁸.
1422 1210 1442 1244 ι

234 1295 325 1350 20.
358 1295 581 1350 Μακεδ.
619 1297 834 1362 Φθάσας
854 1293 1028 1365 εἷπον,
1052 1302 1135 1355 ὅτι
1165 1301 1266 1357 κᾶν
1304 1304 1402 1369 θῶ,
1443 1307 1527 1362 ὅτι
1558 1309 1586 1360 6
1618 1307 1751 1371 Θεὸς

161 1386 391 1457 Πνεῦμά
414 1387 582 1451 ἐστιν,
613 1389 676 1443 οὐ
712 1390 928 1455 πάντως
954 1393 1048 1446 καὶ
1081 1393 1141 1446 τὸ
1172 1394 1315 1449 θεῖον
1342 1397 1566 1467 Πνεῦμα
1595 1399 1747 1463 Θεός.

1919 1305 2009 1362 20.
2053 1305 2263 1362 Maced.
2303 1307 2419 1361 Jam
2453 1308 2605 1379 prius
2634 1308 2903 1374 dixeram,
2944 1308 3161 1362 etiamsi
3194 1324 3434 1379 posuero

1851 1398 2020 1453 Deum
2053 1415 2177 1455 esse
2217 1399 2508 1470 Spiritum,
2546 1415 2655 1454 non
2691 1402 2942 1471 protinus
2983 1400 3159 1471 sequi,
3186 1400 3432 1455 divinum

174 1480 333 1547 Ὄρθ.
372 1480 436 1532 El
472 1480 625 1535 οὐδὲν
653 1481 759 1536 τῶν
800 1485 1115 1555 κτισμάτων
1143 1486 1371 1559 Πνεῦμα
1402 1488 1565 1557 θεῖον,
1600 1491 1750 1544 οὐδὲν

1856 1486 2018 1538 etiam
2052 1483 2317 1555 Spiritum
2342 1501 2465 1542 esse
2494 1485 2686 1542 Deum.
2721 1487 2876 1543 Orth.
2907 1485 2962 1541 Si
3003 1503 3186 1543 rerum
3220 1495 3434 1543 creata-

162 1569 393 1641 Πνεῦμα
437 1571 769 1643 ἀγιωσύνης,
820 1575 978 1628 κοινά
1032 1575 1090 1628 δὲ
1142 1577 1315 1631 ταῦτα
1372 1579 1607 1652 Πατρὸς,
1657 1581 1750 1635 καὶ

1856 1588 1975 1627 rum
2016 1575 2165 1628 nulla
2193 1581 2279 1629 est
2318 1574 2561 1646 Spiritus
2591 1575 2834 1644 divinus,
2877 1578 3143 1633 nulla.est
3186 1576 3430 1649 Spiritus

164 1661 320 1726 Υίοῦ,
356 1665 451 1717 καὶ
492 1664 648 1733 ἁγίου
682 1666 1029 1736 Πνεύματος·
1065 1669 1164 1739 τῆς
1200 1670 1370 1742 αὐτῆς
1400 1672 1507 1744 ἄρα
1539 1672 1750 1742 φύσεως

1856 1665 2332 1732 sanctiﬁcationis,
2366 1667 2481 1722 haec
2516 1675 2696 1724 autem
2730 1669 3044 1724 communia
3084 1677 3214 1725 sunt
3259 1670 3431 1734 Patri,

164 1754 378 1826 Πατὴρ,
412 1756 506 1809 καὶ
538 1756 691 1824 Υἱὸς,
725 1759 821 1810 καὶ
859 1758 1011 1827 ἀγιον
1043 1759 1287 1832 Πνεῦμα.
1326 1763 1547 1817 Μακεὸ.
1571 1762 1750 1827 Δεῖξον

1856 1753 2013 1820 Filio,
2060 1764 2115 1811 et
2158 1756 2389 1828 Spiritui
2427 1767 2642 1823 sancto,
2695 1775 2888 1830 nempe
2929 1759 3176 1832 ejusdem
3223 1770 3436 1818 naturae

164 1838 280 1910 οὖν,
316 1846 418 1910 ὅτι,
460 1845 648 1921 ὥσπερ
681 1850 710 1902 ό
754 1850 945 1921 Πατὴρ
983 1850 1188 1922 ἐγείρει
1220 1854 1348 1916 τοὺς
1389 1840 1614 1926 νεκροὺς
1659 1856 1750 1909 καὶ

1856 1846 2060 1903 fuerint
2093 1847 2276 1914 Pater,
2309 1847 2503 1914 Filius,
2535 1857 2589 1905 et
2638 1848 2877 1920 Spiritus
2925 1860 3174 1908 sanctus.
3219 1850 3430 1909 Haced.

166 1936 442 2003 ζωοποιεῖ,
463 1939 663 2010 ὁμοίως
687 1940 742 1994 δὲ
766 1942 858 1994 καὶ
888 1945 915 1995 ό
947 1942 1096 2006 Υἱὸς,
1124 1942 1268 1996 οῦτω
1312 1945 1407 1999 καί¹
1442 1945 1501 1998 τὸ
1529 1946 1750 2016 Πνεῦμα

1856 1937 2091 1995 Ostende
2126 1941 2310 2012 igitur.
2348 1941 2493 1996 sicut
2530 1939 2694 1996 Pater
2726 1942 2931 1997 excitat
2964 1948 3234 2008 mortuos,
3267 1954 3321 1998 et
3350 1943 3436 1996 vi-

167 2029 440 2092 ζωποιεῖ.
476 2032 628 2098 Ὀρθ.
677 2031 840 2101 Λέγει
878 2033 1118 2098 Παῦλος·
1168 2054 1186 2087 ι
1233 2035 1423 2107 Ὑμεῖς
1464 2036 1522 2089 δὲ
1571 2037 1750 2090 οὐκέτ’

1856 2029 2057 2095 viﬁcat,
2092 2041 2147 2087 et
2190 2030 2361 2088 Filius
2394 2048 2634 2103 quoque,
2673 2032 2748 2087 ita
2787 2033 2951 2087 etiam
3008 2030 3273 2104 Spiritum
3306 2048 3434 2088 san-

168 2120 295 2173 ἐστὲ
316 2123 374 2175 ἐν
403 2123 589 2193 σαρκὶ.
616 2123 775 2194 εἴπερ
803 2124 1032 2194 Πνεῦμα
1060 2126 1155 2180 τοῦ
1181 2127 1316 2181 Θεοῦ
1343 2129 1483 2181 οἰκεῖ
1515 2130 1570 2182 ἐν
1601 2129 1749 2198 ὑμῖν.

1856 2130 1999 2177 ctum
2031 2121 2328 2177 viviﬁcare.
2367 2121 2521 2178 Orth.
2558 2121 2699 2178 Dicit
2729 2122 2935 2180 Paulus
2971 2142 2984 2179 :
3039 2142 3058 2176 ι
3090 2123 3202 2180 Vos
3246 2132 3434 2180 autem

167 2213 235 2265 Εί
275 2213 334 2266 δέ
358 2230 441 2278 τις
474 2213 699 2285 Πνεῦμα
735 2215 975 2287 Χριστοῦ
1005 2218 1105 2271 οὐκ
1133 2217 1266 2288 ἔχει,
1293 2213 1447 2282 οὗτος
1469 2219 1568 2272 οὐκ
1608 2219 1750 2274 ἐστιν

1856 2214 1959 2283 iam
1994 2227 2105 2267 non
2134 2211 2269 2268 estis
2309 2214 2367 2268 in
2401 2229 2588 2279 carne,
2630 2213 2679 2270 si
2717 2221 2897 2270 tamen
2931 2213 3171 2286 Spiritus
3207 2215 3302 2272 Dei
3335 2217 3436 2271 ba—

170 2304 284 2375 (51)
320 2304 505 2360 αὐτοῦ.
540 2307 603 2359 Εἰ
632 2307 688 2360 δὲ
719 2309 955 2380 Χριστὸς
987 2310 1045 2361 ἐν
1073 2310 1223 2379 ὑμῖν,
1254 2309 1318 2363 τὸ
1351 2311 1448 2381 μὲν
1482 2309 1643 2382 σῶμα
1671 2327 1755 2362 νε-

172 2397 302 2465 κρὸν
338 2398 404 2451 δι’
433 2399 728 2471 ἁμαρτίαν,
765 2402 827 2454 τὸ
851 2401 909 2455 δέ
948 2400 1177 2470 Πνεῦμα
1214 2402 1326 2475 ζωὴ
1364 2401 1453 2455 διὰ
1481 2401 1755 2456 δικαιοσύ-

169 2506 295 2549 νην.
320 2491 383 2543 Εί
406 2490 464 2542 δὲ.
485 2492 546 2545 τὸ
568 2491 791 2564 Πνεῦμα
811 2492 904 2546 τοῦ
934 2494 1245 2564 ἐγείραντος
1283 2492 1491 2564 Ἰησοῦν
1520 2495 1563 2546 Χ
1573 2493 1754 2565 ριστὸν

169 2583 312 2636 οἰκεῖ
337 2584 395 2636 ἐν
427 2584 456 2635 ὑ
464 2601 575 2654 μιν,
598 2586 626 2638 6
652 2585 870 2655 ἐγείρας
894 2585 1130 2655 Χριστὸν
1156 2585 1221 2637 ἐκ
1246 2583 1456 2656 νεκρῶν
1489 2583 1755 2657 ζωοποιή-

171 2689 256 2725 σει
287 2674 378 2726 καὶ
409 2673 479 2727 τά
511 2674 678 2744 θνητά
713 2673 937 2744 σώματα
967 2673 1122 2744 ὑμῶν
1166 2673 1256 2726 διά
1286 2674 1379 2726 τοῦ
1420 2672 1754 2739 ἐνοικοῦντος

170 2763 337 2816 αὑτοῦ
374 2764 691 2834 Πνεῦματος
728 2766 784 2817 ἐν
827 2766 975 2835 ὑμῖν.
1010 2784 1028 2817 ι
1063 2764 1285 2820 Μακεδ.
1324 2765 1510 2828 Οῦτως
1555 2765 1616 2818 οὐ
1659 2765 1753 2835 γέ-

170 2872 432 2927 γραπται,
467 2854 564 2909 διὰ
595 2857 700 2911 τοῦ
737 2857 1137 2923 ἐνοικοῦντος,
1182 2856 1319 2910 άλλά
1344 2855 1410 2910 τὸ
1454 2857 1752 2912 ἐνοικοῦν.

189 2949 345 3016 Ὀρθ.
390 2947 516 3002 Ἐἀν
553 2946 759 3020 δειχθῇ,
791 2949 873 3002 ὅτι
927 2967 946 3000 ‹
991 2947 1078 3001 διὰ
1104 2947 1197 3001 τοῦ
1232 2947 1567 3012 ἐνοικοῦντος
1606 2967 1625 3001 ι
1660 2948 1754 3017 γέ-

170 3056 419 3111 γραπται
504 3040 686 3113 πείθῃ,
742 3042 825 3095 ὅτι
877 3041 978 3111 τῆς
1032 3042 1200 3111 αὐτῆς
1258 3042 1375 3094 ἐστι
1428 3040 1643 3110 φύσεως
1692 3042 1752 3095 τὸ

170 3131 397 3203 Πνεῦμα
423 3132 598 3203 Πατρὶ
640 3134 735 3186 καὶ
766 3132 921 3203 Υἱῷς
954 3130 1175 3187 Μακεδ.
1217 3131 1342 3186 Ἐἀν
1370 3126 1463 3186 οὖν
1488 3150 1589 3186 που
1624 3132 1683 3185 ἐν
1716 3131 1750 3204 ἢ

170 3221 423 3292 δεύτερον
452 3222 784 3295 ἀντίγραφον
826 3221 1021 3294 εὑρεθῇ
1063 3220 1402 3293 ἐσφαλμένον
1435 3224 1565 3292 παρ’
1599 3222 1752 3293 ὑμῖν,

172 3313 239 3364 ἐκ
278 3311 468 3366 τούτου
521 3312 663 3384 ἔχεις
708 3330 775 3384 με
820 3316 1039 3380 πεῖσαι;
1084 3315 1243 3382 Ὀρθ.
1292 3315 1527 3385 Ἔχομεν
1563 3314 1751 3382 δεῖξαι,

172 3402 255 3455 ὅτι
292 3405 349 3455 ἐν
386 3403 527 3468 ὅλοις
551 3407 664 3469 ,τοῖς
708 3406 956 3478 ἀρχαίοις
995 3390 1349 3478 ἀντιγράφοις
1376 3406 1520 3461 οὕτω
1554 3407 1757 3478 γέγρα-

173 3510 325 3549 πται.
372 3496 523 3549 Ἐπεὶ
567 3495 624 3549 δὲ
670 3498 912 3568 νομίζεις
960 3497 1116 3550 τοῦτο
1151 3496 1562 3568 ἀντιλεγόμενον
1594 3494 1754 3566 εἶναι,

174 3586 618 3659 πληροφορήθητι
654 3589 745 3642 καὶ
784 3589 844 3655 ἐξ
886 3589 1050 3659 ἄλλης
1101 3589 1375 3661 γραφικῆς
1409 3576 1752 3654 ἀποδείξεως.

174 3678 393 3733 Μακεδ.
420 3679 557 3732 Εἰπέ
578 3697 590 3710 ·
625 3680 785 3733 τοῦτο
817 3680 926 3753 γάρ
952 3681 1311 3749 ἀντιλέγεται.
1350 3680 1505 3748 Ὄρθ.
1539 3680 1701 3750 Λέγει
1727 3682 1756 3734 6

172 3769 334 3834 αὐτὸς
365 3772 394 3823 6
435 3771 589 3839 ἅγιος
616 3770 825 3836 Παῦλος
849 3788 861 3801 ·
907 3791 926 3824 ι
958 3772 1070 3844 Οὐχ
1108 3772 1189 3825 ὅτι
1237 3773 1411 3826 ἱκανοί
1453 3773 1622 3842 ἐσμεν
1655 3772 1748 3841 ἀφ’

173 3860 381 3915 ἑαυτῶν
412 3862 730 3931 λογίσασθαί
751 3880 826 3928 τι,
855 3862 931 3927 ὡς
954 3864 1012 3931 ἐξ
1038 3863 1265 3928 ἑαυτῶν,
1297 3863 1409 3917 ἀλλ’
1442 3865 1474 3935 ἡ
1504 3863 1756 3935 ἱκανότης

174 3949 329 4021 ἡμῶν
361 3953 425 4005 ἐκ
459 3951 553 4004 τοῦ
582 3952 716 4006 Θεοῦ
737 3970 751 3985 ·
782 3953 841 4017 ὃς
872 3954 968 4008 καὶ
997 3954 1261 4008 ἱκάνωσεν
1293 3956 1443 4025 ἡμᾶς
1474 3953 1755 4017 διακόνους

172 4043 382 4115 Καινῆς
426 4043 718 4115 Διαθήκης,
755 4046 816 4098 οὐ
849 4046 1195 4117 γράμματος,
1231 4046 1366 4100 ἀλλά
1416 4046 1752 4116 Πνεῦματος.

171 4134 248 4186 Τὸ
278 4134 385 4204 γὰρ
414 4134 646 4205 γράμμα
674 4136 1001 4197 ἀποκτείνει,
1024 4136 1083 4189 τὸ
1108 4136 1164 4189 δὲ
1192 4134 1415 4208 Πνεῦμα
1440 4135 1748 4201 ζωοποιεῖ.»

170 4225 395 4281 Μακεδ.
434 4228 723 4279 Ζωοποιεῖν
763 4226 979 4295 λέγεται
1015 4226 1077 4279 τὸ
1113 4226 1221 4279 άπὸ
1270 4226 1553 4299 ἁμαρτιῶν
1596 4225 1752 4294 ἄγειν

172 4316 254 4378 εἰς
285 4315 647 4389 δικαιοσύνην.
681 4317 756 4369 Οὐ
789 4316 893 4388 μὴν
920 4316 1123 4388 ἐγείρει
1164 4317 1411 4387 νεκροὺς,
1441 4315 1516 4379 ὡς
1548 4316 1577 4368 6
1618 4316 1753 4386 Χρι-

173 4408 299 4470 στὸς
329 4408 570 4479 ἤγειρεν.
609 4409 763 4476 Ὀρθ.
804 4408 1013 4472 Παῦλος
1043 4411 1071 4461 6
1108 4407 1404 4501 ἀπόστολος
1444 4406 1629 4479 ἤγειρε
1658 4405 1751 4501 16v
1786 4446 1829 4501 Ι)

170 4497 410 4566 Εὔτυχον
459 4496 814 4561 ἀποθανόντα,
869 4496 902 4567 ἢ
958 4495 1049 4562 ob;
1085 4495 1307 4550 Μακεδ.
1355 4496 1492 4549 Ἀλλ’
1538 4498 1637 4550 οὐκ
1683 4492 1751 4569 ἦν

171 4587 383 4651 Παῦλος
406 4590 434 4641 6
464 4590 795 4660 ἀναστήσας,
824 4588 939 4642 ἀλλ’
971 4590 1000 4641 6
1029 4589 1085 4641 ἐν
1110 4588 1306 4660 Παύλῳ
1342 4588 1581 4661 λαλήσας
1616 4591 1753 4661 Χρι-

174 4677 317 4740 στός.
359 4678 513 4745 Ὀρθ.
536 4679 793 4747 Καίτοιγε
828 4679 1039 4743 Παῦλος
1076 4679 1246 4747 λέγει,
1279 4680 1361 4732 ὃτι
1388 4699 1407 4732 ‹
1438 4681 1671 4751 Χριστὸς
1693 4681 1751 4734 ἐν

169 4769 399 4840 δυνάμει
433 4771 748 4842 Πνεῦματος
775 4771 931 4839 ἁγίου
959 4770 1260 4842 πεποίηκεν
1293 4773 1350 4824 ἐν
1368 4760 1505 4843 ’ἐμοὶ
1547 4772 1619 4825 τά
1649 4789 1749 4843 ση-

175 4863 322 4931 μεῖα.
358 4880 377 4912 ι
413 4862 574 4931 Λέγει
605 4863 716 4935 γάρ
742 4862 935 4927 οὕτως,
963 4864 1044 4916 ὅτι
1075 4882 1094 4915 ι
1127 4865 1204 4917 Οὐ
1233 4863 1416 4934 τολμῶ
1442 4883 1495 4917 τι
1525 4863 1636 4933 ἐγὼ
1666 4864 1750 4918 λέ-

172 4969 289 5021 γειν
325 4944 399 5005 ὧν
434 4954 494 5005 οὐ
525 4954 925 5023 κατειργάσατο
960 4955 1194 5027 Χριστὸς
1234 4955 1300 5008 δι’
1329 4956 1462 5027 ἐμοῦ
1491 4957 1633 5028 λόγῳ
1656 4957 1751 5011 καὶ

171 5043 339 5117 ἔργῳ,
374 5047 454 5111 είς
498 5047 744 5117 ὑπακοὴν
791 5047 978 5111 ἐθνῶν,
1026 5050 1083 5101 ἐν
1124 5048 1349 5120 δυνάμει
1379 5051 1619 5121 σημείων
1656 5051 1750 5104 καὶ

170 5137 436 5209 τεράτων,
483 5139 542 5191 ἐν
591 5138 818 5209 δυνάμει
862 5138 1179 5210 Πνεύματος
1227 5140 1402 5209 ἁγίου.
1460 5161 1490 5201 ι,
1526 5143 1745 5198 Mam-:6.

170 5229 287 5283 Οὐκ
312 5230 534 5284 ἐδύνατο
559 5232 667 5304 γάρ
695 5233 723 5284 6
750 5230 985 5302 Χριστὸς
1011 5232 1138 5287 ἄνευ
1177 5233 1271 5287 τοῦ
1299 5234 1614 5305 Πνεῦμα-τος
1651 5234 1747 5288 τοῦ

170 5322 330 5390 ἀγίου
374 5321 597 5393 ποιῆσαι
618 5322 688 5376 τά
712 5325 913 5396 σημεῖα
940 5326 1034 5377 καὶ
1073 5324 1143 5379 τά
1174 5325 1407 5395 “reparat;
1449 5328 1603 5395 Ὄρθ.
1636 5327 1749 5381 Οὐκ

246 5503 289 5535 ⁸⁸
324 5503 448 5560 Act.
487 5520 629 5569 xvn,
664 5504 754 5559 29.
830 5506 872 5536 ¹⁹
915 5504 1072 5561 Rom.
1103 5520 1237 5573 vm,
1271 5504 1424 5561 9-H.

246 5637 514 5733 (ξω-Καὶ1
534 5658 602 5733 τδ
638 5657 779 5733 θεῖον
810 5658 1034 5731 Πνεῦμα
1073 5661 1227 5733 abest
1258 5675 1288 5716 a
1326 5662 1734 5733 manuscriptis.

176 5725 243 5782 Et
258 5725 469 5784 ibidem
492 5728 550 5784 δέ
572 5728 728 5785 deest
762 5730 817 5785 in
846 5725 1257 5801 mariuscriptis.

1853 2305 1989 2359 bitat
2016 2304 2072 2359 in
2098 2304 2276 2360 vobis.
2320 2302 2379 2359 Si
2406 2304 2532 2376 quis
2571 2313 2751 2360 autem
2787 2305 3053 2376 Spiritum
3080 2304 3289 2363 Christi
3320 2322 3431 2362 non

1854 2395 2035 2461 habet,
2067 2398 2116 2454 is
2143 2412 2253 2453 non
2290 2406 2375 2454 est
2407 2397 2549 2470 ejus.
2585 2396 2646 2453 Si
2685 2409 2866 2455 autem
2906 2399 3158 2455 Christus
3192 2400 3247 2455 in
3275 2400 3434 2456 vobis

1853 2494 1957 2553 est,
1989 2503 2188 2558 corpus
2213 2487 2432 2558 quidem
2462 2498 2739 2544 mortuum
2765 2500 2849 2544 est
2873 2499 3096 2561 propter
3120 2497 3429 2562 peccatum,

1857 2578 2099 2649 Spiritus
2138 2595 2270 2635 vero
2301 2579 2414 2635 vita
2461 2587 2549 2636 est
2592 2588 2816 2651 propter
2860 2582 3152 2651 justitiam.
3185 2580 3342 2649 Quod
3385 2584 3435 2640 si

1857 2666 2095 2738 Spiritus
2117 2668 2257 2739 ejus,
2285 2670 2378 2740 qui
2407 2670 2696 2725 suscitavit
2718 2667 2904 2725 Jesum
2934 2669 3213 2726 Christum
3235 2687 3265 2727 a
3290 2688 3437 2729 mor-

1855 2762 1986 2823 tuis,
2025 2760 2234 2817 habitat
2276 2762 2333 2817 in
2378 2763 2557 2828 vobis,
2608 2763 2702 2833 qui
2749 2764 3037 2821 suscitavit
3083 2765 3364 2823 Christum
3402 2784 3433 2822 a

1856 2853 2088 2908 mortuis
2120 2853 2418 2909 viviﬁcabit
2451 2868 2670 2925 quoque
2713 2857 2964 2910 mortalia
2992 2871 3226 2927 corpora
3251 2866 3434 2913 vestra

1857 2958 1952 3014 per
1983 2944 2379 3000 inhabitantem
2416 2944 2679 3016 Spiritum
2719 2948 2839 3016 ejus
2879 2948 2933 3002 in
2973 2948 3128 3003 vobis
3148 2950 3216 3003 ¹⁹.
3262 2968 3281 3001 ι
3309 2946 3435 3003 Ma-

1858 3034 1967 3090 ced.
2001 3034 2121 3090 Non
2150 3035 2224 3089 ita
2258 3035 2521 3106 scriptum
2550 3042 2654 3099 est,
2692 3055 2711 3089 ι
2741 3037 3269 3108 perinhabitantem,
3296 3058 3315 3091 ι
3338 3040 3435 3097 sed

1860 3145 1878 3178 ι
1901 3137 2121 3198 pr0pter
2139 3127 2550 3182 inhabitantem.
2573 3141 2592 3180 ι
2615 3126 2767 3183 Orth.
2790 3127 2846 3182 Si
2863 3129 3152 3189 ostendero
3169 3130 3434 3202 scriptum

1853 3232 1993 3280 esse,
2032 3237 2051 3270 ι
2079 3234 2178 3289 pcr
2207 3217 2622 3283 inhabitantem,
2650 3237 2669 3270 ι
2704 3234 2836 3273 num
2852 3220 2948 3275 tibi
2966 3234 3290 3291 persuasum
3316 3219 3437 3276 fue-

1852 3311 1946 3372 rit.
1984 3310 2230 3381 ejusdem
2269 3325 2392 3366 esse
2430 3320 2661 3374 natum,
2706 3309 2971 3381 Spiritum
3006 3319 3171 3383 atque
3213 3311 3434 3368 Patrem

1852 3410 1906 3458 et
1943 3402 2183 3458 Filium?
2222 3402 2434 3458 Maced.
2478 3403 2562 3459 An
2609 3420 2762 3468 vero,
2797 3405 2843 3460 si
2887 3421 3059 3459 unum
3103 3412 3159 3460 et
3202 3406 3434 3462 alterum

1855 3495 2176 3549 mendosum
2230 3495 2512 3566 exemplar
2566 3495 2709 3566 apud
2762 3510 2863 3551 vos
2914 3495 3245 3563 inveniatur,
3302 3496 3433 3552 inde

1853 3585 1985 3641 illud
2018 3585 2150 3639 mihi
2185 3586 2564 3655 persuaseris?
2608 3586 2761 3642 Orth.
2807 3585 3108 3643 Possumus
3146 3588 3437 3645 ostendere

1854 3676 1929 3731 ita
1959 3677 2016 3730 in
2051 3677 2268 3732 cunctis
2298 3678 2528 3733 vetustis
2557 3679 2963 3748 exemplaribus
2990 3679 3258 3750 scriptum
3286 3695 3432 3735 esse.

1855 3766 2127 3832 Quoniam
2157 3775 2339 3821 tamen
2368 3766 2435 3822 de
2465 3767 2570 3821 hoc
2600 3768 2936 3823 controverti
2971 3768 3279 3834 existimas,
3309 3770 3434 3826 aliis

1855 3858 2041 3928 petitis
2063 3873 2130 3912 ex
2160 3856 2446 3929 Scriptura
2473 3858 3041 3916 demonstrationibus
3082 3860 3287 3916 certior
3309 3860 3431 3919 ﬁas.

1854 3948 2062 4004 Maced.
2091 3948 2202 4004 Has
2224 3950 2388 4021 igitur
2416 3948 2622 4020 profer,
2658 3965 2783 4004 nam
2807 3950 2939 4005 illud
2975 3951 3031 4006 in
3054 3954 3433 4008 controversia

1853 4050 1956 4096 est.
1986 4039 2139 4096 Orth.
2174 4037 2321 4095 Idem
2349 4039 2552 4096 Paulus
2580 4040 2712 4096 dicit
2742 4060 2755 4095 :
2801 4059 2819 4092 ι
2853 4039 2971 4097 Νοιι
3006 4042 3153 4112 quod
3179 4058 3247 4099 ex
3271 4044 3433 4100 nobis

1853 4132 1989 4202 ipsis
2010 4131 2191 4186 idonei
2208 4131 2384 4187 simus
2409 4132 2649 4203 cogitare
2666 4132 2872 4202 aliquid
2893 4148 2961 4187 ex
2984 4134 3164 4198 nobis,
3180 4136 3337 4205 quasi
3364 4151 3434 4192 ex

1855 4225 2034 4289 nobis,
2054 4222 2329 4295 sedquod
2367 4223 2548 4279 idonei
2580 4240 2792 4288 sumus.
2844 4226 2899 4281 id
2941 4242 3009 4282 ex
3036 4225 3247 4284 Deoest
3284 4246 3300 4284 :
3338 4229 3434 4299 qui

1853 4315 2015 4371 etiam
2058 4314 2183 4370 fecit
2205 4325 2264 4370 ut
2296 4314 2477 4370 idonei
2509 4314 2745 4370 ministri
2781 4330 3030 4373 essemus
3075 4315 3213 4371 Novi
3242 4315 3435 4373 Testa-

1854 4406 2045 4471 menti,
2064 4422 2174 4461 non
2190 4406 2402 4469 litteras,
2434 4405 2529 4461 sed
2552 4404 2808 4476 Spiritus.
2826 4404 3031 4461 Littera
3047 4407 3192 4461 enim
3209 4406 3431 4475 occidit,

1862 4497 2102 4570 Spiritus
2133 4508 2313 4554 autem
2339 4498 2579 4553 viviﬁcat
2597 4500 2664 4552 ⁸ο.
2691 4518 2709 4551 ι
2731 4497 2942 4555 Maced.
2974 4497 3266 4557 Viviﬁcare
3294 4500 3433 4556 dici-

1859 4601 1950 4648 tur
1978 4608 2009 4647 a
2031 4599 2257 4663 peccato
2286 4591 2354 4647 ad
2378 4592 2646 4662 justitiam
2667 4593 2973 4649 traducere.
3006 4592 3075 4647 At
3097 4608 3204 4649 non
3228 4593 3435 4648 excitat

1858 4692 2129 4751 mortuos,
2184 4685 2327 4739 sicut
2378 4684 2632 4742 Christus
2678 4684 2960 4741 excitavit.
3022 4684 3175 4741 Orth.
3227 4683 3432 4739 Paulus

1856 4776 2153 4846 Apostolus
2195 4776 2498 4850 Eutychum
2551 4783 2828 4832 mortuum
2877 4777 3159 4842 excitavit,
3207 4774 3439 4831 annon?

1854 4866 2063 4924 Maced.
2098 4869 2168 4923 At
2209 4884 2317 4923 non
2346 4870 2394 4924 is
2441 4881 2526 4925 est
2561 4867 2789 4934 Paulus,
2824 4869 2918 4940 qui
2952 4868 3102 4923 illum
3150 4866 3428 4933 excitavit,

1853 4960 1950 5016 sed
1980 4960 2072 5030 qui
2106 4961 2325 5016 locutus
2351 4967 2435 5016 est
2464 4960 2520 5014 in
2551 4958 2720 5014 Paulo
2746 4960 3014 5014 Christus.
3054 4957 3207 5013 Orth.
3239 4955 3426 5026 Atqui,

1852 5052 2035 5121 inquit
2062 5049 2268 5105 Paulus
2293 5068 2308 5106 :
2341 5068 2360 5101 ‹
2393 5048 2648 5105 Christus
2675 5050 2731 5103 in
2755 5050 2955 5104 virtute
2988 5046 3224 5118 Spiritus
3253 5045 3429 5103 sancti

1852 5142 1983 5197 fecit
2016 5143 2069 5196 in
2105 5157 2190 5197 me
2221 5143 2394 5213 signa.
2437 5161 2455 5194 ι
2499 5140 2590 5196 Sic
2620 5142 2765 5197 enim
2792 5141 2869 5194 ait
2897 5160 2910 5196 :
2949 5158 2969 5192 ‹
3001 5137 3121 5193 Non
3145 5139 3430 5194 enim'au-

1855 5233 1958 5289 deo
1984 5234 2281 5304 quidquam
2311 5234 2460 5304 loqui
2483 5232 2629 5304 quod
2653 5248 2763 5289 non
2784 5231 3027 5289 effecerit
3045 5230 3300 5286 Christus
3331 5244 3428 5301 per

1856 5342 1964 5393 me,
1996 5328 2164 5383 verbo
2194 5336 2244 5384 et
2276 5326 2425 5382 facto
2447 5326 2516 5381 ad
2536 5326 2904 5383 obedientiam
2937 5324 3204 5398 gentium,
3230 5323 3287 5379 in
3316 5329 3430 5379 vir-

1586 5503 1632 5558 ιι
1663 5504 1790 5562 Cor.
1827 5520 1923 5572 ιιι,
1960 5505 2029 5571 5,
2063 5504 2097 5559 6

1917 5659 2030 5733 (5|)
2067 5658 2265 5724 Palat.,
2302 5653 2480 5712 οὐκέτ’
2502 5657 2601 5710 οὐκ
2624 5655 2797 5713 ἔστιν.
