3850 6226
460 292 599 356 1253
1544 291 1601 349 S.
1643 291 2112 349 ATHANASIUS.
2150 317 2223 330 —
2258 286 2523 344 SPURIA:
3585 281 3727 344 1%"-

458 417 574 467 tute
611 409 891 479 signorum
922 414 976 464 et
1012 407 1404 480 prodigiorum,
1451 409 1507 463 in
1555 411 1757 465 virtute
1789 409 2009 481 Spiritu:

2138 407 2361 461 ἐδύνατο
2408 407 2516 479 γὰρ
2562 406 2597 459 6
2640 404 2830 478 Πατὴρ
2876 405 3003 460 ἄνευ
3049 402 3142 458 τοῦ
3192 402 3325 456 Υίοῦ
3380 402 3608 473 ποιῆσαι
3655 401 3727 456 τά

455 502 632 558 sancti
659 502 725 553 ".
766 520 786 554 ι
834 498 1042 555 Maced.
1079 500 1165 555 An
1192 516 1322 556 vero
1365 516 1476 556 non
1525 509 1737 571 poterat
1777 501 2009 557 Christu:

2140 502 2348 566 πάντα;
2376 499 2595 554 Μακεδ.
2639 499 2781 552 Ναί·
2833 498 2946 552 ἁλλ’
2987 499 3074 551 ἵνα
3102 498 3197 551 καὶ
3230 496 3359 560 Υἱὸς
3391 494 3725 567 δημιουργὸς

455 594 663 662 absque
712 591 920 663 Spiritu
982 601 1175 649 sancto
1229 594 1398 656 edere
1443 594 1598 662 signa
1649 601 1703 648 et
1749 593 1995 663 prodigia

2138 589 2345 661 δειχθῇ.
2392 591 2546 657 Ὀρθ.
2579 589 2669 659 Τῷ
2701 588 2849 660 αὐτῷ
2878 588 3042 660 λόγῳ,
3075 587 3370 657 δυνάμενος
3403 588 3502 639 καλ⁵
3532 586 3562 637 6
3594 585 3721 649 Υἱὸς

455 680 610 738 Orth.
638 682 832 738 Nonne
854 682 1040 738 itidem
1066 690 1279 753 poterat
1299 680 1460 738 Pater
1481 683 1685 752 absque
1708 679 1848 735 Filio
1870 679 2009 752 ᾆδε

2138 683 2452 752 ποιῆσαιτὰ
2487 686 2686 754 σημεῖα
2721 682 2815 736 καί
2864 681 2932 734 τὰ
2964 681 3163 753 τέρατα
3189 679 3322 751 (52),
3366 680 3515 732 ποιεῖ
3563 680 3622 730 ἐν
3645 677 3722 747 τῷ

452 775 687 829 condere
717 774 934 829 omnia?
963 773 1171 829 Maced.
1204 773 1379 829 Etiam
1413 794 1427 830 :
1457 775 1550 830 sed
1585 778 1630 845 (ι
1661 774 1781 829 idco
1807 790 1904 844 per
1946 772 2007 827 Fi

2139 772 2436 843 Πνεύματι,
2460 773 2547 828 ἵνα
2571 774 2756 844 δειχθῇ
2785 775 2877 827 καὶ
2900 773 2960 827 τὸ
2984 771 3209 843 Πνεῦμα
3229 772 3291 825 τὸ
3316 772 3469 841 ἆγιον
3492 768 3566 823 τὰ
3583 770 3722 823 αὐτὰ

453 867 585 921 lium
629 867 874 923 condidit
899 870 958 937 ι)
998 874 1059 921 ιιι
1092 865 1288 921 Filium
1332 881 1550 936 quoque
1590 872 1877 936 appareret
1912 880 2009 919 esst

2141 864 2325 919 ποιοῦν
2352 865 2430 936 τῷ
2458 868 2632 938 Πατρὲ⁹
2662 867 2755 920 καὶ
2782 865 2859 936 τῷ
2889 864 3023 935 Υίῷ.

451 955 813 1013 conditorem.
845 956 998 1013 Orth.
1032 957 1235 1012 Eadem
1271 957 1503 1021 ratione,
1540 955 1710 1011 Filius
1733 971 1858 1011 cum
1890 961 2078 1025 posset
2121 953 2285 1011 edere
2324 958 2482 1028 signa
2523 965 2577 1013 et
2615 957 2886 1028 prodigia,
2935 955 3105 1011 edidit
3169 968 3234 1008 ea
3290 952 3346 1007 in
3375 948 3610 1022 Spiritu,
3664 961 3724 1006 ut

450 1052 764 1113 ostenderet
794 1051 1057 1123 Spiritum
1097 1060 1349 1107 sanctum
1381 1053 1570 1107 eadem
1602 1050 1782 1107 facere
1804 1066 1925 1121 quae
1963 1048 2125 1104 Pater
2156 1058 2211 1106 et
2242 1049 2435 1108 Filius.
3539 1035 3561 1055 ⁴

517 1144 608 1198 2|.
640 1141 848 1198 Maced.
879 1142 990 1199 Nos
1018 1142 1281 1213 Spiritum
1317 1151 1568 1198 sanctum
1593 1157 1703 1197 non
1731 1156 2009 1213 possumus

2205 1144 2293 1197 εί.
2336 1142 2560 1197 Mam-:6.
2596 1143 2787 1214 Ἡμεῖς
2829 1142 2891 1195 οὐ
2937 1139 3212 1211 δυνάμεθα
3256 1139 3433 1199 εἰπεῖν
3480 1134 3619 1188 Θεὸν
3660 1134 3722 1187 τὸ

447 1235 619 1291 Deum
654 1236 853 1291 dicere.
890 1233 1043 1290 Orth.
1092 1234 1187 1290 Ais
1229 1235 1445 1290 divinas
1491 1233 1805 1305 Scripturas
1838 1247 1868 1287 a
1898 1232 2009 1303 Spi-

2133 1234 2377 1304 Πνεῦμα.
2415 1235 2568 1303 Ὄρθ.
2614 1234 2805 1303 Λέγεις
2853 1231 2965 1303 (55)
3011 1235 3109 1294 τὰς
3160 1228 3309 1292 θείας
3353 1225 3583 1300 Γραφὰς
3614 1224 3719 1278 ὑπὸ

448 1328 557 1382 ritu
597 1336 788 1382 sancto
846 1325 1163 1381 enuntiatas
1216 1342 1312 1396 per
1355 1326 1650 1397 prophetas
1688 1333 1743 1381 et
1806 1332 2009 1395 aposto-

2131 1328 2224 1381 τοῦ
2254 1327 2567 1399 Πνεύματος
2598 1327 2689 1380 τοῦ
2730 1326 2885 1394 ἁγίου
2935 1323 3185 1397 εἰρῆσθαι
3221 1320 3310 1375 διὰ
3355 1319 3464 1373 τῶν
3501 1334 3715 1390 προφη-

446 1422 562 1483 Ιοε,
596 1417 816 1487 annon?
859 1416 1068 1473 Maced.
1126 1417 1248 1473 Aio.
1287 1417 1439 1474 Orth.
1475 1417 1616 1488 Ergo
1643 1416 1879 1487 Spiritus
1930 1420 2009 1486 qu‘

2132 1421 2240 1475 τῶν
2282 1421 2377 1473 καὶ
2420 1420 2529 1473 τῶν
2570 1418 2905 1482 ἀποστόλων,
2937 1417 2972 1489 ἢ
3002 1415 3061 1470 οῦ
3089 1433 3104 1482 ;
3135 1408 3357 1468 Μακεδ.
3392 1411 3522 1464 Ναί.
3556 1410 3712 1477 Ὀρθ.

444 1526 537 1568 eos
595 1509 795 1564 aﬂlavit
856 1508 1000 1564 Deus
1056 1515 1163 1564 est.
1223 1508 1433 1565 Maced.
1497 1510 1655 1566 Absit
1684 1516 1745 1564 ut
1804 1508 1909 1563 hoc
1938 1507 2009 1563 di-

2132 1511 2263 1577 Θεὸς
2287 1514 2395 1586 ἁρα
2422 1516 2484 1568 τὸ
2514 1513 2828 1584 ὲμπνεῦσαν
2855 1510 3051 1572 αὐτοὺς
3090 1505 3336 1568 Πνεῦμα.
3366 1501 3594 1559 Μακεδ.
3622 1500 3718 1570 Μὴ

442 1615 560 1655 cam
590 1602 604 1654 !
640 1598 795 1654 Orth.
838 1598 895 1653 Si
927 1597 1227 1670 Scripturae
1253 1601 1321 1655 ab
1355 1600 1476 1670 ipso
1508 1599 1808 1669 inspirata),
1842 1608 2009 1654 sunt:

2128 1607 2338 1676 γένοιτο
2384 1610 2586 1662 εἰπεῖνῐ
2642 1609 2796 1675 Ὀρθ.
2867 1607 2931 1659 Εἰ
2984 1605 3042 1659 αἱ
3103 1601 3450 1656 πνευσθεῖσαι
3495 1596 3717 1668 Γραφαὶ

442 1689 553 1745 Deo
583 1690 881 1760 inspirata},
911 1690 1044 1759 quid
1077 1691 1227 1745 aliud
1257 1690 1503 1761 Spiritus
1527 1690 1616 1745 ille
1661 1689 1825 1745 fuerit
1858 1703 2009 1760 quau

2130 1701 2258 1772 παρ’
2296 1700 2461 1754 αὐτοῦ
2517 1696 2863 1753 θεόπνευστοί
2909 1697 3069 1756 εἰσιν,
3118 1693 3170 1746 τί
3211 1692 3275 1746 ἂν
3328 1690 3457 1744 ἄλλο
3508 1690 3597 1758 εἴη
3654 1686 3717 1740 τὸ

442 1781 624 1838 Deus?
682 1780 893 1837 Maced.
935 1780 1174 1853 Spiritus
1222 1784 1313 1838 ille
1364 1783 1525 1839 nobis
1583 1782 2009 1838 subministravit

2127 1791 2350 1862 Πνεῦμα
2380 1791 2414 1862 ἢ
2442 1790 2608 1856 Θεός;
2646 1787 2869 1844 Μακεδ.
2905 1788 3017 1856 Τὴν
3060 1783 3154 1837 τοῦ
3193 1782 3329 1836 Θεοῦ
3363 1779 3716 1834 διδασκαλίαν

441 1872 536 1928 Dei
571 1873 903 1940 doctrinam,
934 1889 1056 1944 quae
1080 1874 1286 1930 idcirco
1309 1873 1512 1929 dicitur
1533 1889 1562 1927 a
1594 1872 1702 1929 Deo
1732 1874 2009 1944 inspirata.

2122 1882 2437 1954 διηκόνησεν
2488 1884 2640 1953 ἡμῖν,
2683 1882 2776 1933 καὶ
2823 1877 2911 1931 διὰ
2960 1875 3119 1929 τοῦτο
3157 1874 3295 1945 αὑτὴ
3327 1875 3361 1944 ἡ
3391 1869 3717 1925 διδασκαλία

444 1966 598 2023 Orth.
626 1965 711 2021 An
744 1982 895 2030 vero,
926 1967 1182 2037 quoniam
1233 1966 1591 2021 sanctiﬁcatio
1619 1982 1726 2037 qua
1756 1982 1857 2022 nos
1899 1967 2009 2036 Spi-

2122 1974 2474 2038 θεόπνευστος
2506 1973 2742 2041 λέγεται.
2775 1974 2929 2040 Ὀρθ.
2967 1967 3187 2039 Ἐπειδὴ
3216 1966 3308 2019 ml
3352 1965 3381 2017 6
3416 1962 3714 2032 ἁγιασμὸς,

441 2060 582 2115 ritus
602 2052 782 2114 etiam
805 2059 1136 2123 sanctiﬁcat,
1168 2066 1252 2114 est
1282 2058 1376 2113 Dei
1404 2058 1785 2125 sanctiﬁcatio,
1815 2058 2009 2114 idcirco

2119 2067 2178 2121 ὃν
2210 2064 2427 2135 ἁγιάζει
2477 2066 2572 2120 καὶ
2589 2046 2756 2136 ’ἡμᾶς
2788 2063 2849 2116 τὸ
2890 2060 3135 2131 Πνεῦμα,
3178 2055 3314 2112 Θεοῦ
3359 2059 3508 2110 ἐστιν
3549 2056 3716 2122 ἁγια-

442 2166 552 2207 non
581 2161 666 2207 εει
695 2151 765 2207 ab
794 2151 914 2222 ipso
945 2148 1185 2222 Spiritus
1215 2150 1617 2206 sanctificatio?
1642 2148 1849 2205 Haced.
1876 2148 2020 2204 Sane

448 2250 540 2300 est
566 2242 732 2299 etiam
762 2242 831 2297 ab
862 2241 982 2312 ipso
1015 2240 1219 2311 Spiritu
1267 2242 1644 2297 sanctiﬁcatio.
1681 2241 1831 2297 Orth.
1866 2239 2020 2295 Sicut

440 2347 571 2404 ergo
602 2331 967 2388 sanctiﬁcatio
1003 2338 1087 2387 est
1118 2347 1148 2385 a
1188 2330 1372 2396 Patre,
1397 2330 1557 2398 Filio,
1579 2341 1633 2387 et
1657 2330 1863 2402 Spiritu
1890 2346 2019 2387 san-

2120 2160 2276 2232 σμὸς,
2303 2161 2404 2213 οὐκ
2442 2157 2589 2211 ἔστιν
2635 2155 2799 2210 αὐτοῦ
2845 2153 2939 2208 τοῦ
2985 2150 3301 2221 Πνεῦματος
3336 2151 3364 2203 6
3397 2148 3715 2217 ἁγιασμόςς

2118 2252 2339 2308 Μακεδ.
2368 2252 2497 2316 Ναὶ,
2526 2250 2621 2304 καὶ
2647 2246 2810 2303 αὐτοῦ
2841 2246 2933 2300 τοῦ
2964 2243 3281 2314 Πνεύματός
3307 2242 3455 2294 ἐστιν
3489 2241 3519 2292 6
3554 2240 3717 2307 ἁγια-

2119 2342 2273 2414 σμός.
2308 2341 2463 2409 Ὀρθ.
2497 2339 2705 2408 Ὥσπερ
2757 2330 2853 2389 οὖν
2907 2335 2936 2387 6
2996 2331 3269 2402 ἁγιασμὸς
3320 2329 3558 2400 Πατρὸς,
3614 2327 3714 2381 καὶ

2116 2436 2269 2502 Υίοῦ,
2301 2435 2395 2489 καὶ
2424 2433 2582 2502 ἁγίου
2613 2428 2929 2502 Πνεῦματός
2977 2427 3146 2489 ἐστιν,
3180 2422 3353 2487 οὕτως
3391 2421 3487 2475 καὶ
3514 2423 3550 2492 ἡ
3590 2420 3713 2473 Θεία

2116 2526 2155 2578 Γ
2160 2527 2325 2598 ραφή.
2367 2526 2434 2578 Ἦ
2461 2523 2640 2577 τοίνυν
2674 2517 2992 2574 διδασκαλία
3033 2515 3268 2586 Πατρὸς,
3296 2513 3391 2567 καὶ
3427 2511 3586 2575 Υἰοῦ,
3614 2510 3709 2564 καὶ

2113 2618 2270 2686 ἁγίου
2298 2613 2613 2685 Πνεύματός
2644 2615 2811 2666 ἐστιν.
2841 2609 3205 2670 Θεόπνευστος
3227 2605 3285 2659 δὲ
3305 2606 3339 2676 ὴ
3355 2602 3552 2676 Γραφὴ
3576 2605 3708 2672 ὁμο·

2111 2707 2348 2777 λογεῖται
2390 2704 2545 2777 παρὰ
2580 2703 2658 2775 τῷ
2708 2702 2850 2772 ἁγίῳ
2897 2698 3131 2769 Παύλῳ·
3168 2696 3301 2760 Θεὸς
3338 2696 3448 2766 ἄρα
3487 2694 3703 2765 Πατὴρ,

437 2810 552 2850 rem
582 2795 745 2850 etiam
775 2793 981 2848 dictum
1021 2801 1107 2849 est
1137 2794 1282 2863 apud
1314 2793 1616 2864 prophetas
1643 2812 1658 2849 :
1693 2811 1712 2844 ι
1748 2791 1816 2847 Et
1851 2799 2009 2848 erunt

2111 2800 2206 2853 καὶ
2238 2799 2385 2864 Υἱὸς,
2429 2799 2523 2851 καὶ
2555 2795 2706 2865 ἁγιον
2738 2791 2982 2863 Πνεῦμα.
3019 2789 3117 2843 Διὸ
3159 2788 3254 2843 καὶ
3295 2788 3512 2858 εἴρηται
3552 2783 3704 2855 παρὰ

438 2900 629 2940 omnes
654 2885 801 2940 docti
829 2898 859 2938 a
891 2883 1002 2939 Deo
1024 2885 1092 2939 ".
1133 2905 1153 2938 ι
1187 2882 1395 2939 Maced.
1444 2884 1708 2953 Quisquis
1744 2882 1948 2939 dicitur
1980 2898 2009 2938 a

2110 2893 2222 2954 τοῖς
2245 2889 2552 2961 προφήταις
2566 2904 2580 2918 ⁸
2608 2906 2625 2937 ι
2651 2885 2763 2940 Kal
2782 2883 2996 2937 ἔσονται
3017 2881 3219 2942 πάντες
3242 2877 3482 2932 διδακτοὶ
3504 2875 3664 2930 Θεοῦ.
3678 2893 3698 2926 ι

436 2974 621 3040 Patre,
648 2982 879 3030 vocatur
910 2974 1107 3030 doctus
1149 2989 1180 3028 a
1220 2974 1350 3030 Deo.
1386 2974 1540 3029 Orth.
1574 2973 1729 3028 Sicut
1761 2974 1854 3044 qui
1884 2988 2009 3029 san-

2113 2980 2333 3037 Μακεδ.
2386 2982 2502 3043 Πᾶς
2552 2981 2581 3033 6
2638 2975 2826 3049 μαθὼν
2867 2975 3018 3046 παρὰ
3058 2972 3153 3027 τοῦ
3198 2971 3413 3042 Πατρὸς
3456 2967 3703 3031 διδακτὸς

437 3067 712 3122 ctiﬁcatur
734 3081 763 3119 a
789 3065 953 3122 Patre
984 3073 1037 3120 et
1080 3064 1238 3128 Filio,
1275 3065 1653 3121 sanctiﬁcatur
1681 3080 1901 3137 quoque
1932 3065 2006 3120 si-

2110 3073 2239 3127 Θεοῦ
2271 3071 2478 3126 ἀκούει.
2510 3070 2657 3137 Ὀρθ.
2691 3069 2902 3138 ’Ὠσπερ
2945 3067 2973 3118 6
3015 3061 3376 3133 ἁγιαζόμενος
3424 3058 3579 3132 παρὰ
3604 3058 3699 3112 τοῦ

437 3158 639 3213 militer
671 3173 701 3212 a
737 3156 943 3228 Spiritu
980 3163 1173 3212 sancto
1207 3172 1220 3208 :
1250 3157 1324 3210 ita
1351 3157 1445 3226 qui
1480 3156 1672 3211 didicit
1704 3172 1736 3210 a
1762 3154 1948 3221 Patre,
1977 3170 2008 3210 a

2112 3165 2322 3236 Πατρὸς
2394 3162 2489 3216 καὶ
2563 3159 2717 3223 Υῐοῦ,
2775 3157 3058 3228 ἁγιάζεται
3146 3154 3348 3226 ὁμοίως
3402 3154 3502 3207 καὶ
3551 3151 3701 3223 παρὰ

435 3245 575 3303 Filio
607 3263 825 3318 quoque
854 3247 1039 3310 discit,
1071 3253 1126 3302 et
1152 3261 1184 3300 a
1219 3245 1431 3316 Spiritu
1456 3253 1649 3302 sancto
1692 3265 1705 3300 :
1739 3245 2009 3316 siquidem

2110 3254 2201 3309 τοῦ
2234 3254 2579 3324 Πνεύματος·
2617 3250 2791 3313 οὕτως
2831 3252 2860 3303 6
2909 3245 3093 3320 μαθὼν
3140 3245 3289 3317 παρὰ
3343 3244 3560 3315 Πατρὸς
3605 3243 3701 3296 καὶ

435 3354 559 3395 cum
586 3339 784 3394 dixerit
820 3337 1072 3394 Christus
1102 3356 1117 3393 :
1145 3356 1163 3390 ι
1200 3335 1320 3392 Non
1353 3352 1450 3393 vos
1492 3338 1626 3394 estis
1683 3337 1777 3408 qui
1827 3337 2007 3407 loqui-

2110 3347 2263 3413 Υίοῦ,
2302 3347 2397 3400 καὶ
2446 3346 2601 3414 ἁγίου
2648 3342 2967 3414 Πνεῦματος
3017 3338 3308 3412 μανθάνει·
3359 3337 3557 3408 ἀμέλει
3602 3335 3697 3390 τοῦ

436 3433 591 3495 mini,
621 3432 713 3489 sed
747 3431 986 3502 Spiritus
1014 3430 1196 3487 Patris
1221 3431 1409 3496 vestri,
1431 3432 1527 3501 qui
1559 3431 1802 3501 loquitur
1832 3431 1886 3485 in
1912 3446 2009 3486 vo-

2110 3437 2343 3510 Χριστοῦ
2376 3436 2656 3508 εἰρηκότος
2676 3475 2692 3500 ,
2736 3435 2817 3488 ὅτι
2862 3453 2880 3486 ι
2914 3433 3028 3486 Οὐκ
3058 3432 3182 3485 ἐστὲ
3210 3432 3370 3502 ὑμεῖς
3395 3432 3447 3483 οἱ
3473 3428 3702 3482 λαλοῦν-

435 3525 521 3580 bis
545 3525 610 3580 ’³.
650 3544 669 3577 ι
704 3521 940 3580 Sanctus
971 3523 1172 3578 Paulus
1202 3522 1373 3577 dicit:
1403 3540 1423 3575 ι
1452 3521 1534 3576 An
1572 3523 2008 3591 experimentum

2110 3548 2218 3595 τες,
2246 3528 2380 3584 ἁλλὰ
2419 3529 2481 3582 τὸ
2522 3526 2747 3598 Πνεῦμα
2776 3524 2870 3579 τοῦ
2898 3525 3110 3597 Πατρὸς
3141 3523 3295 3594 ὑμῶν
3326 3522 3387 3576 τὸ
3414 3521 3611 3576 λαλοῦν
3641 3522 3699 3573 ἐν

435 3615 683 3686 quaeritis
732 3615 853 3685 ejus
885 3614 980 3684 qui
1014 3614 1256 3684 loquitur
1286 3614 1343 3668 in
1374 3628 1462 3668 me
1492 3613 1698 3668 Christi
1728 3613 1817 3667 "7
1850 3633 1869 3666 ι
1898 3612 2009 3669 Au-

2110 3625 2259 3693 ὑμῖν,
2296 3641 2315 3675 ι
2351 3622 2381 3673 6
2422 3621 2575 3690 ἁγιος
2612 3619 2825 3682 Παῦλος
2874 3617 3056 3686 λέγει’
3119 3615 3252 3685 (ΞἮ
3306 3615 3537 3685 δοκιμὴν
3584 3612 3697 3685 (ει)

434 3708 518 3763 dis
542 3706 745 3761 Christi
771 3706 1077 3761 doctrinam
1098 3721 1221 3761 esse
1238 3720 1302 3762 ea
1325 3721 1446 3776 qua:
1467 3706 1707 3776 loquitur
1727 3704 1965 3777 Spiritus
1989 3724 2004 3761 :

2110 3713 2322 3785 ζητεῖτε
2347 3712 2438 3767 τοῦ
2473 3714 2530 3766 ἐν
2563 3714 2687 3783 ἐμοὶ
2727 3711 3014 3774 λαλοῦντος
3043 3707 3318 3780 Χριστοῦξ
3362 3727 3381 3760 ι
3427 3706 3695 3770 Ἀκούεις,

434 3808 487 3855 ει
532 3800 710 3854 Patris
739 3799 1045 3853 doctrinam
1076 3813 1219 3862 esse,
1256 3813 1321 3854 ea
1355 3814 1477 3868 quae
1506 3797 1761 3853 Christus
1788 3807 1842 3854 et
1880 3798 2007 3868 Spi-

2110 3804 2189 3858 ὅτι
2228 3803 2264 3858 ἁ
2307 3803 2457 3857 λαλεῖ
2499 3803 2560 3856 τὸ
2600 3801 2843 3872 Πνεῦμα,
2875 3797 3110 3872 Χριστοῦ
3156 3797 3475 3852 διδασκαλία
3512 3797 3695 3850 ἐστίν·

2108 3896 2204 3952 καὶ
2233 3896 2270 3950 ἁ
2300 3895 2448 3948 λαλεῖ
2495 3893 2731 3965 Χριστὸς
2764 3894 2857 3946 καὶ
2896 3893 2958 3946 τὸ
2998 3890 3254 3960 Πνεῦμα,
3296 3889 3514 3960 Πατρὸς
3552 3888 3696 3942 διδα-

2110 3986 2306 4042 σκαλία
2335 3985 2503 4039 ἐστίν.
2552 3986 2617 4037 Et
2649 3983 2706 4036 δὲ
2762 3982 2942 4046 τοῦτο,
2994 3980 3102 4051 ἄρα
3146 3980 3182 4034 ἁ
3215 3979 3365 4032 λαλεῖ
3402 3981 3434 4031 6
3478 3978 3693 4049 Πατὴρ,

2108 4076 2203 4131 καὶ
2259 4078 2288 4130 6
2334 4075 2480 4140 Υἱὸς,
2538 4074 2631 4128 καὶ
2679 4074 2741 4127 τὸ
2795 4070 3040 4143 Πνεῦμα,
3091 4070 3446 4134 θεόπνευστος
3494 4070 3692 4143 Γραφῇ

501 4244 593 4299 2‘2.
627 4243 839 4299 Maced.
871 4245 1005 4299 Cum
1041 4257 1174 4314 ergo
1205 4242 1338 4297 dicit
1370 4241 1533 4298 Pater
1560 4284 1576 4308 ,
1608 4261 1628 4295 ‹
1668 4241 1770 4297 Hic
1793 4249 1877 4298 est
1914 4240 1997 4297 Fi-

2306 4255 2529 4311 Μακεδ.
2561 4256 2730 4309 Ὅταν
2776 4250 2871 4309 οῦν
2926 4254 3059 4326 λέγῃ
3105 4255 3135 4307 6
3180 4253 3398 4325 Πατήρ·
3458 4271 3479 4304 r
3522 4251 3696 4317 Ουτός

434 4338 541 4392 lius
567 4353 718 4391 meus
740 4337 995 4399 dilectus,
1025 4338 1078 4390 in
1100 4351 1210 4407 quo
1232 4336 1362 4390 mihi
1396 4337 1533 4391 bene
1554 4335 1857 4406 complacui
1885 4337 1952 4400 ",
1980 4355 1997 4386 ι

2110 4350 2255 4404 ἐστιν
2271 4351 2299 4402 6
2315 4348 2443 4412 Υἱός
2467 4365 2567 4418 μου
2593 4350 2621 4401 ὁ
2646 4346 2948 4417 ἀγαπητὸς,
2971 4347 3027 4398 ἐν
3054 4339 3098 4412 ᾧ
3122 4345 3454 4417 ηὐδόκησαν»
3472 4344 3693 4418 Πατὴρ,

431 4430 539 4485 hoc
567 4428 700 4482 dicit
734 4428 917 4492 Pater,
946 4427 1139 4492 Filius,
1175 4435 1229 4482 et
1268 4426 1507 4497 Spiritus
1545 4437 1795 4483 sanctus.
1844 4428 1998 4482 Orth.

2110 4440 2198 4496 καὶ
2230 4438 2378 4502 Υἱὸς,
2405 4414 2499 4492 καὶ
2532 4414 2704 4505 ἅγιον⁷
2726 4414 2950 4506 Πνεῦμα
2983 4414 3154 4488 τοῦτο-
3177 4414 3345 4503 λέγει.
3387 4436 3540 4501 Ὀρθ.
3572 4414 3694 4487 Εἰιτἶ

434 4520 690 4587 Quaedam
713 4526 839 4575 sunt
867 4534 1026 4574 voces
1048 4520 1279 4589 propria:
1300 4518 1502 4584 Patris,
1527 4529 1579 4575 et
1604 4520 1850 4590 quaedam
1877 4534 1978 4590 pro

2110 4532 2284 4600 φωναὶ
2337 4530 2465 4583 ῐδιαι
2512 4528 2606 4582 τοῦ
2653 4527 2886 4599 Πατρὸς,
2924 4529 3015 4581 καὶ
3060 4527 3168 4580 εισι
3217 4526 3391 4594 φωναὶ
3426 4526 3559 4580 ἴδιαι
3602 4526 3693 4579 τοῦ

2107 4622 2260 4689 Υἱοῦ,
2289 4623 2385 4675 καὶ
2412 4621 2518 4675 εἰσὶ
2562 4622 2736 4691 φωναὶ
2764 4621 2891 4674 ῐδιαι
2936 4619 3027 4674 τοῦ
3062 4618 3413 4690 Πνεύματος’
3447 4620 3546 4674 καὶ
3588 4620 3696 4672 εἰσὶ

2107 4717 2284 4770 κοιναὶ
2316 4714 2551 4786 Πατρὸς,
2606 4714 2758 4777 Υίοῦ,
2792 4714 2886 4767 καὶ
2940 4714 3094 4782 ἁγίου
3151 4713 3487 4783 Πνεύματος.
3522 4714 3695 4768 Ὅταν

2106 4801 2198 4861 οῦν
2221 4806 2355 4878 λέγῃ
2384 4805 2496 4876 (55)
2529 4806 2558 4858 6
2582 4804 2793 4876 Πατὴρ,
2817 4805 2893 4868 ὡς
2927 4803 3211 4874 προλαϐὼν
3239 4806 3501 4874 εἴρηκας,
3537 4824 3557 4854 ι
3589 4798 3697 4858 Οὗ-

2105 4897 2197 4961 τός
2229 4899 2375 4950 ἐστιν
2401 4897 2429 4948 ό
2460 4896 2587 4960 Υἱός
2618 4914 2719 4967 μου
2748 4897 2777 4948 ὁ
2813 4895 3119 4966 ἀγαπητὸς,
3146 4896 3204 4949 ἐν
3251 4888 3295 4962 ᾧ
3324 4895 3631 4966 ηὐδόκησα,
3671 4915 3691 4947 ›

429 4976 569 5033 bene
596 4979 924 5044 complacui,
965 4998 984 5029 ι
1026 4979 1140 5035 haec
1178 4987 1264 5034 est
1294 4980 1470 5050 ipsius
1501 4979 1679 5036 Patris
1711 4998 1836 5038 vox.
1867 4984 2000 5039 Item

2110 4988 2271 5041 αὐτοῦ
2299 4986 2392 5041 τοῦ
2422 4987 2632 5058 Πατρός
2661 4988 2777 5039 ἐστι
2809 4987 2980 5057 φωνή.
3010 4986 3118 5038 Καὶ
3146 4985 3345 5055 ὁμοίως
3370 4986 3501 5038 ὅταν
3524 4985 3694 5056 λέγῃ,

429 5085 554 5123 cum
588 5069 814 5139 inquit,
852 5089 871 5121 ι
909 5069 1049 5126 Ecce
1093 5087 1228 5141 puer
1277 5089 1432 5128 meus
1483 5075 1736 5140 dilectus,
1786 5078 1841 5132 in
1893 5092 2002 5147 quo

2112 5097 2133 5130 ι
2171 5078 2303 5132 Ἰδοὺ
2343 5080 2371 5132 6
2415 5080 2551 5140 Παῖς
2586 5095 2687 5148 μου
2728 5079 2757 5129 ὁ
2805 5077 3108 5149 ἀγαπητὸς,
3139 5079 3197 5130 ὲν
3243 5070 3288 5145 ᾧ
3331 5076 3627 5149 εὐδόκησεν
3658 5080 3691 5149 ἡ

429 5160 762 5230 complacuit
816 5161 1002 5216 anima
1047 5178 1167 5219 mea
1206 5182 1219 5217 :
1256 5180 1455 5235 ponam
1508 5165 1775 5238 Spiritum
1830 5185 2009 5225 meum

2110 5171 2238 5241 [ιυχή
2285 5186 2419 5241 μου·
2456 5168 2605 5239 θήσω
2636 5169 2697 5222 τὸ
2736 5168 2961 5241 Πνεῦμά
3014 5187 3114 5242 μου
3162 5170 3249 5223 ἐπ’
3293 5170 3491 5224 αὐτόν·
3536 5190 3557 5224 ι
3594 5170 3691 5223 καὶ

439 2434 563 2491 cto;
594 2425 671 2479 ita
691 2432 745 2480 et
777 2438 934 2480 sacra
970 2422 1279 2493 Scriptura.
1310 2424 1566 2479 Doctrina
1595 2424 1762 2495 igitur
1790 2432 1876 2481 est
1912 2423 2018 2478 Pa-

439 2517 565 2581 tris,
608 2515 757 2583 Filii,
792 2528 843 2571 et
877 2514 1117 2587 Spiritus
1145 2517 1343 2572 sancti.
1379 2518 1449 2569 At
1482 2515 1823 2586 Scripturam
1853 2515 2018 2586 proﬁ-

440 2620 584 2668 tetur
610 2621 835 2669 sanctus
865 2610 1069 2668 Paulus
1105 2626 1229 2666 esse
1256 2626 1285 2664 a
1316 2609 1425 2666 Deo
1459 2611 1779 2681 inspiratam
1819 2629 1833 2665 :
1872 2610 2016 2667 lleus

438 2709 523 2760 est
543 2704 707 2775 igitur
727 2702 909 2770 Pater,
930 2701 1106 2758 Filius
1131 2711 1186 2757 et
1206 2700 1444 2772 Spiritus
1465 2709 1718 2758 sanctus.
1738 2700 2014 2768 Quamob-

434 3892 572 3945 ritus
596 3891 913 3960 loquuntur.
940 3889 1096 3955 Quod
1120 3889 1166 3945 si
1188 3889 1264 3943 ita
1288 3897 1392 3956 est,
1414 3904 1536 3959 qua:
1564 3890 1804 3957 loquitur
1822 3888 2005 3953 Pater,

432 3989 486 4036 et
513 3974 707 4046 Filius,
735 3988 789 4036 ει
821 3978 1060 4050 Spiritus
1091 3994 1337 4043 sanctus,
1370 3986 1500 4035 sunt
1532 3978 1817 4051 Scriptura
1845 3994 1876 4034 a
1895 3977 2006 4035 Deo

433 4072 719 4144 inspirata.

432 4612 566 4681 priae
587 4624 750 4665 voces
770 4609 915 4674 Filii,
941 4619 995 4665 et
1013 4611 1259 4680 quaedam
1282 4627 1445 4667 voces
1467 4611 1706 4682 Spiritus
1722 4612 1989 4682 propriae:

429 4711 560 4759 sunt
601 4709 655 4758 et
694 4701 941 4771 quaedam
967 4702 1134 4767 Patri,
1166 4712 1219 4757 et
1251 4702 1411 4769 Filio,
1447 4712 1502 4759 et
1538 4703 1770 4775 Spiritui
1809 4712 2005 4761 sancto

430 4808 771 4849 communes.
808 4792 943 4846 Cum
972 4795 1156 4863 igitur,
1186 4801 1246 4848 ut
1287 4802 1345 4849 tu
1396 4797 1550 4866 prius
1596 4798 1803 4861 dixisti,
1849 4798 2007 4854 Pater

430 4884 648 4954 inquit,
683 4903 702 4935 ι
741 4883 841 4940 Hic
870 4892 956 4940 est
979 4884 1150 4941 Filius
1173 4903 1328 4942 meus
1366 4888 1619 4953 dilectus,
1647 4890 1703 4943 in
1728 4905 1837 4959 quo
1865 4890 2000 4944 mihi

406 5360 412 5391 δ
498 5314 542 5345 ³³
583 5314 744 5370 Rom.
780 5332 885 5382 xv,
919 5318 1021 5384 18,
1059 5319 1148 5375 19.
1224 5321 1268 5352 ³³
1305 5320 1408 5376 lsa.
1442 5338 1551 5388 Ltv,
1589 5323 1675 5379 15.
1752 5325 1799 5356 ’³
1836 5324 2003 5379 Matth

2113 5365 2128 5391 ,
2163 5326 2257 5379 20.
2332 5324 2377 5357 “
2419 5323 2461 5377 ll
2494 5323 2624 5379 Cor.
2661 5340 2791 5391 xm,
2823 5324 2877 5381 5.
2955 5325 3000 5360 ³⁸
3040 5324 3230 5382 Matth.
3265 5341 3367 5392 tu,
3402 5327 3491 5382 i7.

405 5406 411 5445 1

406 5452 610 5575 2.33)
647 5469 780 5575 P232
801 5471 1000 5575 “iiii”:
1054 5474 1105 5526 ίη
1131 5475 1291 5575 ait“
1336 5476 1536 5547 ιεείίιπ
1563 5476 1691 5575 ita“
1713 5476 1807 5531 τοῦ
1831 5478 2000 5532 Πνεῦ-

2110 5477 2330 5575 Εραφὰὶς
2356 5477 2960 5575 Ωθεὲπῖεύξτους.λέγευ
3008 5479 3214 5547 Παῦλος
3255 5481 3288 5552 ἢ
3320 5481 3420 5550 οὖ;
3456 5483 3685 5541 Μαεδ.

2106 5548 2232 5602 Ναί.
2272 5552 2404 5616 Ορθ.
2433 5550 2564 5612 Θεὸς
2595 5548 2722 5620 ἄρα,
2754 5557 2859 5604 etc.
2886 5548 2893 5551 ⁷
3275 5548 3288 5552 ⁷
3406 5548 3415 5550 ’

2328 5619 2523 5698 Palat,
2557 5621 2620 5698 Et
2644 5620 2909 5698 δοέιιμήν.⁵
2934 5620 3073 5677 Editt
3103 5637 3250 5688 vero,
3283 5623 3356 5678 Ἥ
3384 5624 3620 5698 δοκιμήν

2177 5689 2288 5759 (53)
2328 5687 2525 5755 Palat.,
2560 5689 2666 5749 Καὶ
2697 5687 3005 5764 ὅτανλέγῃ.

406 5534 602 5609 ξματος
630 5581 644 5603 ,
687 5542 783 5595 sed
818 5534 929 5595 lucc
960 5544 1158 5597 desunt
1185 5546 1238 5597 in
1274 5534 1418 5601 mss?
1440 5548 1715 5602 munibus.

403 5582 607 5688 Ιξῖὲἷ)
630 5582 786 5688 ’ξέἷέζ
804 5582 1306 5688 ‘655."1§Z{;}_'5E¢2
1312 5582 1489 5680 ’ὂέ’ίὲ
1496 5582 1752 5688 ’ίζὲἔξξιέ
1783 5618 1945 5685 Λέγει
1971 5619 1999 5671 6

423 5672 681 5748 Παῦλοςῆ
706 5677 797 5745 0’5;
825 5672 1044 5736 Μαι-κδ.
1069 5672 1202 5737 Ναί.
1239 5672 1381 5753 ’ὁρθ.
1411 5672 1824 5752 τὰῡτᾶξδέτδκ
1851 5672 2000 5752 θείας
