3850 6226
132 205 160 261 1
173 205 294 265 25⁷
1174 204 1259 258 DE
1295 204 1569 260 SANCTA
1609 204 1765 260 TRIE

1865 203 1991 259 ATE
2028 201 2276 259 DIALOG
2286 202 2373 258 US
2410 201 2494 257 ΙΙΙ.
3281 203 3418 258 Η.ὅὸ

169 341 273 380 σαι
301 323 567 386 τοιαῦται,
605 322 770 378 αὐτοῦ
820 323 914 376 τοῦ
949 323 1158 393 Πατρός
1208 326 1344 377 εἰσιν
1390 325 1536 379 ἴδιαι.
1569 325 1734 377 Ὅταν

1873 339 2004 392 uper
2035 325 2210 392 ipsum
2243 325 2311 386 ’⁸,
2375 341 2391 372 ι
2437 329 2489 376 et
2524 318 2731 375 similes
2763 319 2879 372 aliae
2903 303 3082 382 voces,
3116 320 3289 390 ipsius
3314 321 3420 375 Pa-

129 415 198 467 δὲ
227 413 368 485 λέγῃ
397 413 509 484 (56)
532 417 559 467 6
584 413 731 478 Υἱὸς,
778 433 795 464 ‹
837 414 1069 482 Ὠρυξαν
1102 414 1287 486 χεῖράς
1321 433 1422 485 μου
1451 416 1544 468 καὶ
1568 415 1731 479 πόδας

1865 417 1939 470 ris
1975 424 2102 469 sunt
2130 415 2383 483 propria}.
2416 413 2482 464 At
2525 427 2650 464 cum
2681 411 2813 464 dicit
2843 410 3035 478 Filius,
3087 431 3106 462 ‹
3143 411 3419 468 Foderunt

137 519 280 572 μου,
330 522 347 554 ι
387 504 476 556 καὶ
512 505 634 558 ὅσαι
672 503 934 566 τοιαῦται,
968 505 1060 558 τοῦ
1106 507 1342 577 Χριστοῦ
1380 509 1486 560 εἰσι
1537 508 1728 576 φωναί.

1865 524 2035 562 uanus
2065 522 2212 562 meas
2238 515 2291 560 et
2321 506 2484 574 pedes
2509 518 2658 558 meos
2687 504 2753 568 ³⁷,
2793 523 2810 555 ι
2845 509 2898 559 ct
2920 503 2966 558 si
2990 518 3110 573 quae
3138 511 3266 558 sunt
3297 505 3420 559 alias

1840 601 2066 664 similes,
2101 598 2306 654 Christi
2343 605 2471 653 sunt
2499 611 2683 652 voces.
2717 596 2795 650 Ita
2816 597 2976 650 etiam
3001 597 3248 666 quaedam
3291 603 3421 652 sunt

1843 692 2080 762 Spiritus
2137 693 2370 760 pr0prize
2421 705 2616 752 voces,
2667 697 2727 743 ut
2781 705 2904 744 cum
2970 691 3105 744 dicit
3151 689 3416 759 Agabus:

1848 802 1865 833 ι
1898 781 2021 836 Haec
2037 782 2170 836 dicit
2200 781 2435 851 Spiritus
2461 790 2718 836 sanctus:
2747 779 2902 834 Hunc
2930 781 3129 844 virum,
3154 779 3314 850 cujus
3338 786 3421 833 est

1843 875 1958 927 haec
2010 889 2168 934 zona,
2221 873 2302 927 sic
2349 874 2649 944 alligabunt
2690 875 2756 926 ³⁸.
2793 891 2811 924 ›
2857 870 3061 926 Omnes
3090 878 3270 924 autem
3305 871 3430 924 ista)

1845 981 2009 1021 voces
2045 966 2304 1020 dicuntur
2342 981 2371 1018 a
2411 965 2521 1019 Deo
2555 965 2861 1034 inspirata»),
2907 967 3167 1033 quoniam
3201 969 3255 1016 et
3298 976 3426 1031 qua:

1845 1055 2027 1112 Patris
2058 1067 2206 1120 sunt,
2240 1056 2330 1112 Dei
2365 1064 2493 1110 sunt
2516 1071 2678 1112 voces
2705 1075 2717 1109 :
2752 1064 2806 1111 et
2837 1071 2957 1124 quae
2998 1053 3118 1107 Filii
3147 1061 3296 1118 sunt,
3325 1053 3426 1108 Dei

144 1164 328 1218 ματος
380 1146 515 1200 Θεοῦ
549 1144 688 1201 εἶναι
720 1150 921 1217 φωνάς.
954 1149 1174 1203 Μακεδ.
1201 1150 1293 1222 Μὴ
1323 1151 1561 1219 γένοιτοί
1595 1151 1741 1218 Ὀρθ.

1865 1155 1979 1204 sunt
2018 1163 2178 1202 voces
2220 1167 2232 1202 :
2264 1157 2318 1202 et
2349 1163 2471 1216 qua:
2497 1145 2735 1215 Spiritus
2763 1154 2912 1208 sunt,
2944 1145 3039 1200 Dei
3081 1155 3210 1200 sunt
3235 1159 3422 1198 voces.

141 1238 368 1292 Οὐκοῦν
403 1239 523 1292 εἰπὲ
553 1238 664 1310 ('57)
711 1239 809 1304 τὰς
857 1241 956 1311 μὲν
1008 1237 1144 1293 εἶναι
1193 1240 1580 1304 θεοπνεύστους
1626 1240 1746 1309 (τὰς

1865 1239 2059 1293 llaced.
2087 1239 2274 1293 Absit!
2311 1237 2463 1292 Orth.
2499 1237 2596 1292 Dic
2627 1239 2791 1308 igitur
2815 1235 3082 1308 quasdam
3111 1235 3426 1304 Scripturas

139 1330 204 1383 δὲ
232 1328 357 1398 οὖ)·
391 1331 483 1384 καὶ
515 1330 726 1401 μέμψαι
763 1330 841 1401 τῷ
886 1332 1027 1402 ἁγίῳ
1083 1332 1278 1404 Παύλῳ
1323 1333 1592 1404 γράψαντι
1634 1335 1749 1387 θεο-

1865 1348 1973 1387 θεεθ
2007 1347 2037 1385 a
2072 1331 2180 1386 Deo
2213 1331 2528 1400 inspiratas,
2559 1330 2822 1400 quasdam
2859 1344 2986 1384 vero
3016 1344 3124 1382 non
3157 1328 3284 1382 item
3316 1345 3329 1381 :
3373 1333 3429 1381 et

143 1422 458 1485 πνεύστους
477 1421 577 1486 τὰς
605 1422 784 1485 πάσας
810 1422 1049 1494 Γραφάς.
1074 1424 1297 1478 Mam-:6.
1319 1421 1396 1477 Ἦ
1422 1421 1537 1488 οὖν,
1560 1425 1747 1496 ἐπειδή

1865 1423 2079 1478 Paulum
2111 1423 2325 1487 incusa,
2357 1422 2449 1490 qui
2482 1421 2797 1490 Scripturas
2831 1420 3112 1474 universas
3144 1432 3175 1471 a
3211 1416 3317 1472 Deo
3343 1417 3429 1470 in-

141 1531 279 1568 τινα
311 1515 530 1585 ῥήματα
576 1513 683 1567 τῶν
729 1515 897 1584 ἁγίων
963 1517 1101 1568 εἰσὶν
1157 1519 1214 1569 ἐν
1266 1517 1456 1581 αὑταῖς
1503 1517 1597 1570 καὶ
1643 1517 1752 1569 τῶν

1865 1518 2090 1585 spiratas
2109 1530 2231 1569 esse
2247 1515 2548 1583 scripserit.
2573 1511 2782 1568 Maced.
2812 1511 2951 1564 Num
2979 1512 3144 1581 igitur
3169 1510 3425 1580 quoniam

145 1606 372 1660 ἀσεϐῶν
399 1609 491 1660 καὶ
525 1609 864 1680 ἁμαρτωλῶν
905 1609 1228 1682 ἀνθρώπων,
1250 1610 1338 1663 διὰ
1367 1610 1523 1664 τοῦτο
1566 1611 1659 1664 καὶ
1705 1613 1752 1664 οἱ

1865 1607 1912 1660 in
1943 1604 2246 1675 Scripturis
2271 1613 2398 1659 sunt
2424 1603 2670 1674 quaedam
2712 1609 3030 1657 sanctorum
3061 1600 3250 1663 verba,
3279 1611 3428 1667 quae-

146 1699 379 1763 ἁσεὸεἰς
421 1701 512 1754 καὶ
559 1679 874 1774 ἁμαρτωλοὶ
925 1679 1035 1756 θεοί
1082 1705 1219 1757 εἰσιν
1244 1721 1258 1768 ;
1283 1704 1428 1772 Ὀρθ.
1473 1705 1632 1758 Ἀλλὰ
1656 1705 1750 1758 καὶ

1865 1699 1980 1754 dam
2004 1697 2168 1752 etiam
2192 1696 2485 1766 impiorum
2508 1705 2561 1749 et
2589 1694 2978 1748 sceleratorum
3003 1691 3312 1751 hominum,
3334 1689 3432 1742 im-

133 592 314 646 Οῦτω
347 595 438 646 καὶ
466 595 559 647 τοῦ
594 595 908 664 Πνεύματος
937 596 1065 649 ἴδιαί
1113 601 1218 650 εἰσι
1251 600 1423 668 φωναί
1443 617 1455 630 ο
1492 600 1567 662 ὡς
1609 601 1734 654 ὅταν

133 682 286 755 λέγῃ
322 686 350 736 6
378 685 643 752 Ἄγαϐος·
681 703 700 736 ‹
738 686 875 738 Τάδε
923 687 1069 756 λέγει
1101 689 1162 740 τὸ
1199 690 1425 760 Πνεῦμα
1454 691 1514 744 τὸ
1548 691 1733 758 ἆγιον’

136 775 254 826 Τὸν
308 775 478 846 ἄνδρα
524 776 740 840 τοῦτον,
800 774 861 829 οὒ
915 781 1062 831 ἐστιν
1103 783 1135 851 ἡ
1185 780 1329 852 ζώνη
1374 781 1536 852 αῦτη,
1565 783 1740 846 οὕτως

135 869 428 938 δήσουσιν.
467 889 487 920 ι
523 871 698 925 Πᾶσαι
738 870 794 924 δὲ
828 865 1022 938 αῦται,
1077 873 1421 928 θεόπνευστοι
1471 875 1738 943 λέγονται,

136 961 238 1016 διὰ
271 961 336 1014 τὸ
385 961 481 1015 καὶ
522 964 621 1026 τὰς
663 964 758 1017 τοῦ
802 965 1014 1037 Πατρὸς
1066 965 1200 1018 Θεοῦ
1234 961 1373 1020 εἶναι
1413 967 1616 1037 φωνὰς,
1649 968 1742 1019 καὶ

137 1054 249 1118 τὰς
283 1054 378 1108 τοῦ
410 1055 540 1108 Υίοῦ
589 1054 723 1109 Θεοῦ
772 1051 912 1110 εἶναι
945 1057 1147 1127 φωνὰς,
1195 1058 1288 1111 καὶ
1318 1057 1415 1121 τὰς
1453 1058 1547 1110 τοῦ
1573 1057 1743 1112 Ilvati-

147 1793 257 1855 τὰς
311 1792 404 1845 τοῦ
452 1795 666 1864 Πατρὸς
712 1795 897 1864 φωνὰς
944 1795 1173 1858 καὶτὰς
1217 1794 1311 1848 τοῦ
1354 1795 1484 1848 Υἰοῦ
1522 1796 1616 1848 κα)⁸
1651 1795 1750 1860 τὰς

148 1884 268 1938 τῶν
292 1886 484 1953 ἁγίων,
510 1887 604 1939 καὶ
636 1886 734 1949 τὰς
777 1887 884 1940 τῶν
928 1886 1138 1940 ἀσεϐῶν
1168 1888 1263 1939 καὶ
1302 1887 1662 1958 ἁμαρτωλῶν,
1690 1887 1751 1940 τὸ

153 1977 389 2047 Πνεῦμα
419 1977 507 2030 διὰ
540 1977 648 2030 τῶν
681 1977 975 2052 προφητῶν
1020 1980 1111 2031 καὶ
1143 1979 1454 2032 ἀποστόλων
1491 1979 1748 2050 ἔγραψεν.

154 2070 235 2123 Οὐ
269 2069 380 2140 γὰρ
412 2065 553 2140 ἦσαν
597 2071 751 2123 αὐτοὶ
796 2072 844 2123 οἰ
895 2069 1198 2134 λαλοῦντες,
1250 2069 1386 2123 ἀλλὰ
1422 2071 1482 2123 τὸ
1528 2069 1752 2141 Πνεῦμα

154 2161 254 2214 τοῦ
299 2161 530 2232 Πατρός.
579 2161 798 2216 Μακεδ.
836 2160 1016 2226 Δείξόν
1059 2179 1168 2232 μοι,
1214 2160 1316 2215 ποῦ
1351 2161 1596 2232 φανερῶς
1621 2162 1752 2226 Θεὸς

165 2256 387 2324 εἴρηται
421 2255 481 2307 τὸ
518 2254 742 2325 Πνεῦμα
767 2255 827 2308 τὸ
859 2255 1030 2323 ἅγιον.

230 2346 325 2400 ‘25.
363 2346 511 2415 ’0p0.
575 2347 888 2418 Ὀμολογεῖς
937 2349 1063 2412 ναὸς
1124 2346 1262 2402 εἶναι
1328 2347 1421 2401 τοῦ
1497 2349 1654 2416 Θεοῦ,
1717 2349 1750 2420 ἢ

159 2437 224 2490 οῦ
263 2437 372 2508 (58)
394 2455 407 2503 ;
427 2439 650 2492 Μακεδ.
673 2439 797 2492 Ναί.
825 2439 932 2492 Καὶ
952 2439 1058 2511 γὰρ
1081 2441 1290 2511 εἴρηται
1321 2441 1469 2510 παρά
1488 2441 1579 2493 τοῦ
1599 2441 1752 2510 ἁγίου

162 2527 400 2580 Παύλου·
446 2548 463 2578 ‹
504 2529 618 2582 Οὐκ
663 2529 862 2592 οἴδατε,
917 2530 998 2582 ὅτι
1047 2531 1116 2582 τὰ
1167 2529 1395 2600 σώματα
1443 2531 1596 2600 ὑμῶν
1628 2533 1754 2594 ναὸς

162 2620 262 2672 τοῦ
297 2623 354 2673 ὲν
389 2622 517 2691 ὑμῖν
565 2621 719 2690 ἁγίου
768 2621 1080 2691 Πνεῦματὸς
1129 2623 1296 2686 ἐστιν,
1341 2618 1400 2676 οῦ
1449 2624 1599 2693 ἔχετε
1648 2625 1756 2677 ἀπὸ

165 2709 339 2774 Θεοῦ;
381 2731 397 2761 ι
427 2711 573 2778 Ὀρθ.
609 2712 724 2774 Πᾶς
738 2711 795 2764 δὲ
827 2710 970 2773 ναὸς,
1006 2710 1140 2763 Θεοῦ
1165 2712 1292 2774 ναός
1318 2714 1464 2765 ἐστι’
1495 2713 1626 2776 Θεὸς
1649 2713 1756 2784 ἄρα

166 2802 230 2854 τὸ
255 2801 500 2872 Πνεῦμα.
532 2802 754 2856 Μακεδ.
787 2804 861 2856 Οὐ
891 2803 1035 2869 λέγω
1071 2801 1202 2856 Θεὸν
1231 2804 1291 2856 τὸ
1330 2804 1574 2874 Πνεῦμα.
1604 2805 1753 2873 Ὀρθ.

169 2892 383 2947 Οὐκοῦν
414 2893 535 2946 οὐδὲ
576 2895 639 2946 σὺ
679 2895 823 2956 ναός.
871 2894 1093 2948 Μακεδ.
1140 2896 1245 2948 Τοῦ
1280 2894 1414 2949 Θεοῦ
1462 2897 1588 2962 ναός
1618 2899 1752 2969 εἰμι.

184 2984 341 3052 Ὀρθ.
397 2983 502 3037 Τοῦ
557 2985 873 3056 Πνεύματος
922 2985 1024 3051 οῦ;
1078 2987 1298 3041 Μακεδ.
1361 2989 1470 3042 Ναὶ
1520 2989 1614 3042 καὶ
1661 2990 1756 3044 τοῦ
1790 3032 1830 3056 ,.

173 3071 515 3142 Πνεῦματος.
572 3075 720 3140 ’0p0.
783 3076 924 3147 Ἀρα
987 3076 1081 3130 καὶ
1146 3077 1372 3148 Πνεῦμα
1441 3079 1550 3151 ('59)
1610 3081 1760 3145 Θεός.

173 3162 400 3216 Μακεδ.
437 3163 653 3234 Ἐπειδὴ
692 3165 788 3217 καὶ
833 3164 1051 3232 ἄγγελοι
1081 3164 1302 3236 ᾤκησαν
1342 3169 1398 3219 ὲν
1431 3169 1543 3230 τοῖς
1568 3169 1764 3236 ἁγίοις.

176 3252 368 3324 ὥσπερ
412 3255 440 3306 6
485 3255 772 3326 προφήτης
810 3254 994 3324 λέγει·
1029 3276 1047 3308 ι
1087 3257 1224 3310 Τάδε
1253 3257 1398 3326 λέγει
1433 3259 1461 3310 6
1489 3258 1718 3328 ἄγγελος
1740 3261 1768 3313 6

177 3346 353 3398 λαλῶν
383 3347 439 3398 ἐν
462 3346 585 3416 ἐμοί
606 3364 618 3376 ο
661 3365 680 3397 ›
713 3346 801 3400 διὰ
832 3346 989 3400 τοῦτο
1021 3349 1116 3402 καὶ
1144 3350 1272 3412 τοὺς
1301 3349 1565 3418 ἀγγέλους
1613 3349 1768 3415 θεοὺς

180 3440 350 3508 λέγω;
382 3440 530 3508 Ὀρθ.
581 3440 694 3492 Οὐκ
731 3438 876 3509 ἔχεις
926 3440 1024 3508 μὲν
1057 3439 1248 3507 δεῖξαι,
1284 3441 1365 3493 ὅτι
1409 3437 1490 3504 εἷς
1540 3437 1608 3512 ἦν
1655 3441 1768 3494 τῶν

182 3531 423 3603 γενητῶν
457 3531 702 3600 ἀγγέλων
730 3535 758 3586 6
790 3532 964 3585 λαλῶν
1005 3534 1062 3586 ἐν
1098 3531 1176 3602 τῷ
1211 3535 1484 3604 προφήτῃ.
1520 3534 1770 3604 Προαπο-

183 3624 448 3678 δέδεικται
480 3624 609 3695 γὰρ,
641 3625 722 3677 ὅτι
755 3625 848 3678 καὶ
876 3626 904 3678 6
934 3625 1060 3688 Υἱὸς
1096 3624 1346 3693 ἄγγελος,
1379 3625 1471 3678 καὶ
1515 3625 1574 3677 τὸ
1602 3625 1770 3678 Πνεῦ-

187 3733 284 3785 μα.
317 3713 436 3768 Κᾶν
466 3713 591 3785 δοθῇ
638 3731 719 3767 σοι
761 3714 856 3768 ἕνα
886 3712 995 3766 τῶν
1027 3713 1270 3784 γενητῶν
1313 3713 1556 3781 ἀγγέλων
1589 3713 1768 3766 λαλεῖν

188 3808 245 3859 ἒν
267 3805 345 3876 τῷ
370 3807 622 3878 προφήτῃ
656 3806 789 3877 (40),
819 3805 932 3859 ἀλλ’
958 3806 1077 3876 οὐχ).
1117 3806 1210 3858 καὶ
1247 3804 1372 3867 ναὸς
1403 3803 1498 3856 τοῦ
1538 3804 1768 3874 ἀγγέλου

189 3898 218 3950 6
247 3899 550 3969 προφήτης.
585 3898 700 3960 Πᾶς
731 3896 839 3967 γὰρ
862 3896 1006 3959 ναὸς,
1035 3895 1171 3948 Θεοῦ
1205 3896 1349 3958 ναός.
1381 3895 1598 3966 Ἐπειδὴ
1627 3895 1768 3960 εἰπὲ,

191 3989 294 4041 ποῦ
328 3990 426 4059 τῆς
469 3989 694 4060 Γραφῆς
739 3991 951 4060 εἴρηται
983 3988 1108 4052 ναὸς
1154 3990 1181 4041 6
1214 3989 1502 4059 προφήτης
1527 3987 1559 4059 ἢ
1584 3991 1611 4040 6
1639 3988 1771 4040 ἁπό-

194 4078 394 4141 στολος,
427 4079 458 4150 ἢ
497 4080 726 4133 καθόλου
762 4080 1067 4152 ἄνθρωπος,
1117 4079 1432 4149 ἀγγέλου,ἧ
1471 4096 1615 4141 τινος
1654 4079 1770 4132 κτί-

195 4187 416 4242 σματος.
458 4171 682 4225 Μακεδ.
740 4173 874 4236 Θεὸς
917 4168 1010 4226 οῦν
1055 4173 1116 4224 τὸ
1159 4171 1418 4241 Πνεῦμα;
1451 4172 1597 4238 Ὀρθ.
1648 4171 1772 4224 Ἐὰν

192 4263 349 4334 θέλῃς
381 4264 514 4336 (41),
547 4263 647 4318 κᾶν
695 4264 768 4336 μὴ
808 4265 986 4336 Θέλῃς.
1022 4263 1243 4318 Μακεδ.
1293 4265 1456 4334 Τρεῖς
1496 4261 1589 4318 οῦν
1639 4264 1769 4318 θεοί.

1855 1792 1976 1860 pios
1997 1804 2215 1858 quoque
2240 1795 2294 1842 et
2329 1787 2623 1842 sceleratos
2649 1784 2853 1838 idcirco
2875 1781 3078 1836 dixeris
3102 1795 3224 1836 esse
3247 1779 3379 1834 deos
3403 1778 3436 1829 1*.

1857 1881 2011 1938 Urth.
2038 1880 2143 1936 Sed
2163 1888 2215 1934 et
2239 1878 2440 1941 Patris,
2460 1885 2512 1932 et
2528 1875 2671 1942 Filii,
2689 1885 2743 1930 et
2766 1883 3100 1939 sanctorum,
3128 1871 3429 1940 itidemque

1855 1973 2142 2043 impiorum
2169 1979 2222 2026 et
2257 1971 2644 2026 sceleratorum
2677 1981 2838 2021 voces
2867 1965 3158 2035 descripsit
3193 1961 3431 2033 Spiritus

1856 2080 1952 2134 per
1991 2063 2284 2134 prophetas
2327 2067 2382 2116 et
2411 2059 2706 2129 apostolos.
2741 2056 2860 2110 Non
2901 2057 3043 2110 enim
3091 2055 3260 2109 locuti
3301 2061 3432 2108 sunt

1860 2156 1984 2227 ipsi,
2014 2155 2108 2211 sed
2138 2153 2376 2224 Spiritus
2415 2153 2611 2208 Patris.
2639 2149 2846 2204 Maced.
2880 2148 3117 2204 Ostende
3155 2147 3307 2210 mihi,
3341 2146 3433 2201 ubi

1859 2248 2094 2320 Spiritus
2128 2253 2351 2302 sanctus
2377 2243 2664 2299 manifeste
2701 2242 2917 2296 dicatur
2948 2241 3108 2294 Deus.

1926 2337 2092 2411 454
2112 2337 2202 2391 25.
2235 2335 2388 2391 ΟνεΙι.
2419 2333 2630 2389 Fateris
2670 2340 2723 2387 te
2743 2347 2866 2387 esse
2901 2329 2994 2385 Dei
3027 2328 3306 2398 templum,
3343 2339 3436 2378 an-

1859 2432 2001 2486 non?
2022 2428 2228 2483 Maced.
2255 2427 2418 2482 Sane.
2443 2425 2656 2479 Dictum
2679 2431 2761 2479 est
2781 2423 2924 2478 enim
2949 2435 2978 2474 a
2998 2427 3186 2476 sancto
3216 2417 3386 2470 Paulo
3415 2435 3430 2470 :

1866 2542 1885 2574 c
1921 2522 2002 2575 An
2034 2519 2260 2575 nescitis
2287 2531 2520 2586 corpora
2542 2521 2726 2570 vestra
2756 2527 2879 2568 esse
2908 2509 3169 2579 templum
3193 2506 3434 2576 Spiritus

1862 2613 2035 2670 sancti
2063 2630 2074 2664 :
2098 2612 2190 2682 qui
2218 2612 2272 2665 in
2295 2611 2450 2665 vobis
2471 2615 2574 2674 est,
2595 2617 2649 2662 et
2673 2621 2832 2676 quem
2862 2619 2890 2656 a
2923 2603 3030 2657 Deo
3059 2600 3267 2655 habetis
3291 2598 3380 2651 “v?
3409 2611 3429 2649 ι

1865 2705 2016 2761 Orth.
2053 2704 2217 2773 Atqui
2245 2717 2407 2756 omne
2440 2701 2701 2769 templum
2735 2705 2819 2752 est
2862 2695 2956 2750 Dei
2990 2693 3270 2762 templum,
3305 2704 3435 2760 ergo

1865 2797 2100 2868 Spiritus
2145 2803 2366 2850 sanctus
2396 2801 2480 2848 est
2523 2791 2684 2846 Deus.
2720 2785 2929 2842 Maced.
2971 2784 3118 2854 Nego
3173 2781 3436 2851 Spiritum

1831 2907 1834 2909 λ
1862 2903 1986 2943 csse
2014 2885 2207 2941 Deum.
2245 2882 2396 2940 Orth.
2426 2881 2588 2951 Ergo,
2622 2895 2689 2935 ne
2719 2886 2773 2931 tu
2811 2877 3028 2947 quidem
3051 2889 3112 2928 es
3137 2871 3435 2942 templum?

1866 2977 2072 3031 Maced.
2105 2973 2236 3029 Sum
2268 2971 2362 3027 Dei
2397 2971 2678 3040 templum.
2703 2966 2855 3022 Orth.
2884 2965 3082 3018 Annon
3111 2975 3242 3016 vero
3271 2959 3441 3030 Spiri-

1865 3077 1956 3122 tus
1987 3063 2295 3135 templum?
2341 3058 2550 3114 Maced.
2601 3056 2734 3110 Sum
2790 3063 2941 3108 certe
2993 3049 3229 3120 Spiritus
3274 3049 3440 3103 etiam

1866 3157 2147 3226 templum.
2182 3152 2335 3210 Orth.
2366 3151 2507 3220 Ergo
2535 3157 2589 3204 et
2630 3146 2867 3216 Spiritus
2911 3151 2996 3198 est
3028 3141 3190 3196 Deus.
3227 3137 3440 3193 Maced.

1865 3250 2006 3304 Num
2036 3262 2166 3303 vero
2200 3245 2458 3316 quoniam
2483 3239 2658 3310 angeli
2691 3239 2853 3293 etiam
2885 3236 3198 3289 habitarunt
3229 3233 3284 3286 in
3315 3245 3445 3286 san-

1866 3341 1990 3402 ctis.
2021 3340 2164 3395 sicut
2223 3334 2400 3405 inquit
2436 3332 2697 3404 propheta
2736 3348 2749 3384 :
2787 3348 2805 3380 ι
2843 3327 2969 3381 Haec
3024 3325 3158 3380 dicit
3210 3323 3436 3393 angelus

1867 3432 1962 3503 qui
2002 3431 2058 3484 in
2090 3445 2179 3484 me
2223 3427 2465 3496 loquitur
2498 3425 2543 3456 ³ο
2581 3465 2594 3489 ,
2636 3443 2654 3475 ›
2708 3421 2917 3476 idcirco
2953 3417 3176 3489 angelos
3224 3429 3444 3486 quoque

1867 3527 2099 3580 dixerim
2123 3537 2247 3577 esse
2275 3521 2440 3575 deos?
2475 3517 2627 3573 Orth.
2659 3515 2778 3570 Non
2818 3513 2998 3584 possis
3031 3509 3318 3565 ostendere
3347 3523 3444 3561 au-

1867 3618 2046 3688 gelum
2077 3616 2386 3685 loquentem
2416 3611 2473 3665 in
2506 3607 2770 3679 propheta
2809 3605 2979 3660 fuisse
3023 3615 3192 3657 unum
3237 3615 3303 3656 ex
3337 3598 3446 3653 illis

1867 3702 2127 3764 conditis.
2154 3704 2275 3760 Jam
2304 3705 2450 3758 enim
2479 3710 2641 3756 antea
2671 3699 3103 3761 demonstratum
3133 3701 3216 3749 est
3247 3691 3446 3746 Filium

1869 3813 2088 3870 quoque
2121 3803 2175 3851 et
2204 3793 2465 3864 Spiritum
2498 3805 2618 3846 esse
2647 3787 2920 3857 angelum.
2970 3783 3034 3836 Et
3074 3788 3135 3836 ut
3176 3780 3448 3834 tibicon-

1870 3893 2118 3954 cedatur,
2152 3903 2322 3943 unum
2359 3886 2530 3941 fuisse
2572 3899 2638 3938 ex
2671 3880 2909 3936 conditis
2943 3877 3151 3947 angelis
3182 3889 3306 3930 eum
3349 3871 3444 3943 qui

1870 3983 2197 4054 loquebatur
2231 3981 2285 4034 in
2319 3978 2605 4048 propheta,
2641 3989 2749 4027 non
2780 3978 2898 4027 erat
2941 3977 3126 4022 tamen
3183 3964 3448 4036 prOpheta

1871 4075 2130 4145 templum
2168 4070 2367 4141 angeli.
2401 4067 2572 4123 Omne
2601 4065 2860 4134 templum
2888 4060 3033 4116 enim
3067 4064 3152 4112 est
3181 4055 3276 4109 Dei
3312 4061 3449 4107 tem—

1875 4171 2021 4240 plum
2051 4186 2064 4222 :
2097 4163 2301 4233 alioqui
2325 4161 2495 4216 dicito
2525 4159 2619 4214 ubi
2651 4157 2868 4212 tandem
2900 4153 2957 4207 in
2989 4151 3275 4220 Scriptura
3306 4147 3452 4202 dica-

1874 4275 1967 4317 tur
2019 4259 2306 4331 propheta,
2341 4254 2425 4308 vel
2473 4250 2774 4321 apostolus,
2815 4247 2899 4302 vel
2934 4246 3099 4299 homo
3152 4240 3448 4314 quispiam,

209 4331 356 4422 Ὂρθ.
391 4331 537 4418 *Θεὸς
585 4357 614 4407 6
662 4331 849 4425 Πατήρ
875 4331 1157 4419 ;”Μακεδ.
1207 4331 1353 4410 Ναί.-
1393 4360 1548 4424 Ὀρθ.
1588 4356 1697 4408 Καὶ
1741 4358 1765 4410 6

1873 4354 2137 4424 templum
2169 4347 2345 4418 angeli
2373 4345 2458 4399 vel
2485 4345 2564 4398 rei
2601 4342 2768 4395 ullius
2798 4345 3015 4394 creatze.
3047 4333 3258 4389 Maced.
3285 4331 3454 4430 Spiri-

198 4446 318 4509 Υἱός
345 4463 360 4510 ;
392 4445 612 4499 Μακεδ.
648 4445 776 4500 Ναί.
802 4449 949 4515 Ὀρθ.
979 4446 1083 4499 Δύο
1104 4443 1198 4500 οὖν
1229 4447 1342 4500 Θεοί
1366 4465 1380 4508 ;
1413 4447 1634 4502 Μακεδ.
1662 4446 1758 4501 Οὔ.

210 4540 359 4605 Ὀρθ.
385 4538 571 4602 Οῦτως
614 4539 735 4592 οὐδὲ
779 4541 959 4609 τρεῖς;
992 4538 1214 4592 Μακεδ.
1253 4539 1394 4592 Ἀλλ’
1442 4535 1521 4604 εἷς
1551 4541 1646 4593 καὶ
1672 4535 1771 4604 εἷς.

213 4631 359 4696 Ὄρθ.
392 4630 453 4682 Εἰ
486 4630 547 4683 τὸ
573 4628 654 4694 εἷς
686 4631 778 4683 καὶ
795 4625 874 4695 εἷς
899 4632 998 4684 οὐκ
1027 4633 1132 4684 εἰσὶ
1147 4631 1259 4696 δύο,
1277 4633 1472 4686 οὐδὲτὸ
1487 4627 1569 4696 εἷς
1584 4634 1676 4686 καὶ
1692 4629 1773 4696 εἷς

203 4724 291 4776 καὶ
321 4717 603 4795 εἷς,τρεῖς.
629 4725 852 4779 Μακεδ.
887 4726 1000 4778 Οὐκ
1028 4724 1173 4778 ἐστιν
1203 4722 1296 4779 οῦν
1329 4720 1409 4790 εἷς
1438 4726 1590 4789 Θεὸς,
1623 4726 1680 4792 ἐξ
1709 4717 1770 4778 οῦ

203 4813 267 4866 τὰ
289 4815 484 4878 πάντα,
504 4816 597 4868 καὶ
626 4811 705 4878 εἷς
723 4816 948 4887 Κύριος,
967 4816 1033 4869 δι’
1057 4809 1116 4868 οῦ
1136 4816 1204 4869 τὰ
1225 4817 1400 4869 πάντα
1424 4832 1437 4880 ;
1467 4818 1615 4883 ‘opo.
1640 4815 1775 4867 Εἰπὲ

206 4905 295 4957 καὶ
321 4904 378 4958 ἓν
410 4905 637 4976 Πνεῦμα
667 4907 839 4975 ἆγιον,
879 4908 936 4959 ἐν
969 4900 1013 4975 ᾦ
1060 4907 1128 4961 τὰ
1181 4907 1376 4960 πάντα.
1411 4906 1632 4960 Mam-:8.
1665 4904 1774 4958 Ποῦ

206 4994 356 5048 τοῦτο
379 4997 686 5065 γέγραπται
712 5014 726 5061 ;
755 4998 908 5066 Ὀρθ.
935 4997 1094 5068 Παρὰ
1116 4997 1194 5067 τῷ
1223 4998 1385 5051 Δαϐίδ
1402 5015 1415 5028 ·
1452 5017 1470 5049 ‹
1508 4996 1597 5068 Τῷ
1621 4998 1778 5066 Λόγῳ

1871 4460 1962 4504 tus
1990 4423 2158 4518 igitur
2190 4442 2332 4496 Deus
2359 4438 2481 4494 est?
2515 4435 2669 4492 Orth.
2699 4435 2814 4496 Est,
2849 4431 3014 4494 nolis,
3045 4429 3204 4482 velis.
3240 4423 3449 4479 Maced.

1881 4539 2016 4594 Tres
2044 4551 2173 4591 vero
2203 4533 2279 4587 dii
2307 4541 2454 4588 sunt.
2481 4528 2635 4585 Orth.
2666 4525 2830 4581 Pater
2855 4533 3011 4581 estne
3035 4522 3216 4577 Deus?
3243 4519 3453 4574 Maced.

1877 4632 2077 4686 Etiam.
2105 4625 2256 4683 Orth.
2285 4624 2350 4677 Et
2375 4622 2548 4677 Filius
2573 4634 2794 4690 quoque
2819 4617 2999 4672 Deus?
3021 4614 3078 4668 Μ
3083 4614 3229 4669 aced.
3254 4612 3454 4666 Etiam.

1880 4723 2032 4781 Orth.
2064 4720 2204 4774 Num
2241 4719 2406 4788 igitur
2435 4717 2543 4770 duo
2579 4721 2707 4770 sunt
2745 4710 2866 4766 dii?
2889 4708 3097 4764 Maced.
3127 4707 3268 4760 Non.
3301 4704 3452 4760 Ortla.

1878 4815 1957 4870 lta
1989 4814 2155 4884 igitur
2184 4827 2253 4866 ne
2303 4817 2416 4864 tres
2454 4807 2694 4878 quidem
2722 4809 2874 4858 sunt.
2915 4799 3126 4855 Maced.
3175 4796 3283 4851 Sed
3315 4809 3459 4848 unus

1882 4915 1967 4963 est
1995 4917 2050 4961 et
2077 4920 2240 4959 unus.
2280 4901 2432 4956 Orth.
2481 4899 2539 4953 Si
2567 4912 2710 4952 unus
2746 4904 2802 4950 et
2843 4909 2986 4948 unus
3021 4906 3130 4946 non
3165 4896 3294 4945 sunt
3325 4887 3456 4944 duo.

1885 5011 2016 5068 ergo
2043 5009 2144 5049 nec
2167 5007 2310 5047 unus
2343 4999 2396 5046 et
2419 5004 2560 5043 unus
2589 4997 2642 5042 et
2665 5000 2810 5040 unus
2833 4992 2944 5038 tres
2967 4987 3116 5036 sunt.
3142 4974 3350 5031 Maced.
3375 4973 3458 5026 An

211 5088 408 5160 Κυρίου
442 5091 492 5142 οἱ
542 5091 761 5162 οὐρανοὶ
811 5089 1242 5160 ἐστερεώθησαν,
1273 5091 1365 5142 καὶ
1399 5088 1476 5161 τῷ
1503 5088 1761 5160 Πνεύματ

1889 5101 2001 5141 non
2035 5084 2202 5155 igitur
2233 5096 2376 5135 unus
2400 5088 2486 5134 est
2532 5077 2696 5141 Deus,
2731 5091 2801 5130 ex
2843 5087 2954 5142 quo
2985 5068 3193 5136 omnia,
3224 5074 3278 5122 et
3317 5080 3461 5119 unus

278 5267 324 5300 ³³
360 5266 465 5322 lsa.
502 5282 648 5330 XLII,
679 5267 729 5319 l.
805 5267 850 5299 ’7
889 5265 1036 5324 Psal.
1071 5280 1192 5334 xxx,
1231 5267 1316 5322 17.
1397 5267 1443 5298 ’³
1484 5265 1607 5319 Act.
1639 5280 1765 5326 nl,

1878 5301 1893 5316 .
1969 5262 2012 5294 ’θ
2052 5259 2230 5315 lCor.
2270 5273 2360 5323 vl,
2398 5256 2486 5309 l9.
2564 5254 2608 5285 ³ο
2645 5251 2812 5306 Zach.
2849 5265 2902 5313 ι,
2937 5247 2992 5303 9.

281 5420 392 5493 (36)
432 5421 604 5493 Palat.
634 5421 902 5493 similiter,
938 5421 1048 5474 Καὶ
1081 5423 1208 5493 ὅταν
1233 5421 1387 5493 λέγῃ.

283 5488 392 5562 (57)
432 5490 788 5562 Manuscrip,,
838 5488 1010 5547 εἷπον.
1063 5492 1183 5546 Mox
1226 5488 1513 5562 1:31;"6s796
1545 5490 1696 5562 deest
1726 5491 1780 5543 in

217 5559 394 5634 editis,
435 5570 491 5634 et
516 5559 739 5634 notatur
778 5564 954 5620 solum
987 5563 1054 5618 ad
1088 5563 1389 5634 marginem
1431 5559 1618 5626 Felck,
1651 5561 1730 5616 sic
1767 5579 1778 5613 :

221 5631 390 5696 Deest,
413 5632 510 5696 τὰς
538 5632 595 5686 δὲ
626 5631 704 5686 οῦ.

1983 5415 2073 5480 58)
2113 5413 2270 5477 Mss.,
2300 5407 2449 5480 εἶναι
2476 5409 2569 5463 τοῦ
2601 5407 2938 5480 Πνεύματος,
2968 5406 3002 5479 ἢ
3027 5402 3112 5462 οῦ.

1984 5477 2073 5551 59)
2114 5484 2271 5547 Mss.,
2296 5477 2443 5551 Ἀρα
2469 5477 2796 5551 ’τὸ-Πνεῦμα.

1962 5549 2076 5624 (40)
2118 5555 2316 5618 Palat.,
2354 5549 2588 5624 ὁλλαλῶν
2615 5551 2672 5602 ἐν
2702 5549 2778 5620 τῷ
2809 5568 2902 5620 πρ.

1964 5619 2076 5696 (ll)
2116 5625 2312 5690 Palat,
2351 5621 2453 5675 κᾶν
2479 5619 2654 5690 Θέλῃςσ
