3850 6226
409 194 550 254 1259

1462 198 1520 255 S.
1561 198 2024 255 ATHANASIUS.
2066 231 2137 242 --
2178 198 2447 255 SPURIA.

3535 190 3672 245 £250

406 310 671 367 Dominus
701 326 799 381 per
827 326 987 380 quem
1021 314 1241 377 omnia?
1269 314 1421 370 Orth.
1455 316 1571 383 Dic,
1598 326 1653 371 et
1686 334 1829 374 unus
1854 316 1975 388 Spi-

2078 316 2169 370 τοῦ
2200 318 2464 387 στόματος
2489 315 2653 371 αὐτοῦ
2679 316 2827 369 πᾶσα
2853 316 2886 386 ἡ
2910 312 3133 383 δύναμις
3160 308 3357 364 αὐτῶν.
3388 307 3667 363 »Μακεδ.

407 404 547 459 ritus
573 403 628 456 in
659 417 768 474 quo
795 405 997 458 omnia.
1040 402 1248 461 Maced.
1286 405 1390 462 Ubi
1433 409 1536 463 hoc
1567 408 1827 478 scriptum
1857 411 1976 464 est?

409 491 558 548 0rtlt.
586 493 743 562 Apud
774 492 1028 549 Davidem
1066 514 1078 549 :
1121 513 1140 547 ι
1172 494 1352 552 Verbo
1386 496 1599 552 Domini
1624 500 1748 554 cmli
1779 499 1976 555 ﬁrmati

405 589 553 645 sunt,
585 590 639 635 et
670 580 877 651 Spiritu
910 583 1023 638 oris
1055 582 1176 653 ejus
1206 586 1385 640 omnis
1427 586 1600 642 virtus
1630 602 1819 642 eorum
1850 588 1916 643 ".
1948 607 1968 641 ι

405 670 615 727 Maced.
662 672 767 728 Sed
802 672 1040 743 Spiritus
1071 676 1184 731 oris
1234 677 1409 745 ipsius
1456 693 1566 733 non
1609 688 1694 733 est
1736 678 1973 748 Spiritus

404 774 652 823 sanctus.
689 765 842 823 Orth.
873 765 1015 838 Ergo
1050 783 1119 822 ne
1151 766 1385 824 Verbum
1428 769 1645 839 quidem
1681 778 1763 825 est
1778 769 1970 826 Filius.

406 851 613 907 Maced.
652 852 768 907 Non
808 853 1078 923 signiﬁcat
1120 871 1186 909 eo
1217 857 1335 910 loco
1368 854 1604 912 Verbum
1642 860 1971 924 subsistens,

407 958 507 999 nec
532 941 794 1031 Spiritum
832 946 1237 1002 subsistentem.
1265 946 1417 1003 Orth.
1456 947 1522 1002 Ut
1551 949 1649 1004 tibi
1676 951 1807 1005 illud
1833 967 1969 1021 quo-

406 1048 511 1102 que
539 1035 889 1099 concedatur,
923 1037 1067 1106 quod
1105 1035 1249 1094 Deus
1283 1038 1479 1093 habeat
1505 1037 1740 1094 Verbum
1791 1044 1963 1111 prola-

406 1122 610 1187 litium,
657 1122 747 1178 dic
782 1124 960 1189 nobis,
998 1122 1309 1179 Verbumne
1351 1124 1678 1188 subsistens,
1710 1136 1794 1181 est
1824 1128 1971 1196 quod
2003 1193 2011 1201 ο

405 1212 573 1267 cmlos
631 1211 884 1274 ﬁrmavit,
936 1228 1005 1267 an
1041 1215 1419 1284 prolatitium?
1466 1214 1674 1270 Maced.
1733 1215 1969 1273 Verbum

2093 409 2249 462 Ἀλλὰ
2302 408 2362 462 τὸ
2409 407 2631 479 Πνεῦμα
2667 406 2760 461 τοῦ
2814 407 3078 476 στόματος
3114 403 3213 456 οὐκ
3249 402 3366 454 ἐστι
3399 400 3466 452 τὸ
3510 401 3668 467 ἅγιον

2079 501 2320 572 Πνεῦμα.
2367 502 2521 569 Ὀρθ.
2572 498 2779 553 Οὐκοῦν
2823 497 2943 550 οὐδὲ
2970 496 2999 547 ὁ
3030 494 3200 562 Λόγος
3226 492 3377 555 Υἱός.
3424 490 3665 545 Μακεδ.

2092 590 2355 645 Ἐνταῦθα
2400 592 2461 644 οὐ
2502 591 2595 644 τὸν
2644 590 2998 643 ἐνυπόστατον
3032 586 3203 655 Λόγον
3237 584 3407 652 λέγει,
3432 582 3571 636 οὐδὲ
3608 582 3667 635 τὸ

2078 683 2438 737 ὲνυπόστατον
2488 680 2729 751 Πνεῦμα.
2764 682 2919 748 Ὀρθ.
2953 680 3070 732 Ἵνα
3132 694 3215 730 σοι
3260 675 3356 729 καί¹
3398 673 3538 744 δοθῇ
3573 673 3665 725 λό-

2078 790 2174 842 γον
2208 773 2351 844 ἐχειν
2379 774 2708 846 προφορικδν
2735 772 2826 826 τὸν
2855 771 2985 825 Θεὸν
3007 812 3021 836 ,
3058 769 3180 823 εἰπὲ
3212 771 3365 838 ἡμῖν,
3398 769 3428 820 6
3462 765 3666 819 ἐννεώ-

2081 882 2270 930 στατος
2307 866 2478 935 Λόγος
2509 868 2656 920 ἐστὶν
2701 867 2731 919 6
2771 866 2861 919 τὸν
2903 863 3128 935 οὐρανὸν
3173 859 3507 932 περεὼσας.
3544 858 3579 927 ἢ
3636 859 3669 908 ὀ

2077 957 2404 1027 προφορικός
2431 973 2447 1023 ;
2486 956 2708 1011 Μακεδ.
2734 955 2837 1009 Τὸν
2868 952 3195 1027 προφορικδν
3240 951 3404 1019 λέγω,
3431 950 3540 1020 τὴν
3572 950 3667 1000 ὲν-

2072 1046 2232 1116 τολὴν
2278 1047 2477 1102 αὐτοῦ’
2517 1068 2535 1101 ι
2568 1048 2739 1111 Αὐτὸς
2788 1045 2896 1116 γὰρ
2945 1040 3090 1107 εἶπε,
3121 1043 3216 1096 καὶ
3271 1041 3622 1112 ἐγενήθησαν
3645 1054 3664 1068 ·

2074 1137 2236 1200 αὐτὸς
2266 1139 2580 1201 ἐνετείλατο,
2605 1139 2700 1191 καὶ
2734 1134 3080 1206 ἐκτίσθησαν.
3120 1154 3139 1185 ο
3169 1130 3303 1186 Εἷπε
3322 1131 3381 1184 δὲ
3412 1129 3531 1201 (42)
3563 1127 3668 1182 καὶ

2073 1228 2368 1282 ἐνετείλατο
2398 1230 2479 1300 τῷ
2521 1229 2654 1301 Υἰῷ,
2689 1228 3037 1296 ὲνυποστάτῳ
3081 1226 3267 1295 Λόγῳ·
3298 1225 3327 1276 ὁ
3355 1222 3416 1275 δὲ
3436 1220 3544 1292 τὴν
3573 1219 3669 1273 ἐν·

404 1305 740 1374 prolatitium
775 1305 987 1376 appello
1032 1306 1346 1361 mandatum
1378 1308 1567 1376 ipsius.
1601 1326 1619 1358 ι
1657 1306 1802 1361 Dixit
1823 1310 1969 1364 enim

2078 1319 2229 1391 τολὴν
2259 1321 2437 1374 λαϐὼν
2472 1322 2599 1385 Υἱὸς
2628 1321 2861 1375 ἔκτισεν.

404 1403 459 1452 et
506 1395 651 1451 facta
704 1404 855 1463 sunt,
911 1397 1030 1467 ipse
1076 1398 1356 1453 mandavit
1383 1406 1439 1453 et
1487 1410 1667 1455 creata
1698 1409 1827 1456 sunt
1852 1402 1918 1457 ³³.
1966 1421 1986 1456 ο
2032 1406 2177 1466 Dixit
2208 1421 2388 1468 autem
2422 1423 2473 1469 et
2509 1414 2788 1468 mandavit
2836 1410 2995 1471 Filio,
3019 1408 3199 1465 Verbo
3240 1406 3497 1463 videlicet
3526 1401 3669 1460 sub-

403 1486 621 1543 sisteuti
655 1505 667 1540 :
699 1485 871 1542 Filius
900 1503 1030 1543 vero
1060 1496 1285 1559 accepto
1316 1490 1571 1545 mandato
1600 1492 1827 1547 creavit.

477 1579 565 1633 ει.
620 1578 772 1635 Orth.
818 1579 938 1637 Non
968 1580 1173 1638 fuerint
1218 1582 1387 1654 igitur
1430 1584 1555 1638 caeli
1585 1583 1783 1639 ﬁrmati
1811 1586 1975 1642 verbo

2145 1591 2233 1646 24.
2263 1595 2419 1661 Ὀρθ.
2460 1592 2656 1647 Οὐκέτι
2700 1587 2793 1646 οῦν
2835 1590 2913 1661 τῷ
2958 1589 3101 1660 λόγῳ
3131 1585 3292 1641 αὑτοῦ
3319 1585 3672 1658 ἐστερεώθη-

402 1671 599 1740 ipsius,
624 1671 721 1727 sed
754 1669 875 1726 Filii
919 1675 1256 1743 operatione.
1304 1674 1562 1745 Adeoque
1607 1675 1806 1732 falsum
1838 1679 1973 1734 illud

401 1762 506 1816 erit
543 1781 556 1816 :
600 1779 619 1813 ι
666 1759 847 1817 Verbo
875 1760 1090 1817 Domini
1117 1763 1239 1818 οωΙί
1272 1762 1468 1818 ﬁrmati
1491 1771 1636 1819 sunt.
1663 1784 1681 1816 ι
1703 1764 1836 1820 Cum
1872 1768 1976 1823 hoc

404 1849 649 1907 Verbum
690 1866 799 1905 non
837 1850 1087 1905 habuerit
1119 1867 1237 1906 eam
1259 1853 1513 1907 virtutem
1534 1869 1656 1923 qua:
1684 1869 1977 1911 concurre-

402 1952 507 2007 ret,
541 1943 638 1999 sed
665 1941 790 1996 Filii
816 1944 1082 1998 actionem
1108 1943 1437 2013 exspectarit
1470 1963 1483 1998 :
1510 1958 1686 2014 neque
1717 1943 1976 2017 intelligis

402 2033 460 2087 in
492 2047 655 2103 quam
691 2027 1082 2087 absurditatem
1133 2040 1226 2087 tua
1267 2032 1383 2086 haec
1422 2033 1599 2087 oratio
1651 2033 1978 2089 delabatur?

401 2123 501 2179 Dic
528 2125 671 2179 enim
702 2124 883 2190 nobis,
916 2124 1210 2191 multiscie,
1242 2131 1425 2178 utrum
1472 2122 1643 2180 Filius
1687 2133 1974 2196 postquam

406 2219 615 2273 audivit
647 2233 677 2272 a
696 2216 876 2281 Patre,
908 2234 1006 2273 sua
1030 2219 1201 2289 ipsius
1223 2218 1554 2287 substantia,
1584 2226 1702 2275 arte
1731 2218 1975 2289 quadam

402 2319 459 2369 et
518 2311 773 2368 methodo
828 2318 1120 2374 commota,
1180 2311 1379 2366 ccelum
1430 2310 1704 2376 ﬁrmavit,
1744 2325 1814 2364 an
1849 2326 1978 2366 vero

404 2423 656 2465 sermone
712 2406 838 2461 fecit
872 2416 930 2459 ut
953 2405 1275 2461 exsisteret?
1308 2403 1519 2460 Maced.
1556 2402 1721 2460 Verbi
1755 2405 1975 2474 quidem

403 2500 631 2556 verbum
670 2507 1086 2554 concurrentem
1119 2497 1308 2552 habuit
1340 2498 1596 2552 virtutem
1628 2515 1642 2553 :
1675 2496 1852 2554 Patris
1880 2513 1979 2552 au-

405 2599 515 2648 tem
569 2590 819 2656 verbum,
847 2587 1050 2643 Christi
1102 2589 1329 2644 verbum
1370 2590 1724 2658 exspectavit.
1781 2589 1977 2644 Annon

403 2683 552 2738 enim
572 2680 732 2737 Pater
752 2682 802 2736 ei
831 2681 1089 2751 praecepit
1118 2687 1178 2735 ut
1208 2681 1391 2736 omnia
1415 2680 1653 2736 faceret?
1681 2680 1831 2737 Orth.
1863 2680 1978 2738 lloc

405 2772 670 2843 scriptum
708 2786 818 2827 non
848 2780 955 2835 est,
987 2771 1081 2828 sed
1113 2769 1276 2826 Verbi
1322 2769 1538 2827 Patrem
1566 2773 1749 2827 omnia
1783 2772 1977 2827 condi-

404 2864 574 2921 disse.
606 2862 814 2918 Maced.
851 2863 908 2917 Si
939 2862 1101 2917 Pater
1150 2862 1302 2926 fecit,
1339 2864 1617 2932 quomodo
1652 2880 1748 2934 per
1778 2864 1977 2919 Filium

2077 1702 2196 1750 σαν,
2229 1686 2364 1740 ἀλλὰ
2388 1688 2453 1756 τῇ
2483 1683 2575 1738 τοῦ
2603 1683 2731 1738 Υίοῦ
2776 1682 3044 1754 ἐνεργείᾳ.
3069 1681 3177 1735 Καὶ
3218 1679 3413 1749 ψεῦδος
3456 1679 3523 1732 τδ
3566 1679 3671 1732 λέ-

2074 1796 2190 1847 γειν
2209 1796 2223 1811 ο
2264 1797 2283 1829 ι
2317 1776 2406 1848 Τῷ
2433 1778 2588 1847 Λόγῳ
2616 1775 2819 1847 Κυρίου
2845 1777 2895 1828 oi
2924 1772 3141 1845 οὐρανοί
3184 1770 3668 1841 ἐστερεώθησαν.)

2075 1870 2185 1941 (45)
2213 1871 2287 1924 Οὐ
2318 1870 2426 1941 γὰρ
2453 1869 2610 1940 ἔσχεν
2661 1870 2689 1920 6
2734 1868 2904 1935 Λόγος
2949 1866 3243 1938 σύνδρομον
3271 1863 3371 1932 τὴν
3402 1861 3675 1933 δύναμιν,

2075 1960 2187 2014 ἀλλ’
2214 1960 2484 2031 ἐνέμεινεν
2515 1958 2610 2029 τὴν
2645 1957 2739 2012 τοῦ
2763 1956 2891 2011 Υίοῦ
2924 1957 3218 2028 ἐνέργειαν.
3270 1954 3382 2008 Καὶ
3413 1953 3493 2015 είς
3526 1954 3680 2023 ὅσην

2075 2052 2304 2107 ἀτοπίαν
2356 2051 2609 2105 ἐκπίπτει
2665 2067 2757 2103 σου
2803 2051 2832 2104 6
2879 2048 3055 2117 λόγος,
3095 2048 3341 2115 ἀγνοεῖς;
3377 2044 3519 2098 Εἰπὲ
3553 2042 3681 2114 γὰρ

2075 2143 2230 2212 ἡμῖν,
2269 2140 2581 2211 πολυμαθὲς
2612 2139 2745 2209 (44),
2783 2135 2892 2212 ἆρα
2921 2140 2950 2191 6
2982 2138 3109 2200 Υἱὸς
3127 2135 3365 2199 ἀκούσας
3390 2135 3549 2206 παρὰ
3569 2133 3679 2186 τοῦ

2076 2230 2307 2303 Πατρὸς,
2336 2230 2565 2301 κινήσας
2608 2228 2800 2282 ἑαυτοῦ
2845 2228 2944 2299 τὴν
2990 2226 3180 2280 οὐσίαν
3223 2225 3385 2294 τέχνῃ
3420 2223 3533 2276 τινὶ
3571 2223 3683 2277 καὶ

2081 2321 2287 2394 μεθόδῳ
2328 2320 2626 2390 ὲστερέωσε
2672 2319 2762 2373 τὸν
2803 2317 3060 2390 οὐρανὸν,
3103 2317 3137 2388 ἢ
3188 2315 3332 2386 λόγῳ
3364 2314 3532 2368 αὐτὸν
3563 2313 3681 2366 ὕπ-

2077 2413 2381 2483 εστὴσατο;
2420 2409 2641 2465 Μακεδ.
2689 2410 2748 2462 Ὀ
2800 2408 2898 2480 μὲν
2926 2406 3018 2460 τοῦ
3049 2407 3223 2475 Λόγου
3246 2404 3404 2473 λόγος
3440 2402 3680 2473 σύνδρο-

2082 2523 2180 2577 μον
2204 2504 2328 2574 ἕσχε
2352 2504 2451 2575 τὴν
2476 2502 2701 2573 δύναμιν
2720 2517 2735 2532 ο
2766 2504 2795 2554 6
2834 2499 2892 2552 δὲ
2916 2498 3010 2552 τοῦ
3044 2497 3258 2567 Πατρδς
3299 2496 3459 2564 λόγος
3484 2494 3677 2559 ἐξεδέ-

2080 2594 2206 2661 ξατο
2234 2595 2345 2666 (45)
2375 2594 2467 2647 τὸν
2512 2592 2605 2646 τοῦ
2651 2591 2886 2664 Χριστοῦ
2919 2590 3095 2659 λόγον.
3140 2589 3255 2643 Οὐκ
3297 2585 3447 2655 αὕτῷ
3489 2582 3593 2640 οὖν
3638 2586 3675 2638 6

2079 2687 2269 2758 Πατὴρ
2295 2684 2593 2739 ἐνετείλατο
2624 2684 2847 2754 ποιῆσαι
2878 2681 2946 2735 τὰ
2971 2683 3183 2746 πάντα;
3215 2681 3370 2746 Ὀρθ.
3395 2676 3577 2730 Τοῦτο
3603 2678 3673 2731 οὐ

2081 2778 2408 2847 γέγραπται,
2439 2773 2552 2827 ἀλλ’
2580 2775 2660 2827 ὅτι
2691 2776 2719 2826 6
2742 2771 2930 2841 Πατὴρ
2951 2771 3044 2824 τοῦ
3081 2770 3256 2837 Λόγου
3285 2768 3456 2830 ὅντως
3481 2768 3675 2821 πάντα

2081 2870 2354 2940 ἐποίησεν.
2382 2866 2602 2922 Μακεδ.
2628 2866 2692 2919 Et
2713 2864 2901 2934 Πατὴρ
2930 2862 3122 2925 ἐποίει,
3151 2861 3270 2924 πῶς
3295 2858 3383 2912 διὰ
3410 2857 3505 2911 τοῦ
3528 2856 3671 2910 Υἱοῦ

403 2957 576 3013 fecit?
610 2955 762 3012 Orth.
799 2952 954 3009 Sicut
987 2955 1080 3008 lux
1112 2969 1209 3024 per
1234 2926 1576 3024 splendorem
1604 2926 1865 3021 illustrat,
1900 2956 1975 3013 ita

2080 2926 2257 3026 ποιεῖς
2293 2961 2449 3028 Ὀρθ.
2491 2960 2579 3022 Ὠς
2608 2957 2668 3011 τὸ
2703 2955 2819 3026 φῶς
2959 2951 3051 3005 τοῦ
3081 2951 3517 3020 ἁπαυγάσματος
3550 2965 3672 3017 φω-

403 3047 568 3103 Pater
589 3062 685 3117 per
708 3044 906 3100 Filium
936 3054 1089 3099 creat
1118 3063 1132 3098 :
1164 3051 1219 3099 et
1255 3045 1419 3100 veluti
1452 3060 1606 3101 mens
1635 3061 1733 3116 per
1771 3062 1976 3103 sermo-

403 3156 530 3196 nem
576 3140 755 3202 docet,
790 3139 867 3193 ita
905 3139 1072 3193 etiam
1104 3136 1266 3191 Pater
1300 3152 1399 3206 per
1428 3135 1624 3192 Filium
1652 3146 1823 3194 creat.
1854 3138 1976 3192 Ma-

405 3232 518 3290 czd.
549 3232 747 3286 Annon
776 3245 872 3300 per
893 3229 1204 3300 Spiritum?
1240 3226 1393 3284 Orth.
1414 3227 1519 3284 Per
1546 3228 1783 3285 Verbum
1807 3240 1975 3293 creat,

403 3333 459 3380 et
488 3340 585 3395 per
619 3322 880 3393 Spiritum
930 3321 1255 3377 sanctiﬁcat.
1299 3318 1507 3375 Maced.
1572 3319 1685 3377 Hoc
1730 3321 1974 3378 admitto.

408 3417 562 3473 Orth.
588 3416 711 3471 illoc
734 3413 870 3470 illud
896 3420 981 3469 est
1009 3414 1176 3483 igitur
1201 3433 1214 3468 :
1249 3430 1268 3464 ι
1297 3411 1477 3468 Verbo
1495 3412 1709 3468 Domini
1736 3411 1861 3469 emli
1888 3415 1978 3469 tir-

404 3506 537 3561 mati
560 3511 709 3569 sunt,
746 3510 801 3559 et
827 3501 1034 3573 Spiritu
1055 3503 1165 3556 oris
1186 3502 1304 3571 ejus
1324 3502 1504 3556 omnis
1523 3502 1700 3557 virtus
1717 3518 1924 3557 eorum.
1953 3523 1971 3555 ι

403 3596 613 3651 Μαεεά.
652 3594 760 3650 Sed
786 3593 958 3650 Filius
984 3592 1205 3663 quidem
1238 3600 1408 3656 creat,
1443 3592 1681 3663 Spiritus
1706 3609 1835 3649 vero
1860 3610 1980 3648 san-

404 3689 632 3756 ctiﬁcat,
664 3687 761 3742 sed
793 3702 904 3741 non
929 3693 1100 3739 creat.
1139 3683 1293 3738 Orth.
1326 3685 1518 3749 Quivis
1550 3685 1790 3754 prudens
1818 3684 1979 3756 455

406 3779 623 3834 auditor
665 3779 818 3833 novit
884 3776 1335 3832 sanctiﬁcationis
1379 3777 1600 3831 nomine
1647 3776 1980 3831 creationem

402 3885 624 3939 quoque
645 3867 897 3939 intelligi.
919 3866 1055 3922 Cum
1094 3865 1366 3929 audimus,
1398 3885 1418 3917 ι
1445 3865 1553 3921 Cor
1572 3866 1832 3921 mundum
1855 3881 1981 3921 crea

405 3960 605 4024 inme,
637 3958 780 4014 Deus
835 3959 902 4023 ³³,
951 3976 972 4012 ι
1030 3957 1161 4027 quid
1205 3956 1353 4010 aliud
1388 3964 1568 4011 mente
1614 3957 1977 4027 concipimus,

406 4065 598 4120 quam,
637 4049 746 4105 Cor
776 4064 972 4119 purum
1002 4048 1055 4102 in
1088 4063 1174 4102 me
1190 4047 1487 4113 sanctiﬁca,
1514 4047 1693 4103 Deus?
1723 4047 1981 4114 Quando-

405 4143 625 4213 quidem
666 4150 850 4198 autem
878 4142 962 4197 vis
989 4142 1480 4198 sanctiﬁcatiouem
1520 4140 1683 4194 simul
1716 4155 1838 4193 cum
1869 4153 1981 4194 cm-

2077 3052 2236 3117 τίζει,
2266 3051 2436 3115 οὕτως
2469 3054 2498 3105 6
2545 3049 2736 3120 Πατὴρ
2782 3046 2871 3100 διὰ
2912 3044 3004 3099 τοῦ
3055 3043 3187 3097 Υίοῦ
3225 3042 3428 3107 κτίζειο
3456 3040 3553 3094 καὶ
3588 3039 3671 3102 ὡς

2078 3146 2202 3210 νοῦς
2234 3145 2322 3199 διὰ
2345 3143 2437 3198 τοῦ
2466 3144 2623 3212 λόγου
2652 3142 2911 3203 διδάσκει,
2943 3138 3115 3199 οὕτως
3140 3135 3233 3189 καὶ
3276 3136 3304 3187 ὁ
3349 3133 3543 3204 Πατὴρ
3576 3128 3671 3182 διὰ

2076 3239 2170 3292 τοῦ
2216 3236 2346 3290 Υίοῦ
2399 3233 2594 3299 κτίζει.
2645 3232 2866 3288 Μακεδ.
2900 3228 2990 3301 Μὴ
3041 3228 3127 3280 διὰ
3169 3224 3261 3279 τοῦ
3301 3222 3669 3292 Πνεῦματοςς

2092 3332 2246 3399 Ὀρθ.
2271 3328 2369 3382 Διὰ
2396 3326 2488 3381 τοῦ
2522 3327 2696 3395 Λόγου
2718 3324 2912 3388 κτίζει,
2958 3320 3053 3374 καὶ
3089 3318 3180 3372 διὰ
3215 3316 3309 3370 τοῦ
3344 3314 3669 3384 Πνεύματθς

2077 3422 2311 3493 ἁγιάζει.
2335 3419 2555 3475 Μακεδ.
2579 3417 2750 3472 Τοῦτο
2768 3416 3011 3487 δέχομαι.
3036 3414 3191 3480 Ὀρθ.
3218 3409 3388 3464 Τοῦτο
3408 3405 3502 3463 οῦν
3521 3408 3665 3460 ἐστι·

2084 3533 2103 3565 ι
2144 3512 2235 3583 Τῷ
2291 3512 2448 3582 Λόγῳ
2475 3508 2681 3581 Κυρίου
2731 3510 2779 3561 οἱ
2828 3505 3047 3578 οὐρανοὶ
3100 3499 3530 3573 ἐστερεώθησαν,
3566 3498 3670 3552 καὶ

2079 3604 2156 3675 τῷ
2185 3603 2464 3675 Πνεύματι
2505 3600 2599 3654 τοῦ
2644 3600 2909 3670 στόματος
2957 3595 3121 3651 αὐτοῦ
3170 3596 3320 3647 πᾶσα
3356 3596 3391 3663 ἡ
3433 3591 3669 3661 δύναμις

2079 3696 2275 3750 αὐτῶν.
2314 3714 2332 3746 ι
2370 3691 2591 3749 Μακεδ.
2628 3689 2767 3744 Ἀλλ’
2818 3692 2847 3742 6
2902 3688 3001 3760 μὲν
3049 3687 3176 3750 Υἱὸς
3237 3683 3454 3748 κτίζει,
3500 3683 3562 3736 τὸ
3608 3682 3670 3737 δὲ

2078 3786 2305 3857 Πνεῦμα
2347 3783 2598 3852 ἁγιάζει,
2645 3780 2740 3835 καὶ
2787 3780 2847 3834 οὐ
2898 3778 3091 3843 κτίζει.
3143 3777 3298 3846 Ὀρθ.
3336 3775 3396 3828 '0
3440 3774 3667 3838 συνετὸς

2081 3878 2293 3932 ἀκούων
2328 3872 2489 3939 οἶδεν,
2540 3875 2622 3929 ὅτι
2679 3872 2772 3926 καὶ
2823 3871 2885 3924 τὸ
2936 3869 3183 3939 ἁγιάζειν
3226 3866 3434 3932 κτίζειν
3491 3864 3666 3919 ἐστίν.

2083 3966 2249 4019 Ὅταν
2272 3962 2591 4034 ἀκούσωμεν
2608 4001 2623 4025 ,
2658 3980 2677 4013 ι
2699 3960 2940 4033 Καρδίαν
2969 3958 3219 4030 καθαρὰν
3234 3958 3417 4012 κτίσον
3443 3959 3500 4010 ὲν
3516 3956 3667 4025 ἐμοὶ,

2080 4060 2109 4111 6
2154 4057 2306 4121 Θεὸς,
2338 4077 2358 4109 ι
2388 4057 2441 4109 τί
2483 4055 2610 4110 ἄλλο
2654 4054 2880 4125 νοοῦμεν
2927 4053 2961 4124 ἢ
3005 4052 3088 4115 τὸ,
3120 4050 3361 4121 Καρδίαν
3413 4047 3669 4119 καθαρὰν

2082 4151 2305 4220 ἁγίασον
2336 4152 2393 4204 ὲν
2418 4149 2561 4220 ἐμοὶ,
2590 4150 2619 4201 6
2645 4146 2807 4210 Θεός;
2854 4144 3070 4214 Ἐπειδὴ
3114 4143 3171 4195 δὲ
3220 4143 3285 4195 σὺ
3329 4140 3511 4211 βούλει
3536 4156 3669 4192 συν-

404 4237 474 4291 lis
509 4236 775 4290 exsistere
804 4234 1058 4303 cmpisse,
1093 4234 1184 4289 dic
1214 4234 1347 4303 quid
1376 4231 1554 4301 majus
1583 4232 1655 4286 sit
1680 4247 1869 4287 creare
1907 4248 1975 4286 an

2079 4241 2362 4297 ουσιᾶσθαι
2406 4241 2496 4294 τὸν
2539 4238 2805 4309 ἁγιασμδν
2835 4239 2947 4300 τοῖς
2973 4235 3243 4306 οὐρανοῖς,
3271 4231 3418 4295 εἰπὲ,
3459 4230 3515 4283 τί
3549 4231 3671 4301 μεῖ-

407 4326 771 4380 sanctiﬁcare.
800 4323 1008 4380 Maced.
1034 4324 1237 4380 Creare
1265 4332 1349 4379 est
1381 4324 1474 4378 Dei
1507 4339 1665 4393 opus.
1702 4322 1853 4378 Orth.
1886 4324 1981 4385 Dei

406 4420 624 4489 quidem
657 4435 797 4489 opus
835 4426 921 4474 est
958 4433 1165 4482 creare,
1202 4427 1257 4471 at
1289 4433 1399 4472 non
1437 4417 1615 4486 majus
1654 4432 1817 4486 quam
1852 4431 1980 4471 san-

407 4510 668 4565 ctiﬁcare.
692 4506 828 4561 Nam
876 4516 930 4563 et
957 4509 1075 4578 ipsa
1102 4507 1483 4570 sanctiﬁcatio,
1535 4513 1621 4562 est
1666 4505 1762 4561 Dei
1815 4520 1974 4576 opus.

409 4602 684 4671 Scriptum
712 4608 796 4655 est
820 4600 965 4653 enim
998 4615 1011 4649 :
1051 4617 1071 4650 ι
1116 4598 1280 4654 Pater
1317 4605 1524 4661 sancte,
1557 4597 1836 4653 sanctiﬁca
1879 4613 1974 4656 eos

406 4697 463 4750 in
498 4694 724 4749 veritate
750 4701 842 4744 tua
866 4689 933 4745 ³⁸.
974 4708 993 4740 ι
1033 4688 1385 4745 Sanctiﬁcare
1426 4705 1555 4744 vero
1596 4688 1773 4759 majus
1808 4676 1972 4760 quid-

405 4789 532 4841 dam
582 4800 705 4842 esse
743 4799 905 4854 quam
952 4798 1160 4850 creare,
1197 4796 1467 4854 cognosce
1494 4798 1562 4837 ex
1608 4782 1729 4852 ipso
1759 4790 1975 4846 eventu,

406 4893 532 4932 cum
558 4877 683 4949 quis
711 4874 1197 4932 sanctiﬁcationem
1230 4872 1497 4928 amiserit.
1523 4859 1690 4926 Audit
1712 4873 1856 4926 enim
1887 4874 1975 4927 in-

407 4972 535 5028 felix
565 4973 657 5027 ille
688 4970 858 5027 Judas
884 4988 897 5024 :
934 4988 953 5021 ι
989 4969 1198 5023 Bonum
1227 4974 1374 5022 esset
1424 4966 1631 5020 homini
1664 4967 1763 5030 illi,
1795 4966 1842 5021 si
1872 4980 1972 5020 na-

407 5073 497 5119 tus
538 5079 647 5117 nou
698 5062 896 5119 fuisset
941 5062 1008 5115 ³⁸.
1048 5081 1067 5113 ι
1129 5058 1340 5114 Maced.
1410 5057 1619 5113 Bonum
1676 5059 1846 5128 igitur
1890 5060 1970 5113 illi

409 5157 621 5221 fuisset,
643 5158 689 5212 si
721 5165 884 5212 natus
912 5172 1017 5209 non
1060 5154 1253 5209 fuisset
1291 5170 1303 5206 :
1338 5151 1431 5207 sed
1462 5149 1602 5205 Deus
1626 5155 1777 5208 solus
1817 5152 1865 5207 is
1887 5161 1972 5207 est

2079 4330 2170 4395 ξόν
2198 4332 2334 4394 ἐστι,
2365 4328 2565 4392 κτίζειν
2586 4327 2619 4396 ἢ
2641 4325 2920 4395 ἁγιάζειν;
2948 4322 3171 4378 Μακεδ.
3193 4320 3268 4374 Τὸ
3302 4320 3533 4386 κτίζειν,
3570 4319 3669 4390 ἑρ-

2074 4438 2168 4490 γον
2195 4419 2328 4473 Θεοῦ
2347 4421 2512 4472 ἐστιν.
2530 4418 2676 4484 Ὀρθ.
2710 4416 2911 4486 Ἔργον
2936 4413 3033 4484 μὲν
3054 4411 3189 4465 Θεοῦ
3210 4414 3329 4464 ὲστι
3347 4410 3412 4463 τὺ
3431 4410 3667 4488 κτίζειν,

2072 4512 2132 4564 οὐ
2161 4512 2267 4582 μὴν
2298 4510 2480 4581 μεῖζον
2501 4508 2594 4562 τοῦ
2613 4505 2857 4576 ἁγιάζειν
2886 4505 3050 4567 ἐστίν.
3076 4504 3185 4556 Καὶ
3202 4501 3312 4574 γὰρ
3333 4501 3433 4555 καὶ
3454 4501 3590 4554 αὐτὸ
3606 4501 3670 4553 τὸ

2072 4602 2334 4671 ἁγιάζειν,
2367 4599 2527 4671 ἔργον
2567 4597 2702 4652 Θεοῦ
2731 4599 2899 4650 ἐστιν.
2924 4596 3233 4667 Γέγραπται
3256 4594 3366 4663 γάρ
3385 4607 3402 4622 ⁶
3438 4612 3459 4644 ι
3481 4594 3669 4664 Πάτερ

2076 4694 2216 4762 ἆγιε,
2249 4691 2472 4759 ἁγίασον
2508 4689 2700 4751 αὐτοὺς
2721 4688 2778 4740 ὲν
2813 4690 2879 4759 τῇ
2905 4685 3132 4757 ἀληθείᾳ
3164 4701 3279 4740 σου.
3315 4702 3334 4736 ι
3368 4683 3496 4736 Ὀτι
3523 4683 3583 4735 δὲ
3606 4683 3668 4734 τὸ

2082 4782 2325 4850 ἀγιάζειν
2365 4781 2546 4853 μεῖζόν
2572 4782 2686 4834 ἐστι
2714 4777 2807 4832 τοῦ
2830 4777 3053 4842 κτίζειν,
3076 4777 3141 4828 ὲκ
3170 4774 3263 4827 τοῦ
3287 4772 3668 4843 ἀποτελέσμα-

2079 4891 2168 4937 τος
2206 4872 2393 4942 γνῶθι,
2431 4873 2557 4925 ὅταν
2599 4886 2682 4933 τις
2729 4868 2970 4940 ἀπολέσῃ
2998 4866 3089 4919 τὸν
3117 4864 3410 4935 ἁγιασμόν.
3449 4862 3666 4916 Ἀκούει

2076 4967 2106 5018 6
2144 4964 2323 5027 ἄθλιος
2356 4962 2583 5025 Ἰούδας·
2619 4979 2637 5011 ι
2664 4958 2843 5012 Καλὸν
2874 4956 2942 5028 ἦν
2972 4956 3142 5027 αὐτῷ,
3172 4956 3222 5008 εί
3247 4956 3349 5008 οὐκ
3393 4952 3663 5025 ἐγεννήθη

2074 5058 2103 5110 ὁ
2135 5056 2418 5127 ἄνθρωπος
2449 5055 2674 5118 ἐκεῖνος.
2703 5071 2720 5104 ι
2739 5050 2960 5105 Μακεδ.
2984 5049 3161 5103 Καλὸν
3187 5048 3287 5119 μὲν
3315 5042 3384 5118 ἦν
3410 5044 3587 5116 αὐτῷ,
3611 5046 3659 5098 εἰ

2071 5149 2171 5202 οὐκ
2228 5147 2487 5217 ἐγεννήθη
2534 5150 2563 5199 6
2608 5143 2891 5213 ἄνθρωπος
2932 5145 3155 5206 ἐκεῖνος.
3204 5138 3344 5193 Ἀλλ’
3382 5140 3415 5191 6
3459 5138 3661 5203 κτίζων

483 5333 518 5371 ³·
561 5331 704 5386 Psal.
742 5348 925 5396 xxxii,
957 5331 1011 5386 6.
1087 5332 1129 5363 ³²
1170 5329 1312 5387 Psal.
1349 5345 1549 5384 CXLVIII
1573 5369 1588 5394 ,
1622 5329 1677 5385 5.
1751 5328 1798 5360 ³³
1833 5326 1975 5383 Psal.

2078 5368 2082 5385 ,
2123 5325 2207 5378 12.
2284 5324 2331 5355 ³⁸
2368 5323 2525 5377 Joan.
2560 5338 2670 5375 xvn
2695 5361 2710 5386 ,
2747 5320 2834 5376 l7.
2911 5321 2957 5352 ³⁸
3000 5318 3189 5376 Matth.
3220 5332 3386 5385 xm,
3416 5314 3517 5371 24.

482 5487 592 5555 (42)
629 5489 698 5541 Δέ
724 5489 877 5545 deest
905 5491 960 5542 in
989 5488 1253 5544 Palatino.

495 5556 602 5626 {45)
643 5559 735 5612 Sic
757 5574 886 5615 mss.
921 5559 977 5613 In
1008 5560 1170 5615 editis
1195 5574 1323 5615 vero
1352 5565 1575 5615 acerant
1604 5556 1871 5628 quzedam.

2156 5481 2265 5552 (44)
2302 5479 2605 5552 Palatinus,
2640 5476 2947 5552 πολυμαθῆ.

2157 5547 2267 5621 (45)
2301 5551 2601 5617 Palatinus,
2633 5547 2868 5615 ἐδέξατο.
