3850 6226
162 260 299 322 12M

965 339 968 344 _
1078 271 1166 326 DE
1202 272 1473 328 SANCTA
1516 273 1890 330 TRINITATE
1929 272 2378 331 DIALOGUSIII.

3265 269 3405 325 1242

162 377 262 434 καὶ
282 378 628 450 δημιουργῶν
646 378 714 434 τὰ
742 380 815 454 μὴ
844 381 973 436 ὄντα
998 382 1073 447 ὡς
1098 384 1243 447 ὄντα,
1271 386 1429 455 μόνος
1445 386 1561 438 ἐστὶ
1577 385 1725 448 Θεός.

1835 386 1921 456 qui
1953 394 2104 441 creat
2129 395 2182 441 et
2205 385 2367 440 efficit
2396 398 2516 455 qua:
2546 398 2652 437 non
2686 390 2813 439 sunt
2843 388 3099 453 tanquam
3124 382 3169 437 si
3195 390 3400 437 essent.

230 467 326 524 25.
372 469 525 537 Ὀρθ.
554 470 830 526 Δέδεικται
862 473 979 543 μὲν,
1013 474 1095 526 ὅτι
1119 473 1201 537 16,
1236 493 1254 525 ι
1280 476 1608 545 Ποιήσωμεν
1643 475 1738 529 ἁν-

161 558 402 631 θρωπον,
432 577 452 611 ι
480 560 573 613 ἐπὶ
596 560 808 632 Πατρὸς
845 562 939 615 καὶ
958 562 1087 615 Υίοῦ
1116 562 1210 615 καὶ
1239 562 1394 630 ἁγίου
1421 561 1561 614 Πνεύ
1571 577 1737 631 ματος

160 646 445 702 λέλεκταιο
477 650 570 704 καὶ
596 649 680 714 16,
719 670 736 701 ι
762 652 1083 723 Ποιήσωμεν
1115 651 1263 723 αὐτῴ
1282 651 1474 722 βοηθὸν
1499 651 1736 705 κατάὐ-

157 740 277 801 τὸν,
305 760 323 793 ι
349 741 550 812 ὁμοίως
578 744 671 796 ἐπὶ
694 744 908 815 Πατρὸς
941 746 1034 798 καὶ
1065 744 1193 798 Υίοῦ
1242 745 1336 798 καὶ
1371 745 1525 813 ἁγίου
1567 743 1738 796 Πνεύ-

163 847 336 901 ματος
359 831 594 903 εἴρηται.
622 834 739 887 ’Ἰνα
757 833 814 886 δὲ
841 833 916 905 μὴ
945 834 1301 905 περιέλκηται
1321 835 1348 887 6
1375 834 1550 903 λόγος,
1573 833 1737 887 ἄκου-

163 939 260 977 σον
299 922 393 977 τοῦ
426 924 757 993 Εὑαγγελίου
791 925 1058 994 λέγοντος,
1097 927 1179 980 ὃτι
1225 926 1315 980 τὸν
1347 927 1469 981 ναὸν
1498 925 1593 979 τοῦ
1627 923 1732 978 σῶα

162 1031 338 1085 ματος
403 1015 497 1068 τοῦ
547 1014 809 1087 Χριστοῦ,
857 1017 919 1070 τὸ
948 1017 1171 1088 Πνεῦμα
1215 1018 1277 1072 τὸ
1327 1018 1480 1087 ἁγιον
1530 1016 1732 1072 ἔκτισε.

160 1103 388 1159 Μακεδ.
416 1105 551 1158 Είπὲ
588 1105 690 1159 ποῦ
714 1123 730 1170 ;
763 1107 915 1174 Ὀρθ.
959 1126 977 1157 ι
1009 1107 1114 1161 Τοῦ
1140 1107 1311 1178 Ἰησοῦ
1337 1108 1600 1179 ἡγένεσις
1622 1105 1733 1177 (46)

160 1193 340 1259 οὕτως
362 1189 461 1266 ἦν·
499 1194 923 1267 μνηστευθείσης
947 1197 1045 1266 τῆς
1080 1196 1287 1268 μητρὸς
1322 1195 1486 1250 αὐτοῦ
1519 1196 1735 1268 Μαρίας

158 1284 243 1356 τῷ
285 1286 516 1358 Ἰωσὴφ.
552 1288 682 1359 πρὶν
740 1287 773 1358 ἢ
824 1289 1093 1342 συνελθεῖν
1143 1290 1371 1354 αὐτοὺς,
1428 1288 1623 1359 εὑρέθη
1677 1288 1735 1341 ὲν

157 1380 364 1450 γαστρὶ
391 1379 588 1449 ἔχουσα
611 1382 675 1433 ὲκ
694 1379 1008 1450 Πνεῦματος
1028 1380 1204 1449 ἁγίου.
1227 1399 1246 1432 ›
1273 1379 1496 1434 Μακεδ.
1528 1380 1584 1434 '0
1607 1367 1736 1444 Υἱὸς

156 1469 258 1524 οὖν
284 1473 430 1523 ἐστιν
452 1473 480 1525 ὁ
509 1471 714 1543 Ἰησοῦς
742 1470 835 1525 τοῦ
858 1472 997 1524 Πνεύ
1008 1488 1193 1542 ματος.
1220 1472 1373 1540 Ὀρθ.
1410 1473 1473 1525 Ἢ
1501 1471 1731 1540 γένεσις,

155 1557 338 1625 εἶπεν,
355 1563 471 1632 οὐχὶ
487 1565 519 1634 ἡ
536 1562 785 1633 γέννησις
804 1580 818 1594 ·
860 1563 917 1615 ἓν
932 1562 1080 1631 λέγει
1098 1562 1232 1634 (47),
1249 1562 1369 1634 οὐχὶ
1383 1562 1494 1617 δύο.
1510 1560 1730 1615 Μακεδ.

169 1654 314 1707 Ἀλλ’
341 1657 368 1708 6
392 1655 621 1724 ἄγγελος
651 1650 771 1708 εἷπε
790 1671 803 1686 ·
842 1674 860 1706 ι
887 1654 960 1709 Τὸ
983 1655 1090 1727 γὰρ
1120 1656 1177 1708 ὲν
1211 1655 1349 1726 αὐτῇ
1383 1653 1640 1725 γεννηθὲν
1669 1653 1734 1705 ὲκ

155 1748 478 1820 Πνεῦματός
506 1750 654 1803 ἐστιν
677 1748 855 1817 ἁγίου.
878 1769 897 1802 ι
920 1748 1072 1816 Ὀρθ.
1094 1746 1316 1818 Πρῶτον
1338 1748 1550 1817 γένεσιν
1570 1745 1733 1801 ἄκου-

158 1858 257 1894 σον
299 1839 395 1894 τοῦ
436 1840 598 1905 ναοῦ,
637 1843 733 1895 καὶ
781 1841 900 1894 τότε
929 1839 1200 1911 γέννησιν.
1228 1840 1339 1894 Καὶ
1390 1839 1500 1910 γὰρ
1543 1840 1636 1892 καὶ
1683 1839 1732 1891 οί

154 1932 439 2004 ἄνθρωποι
472 1932 685 2003 πρῶτον
720 1931 1019 2003 γιγνόμεθα
1049 1930 1476 2003 δημιουργικῶς,
1510 1926 1610 1983 εἷθ’
1636 1927 1731 1983 οῦ-

155 2040 272 2087 τως
290 2023 606 2094 γεψὼμεθα
638 2023 1111 2096 καταχρηστικῶς·
1133 2042 1152 2074 ι
1176 2023 1340 2086 Υίοὺς
1362 2041 1381 2073 ι
1402 2021 1511 2093 γὰρ
1540 2040 1558 2073 ι
1580 2020 1734 2090 ὲγέν-

155 2130 323 2185 νησα,
350 2116 442 2167 καὶ
479 2112 701 2184 ῦψωσα,
727 2133 745 2166 ι
787 2114 1132 2186 γέγραπται,
1167 2113 1227 2166 οὐ
1258 2110 1502 2182 φυσικῶς
1547 2110 1735 2182 δηλον-

154 2208 244 2260 ότι
265 2247 280 2271 ,
309 2206 444 2260 ἁλλὰ
476 2208 949 2280 καταχρηστικῶς.
978 2206 1201 2262 Μακεδ.
1236 2204 1362 2268 Πῶς
1390 2200 1541 2257 εἶπεν
1578 2205 1606 2256 6
1636 2204 1736 2256 Σο-

154 2297 342 2368 λομών
364 2315 376 2327 ·
413 2317 430 2348 ι
469 2298 532 2351 Ἠ
558 2298 731 2366 Σοφία
761 2298 1108 2369 ᾠκοδόμησεν
1133 2298 1296 2366 ἐαυτῇ
1329 2290 1509 2359 οἶκον;
1537 2312 1556 2344 ι
1577 2280 1751 2361 Ὀρθζ

157 2388 337 2442 Τοῦτο
370 2389 477 2460 γάρ
519 2390 665 2443 ἐστιν
714 2388 742 2441 ὂ
776 2388 950 2457 λέγω,
1004 2388 1087 2442 ὅτι
1125 2387 1303 2441 πάντα
1346 2385 1414 2439 τὰ
1462 2384 1597 2457 ἔργα
1639 2383 1734 2437 τοῦ

157 2479 399 2551 Πατρὸς,
447 2480 540 2533 καὶ
594 2478 689 2532 τοῦ
741 2478 893 2544 Υίοῦ,
933 2480 1028 2532 καὶ
1071 2477 1165 2531 τοῦ
1211 2476 1364 2545 ἁγίου
1420 2474 1737 2545 Πνεῦματός

156 2572 311 2625 ἐστι’
345 2571 440 2624 καὶ
468 2570 555 2625 διὰ
582 2570 740 2625 τοῦτο
779 2571 908 2624 ποτὲ
942 2569 1037 2622 τοῦ
1080 2568 1296 2639 Πατρδς
1327 2566 1567 2635 λέγεται,
1607 2564 1737 2619 ποτὲ

157 2661 258 2715 τοῦ
287 2661 439 2726 Υίοῦ,
467 2661 600 2715 ποτὲ
643 2659 737 2714 τοῦ
765 2659 921 2729 ἁγίου
956 2658 1292 2732 Πνεύματος.
1344 2658 1558 2730 Ἀμέλει
1589 2657 1736 2727 λέγει

158 2752 373 2817 Παῦλος
422 2755 450 2807 6
506 2752 661 2820 ἁγιος
693 2749 1018 2814 ἀπόστολος*
1052 2769 1070 2801 ι
1104 2751 1230 2803 Ὅτε
1277 2748 1334 2801 δὲ
1382 2749 1678 2819 ηὐδόκησεν
1708 2750 1738 2803 6

158 2844 315 2908 Θεὸς,
343 2846 372 2897 6
398 2845 662 2913 ἀφορίσας
687 2859 751 2913 με
783 2843 848 2895 ὲκ
877 2839 1083 2903 κοιλίας
1120 2839 1327 2911 μητρός
1372 2855 1495 2909 μου,
1532 2840 1738 2892 ἀποκα-

157 2935 327 3005 λύψαι
362 2935 450 2988 τὸν
481 2934 610 2988 Υἱὸν
639 2932 803 2987 αὐτοῦ
842 2934 900 2986 ὲν
932 2930 1053 3003 ὲμοί
1075 2948 1088 2962 ·
1120 2949 1139 2983 ι
1179 2931 1271 2984 καὶ
1304 2930 1468 2984 πάλιν
1501 2933 1530 2984 6
1571 2931 1735 2995 αὐτὸς

158 3028 317 3097 λέγει
335 3044 350 3059 ο
388 3046 408 3079 ι
432 3026 646 3091 Παῦλος
672 3024 855 3088 δοῦλος
871 3022 1044 3096 Ἰησοῦ
1074 3024 1332 3095 Χριστοῦ,
1361 3023 1558 3095 κλητὸς
1574 3024 1734 3077 Ἀπό⁴
1760 3056 1802 3112 C

164 3119 370 3182 στολος,
394 3116 776 3191 ἀφωρισμένος
804 3118 884 3178 εἰς
909 3113 1240 3184 Εὐαγγέλιον
1272 3114 1427 3169 Θεοῦ.
1460 3134 1479 3167 ›
1506 3114 1728 3168 Μακεδ.

162 3210 231 3264 Τί
265 3210 424 3264 τοῦτο
457 3211 630 3275 ποιεῖ;
669 3209 823 3276 Ὀρθ.
851 3206 1122 3278 Βούλομαί
1151 3224 1233 3259 σοι
1270 3206 1458 3271 δεῖξαι,
1495 3208 1575 3260 ὅτι
1604 3206 1734 3260 ποτὲ

160 3302 357 3356 ἑαυτὸν
382 3301 663 3372 ἁφόρισμα
691 3299 838 3367 λέγει
880 3298 975 3353 τοῦ
1010 3299 1243 3370 Ματρὸς,
1276 3299 1406 3352 ποτὲ
1445 3298 1539 3351 τοῦ
1578 3297 1729 3351 Υἰοῦ.

155 3393 384 3449 Maxera.
416 3393 508 3463 Μὴ
555 3391 649 3445 καὶ
688 3391 783 3445 τοῦ
827 3390 1176 3461 Πνεῦματοςς
1223 3392 1375 3459 Ὀρθ.
1423 3386 1577 3443 Μὰθε
1616 3387 1729 3454 οὖν,

156 3488 244 3540 ὅτι
287 3485 383 3538 καὶ
430 3483 490 3538 16
522 3481 747 3552 Πνεῦμα
779 3481 940 3535 αὑτὸν
983 3481 1293 3554 ἀφώρισεν,
1341 3480 1415 3544 ὡς
1455 3481 1556 3553 ἤδη
1594 3498 1730 3552 προ-

158 3576 393 3648 είρηται.
433 3574 744 3646 Γέγραπται
772 3573 830 3626 δὲ
880 3560 1075 3636 οὕτως’
1099 3574 1157 3626 ὲν
1190 3575 1308 3637 ταῖς
1349 3572 1586 3645 Πράξεσι
1624 3573 1731 3627 τῶν

159 3667 479 3722 ἀποστόλων
498 3682 513 3699 ⁸
546 3684 564 3715 ι
607 3660 745 3719 Εἶπε
767 3665 822 3718 δὲ
840 3665 901 3718 16
917 3664 1141 3736 Πνεῦμα
1172 3666 1381 3729 αὐτοῖς·
1412 3665 1733 3738 Ἀφορίσατέ

166 3777 257 3831 μοι
288 3760 377 3812 τὸν
393 3757 678 3830 Βαρνάϐαν
692 3758 786 3812 καὶ
809 3756 900 3811 τὸν
932 3757 1141 3815 Σαῦλον
1170 3757 1285 3827 (218)
1302 3759 1382 3822 είς
1410 3757 1471 3811 τὸ
1496 3757 1675 3831 ἔργον,
1704 3757 1732 3811 ὃ

162 3851 577 3923 προσκέκλημαι
625 3848 840 3912 αὐτούς.
872 3867 890 3901 ι
943 3848 1165 3903 Μακεδ.
1208 3849 1376 3919 Κάγὼ
1419 3849 1594 3919 λέγω,
1640 3849 1734 3914 οὓς

161 3944 319 3997 καλεῖ
352 3945 380 3996 6
422 3940 642 4013 Πατὴρ,
689 3940 912 4004 τούτους
958 3941 1113 3995 καλεί
1170 3943 1263 3995 καὶ
1302 3944 1331 3994 6
1363 3942 1491 4006 Υἱὸς
1534 3943 1625 3996 καὶ
1673 3942 1733 3997 16

159 4033 385 4105 Πνεῦμα
407 4050 420 4063 ·
453 4034 549 4086 καὶ
573 4031 668 4095 οὓς
705 4032 924 4101 ἁγιάζει
961 4034 989 4085 6
1020 4031 1231 4103 Πατὴρ,
1258 4034 1481 4096 τούτους
1519 4033 1732 4102 ἁγιάζει

158 4125 256 4180 καὶ
274 4125 335 4178 τὸ
362 4125 606 4197 Πνεῦμα,
632 4125 746 4179 ἀλλ’
776 4127 836 4180 οὐ
863 4126 1037 4191 κτίζει
1074 4128 1134 4181 τὸ
1163 4125 1406 4197 Πνεῦμα.
1451 4126 1603 4194 Ὀρθ.
1632 4125 1729 4179 Δέι

155 4217 384 4283 δεικται,
418 4219 500 4272 ὄτι
524 4219 699 4283 κτίζει
732 4219 795 4272 16
831 4219 1076 4291 Πνεῦμα.
1120 4218 1340 4290 Ηὺρέθη
1385 4218 1493 4290 γὰρ
1522 4221 1555 4290 ὴ
1604 4217 1733 4286 ἁγία

158 4308 348 4381 Μαρία
368 4311 426 4364 ὲν
442 4312 640 4382 γαστρὶ
663 4309 859 4381 ἔχουσα
884 4313 949 4365 ὲκ
978 4310 1119 4364 Πνεύ
1128 4329 1294 4382 ματος
1317 4311 1492 4379 ἁγίου.
1511 4309 1729 4365 Μακεδ.

1903 477 1993 533 25.
2037 477 2190 533 Orth.
2224 477 2516 535 Ostensum
2557 476 2777 546 quidem
2821 482 2908 532 est
2944 473 3077 530 illud
3119 491 3132 526 :
3170 472 3403 529 «Facia-

1836 582 1959 622 mus
2018 566 2289 622 hominem
2312 566 2419 631 ³⁸,ι
2470 566 2539 620 de
2584 564 2768 629 Patre,
2803 572 2857 619 et
2903 562 3067 628 Filio,
3093 572 3148 619 et
3194 562 3401 634 Spiritu

1836 663 2026 711 sancto
2060 656 2265 711 dictum
2304 672 2428 713 esse
2458 674 2473 723 ;
2504 666 2557 711 et
2590 655 2723 710 illud
2749 668 2764 707 :
2800 674 2819 707 ι
2840 652 3133 710 Faciamus
3161 652 3212 708 ei
3244 651 3405 722 adju-

1834 749 2035 802 torium
2087 749 2191 817 ipsi
2239 748 2573 804 conveniens
2590 748 2656 813 ³⁷,
2688 768 2707 800 ›
2756 746 2943 802 itidem
2990 745 3060 801 de
3120 744 3302 811 Patre,
3347 749 3405 798 et

1833 836 1992 902 Filio,
2024 847 2077 895 et
2117 838 2323 910 Spiritu
2356 849 2550 896 sancto
2589 840 2794 895 dictum
2825 854 2971 895 csse.
3009 837 3131 892 Jam
3173 850 3304 891 vero
3331 849 3404 892 ne

1833 927 2048 998 longius
2070 930 2421 1000 protrahatur
2449 930 2646 998 oratio,
2676 930 2802 986 audi
2824 929 3171 1000 Evangelium
3192 926 3400 992 dicens,

1833 1020 2096 1089 templum
2139 1023 2390 1090 corporis
2439 1020 2646 1077 Christi
2691 1022 2865 1077 fuisse
2894 1036 2925 1074 a
2965 1019 3174 1090 Spiritu
3209 1026 3403 1074 sancto

1833 1112 2137 1169 conditum.
2171 1111 2383 1170 Maced.
2420 1114 2701 1170 Ubinam?
2741 1114 2895 1170 Orth.
2936 1134 2955 1166 ι
2977 1111 3107 1169 Jesu
3138 1120 3294 1167 ortus
3322 1111 3404 1166 sic

1834 1202 1937 1258 fuit
1961 1221 2114 1259 :cum
2141 1215 2289 1262 esset
2302 1206 2631 1276 desponsata
2650 1215 2824 1261 mater
2844 1206 2963 1275 ejus
2986 1203 3154 1258 Maria
3179 1200 3402 1271 Joseph,

1835 1304 2124 1367 antequam
2148 1297 2526 1363 convenirent,
2560 1297 2782 1351 inventa
2812 1302 2896 1351 est
2923 1295 3128 1350 habens
3151 1294 3207 1347 in
3247 1300 3403 1347 utero

1833 1402 1901 1442 ex
1933 1386 2139 1458 Spiritu
2171 1396 2364 1443 sancto
2385 1388 2451 1442 ⁸⁸.
2477 1407 2498 1441 ›
2533 1386 2743 1442 Maced.
2768 1385 2929 1442 Jesus
2958 1400 3089 1457 ergo
3115 1393 3200 1439 est
3231 1383 3403 1453 Spiri-

1833 1483 1924 1532 tus
1970 1478 2146 1533 sancti
2175 1476 2368 1533 Filius.
2430 1476 2584 1534 Orth.
2636 1479 2855 1541 Γένεσις
2887 1476 2982 1549 [id
3009 1484 3095 1531 est
3131 1493 3149 1526 ι
3175 1483 3327 1530 ortus
3348 1473 3401 1546 ι]

1833 1568 1993 1632 dixit,
2022 1584 2129 1623 non
2151 1570 2401 1641 γέννησις
2417 1568 2537 1642 [seu
2559 1569 2896 1642 generatio];
2927 1584 3094 1623 unum
3112 1567 3268 1632 dicit,
3290 1583 3403 1621 non

1834 1658 1963 1715 duo.
2005 1657 2216 1715 Maced.
2252 1659 2357 1715 Sed
2383 1661 2610 1731 angelus
2638 1661 2777 1716 dixit
2805 1679 2820 1716 :
2852 1678 2871 1711 ι
2896 1660 3051 1727 Quod
3081 1659 3224 1715 enim
3256 1658 3312 1712 in
3338 1672 3403 1712 ea

1833 1757 2020 1805 natum
2045 1759 2150 1818 est,
2169 1767 2237 1806 ex
2262 1750 2473 1822 Spiritu
2497 1759 2691 1808 sancto
2720 1760 2805 1807 est
2824 1752 2890 1804 ³³.
2923 1769 2942 1803 ι
2975 1748 3127 1805 Orth.
3159 1748 3403 1805 Primqu

1832 1839 1960 1894 audi
1982 1848 2165 1895 ortum
2192 1843 2401 1913 templi,
2425 1853 2478 1898 et
2505 1851 2694 1915 postea
2724 1842 2944 1898 demum
2973 1840 3400 1913 generationem.

1832 1929 1966 1985 Nam
1999 1940 2053 1987 et
2091 1947 2195 1988 nos
2235 1933 2487 1989 homines
2525 1936 2761 2005 primum
2796 1932 3059 1989 efficimur
3102 1938 3162 1985 ut
3195 1931 3263 1985 ab
3287 1929 3405 1998 opi-

1833 2024 1935 2105 tlce
1971 2032 2025 2079 et
2071 2025 2376 2090 conditore,
2406 2025 2608 2081 deinde
2653 2025 2734 2080 sic
2779 2024 3053 2095 gignimur
3087 2020 3400 2092 improprie.

1834 2114 1968 2170 Illud
1996 2115 2164 2178 enim,
2194 2135 2213 2168 ι
2237 2114 2406 2171 Filios
2435 2117 2618 2186 genui,
2651 2127 2704 2172 et
2720 2116 2956 2170 'exaltavi
2977 2115 3044 2181 ⁸ο,
3063 2132 3082 2165 ι
3103 2123 3248 2169 certe
3261 2113 3403 2167 scri-

1834 2215 1988 2279 ptum
2021 2216 2127 2275 est,
2164 2224 2277 2263 non
2318 2209 2667 2273 naturaliter,
2695 2207 2793 2263 sed
2833 2206 3152 2277 improprie.
3192 2203 3403 2260 Maced.

1837 2297 2123 2364 Quomodo
2173 2298 2314 2353 dixit
2364 2296 2672 2353 Salomon:
2738 2315 2756 2349 ι
2785 2295 3063 2367 Sapientia
3115 2293 3407 2349 aediﬁcavit

1836 2389 1940 2444 sibi
1959 2389 2241 2443 domum“
2261 2389 2284 2443 ?
2306 2408 2322 2439 ι
2350 2387 2502 2444 Orth.
2533 2387 2828 2442 Enimvero
2859 2385 2965 2439 hoc
2999 2383 3134 2438 illud
3161 2381 3406 2453 estquod

1835 2480 1978 2546 dico,
2029 2480 2214 2534 omnia
2256 2480 2515 2535 videlicet
2558 2493 2723 2549 opera
2759 2491 2883 2533 esse
2922 2474 3134 2538 Patris,
3180 2470 3303 2529 Filii
3351 2481 3408 2528 et

1837 2570 2075 2639 Spiritus
2119 2570 2318 2632 sancti,
2363 2569 2598 2639 ideoque
2640 2567 2803 2622 modo
2844 2565 3022 2621 Patris
3056 2565 3203 2630 dici,
3241 2563 3405 2618 modo

1834 2657 1981 2722 Filii,
2025 2658 2190 2713 modo
2225 2656 2464 2728 Spiritus
2506 2658 2706 2714 sancti.
2746 2655 3030 2726 Siquidem
3067 2652 3273 2709 Paulus
3311 2654 3408 2710 ille

1837 2758 2062 2807 sanctus
2112 2749 2416 2820 apostolus,
2464 2750 2643 2820 inquit
2685 2763 2699 2800 :
2739 2747 2917 2802 «Cum
2974 2754 3157 2801 autem
3202 2745 3407 2816 placuit

1836 2843 1969 2908 Deo,
1998 2844 2091 2913 qui
2126 2858 2211 2898 me
2261 2844 2567 2913 segregavit
2611 2856 2678 2896 ex
2710 2850 2867 2896 utero
2912 2840 3106 2895 matris
3149 2854 3299 2906 mete,
3348 2844 3407 2892 ut

1836 2938 2103 2992 revelarct
2124 2933 2322 2988 Filium
2353 2949 2511 2990 suum
2541 2934 2596 2987 in
2621 2948 2706 2987 me
2725 2931 2802 2998 ⁸¹;
2830 2949 2848 2983 ι
2870 2937 2925 2986 ct
2946 2930 3063 3000 ipse
3083 2945 3300 2985 rursum
3323 2928 3407 2984 di-

1836 3026 1912 3081 cit
1944 3045 1958 3081 :
1996 3044 2014 3077 ι
2048 3025 2252 3080 Paulus
2275 3040 2464 3081 servus
2487 3023 2616 3080 Jesu
2665 3023 2893 3087 Christi,
2917 3031 3145 3077 vocatus
3166 3022 3405 3091 Aposto-

1835 3121 1943 3183 lus,
1976 3118 2368 3189 segregatusin
2386 3115 2740 3187 Evangelium
2769 3114 2981 3169 Dci”.o
3016 3110 3229 3167 Haced.
3263 3108 3408 3177 Quid

1831 3228 1901 3268 ex
1938 3213 2041 3268 hoc
2106 3212 2379 3268 efﬁcitur?
2436 3209 2590 3266 Orth.
2651 3208 2788 3263 Volo
2846 3207 2947 3263 tibi
3001 3206 3402 3268 demonstrare,

1831 3304 2060 3360 Pautum
2086 3303 2269 3359 dicere
2292 3318 2350 3359 se
2371 3302 2628 3372 quiddam
2659 3315 2781 3356 esse
2810 3305 3152 3369 segregatum
3179 3297 3341 3351 modo
3370 3310 3401 3349 a

1833 3398 2016 3463 Patre,
2047 3397 2208 3453 modo
2236 3411 2267 3451 a
2307 3395 2466 3450 Filio.
2525 3377 2733 3448 M‘aced.
2767 3393 2906 3447 Num
2937 3393 3100 3446 etiam
3132 3405 3163 3443 a
3192 3388 3402 3460 Spiritu

1834 3487 2066 3544 sancto?
2114 3485 2267 3543 Orth.
2328 3484 2488 3539 Disce
2539 3484 2707 3553 igitur
2762 3480 2909 3552 quod
2959 3481 3123 3535 etiam
3169 3479 3406 3549 Spiritus

1833 3589 2059 3637 sanctus
2087 3579 2264 3649 ipsum
2297 3575 2618 3647 segregarit,
2649 3580 2708 3627 ut
2728 3572 2839 3643 jam
2866 3578 3029 3625 antea
3060 3569 3267 3624 dictum
3296 3575 3403 3623 est.

1835 3671 1928 3727 Sic
1955 3671 2101 3726 enim
2132 3669 2397 3737 scriptum
2421 3673 2506 3721 est
2532 3666 2587 3719 in
2612 3665 2768 3719 Actis
2790 3662 3196 3733 apostolorum:
3222 3678 3239 3710 ι
3260 3659 3407 3713 Dixit

1836 3773 2017 3818 autem
2060 3762 2142 3818 eis
2190 3760 2430 3831 Spiritus
2461 3777 2474 3812 :
2503 3758 2799 3828 Segregate
2838 3755 2975 3809 mihi
3013 3753 3318 3808 Barnaham
3352 3761 3407 3808 et

1838 3854 2061 3908 Saulum
2094 3853 2157 3907 ad
2191 3867 2329 3922 opus
2384 3851 2450 3904 ad
2490 3848 2634 3918 quod
2674 3849 2823 3918 ipsos
2866 3844 3242 3901 advocavi“.»
3283 3842 3408 3897 Ma-

1834 3943 1945 4000 ced.
1990 3943 2123 3998 Dico
2156 3943 2321 4013 etiam
2362 3957 2483 4012 ego,
2516 3955 2656 4010 quos
2696 3944 2857 3992 vocat
2890 3936 3073 4000 Pater,
3112 3950 3209 3990 eos
3244 3941 3406 3989 vocat

1833 4035 2024 4099 Filius,
2052 4042 2107 4090 et
2144 4032 2384 4103 Spiritus
2409 4040 2633 4086 sanctus
2663 4049 2675 4083 :
2708 4037 2763 4082 et
2794 4043 2935 4097 quos
2969 4026 3275 4081 sanctiﬁcat
3303 4023 3405 4077 Pa-

1834 4135 1938 4191 ter,
1983 4140 2080 4181 eos
2121 4122 2430 4180 sanctiﬁcat
2469 4121 2634 4176 etiam
2677 4118 2942 4190 Spiritus,
2974 4116 3071 4173 sed
3111 4131 3222 4171 non
3255 4122 3407 4171 creat

1828 4218 2091 4290 Spiritus.
2130 4215 2286 4272 Orth.
2344 4214 2785 4268 Demonstratum
2830 4219 2914 4266 est
2959 4209 3219 4281 Spiritum
3269 4224 3406 4279 quo-

1836 4324 1942 4380 que
1999 4321 2208 4362 creare.
2242 4303 2466 4359 Inventa
2515 4310 2599 4357 est
2649 4303 2795 4357 enim
2862 4299 3031 4355 Maria
3085 4300 3295 4354 habens
3347 4298 3404 4353 in

159 4400 275 4453 Οὐκ
303 4396 478 4466 εἶπεν,
521 4402 579 4455 ὲν
608 4401 805 4474 γαστρὶ
856 4400 1055 4473 ἔχουσα
1102 4403 1387 4466 κτίσαντος
1427 4401 1521 4455 τοῦ
1564 4401 1733 4455 Πνεῦ-

1837 4414 1995 4459 utero
2024 4401 2092 4456 de
2122 4398 2331 4470 Spiritu
2359 4404 2570 4453 sancto.
2599 4393 2943 4449 Maced.Non
2980 4394 3142 4452 dixit.
3171 4392 3226 4446 in
3248 4400 3408 4447 utero

161 4510 332 4565 ματος
366 4494 459 4548 τοῦ
502 4494 687 4563 ἁγίουο
722 4494 835 4549 ἁλλ’
875 4495 1059 4559 ἁπλῶς
1089 4495 1336 4567 εἴρηται·
1379 4514 1398 4546 ‹
1424 4493 1640 4565 Ηὺρέθη
1675 4495 1733 4547 ὲν
1784 4488 1785 4491 “

157 4584 355 4657 γαστρὶ
381 4585 577 4655 ἔχουσα
609 4588 674 4639 ὲκ
709 4585 1025 4657 Πνεῦματος
1053 4586 1225 4654 ἁγίου.
1256 4604 1275 4636 ι
1321 4586 1472 4654 Ὀρθ.
1505 4584 1579 4637 T6
1616 4579 1730 4649 οῦν,

164 4695 184 4727 ι
209 4678 274 4730 ὲκ
304 4677 616 4748 Πνεύματος
645 4678 822 4745 ἁγίου,
850 4697 869 4730 ι
904 4677 958 4730 τί
998 4677 1126 4732 ἄλλο
1151 4680 1262 4749 ἡγῇ
1308 4679 1449 4749 πλὴν
1482 4677 1577 4730 τοῦ
1612 4676 1732 4731 κτί-

160 4784 284 4833 σαι;
315 4767 535 4822 Μακεδ.
572 4767 712 4838 Ἐγὼ
741 4769 840 4839 τὴν
885 4769 1195 4840 οἰκονομίαν
1246 4770 1391 4839 λέγω
1432 4769 1528 4823 τοῦ
1561 4768 1732 4824 Πνεῦ-

157 4873 330 4927 ματος
379 4859 613 4914 ἐνταῦθα
662 4859 1041 4931 σημαίνεσθαι.
1098 4862 1252 4931 Ὀρθ.
1301 4863 1394 4934 Μὴ
1422 4861 1515 4916 οὖν
1554 4863 1728 4927 θέλεις

150 4949 333 5002 εἰπεῖν
362 4950 423 5003 16
451 4952 728 5023 Κυριακὺν
760 4950 919 5022 σῶμα
967 4951 1205 5024 κτίσμα;
1239 4955 1461 5010 Μακεδ.
1502 4956 1726 5026 Κτίσμα

1838 4497 2067 4559 habens,
2123 4497 2348 4547 creante
2400 4489 2607 4560 Spiritu
2661 4495 2852 4542 sancto
2889 4485 3030 4542 :sed
3078 4483 3406 4555 simpliciter

1833 4586 2037 4640 dictum
2064 4588 2148 4638 est
2174 4600 2187 4636 :
2226 4598 2244 4631 ι
2270 4578 2491 4634 Inventa
2520 4585 2605 4633 est
2625 4576 2833 4631 habens
2855 4575 2911 4630 in
2936 4582 3091 4630 utero
3106 4573 3175 4629 de
3197 4571 3404 4643 Spiritu

1833 4683 2025 4732 sancto
2041 4672 2108 4726 ⁸⁸.
2136 4689 2155 4722 ι
2193 4668 2344 4726 Orth.
2382 4666 2535 4724 Istud
2558 4682 2689 4738 ergo
2716 4686 2730 4721 :
2765 4685 2784 4719 ι
2805 4665 2882 4720 De
2912 4663 3119 4736 Spiritu
3153 4673 3399 4727 sancto,»

1831 4766 1966 4838 quid
2017 4763 2167 4819 aliud
2213 4778 2338 4819 esse
2378 4768 2561 4833 putas,
2614 4775 2779 4827 quam
2829 4759 3007 4829 ipsum
3057 4755 3407 4815 condidisse?

1833 4859 2042 4917 Maced.
2072 4857 2203 4913 Dico
2234 4855 2473 4927 Spiritus
2520 4854 2696 4911 sancti
2729 4850 3093 4908 (economiam
3118 4850 3205 4905 his
3232 4847 3405 4918 signi-

1832 4950 2006 5007 ﬁcari.
2054 4947 2208 5004 Orth.
2245 4945 2365 5000 Non
2404 4945 2489 4999 vis
2528 4944 2695 5014 igitur
2733 4942 2895 4997 fateri
2937 4939 3150 4995 Domini
3198 4953 3403 5008 corpus

161 5039 261 5113 μὲν
281 5039 423 5109 λέγω
450 5042 511 5095 τὸ
540 5043 718 5114 σῶμα,
747 5044 862 5099 ἁλλ’
893 5046 953 5099 οὐ
974 5045 1068 5100 τοῦ
1097 5045 1413 5118 Πνεύματος
1431 5046 1560 5100 αὐτὸ
1583 5046 1725 5115 λέγω

1835 5058 1951 5100 esse
1982 5035 2506 5095 creatum?-Maced.
2544 5034 2739 5089 Fateor
2774 5031 2997 5101 quidem
3030 5044 3231 5099 corpus
3282 5042 3405 5082 esse

150 5129 382 5202 κτίσμα,
418 5130 556 5186 ἁλλὰ
603 5133 695 5187 τοῦ
742 5134 1001 5206 Χριστοῦ.
1051 5138 1204 5205 ὐρθ.
1240 5136 1382 5190 PAD.’
1435 5138 1469 5208 ἡ
1530 5135 1721 5208 Γραφὴ

1835 5140 2094 5199 creatum,
2125 5145 2238 5186 non
2264 5137 2446 5186 tamen
2477 5125 2747 5198 a'Spiritu
2776 5132 2971 5181 sancto
3010 5131 3257 5179 creatum
3278 5133 3403 5175 esse

231 5282 277 5314 ³⁸
308 5280 445 5340 Gen.
478 5295 518 5346 ι.
550 5285 640 5342 26.
715 5288 757 5320 ³⁷
797 5288 930 5344 Gen.
966 5306 1036 5352 ιι,
1072 5289 1160 5344 18.
1237 5291 1282 5324 ³⁸
1321 5290 1508 5344 Matth.
1543 5305 1583 5353 ι,
1616 5290 1702 5344 18.

1835 5289 1845 5321 ¹
1883 5286 2015 5342 ibid.
2047 5284 2143 5340 20.
2217 5284 2264 5317 κ
2303 5282 2541 5350 lsa.t,2.
2614 5282 2656 5315 “
2701 5280 2864 5338 Prov.
2903 5295 2988 5347 Ix,
3021 5280 3072 5336 l.
3148 5279 3195 5312 “
3216 5276 3395 5334 Galat.

157 5368 212 5418 ι,
252 5353 336 5409 15.
409 5354 457 5386 ⁸³
497 5355 653 5411 Rom.
690 5373 737 5422 ι,
775 5359 825 5413 l.
899 5358 946 5391 “
980 5360 1102 5415 Act.
1138 5375 1273 5428 xm,
1306 5361 1361 5415 2.
1457 5360 1503 5392 ’⁸⁸
1544 5360 1732 5415 Matth.

1858 5358 1946 5414 18.

248 5574 316 5630 46
374 5573 674 5635 Palatinus.
707 5572 978 5645 γέννησις.

226 5573 338 5718 £47;
377 5645 547 5700 Palat.
579 5643 638 5697 έν
664 5643 832 5712 λέγει,
863 5643 978 5713 οὐγὶ

249 5574 316 5630 46
374 5573 674 5635 Palatinus.
707 5572 978 5645 γέννησις.

249 5573 338 5713 47;
377 5645 547 5700 Palat.
579 5643 638 5697 έν
664 5643 832 5712 λέγει,
863 5643 982 5713 οὐγὶ
1004 5642 1051 5697 δ.
1092 5641 1233 5697 Editi
1262 5642 1422 5709 male,
1449 5642 1616 5696 ἐννόει

1902 5576 2016 5652 (48)
2035 5576 2191 5648 ηδε..
2216 5578 2448 5636 Παῦλον.
2467 5579 2601 5635 lbid.
2620 5566 2819 5649 Palat.,
2839 5582 2918 5645 είς
2937 5581 3073 5652 ὅπερ
3095 5575 3389 5648 κέκλημαι.
