3850 6226
435 220 574 277 1245

1477 223 1535 278 S.
1578 221 2043 280 ATHANASIUS.
2093 255 2154 266 —
2195 223 2464 283 SPURIA.

3575 222 3726 276 mi
3801 179 3803 226 ⁵

434 327 580 403 dico,
608 338 702 394 sed
735 353 765 394 a
803 336 1049 394 Christo.
1083 337 1236 394 Orth.
1272 339 1436 408 Atqui
1466 339 1749 411 Scriptura
1787 341 1966 411 inquit
1995 357 2008 392 :

2122 338 2298 395 εἴπεν·
2341 362 2359 394 ι
2413 342 2630 414 Ηὺρέθη
2671 343 2730 395 ἐν
2779 341 2978 413 γαστρὶ⁷
3024 340 3222 412 ἔχουσα
3263 339 3328 392 ἐκ
3375 338 3727 410 Πνεύματος

440 451 459 483 ι
485 430 708 485 Inventa
736 439 821 485 est
846 431 900 484 in
931 437 1089 486 utero
1118 432 1324 487 habens
1353 433 1419 486 de
1451 432 1658 502 Spiritu
1691 444 1936 489 sancto.»

511 521 598 574 26.
640 519 851 576 Maccd.
881 519 977 575 Die
1008 521 1142 576 mihi
1182 522 1274 575 ubi
1309 523 1575 592 scriptum
1605 525 1696 587 sit,
1731 524 2012 594 quidpiam

433 613 697 682 aSpiritu
745 622 938 668 sancto
988 614 1162 670 fuisse
1192 613 1495 668 conditum.
1531 615 1684 671 Orth.
1729 616 2015 671 Sulliciunt

433 705 657 773 quidem
679 720 741 758 ea
759 703 926 775 456
943 721 1065 774 quae
1090 704 1332 761 diximus
1361 706 1705 762 auditoribus
1735 709 2012 772 omnibus,

435 797 529 865 qui
575 797 791 850 sincere
831 797 930 850 rei.
959 798 1358 866 cognoscendae
1402 799 1642 853 studium
1691 801 2010 856 attulerint:

437 888 700 957 quoniam
735 897 914 940 autem
961 889 1123 942 nobis
1155 889 1496 959 propositum
1535 897 1620 944 est
1651 907 1812 946 secus
1852 894 2013 947 etiam

437 979 648 1034 allectis
682 979 943 1048 prodesse
973 999 986 1034 :
1024 980 1152 1032 audi
1183 981 1350 1034 etiam
1384 979 1650 1052 Spiritum
1675 985 1756 1038 sic
1784 984 2015 1054 loquen-

435 1082 582 1127 tem:
616 1092 633 1122 ι
659 1071 891 1126 Paratus
920 1081 1060 1138 esto,
1091 1073 1284 1139 lsrael,
1313 1075 1381 1128 ad
1426 1075 1797 1132 invocandum
1845 1078 2014 1134 Deum

435 1171 612 1217 tuum.
663 1162 803 1218 Ecce
845 1164 990 1217 enim
1018 1179 1140 1234 ego,
1173 1165 1266 1234 qui
1318 1169 1477 1220 tirmo
1517 1169 1750 1235 tonitru,
1785 1179 1839 1223 et
1889 1186 2018 1226 creo

436 1255 712 1322 spiritum,
748 1261 801 1307 et
830 1254 1147 1310 hominibus
1173 1258 1442 1311 annuntio
1459 1256 1739 1313 Christum
1762 1261 1962 1330 ejus“.
1991 1281 2010 1314 ι

436 1341 643 1398 Maced.
678 1343 840 1398 Pater
881 1345 928 1399 is
980 1354 1086 1410 est,
1122 1348 1216 1417 qui
1265 1347 1530 1418 loquitur.
1572 1348 1725 1404 Orth.
1763 1350 1818 1404 Si
1858 1351 2020 1407 Pater

435 1435 771 1502 loqueretur,
802 1435 1096 1491 dicendum
1123 1439 1172 1492 ei
1213 1437 1432 1504 fuisset,
1467 1439 1570 1506 Qui
1620 1441 1886 1496 annuntio
1919 1443 2018 1497 ho-

435 1527 676 1582 minibus
724 1526 1008 1582 Christum
1043 1545 1266 1597 meum;
1306 1547 1488 1601 neque
1534 1533 1790 1598 dixisset,
1851 1534 2016 1588 Chri—

435 1621 580 1669 stum
613 1615 754 1686 ejus.
791 1615 886 1670 Dic
914 1618 1059 1671 enim
1088 1619 1222 1672 mihi
1258 1635 1326 1673 an
1352 1622 1420 1675 ab
1451 1623 1558 1675 alio
1585 1622 1696 1678 Deo
1721 1639 1880 1694 quam
1912 1624 2018 1679 Pa-

2119 433 2296 502 ἁγίου.
2329 454 2348 486 ι

2187 525 2276 578 26.
2314 525 2534 580 Μακεδ.
2573 527 2716 596 Αὐτῇ
2750 528 2815 595 τῇ
2845 525 2986 592 λέξει
3037 523 3159 578 είπέ
3205 541 3316 594 μοι,
3351 523 3458 575 ποῦ
3497 523 3718 594 γέγρα-

2118 634 2270 683 πται,
2293 618 2373 671 ὅτι
2402 635 2454 670 τι
2478 617 2657 671 ἔκτισε
2688 617 2750 670 τὸ
2777 616 3020 687 Πνεῦμα.
3049 617 3202 684 Ὀρθ.
3246 617 3432 687 Ἀρκεῖ
3465 615 3571 685 μὲν
3598 616 3715 676 τοῖς

2117 708 2475 778 εὐγνωμόνως
2517 709 2773 762 ἀκούουσι
2817 709 2912 762 καὶ
2953 708 3022 761 τά
3064 707 3472 779 προειρημένα·
3510 705 3711 772 ἐπειδὴ

2116 797 2173 849 δὲ
2207 798 2405 861 σκοπὸς
2448 801 2580 869 ἡμῖν
2609 801 2754 852 ἐστιν
2799 799 3077 869 ὠφελῆσαι
3105 797 3216 869 (49)
3245 797 3342 850 καὶ
3372 797 3499 858 τοὺς
3526 793 3715 862 ἀγνὼ-

2121 905 2289 957 μονας
2309 930 2324 953 ,
2378 891 2542 944 ἄκουε
2575 893 2668 946 καὶ
2709 891 2803 945 τοῦ
2829 893 3141 962 Πνεῦματος
3165 890 3443 958 λέγοντοςο
3479 909 3498 940 ι
3535 889 3716 942 Ἑτοι-

2120 983 2294 1052 μὰζου
2328 984 2422 1037 τοῦ
2458 984 2836 1039 ἐπικαλεῖσθαι
2874 985 2964 1038 τὸν
3006 984 3138 1037 Θεόν
3174 1000 3267 1036 σου
3328 981 3574 1053 Ἰσραὴλ,
3623 980 3716 1033 ὅτι

2119 1076 2228 1129 ίδοὺ
2261 1077 2370 1142 ἐγὼ
2399 1075 2633 1148 στερεῶν
2670 1076 2915 1148 βροντὴν,
2953 1076 3047 1129 καὶ
3076 1074 3275 1138 κτίζων
3314 1073 3572 1144 πνεῦμα,
3613 1082 3712 1133 καὶ

2118 1167 2480 1236 ἀπαγγέλλων
2525 1171 2606 1232 είς
2649 1167 2970 1240 ἀνθρώπους
3018 1166 3111 1220 τὸν
3170 1165 3402 1237 Χριστὸν
3450 1161 3643 1218 αὑτοῦ.
3681 1180 3707 1214 ι

2117 1261 2342 1316 Μακεδ.
2381 1263 2438 1314 Ὀ
2473 1263 2662 1333 Πατήρ
2697 1264 2843 1315 ἐστιν
2873 1263 2902 1315 6
2931 1260 3125 1329 λέγων.
3165 1260 3321 1327 Ὀρθ.
3355 1259 3419 1311 Et
3453 1259 3481 1310 6
3508 1257 3710 1328 Πατὴρ

2115 1351 2320 1419 ἔλεγεν,
2353 1346 2498 1422 εἶχεν
2523 1351 2587 1405 ἂν
2617 1354 2813 1414 εἰπεῖν,
2853 1350 3233 1419 Ἀπαγγέλλων
3271 1351 3351 1412 είς
3377 1347 3708 1420 ἀνθρώπους

2115 1443 2206 1498 τὸν
2224 1443 2456 1515 Χριστόν
2483 1460 2605 1514 μου·
2626 1443 2718 1496 καὶ¹
2747 1443 2844 1496 οῦκ
2864 1441 2929 1496 ἂν
2957 1438 3132 1505 εἶπεν,
3149 1440 3239 1495 τὸν
3262 1441 3495 1510 Χριστὸν
3511 1438 3707 1492 αὑτοῦ.

2131 1535 2284 1587 Ἐπεὶ
2318 1535 2440 1588 εἰπέ
2479 1553 2590 1605 μοι,
2627 1537 2675 1588 εί
2724 1534 2882 1588 ἀλλου
2916 1534 3050 1587 Θεοῦ
3094 1535 3211 1586 ἐστι
3274 1534 3426 1604 παρά
3452 1533 3547 1585 τὸν
3589 1533 3710 1586 Πα-

2118 1627 2253 1699 τέρα
2285 1628 2313 1680 6
2343 1629 2597 1699 Χριστός.
2634 1626 2857 1682 Μακεὸ.
2890 1627 3082 1692 Ἀλλος
3119 1627 3215 1698 μὲν
3259 1627 3389 1690 Θεὸς
3433 1631 3588 1697 παρὰ
3614 1627 3712 1680 τὸν

434 1711 520 1759 tre
557 1706 627 1760 sit
665 1707 944 1762 Christus.
982 1707 1191 1762 Maced.
1229 1710 1388 1766 Alius
1422 1714 1643 1782 quidem
1682 1688 1860 1786 neque
1890 1717 2014 1782 fuit,

2122 1688 2358 1790 Χριστοῦ
2393 1688 2612 1793 Πατέρα
2644 1721 2766 1774 οὔτε
2792 1716 2880 1792 ἦν,
2929 1688 3262 1783 οῦτεψέιστὶν,
3298 1688 3420 1773 οὔτε
3448 1688 3606 1772 ἔσται
3627 1736 3640 1747 ·
3682 1721 3715 1772 6

436 1811 538 1849 nec
567 1802 674 1856 est,
708 1813 809 1851 nec
842 1799 947 1852 erit
971 1797 1115 1854 Deus
1149 1809 1348 1870 praeter
1392 1802 1598 1858 Christi
1630 1804 1846 1860 Patrem
1875 1826 1889 1862 :
1924 1808 2020 1863 sed

435 1888 699 1958 pr0pheta
727 1889 772 1942 is
806 1892 1023 1960 est,qui
1050 1892 1220 1947 dicit:
1257 1913 1274 1945 ι
1297 1893 1528 1951 Paratus
1551 1908 1692 1961 esto,
1727 1897 1916 1964 lsrael,
1953 1903 2021 1956 ad

437 1979 805 2033 invocandnm
851 1981 1017 2037 Deum
1071 1993 1261 2040 tuum:
1299 2006 1317 2038 ι
1358 2004 1534 2058 neque
1586 1993 1849 2061 scriptum
1895 2003 2017 2061 est,

443 2086 462 2118 ι
489 2068 633 2123 Ecce
669 2087 790 2140 ego,
821 2090 839 2123 ι
895 2073 989 2126 sed
1022 2093 1034 2127 :
1073 2094 1089 2125 ι
1119 2075 1256 2130 Ecce
1311 2078 1402 2146 qui
1460 2080 1641 2134 ﬁrmat
1690 2083 1920 2148 tonitru,
1967 2093 2021 2140 et

435 2165 588 2211 creat
629 2161 881 2227 spiritqu
914 2203 928 2226 ,
961 2173 1014 2216 et
1049 2167 1337 2218 annuntiat
1377 2166 1694 2225 hominibus
1741 2172 2019 2228 Christum

432 2250 598 2318 ejus:
635 2271 652 2302 ι
683 2252 799 2321 ipse
839 2254 1095 2308 videlicet
1148 2255 1312 2314 Deus.
1369 2260 1524 2316 Orth.
1557 2262 1752 2318 Omnia
1800 2267 2020 2336 quidem

436 2340 598 2395 vobis
628 2341 815 2407 licent,
844 2345 939 2399 sed
977 2362 1086 2398 non
1118 2349 1303 2401 omnia
1326 2353 1645 2420 expediunt.
1677 2352 1787 2409 Vos
1808 2357 1952 2410 enim
1985 2358 2020 2411 ii

435 2432 573 2485 estis
607 2433 701 2502 qui
738 2435 915 2487 sancti
948 2433 1102 2490 Pauli
1150 2438 1215 2492 ad
1259 2437 1520 2497 Hebraeos
1567 2441 1864 2512 Epistolam
1899 2447 2023 2516 reji-

438 2523 588 2588 citis,
617 2523 958 2608 et_Episto|ze
986 2527 1053 2580 ad
1081 2529 1358 2587 Romanos
1398 2542 1713 2588 contextum
1753 2538 2021 2608 deprava-

433 2615 560 2678 stis,
597 2599 721 2668 cum
746 2617 930 2673 dicitis
955 2621 1218 2690 scriptum
1251 2639 1360 2677 non
1393 2641 1516 2680 esse
1541 2641 1554 2677 :
1589 2645 1606 2676 ι
1631 2625 1732 2681 Per
1755 2599 2019 2698 Spiritum

437 2704 561 2772 ejus
602 2705 998 2763 inhabitantem
1041 2711 1097 2764 in
1131 2711 1318 2778 vobis;
1347 2732 1364 2764 ι
1397 2715 1514 2781 sed,
1547 2732 1565 2765 ι
1591 2727 1814 2785 propter
1847 2717 2021 2788 Spiri-

434 2805 553 2851 tum
576 2799 696 2868 ejus
726 2799 1117 2856 inhabitantem
1131 2803 1196 2857 ".
1224 2822 1242 2854 ι
1275 2804 1412 2870 Quin
1433 2806 1595 2860 etiam
1629 2823 1756 2862 ecce
1786 2811 2022 2880 prophe-

439 2895 511 2943 tae
547 2906 767 2959 quoque
798 2895 962 2948 verba
995 2895 1214 2951 conaris
1244 2895 1565 2966 depravare.
1593 2896 1699 2953 Sed
1722 2900 1824 2953 hoc
1858 2917 2020 2955 nemo

437 2981 538 3034 tibi
563 2982 848 3036 concedet.
886 2983 1103 3053 Itaque,
1139 2985 1182 3038 si
1213 2985 1590 3055 propheticum
1621 2987 1752 3042 illud
1776 2990 2020 3057 protule-

436 3060 635 3138 rim'us,
655 3080 707 3126 et
738 3061 1144 3130 ostenderimus
1176 3077 1438 3146 scriptum
1457 3093 1579 3133 esse
1604 3093 1618 3129 :
1644 3097 1662 3129 ι
1689 3078 1826 3134 Ecce
1846 3096 1968 3150 ego,
1997 3101 2016 3134 ι

439 3174 510 3214 an
536 3161 634 3215 tibi
663 3165 980 3232 persuaderi
1016 3164 1166 3220 sines
1203 3175 1510 3221 creatorem
1559 3183 1680 3223 esse
1716 3169 2023 3240 Spiritum?

438 3244 648 3304 ldced.
686 3251 814 3305 Scio
867 3253 923 3306 in
972 3255 1254 3310 nonnullis
1299 3257 1707 3326 exemplaribus
1750 3261 2019 3330 scriptum

439 3363 566 3402 esse
595 3363 608 3400 :
650 3367 668 3398 ι
691 3347 832 3403 Ecce
863 3364 984 3418 ego.
1014 3369 1032 3402 ι
1067 3350 1175 3404 Sed
1204 3350 1258 3403 in
1288 3353 1696 3422 exemplaribus
1725 3355 1836 3409 illis
1864 3371 2021 3410 erra-

438 3443 555 3490 tum
604 3453 728 3492 esse
781 3437 926 3493 dico.
958 3437 1069 3494 Nec
1125 3439 1270 3492 enim
1326 3449 1756 3496 consentaneum
1789 3451 1844 3496 et
1895 3459 2023 3498 eon-

437 3546 642 3601 gruens
684 3538 770 3587 est
811 3531 1016 3597 dicere,
1057 3531 1323 3603 Spiritum
1371 3549 1497 3587 eum
1548 3550 1672 3590 esse
1702 3536 1795 3606 qui
1828 3536 2015 3592 dicat:

443 3643 462 3674 ι
484 3623 624 3678 Ecce
656 3640 757 3695 ego
789 3626 883 3696 qui
942 3627 1098 3687 ﬁrmo
1153 3627 1383 3689 tonitru,
1418 3635 1473 3681 et
1517 3643 1644 3683 creo
1691 3630 1964 3698 spiritum.
1993 3650 2012 3684 ι

438 3715 594 3769 Orlh.
629 3715 742 3770 lmo
777 3717 892 3771 Ι]ωο
924 3718 1156 3771 maxima
1200 3728 1286 3773 est
1328 3719 1524 3772 borum
1565 3721 1856 3774 verborum
1887 3738 2018 3776 con-

437 3809 714 3877 gruentia,
753 3816 940 3877 utpote.
987 3825 1109 3879 qua:
1144 3811 1304 3864 aliter
1335 3828 1500 3881 quam
1539 3813 1643 3867 hoc
1683 3815 1847 3868 modo
1880 3832 2016 3871 con-

437 3907 697 3969 gruenter
757 3903 1009 3956 construi
1043 3918 1153 3956 non
1201 3905 1440 3972 possint.
1492 3901 1734 3974 Spiritus
1786 3908 1931 3962 enim
1970 3910 2016 3965 is

437 3996 543 4052 est,
579 3990 669 4059 qui
706 3990 842 4044 dicit
873 4011 885 4046 :
927 4011 944 4042 ι
972 3984 1204 4047 Paratus
1244 4001 1385 4056 esto,
1436 3993 1624 4056 Israel,
1663 3994 1730 4047 ad
1755 3997 2017 4050 invocan-

437 4080 568 4135 dum
610 4082 779 4136 Deum
826 4091 1000 4138 tuum.
1039 4083 1178 4138 Ecce
1211 4086 1358 4139 enim
1391 4101 1496 4156 ego
1523 4106 1542 4138 ι
1570 4086 1837 4157 (Spiritus
1863 4089 2014 4144 vide-

437 4173 585 4241 licet)
625 4193 642 4224 ι
665 4175 759 4243 qui
809 4176 964 4229 lirrno
995 4176 1224 4240 tonitru,
1261 4184 1314 4231 et
1353 4193 1482 4232 creo
1517 4179 1794 4248 spiritum,
1827 4189 1881 4234 et
1917 4195 2016 4234 an-

437 4266 635 4317 nuntio
691 4267 1003 4322 hominibus
1042 4267 1324 4324 Christum
1371 4269 1513 4338 ejus,
1541 4289 1559 4321 »
1610 4271 1863 4325 videlicet
1894 4271 2009 4327 Dei.

2123 1816 2406 1886 προφήτης
2440 1815 2496 1867 δέ
2528 1818 2675 1869 ἐστιν
2703 1816 2732 1867 6
2782 1814 2987 1883 λέγων·
3026 1832 3045 1864 ι
3088 1815 3405 1884 Ἐτοιμάζου
3450 1813 3548 1866 τοῦ
3587 1816 3716 1865 ἐπι-

2121 1906 2403 1960 καλεῖσθαι
2431 1907 2522 1960 τὸν
2547 1907 2680 1960 Θεὸν
2710 1923 2826 1969 σου,
2867 1905 3085 1976 Ἰσραήλ
3104 1921 3119 1935 ο
3153 1924 3172 1956 ι
3210 1907 3272 1958 οὐ
3312 1908 3487 1959 κεῖται
3513 1904 3578 1958 δέ
3613 1906 3677 1958 τὸ
3697 1947 3714 1969 ,

2127 2017 2145 2048 ι
2170 1997 2299 2051 Ἰδοὺ
2323 1997 2453 2066 ἐγὼ,
2488 2018 2506 2048 ι
2527 1998 2640 2050 ἀλλ’
2667 2018 2685 2050 ι
2708 1999 2838 2053 Ἰδοὺ
2859 1998 3092 2070 στερεῶν
3112 1997 3362 2069 βροντὴν,
3382 1997 3479 2050 καὶ
3502 1997 3718 2061 κτίζων

2124 2090 2363 2161 πνεῦμα,
2397 2091 2754 2159 ἀπαγγέλλων
2777 2094 2856 2155 είς
2878 2091 3197 2161 ἀνθρώπους
3220 2091 3311 2143 τὸν
3345 2089 3582 2161 Χριστὸν
3615 2089 3723 2142 αὑ-

2121 2176 2214 2228 τοῦ
2234 2193 2246 2206 ·
2287 2197 2305 2228 ι
2336 2179 2497 2242 αὐτὸς
2531 2182 2558 2232 6
2583 2179 2734 2242 Θεός.
2780 2180 2937 2248 Ὀρθ.
2963 2182 3148 2235 Πάντα
3168 2182 3297 2251 ὑμῖν
3326 2179 3559 2244 ἔξεστιν,
3591 2178 3718 2231 ἀλλ’

2121 2267 2181 2320 οὐ
2224 2267 2400 2320 πάντα
2458 2270 2747 2342 συμφέρει.
2791 2269 2980 2340 Ὑμεῖς
3027 2270 3136 2340 γάρ
3190 2271 3314 2322 ἐστε
3361 2266 3409 2319 οἶ
3467 2267 3566 2318 καὶ
3612 2264 3720 2335 τὴν

2123 2362 2262 2432 πρὸς
2295 2361 2578 2432 Ἐϐραίους
2614 2362 2708 2414 τοῦ
2749 2361 2901 2430 ἁγίου
2935 2361 3147 2414 Παῦλου
3195 2359 3715 2430 παραγραψάμενοι,

2122 2455 2218 2506 καὶ
2257 2452 2356 2525 τὴν
2412 2453 2549 2524 πρὸς
2603 2453 2908 2524 Ῥωμαίους
2955 2453 3487 2524 παραχαράττοντες,
3539 2451 3606 2502 ἐν
3635 2448 3718 2519 τῷ

2121 2545 2320 2614 λέγειν,
2359 2546 2420 2598 οὐ
2460 2545 2800 2616 γέγραπται,
2849 2563 2866 2595 ι
2900 2544 2997 2597 Διά
3027 2543 3121 2597 τοῦ
3157 2542 3490 2604 ἐνοικοῦντος
3536 2541 3718 2594 Πνεῦ-

2126 2655 2292 2708 ματος
2322 2639 2378 2689 ἐν
2419 2638 2545 2707 ὑμῖν
2571 2635 2732 2706 (50),
2755 2654 2773 2686 ι
2806 2634 2963 2698 ἀλλὰ,
2992 2653 3008 2683 ι
3037 2633 3124 2686 διὰ
3155 2633 3216 2685 τὺ
3247 2628 3490 2684 ἐνοικοῦν
3541 2629 3715 2683 αὐτοῦ

2123 2727 2368 2797 Πνεῦμα.
2397 2746 2414 2777 ι
2455 2726 2584 2779 Ἰδοὺ
2619 2725 2682 2796 δὴ
2717 2724 2926 2778 καὶτὸν
2958 2724 3246 2795 προφήτην
3272 2723 3573 2792 ἐπιχειρεῖς
3611 2733 3716 2772 πα-

2126 2816 2500 2887 ραχαράττειν.
2560 2814 2700 2866 Ἀλλ’
2739 2813 2914 2876 οὐδείς
2968 2830 3049 2865 σοι
3101 2814 3391 2881 συγχωρεῖ.
3450 2810 3581 2863 Ἐὰν
3621 2807 3717 2863 οὗν

2124 2907 2549 2978 προκομίσωμεν
2581 2909 2642 2958 τὸ
2680 2905 3040 2978 προφητικὸν,
3087 2904 3180 2957 κα)⁸
3229 2901 3516 2972 δείξωμεν,
3543 2902 3631 2953 ὅτι
3654 2901 3719 2954 τὸ

2130 3017 2147 3049 ι
2184 2999 2312 3051 Ἰδοὺ
2342 2997 2450 3064 ἐγὼ
2494 3018 2511 3050 ι
2547 2998 2878 3069 γέγραπται,
2909 2996 3092 3066 πείθῃ,
3124 2996 3206 3048 ὅτι
3237 2993 3410 3057 κτίζει
3445 2993 3507 3045 τὺ
3539 2995 3718 3045 Πνεῦ-

2127 3105 2231 3160 μα;
2272 3089 2492 3143 Μακεδ.
2523 3085 2674 3153 Οἶδα,
2703 3090 2784 3140 ὅτι
2818 3089 2875 3141 ἐν
2910 3088 3070 3150 ἐνίοις
3107 3086 3216 3140 τῶν
3239 3085 3596 3156 ἀντιγράφων
3622 3085 3716 3152 γέ-

2122 3198 2365 3252 γραπται
2393 3182 2473 3243 τὸ,
2504 3202 2521 3232 ι
2558 3181 2687 3234 Ἰδοὺ
2713 3178 2843 3248 ἐγώ.
2871 3199 2890 3230 ι
2921 3179 3057 3232 Ἀλλ’
3082 3178 3192 3246 ἐγὼ
3214 3177 3359 3244 λέγω
3389 3176 3716 3245 ἐσφαλμένα

2121 3267 2260 3323 εἶναι
2299 3269 2369 3322 τά
2396 3270 2724 3340 ἀντίγραφα.
2757 3269 2834 3321 Οὐ
2869 3269 2975 3340 γὰρ
3006 3268 3118 3338 ἔχει
3139 3266 3461 3320 ἀκολουθίαν
3503 3265 3712 3332 λέγειν,

2119 3361 2181 3413 τὸ
2211 3360 2439 3429 Πνεῦμά
2490 3362 2606 3412 ἐστι
2637 3359 2696 3412 τὸ
2740 3358 2918 3427 λέγον,
2969 3360 3050 3410 ὅτι
3097 3376 3115 3408 ι
3153 3357 3285 3409 Ἰδοὺ
3319 3355 3432 3424 ἐγὼ
3466 3356 3713 3426 στερεῶν

2121 3454 2374 3525 βροντὴν,
2409 3455 2503 3507 καὶ
2554 3453 2756 3516 κτίζων
2804 3452 3042 3520 πνεῦμα.
3081 3472 3099 3502 ι
3153 3452 3308 3518 Ὀρθ.
3358 3450 3627 3517 Καίτοιγε
3675 3452 3710 3520 ή

2122 3547 2355 3617 μεγίστη
2387 3544 2680 3598 ἀκολουθία
2712 3542 2805 3596 τοῦ
2855 3541 3021 3614 ῥητοῦ
3057 3541 3194 3612 αῦτη
3216 3581 3231 3605 ,
3269 3541 3365 3593 καὶ
3407 3540 3586 3602 ἄλλως
3618 3540 3710 3604 ἐξ-

2117 3636 2474 3708 ομαλισθῆναι
2508 3636 2568 3687 οὐ
2591 3635 2809 3687 δύναται
2833 3633 3074 3703 ἢοῦτως.
3097 3631 3170 3683 Τὸ
3195 3629 3303 3701 γὰρ
3331 3630 3560 3700 Πνεῦμά
3589 3633 3709 3684 ἐστι

2117 3730 2178 3781 τὸ
2201 3729 2375 3796 λέγον·
2407 3747 2424 3777 ι
2451 3725 2772 3796 Ἐτοιμάζου
2801 3724 2894 3778 τοῦ
2919 3721 3297 3778 ἐπικαλεῖσθαι
3316 3722 3408 3773 τὸν
3423 3720 3556 3774 Θεόν
3587 3738 3706 3784 σου,

2116 3820 2154 3871 Ἰ
2165 3819 2484 3890 σραήλ.”οτι
2507 3817 2614 3870 ἰδοὺ
2631 3819 2740 3884 ἐγὼ
2754 3815 2816 3868 τὸ
2833 3815 3072 3883 Πνεῦμα,
3094 3811 3328 3884 στερεῶν
3344 3811 3591 3882 βροντὴν,
3613 3814 3709 3865 καὶ

2117 3909 2314 3974 κτίζων
2342 3911 2454 3981 (Si)
2483 3909 2719 3978 πνεῦμα,
2756 3907 2850 3960 καὶ
2879 3905 3236 3974 ἀπαγγέλλων
3270 3907 3349 3968 είς
3382 3904 3708 3975 ἀνθρώπους

2114 4002 2207 4055 τὸν
2228 4003 2462 4073 Χριστὸν
2495 3999 2682 4062 αὐτοῦ,
2709 4017 2726 4048 ι
2750 3997 2992 4068 δηλονότι
3013 3996 3106 4048 τοῦ
3126 3995 3281 4048 Θεοῦ.
3299 3993 3524 4048 Μακεδ.
3544 3994 3707 4046 Ποῖον

2120 4092 2335 4163 πνεῦμα
2357 4091 2530 4156 κτίζει
2553 4109 2566 4157 ;
2587 4092 2736 4157 Ὀρο.
2755 4089 2816 4141 Ei
2849 4088 2944 4158 μὲν
2968 4086 3110 4139 κατὰ
3137 4087 3198 4138 τὸ
3216 4085 3476 4156 ρητὸν,τὸ
3502 4085 3709 4154 ἑπόμε-

2114 4200 2204 4236 νον
2236 4186 2303 4254 τῇ
2339 4183 2569 4254 βροντῇ·
2604 4185 2651 4234 εί
2679 4181 2736 4234 δὲ
2767 4178 2912 4233 κατά
2939 4178 3198 4243 διάνοιαν,
3225 4177 3254 4229 ὃ
3284 4173 3438 4229 εἶπεν
3477 4179 3506 4228 6
3548 4177 3710 4245 ἅγιος

2115 4273 2325 4336 Παῦλος
2365 4293 2383 4324 ι
2422 4271 2724 4343 τηρηθῆναι
2755 4270 3044 4340 ἄμεμπτον
3075 4267 3213 4338 μετά
3240 4266 3339 4336 τῆς
3378 4265 3578 4336 ψυχῆς,
3613 4267 3710 4318 καὶ

437 4351 647 4410 Maced.
697 4355 869 4421 Quem
922 4359 1176 4426 spiritum
1235 4361 1418 4414 creat?
1475 4360 1628 4418 Ortlt.
1683 4360 1740 4415 Si
1776 4364 2011 4418 litteram

2122 4365 2206 4418 τοῦ
2231 4364 2501 4435 σώματος.
2527 4366 2582 4418 ἐν
2603 4366 2670 4434 τῇ
2702 4361 2974 4432 παρουσίᾳ
3002 4359 3095 4412 τοῦ
3114 4357 3317 4429 Κυρίου
3342 4356 3503 4428 ήμῶν
3526 4356 3707 4427 Ἰησοῦ

435 4444 659 4513 quidem
682 4447 918 4500 etverba
941 4449 1057 4518 ipsa
1089 4458 1326 4518 spectes,
1355 4452 1610 4521 spiritum
1644 4468 1741 4506 seu
1764 4462 2010 4519 ventum,

436 4534 532 4603 qui
557 4537 763 4589 tonitru
798 4541 1295 4605 consequiturzsin
1326 4557 1456 4596 vero
1473 4544 1801 4597 sententiam
1839 4547 2012 4614 ipsam

434 4627 774 4690 consideres,
817 4645 939 4683 eum
992 4631 1248 4700 Spiritum
1271 4673 1286 4698 ,
1319 4650 1480 4704 quem
1511 4635 1586 4688 ait
1617 4649 1844 4691 sanctus
1871 4636 2014 4692 Pau-

437 4720 523 4776 lus
554 4740 568 4776 :
596 4740 611 4772 ι
645 4720 920 4775 Custodiri
944 4724 1280 4794 inculpatum
1313 4741 1436 4779 eum
1463 4728 1643 4780 anima
1675 4737 1730 4782 et
1764 4745 2010 4801 corpore,

436 4812 503 4867 ad
542 4812 760 4867 Domini
800 4817 974 4870 nostri
1021 4815 1152 4870 Jesu
1185 4817 1392 4872 Christi
1429 4819 1720 4874 adventum
1739 4822 1804 4878 “.
1828 4843 1846 4874 ι
1876 4824 2012 4879 Nam

434 4923 532 4977 per
565 4927 582 4958 ι
613 4908 960 4962 obﬁrmatum
1007 4910 1210 4963 tonitru
1241 4929 1258 4961 ι
1303 4910 1690 4981 intelligendus
1723 4922 1808 4968 est
1839 4915 2016 4985 bapti—

436 5018 592 5057 smus
620 5003 712 5057 ille
748 5003 898 5072 prior
932 5003 1075 5072 apud
1106 5003 1325 5059 Judazos
1356 5014 1679 5075 usurpatus,
1718 5022 1928 5063 vacuus
1959 5017 2014 5064 et

435 5110 647 5164 aqueus
680 5113 692 5147 :
726 5096 863 5150 adeo
899 5103 958 5150 ut
1014 5097 1216 5151 dixerit
1274 5105 1503 5152 sanctus
1541 5096 1782 5155 Joannes
1811 5119 1824 5154 :
1859 5120 1876 5152 ι
1901 5101 2014 5172 Ego

435 5187 660 5258 quidem
693 5188 910 5260 baptizo
944 5205 1040 5244 vos
1089 5205 1232 5261 aqua
1286 5190 1354 5244 ad
1409 5192 1788 5260 pmnitentiam
1822 5212 1836 5247 ς
1865 5194 2015 5248 venit

2118 4453 2380 4525 Χριστοῦ.
2415 4475 2433 4506 ι
2474 4455 2584 4507 Καὶ
2629 4453 2739 4524 γὰρ
2780 4453 2879 4522 τὴν
2912 4447 3323 4521 ἐστερεωμένην
3381 4447 3618 4519 βροντὴν
3647 4447 3707 4499 τὺ

2119 4547 2402 4617 βάπτισμα
2446 4545 2526 4598 δεῖ
2571 4547 2753 4608 νοεῖν,
2798 4543 3059 4614 πρότερον
3106 4539 3166 4593 ὃν
3220 4537 3374 4609 παρὰ
3430 4538 3705 4600 Ἰουδαίοις

2118 4635 2315 4708 χαῦνον
2342 4639 2436 4689 καὶ
2485 4635 2753 4698 ὑδατῶδες
2772 4652 2784 4664 ·
2817 4634 2957 4686 ὥστε
2985 4632 3163 4702 λέγειν
3189 4631 3281 4683 τὸν
3324 4629 3484 4698 ἅγιον
3522 4628 3705 4682 Ἰωάν-

2115 4746 2248 4800 νηνσ
2285 4749 2303 4780 ι
2338 4728 2478 4797 Ἐγὼ
2531 4729 2628 4798 μὲν
2663 4725 2908 4798 βαπτίζω
2947 4726 3091 4796 ὑμᾶς
3132 4725 3188 4776 ἐν
3223 4721 3377 4774 ῦδατι
3408 4724 3492 4785 είς
3535 4722 3704 4791 μετά-

2115 4840 2295 4876 νοιαν”
2330 4822 2550 4892 ἔρχεται
2599 4822 2656 4874 δὲ
2701 4822 2728 4872 6
2775 4818 3118 4891 ἰσχυρότερός
3162 4834 3284 4888 μου,
3333 4816 3395 4880 ὃς
3427 4817 3575 4888 ὑμεῖς
3609 4816 3706 4888 βα-

2118 4916 2300 4968 πτίσει
2347 4916 2404 4966 ἐν
2438 4912 2718 4982 Πνεύματι
2766 4911 2907 4980 ἁγίῳ
2950 4909 3044 4962 καὶ
3091 4907 3289 4979 πυρί.»
3349 4906 3574 4977 Ἐπειδὴ
3609 4902 3703 4958 οὖν

2117 5008 2247 5061 αὐτὸ
2279 5006 2340 5058 τὸ
2371 5005 2652 5076 βάπτισμα
2679 5005 2746 5073 τῇ
2779 5000 2871 5054 τοῦ
2903 4999 3222 5070 Πνεῦματος
3256 4997 3538 5069 παρουσίᾳ
3577 5013 3699 5049 στε-

2119 5100 2358 5171 ρεοῦται,
2394 5097 2574 5160 καλῶς
2605 5096 2841 5168 εἴρηται,
2866 5095 2947 5147 ὅτι
2975 5112 2995 5144 ι
3037 5092 3167 5145 Ἰδοὺ
3191 5089 3306 5159 ἐγὼ
3335 5110 3354 5142 ι
3384 5091 3447 5143 τὸ
3471 5089 3698 5159 Πνεῦμα

2125 5211 2144 5243 ι
2177 5189 2415 5264 στερεῶν
2465 5188 2728 5262 βροντὴν,
2769 5187 2864 5240 καὶ
2916 5184 3116 5249 κτίζων
3155 5181 3415 5254 πνεῦμα,
3452 5201 3497 5274 ι,
3536 5183 3599 5236 τὸ
3640 5185 3698 5235 ἐν

507 5343 554 5377 ⁸⁸
588 5344 756 5401 Amos
787 5361 862 5412 ιν,
903 5345 1001 5411 12,
1037 5346 1124 5400 15.
1198 5345 1241 5380 ’⁵⁷
1283 5345 1444 5404 Rom.
1477 5361 1612 5413 vui,
1647 5347 1702 5403 9.
1779 5348 1825 5380 "
1862 5348 1883 5403 l
1915 5346 2014 5403 Tht

2147 5363 2201 5412 v,
2234 5345 2326 5402 2'5.

511 5498 622 5580 (69')
661 5499 856 5566 Palat.,
889 5502 1188 5584 ὠφελῆσαι,
1227 5502 1336 5585 ἰδοὺ
1375 5503 1486 5571 ἐγὼ
1519 5504 1752 5575 στερεῶν
1783 5505 1872 5627 βρ.
1965 5574 1979 5591 ν

512 5571 623 5627 (50)
663 5571 862 5627 Palat..
893 5573 979 5627 διὰ
1018 5590 1110 5627 του
1134 5576 1450 5627 Πνευματος
1481 5577 1536 5627 ἐν
1566 5576 1712 5627 ὑμῖν.
1761 5576 1820 5627 Ἀ
1854 5575 1897 5627 λ’
1926 5592 1979 5627 ου

512 5571 623 5646 (50)
663 5571 862 5638 Palat.,
893 5571 979 5628 διὰ
1018 5571 1110 5627 τοῦ
1134 5571 1450 5642 Πνεῦματος
1481 5577 1536 5630 ἐν
1566 5571 1712 5646 ὑμῖν.
1761 5571 1897 5629 Ἀλλ’
1926 5574 2014 5627 οὐ·

439 5641 550 5704 65i;
583 5658 673 5694 σου
706 5659 860 5712 συγχ.

2194 5502 2310 5576 (5t)
2345 5500 2540 5568 Palat.,
2575 5499 2778 5566 κτίζον,
2809 5498 2898 5554 hic
2931 5505 2985 5554 et
3017 5493 3323 5553 intraJlox
3359 5492 3456 5549 καί
3481 5493 3643 5551 abes:
3669 5507 3698 5544 ι

2123 5589 2257 5630 mss.
