3850 6226
153 277 316 335 1245
1138 281 1224 336 DE
1267 281 1540 338 SANCTA
1576 283 1721 340 TR”

1827 287 1974 379 ATE.
1999 288 2348 347 DlALOGUS
2381 291 2472 348 Ill.
3291 291 3432 348 ιειθ

145 395 387 466 ἑκάστῳ
415 397 448 466 ἡ
459 393 597 466 μῶν,
641 393 670 448 ὅ
703 395 796 449 καὶ
827 395 1053 465 καρδίαν
1086 396 1342 450 ἐκάλεσεν
1367 400 1396 450 6
1429 398 1611 462 Δαϐὶδ,
1661 399 1720 452 λέ

1857 411 2060 468 autem,
2105 407 2198 477 qui
2254 407 2449 463 fortior
2487 423 2573 463 me
2617 413 2722 475 est,
2763 407 2856 478 qui
2889 422 2988 463 vos
3038 406 3342 478 baptizabit
3373 407 3431 460 in

140 505 268 557 γων
290 504 305 519 ο
341 508 360 540 ι
385 489 628 559 Καρδίαν
651 488 896 560 καθαρὰν
914 488 1098 542 κτίσον
1125 492 1182 543 ἐν
1210 491 1356 560 ἐμοὶ,
1385 493 1413 543 6
1441 491 1592 554 Θεός.
1618 511 1636 543 ι

1858 493 2065 564 Spiritu
2125 509 2314 554 sancto
2361 507 2415 555 et
2471 503 2595 570 igne
2612 501 2679 554 δ’.
2707 519 2726 552 ›
2772 485 3052 566 ρυοηὶθηι
3099 500 3268 570 igitur
3312 499 3430 569 ipse

143 583 469 652 baptismus
492 585 735 636 ﬁrmatur
759 583 994 652 Spiritus
1017 585 1326 653 przesentia,
1354 596 1499 640 recte
1519 587 1725 641 dictum
1755 595 1838 644 est
1870 608 1883 644 :
1917 609 1935 642 ι
1962 590 2102 647 Ecce
2145 609 2246 664 ego
2273 615 2292 648 ι
2335 595 2596 668 (Spiritus
2640 595 2940 664 videlicet),
2976 614 2995 647 ‹
3023 595 3116 665 qui
3157 595 3316 648 ﬁrmo
3347 602 3433 648 to-

145 681 335 742 uitru,
369 689 424 733 et
456 692 584 732 creo
617 677 893 746 spiritum,
923 695 940 726 ι
978 676 1130 729 illum
1198 677 1450 731 videlicet
1499 680 1589 748 qui
1636 681 1868 751 singulis
1917 683 2077 740 nobis
2122 686 2284 755 inest,
2329 704 2488 758 quem
2541 689 2708 743 etiam
2737 703 2834 742 cor
2862 689 3094 758 appellat
3116 686 3311 754 David,
3342 688 3432 742 in-

147 774 359 838 quiens
391 789 404 822 :
449 787 466 820 ι
491 768 598 822 Cor
628 767 888 821 mundum
915 782 1040 822 crea
1066 769 1120 822 in
1150 784 1256 833 me,
1289 767 1512 824 Deus”.
1544 789 1562 821 ι

226 861 323 914 27.
384 859 606 915 Μακεδ.
655 857 767 911 Καὶ
827 857 1055 929 βροντὴν
1092 858 1272 928 λέγεις
1323 860 1385 912 τὸ
1434 859 1738 932 βάπτισμα.

161 955 331 1022 Ὀρθ.
368 949 719 1021 Συμϐολικῶς
760 949 854 1002 καὶ
893 949 1054 1002 πάνυ.
1094 951 1183 1014 Ὠς
1221 951 1330 1022 γὰρ
1362 951 1490 1004 ὅταν
1523 952 1740 1018 ἀκούω,

155 1063 176 1096 ι
206 1044 493 1114 Ἄμπελον
545 1040 605 1105 ἐξ
650 1038 926 1108 Αἰγύπτου
977 1041 1252 1112 μετῆρας,
1289 1061 1308 1092 ι
1352 1041 1452 1095 οὐκ
1497 1043 1741 1114 ἄμπελον

146 1133 480 1204 σωματικὴν
513 1131 934 1202 περιϐλέπομαι,
969 1131 1104 1183 ἀλλὰ
1133 1133 1222 1184 τὸν
1253 1134 1380 1187 ναὸν
1403 1134 1535 1186 νοῶο
1568 1133 1740 1198 οὕτως

145 1227 250 1280 καὶ
274 1225 510 1296 βροντὴν
534 1224 592 1276 τὺ
615 1223 898 1294 βάπτισμα
925 1225 1048 1277 νοῶ.
1071 1225 1181 1277 Καὶ
1201 1223 1308 1296 γὰρ
1332 1226 1460 1289 τοὺς
1490 1225 1740 1296 μαθητὰς

145 1314 326 1368 αὐτοῦ
363 1315 512 1376 υἱοὺς
547 1314 773 1385 βροντῆς
824 1314 1082 1368 ἐκάλεσεν
1132 1319 1162 1370 6
1200 1317 1454 1388 Χριστὸς,
1490 1319 1739 1372 τουτέστι

146 1408 534 1477 βαπτίσματος
561 1405 733 1469 υἱούς.
760 1407 978 1476 Ἐπειδὴ
1008 1407 1116 1478 γὰρ
1143 1410 1175 1478 ἡ
1203 1408 1396 1480 βροντὴ
1427 1411 1738 1462 συνίσταται

143 1501 208 1566 ἐξ
243 1499 437 1562 ὓδατος
468 1499 561 1550 καὶ
605 1497 934 1568 πνεύματος,
966 1498 1121 1552 τοῦτο
1146 1500 1203 1553 δέ
1228 1504 1374 1553 ἐστιν
1406 1500 1555 1571 ἡτοῦ
1583 1503 1736 1570 ἁγίου

147 1591 538 1684 βαπτίσματος
571 1591 950 1660 μυσταγωγία,
983 1591 1323 1662 συμϐολικῶς
1362 1593 1422 1646 τὸ
1455 1592 1737 1664 βάπτισμα

1920 867 2008 922 27.
2050 866 2259 922 Maced.
2298 865 2441 939 Ergo
2468 868 2799 938 baptismum
2829 883 2995 925 vocas
3022 870 3250 924 tonitru.
3271 869 3424 925 Orth.

1850 958 1994 1014 Sane
2018 959 2238 1029 quidem
2275 960 2592 1030 symbolice.
2633 961 3104 1026 Quemadmodum
3126 963 3271 1016 enim
3299 977 3427 1016 cum

1848 1051 1981 1105 illud
2027 1051 2190 1105 audio
2211 1093 2226 1116 ,
2261 1069 2279 1103 ι
2330 1051 2551 1106 Vineam
2584 1051 2651 1106 de
2684 1051 2919 1122 Egypto
2959 1054 3369 1117 transtulisti“,
3399 1073 3419 1106 ι

1846 1159 1956 1197 non
1985 1144 2278 1198 considero
2309 1144 2475 1197 vitem
2505 1143 2671 1197 ullam
2695 1158 3014 1212 corpoream
3037 1145 3131 1199 sed
3163 1145 3426 1214 templum

1846 1237 2092 1302 intelligo
2117 1255 2132 1290 :
2163 1237 2236 1290 ita
2259 1236 2422 1291 etiam
2444 1251 2541 1305 per
2567 1236 2772 1290 tonitru
2793 1236 3038 1306 intelligo
3066 1238 3424 1306 baptismum.

1843 1327 1979 1383 Nam
2012 1343 2143 1383 suos
2179 1328 2341 1382 etiam
2373 1327 2677 1396 discipulos
2718 1326 2973 1381 Christus
3027 1328 3242 1381 vocavit
3278 1327 3424 1382 ﬁlios

1843 1419 2094 1482 tonitrui,
2129 1419 2179 1473 id
2231 1425 2317 1474 est
2364 1418 2640 1487 baptismi.
2688 1417 2957 1483 Quoniam
3012 1419 3158 1472 enim
3205 1419 3417 1472 tonitru

1842 1516 2056 1564 constat
2077 1525 2141 1564 ex
2175 1524 2317 1578 aqua
2345 1517 2399 1564 et
2431 1509 2651 1578 spiritu,
2685 1525 2782 1563 seu
2815 1519 3000 1570 vento,
3032 1509 3085 1562 id
3110 1518 3291 1562 autem
3323 1517 3412 1564 est

1842 1598 2069 1669 mystica
2114 1596 2361 1668 quaedam
2419 1596 2595 1650 sancti
2633 1596 2889 1665 baptismi
2913 1595 3294 1662 adumbratio,
3324 1595 3423 1648 ba-

146 1682 384 1750 βφεῖδίὴν
429 1682 583 1734 καλεῖ
652 1683 1062 1754 ὲστερεωμένην
1114 1684 1219 1736 ὑπὸ
1267 1683 1359 1737 τοῦ
1411 1685 1566 1753 ἁγίου
1621 1684 1721 1755 (ὃῖ

1842 1691 2100 1758 ptismum
2137 1687 2442 1758 symbolice
2489 1695 2648 1741 vocat
2699 1688 2904 1740 tonitru
2944 1685 3216 1740 ﬁrmatum
3245 1702 3274 1740 a
3299 1684 3424 1756 Spi-

147 1775 493 1845 ΙΙνεύματος.
529 1773 746 1844 ’Δμέλει
770 1777 799 1827 6
843 1774 1183 1839 Ἀπόστολος,
1214 1774 1290 1838 ὡς
1339 1777 1397 1827 ἐν
1431 1778 1550 1838 ταῖς
1586 1776 1737 1846 Πρά-

147 1867 302 1930 ξεσιν
335 1865 569 1936 εἴρηται,
598 1864 767 1918 ἐλθὼν
799 1867 893 1918 καὶ
921 1864 1097 1938 εὑρών
1127 1883 1280 1928 τινας
1314 1865 1734 1935 βαπτισθέντας,

147 1957 442 2028 ἠρώτησεν
481 1958 678 2021 αὐτοὺς
703 1957 875 2025 λέγων
894 1973 906 1987 ·
939 1977 956 2008 ι
986 1959 1049 2010 Ei
1077 1957 1302 2028 Πνεῦμα
1335 1958 1490 2025 ἆγιον
1517 1957 1736 2010 ἐλάϐετε

147 2050 584 2114 πιστεύσαντες;
620 2069 638 2100 ι
676 2050 927 2103 Ἐκείνων
950 2050 1005 2102 δὲ
1035 2050 1332 2121 εἰρηκότων
1352 2089 1367 2113 ,
1399 2069 1416 2100 ι
1453 2049 1591 2102 Ἀλλ’
1616 2049 1734 2102 οὐδὲ

146 2144 198 2194 εί
226 2141 457 2212 Πνεῦμα
499 2142 653 2211 ἅγιόν
691 2143 839 2194 ἐστιν
877 2140 1212 2212 ἠκούσαμεν,
1241 2161 1258 2192 ι
1291 2137 1472 2194 εἶπεν·
1515 2161 1532 2193 ι
1563 2143 1657 2206 Εἰς
1681 2141 1734 2194 τί

147 2226 244 2286 οῦν
288 2231 688 2302 ἐϐαπτίσθητε;
722 2251 739 2283 ι
769 2231 843 2294 ὡς
886 2231 981 2284 τοῦ
1023 2231 1402 2303 στερεώματος
1449 2234 1549 2286 οὐκ
1581 2233 1734 2296 ὄντος

147 2324 209 2376 ἐν
258 2321 339 2393 τῷ
389 2323 759 2394 βαπτίσματι,
809 2323 885 2394 μὴ
937 2323 1202 2393 παρόντος
1251 2322 1344 2376 τοῦ
1395 2323 1729 2394 Πνεύματος.

148 2413 376 2486 Στερεοῖ
428 2411 520 2468 οῦν
555 2414 781 2486 βροντὴν
811 2415 870 2468 τὸ
918 2415 1240 2486 βάπτισμα,
1299 2417 1394 2469 καὶ
1449 2417 1620 2482 κτίζει
1670 2416 1732 2470 τὸ

150 2505 396 2577 πνεῦμα,
436 2508 681 2560 τουτέστι
703 2506 803 2570 τὰς
846 2508 1074 2576 καρδίας
1105 2507 1286 2578 ἡμῶν,
1326 2506 1458 2562 αὐτὸ
1489 2507 1550 2561 τὸ
1578 2508 1730 2577 ἆγιον

148 2597 380 2668 Πνεῦμα
403 2597 464 2650 τὸ
485 2597 640 2667 λέγον
669 2599 755 2652 διὰ
781 2599 875 2652 τοῦ
908 2601 1186 2671 προφήτου
1209 2619 1222 2630 ·
1251 2619 1268 2651 ι
1293 2599 1611 2670 Ἑτοιμάζου
1634 2600 1728 2654 τοῦ

148 2688 530 2742 ἐπικαλεῖσθαι
573 2691 667 2743 τὸν
698 2691 830 2743 Θεόν
864 2708 976 2753 σου,
1019 2691 1268 2762 Ἰσραήλο
1310 2691 1440 2744 διότι
1475 2689 1584 2745 ἰδοὺ
1617 2689 1728 2760 ἐγὼ

149 2780 389 2852 στερεῶν
421 2780 669 2853 βροντὴν,
701 2783 793 2835 καὶ
823 2781 1023 2845 κτίζων
1060 2781 1302 2852 πνεῦμα,
1337 2783 1431 2836 καὶ
1453 2782 1729 2851 ἀπαγγέλ-

145 2871 256 2924 λων
283 2873 364 2935 είς
388 2871 706 2944 ἀνθρώπους
733 2874 842 2945 (55)
869 2875 960 2928 τὸν
984 2875 1220 2946 Χριστὸν
1247 2873 1432 2928 αὑτοῦ.
1466 2895 1482 2925 ι
1505 2875 1723 2929 Μακεδ.

145 2962 261 3015 Καὶ
315 2963 376 3016 τὸ
428 2963 555 3032 ἐξῆς
605 2966 980 3036 ἐρμήνευσον,
1015 2966 1108 3018 καλ⁸
1160 2965 1336 3028 οὕτως
1384 2965 1722 3036 ἐξομάλισον.

1839 1780 1944 1833 ritu
1976 1786 2188 1831 saneto.
2224 1776 2510 1846 Siquidem
2545 1775 2843 1844 Apostolus
2877 1774 2961 1843 (ut
3009 1775 3064 1828 in
3099 1773 3254 1829 Actis
3283 1773 3424 1827 dici-

1835 1869 1948 1938 tur)
1982 1883 2105 1922 cum
2152 1867 2378 1921 veniens
2421 1866 2722 1919 invenisset
2766 1865 3068 1919 nonnullos
3113 1864 3421 1932 baptizatos

1835 1959 2192 2029 interrogavit
2234 1974 2330 2013 eos
2373 1959 2599 2013 dicens:
2640 1957 2764 2010 «An
2805 1957 3100 2023 accepistis
3145 1955 3421 2026 Spiritum

1834 2063 2082 2108 sanctum
2116 2051 2478 2105 credentes?»
2518 2049 2654 2104 Cum
2709 2057 2890 2103 autem
2954 2049 3033 2103 illi
3091 2049 3418 2111 dixissent,

1839 2162 1857 2194 ι
1880 2141 2008 2205 Sed,
2039 2156 2217 2211 neque
2265 2141 2311 2194 si
2373 2139 2616 2210 Spiritus
2663 2149 2886 2195 sanctus
2914 2149 2998 2194 est
3027 2140 3360 2202 audivimus,
3393 2159 3413 2192 ι

1833 2234 1906 2286 ait
1937 2247 1951 2284 :
1981 2251 1998 2282 ι
2022 2231 2079 2286 1η
2104 2247 2213 2302 quo
2238 2246 2369 2301 ergo
2400 2230 2661 2299 baptizati
2684 2231 2921 2284 estis"?
2945 2249 2963 2282 ι
2984 2230 3152 2295 Quasi
3184 2230 3418 2284 absente

1834 2322 2062 2394 Spiritu,
2097 2324 2248 2378 nulla
2281 2322 2353 2378 sit
2397 2322 2454 2376 in
2486 2321 2759 2391 baptismo
2798 2321 3046 2376 ﬁrmitas.
3074 2321 3280 2375 Firmat
3312 2323 3417 2392 igi-

1832 2423 1924 2469 tur
1959 2415 2189 2477 tonitru,
2224 2414 2277 2468 id
2331 2421 2417 2469 est
2465 2413 2820 2482 baptismum,
2848 2421 2901 2467 et
2932 2420 3080 2467 creat
3111 2411 3273 2484 457
3305 2414 3418 2483 spi-

1833 2509 2024 2570 ritum,
2063 2507 2166 2560 hoc
2203 2513 2288 2562 est
2315 2504 2483 2560 corda
2515 2513 2724 2568 nostra,
2759 2504 2876 2574 ipse
2911 2504 3150 2576 Spiritus
3185 2512 3415 2561 sanctus

1830 2600 1922 2670 qui
1981 2599 2113 2653 dicit
2155 2613 2252 2668 per
2307 2597 2624 2668 prophetam
2659 2611 2671 2647 :
2711 2614 2729 2647 ι
2757 2594 2992 2652 Paratus
3045 2605 3187 2660 esto,
3223 2597 3412 2660 Israel,

1828 2692 1896 2746 ad
1947 2690 2314 2746 invocandum
2354 2688 2527 2743 Deum
2576 2699 2750 2742 tuum.
2788 2688 2932 2744 Ecce
2985 2687 3131 2743 enim
3183 2703 3284 2759 ego
3315 2689 3414 2758 qui

1828 2783 1985 2837 ﬁrmo
2020 2782 2254 2846 tonitru,
2289 2787 2343 2835 et
2386 2795 2516 2835 creo
2546 2780 2825 2849 Spiritum,
2849 2787 2903 2834 et
2935 2779 3202 2834 annuntio
3232 2779 3413 2834 homi-

1827 2877 1991 2931 nibus
2032 2874 2314 2929 Christum
2360 2873 2502 2942 ejus.
2532 2890 2552 2924 ι
2590 2870 2802 2926 Maced.
2849 2871 3213 2942 Interpretare
3244 2873 3410 2926 ctiam

1826 2967 1972 3039 quod
2006 2965 2386 3034 consequitur,
2413 2971 2468 3018 et
2517 2965 2622 3019 ista
2672 2965 2816 3019 inter
2848 2980 2906 3020 se
2937 2971 2996 3018 ut
3047 2962 3410 3032 congruentia

160 3055 318 3121 Ὀρθ.
350 3073 366 3104 ι
387 3054 563 3107 Ποιῶν
590 3055 784 3126 ὄρθρον
811 3057 907 3111 καὶ
935 3057 1188 3128 ὀμίχλην,
1219 3057 1514 3112 ἐπιϐαίνων
1544 3059 1638 3111 ἐπὶ
1661 3058 1721 3112 τὰ

1830 3065 2118 3112 conuectc.
2153 3055 2305 3111 Ortli.
2328 3075 2345 3106 ‹
2375 3055 2478 3122 Qui
2513 3056 2688 3110 cilicio
2708 3056 3011 3110 diluculum
3042 3065 3096 3110 et
3124 3054 3406 3117 nebulam,

147 3144 330 3216 ὑψηλά
361 3147 462 3216 τῆς
495 3147 619 3218 γῆς.
646 3167 665 3200 ι
697 3148 922 3202 Μακεδ.
949 3147 1013 3200 Τί
1043 3145 1135 3202 οὖν
1164 3149 1340 3218 λέγεις
1377 3150 1468 3202 τὸν
1506 3149 1724 3221 ὄρθρον,

147 3235 246 3290 καὶ
272 3236 371 3307 τὴν
395 3237 649 3309 ὀμίχλην,
683 3239 777 3291 καὶ
797 3237 864 3290 τά
888 3237 1069 3309 ὑψηλά
1096 3238 1194 3308 τῆς
1217 3238 1320 3308 γῆς
1341 3257 1353 3305 ;
1393 3241 1546 3306 Ὀρθ.
1570 3239 1726 3292 Κατὰ

147 3328 390 3383 διάνοιαν
424 3329 620 3400 δρθρον
653 3330 800 3398 λέγω
828 3331 926 3401 τὴν
955 3330 1272 3385 ἀνάστασιν.
1304 3331 1410 3384 Τοῦ
1436 3331 1544 3402 γὰρ
1571 3330 1721 3402 ἡλίου

143 3422 244 3491 τῆς
265 3421 608 3492 δικαιοσύνης
645 3423 897 3491 ἀνατολὴ,
927 3427 1125 3476 νοεῖται
1156 3425 1188 3494 ή
1223 3423 1535 3486 ἀνάστασις.
1572 3423 1723 3493 Ὁμί-

144 3513 245 3583 χλη
277 3513 333 3566 δὲ
358 3515 390 3585 ἡ
427 3513 500 3584 μὴ
526 3514 880 3586 συγχωροῦσα
903 3517 1035 3568 πᾶσι
1067 3515 1354 3585 τηλαυγῶς
1377 3514 1536 3568 αὐτὸν
1565 3515 1715 3584 ὁρᾷν.

142 3603 356 3676 Ηύρέθη
392 3605 500 3676 γὰρ
546 3607 603 3659 ἐν
628 3606 825 3677 γαστρὶ
857 3604 1054 3676 ἔχουσα
1085 3607 1148 3658 ἐκ
1178 3605 1493 3677 Πνεύματος
1538 3607 1712 3674 ἁγίου.

141 3697 222 3750 Τὰ
251 3696 306 3748 δὲ
343 3696 522 3768 ὑψηλὰ
554 3698 650 3768 τῆς
678 3699 781 3767 γῆς
815 3700 864 3751 οἱ
891 3699 982 3752 ἐπὶ
1007 3698 1109 3770 γῆς
1143 3697 1592 3771 περιπατοῦντες,
1623 3698 1716 3750 καὶ

139 3789 199 3838 ἐν
224 3788 469 3858 οὐρανοῖς
501 3789 562 3841 τὸ
589 3790 886 3862 πολίτευμα
915 3790 1149 3861 ἔχοντες.
1188 3792 1312 3844 Ἐπὶ
1343 3790 1453 3862 γὰρ
1493 3788 1716 3854 τούτους

139 3878 407 3932 ἐπιϐαίνει
434 3881 470 3951 ἡ
494 3879 588 3934 τοῦ
618 3881 934 3953 Πνεύματος
963 3883 1143 3953 χάρις.

205 4137 293 4194 28.
330 4141 552 4196 Μακεδ.
598 4141 671 4195 Τὸ
703 4141 930 4214 Πνεῦμα
970 4138 1062 4197 οὖν
1098 4142 1161 4196 τὸ
1189 4143 1342 4212 ἅγιον
1373 4144 1591 4215 ΙΙγγειρεν
1619 4145 1710 4200 τὸν

139 4232 403 4303 Χριστόν;
447 4234 601 4302 Ὀρθ.
637 4235 822 4288 Ταῦτα
849 4235 1026 4304 λέγειν
1049 4237 1172 4305 ἐμοὶ
1202 4235 1298 4306 μὲν
1321 4235 1418 4288 ούκ
1457 4235 1706 4307 ὀκνηρὸν,

137 4323 262 4393 ὑμῖν
285 4325 341 4377 δὲ
379 4326 640 4396 ἀσφαλές.
671 4328 878 4398 ’Ὠσπερ
910 4327 1020 4400 γὰρ
1052 4328 1112 4380 τὸ
1154 4327 1316 4398 σῶμα
1347 4328 1406 4381 τὸ
1429 4328 1704 4398 Κυριακὸν

1827 3157 1882 3203 et
1937 3149 2130 3203 incedo
2185 3163 2351 3217 super
2411 3149 2631 3204 excelsa
2688 3155 2846 3202 terrae
2867 3147 3216 3202 ".iMaced.
3260 3145 3407 3212 Quid

1825 3241 1994 3311 igitur
2023 3255 2188 3293 vocas
2235 3239 2563 3301 diluculum,
2591 3244 2646 3292 et
2677 3238 2930 3292 nebulam
2966 3246 3020 3292 et
3046 3236 3265 3291 excelsa
3290 3247 3403 3290 ter-

1820 3330 1928 3384 rae?
1961 3328 2113 3384 Orth.
2158 3327 2236 3381 Ex
2293 3327 2746 3397 interpretatione
2780 3334 2836 3380 et
2890 3323 3159 3380 sententia
3221 3322 3396 3393 ipsius

1819 3421 1973 3486 dicti,
2003 3420 2302 3476 diluculum
2345 3420 2469 3474 dico
2530 3419 3012 3474 resurrectionem.
3078 3415 3214 3469 Nam
3269 3415 3403 3470 solis

1814 3513 2044 3583 justitiaa
2089 3520 2245 3568 ortus
2288 3510 2618 3582 intelligitur
2655 3526 2779 3567 esse
2809 3509 3164 3566 resurrectio.
3191 3505 3402 3562 Nebula

1817 3612 1998 3658 autem
2025 3619 2086 3658 ea
2125 3603 2246 3665 fuit.
2288 3618 2410 3672 quae
2458 3618 2567 3656 non
2599 3602 2728 3657 sivit
2778 3611 2838 3656 ut
2866 3616 3056 3656 omnes
3089 3616 3215 3654 eum
3251 3614 3385 3668 per-

1816 3697 2005 3767 Spicue
2029 3702 2334 3750 cernerent.
2371 3693 2592 3752 Iuventa
2623 3703 2708 3750 est
2733 3694 2880 3750 enim
2917 3694 2972 3747 in
2999 3701 3154 3746 utero
3183 3691 3396 3746 habens

1815 3787 1883 3842 de
1936 3785 2142 3858 Spiritu
2203 3796 2416 3842 sancto.
2476 3786 2706 3842 Excelsa
2758 3794 2912 3840 terrae
2967 3798 3097 3838 vero
3134 3789 3264 3836 sunt
3292 3781 3390 3852 qui

1815 3880 2098 3935 ambulant
2129 3879 2350 3949 quidem
2391 3879 2447 3933 in
2477 3880 2663 3944 terris,
2697 3877 3170 3934 conversationem
3209 3882 3391 3929 autem

1813 3974 2018 4028 habent
2054 3973 2110 4026 in
2141 3971 2644 4028 coelis.lstiusmodi
2669 3973 2814 4027 enim
2839 3970 3088 4025 homines
3119 3967 3396 4023 inscendit

1813 4063 2052 4136 Spiritus
2082 4064 2278 4135 gratia.

1870 4155 1968 4222 28.
2000 4151 2208 4208 Maced.
2243 4151 2380 4206 Num
2414 4151 2577 4220 igitur
2609 4149 2844 4221 Spiritus
2874 4157 3100 4205 sanctus
3127 4149 3392 4204 excitavit

1808 4246 2088 4302 Christum
2119 4261 2149 4298 a
2177 4243 2449 4300 mortuis?
2491 4241 2646 4298 Orth.
2675 4241 2789 4310 Ego
2821 4240 3040 4311 quidem
3078 4241 3181 4294 hoc
3206 4240 3392 4295 dicere

1808 4353 1916 4392 non
1943 4336 2208 4398 dubitem,
2243 4351 2341 4389 vos
2375 4341 2556 4388 autem
2583 4341 2697 4387 tuto
2728 4331 2996 4387 dixeritis.
3028 4329 3392 4396 Quemadmo-

136 4415 349 4482 λέγεται
423 4419 782 4490 πεποιηκέναι
839 4422 869 4472 6
926 4419 1116 4491 Πατὴρ
1166 4421 1496 4492 (γέγραπται
1556 4421 1700 4493 γάρ·

1827 4432 1936 4486 lum
1959 4430 2101 4485 enim
2131 4429 2335 4482 dicitur
2361 4425 2520 4481 Pater
2548 4425 2742 4481 fecisse
2761 4439 2962 4494 corpus
2993 4421 3206 4479 Domini
3229 4422 3392 4494 (scri-

139 4529 158 4560 ι
191 4509 300 4580 Πρὸ
357 4510 449 4564 τοῦ
482 4528 548 4581 με
579 4512 781 4565 πλάσαι
823 4529 882 4564 σε
936 4515 994 4565 ἐν
1057 4513 1254 4585 κοιλίᾳ,
1287 4513 1585 4584 ἐπίσταμαί
1609 4531 1696 4568 σε·

130 4602 224 4656 καὶ
249 4600 354 4672 πρὸ
382 4601 474 4654 τοῦ
502 4619 560 4654 σε
584 4602 817 4669 ἐξελθεῖν
851 4605 914 4656 ἐκ
937 4606 1166 4674 μήτρας,
1193 4605 1395 4674 ήγίακά
1424 4623 1481 4658 σε
1502 4624 1515 4636 ο
1559 4625 1576 4656 ι
1608 4605 1701 4660 καὶ

129 4689 280 4742 τοῦτο
333 4691 465 4743 αὐτὸ
506 4690 567 4744 τὸ
612 4691 770 4763 σῶμα
807 4695 835 4746 6
865 4693 1111 4764 Σολομὼν
1157 4694 1308 4763 λέγει
1367 4695 1461 4766 τὴν
1506 4695 1699 4766 σοφίαν

127 4779 558 4851 ᾠκοδομηκέναι·
597 4801 614 4833 ι
639 4783 785 4852 λέγει
819 4785 926 4856 γάρ
948 4800 962 4814 ·
1001 4804 1019 4836 ι
1060 4786 1122 4838 Ἡ
1155 4786 1312 4854 σοφία
1348 4786 1698 4859 ᾠκοδόμησεν

129 4873 286 4943 ἐαυτῇ
325 4867 492 4937 οἶκον,
533 4874 624 4926 καὶ
651 4874 712 4926 τὸ
743 4876 1072 4944 Εύαγγέλιον
1121 4877 1266 4945 λέγει
1293 4880 1357 4930 ἐκ
1382 4878 1695 4948 Πνεύματος

127 4963 276 5030 ἁγίου
307 4964 440 5017 αὐτὸ
461 4961 618 5037 εἶναι)
640 5005 654 5028 ,
685 4966 829 5020 οῦτω
857 4968 952 5022 καὶ
967 4967 1064 5040 τὴν
1096 4971 1387 5024 ἀνάστασιν
1409 4971 1572 5024 αὐτοῦ
1597 4971 1690 5025 τοῦ

128 5051 370 5124 σώματος
429 5056 530 5126 μέν
562 5059 590 5110 6
613 5057 740 5122 Υἱὸς
766 5058 910 5127 λέγει
931 5076 944 5089 ⁸
980 5077 998 5110 ι
1047 5060 1256 5114 Λύσατε
1285 5061 1377 5115 τὸν
1405 5063 1530 5116 ναὸν
1569 5063 1691 5116 τοῦ-

123 5162 239 5211 τον,
271 5147 362 5199 καὶ
419 5147 530 5214 ἐγὼ
585 5150 643 5202 ἐν
674 5151 850 5221 τρισὶν
889 5151 1122 5223 ἡμέραις
1161 5154 1338 5225 ἐγερῶ
1373 5155 1566 5207 αὐτόν·
1602 5174 1620 5208 ι
1657 5157 1687 5209 6

124 5235 177 5288 δὲ
241 5237 574 5305 Ἀπόστολος,
603 5240 682 5293 ὅτι
713 5259 732 5292 ι
784 5241 842 5294 Ὀ
871 5242 1002 5306 Θεὸς
1042 5243 1202 5296 αὐτὸν
1249 5245 1489 5315 ἤγειρεν,
1523 5245 1690 5309 λύσας

118 5325 215 5390 τὰς
228 5325 418 5391 ὠδῖνας
445 5328 537 5382 τοῦ
561 5329 788 5384 θανάτου
811 5347 826 5363 ο
858 5353 876 5384 ι
899 5331 1130 5387 ἐνταῦθα
1154 5333 1231 5397 δὲ,
1257 5335 1420 5388 ὅτιτὸ
1444 5335 1685 5407 Πνεῦμα.

188 5482 233 5559 ξξ
268 5483 436 5559 Marc:
471 5502 520 5552 ι,
559 5487 608 5543 7.
685 5485 914 5559 "_Psal.
949 5505 1021 5559 _I.,
1057 5491 1142 5542 12.
1219 5490 1260 5521 "
1303 5489 1448 5546 Psal.
1483 5506 1682 5559 Lxxix,
1717 5491 1772 5546 9.

1807 4534 1958 4592 ptum
1991 4528 2077 4576 est
2113 4521 2296 4574 enim:
2335 4537 2353 4569 ι
2399 4525 2708 4587 Antequam
2736 4523 2789 4570 te
2811 4515 3101 4569 formarem
3127 4514 3184 4568 in
3231 4523 3388 4571 utero

1806 4613 1932 4669 novi
1957 4620 2010 4668 te
2035 4629 2048 4666 :
2075 4620 2128 4666 et
2159 4621 2451 4680 antequam
2490 4625 2556 4663 ex
2602 4615 2759 4662 utero
2785 4605 3144 4677 egredereris,
3180 4606 3386 4661 sancti-

1806 4705 1964 4760 ﬁcavi
1996 4711 2049 4759 te
2072 4703 2118 4734 ⁸⁵
2151 4719 2164 4754 :
2206 4722 2225 4754 ι
2264 4713 2318 4757 et
2348 4702 2450 4756 hnc
2484 4702 2661 4771 ipsum
2678 4713 2878 4768 corpus
2909 4697 3229 4767 sapientiam
3255 4696 3387 4754 aedi.

1803 4794 2018 4859 ﬁcasse,
2065 4793 2138 4846 ait
2189 4791 2467 4854 Salomon,
2502 4806 2625 4844 nam
2664 4807 2678 4844 :
2734 4807 2753 4839 ‹
2793 4787 3128 4851 Ᾱέἀὶίίεδνὶι,
3186 4786 3383 4855 inquit,

1804 4887 2024 4941 domum
2082 4885 2186 4941 sibi
2243 4884 2510 4954 sapientia
2562 4885 2644 4950 '5;
2682 4901 2701 4934 ι
2743 4888 2799 4937 et
2853 4879 3204 4950 Evangelium
3252 4877 3385 4931 dicit

1801 4977 1982 5048 ipsum
2025 4992 2150 5030 esse
2174 4991 2204 5029 a
2235 4975 2440 5045 Spiritu
2471 4971 2704 5044 sancto);
2739 4973 2811 5026 ita
2853 4971 3013 5024 etiam
3038 4969 3104 5023 de
3135 4967 3383 5035 corporis

1798 5069 2204 5124 resurrectione
2254 5067 2371 5134 ipse
2425 5065 2644 5136 quidem
2689 5061 2861 5117 Filius
2896 5059 3074 5114 dicit:
3113 5076 3132 5110 ι
3177 5056 3383 5112 Solvite

1796 5160 2056 5230 templum
2084 5158 2209 5222 hoc,
2229 5169 2283 5214 et
2310 5174 2410 5228 ego
2428 5159 2604 5212 tribus
2633 5156 2826 5210 diebus
2841 5151 3090 5209 excitabo
3119 5148 3375 5203 illud":p

1795 5249 2091 5320 Apostolus
2116 5265 2246 5304 vero
2276 5269 2288 5304 :
2337 5268 2356 5300 ‹
2397 5247 2540 5304 Deus
2561 5247 2819 5303 excitavit
2853 5259 3002 5305 eum,
3035 5241 3233 5297 solutis
3277 5239 3374 5294 do-

1795 5337 2006 5394 loribus
2052 5338 2247 5392 mortis
2298 5337 2343 5369 "
2381 5353 2394 5387 :
2437 5355 2455 5389 ι
2511 5336 2602 5392 hic
2661 5343 2843 5389 autem
2896 5333 3100 5389 dicitur
3139 5329 3377 5401 Spiritus

1881 5493 1925 5524 ⁵³
1973 5489 2099 5549 Act.
2135 5507 2225 5546 nx
2247 5531 2263 5558 ,
2297 5490 2370 5557 2,
2405 5490 2460 5546 5.
2535 5490 2584 5523 ⁸⁸
2619 5489 2788 5545 Amos
2817 5503 2894 5554 tv,
2927 5489 3016 5544 l3.
3089 5485 3137 5521 “
3171 5484 3369 5544 Jerem.

119 5567 163 5622 ι,
188 5552 238 5608 5.
321 5555 367 5587 ³⁸
403 5554 564 5612 Prov.
603 5572 696 5620 IX,
729 5557 779 5613 l.
855 5559 902 5590 “
940 5557 1096 5614 Joan.
1133 5561 1296 5623 11,19.
1372 5561 1418 5594 "
1455 5562 1578 5618 Act.
1614 5552 1691 5630 η’,
1724 5561 1813 5615 24.

191 5714 293 5782 ‘52)
337 5715 487 5775 Mss..
519 5717 622 5770 ἀπὸ
649 5717 741 5772 τοῦ
772 5719 860 5786 ἀγ.
900 5719 1016 5774 Mox
1049 5721 1122 5784 ὡς
1149 5723 1298 5779 abest
1329 5741 1357 5778 a
1392 5725 1560 5780 Palat.

1865 5727 1977 5800 (55)
2021 5726 2174 5794 Mss.,
2206 5723 2430 5796 Πνεῦμα
2467 5722 2810 5793 ἁπαγγέλλον
2841 5722 2922 5786 είς
2949 5717 3072 5779 ἀνθ.
