3850 6226
410 242 546 298 1247

1564 238 1624 294 8.
1668 237 2132 294 ATIIANASIUS.
2169 269 2237 280 —-
2278 237 2549 295 SPURIA.

3566 233 3692 289 ιειε

409 360 591 430 ipsum
617 358 906 414 excitasse.
935 358 1073 414 Cum
1115 358 1278 413 audio
1307 358 1477 428 enim,
1503 376 1521 409 ι
1551 358 1836 423 Quiellicit
1864 358 2010 411 dilu-

2179 358 2356 411 Ποιῶν
2391 379 2409 411 ι
2440 360 2548 431 γὰρ
2579 378 2597 410 ι
2620 358 2848 431 ὄρθρον,
2873 378 2891 410 ι
2915 357 3012 413 ἐὰν
3050 356 3290 420 ἀκούσω,
3324 354 3429 424 τὴν
3462 356 3695 409 ἀνάξεται

410 451 619 515 culum,
663 471 683 504 ι
725 451 1183 507 resurrectionem
1219 460 1399 506 mente
1428 451 1700 521 concipio.
1731 449 1864 503 Nam
1884 465 2007 520 quae

412 544 544 599 facit
569 543 753 609 Pater,
789 559 854 600 ea
885 545 1005 615 ipsa
1037 544 1166 597 facit
1195 544 1361 598 etiam
1393 542 1588 611 Filius,
1620 552 1674 599 et
1718 558 1840 613 quae
1878 543 2008 597 facit

413 632 576 690 Pater
604 642 660 689 et
682 632 877 696 Filius,
909 647 974 687 ea
1003 633 1121 702 ipsa
1151 631 1281 703 facit
1300 629 1563 702 Spiritus,
1595 639 1656 685 ut
1688 646 1855 701 supra
1877 645 2010 700 quo-

412 738 522 793 que
578 722 1104 779 demonstravimus.
1158 720 1369 774 Maced.
1433 719 1513 774 An
1569 736 1700 775 vero
1753 730 1809 773 tu
1874 717 2007 771 mihi

414 814 745 879 ostenderis,
797 815 1082 869 Christum
1140 813 1436 867 excitatum
1484 812 1658 867 fuisse
1712 826 1742 865 a
1800 810 2009 880 Spiritu

419 907 649 963 sancto?
693 906 849 963 Orth.
881 906 1001 960 Non
1049 905 1174 959 dico
1204 905 1385 975 ipsum
1414 904 1695 960 Christum
1742 919 1770 957 a
1803 901 2010 972 Spiritu

418 1005 682 1069 tanquam
715 1000 1025 1068 potentiore
1048 998 1219 1052 fuisse
1240 998 1559 1060 excitatum,
1586 995 1682 1051 sed
1712 996 1856 1065 quod
1878 1003 2016 1050 tem-

421 1090 570 1161 plum
600 1091 850 1159 corporis
882 1090 1207 1145 excitaverit
1244 1088 1428 1151 Pater,
1463 1086 1651 1155 iFilius
1680 1096 1737 1143 et
1773 1087 2015 1158 Spiritus

423 1189 672 1238 sanctus.
710 1180 920 1235 Maced.
967 1181 1026 1235 ld
1054 1190 1235 1235 autem
1265 1179 1540 1249 quomodo
1564 1179 1696 1234 mihi
1727 1194 2018 1249 persuase-

422 1274 543 1329 ris?
579 1289 647 1328 an
677 1273 882 1329 auxilio
913 1273 1104 1343 egebat
1135 1272 1329 1337 Filius,
1364 1287 1394 1326 a
1425 1287 1534 1342 quo
1554 1272 1818 1341 templum
1842 1270 2017 1340 ipsius

423 1365 791 1421 excitaretur?
823 1364 976 1419 Orth.
1009 1363 1300 1419 Enimvero
1326 1380 1455 1417 num
1481 1364 1625 1433 quod
1657 1363 1863 1416 auxilio
1892 1377 2019 1432 ege-

426 1464 510 1511 ret
530 1457 790 1527 impletus
811 1464 897 1512 est
925 1457 1045 1527 ipso
1072 1455 1320 1526 Spiritu?
1352 1455 1560 1510 Maced.
1598 1457 1705 1512 Ubi
1750 1456 2017 1524 scriptum

422 1555 509 1604 est
537 1548 816 1618 impletum
838 1547 1006 1603 fuisse
1037 1546 1284 1617 Spiritu?
1317 1546 1470 1602 Orth.
1499 1546 1639 1616 Lege
1667 1546 2020 1617 Evangeiium

427 1641 732 1696 secundum
764 1640 992 1705 Lucam,
1028 1647 1088 1694 ut
1127 1638 1341 1702 audias,
1374 1659 1393 1689 ‹
1431 1636 1593 1693 Jesus
1625 1638 1792 1708 igitur
1823 1638 2020 1708 plenus

2110 468 2193 506 σιν
2250 450 2375 505 νοῶ.
2443 453 2509 503 Ἀ
2542 451 2651 520 γὰρ
2689 454 2832 505 ποιεῖ
2875 453 2903 505 6
2937 450 3150 521 Πατὴρ.
3172 448 3344 503 ταῦτα
3384 449 3483 501 καὶ
3517 449 3549 500 6
3578 448 3694 510 Υἱὸς

2109 547 2285 599 ποιεῖν
2314 546 2408 600 καὶ
2438 544 2475 599 ἃ
2511 547 2654 598 ποιεῖ
2680 547 2707 599 6
2732 544 2921 617 Πατὴρ
2954 545 3049 598 καὶ
3073 546 3101 597 6
3136 543 3264 607 Υἱὸς
3283 583 3300 608 ,
3334 542 3518 595 ταυτά
3561 543 3696 594 ποιεί

2108 636 2171 691 τὺ
2217 634 2464 707 Πνεῦμα,
2529 637 2605 701 ὼς
2659 636 2754 691 καὶ
2817 638 2876 690 ἐν
2931 639 3044 700 τοῖς
3101 635 3360 707 ἀνωτέρω
3405 634 3690 688 δέδεικται.
3760 634 3763 691 Ἀ

2109 728 2331 784 Μακεδ.
2374 729 2485 782 Καὶ
2511 728 2655 798 ἔχεις
2690 745 2781 799 μοι
2813 727 3007 792 δεῖξαι,
3038 727 3200 781 ὅτιτὸ
3229 727 3459 796 Πνεῦμα
3480 727 3694 795 ἤγειρεν
3764 752 3765 769 ι

2111 820 2202 875 τὸν
2241 822 2515 890 Χριστόν;
2570 822 2715 887 Ὀρθ.
2756 820 2830 873 Ub
2883 820 3048 888 λέγω,
3092 822 3174 874 ὃτι
3224 819 3286 872 τὸ
3330 817 3601 889 Πνεῦμα,
3632 818 3696 881 ὡς

2111 912 2476 985 δυνατώτερον
2497 912 2589 966 τοῦ
2604 912 2863 985 Χριστοῦ,
2890 913 3111 985 ἤγειρεν
3140 912 3302 967 αὐτὸν
3328 912 3426 965 τὸν
3443 913 3695 983 Χριστὸν,

2115 1002 2229 1057 ἀλλ’
2270 1003 2352 1056 ὅτι
2409 1003 2573 1056 αὑτὸν
2604 1002 2696 1056 τὸν
2718 1003 2845 1056 ναὸν
2869 1003 2962 1056 τοῦ
2995 1001 3242 1074 σώματος
3270 1003 3499 1074 ἤγειρεν
3530 1005 3562 1055 6
3593 1004 3697 1055 Πα-
3770 1018 3771 1027 ‘

2114 1094 2241 1167 τὴρ,
2290 1094 2385 1147 καὶ
2434 1095 2462 1146 6
2493 1094 2641 1159 Υἱὸς,
2668 1094 2763 1147 καὶ
2804 1094 2865 1147 τὸ
2907 1093 3132 1165 Πνεῦμα
3160 1094 3223 1148 τὸ
3255 1093 3432 1162 ἅγιον.
3477 1093 3696 1149 Μακεό.
3772 1106 3773 1141 1

2116 1186 2229 1239 Καὶ
2262 1186 2378 1249 πῶς
2415 1202 2482 1255 με
2517 1185 2660 1256 ἔχεις
2699 1189 2883 1239 πεῖσαι
2911 1203 2925 1253 ;
2960 1183 3071 1258 ἄρα
3119 1185 3369 1257 βοηθείας
3404 1185 3639 1257 ἔχρῃζεν
3673 1187 3701 1240 6
3774 1194 3775 1199 ‘

2118 1276 2269 1339 Υἱὸς,
2296 1277 2382 1329 ἵνα
2405 1276 2495 1329 τὸν
2521 1275 2646 1329 ναὸν
2669 1275 2834 1330 αὐτοῦ
2862 1276 3049 1348 ἐγείρῃ
3072 1293 3086 1342 ;
3130 1276 3283 1345 '0p0.
3309 1276 3582 1347 Βοηθείας
3599 1277 3699 1350 γὰρ

2119 1368 2337 1439 χρῄζων
2357 1366 2662 1439 ἐπληροῦτο
2692 1367 2840 1439 αὐτῷ
2870 1367 2950 1439 τῷ
2977 1367 3256 1438 Πνεύματι
3286 1368 3399 1438 (54)
3431 1386 3448 1433 ;
3481 1368 3699 1422 arma.
3778 1372 3779 1375 ‘

2121 1458 2231 1512 Ποῦ
2265 1458 2595 1530 γέγραπται,
2628 1460 2710 1512 ὅτι
2754 1458 3156 1531 ἐπληροῦτοτῷ
3192 1459 3509 1531 Πνεύματι;
3550 1461 3702 1529 Ὄρθ.
3780 1464 3781 1467 “

2135 1547 2433 1617 Ἀνάγνωθι
2464 1548 2525 1601 τὸ
2547 1549 2685 1602 κατὰ
2704 1546 2915 1603 Λουκᾶν
2939 1549 3291 1618 Εὑαγγέλιον,
3318 1551 3407 1605 ἵνα
3441 1549 3703 1622 ἀκούσῃς’

2131 1657 2149 1688 ι
2196 1639 2253 1691 '0
2284 1635 2377 1690 οὖν
2410 1636 2616 1709 Ἰησοῦς
2656 1637 2870 1710 πλήρης
2905 1637 3002 1691 τοῦ
3051 1637 3369 1709 Πνεῦματος
3396 1638 3561 1707 ἁγίου
3607 1639 3707 1692 ὐπ-

426 1729 639 1802 Spiritu
698 1738 913 1792 sancto,
944 1745 1204 1785 reversus
1240 1739 1325 1785 est
1348 1730 1401 1782 in
1424 1728 1696 1784 desertum
1725 1729 1790 1781 ⁸⁸.
1831 1747 1849 1779 ι
1902 1726 2017 1782 lmo

2138 1728 2384 1799 Ξστρεψεν
2413 1729 2491 1791 εἰς
2527 1727 2623 1799 τὴν
2648 1727 2871 1799 ἔρημον.
2899 1747 2917 1779 ι
2944 1729 3050 1782 Καὶ
3076 1730 3136 1782 τὸ
3171 1729 3497 1801 παράδοξον,
3530 1730 3620 1784 {nt
3651 1731 3709 1783 ὠ

425 1823 573 1895 quod
607 1825 803 1878 mirum
830 1830 936 1885 est,
960 1823 1230 1892 scriptum
1260 1830 1345 1877 est
1376 1837 1485 1875 non
1517 1820 1680 1876 modo
1710 1821 2019 1890 impletum,

428 1912 526 1968 sed
547 1912 713 1967 etiam
745 1911 970 1966 ductum
1000 1910 1168 1968 fuisse
1206 1927 1237 1965 a
1269 1910 1498 1982 Spiritu.
1526 1910 1825 1975 Caeterum,
1879 1911 2024 1965 sicut

429 2004 691 2074 impletus
723 2011 829 2067 est,
862 2012 918 2059 et
941 2002 1164 2065 ductus,
1198 2003 1272 2056 ita
1306 2002 1469 2056 etiam
1511 2003 1836 2057 resurrexit.
1868 2001 1936 2054 Et
1964 2008 2023 2055 ut

428 2092 582 2148 noris
606 2093 741 2146 nihil
765 2092 985 2147 obstare
1028 2093 1322 2162 quominus
1352 2091 1509 2145 Patre
1529 2091 1707 2161 ipsum
1726 2092 2020 2156 excitante,

433 2182 673 2254 Spiritus
696 2184 862 2238 etiam
892 2198 1016 2237 eum
1066 2182 1342 2245 excitarit,
1381 2182 1530 2243 audi,
1561 2180 1723 2235 Patre
1751 2180 1915 2235 etiam
1966 2181 2022 2235 in

432 2274 553 2343 ipso
584 2281 861 2337 manente,
888 2273 1032 2329 sicut
1058 2273 1114 2326 in
1146 2272 1456 2343 Evangeliis
1479 2272 1613 2326 dicit
1644 2273 1764 2341 ipse
1796 2269 1968 2325 Filius
2004 2289 2017 2324 :

436 2382 459 2417 ‹
502 2362 667 2419 Pater
696 2366 752 2419 in
775 2380 862 2420 me
895 2380 1124 2420 manens
1154 2365 1273 2435 ipse
1297 2364 1426 2418 facit
1456 2377 1623 2434 opera
1650 2364 1717 2428 ³⁸,
1755 2382 1773 2413 ι
1803 2376 2024 2417 manere

428 2452 596 2513 etiam
627 2456 772 2512 ineo
807 2455 1069 2527 Spiritum
1095 2475 1107 2511 :
1134 2475 1153 2508 ι
1185 2455 1474 2511 Descendit
1507 2475 1526 2508 ι
1552 2456 1698 2511 enim
1738 2473 1757 2506 ι
1784 2453 2023 2525 Spiritus

431 2550 704 2619 corporali
758 2550 940 2618 specie
990 2550 1134 2605 sicut
1191 2549 1493 2613 columba;
1540 2555 1595 2603 et
1631 2548 1833 2601 mansit
1859 2563 2024 2617 super

431 2641 671 2696 eum‘h
695 2639 851 2696 Sicut
875 2657 1007 2712 ergo
1039 2641 1177 2695 nihil
1205 2650 1350 2696 vetat
1381 2641 1536 2709 quin,
1567 2648 1823 2694 manente
1840 2638 2021 2705 Patre,

433 2742 652 2788 maneat
672 2734 839 2789 etiam
866 2734 1139 2805 Spiritus:
1172 2734 1245 2787 ita
1268 2733 1400 2787 nihil
1433 2732 1685 2803 prohibet
1702 2732 2019 2801 quominus,

433 2821 598 2878 Patre
629 2825 809 2895 ipsum
868 2826 1163 2887 excitante,
1200 2825 1443 2896 Spiritus
1482 2840 1704 2895 quoque
1748 2824 2020 2887 excitarit,

434 2924 490 2971 et
506 2916 611 2971 hoc
639 2916 773 2970 illud
790 2925 877 2973 est
902 2916 1048 2988 quod
1073 2919 1276 2973 dicitur
1298 2937 1313 2973 :
1333 2937 1351 2969 ι
1380 2910 1629 2974 Emciens
1657 2917 2018 2982 diluculum,»

437 3007 494 3062 id
520 3019 605 3064 est
622 3010 1103 3074 resurrectionem,
1127 3028 1146 3061 ‹
1171 3017 1225 3065 et
1250 3009 1526 3073 nebulam,
1562 3028 1580 3061 ι
1613 3009 1668 3064 id
1690 3018 1775 3065 est
1796 3025 2020 3079 corpus.

2128 1818 2644 1891 μόνον’ὲπληροῦτο,
2677 1819 2813 1873 ἀλλὰ
2859 1820 2951 1872 καὶ
2983 1820 3143 1891 ἤγετο
3173 1822 3230 1873 ὲν
3280 1820 3362 1891 τῷ
3406 1820 3711 1891 Πνεύματι,

2124 1911 2454 1981 γέγραπται.
2498 1910 2710 1981 Ὥσπερ
2742 1910 2800 1963 δὲ
2852 1910 3153 1983 ἐπληροῦτο
3208 1912 3301 1966 καὶ
3333 1912 3523 1984 ἤγετο,
3574 1912 3715 1966 οὓτω
3790 1902 3791 1949 ἶ

2124 2004 2220 2057 καὶ
2269 2003 2490 2076 ἀνέστη.
2540 2004 2649 2057 Καὶ
2694 2005 2781 2059 ἵνα
2819 2003 2985 2075 γνῷς,
3020 2006 3102 2058 ὅτι
3160 2006 3313 2059 οὐδὲν
3361 2005 3591 2069 κωλύει,
3625 2004 3717 2058 τοῦ
3790 1990 3793 2069 Α

2123 2095 2338 2161 Πατρὸς
2398 2095 2561 2149 αὑτὸν
2617 2096 2944 2167 ἐγείροντος,
2986 2097 3077 2149 καὶ
3110 2096 3171 2148 τὸ
3198 2095 3423 2166 Πνεῦμα
3455 2095 3716 2165 ἐγείρειν,
3794 2078 3795 2139 ἲ

2124 2187 2377 2251 ἄκουσον,
2436 2188 2517 2240 ὅτι
2571 2187 2667 2240 καὶ
2725 2166 2818 2240 τοῦ
2863 2187 3075 2258 Πατρός
3118 2188 3175 2238 ἐν
3226 2186 3377 2256 αὑτῷ
3438 2186 3717 2257 μένοντος,
3796 2166 3797 2183 ‘

2123 2279 2200 2342 ὡς
2229 2280 2285 2331 ἐν
2315 2282 2426 2342 τοῖς
2454 2278 2809 2348 Εὐαγγελίοις
2842 2277 3003 2341 αὐτὸς
3034 2279 3063 2330 6
3096 2277 3224 2341 Υἱὸς
3251 2277 3403 2344 λέγει
3424 2294 3439 2306 ο
3480 2277 3570 2330 ὅτι
3598 2295 3619 2327 ι
3667 2277 3721 2329 'D

2125 2370 2313 2441 Πατὴρ
2339 2372 2367 2423 6
2396 2372 2453 2423 ἐν
2479 2372 2603 2441 ἐμοὶ⁸
2623 2370 2801 2441 μένων
2830 2371 2976 2423 ποιεῖ
3008 2368 3077 2422 τὰ
3112 2368 3247 2440 ἔργα
3278 2369 3441 2431 αὐτός
3463 2385 3477 2396 ·
3525 2387 3545 2419 ι
3583 2368 3721 2421 οὕτω

2126 2463 2307 2517 καὶτὸ
2334 2463 2557 2534 Πνεῦμα
2597 2464 2748 2533 μένει
2781 2464 2838 2517 ἐν
2873 2461 3043 2533 αὐτῷ·
3071 2481 3089 2512 ι
3126 2461 3378 2532 Κατῆλθε
3401 2480 3420 2513 ι
3450 2460 3566 2532 γὰρ
3608 2481 3627 2511 ι
3667 2462 3721 2512 τὸ

2126 2555 2353 2627 Πνεῦμα
2406 2555 2703 2626 σωματικῷ
2726 2554 2852 2608 εἴδει
2878 2556 3009 2609 ὡσεὶ
3031 2554 3348 2626 περιστερὰ,
3385 2555 3482 2607 καὶ
3509 2554 3722 2623 ἔμεινεν

2126 2649 2213 2700 ἐπ’
2228 2647 2409 2700 αὐτόν.
2427 2648 2626 2700 ι”Ωσπε
2634 2666 2665 2719 ρ
2682 2643 2773 2701 οῦν
2788 2647 2942 2701 οὐδὲν
2959 2647 3176 2711 κωλύει,
3194 2646 3288 2700 τοῦ
3305 2646 3527 2713 Πατρὺς
3540 2648 3725 2716 μένον-

2122 2756 2234 2802 τος,
2269 2739 2364 2793 καὶ
2387 2740 2449 2792 τὸ
2477 2738 2700 2810 Πνεῦμα
2724 2738 2924 2810 μένειν
2948 2737 3121 2803 οῦτως
3137 2738 3290 2791 οὐδὲν
3311 2738 3480 2791 αὐτὸν
3502 2737 3724 2798 κωλύει,

2125 2826 2218 2881 τοῦ
2257 2829 2471 2900 Πατρὸς
2518 2829 2856 2900 ἐγείροντος,
2912 2829 3007 2882 καὶ
3070 2828 3133 2882 τὸ
3176 2827 3403 2898 Πνεῦμα
3450 2829 3722 2896 ἐγείρειν·

2125 2920 2218 2973 καὶ
2257 2920 2415 2973 τοῦτό
2452 2923 2567 2974 ἐστι
2594 2921 2654 2973 τὺ
2687 2919 2976 2992 εἰρημένον
2998 2937 3011 2949 ·
3052 2938 3072 2972 ι
3110 2919 3287 2974 Ποιῶν
3317 2918 3541 2992 ὄρθρον,
3566 2940 3587 2972 ο
3632 2920 3727 2991 τὴν

2128 3010 2453 3076 ἀνάστασιν·
2495 3012 2589 3065 καὶ
2625 3030 2643 3062 ι
2688 3011 2935 3083 ὀμίχλην,
2984 3030 3002 3063 ι
3039 3011 3101 3065 τὸ
3124 3011 3304 3082 σῶμα.
3340 3011 3567 3066 Μακεδ.
3606 3013 3720 3065 οὐκ

437 3094 655 3154 Πασεά.
709 3098 1003 3154 Enimvero
1048 3115 1230 3154 annon
1256 3101 1373 3170 ipse
1402 3099 1578 3170 potuit
1603 3115 1724 3155 sese
1760 3101 2030 3155 excitare?

2138 3105 2353 3160 ἐδύνατο
2405 3105 2512 3177 γὰρ
2569 3104 2761 3158 ἑαυτὸν
2810 3106 3060 3173 ὲγεῖραι;
3125 3103 3281 3171 Ὀρθ.
3317 3102 3458 3155 Ἀλλ’
3512 3105 3579 3156 ἐκ
3606 3102 3729 3156 τοὺ-

440 3188 599 3245 Orth.
627 3189 739 3245 lmo
767 3207 835 3245 ex
868 3192 991 3246 istis
1033 3192 1446 3247 demonstratur
1491 3197 1704 3246 naturae
1733 3191 2030 3259 identitas;

441 3282 713 3353 siquidem
745 3297 865 3352 quae
890 3281 1021 3337 facit
1042 3280 1225 3347 Pater,
1256 3283 1385 3336 facit
1404 3283 1566 3338 etiam
1587 3281 1778 3351 Filius,
1803 3291 1858 3338 et
1914 3300 2036 3353 qua:

442 3374 782 3439 facitFilius,
800 3375 1055 3430 similiter
1071 3373 1201 3429 facit
1218 3374 1477 3445 Spiritus.
1507 3373 1714 3428 Maced.
1748 3373 2035 3441 Quomodo

443 3469 500 3525 id
516 3468 630 3525 ﬁeri
653 3469 867 3538 potest?
899 3467 1052 3524 Orth.
1080 3469 1156 3523 Ita
1188 3475 1248 3522 ut
1269 3476 1551 3523 ostensum
1568 3477 1671 3523 est.
1691 3465 1899 3521 Maced.
1929 3467 2036 3523 Ubi

445 3575 575 3616 verJ
601 3567 886 3615 ostensum
918 3558 1041 3614 est?
1073 3557 1226 3614 Orth.
1259 3558 1400 3625 Quia
1432 3566 1492 3612 ut
1520 3558 1678 3613 Pater
1708 3558 2035 3623 sanctificat,

446 3651 523 3704 ita
545 3659 599 3705 et
634 3650 830 3716 Filius,
866 3651 1008 3706 sicut
1028 3655 1192 3707 etiam
1225 3653 1490 3721 scriptum
1522 3658 1607 3704 est
1637 3650 1779 3720 apud
1805 3650 2039 3720 Aposto-

449 3742 606 3796 lum:
663 3762 681 3794 ι
719 3743 824 3798 Sed
881 3743 1053 3797 abluti
1090 3744 1245 3808 estis,
1278 3742 1374 3797 sed
1415 3742 1699 3811 justiﬁcati
1745 3743 1898 3805 estis,
1944 3739 2041 3796 sed

450 3836 783 3892 sanctificati
839 3837 975 3893 estis
1037 3838 1093 3892 in
1150 3838 1374 3892 nomine
1436 3837 1651 3892 Domini
1689 3838 1864 3893 nostri
1910 3835 2042 3893 Jcsu

450 3927 683 3992 Christi,
721 3937 774 3984 et
806 3931 860 3982 in
903 3930 1112 3999 Spiritu
1135 3929 1229 3985 Dei
1255 3930 1431 3985 nostri
1462 3930 1530 3983 “.
1558 3949 1574 3982 ι

520 4022 689 4096 458
716 4024 805 4078 29.
836 4022 1045 4077 Maced.
1084 4023 1392 4077 Imbecillus
1419 4038 1519 4092 ego
1547 4038 1669 4077 sum
1700 4036 1715 4074 :
1770 4021 2041 4076 inveniam

452 4122 633 4170 autem
660 4116 753 4186 qui
795 4116 862 4169 ad
892 4115 1005 4170 hmc
1039 4116 1236 4170 habeat
1260 4115 1407 4186 quod
1428 4115 1595 4169 dicat.
1630 4114 1753 4168 Haec
1777 4112 2045 4184 persuade

453 4207 777 4265 doctoribus
808 4212 966 4275 meis,
1000 4219 1053 4265 et
1101 4225 1400 4281 persuasus
1431 4209 1604 4264 fuero.
1644 4208 1798 4265 Orth.
1846 4197 1907 4263 Si
1939 4217 2046 4264 tua:

455 4302 745 4358 sententiae
802 4302 998 4359 fuisset
1040 4304 1235 4358 beatus
1261 4303 1351 4357 ille
1384 4310 1438 4357 et
1468 4310 1693 4357 sanctus
1728 4302 2044 4372 Apostolus,

457 4409 580 4447 cum
609 4393 762 4448 visus
811 4401 897 4449 est
947 4395 996 4448 ei
1028 4393 1305 4456 Christus,
1338 4393 1569 4448 dixisset
1607 4412 1620 4448 :
1651 4393 1844 4447 Adduc
1891 4393 2047 4463 prius

2137 3215 2246 3251 των
2271 3197 2381 3268 (55)
2411 3196 2681 3250 δείκνυται
2698 3197 2757 3250 τὸ
2782 3195 2975 3248 ταυτὸν
2998 3195 3098 3265 τῆς
3130 3194 3343 3263 φύσεως
3361 3211 3376 3224 ·
3410 3193 3447 3248 ἃ
3479 3194 3591 3266 γὰρ
3614 3195 3682 3248 ἂν
3702 3196 3729 3247 6

2136 3287 2324 3358 Πατὴρ
2376 3290 2523 3358 ποιῇ,
2556 3286 2729 3339 ταῦτα
2763 3285 2857 3340 καὶ
2880 3285 2908 3336 6
2943 3285 3103 3348 Υἱός·
3142 3284 3236 3337 καὶ
3265 3284 3302 3338 ἃ.
3335 3285 3482 3337 ποιεί
3514 3287 3543 3338 6
3577 3285 3727 3347 Υἱὸς,

2137 3382 2231 3433 καὶ
2260 3380 2321 3433 τὸ
2353 3380 2579 3450 Πνεῦμα
2610 3379 2812 3449 ὁμοίως
2832 3376 3003 3431 ταῦτα
3024 3379 3184 3430 ποιεῖ.
3213 3376 3434 3431 Mam-:6.
3470 3377 3583 3430 Καὶ
3616 3376 3730 3439 πῶς

2136 3470 2402 3537 δυνατόν;
2446 3471 2602 3539 Ὀρθ.
2646 3470 2733 3533 Ὠς
2784 3469 3074 3523 δέδεικται.
3115 3467 3339 3523 Μακεδ.
3375 3469 3484 3521 Καὶ
3508 3468 3616 3521 ποῦ
3645 3468 3727 3520 δέ·

2137 3561 2382 3628 δεικται;
2430 3562 2584 3629 Ὀρθ.
2618 3561 2739 3613 Ὅτι
2796 3560 3011 3628 ἁγιάζει
3045 3559 3121 3622 ὡς
3152 3561 3179 3613 6
3200 3558 3390 3629 Πατὴρ
3424 3558 3537 3628 (56)
3582 3560 3677 3611 καὶ
3702 3559 3727 3610 6

2139 3657 2287 3720 Υἱὸς,
2309 3655 2384 3718 ὡς
2405 3656 2498 3709 καὶ
2516 3654 2826 3725 γέγραπται
2850 3652 3000 3723 παρὰ
3020 3651 3118 3723 in?)
3154 3652 3463 3722 Ἀποστόλῳ
3481 3668 3494 3679 ·
3528 3671 3548 3703 ‹
3571 3650 3727 3704 Ἀλλὰ

2141 3746 2540 3809 ἀπελούσασθε,
2582 3744 2717 3798 ἀλλὰ
2752 3743 3125 3813 ἐδικαιώθητε,
3176 3744 3292 3797 ἀλλ’
3339 3742 3639 3814 ἡγιάσθητε
3673 3745 3725 3797 ἐν

2140 3840 2218 3911 τῷ
2268 3839 2493 3910 ὀνόματι
2528 3838 2621 3893 τοῦ
2661 3839 2867 3910 Κυρίου
2900 3839 3059 3910 ήμῶν
3104 3836 3280 3906 Ἰησοῦ
3340 3836 3604 3909 Χριστοῦ,
3639 3837 3728 3890 καὶ

2142 3934 2199 3984 ἐν
2229 3931 2366 3984 Πνεύ
2379 3947 2507 4001 ματι
2536 3928 2629 3982 τοῦ
2656 3929 2790 3982 Θεοῦ
2820 3929 2993 4000 ἡμῶν.
3034 3948 3054 3980 ι

2211 4022 2302 4076 29.
2334 4020 2559 4074 Μακεδ.
2609 4020 2815 4089 Ὀλίγος
2842 4019 2958 4090 εἰμί
2978 4037 2990 4049 ·
3022 4018 3262 4090 εὑρίσκω
3288 4017 3345 4070 δὲ
3374 4017 3468 4070 τὸν
3499 4016 3729 4087 δυνάμε-

2143 4132 2232 4167 νον
2257 4114 2392 4185 πρὸς
2410 4113 2582 4166 ταῦτα
2610 4115 2802 4164 εἰπεῖν.
2837 4111 3031 4165 Πεῖσον
3063 4112 3188 4173 τοὺς
3218 4108 3575 4173 διδασκάλους
3608 4126 3728 4179 μου,

2145 4206 2237 4259 καὶ
2292 4203 2573 4274 πείθομαι.
2622 4204 2775 4270 Ὄρθ.
2812 4201 2971 4256 Κατὰ
3009 4202 3108 4273 τὴν
3140 4202 3239 4272 σὴν
3284 4200 3510 4272 γνώμην
3536 4204 3585 4254 εἱ
3612 4197 3679 4272 ἦν
3705 4202 3733 4254 6

2149 4298 2417 4367 μακάριος
2452 4300 2546 4350 καὶ
2580 4295 2732 4363 ἆγιος
2777 4294 3115 4359 Ἀπόστολος,
3138 4294 3225 4346 ὅτε
3252 4291 3403 4362 αὐτῷ
3430 4290 3589 4362 ὤφθη
3607 4294 3735 4363 Χριο

2153 4391 2296 4455 στος,
2325 4390 2477 4444 εἶπεν
2509 4391 2576 4445 ἄν
2596 4407 2608 4420 ο
2657 4389 2851 4442 Πεῖσον
2881 4388 3008 4450 τοὺς
3041 4387 3315 4458 ἀρχιερεῖς
3345 4384 3441 4438 καὶ
3474 4401 3734 4455 γραμμα-

456 4487 514 4541 in
544 4492 694 4539 tuam
744 4486 1074 4557 sententiam
1121 4485 1407 4557 pontifices
1446 4494 1501 4540 et
1538 4485 1785 4551 Scribas,
1816 4493 1869 4539 et
1911 4492 2030 4538 tunc

2145 4488 2254 4549 τεῖς
2288 4483 2525 4557 πρῶτον,
2549 4484 2643 4536 καὶ
2662 4483 2784 4536 τότε
2817 4480 3074 4551 πείθομαί
3104 4497 3204 4532 σοι.
3231 4477 3457 4534 Μακεδ.
3488 4476 3736 4547 Ξενοφω-

456 4574 674 4631 demum
701 4575 797 4630 tibi
822 4576 1115 4645 obsequar.
1142 4574 1352 4630 Maced.
1383 4574 1550 4630 Novis
1596 4582 1651 4631 et
1685 4575 2049 4630 insolentibus

458 4667 582 4723 istis
600 4668 826 4723 vocibus
855 4667 1155 4723 deterreor.
1171 4667 1362 4722 Patres
1386 4667 1560 4722 nostri
1589 4681 1873 4737 nunquam
1906 4664 2048 4735 apud

458 4776 562 4817 nos
588 4760 711 4815 istis
737 4760 1283 4829 interpretationibus
1301 4760 1385 4813 usi
1422 4767 1571 4814 sunt.
1610 4758 1846 4814 Necesse
1875 4766 1959 4813 est
1992 4762 2052 4811 ut

462 4869 562 4909 nos
592 4853 708 4907 haec
734 4852 1170 4915 consideremus,
1220 4867 1283 4906 ac
1323 4852 1627 4922 praesertim
1654 4864 1855 4905 novum
1909 4848 2045 4903 illud

458 4945 664 5000 dictum
688 4947 833 5016 quod
869 4945 1073 5008 audivi,
1094 4945 1429 5016 baptismum
1462 4945 1713 5000 videlicet
1744 4959 1867 5000 esse
1904 4943 2049 4999 toni-

460 5046 569 5093 tru.
593 5037 746 5094 Orth.
777 5038 991 5094 Fateris
1029 5038 1309 5108 apostolos
1340 5043 1566 5093 vocatos
1601 5036 1772 5091 fuisse
1800 5035 1943 5089 ﬁlios
1972 5041 2051 5090 to-

461 5131 608 5184 nitru
636 5147 666 5185 a
698 5130 1003 5198 Salvatore,
1028 5131 1257 5185 annon?
1304 5128 1516 5183 Maced.
1566 5128 1658 5183 Sic
1685 5127 1865 5183 vocati
1924 5136 2054 5182 sunt

463 5223 565 5279 soli
598 5224 677 5278 illi
708 5224 818 5280 duo
858 5224 1076 5281 fratres.
1113 5222 1269 5280 Orth.
1298 5223 1412 5278 Nos
1439 5222 1584 5294 quod
1613 5224 1696 5278 vel
1728 5222 1821 5276 uni
1848 5220 2054 5275 dictum

535 5383 584 5417 ⁸⁸
620 5381 756 5442 Luc.
790 5398 865 5447 tv,
900 5383 953 5437 1.
1029 5380 1074 5413 ¹⁹
1112 5378 1273 5435 Joau.
1306 5395 1405 5434 xw.
1454 5379 1543 5434 10.
1618 5378 1665 5410 ⁸⁸
1702 5375 1862 5432 Joan.
1896 5392 1948 5441 l,
1976 5372 2074 5430 '32.

542 5538 657 5613 (ἓξ)
697 5540 855 5613 Πειρη,
892 5545 949 5595 ἐν
979 5540 1127 5613 αὐτῷ
1162 5539 1239 5610 τῷ
1269 5542 1365 5613 Πν.

545 5610 657 5679 (55)
696 5611 890 5677 Palat.,
919 5616 982 5666 ἐκ
1006 5611 1215 5665 τούτου.

549 5674 662 5746 (36⁷)
705 5674 900 5750 Palat.,
936 5684 1056 5736 ’Ὁτι
1086 5681 1297 5749 ἁγιάζει
1329 5683 1354 5733 ὁ
1388 5680 1595 5749 Πατήρ,
1616 5675 1878 5740 Felckm.,
1925 5674 1999 5738 ὡς
2021 5674 2049 5726 ό

2147 4575 2342 4646 νοῦμαι
2402 4576 2458 4627 ἐν
2510 4573 2739 4636 τούτοις.
2766 4573 2829 4625 Οἱ
2860 4571 3095 4642 πατέρες
3124 4569 3279 4640 ἡμῶν
3317 4568 3575 4621 οὐδέποτε
3609 4570 3737 4639 ἡμῖν

2150 4670 2500 4741 ἡρμήνευσαν
2559 4666 2753 4728 οὕτως.
2798 4666 3037 4735 Ἀνάγκη
3078 4659 3170 4718 οὖν
3217 4663 3364 4733 ἡμᾶς
3392 4662 3488 4715 ἐπὶ
3529 4662 3738 4726 τούτοις

2153 4756 2475 4826 σκέψασθαι,
2533 4756 2770 4826 μάλιστα
2820 4755 2902 4807 ὅτι
2943 4754 3091 4821 ξένον
3130 4754 3338 4824 ἤκουσα
3365 4754 3427 4806 τὸ
3458 4752 3742 4823 βάπτισμα

2151 4849 2399 4921 βροντήν.
2445 4849 2598 4915 Ὀρθ.
2650 4845 2994 4919 Ὀμολογεῖς,
3053 4846 3135 4898 ὅτι
3192 4846 3241 4897 οἱ
3290 4845 3584 4901 ἀπόστολοι
3641 4845 3744 4899 υἱοὶ

2152 4943 2380 5016 βροντῆς
2397 4940 2704 5013 ἐκλήθησαν
2728 4939 2877 5010 παρὰ
2905 4936 3000 4990 τοῦ
3024 4937 3299 5007 Σωτῆρος,
3321 4937 3353 5009 ἦ
3382 4935 3445 4990 οῦ
3467 4954 3482 5002 ;
3516 4937 3740 4993 Μακεδ.

2152 5038 2216 5090 Οἱ
2270 5035 2363 5091 δύο
2398 5034 2547 5106 μόνοι
2579 5032 2813 5102 ἀδελφοί.
2873 5033 3028 5100 Ὄρθ.
3076 5031 3267 5099 Ἡμεῖς
3301 5030 3329 5083 ὃ
3363 5030 3470 5083 κᾶν
3505 5031 3591 5083 ἐνὶ
3632 5029 3742 5101 (57)

2154 5127 2387 5198 εἴρηται,
2414 5128 2547 5179 πᾶσι
2563 5125 2809 5195 λέγωμεν
2832 5120 3093 5194 ἁρμόζειν
3114 5127 3230 5188 τοῖς
3255 5122 3317 5176 τὺ
3355 5123 3493 5176 αὐτὸ
3519 5123 3744 5192 Πνεῦμα

2156 5220 2389 5291 ἔχουσιν.
2424 5216 2536 5270 Καὶ
2586 5214 2696 5287 γὰρ
2728 5213 2939 5274 Παῦλος
2985 5216 3013 5267 6
3053 5213 3208 5281 ἆγιος
3255 5211 3559 5277 ἀπόστολος
3599 5208 3737 5265 εἶτ-ιε’

2153 5375 2195 5406 οι
2236 5370 2258 5425 1
2290 5372 2417 5427 Cor.
2448 5389 2538 5437 γι,
2580 5372 2636 5426 ιι

2158 5530 2366 5599 Πατήρ.

2229 5592 2338 5674 (57)
2379 5598 2576 5665 Palat.,
2598 5592 2643 5666 ᾧ
2678 5594 2775 5650 κᾶν
2802 5594 2902 5650 ἐνί.
