3850 6226
112 343 275 403 1249

1087 345 1175 399 DE
1211 343 1485 401 SANCTA
1524 340 1901 397 TRlNlTATE
1934 338 2284 395 DlALOGL'S
2326 338 2413 395 iV.

3262 333 3402 401 {250

119 486 144 518 ι
187 465 394 520 Λοιπὸν
427 466 714 520 ἀπόκειταί
751 483 840 538 μοι
865 469 893 521 ὁ
915 467 1015 537 τῆς
1047 467 1392 540 δικαιοσύνης
1416 468 1676 538 στέφανος
1696 486 1708 500 ·

1825 474 1923 531 est,
1942 462 2198 519 omnibus
2227 470 2538 532 competere
2567 461 2803 517 dicimus
2815 461 3004 520 eodem
3026 461 3233 535 Spiritu
3266 480 3404 534 prae-

111 556 233 610 οὑκ
262 555 386 622 ἐμοὶ
408 555 467 608 δὲ
495 554 663 626 μόνῳ,
690 554 827 610 ἀλλὰ
857 555 950 608 καὶ
984 556 1117 610 πᾶσι
1140 557 1256 618 τοῖς
1283 555 1596 625 ἠγαπηκόσι
1617 555 1716 626 τὴν

116 648 454 717 ἐπιφάνειαν
475 646 569 699 τοῦ
598 647 805 718 Κυρίου
831 647 987 719 ἡμῶν
1015 647 1188 717 Ἰησοῦ
1217 646 1476 719 Χριστοῦ.
1505 666 1525 699 ι
1546 646 1717 720 Πείθῃ

115 734 249 802 οὖν,
272 740 354 792 ὅτι
376 740 524 800 υἱοὺς
549 737 778 809 βροντῆς
800 740 1026 793 ἐκάλεσε
1054 741 1180 804 τοὺς
1203 739 1532 801 ἀποστόλους
1555 755 1571 804 ;
1606 739 1718 792 Καὶ

122 830 364 900 πότερον
432 829 627 901 βροντὴ
685 832 881 893 αὑτοὺς
954 831 1262 901 ἐγέννησεν,
1309 830 1343 901 ἢ
1403 830 1714 902 ἄνθρωποι;

117 922 359 976 Μακεὸ.
388 921 674 992 Πείθομαι,
704 923 865 985 ,υἱοὺς
895 920 1121 993 βροντῆς
1152 920 1348 983 αὐτοὺς
1373 916 1523 974 εἶπεν
1547 919 1633 973 διὰ
1658 919 1720 973 τὸ

125 1013 342 1084 ὑψηλὸν
366 1015 628 1084 κήρυγμα
646 1015 746 1084 τῆς
768 1012 1024 1076 πίστεως.
1055 1013 1210 1080 Ὀρθ.
1226 1012 1292 1065 Τί
1312 1011 1368 1064 δὲ
1391 1009 1718 1082 ὑψηλότερον

124 1101 232 1155 τοῦ
262 1101 670 1172 βαπτίσματος;
703 1101 983 1172 Σκόπησον
1008 1101 1072 1173 δὴ
1112 1101 1249 1171 μετὰ
1288 1100 1452 1168 φόϐου
1481 1100 1638 1168 Θεοῦ,
1670 1103 1719 1155 εἰ

130 1192 217 1264 μὴ
247 1193 524 1264 πανταχοῦ
550 1194 608 1245 ὲν
630 1195 697 1263 τῇ
738 1191 1081 1262 θεοπνεύστῳ
1120 1192 1309 1263 Γραφῇ
1338 1190 1630 1247 αἰνίττεται
1657 1191 1719 1245 τὸ

127 1287 424 1358 βάπτισμα
482 1287 731 1358 βροντήν.
768 1287 879 1340 Καὶ
919 1285 1028 1357 γὰρ
1069 1287 1234 1340 Δαὸὶδ
1283 1287 1433 1356 λέγει
1458 1304 1472 1318 ·
1510 1306 1529 1338 ι
1564 1287 1718 1360 Φωνὴ

123 1379 237 1450 τῆς
272 1378 499 1450 βροντῆς
526 1396 616 1432 σου
645 1381 704 1433 ὲν
731 1378 809 1451 τῷ
833 1378 1012 1451 τροχῷ
1034 1396 1048 1409 ·
1076 1379 1280 1448 ἕφαναν
1299 1379 1409 1450 (58)
1430 1381 1488 1433 αί
1511 1382 1719 1452 ἀστρα-

124 1471 237 1524 παί
270 1488 363 1525 σου
390 1474 456 1542 τῇ
519 1472 832 1546 οἰκουμένῃ.
866 1468 1020 1526 Εἷδεν
1053 1472 1146 1525 καὶ
1184 1472 1445 1544 ἐσαλεύθη
1496 1475 1530 1543 ἡ
1562 1473 1656 1543 γῆ.
1695 1491 1714 1525 ι

123 1564 204 1617 Τί
242 1563 370 1619 ἄλλο
398 1564 432 1637 ἢ
460 1564 524 1618 τὸ
557 1564 838 1636 βάπτισμα
859 1565 1005 1634 λέγει
1038 1565 1263 1637 βροντήν
1287 1581 1302 1630 ;
1332 1564 1425 1619 τὸν
1443 1564 1502 1618 δὲ
1528 1564 1720 1637 τροχὸν

123 1656 230 1710 τὸν
256 1655 453 1710 κύκλον
498 1656 590 1710 τοῦ
632 1656 747 1725 βίου
769 1656 994 1723 eodem);
1028 1659 1122 1711 καὶ
1154 1657 1251 1721 τὰς
1278 1657 1565 1729 ἀστραπὰς
1595 1658 1722 1722 τοὺς

124 1748 327 1817 ἁγίους
355 1750 706 1815 ἀποστόλους,
730 1752 856 1815 τοὺς
889 1752 984 1804 καὶ
1024 1752 1295 1821 φάναντας
1319 1753 1385 1822 τῇ
1426 1750 1720 1825 οἰκουμένῃ

1820 556 1971 611 ditis.
2024 555 2170 609 Dixit
2218 555 2364 611 enim
2416 562 2643 610 sanctus
2696 552 2905 612 Paulus
2949 574 2962 610 :
3023 575 3042 608 ι
3081 556 3138 611 ln
3190 558 3405 628 reliquo

1818 648 2058 717 reposita
2081 655 2165 701 est
2184 647 2317 700 mihi
2343 654 2547 701 corona
2575 645 2827 715 iustitiae,
2865 663 2974 702 non
3013 649 3192 704 solum
3222 646 3406 704 autem

1819 740 1976 800 mihi.
2015 739 2112 795 sed
2170 740 2336 794 etiam
2391 740 2648 795 omnibus
2693 740 2788 814 qui
2819 742 3056 812 diligunt
3106 741 3406 798 adventum

1821 830 2038 887 Domini
2070 832 2247 911 nostri
2270 831 2400 887 Jesu
2423 832 2630 889 Christi
2662 834 2730 888 “.
2773 853 2793 886 ι
2824 833 2909 889 An
2950 832 3121 905 igitur
3154 834 3248 889 tibi
3284 850 3407 904 per-

1821 939 2045 978 suasum
2077 934 2157 979 est
2187 922 2468 979 Christum
2496 920 2731 981 ~vocasse
2775 930 3056 996 apostolos
3085 926 3227 981 ﬁlios
3263 927 3408 981 toni—

1820 1018 2096 1071 tru?num
2135 1030 2266 1070 vero
2297 1019 2507 1071 tonitru
2533 1016 2685 1087 ipsos
2731 1018 2942 1089 genuit,
2969 1034 3039 1073 an
3085 1019 3273 1090 potius
3306 1018 3407 1074 ho-

1820 1108 2035 1163 mines?
2056 1105 2267 1162 Maced.
2291 1108 2468 1178 Ipsos,
2491 1108 2678 1176 credo,
2726 1112 2941 1165 vocavit
2982 1109 3124 1166 ﬁlios
3153 1110 3406 1177 tonitrui,

1820 1202 1892 1256 ob
1921 1202 2211 1258 sublimem
2252 1203 2398 1256 illam
2430 1201 2556 1258 ﬁdei
2601 1203 3066 1274 praedicationem.
3104 1202 3257 1260 Orth.
3304 1204 3410 1261 Ec-

1821 1294 1953 1364 quid
1978 1302 2159 1350 autem
2188 1295 2464 1364 baptismo
2486 1294 2816 1351 sublimius?
2848 1292 3129 1365 Perpende
3159 1311 3286 1350 cum
3310 1295 3407 1350 Dei

1822 1386 2039 1452 timore,
2070 1400 2252 1441 annon
2282 1386 2485 1456 ubique
2506 1386 2561 1440 in
2606 1383 2893 1455 Scriptura
2940 1386 3206 1441 divinitus
3237 1386 3410 1455 inspi-

1824 1485 1943 1530 rata
1972 1476 2183 1530 tonitru
2213 1476 2548 1545 baptismum
2585 1473 2818 1529 innuat?
2848 1473 2987 1527 Dicit
3009 1474 3154 1527 enim
3186 1472 3359 1527 David
3390 1490 3405 1527 :

1826 1584 1847 1617 ι
1876 1564 1995 1621 Vox
2023 1565 2253 1619 tonitrui
2282 1567 2360 1619 tui
2380 1565 2434 1619 in
2464 1572 2585 1619 rota
2623 1583 2635 1617 :
2674 1563 2979 1619 llluxerunt
2993 1563 3409 1618 coruscationes

1823 1669 1930 1713 tuae
1977 1658 2098 1713 orbi
2128 1665 2304 1712 terrae.
2365 1656 2513 1711 Vidit
2559 1665 2612 1712 et
2645 1664 2917 1711 commota
2968 1664 3052 1711 est
3084 1663 3229 1710 terra
3280 1655 3346 1708 ⁸³.
3383 1674 3405 1708 ι

1824 1750 1967 1818 Quid
1992 1750 2140 1804 aliud
2173 1758 2330 1806 vocat
2360 1749 2566 1804 tonitru
2596 1763 2761 1819 quam
2785 1748 3162 1819 baptismum?
3202 1754 3407 1814 rotam,

125 1840 200 1893 τὸ
229 1840 344 1909 φῶς
377 1842 476 1913 τῆς
506 1841 770 1914 βροντῆςς
794 1844 959 1896 Αὐτοὶ
983 1843 1091 1915 γάρ
1116 1844 1255 1897 εἰσιν
1282 1845 1329 1896 οἱ
1355 1842 1685 1907 ἀκούσαντες
1707 1860 1721 1874 ·

1829 1844 1993 1914 hujus
2030 1842 2154 1897 vitae
2192 1842 2506 1897 circulum?
2561 1840 2778 1913 fulgura
2814 1856 2964 1903 vero,
3000 1847 3221 1896 sanctos
3277 1853 3411 1909 apo—

134 1949 162 1983 ι
180 1931 394 2003 ,Ὑμεῖς
426 1935 549 1985 ὲστε
575 1933 638 1984 τὸ
663 1932 779 2001 φῶς
801 1933 894 1986 τοῦ
924 1933 1150 2005 κόσμου.
1186 1953 1205 1985 ι
1242 1934 1307 1987 Ἥ
1325 1933 1383 1986 δὲ
1407 1933 1724 1988 σαλευθεῖσα

127 2023 214 2094 γῆ
241 2026 321 2089 εἰς
353 2024 627 2096 γεωργίαν
642 2027 705 2077 ὲκ
718 2026 820 2095 τῆς
845 2025 1074 2097 βροντῆς
1091 2065 1107 2090 ,
1140 2027 1235 2079 καὶ
1253 2028 1317 2079 ἐκ
1351 2027 1450 2097 τῆς
1471 2025 1721 2096 φαύσεως

128 2114 251 2168 τῶν
269 2114 484 2187 ἄστρων
525 2113 595 2168 τὰ
640 2113 770 2185 ἔθνη
799 2115 907 2169 ἀπὸ
929 2116 1031 2187 τῆς
1062 2117 1338 2185 ἀγνωσίας
1372 2119 1451 2180 είς
1477 2117 1575 2188 τὴν
1603 2117 1722 2172 ἐπί-

130 2221 362 2276 γνωσιν.
414 2205 638 2259 Μακεδ.
708 2200 911 2272 Εἶπον,
974 2206 1057 2258 ὅτι
1121 2205 1524 2277 ξενοφωνοῦμαι
1550 2247 1565 2272 ,
1626 2207 1722 2260 καὶ

130 2298 354 2369 ἀνάγκη
398 2313 465 2368 με
499 2295 916 2366 ἐπισκέψασθαι.
961 2298 1116 2367 Ὀρθ.
1134 2297 1349 2369 Ἐπειδὴ
1390 2298 1722 2369 πανταχόθεν

135 2406 208 2442 σε
245 2388 384 2442 θέλω
435 2388 741 2459 πεισθῆναι,
786 2388 946 2461 μάθε,
978 2390 1059 2444 ὅτι
1107 2391 1202 2444 καὶ
1234 2393 1290 2446 ὲν
1319 2390 1491 2462 ἑτέρῳ
1521 2390 1723 2462 ψαλμῷ

132 2485 170 2537 ὁ
197 2483 358 2535 Δασὶδ
396 2483 457 2535 τὸ
508 2481 789 2553 βάπτισμα
821 2481 1047 2555 βροντὴν
1063 2483 1236 2547 καλεῖ,
1271 2483 1445 2553 λέγων
1465 2502 1478 2516 ·
1517 2501 1535 2535 ι
1568 2484 1723 2556 Φωνὴ

135 2575 351 2646 Κυρίου
378 2575 471 2628 ἐπὶ
513 2574 622 2628 τῶν
653 2575 881 2629 ὑδάτων.
921 2594 938 2627 ι
973 2577 1084 2630 Καὶ
1129 2574 1197 2629 τὰ
1242 2575 1402 2647 ἐξῆς⁶
1431 2595 1450 2628 ι
1498 2576 1556 2630 '0
1592 2576 1725 2640 Θεὸς

135 2668 244 2738 τῆς
278 2667 435 2738 δόξης
490 2667 805 2739 ἐϐρόντησε,
836 2665 1040 2739 Κύριος
1066 2668 1158 2720 ἐπὶ
1188 2667 1396 2721 ὑδάτων
1422 2667 1651 2721 πολλῶν.
1695 2685 1714 2719 ι

140 2759 591 2828 Μακεδ.¹Ἐγνων
616 2759 822 2824 λοιπὸν,
839 2760 891 2813 τί
920 2762 1066 2812 ἐστιν
1084 2759 1112 2813 ὃ
1127 2759 1301 2823 θέλεις
1319 2761 1722 2815 κατασκευάσαι

141 2851 243 2905 καὶ
269 2854 611 2921 συναγαγεῖν.
655 2851 777 2905 Ἀλλ
807 2846 981 2917 εἶπον,
1014 2851 1125 2921 ἐγὼ
1161 2852 1339 2921 ὀλίγος
1393 2852 1509 2923 εἰμί
1528 2869 1543 2884 ο
1578 2852 1725 2916 ἔνδος

146 2958 243 3012 μοι
294 2941 712 3010 ἐπισκέψασθαι.
762 2942 915 3009 Ὀρθ.
950 2941 1072 3013 Δῴη
1103 2959 1185 2996 σοι
1234 2945 1262 2995 ὁ
1306 2941 1439 3005 Θεὸς
1487 2940 1723 3008 σύνεσιν,

144 3037 238 3091 ἴνα
273 3035 508 3105 ἐπιγνῷς
538 3038 666 3108 περὶ
691 3030 763 3091 ὧν
793 3034 1109 3107 κατηχήθης
1140 3035 1333 3104 λόγων.

1828 1938 2021 1994 Stolos.
2056 1936 2150 2006 qui
2178 1936 2356 1990 lucem
2387 1934 2618 1990 tonitrui
2645 1934 2765 1988 orbi
2814 1940 3086 1987 terrarum
3138 1931 3409 2003 patefece-

1827 2027 1988 2083 runt?
2016 2025 2083 2081 Hi
2114 2034 2246 2083 sunt
2269 2027 2414 2080 enim
2447 2026 2540 2096 qui
2571 2024 2862 2080 audierunt
2889 2043 2902 2079 :
2939 2043 2959 2076 ι
3001 2022 3112 2079 Vos
3148 2023 3282 2078 estis
3316 2023 3410 2077 lux

1826 2119 2015 2173 mundi
2049 2117 2114 2171 ⁸⁸.
2152 2137 2171 2171 ›
2214 2117 2503 2172 Commota
2557 2123 2640 2172 est
2693 2122 2877 2171 autem
2931 2115 3002 2170 ab
3041 2115 3145 2171 hoc
3200 2114 3410 2171 tonitru

1823 2219 1969 2267 terra
1993 2210 2061 2265 ad
2092 2211 2386 2274 culturam,
2417 2218 2471 2264 et
2498 2215 2686 2280 gentes
2715 2208 3129 2264 collustratione
3160 2207 3407 2263 siderum

1824 2304 1893 2358 ab
1916 2302 2219 2373 ignorantia
2255 2303 2321 2356 ad
2356 2299 2452 2357 Dei
2491 2301 2853 2372 cognitionem
2888 2300 3171 2355 traductae.
3194 2297 3407 2353 Macedo

1824 2394 1944 2449 Dixi
1970 2410 2108 2449 nova
2138 2394 2253 2449 haec
2283 2401 2339 2449 et
2368 2394 2655 2465 peregrina
2686 2392 2819 2447 mihi
2845 2392 3108 2447 incidere.
3132 2391 3411 2462 Ampliore

1824 2486 2261 2544 consideratione
2309 2487 2442 2540 mihi
2493 2502 2632 2556 opus
2680 2492 2784 2541 est.
2830 2484 2984 2540 Ortli.
3016 2482 3286 2550 Quoniam
3353 2490 3411 2539 te

1826 2579 1991 2649 cupio
2014 2578 2193 2634 modis
2209 2579 2468 2634 omnibus
2494 2577 2562 2632 ad
2592 2580 2697 2633 hoc
2724 2575 3055 2632 credendum
3086 2575 3408 2645 perducere,

1828 2672 1981 2728 disce
2007 2672 2060 2725 in
2092 2670 2199 2725 alio
2217 2671 2380 2726 etiam
2417 2670 2628 2741 psalmo
2662 2669 2993 2739 baptismum
3023 2682 3053 2720 a
3080 2665 3284 2721 Davide
3311 2682 3413 2720 νο-

1827 2764 1944 2819 cari
1991 2763 2220 2830 tonitru,
2274 2778 2400 2819 cum
2446 2762 2624 2834 inquit
2683 2777 2698 2815 :
2748 2778 2768 2813 ι
2804 2759 2922 2815 Vox
2982 2758 3196 2813 Domini
3247 2772 3415 2827 super

1829 2871 2021 2927 aquas.
2057 2875 2077 2909 ι
2108 2856 2175 2910 Ει
2199 2871 2366 2911 mox:
2409 2874 2428 2908 ι
2462 2855 2610 2912 Deus
2658 2854 2963 2925 majestatis
2994 2850 3193 2915 tonuit,
3227 2849 3411 2904 Domi-

1831 2965 1937 3006 nus
1960 2964 2125 3020 super
2145 2964 2315 3020 aquas
2337 2949 2540 3006 multas
2570 2949 2637 3004 “.
2664 2967 2684 3000 ι
2709 2945 2918 3002 Maced.
2944 2944 3079 3001 Novi
3098 2943 3227 3015 quid
3256 2941 3412 2998 dein-

1756 3036 1798 3093 C
1833 3055 1965 3112 ceps
1984 3040 2197 3097 edicere
2221 3049 2277 3097 et
2299 3040 2558 3112 colligere
2580 3041 2911 3097 institueris.
2936 3036 3051 3094 Sed
3075 3035 3222 3108 quod
3252 3044 3409 3088 antea

141 3127 286 3194 dixi,
319 3129 516 3199 exiguo
546 3144 665 3183 sum
698 3129 916 3200 ingenio
936 3168 952 3192 ,
1012 3129 1251 3183 concede
1287 3135 1347 3182 ut
1380 3125 1447 3182 de
1478 3126 1599 3183 istis
1630 3131 1866 3201 amplius
1894 3133 2201 3205 dispiciam.
2232 3132 2386 3190 Orth.
2413 3132 2633 3189 Utinam
2665 3133 2757 3189 det
2790 3132 2892 3188 tibi
2921 3130 3185 3187 Dominus
3212 3123 3411 3182 intelli-

143 3220 411 3290 gentiam,
451 3228 511 3277 ut
540 3238 662 3293 qua:
691 3222 950 3278 audivisti
977 3237 1269 3293 agnoscas.

1240 3509 1379 3565 ΤΟΥ
1415 3510 1508 3563 ΕΝ
1543 3511 1766 3565 ΑΓΙΟΙΣ
1803 3510 2075 3566 ΠΑΤΡΟΣ
2100 3512 2308 3584 ιΗΜΩΝ

1470 3633 2105 3723 ΑΘΑΝΑΣΙΟΥ

293 3777 431 3849 Περὶ
458 3776 568 3848 τῆς
599 3778 773 3848 ἁγίας
807 3777 1048 3846 Τρώδος
1073 3776 1357 3848 Διάλογος
1391 3780 1464 3845 Δ’,
1498 3778 1568 3833 ἐν
1597 3776 1643 3844 ᾧ
1672 3777 2028 3849 Ὀρθοδόξου
2060 3777 2212 3847 πρὸς
2242 3772 2818 3846 Ἀπολλιναριαστὴν
2839 3773 3103 3840 διάλεξις
3130 3770 3264 3845 (59).

1769 3923 1833 3939 —

1170 4029 1263 4118 S.
1342 4032 1447 4118 P.
1528 4030 1648 4118 Ν.
1722 4022 2377 4116 ATHANASII

400 4178 475 4235 De
528 4188 716 4235 sancta
768 4179 1026 4235 Trinitate
1076 4179 1334 4252 Dialogus
1374 4196 1448 4245 ιν,
1487 4180 1542 4234 in
1578 4195 1680 4250 quo
1725 4175 2024 4235 Orthodoxi
2078 4190 2199 4229 cum
2235 4172 2854 4245 Apollinarii'sectatore
2888 4150 3153 4237 dialogus.

718 4403 1136 4473 ζοΡΘοΔοΞοΣ.

1755 4324 1827 4335 —

2385 4392 2879 4454 ORTHODOXUS.

222 4519 276 4573 1.
330 4515 499 4587 Σῶμα
549 4513 886 4587 ἀνθρώπινον
946 4515 1102 4588 ἔσχεν
1159 4519 1188 4570 ό
1244 4519 1497 4589 Χριστὸς,
1547 4519 1579 4591 ἢ
1628 4517 1721 4585 ob;

1903 4519 1957 4573 l.
2009 4514 2209 4569 Habuit
2260 4512 2558 4566 humanum
2622 4521 2826 4576 corpus
2880 4503 3157 4568 Christus,
3188 4507 3409 4559 annon?

157 4607 846 4665 ’AIIOAAINAPIAZTHE.
930 4606 1026 4659 Οὔ.
1102 4608 1256 4676 Ὀρθ.
1324 4608 1462 4661 Ἀλλ’
1512 4611 1724 4677 ὁποῖον;

158 4701 411 4756 Ἀπολλ.
457 4698 669 4752 Θεῖκόν.
711 4699 865 4765 Ὀρθ.
891 4696 969 4769 Τῇ
999 4698 1178 4767 φύσει,
1225 4698 1258 4770 ἢ
1302 4701 1368 4770 τῇ
1411 4698 1600 4752 ὲνὼσει
1628 4700 1728 4770 τῆς

140 4792 496 4863 οἰκονομίαςς
568 4792 812 4846 Ἀπολλ.
865 4791 943 4862 Τῇ
1012 4789 1202 4844 ὲνώσει
1252 4791 1350 4862 τῆς
1394 4792 1726 4863 οἰκονομίας.

156 4884 317 4952 Ὄρθ.
353 4883 560 4936 Οὐκοῦν
592 4886 658 4954 τῇ
690 4882 847 4951 φύσει
886 4882 1325 4955 ἀνθρώπινον,τῇ
1355 4883 1412 4936 δὲ
1449 4884 1727 4955 οἰκονομίᾳ

142 4974 348 5030 θεῖκόν.
395 4973 639 5028 Ἀπολλ.
691 4973 818 5027 Ναί.
860 4975 1013 5042 Ὀρθ.
1063 4975 1172 5027 Καὶ
1221 4973 1505 5045 όμοοὺσιον
1559 4977 1723 5046 ἡμῖν;

155 5069 409 5122 Ἀπολλ.
467 5066 540 5120 Τὸ
587 5068 652 5119 ὲκ
693 5065 911 5137 Μαρίας
953 5066 1177 5133 σαρκίον
1236 5067 1523 5137 όμοοὺσιον
1570 5069 1722 5138 ἡμῖν.

153 5159 318 5226 Ὀρθ.
334 5156 624 5228 Σύμφωνοι
641 5152 734 5211 οὖν
752 5160 885 5227 ἡμῖν
915 5158 1037 5210 ἐστε
1071 5157 1128 5210 ἐν
1143 5156 1350 5222 τούτοις
1366 5174 1381 5223 ;
1399 5159 1643 5212 Ἀπολλ.
1663 5159 1724 5211 El

139 5250 341 5314 οὕτως,
400 5250 509 5303 ναί.
568 5252 718 5319 Ὀρθ.
781 5250 1009 5322 Ἰδωμεν
1062 5246 1154 5303 οὖν
1207 5253 1302 5304 καὶ
1352 5251 1481 5323 περὶ
1523 5250 1729 5322 ψυχῆς.⁴

153 5345 397 5398 Ἅπολλ.
429 5342 676 5413 Ἴδωμεν.
743 5343 895 5410 Ὀρθ.
957 5342 1238 5413 Ἔμψυχον
1284 5338 1353 5414 ἦν
1376 5342 1438 5396 τὸ
1470 5343 1651 5414 σῶμα,
1685 5342 1718 5415 ἢ

1831 4602 2403 4666 APOLLINARISTA.
2456 4601 2575 4656 Non
2634 4599 2846 4655 habuit.
2885 4596 3040 4653 Orth.
3085 4595 3408 4666 Cuiusmodi

1830 4719 1962 4774 ergo
1976 4700 2164 4756 aliud?
2191 4697 2364 4768 Apoll.
2402 4695 2678 4749 Divinum.
2718 4693 2871 4750 Orlh.
2903 4690 3129 4755 Natura,
3159 4707 3227 4745 an
3261 4706 3411 4746 (eco-

1833 4795 2035 4851 nomia:
2089 4792 2325 4847 unione?
2377 4789 2549 4859 Apoll.
2597 4786 2946 4844 (Economiaa
3001 4785 3220 4840 unione.
3254 4783 3388 4839 Orth

1834 4886 1977 4957 Ergo
2019 4892 2215 4939 natura
2271 4883 2593 4944 humanum,
2629 4878 2934 4936 (economia
2977 4891 3107 4933 vero
3138 4875 3385 4929 divinum

1832 4976 2010 5046 Apoll.
2044 4976 2241 5031 Etiam.
2271 4974 2422 5030 Orl/t.
2444 4973 2509 5027 Et
2536 4972 2695 5028 nobis
2727 4966 3212 5026 consubstantiale.
3230 4964 3406 5034 Apoll.

1780 5082 1785 5087 ‘
1832 5067 1973 5123 Caro
2003 5082 2163 5136 quam
2202 5082 2269 5121 ex
2294 5064 2463 5119 Maria
2515 5064 2768 5134 sumpsit.
2800 5058 3291 5117 consubstantialis
3325 5067 3409 5112 est

1833 5160 2012 5215 nobis.
2035 5157 2188 5216 Orth.
2215 5158 2274 5213 In
2311 5158 2432 5214 istis
2457 5157 2621 5228 igitur
2654 5155 2868 5211 sentitis
2894 5150 3405 5219 nobiscum?Apoll.

1831 5249 2031 5318 Etiam,
2082 5251 2127 5306 si
2181 5250 2401 5320 quidem
2456 5250 2530 5302 ita
2561 5249 2795 5304 sentitis.
2831 5245 2983 5303 Orth.
3043 5244 3408 5314 Dispiciamus

1829 5344 1994 5415 igitur
2024 5345 2185 5399 etiam
2241 5344 2310 5399 de
2361 5343 2565 5398 anima.
2617 5343 2792 5413 Apoll.
2822 5340 3209 5413 Dispiciamus.
3251 5338 3405 5395 Orth.

219 5497 266 5530 “
306 5494 352 5550 ll
380 5495 523 5552 Tim.
561 5511 636 5562 Iv,
673 5498 727 5553 8.
803 5498 850 5531 “
886 5496 1032 5555 Psal.
1065 5513 1259 5563 Lxxw,
1300 5497 1384 5552 l9.
1462 5499 1508 5531 “
1545 5497 1735 5553 Matth.
1768 5515 1822 5565 ν,
1859 5499 1948 5554 14.
2025 5500 2069 5533 ⁸⁵
2111 5498 2253 5555 Psal.
2288 5515 2499 5565 xxvm,
2534 5500 2587 5556 5.

218 5649 335 5723 (58)
375 5651 467 5708 Sic
493 5668 626 5709 mss.
655 5653 796 5709 Editi
824 5670 974 5719 vero,
1004 5655 1300 5727 ἐφάνησαν.
1359 5671 1367 5679 ’

217 5743 333 5816 (59)
370 5742 504 5818 Reg.
550 5747 819 5816 el'Felc.,
868 5748 973 5801 Τοῦ
1021 5749 1177 5817 ἁγίου
1232 5750 1551 5805 Ἀθανασίου
1588 5750 1721 5823 πρὸς

1825 5748 2182 5822 ιπολλινάριον
2212 5748 2461 5817 διάλεξις.
