3850 6226
449 276 584 336 1251

448 471 783 540 Διιὶίιιιιιιιιιι.
809 480 963 537 Orth.
1005 478 1210 550 Nempe
1236 478 1406 551 459
1432 479 1578 548 quod
1619 478 1799 532 anima
1828 478 2027 548 praedi-

447 582 563 630 tum
594 583 741 630 esset
759 574 784 626 ‘l
804 572 982 643 Apoll.
1000 553 1377 642 Nequaquam.
1400 569 1556 625 Orth.
1580 569 1866 636 Quomodo
1901 586 2028 625 vero

449 663 613 720 fuerit
639 664 961 729 animatum,
995 662 1141 732 quod
1181 676 1290 716 non
1312 660 1477 715 fuerit
1508 662 1692 716 anima
1710 662 2029 731 praeditum?

448 755 626 826 Apoll.
689 753 882 809 Divina
931 754 1267 808 animatione
1330 751 1434 807 fuit
1490 754 1812 808 animatum.
1873 752 2026 809 Orth.

450 847 741 901 Enimvero
762 860 831 899 an
866 854 921 899 tu
954 860 1036 908 es,
1085 844 1198 900 Deo
1229 859 1340 899 non
1374 839 1793 910 interveniente,
1821 846 2031 900 anima-

450 938 573 990 tus?
613 934 787 1003 Apoll.
827 932 1163 988 Naturaliter
1210 949 1331 989 sum
1365 934 1660 988 animatus.
1695 932 1848 989 Orlh.
1888 932 2029 988 Num

452 1027 659 1097 absque
684 1026 773 1080 Dei
796 1025 1073 1096 potentia?
1092 1024 1268 1095 Apoll.
1288 1025 1357 1079 At
1379 1041 1492 1081 non
1521 1026 1596 1079 ita
1624 1024 1909 1081 Dominus.
1926 1024 2029 1081 Hic

452 1118 599 1172 enim
624 1117 806 1170 anima
830 1116 1061 1172 rationis
1083 1116 1377 1187 particeps,
1410 1117 1626 1187 corpori
1655 1132 1720 1172 ex
1752 1115 1848 1171 Dei
1883 1131 2033 1171 man-

453 1207 582 1262 dato
619 1208 792 1272 unita,
842 1207 1117 1261 hominem
1171 1207 1484 1263 constituit.
1518 1206 1578 1262 In
1635 1206 1867 1263 Domino
1901 1222 2032 1263 vero

452 1315 566 1355 non
605 1300 677 1352 ita
705 1305 810 1363 est,
850 1298 945 1353 sed
978 1297 1123 1353 Deus
1163 1294 1402 1352 Verbum
1436 1298 1589 1352 carni
1619 1298 1833 1352 unitum
1857 1299 2034 1353 homi-

453 1405 576 1445 nem
600 1389 886 1463 constituit
913 1387 1103 1443 Deum.
1129 1386 1284 1444 Orth.
1322 1387 1562 1444 Hoccine
1591 1397 1677 1445 est
1721 1389 1868 1459 quod
1895 1389 2034 1444 divi-

452 1497 581 1536 nam
610 1481 1000 1536 animationem
1027 1480 1229 1535 vocas?
1253 1480 1425 1550 Apoll.
1450 1479 1594 1535 Sane
1608 1480 1849 1551 quidem.
1871 1480 2028 1536 Orth.

455 1571 695 1628 Verbum
716 1572 880 1642 igitur
897 1570 1063 1625 fuerit
1085 1571 1280 1625 anima:
1303 1572 1439 1626 vice.
1465 1570 1642 1639 Apoll.
1658 1570 1854 1625 Etiam.
1878 1570 2031 1626 Orth.

465 1666 732 1733 Quisnam
772 1665 937 1735 igitur
965 1661 1181 1716 dixitzi
1220 1661 1389 1718 Nemo
1409 1663 1551 1717 tollit
1594 1662 1830 1717 animam
1856 1676 2033 1716 meam

1613 274 1674 331 ε.
1714 271 2180 329 ATHANASIUS.
2216 304 2285 315 —
2322 272 2597 330 SPUBIA.

446 392 659 463 Corpus
694 388 828 446 illud
859 396 1050 446 eratne
1080 388 1403 454 animatum,
1438 403 1508 443 an
1529 388 1821 444 exanime?
1847 387 2025 456 Apoll.

2141 389 2335 459 Ξψυχον
2354 405 2370 454 ;
2446 389 2681 443 Ἇπολλ.
2749 386 3046 458 Ἔμψυχον.

3598 272 3737 327 {252

3130 387 3283 455 'Opo.
3337 384 3552 457 Ψυχὴν
3612 388 3733 457 ἔχον

2126 480 2367 551 δηλονότι
2389 481 2666 544 ;’Δπολλ.
2691 478 2785 535 Οὔ.
2807 480 2961 547 Ὀρθ.
3000 479 3110 531 Καὶ
3133 476 3252 541 πῶς
3278 476 3543 548 ἔμψυχον
3564 478 3637 530 τὸ
3659 479 3730 548 μὴ

2127 571 2248 642 ἔχον
2280 572 2494 642 ψυχήν;
2559 572 2805 625 Ἀπολλ.
2858 571 2991 642 Θείᾳ
3028 566 3096 641 ἦν
3143 570 3390 641 ὲμψυχίᾳ
3438 569 3725 639 ψυχωθέν.

2141 663 2293 729 Ὀρθ.
2356 663 2429 714 Σὺ
2488 660 2596 731 γὰρ
2641 660 2793 715 ἀθεεὶ
2837 659 3157 730 ὲψυχὼθηςς
3199 659 3440 713 Ἆπολλ.
3470 659 3726 722 Φυσικῶς

2128 752 2435 826 ἐψυχώθην.
2496 754 2646 821 Ὀρθ.
2706 750 2868 805 ’Λνευ
2918 752 3020 821 τῆς
3071 751 3167 805 τοῦ
3205 751 3341 805 Θεοῦ
3393 751 3721 821 δυνάμεως
3812 758 3813 813 l

2144 846 2378 900 Ἀπολλ.
2422 844 2560 897 Ἀλλ’
2589 844 2688 915 οὐχ
2743 842 2916 908 οὕτως
2960 845 2990 896 6
3028 842 3249 914 Κύριος.
3294 843 3581 897 Ἐνταῦθα
3621 844 3722 913 γὰρ

2129 936 2275 1008 ψυχὴ
2321 936 2532 1007 λογικὴ,
2585 934 2796 1006 σώματι
2838 934 3091 1006 ἡνωμένη
3131 935 3531 1006 προστάγματι
3565 934 3719 996 Θεοῦ,

2131 1024 2418 1095 ἄνθρωπον
2459 1024 2728 1078 ἀποτελεῖ.
2793 1024 2915 1078 Ἐπὶ
2938 1024 2995 1077 δὲ
3022 1023 3116 1076 τοῦ
3144 1023 3350 1095 Κυρίου
3375 1025 3483 1093 οὐχ
3512 1023 3720 1087 οὕτως’

2131 1117 2269 1171 ἀλλὰ
2299 1117 2431 1181 Θεὸς
2460 1118 2633 1186 Λόγος
2652 1117 2814 1188 σαρκὶ
2830 1116 3051 1180 ὲνωθεὶς
3072 1116 3357 1188 ἄνθρωπον
3385 1117 3721 1171 ἀπετέλεσεν

2130 1209 2283 1264 Θεόν.
2309 1210 2463 1278 Ὀρθ.
2487 1209 2659 1263 Τοῦτο
2667 1205 2760 1262 οὖν
2775 1209 2950 1278 λέγεις
2966 1207 3116 1261 θείαν
3132 1208 3439 1279 ὲμψυχίανς
3472 1207 3714 1263 'AonJ.

2132 1302 2244 1355 Καὶ
2277 1303 2441 1356 πάνυ.
2484 1303 2638 1369 Ὀρθ.
2680 1302 2825 1354 ’Δντὶ
2843 1300 3021 1372 ψυχῆς
3051 1297 3144 1354 οὖν
3162 1302 3192 1354 6
3220 1300 3428 1368 Λόγος;
3472 1301 3713 1354 Ἀπολλ.

2132 1394 2261 1447 Ναί.
2309 1395 2464 1461 Ὀρθ.
2513 1393 2610 1456 Τίς
2647 1388 2742 1446 οὖν
2798 1388 2866 1464 ἦν
2904 1394 2933 1446 ὁ
2959 1391 3132 1460 λέγων
3156 1391 3267 1462 (60)
3291 1411 3305 1423 ο
3337 1410 3356 1441 ι
3399 1392 3522 1463 Τὴν
3547 1394 3720 1462 ψυχήν

2137 1504 2239 1559 μου
2258 1487 2434 1549 οὐδεὶς
2462 1486 2605 1557 αἴρει
2630 1485 2725 1539 ἀπ’
2758 1482 2892 1555 ἐμοῦ
2916 1501 2931 1514 ·
2960 1485 3050 1537 ὅτε
3072 1483 3230 1547 θέλω,
3280 1484 3478 1555 τίθημι
3528 1486 3719 1555 αὐτὴν,

2135 1579 2229 1632 καὶ
2249 1578 2336 1631 ὅτε
2365 1577 2524 1641 θέλω,
2542 1576 2806 1647 λαμϐάνω
2837 1576 3040 1646 αὑτήνο
3085 1594 3104 1627 ι
3132 1576 3165 1645 ἡ
3196 1574 3350 1646 σὰρξ,
3388 1576 3423 1645 ἢ
3453 1576 3489 1627 6
3526 1576 3720 1643 Λόγοςς

2148 1669 2394 1722 Ἀπολλ.
2458 1667 2517 1719 '0
2558 1667 2748 1734 Λόγος.
2792 1667 2945 1733 Ὀρθ.
2993 1665 3158 1717 Ποίαν
3188 1664 3373 1732 ἔλεγεν
3399 1663 3629 1734 ψυχήνς
3658 1666 3722 1733 ἣν

459 1774 489 1814 a
514 1773 623 1821 me,
645 1773 770 1812 cum
799 1758 923 1811 volo
953 1772 1095 1827 pono
1120 1770 1263 1818 eam,
1294 1763 1348 1809 et
1377 1769 1502 1807 cum
1533 1754 1656 1808 volo
1694 1768 1851 1808 sumo
1883 1754 1928 1784 “
1960 1770 1974 1805 :
2007 1771 2025 1804 ι

2141 1753 2295 1829 εἶχεν,
2353 1757 2387 1829 ἦ
2446 1759 2512 1828 ἢν
2557 1757 2656 1810 οὐκ
2701 1752 2880 1827 εἷχεν;
2926 1756 3170 1811 Ἀπολλ.
3222 1755 3332 1825 Τὴν
3359 1753 3723 1825 ἀνθρωπίνην

457 1864 588 1905 caro
611 1865 679 1903 an
710 1847 987 1903 Verbum?
1008 1846 1181 1914 Apoll.
1215 1844 1473 1900 Verbum.
1499 1843 1653 1900 Orth.
1683 1845 1856 1910 Quam
1892 1843 2029 1898 dixit

458 1940 735 1996 animam?
767 1954 929 2009 quam
988 1939 1232 2002 haberet,
1284 1937 1368 1991 vel
1424 1952 1584 2007 quam
1625 1951 1734 1991 non
1771 1936 2033 1991 haberet?

457 2029 636 2100 Apoll.
671 2027 853 2083 Vitam
876 2028 1168 2082 humanam
1204 2025 1551 2097 signiﬁcavit.
1586 2025 1738 2080 Orlh.
1757 2025 1823 2080 At
1845 2025 2033 2081 ﬁerine

457 2129 637 2193 potest
658 2126 715 2172 ut
746 2118 992 2188 quaedam
1042 2118 1113 2172 sit
1147 2118 1383 2171 humana
1402 2118 1531 2183 vita,
1576 2116 1623 2172 si
1651 2132 1760 2171 non
1796 2114 2034 2171 adfuerit

459 2211 677 2267 anima?
721 2209 895 2279 Apoll.
927 2208 1177 2270 Maxime.
1219 2227 1237 2259 ι
1269 2206 1413 2265 Deus
1449 2209 1594 2263 enim
1624 2208 1681 2262 in
1704 2215 1850 2263 terra
1884 2208 2033 2263 visus

457 2311 565 2369 est,
595 2311 650 2357 et
675 2317 799 2356 cum
827 2299 1140 2354 hominibus
1172 2307 1533 2355 conversatus
1560 2308 1647 2354 est
1670 2299 1736 2353 ".
1764 2317 1783 2349 ι

528 2415 582 2470 2.
621 2413 772 2472 Orth.
812 2411 1096 2480 Quomodo
1128 2428 1254 2469 vero
1286 2414 1441 2468 visus
1473 2419 1558 2469 est
1594 2412 1650 2466 in
1695 2418 1915 2476 natura,
1950 2410 2036 2465 in-

461 2506 811 2577 aspectabilis
831 2519 956 2560 cum
986 2506 1057 2560 sit
1077 2505 1100 2557 ?
1118 2504 1294 2573 Apoll.
1322 2504 1518 2561 Carne.
1540 2501 1694 2560 0rlh.
1728 2501 1884 2558 Sicut
1903 2517 2035 2573 ergo

466 2598 644 2654 carnis
658 2604 743 2653 est
765 2597 1121 2667 conspicuum
1157 2612 1308 2662 esse;
1340 2596 1415 2649 ita
1430 2603 1485 2651 et
1499 2596 1695 2650 animae
1710 2602 1793 2650 est
1808 2609 2036 2650 conver-

463 2689 596 2745 sari.
619 2686 765 2743 Fieri
791 2703 917 2744 vero
948 2703 1057 2741 non
1080 2697 1259 2757 potest
1283 2698 1342 2742 ut
1363 2687 1455 2758 qui
1480 2694 1678 2742 natura
1705 2694 1789 2743 est
1819 2686 2037 2755 inaspe-

461 2774 667 2841 ctabili,
692 2787 970 2842 cernatur,
999 2778 1104 2833 nisi
1152 2778 1369 2847 corpori
1417 2778 1637 2832 uniatur
1672 2773 1821 2846 quod
1862 2775 2037 2829 videri

460 2872 637 2943 possit
663 2889 678 2925 :
704 2878 758 2924 et
790 2869 907 2924 ﬁeri
942 2885 1047 2924 non
1076 2877 1275 2940 potest,
1307 2878 1366 2924 ut
1395 2869 1488 2940 qui
1530 2875 1727 2922 natura
1756 2866 2035 2937 passionis

461 2976 658 3031 expers
681 2970 785 3022 est,
817 2961 1054 3030 patiatur
1080 2970 1133 3016 ει
1166 2976 1277 3015 una
1307 2974 1431 3015 cum
1463 2958 1775 3013 hominibus
1805 2973 2037 3012 conver-

2131 1850 2315 1917 ἔλεγεν
2364 1847 2528 1921 ζωήν.
2576 1849 2728 1915 Ὄρθ.
2756 1848 2990 1902 Δυνατὸν
3031 1846 3140 1916 γὰρ
3181 1847 3539 1919 ἀνθρωπίνην
3580 1848 3722 1918 ζωὴν

2131 1935 2291 2002 εἶναι,
2350 1937 2426 2009 μὴ
2475 1936 2757 2009 παρούσης
2803 1936 3018 2007 ψυχῆς;
3080 1937 3315 1989 Ἀπολλ.
3384 1938 3504 1989 Καὶ
3557 1938 3719 1989 πάνυ.
3812 1980 3813 1999 1

2137 2050 2157 2084 ι
2195 2032 2253 2085 '0
2280 2030 2388 2103 γὰρ
2416 2029 2546 2095 Θεὸς
2576 2030 2669 2083 ἐπὶ
2692 2031 2790 2101 τῆς
2807 2030 2912 2100 γῆς
2940 2029 3115 2101 ὤφθη.
3144 2031 3235 2083 καὶ
3262 2031 3324 2083 ἐν
3354 2033 3475 2095 τοῖς
3509 2031 3722 2104 ἀνθρώ·
3812 2040 3813 2079 i

2132 2139 2255 2188 ποις
2282 2124 2715 2195 συνανεστράφη.
2749 2140 2768 2174 ι
3812 2110 3813 2167 1

2203 2409 2259 2464 2.
2306 2409 2459 2477 Ὀρθ.
2516 2408 2695 2479 Ὠφθη
2745 2406 2803 2462 δὲ
2859 2409 2889 2460 ό
2938 2408 3005 2478 τῇ
3054 2406 3212 2477 φύσει
3259 2407 3506 2480 ἀόρατος
3569 2409 3722 2473 πῶςὲ

2148 2503 2393 2557 Ἀπολλ.
2454 2501 2645 2573 Σαρκί.
2709 2501 2862 2568 Ὀρθ.
2913 2500 3120 2572 Ὥσπερ
3185 2495 3280 2554 οὖν
3334 2502 3554 2574 σαρκός
3612 2504 3721 2557 ἔστι

2133 2594 2195 2647 τὸ
2238 2592 2547 2664 φαίνεσθαι,
2594 2591 2736 2645 οὕτω
2778 2576 2874 2647 καὶ
2924 2591 3102 2663 ψυχῆς
3152 2593 3716 2665 συναναστρέφεσθαι.

2147 2684 2430 2738 ’Δδύνατον
2480 2683 2538 2736 δὲ
2589 2682 2679 2737 τὸν
2707 2685 2774 2754 τῇ
2824 2680 2983 2752 φύσει
3037 2684 3268 2754 ἀόρατον
3311 2684 3615 2755 ὁραθῆναι,
3651 2686 3717 2755 μὴ

2136 2775 2401 2831 ἑνωθέντα
2433 2773 2645 2845 σώματι
2684 2774 2763 2846 τῷ
2801 2774 3081 2847 δυναμένῳ
3110 2775 3374 2847 ὁραθῆναι
3394 2793 3411 2807 ο
3461 2780 3568 2831 καὶ
3601 2777 3719 2831 ἀδύ-

2136 2883 2294 2922 νατον
2334 2867 2425 2920 τὸν
2458 2869 2524 2937 τῇ
2560 2865 2715 2935 φύσει
2751 2866 2933 2938 ἀπαθῆ
2975 2867 3167 2922 παθεῖν
3207 2868 3302 2921 καὶ
3338 2885 3721 2940 συναναστρα-

2137 2959 2301 3029 φῆναι
2329 2955 2655 3028 ἀνθρώποις,
2696 2957 2771 3027 μὴ
2810 2957 3075 3012 ὲνωθέντα
3105 2956 3318 3028 σώματι
3344 2959 3615 3031 ἐμψύχῳ,

461 3062 636 3117 satur,
669 3053 775 3107 nisi
806 3053 877 3107 sit
910 3053 1127 3123 corpori
1159 3052 1399 3106 animato
1432 3051 1638 3115 unitus,
1669 3049 1815 3120 quod
1847 3059 2035 3118 sponte

2141 3046 2416 3118 δυναμένῳ
2444 3046 2635 3100 παθεῖν
2668 3045 2928 3110 ἑκουσίως
2960 3048 3055 3100 καὶ
3083 3049 3611 3118 συναναστραφῆναι
3631 3051 3715 3103 ἀν-

461 3145 573 3215 pati
594 3150 647 3198 et
678 3158 786 3196 una
816 3158 940 3198 cum
986 3144 1295 3198 hominibus
1328 3143 1537 3197 versari
1575 3142 1767 3209 possit.
1815 3142 2039 3194 Anima-

462 3240 576 3287 tutn
603 3242 781 3287 autem
806 3248 1006 3303 corpus
1034 3248 1099 3286 eo
1130 3232 1248 3302 ipso
1266 3232 1411 3302 quod
1432 3232 1612 3285 anima
1637 3230 1708 3286 sit
1734 3231 2041 3300 praeditum,

462 3323 757 3376 animatum
775 3332 876 3387 est,
901 3323 1058 3387 velis,
1078 3323 1240 3376 nolis.
1267 3321 1438 3392 Apoll.
1467 3321 1637 3375 Homo
1669 3323 1832 3393 igitur
1861 3321 2041 3377 nudus

461 3428 659 3484 passus
687 3421 769 3468 est
799 3430 898 3484 pro
928 3414 1105 3469 nobis.
1147 3412 1301 3469 Orlh.
1345 3414 1504 3468 Absit
1539 3415 1553 3467 ί
1598 3412 1705 3468 Sed
1734 3414 1877 3469 Deus
1916 3429 2039 3467 cum

461 3503 624 3557 vellet
673 3504 953 3573 conspici,
990 3504 1166 3558 univit
1208 3504 1311 3559 sibi
1352 3518 1551 3572 corpus
1589 3502 1734 3574 quod
1791 3502 2057 3571 conspici

460 3600 646 3663 posset
679 3612 694 3648 :
725 3603 779 3649 et
802 3595 913 3664 pati
957 3594 1146 3648 volens
1170 3632 1185 3658 ,
1222 3593 1394 3647 univnt
1435 3593 1540 3648 sibi
1588 3609 1786 3663 corpus
1828 3595 2037 3646 anima-

462 3694 579 3740 tum
614 3686 761 3758 qnod
801 3696 999 3756 sponte
1036 3688 1147 3757 pati
1174 3692 1382 3757 posset,
1424 3702 1601 3756 neque
1642 3686 1789 3756 quod
1822 3685 2038 3755 quidem

462 3779 617 3837 prius
640 3778 932 3845 exstiterit,
959 3788 1150 3848 postea
1192 3794 1322 3833 vero
1350 3780 1554 3833 virtute
1589 3779 1796 3832 unitum
1823 3780 1983 3831 fuerit
2021 3792 2037 3830 :

462 3883 643 3938 neque
668 3868 988 3939 simpliciter
1025 3885 1092 3924 ex
1130 3870 1349 3925 homine
1378 3868 1578 3935 Maria,
1612 3868 1709 3923 sed
1744 3869 1859 3938 ipsa
1888 3869 2039 3939 prius

463 3958 824 4026 sanctiﬁcata,
860 3968 920 4014 ut
944 3959 1086 4016 Deus
1115 3960 1356 4017 Verbum
1382 3961 1722 4032 desumptam
1749 3978 1816 4015 ex
1849 3976 1913 4016 ea
1935 3961 2040 4015 hu-

462 4052 799 4114 manitatem,
832 4060 947 4106 tum
974 4052 1190 4107 demum
1216 4054 1570 4124 participans,
1591 4064 1644 4108 et
1676 4054 1778 4108 sibi
1814 4054 1913 4124 ipsi
1947 4068 2043 4124 per

462 4140 827 4193 oeconomiam
859 4143 1056 4195 uniens
1076 4156 1277 4211 corpus
1305 4144 1624 4208 animatum,
1651 4158 1793 4196 unus
1821 4152 1873 4197 et
1899 4142 2042 4197 idem

463 4239 613 4285 esset
642 4229 785 4287 Deus
812 4240 867 4285 et
887 4232 1071 4286 homo.
1094 4232 1270 4301 Apoll.
1298 4233 1488 4288 Nonne
1509 4233 1811 4288 animatum
1842 4248 2042 4302 corpus

464 4319 631 4375 homo
662 4321 789 4375 est?
811 4319 962 4377 Orlh.
990 4320 1107 4375 Non
1141 4321 1374 4393 quodvis
1404 4324 1702 4377 animatum
1726 4338 1927 4393 corpus
1958 4331 2044 4378 est

2141 3139 2396 3211 θρώποις.
2439 3138 2604 3210 Σῶμα
2650 3138 2708 3192 δὲ
2753 3138 3012 3209 ἔμψυχον,
3064 3138 3240 3210 ψυχὴν
3278 3139 3425 3209 ἔχον,
3478 3140 3714 3212 ἔμψυχόν
3812 3196 3813 3201 η

2141 3232 2279 3295 ἐστι,
2312 3229 2415 3283 κᾶν
2443 3229 2625 3300 θέλῃς,
2659 3229 2761 3282 κᾶν
2794 3229 2869 3300 μὴ
2914 3227 3354 3300 θέλῃς.Ἁπολλ.
3389 3229 3715 3299 Ἀνθρωπος
3812 3250 3813 3291 ξ

2140 3316 2233 3376 οὖν
2269 3319 2421 3391 ψιλὸς
2465 3320 2576 3390 (61)
2621 3318 2819 3373 ἔπαθεν
2870 3319 3010 3392 ὑπὲρ
3064 3319 3240 3390 ἡμῶν.
3290 3321 3449 3388 Ὀρθ.
3497 3321 3593 3392 Μὴ
3631 3320 3715 3389 γέ-
3812 3304 3813 3329 ἶ

2141 3429 2282 3467 νοιτο
2305 3414 2316 3465 ι
2358 3411 2516 3464 Ἀλλὰ
2535 3412 2687 3475 Θεὸς,
2717 3411 2997 3482 βουληθεὶς
3028 3412 3280 3481 ὀφθῆναι,
3300 3412 3519 3482 ἥνωσεν
3543 3412 3713 3482 ἐαυτῷ

2143 3504 2300 3573 σῶμα
2330 3503 2392 3556 τὸ
2429 3503 2720 3572 δυνάμενον
2749 3501 2978 3572 ὀφθῆναι
2998 3518 3011 3532 °
3049 3501 3144 3556 καὶ
3172 3501 3457 3573 βουληθεὶς
3499 3503 3709 3565 παθεῖν,

2140 3595 2347 3665 ἥνωσεν
2396 3594 2571 3665 ἐαυτῷ
2618 3593 2775 3664 σῶμα
2812 3593 3051 3664 ἔμψυχον
3078 3592 3139 3645 τὸ
3177 3593 3478 3664 δυνάμενον
3528 3596 3711 3648 παθεῖν

2141 3686 2420 3751 ἑκουσίως,
2450 3686 2511 3739 οὐ
2552 3687 2813 3757 πρότερον
2838 3685 3105 3757 ὑπάρξαν,
3167 3686 3263 3739 καὶ
3292 3686 3413 3738 τότε
3444 3688 3570 3739 κατ’
3596 3688 3712 3756 ἀρε-

2139 3776 2239 3848 τὴν
2270 3777 2466 3831 ὲνωθέν
2486 3794 2499 3807 ·
2542 3777 2673 3830 οὔτε·
2696 3778 2755 3844 ἐξ
2796 3776 3083 3850 ἀνθρώπου
3115 3777 3302 3841 ἁπλῶς
3332 3778 3434 3848 τῆς
3473 3778 3707 3851 Μαρίας.

2141 3867 2278 3921 ἀλλὰ
2309 3868 2570 3940 πρότερον
2602 3868 2773 3937 αὐτῆς
2817 3866 3192 3939 ἀγιασθείσης,
3233 3867 3328 3921 καὶ
3363 3867 3489 3919 τότε
3529 3867 3589 3931 ὲξ
3624 3868 3713 3921 αὺ-

2141 3960 2240 4029 τῆς
2264 3958 2622 4028 μετασχόντος
2652 3956 2744 4011 τοῦ
2769 3956 2905 4011 Θεοῦ
2935 3958 3108 4026 Λόγου
3139 3959 3238 4029 τῆς
3271 3957 3707 4030 ἁνθρωπὸτητος,

2142 4050 2236 4102 καὶ
2261 4047 2558 4113 ἐνώσαντος
2584 4049 2760 4121 ἑαυτῷ
2785 4049 2906 4103 κατ’
2929 4049 3238 4120 οἰκονομίαν
3267 4048 3514 4120 ἔμψυχον
3539 4050 3708 4119 σῶμα,

2142 4141 2219 4205 ὡς
2247 4137 2389 4195 εἶναι
2415 4143 2510 4196 ἕνα
2537 4143 2628 4197 τὸν
2657 4142 2819 4195 αὑτὸν
2844 4142 2974 4195 Θεὸν
3014 4143 3109 4195 καὶ
3137 4141 3449 4212 ἄνθρωπον.
3467 4142 3707 4196 Ἀπολλ.

2144 4239 2216 4292 Τὸ
2237 4236 2480 4309 ἔμψυχον
2507 4236 2662 4307 σῶμα
2690 4235 2976 4309 ἄνθρωπός
2999 4236 3181 4298 ὲστιν;
3215 4234 3370 4301 Ὀρθ.
3395 4235 3515 4304 Οὐχ
3535 4234 3673 4286 ἀπλὲ
3685 4250 3709 4296 ς

2142 4334 2204 4387 τὸ
2247 4332 2486 4403 ἔμψυχον
2530 4329 2687 4399 σῶμα
2724 4327 3009 4397 ἄνθρωπός
3040 4328 3207 4390 ἐστιν,
3239 4323 3377 4378 ἀλλὰ
3409 4325 3475 4378 τὸ
3512 4325 3709 4398 ἀνθρώ-

469 4412 652 4472 homo,
688 4411 784 4465 sed
830 4412 1127 4467 humanum
1165 4428 1366 4484 corpus
1408 4415 1703 4468 animatum
1742 4424 1827 4470 est
1857 4416 2035 4469 homo.

2144 4439 2297 4476 πινον
2332 4421 2489 4491 σῶμα
2518 4418 2755 4490 ἔμψυχον
2789 4416 3074 4488 ἄνθρωπός
3115 4418 3555 4470 ὲστιν.Ἀπο.ι,ι.
3591 4419 3706 4469 ’Λν-

375 4547 384 4556 .
465 4500 639 4569 Apoll.
668 4499 840 4555 Homo
865 4502 968 4556 iste
985 4517 1167 4558 annon
1183 4502 1477 4569 estlesus?
1496 4504 1647 4559 Orlh.
1681 4503 1874 4560 Unitus
1903 4504 2039 4559 Ver-

465 4592 556 4645 bo.
591 4590 769 4660 Apoll.
803 4590 965 4648 Jesus
1004 4593 1171 4663 igitur
1212 4609 1393 4648 annon
1422 4602 1507 4651 est
1537 4596 1740 4650 homo?
1768 4595 1919 4651 Orth.
1960 4595 2039 4652 Ne

466 4681 740 4736 hominem
774 4682 991 4752 quidem
1022 4684 1202 4753 ipsum
1251 4686 1458 4756 absque
1502 4685 1676 4741 Verbo
1725 4687 2039 4744 substitisse

465 4786 725 4843 agnosco.
756 4772 931 4844 Ipsius
964 4776 1112 4829 enim
1146 4776 1525 4832 exsistentiam
1558 4778 1611 4830 in
1643 4778 1760 4847 ipsa
1792 4779 2039 4834 unitione

465 4859 630 4917 Verbi
659 4861 906 4934 designo.
932 4862 1108 4931 Apoll.
1157 4862 1273 4918 Non
1303 4864 1404 4919 fuit
1441 4865 1606 4934 igitur
1635 4864 1872 4921 Verbum
1919 4869 2038 4924 vice

464 4954 638 5024 partis
663 4955 951 5010 rationalis
984 4955 1007 5009 ?
1036 4953 1189 5010 Orth.
1225 4955 1365 5023 Non,
1398 4958 1492 5011 sed
1526 4958 1579 5010 in
1606 4966 1759 5028 parte
1788 4960 2041 5013 rationali

464 5044 568 5100 fuit
602 5044 983 5111 Verbum,sibi
1005 5047 1110 5117 ipsi
1148 5063 1244 5118 per
1266 5049 1411 5103 illam
1445 5049 1640 5104 uniens
1682 5058 2037 5120 spontaneam

465 5136 708 5206 patiendi
754 5136 1082 5193 facultatem.
1132 5137 1330 5207 Apoll.,
1357 5137 1557 5194 Habuit
1594 5140 1759 5210 igitur
1801 5147 2037 5195 mentem

464 5226 703 5283 hominis
747 5227 999 5285 Christus
1030 5230 1054 5283 ‘l
1096 5229 1248 5285 Orlh.
1286 5229 1429 5286 Cave
1464 5232 1544 5287 sic
1578 5232 1730 5289 dicas
1758 5233 2036 5288 Christum

534 5401 583 5433 “
615 5400 777 5458 Joan.
813 5420 879 5469 ι,
913 5403 1001 5460 18.
1074 5405 1119 5437 ⁸⁷
1157 5403 1371 5461 Baruch
1401 5422 1496 5474 ιιι,
1530 5408 1617 5464 38.

538 5574 651 5645 (60)
689 5576 886 5655 Palat"
907 5578 1003 5644 Τίς
1027 5598 1121 5636 ουν
1147 5584 1174 5635 ὁ
1194 5581 1307 5652 λεγ.
1340 5583 1508 5640 Paulo
1532 5592 1657 5655 post
1691 5583 1856 5651 idem,
1888 5583 2032 5655 λαμ-

468 5644 654 5700 ϐάνειν
684 5646 873 5718 αὑτήν.

2139 4514 2356 4586 θρωπος
2388 4506 2541 4574 οὗτος
2585 4509 2789 4580 Ἰησοῦς
2814 4511 2997 4573 ὲστιν;
3042 4510 3195 4576 Ὀρθ.
3237 4507 3496 4571 Ἐνωθεὶς
3539 4509 3704 4579 Λόγῳ.

2149 4604 2396 4658 Ἀπολλ.
2448 4601 2563 4654 Οὐκ
2591 4600 2734 4652 ἔστιν
2780 4595 2873 4653 οὗν
2931 4598 3136 4668 Ἰησοῦς
3187 4596 3517 4669 ἂνθρωποςς
3564 4599 3705 4667 Ὀρθ.

2142 4694 2304 4746 ’Λνευ
2319 4691 2413 4744 τοῦ
2430 4692 2603 4759 Λόγου
2623 4688 2744 4743 οὔτε
2760 4689 3042 4762 ἄνθρωπον
3060 4689 3221 4744 αὐτὸν
3240 4685 3357 4742 οἶδα
3382 4690 3703 4743 ὑποστάντα.

2140 4777 2250 4846 Τὴν
2269 4778 2376 4847 γὰρ
2406 4774 2637 4845 ὓπαρξιν
2663 4774 2826 4828 αὐτοῦ
2856 4778 2913 4828 ἐν
2941 4777 3007 4846 τῇ
3037 4773 3227 4828 ὲνώσει
3255 4774 3352 4828 τοῦ
3376 4777 3554 4844 Λόγου
3582 4793 3705 4843 γνω-

2142 4868 2295 4940 ρίζω.
2314 4869 2559 4922 Ἀπολλ.
2579 4869 2692 4921 Οὐκ
2724 4862 2817 4920 οὖν
2843 4869 2964 4921 ἀντὶ
2990 4868 3083 4920 τοῦ
3112 4868 3331 4937 λογικοῦ
3356 4865 3427 4940 ἦν
3456 4874 3488 4924 6
3512 4872 3700 4939 Λόγος;

2153 4961 2305 5027 Ὀρθ.
2340 4959 2446 5013 Οῠ·
2489 4959 2601 5012 ἀλλ’
2632 4961 2690 5012 ὲν
2730 4958 2809 5029 τῷ
2863 4959 3064 5031 λογικῷ
3090 4956 3158 5032 ἦν
3197 4962 3226 5012 6
3270 4961 3467 5030 Λόγος,
3514 4962 3703 5024 ὲνὼσας

2139 5052 2301 5115 αὐτὸς
2350 5051 2528 5121 ἐαυτῷ
2577 5050 2667 5105 διὰ
2711 5049 2805 5103 τοῦ
2860 5050 3078 5121 λογικοῦ
3126 5052 3187 5105 τὸ
3234 5051 3488 5105 ἑκούσιον
3526 5054 3697 5115 πάθος.

2150 5143 2394 5209 Ἀπολλ.
2421 5144 2566 5196 Νοῦν
2594 5141 2883 5213 ἀνθρώπου
2914 5141 3057 5214 εἶχεν
3078 5145 3391 5216 ὁΧριστόςς
3437 5145 3589 5213 Ὄρθ.
3619 5144 3695 5212 Μὴ

2137 5234 2284 5305 λέγε,
2313 5239 2343 5289 6
2380 5236 2634 5306 Χριστὸς,
2665 5236 2909 5307 διαιρῶν,
2943 5236 3067 5291 νοῦν
3104 5232 3239 5308 εἶχε.
3269 5237 3346 5290 Τὸ
3372 5237 3487 5309 γὰρ
3516 5253 3696 5306 συναμ-

2213 5581 2324 5655 (61)
2362 5582 2531 5648 Ψιλός
2558 5582 2712 5640 deest
2735 5584 2787 5638 in
2811 5599 2946 5641 mss.
