3850 6226
157 269 328 324 1255

1163 270 1254 327 DE
1296 269 1570 326 SANCTA
1609 268 1990 324 TRINITATE
2029 268 2381 326 DIALOGUS
2420 271 2517 326 ιν.

3314 269 3458 330 1254

156 391 432 456 φότερον,
467 382 610 446 Νοῦς
637 383 733 438 καὶ
773 383 967 452 Λόγος,
993 384 1208 454 λέγεται
1250 387 1280 440 6
1319 386 1575 458 Χριστός.
1609 383 1767 437 υῦτω

1874 383 2137 439 habuisse
2167 392 2428 448 mentem,
2454 390 2516 437 ut
2536 397 2663 438 eum
2693 382 2929 440 dividas.
2967 382 3274 452 Utrumque
3307 385 3455 440 enim

155 477 234 531 δὲ
277 475 405 529 νοῦν
439 473 777 546 ἀνθρώπινον
799 475 947 545 λέγω
984 477 1043 529 ὲν
1065 471 1110 544 ᾧ
1136 474 1206 548 ἦν
1227 479 1258 531 6
1285 477 1478 544 Λόγος,
1508 476 1583 540 ὡς
1607 477 1665 528 ἐν
1694 478 1762 546 τῇ

160 567 325 637 ἀρχῇ
345 564 440 618 τοῦ
473 564 632 633 λόγου
664 564 890 636 εἴπομεν
924 565 1086 636 σῶμα
1114 565 1452 637 ἀνθρώπινον
1483 569 1547 637 τῇ
1581 564 1762 634 φύσει,

160 663 245 730 τῇ
287 658 346 712 δὲ
373 657 654 730 οἰκονομίᾳ
679 656 836 710 Θεοῦ.
872 657 1031 712 Οὕτω
1058 659 1152 712 καὶ
1187 658 1364 729 ψυχὴν
1387 661 1454 729 τῇ
1487 657 1646 727 φύσει
1674 658 1768 710 ἀν-

168 750 468 823 Θρωπίνην
497 749 631 822 (62),
666 752 733 821 τῇ
778 749 836 803 δὲ
880 751 1161 822 οἰκονομίᾳ
1189 749 1321 804 Θεοῦ
1342 769 1354 781 ·
1393 751 1487 804 καὶ
1513 749 1639 803 νοῦν
1673 751 1767 804 ἀν-

167 841 454 913 θρώπινον
481 844 546 912 τῇ
576 840 758 910 φύσει,
779 843 845 912 τῇ
871 841 927 894 δὲ
960 841 1240 912 οἰκονομίᾳ
1259 840 1415 896 Θεοῦ.
1439 840 1550 894 Καὶ
1575 840 1766 911 ῶσπερ

166 935 212 1004 ἡ
256 933 398 1006 σὰρξ
444 931 610 987 αὐτοῦ
671 933 772 986 οὐκ
821 929 928 986 εἶδε
971 933 1289 1005 διαφθορὰν,
1346 931 1520 996 οὕτως
1565 932 1687 984 οὐδὲ
1737 934 1766 986 6

168 1023 313 1088 νοῦς
353 1024 516 1078 αὐτοῦ
549 1024 803 1094 εποίησεν
839 1025 1132 1096 ἁμαρτίαν.
1175 1025 1287 1078 Kal
1327 1024 1515 1096 ῶσπερ
1549 1025 1766 1094 ἀνάγκη

169 1116 243 1168 τὸ
285 1119 354 1187 τῇ
389 1116 547 1184 φύσει
590 1115 928 1188 ἀνθρώπινον
973 1115 1152 1186 σῶμα,
1188 1115 1284 1169 καὶ
1326 1116 1391 1168 ὲκ
1433 1114 1528 1168 τοῦ
1574 1114 1764 1184 Ἀδὰμ,

171 1208 250 1260 ὲκ
298 1207 499 1278 σαρκὸς
542 1207 636 1260 καὶ.
675 1208 903 1278 αἵματος
936 1206 1078 1277 ἔχειν
1117 1206 1216 1278 τὴν
1251 1206 1540 1260 σύστασιν
1593 1204 1768 1272 οὓτως

172 1298 402 1369 ἀνάγκη
431 1297 529 1369 τὴν
573 1296 920 1370 ἀνθρωπίνην
964 1297 1140 1368 ψυχὴν
1173 1297 1396 1370 λογικὴν
1441 1298 1602 1352 εἶναι.
1656 1299 1767 1352 Καὶ

173 1389 351 1444 πάλιν
383 1384 476 1442 οὖν
525 1388 688 1457 λέγω·
721 1389 932 1458 Ὥσπερ
968 1389 1030 1442 τὸ
1081 1389 1241 1459 σῶμα
1283 1389 1444 1459 φύσει
1487 1391 1588 1460 μέν
1619 1392 1766 1445 ἐστιν

174 1482 547 1556 ἀνθρώπινον,
573 1485 638 1553 τῇ
673 1483 730 1536 δὲ
756 1481 946 1536 ἑνώσει
970 1485 1069 1554 τῆς
1096 1483 1404 1554 οἰκονομίας
1431 1484 1609 1538 θεῖκόν
1626 1502 1640 1515 ⁸
1669 1485 1765 1538 οὖ-

174 1593 295 1639 τως
326 1579 355 1630 6
391 1575 516 1640 νοῦς
545 1575 704 1646 φύσει
741 1576 839 1646 μὲν
871 1575 1228 1647 ἀνθρώπινος,
1255 1579 1321 1648 τῇ
1355 1576 1412 1630 δὲ
1448 1577 1637 1631 ἐνώσει
1663 1579 1764 1650 τῆς

175 1668 498 1738 οἰκονομίας
526 1667 660 1721 Θεοῦ
691 1667 835 1732 νοῦς.

1869 475 2034 528 simul
2063 483 2119 529 et
2153 473 2496 542 conjunctim
2541 471 2975 537 consideratum,
3020 473 3173 529 Mens
3204 473 3460 530 videlicet

1867 575 1923 620 et
1947 565 2426 630 Verbum,dicitur
2447 565 2725 620 Christus.
2761 562 2854 618 Sic
2889 575 3068 620 autem
3101 577 3338 620 mentem
3367 565 3457 620 cui

1867 656 2075 712 inesset
2101 655 2364 722 Verbum,
2389 657 2684 711 humanam
2722 657 2868 722 dico,
2893 665 2952 710 ut
2982 657 3140 712 initio
3186 657 3458 713 sermonis

1868 749 2109 804 diximus
2140 765 2343 820 corpus
2366 757 2562 803 natura
2595 749 2923 814 humanum,
2969 747 3064 803 Dei
3097 765 3227 804 vero
3255 765 3457 821 corpus

1868 841 2061 905 fuisse,
2092 841 2139 897 si
2172 843 2539 896 oeconomiam
2595 851 2830 911 spectes.
2875 840 2964 895 Sic
2995 843 3164 896 etiam'
3216 842 3455 896 animam

1868 933 1994 988 dico
2028 941 2224 987 natura
2276 934 2595 999 humanam,
2645 933 2740 989 Dei
2771 949 2900 990 vero
2939 935 3175 988 animam
3217 934 3364 1004 quod
3389 934 3458 990 ad

1869 1027 2231 1080 (economiam
2264 1027 2458 1082 attinet
2491 1034 2586 1082 :et
2618 1034 2856 1082 mentem
2906 1038 3101 1082 natura
3140 1027 3460 1093 humanam,

1868 1116 1965 1172 Dei
2002 1134 2134 1174 vero
2162 1126 2401 1173 mentem
2437 1135 2532 1188 per
2565 1120 2950 1174 oeconomiam.
2991 1118 3121 1174 Item
3147 1120 3291 1173 sicut
3330 1132 3461 1173 caro

1807 1268 1811 1272 ,
1867 1210 1989 1280 ejus
2016 1225 2127 1266 non
2154 1211 2290 1266 vidit
2311 1211 2746 1282 corruptionem,
2764 1212 2840 1265 ita
2868 1227 3085 1282 quoque
3111 1227 3266 1266 mens
3291 1210 3462 1280 ipsius

1869 1319 1982 1358 non
2012 1305 2289 1358 commisit
2318 1315 2628 1375 peccatum.
2663 1303 2730 1358 Et
2774 1305 2923 1358 sicut
2956 1319 3189 1359 necesse
3221 1311 3309 1358 est
3337 1317 3464 1358 cor-

1866 1409 1990 1463 pus,
2017 1393 2164 1465 quod
2209 1394 2512 1449 humanum
2567 1395 2658 1460 sit,
2688 1402 2742 1448 et
2775 1409 2842 1448 ex
2871 1393 3082 1448 Adamo
3130 1393 3461 1470 profectum,

1865 1501 1935 1542 ex
1956 1501 2124 1541 carne
2155 1494 2211 1542 et
2253 1486 2525 1557 sanguine
2556 1486 2840 1549 constitui,
2866 1485 2943 1538 ita
2979 1501 3206 1540 necesse
3232 1490 3318 1540 est
3343 1483 3467 1537 ani.

1868 1593 2014 1632 mam
2056 1578 2352 1634 humanam
2416 1594 2540 1634 esse
2577 1579 2981 1634 rationabilem.
3019 1577 3262 1633 Rursum
3295 1577 3466 1647 igitur

1867 1675 1992 1731 dico
2025 1695 2037 1730 :
2081 1676 2236 1732 Sicut
2269 1692 2473 1747 corpus
2524 1684 2723 1731 natura
2772 1676 2992 1746 quidem
3024 1685 3110 1732 est
3139 1675 3462 1736 humanum,

176 1765 394 1818 unione
423 1779 553 1819 vero
590 1763 912 1820 oeconomiae
941 1764 1190 1820 divinum
1220 1781 1235 1820 :
1271 1765 1349 1820 ita
1405 1774 1460 1821 et
1504 1781 1661 1822 mens
1705 1779 1904 1828 natura
1937 1775 2159 1844 quidem
2220 1781 2305 1830 est
2366 1774 2606 1828 humana
2628 1813 2644 1838 ,
2677 1774 2881 1828 unione
2924 1787 3056 1828 vero
3120 1768 3465 1834 oeconomiae,

178 1871 349 1911 mens
370 1855 486 1910 Dei.

253 1973 310 2028 3.
360 1972 606 2027 Ἀπολλ.
668 1971 772 2023 Δύο
813 1987 907 2025 ουν
963 1970 1165 2024 τέλεια.
1224 1971 1379 2038 Ὀρθ.
1423 1969 1528 2024 Δύο
1573 1971 1769 2026 οὐσιῶν

1941 1975 1994 2030 5.
2027 1974 2206 2044 Apoll.
2231 1976 2346 2029 Duo
2376 1983 2503 2030 sunt
2522 1975 2689 2046 igitur
2703 1974 2966 2045 perfecta.
2990 1975 3144 2030 Orth.
3177 1975 3292 2031 lmo
3321 1977 3464 2034 dua-

175 2063 408 2116 τελείων
429 2062 642 2125 ἓνωσις.
688 2063 936 2117 Ἀπολλ.
985 2061 1090 2114 Δύο
1119 2059 1338 2116 τελείων
1379 2061 1436 2114 ἓν
1462 2062 1666 2116 τέλειον
1709 2065 1769 2118 οὐ

178 2155 418 2224 γίνεται.
463 2155 618 2221 Ὀρθ.
669 2153 804 2225 Παρ’
856 2151 1167 2224 ἀνθρώποις
1220 2153 1350 2216 ἴσως
1380 2151 1639 2206 ἀδύνατον
1678 2170 1773 2222 γε⁶

179 2245 399 2306 νὲσθαι,
438 2245 587 2316 παρά
614 2243 671 2297 δὲ
712 2243 832 2315 Θεῷ
868 2244 1114 2297 δυνατόν.
1135 2246 1385 2298 Ἀπολλ.
1423 2245 1584 2310 Πῶς;
1616 2247 1770 2314 Ὀρθ.

193 2335 290 2400 Ὠς
315 2337 375 2390 τὸ
403 2335 678 2406 Παρθένον
720 2336 999 2406 γεννῆσαι,
1045 2335 1121 2399 ὡς
1153 2335 1214 2389 τὸ
1247 2334 1426 2407 θυρῶν
1455 2333 1776 2408 κεκλεισμέ-

182 2449 296 2485 νων
349 2429 507 2500 σῶμα
566 2430 885 2500 παχυμερὲς
939 2427 1238 2493 εἰσελθεῖν,
1293 2429 1358 2481 ὲκ
1417 2428 1636 2500 σαρκῶν
1679 2431 1776 2484 καὶ⁸

181 2523 390 2576 ὀστέων
414 2521 720 2592 συμπαγὲν,
752 2521 829 2584 ὡς
859 2520 920 2573 τὸ
945 2520 1318 2592 περιπατῆσαι
1352 2521 1444 2573 ἐπὶ
1475 2520 1770 2591 θαλάσσης.

199 2615 292 2680 Ὦς
321 2615 430 2687 γὰρ
453 2615 625 2669 ταῦτα
644 2614 844 2668 δυνατὰ
891 2615 1044 2684 παρά
1071 2611 1210 2686 Θεῷ,
1241 2617 1483 2668 κάκεῖνο.
1522 2615 1771 2673 Ἀπολλ.

190 2708 514 2780 Ἄνθρωπον
537 2703 629 2761 οῦν
672 2708 960 2778 ἐγέννησεν
991 2707 1211 2780 Μαρία;
1254 2707 1407 2776 Ὀρθ.
1439 2707 1606 2760 Ψιλὸν
1635 2705 1771 2777 (63),

186 2801 273 2855 οῦ·
302 2800 436 2854 άλλά
471 2800 602 2853 Θεὸν
650 2799 1166 2871 ὲνανθρωπὴσαντα.
1199 2799 1420 2872 Πρῶτον
1450 2799 1559 2870 γὰρ
1592 2800 1620 2850 ὁ
1659 2799 1772 2852 Κύ-

191 2910 309 2964 ριος
335 2894 451 2963 μετ’
477 2892 647 2964 αὐτῆς
675 2891 891 2956 θεῖκῶς,
926 2894 1020 2945 καὶ
1046 2891 1168 2944 τότε
1207 2891 1266 2956 ἐξ
1300 2891 1472 2962 αὐτῆς
1501 2893 1772 2962 οἰκονομι-

188 2985 304 3048 κῶς
352 2984 595 3038 παιδίον·
644 2985 724 3038 διὸ
769 2984 863 3038 καὶ
908 2984 1168 3048 Θεοτόκος
1200 2986 1232 3056 ἡ
1269 2984 1480 3055 Μαρία.
1522 2985 1770 3038 Ἀπολλ.

193 3077 518 3150 Ἀνθρωπος
541 3073 632 3131 οῦν
653 3077 973 3152 ἐσταυρώθη
1002 3077 1142 3148 ὑπὲρ
1165 3076 1353 3148 ήμῶν;
1394 3077 1547 3144 Ὀρθ.
1571 3075 1770 3138 Ψιλὸς,

189 3167 253 3221 οῦ
274 3183 293 3201 ο
343 3168 478 3221 ἀλλὰ
505 3167 637 3230 Θεὸς
663 3166 738 3220 ὢν
774 3169 802 3220 6
833 3166 926 3220 τοῦ
959 3166 1094 3220 Θεοῦ
1129 3167 1273 3230 Υίὸς,
1307 3165 1586 3236 βουληθεὶς
1613 3182 1774 3218 σταυ-

189 3259 433 3333 ρωθῆναι
461 3261 600 3332 ὑπὲρ
624 3260 798 3331 ἡμῶν,
820 3260 1030 3330 ἥνωσεν
1053 3258 1228 3330 ἐαυτῷ
1253 3259 1410 3330 σῶμα
1436 3258 1674 3329 ἔμψυχον
1691 3258 1772 3312 λο-

1875 2081 1998 2121 rum
2035 2066 2402 2136 perfectarum
2434 2069 2869 2124 substantiarum
2903 2070 3098 2124 unitio.
3148 2071 3322 2138 Apoll.
3386 2071 3466 2128 Ex

1874 2157 2090 2212 duobus
2141 2157 2400 2228 perfectis
2453 2173 2620 2212 unum
2682 2157 2983 2227 perfectum
3040 2175 3147 2214 non
3209 2161 3463 2216 elIicitur.

1879 2243 2032 2299 Orth.
2085 2244 2244 2314 Apud
2283 2232 2534 2301 homines
2574 2245 3017 2317 460lortassis
3072 2248 3126 2301 id
3181 2248 3298 2303 ﬁeri
3356 2265 3465 2304 non

1873 2344 2074 2406 potest,
2114 2336 2206 2392 sed
2245 2337 2390 2408 apud
2418 2336 2588 2391 Deum
2627 2339 2743 2392 lieri
2782 2347 2982 2408 potest.
3020 2339 3198 2409 Apoll.
3225 2340 3467 2406 Quomo-

1874 2431 1946 2485 do
1973 2431 1997 2485 Ἰ
2021 2429 2174 2485 Orth.
2211 2429 2282 2485 Ut
2327 2431 2470 2501 quod
2509 2430 2674 2502 Virgo
2715 2433 2984 2503 genuerit,
3022 2445 3080 2487 ut
3114 2434 3467 2504 quodjanuis

1874 2523 2081 2578 clausis
2123 2537 2324 2594 corpus
2362 2523 2621 2587 solidum,
2667 2530 2720 2578 et
2751 2539 2818 2578 ex
2857 2525 3118 2580 carnibus
3147 2533 3200 2580 et
3245 2528 3467 2582 ossibus

1874 2622 2243 2685 compactum,
2278 2615 2574 2679 introierit,
2610 2621 2668 2668 ut
2717 2615 2864 2685 quod
2896 2631 3062 2686 supra
3092 2632 3244 2672 mare
3275 2620 3469 2675 ambu-

1873 2707 2018 2762 larit.
2052 2707 2188 2762 Nam
2222 2715 2282 2760 ut
2310 2708 2425 2762 haec
2467 2708 2750 2778 possibilia
2782 2708 2927 2778 apud
2973 2709 3163 2773 Deum,
3198 2712 3272 2764 ita
3313 2718 3368 2766 et
3397 2713 3468 2766 il-

1871 2801 1988 2855 lud.
2035 2800 2214 2870 Apoll.
2254 2797 2539 2854 Hominem
2593 2799 2761 2870 igitur
2814 2801 3002 2870 genuit
3043 2799 3214 2855 Maria
3249 2803 3274 2856 ?
3311 2801 3466 2859 Orlh.

1872 2892 2088 2948 Nudum
2105 2901 2159 2947 et
2175 2892 2442 2946 duntaxat
2460 2893 2756 2956 hominem,
2775 2908 3142 2963 nequaquam,
3163 2895 3256 2949 sed
3278 2894 3468 2960 Deum,

1875 2985 2148 3039 hominem
2197 2983 2423 3038 factum.
2449 2981 2690 3037 Primum
2726 2976 2872 3038 enim
2911 2983 3178 3039 Dominus
3212 2986 3313 3040 luit
3342 3002 3469 3041 cum

1873 3092 1937 3132 ea
1961 3076 2165 3142 divine,
2196 3083 2250 3132 et
2288 3083 2406 3129 tum
2453 3074 2672 3131 demum
2712 3075 3014 3134 infantulus
3038 3093 3105 3132 ex
3147 3093 3211 3133 ea
3245 3093 3472 3134 (nconc-

1874 3171 2014 3225 mice
2055 3186 2067 3221 :
2099 3170 2457 3240 quamobrem
2485 3171 2648 3225 etiam
2686 3169 2918 3241 Deipara
2954 3178 3040 3226 est
3069 3170 3260 3225 Maria.
3290 3171 3468 3241 Apoll.

1875 3260 2050 3317 Homo
2081 3263 2249 3333 igitur
2279 3263 2577 3320 cruciﬁxus
2605 3269 2689 3319 est
2731 3279 2830 3334 pro
2861 3263 3022 3318 nobis
3052 3263 3074 3317 ?
3101 3263 3254 3319 Orth.
3279 3264 3470 3322 Nudus

191 3353 369 3423 γικὸν,
405 3353 466 3406 τὸ
493 3353 787 3424 δυνάμενον
825 3351 1204 3423 σταυρωθῆναι
1234 3351 1372 3423 μετὰ
1398 3351 1645 3405 ἑκουσίου
1669 3351 1773 3404 πά-

1875 3351 2142 3406 duntaxat
2200 3351 2383 3416 homo,
2431 3368 2824 3423 nequaquam:
2873 3353 2970 3408 sed
3019 3352 3110 3408 Dei
3143 3353 3316 3410 Filius
3343 3369 3471 3410 cum
3543 3384 3548 3391 -

191 3445 342 3508 θους.
362 3447 608 3500 Ἀπολλ.
638 3444 738 3498 Διά
765 3445 816 3497 τί
844 3444 1044 3511 λέγεις,
1091 3444 1474 3516 σταυρωθῆναι
1511 3445 1648 3516 μετὰ
1671 3445 1775 3498 πά-

195 3536 353 3602 θονςς
391 3535 552 3588 ’Λλλο
583 3536 701 3589 ἐστὶ
735 3535 1040 3609 σταύρωσις
1086 3536 1222 3607 (64),
1251 3538 1346 3590 καὶ
1394 3537 1522 3592 ἄλλο
1567 3537 1772 3606 πάθος;

207 3628 653 3696 Ὀρθ.Ἐκούσιον
681 3629 774 3681 καὶ
803 3628 967 3683 πάνυ.
986 3629 1232 3683 Ἀπολλ.
1267 3629 1426 3694 Πῶς;
1470 3630 1624 3698 Ὀρθ.
1651 3631 1773 3684 Ὅτι

196 3720 356 3790 σῶμα
377 3719 616 3790 ἔμψυχον
644 3721 1022 3792 σταυρωθῆναι
1043 3719 1286 3785 δύναται,
1313 3721 1503 3775 παθεῖν
1532 3722 1589 3775 δὲ
1619 3724 1777 3776 ἑκου-

199 3811 328 3874 σίως
360 3813 421 3864 σὺ
452 3812 692 3879 δύναται,
745 3812 819 3884 μὴ
848 3813 906 3866 ὃν
944 3813 1184 3884 ἔμψυχον
1214 3813 1450 3880 λογικόν.
1481 3816 1590 3868 Καὶ
1619 3815 1776 3870 τοῦτό

197 3905 313 3958 ἐστι
353 3905 415 3958 τὸ
440 3903 693 3976 ἀσέϐημα
723 3905 832 3959 τῶν
863 3905 1150 3974 λέγοντων,
1179 3907 1262 3960 ὅτι
1283 3906 1460 3977 ψυχὴν
1488 3909 1587 3960 οὐκ
1607 3905 1772 3979 εἶχεν.

198 3997 304 4052 Τοῦ
330 3997 437 4069 γάρ
466 3996 712 4068 σώματος
747 3997 821 4070 μὴ
858 3987 1156 4068 δυναμένου
1178 3996 1502 4068 αἰσθηθῆναι
1529 3998 1774 4052 ἑκουσίου

200 4087 403 4152 πάθους
451 4088 578 4142 ἄνευ
625 4086 823 4158 ψυχῆς,
849 4087 1062 4159 ἀνάγκη
1111 4086 1203 4140 τὸν
1237 4087 1408 4156 Λόγον
1441 4088 1558 4140 ἀντὶ
1600 4088 1777 4160 ψυχῆς

199 4179 329 4233 ὄντα
375 4179 606 4246 παθεῖν,
651 4179 686 4251 ἢ
741 4179 862 4250 μηδ’
915 4179 1052 4242 ὅλως
1097 4173 1237 4232 εἶναι
1279 4178 1531 4250 αἴσθησιν
1573 4181 1778 4243 πάθους

202 4271 465 4326 ἑκουσίου.

1871 3441 2016 3497 Deus
2071 3449 2254 3506 esset,
2301 3442 2573 3512 velletque
2624 3440 2871 3512 erueiiigi
2919 3457 3020 3512 pro
3065 3441 3262 3504 nobis,
3295 3443 3472 3496 univit

1873 3533 1977 3590 sibi
2007 3533 2108 3603 ipsi
2137 3547 2342 3602 corpus
2375 3533 2676 3586 animatum
2721 3533 2956 3587 rationis
2989 3533 3296 3603 particeps,
3323 3535 3470 3604 quod

1872 3634 2057 3696 posset
2091 3626 2337 3695 cruciligi
2373 3642 2496 3680 cum
2527 3626 2835 3679 voluntaria
2862 3626 3133 3694 passione,
3161 3626 3338 3695 Apoll.
3359 3627 3472 3682 Cur

1871 3717 2013 3772 dicis
2051 3715 2374 3770 cruciﬁxum
2421 3716 2592 3771 fuisse
2626 3731 2751 3770 cum
2800 3718 3056 3786 passione
3091 3716 3280 3772 ?Num
3320 3719 3470 3774 aliud

1871 3817 1956 3865 est
2004 3808 2319 3872 cruciﬁxio,
2356 3825 2519 3878 quam
2577 3808 2763 3879 passio
2799 3809 2822 3862 ?
2865 3808 3020 3863 Orlh.
3061 3809 3207 3864 Sane
3257 3825 3386 3865 vero
3421 3811 3472 3866 si

1873 3899 2184 3954 voluntaria
2232 3899 2322 3955 sit.
2373 3899 2551 3968 Apoll.
2606 3899 2945 3966 Quomodo?
2985 3898 3139 3955 Orth.
3198 3898 3470 3964 Quoniam

1875 4010 2077 4064 corpus
2110 3993 2410 4048 animatum
2444 3999 2622 4062 potest
2645 3992 2912 4062 crueiligi,
2943 3991 3254 4046 voluntarie
3289 3998 3469 4046 autem

1876 4089 1985 4158 pati
2011 4103 2122 4141 non
2162 4093 2339 4156 potest
2396 4101 2597 4156 corpus
2637 4085 2782 4155 quod
2821 4100 2931 4138 non
2966 4083 3131 4138 fuerit
3168 4082 3471 4136 animatum

1879 4181 2042 4235 simul
2069 4189 2122 4235 et
2158 4179 2388 4233 rationis
2415 4178 2715 4249 particeps.
2747 4176 2812 4230 Et
2843 4177 2960 4232 haec
2984 4177 3076 4230 illa
3107 4183 3192 4230 est
3216 4174 3472 4244 impietas

1881 4287 2070 4326 eorum
2109 4271 2201 4340 qui
2229 4270 2509 4325 Christum
2541 4278 2739 4339 negant
2770 4268 2951 4321 anima
2971 4266 3257 4336 praeditum
3277 4265 3470 4322 fuisse.

202 4361 335 4417 Cum
363 4362 509 4417 enim
567 4376 769 4431 corpus
803 4359 1010 4428 absque
1065 4361 1248 4415 anima
1282 4375 1389 4414 non
1435 4361 1674 4430 potuerit
1736 4361 2103 4416 voluntariam
2140 4360 2452 4428 passionem
2492 4360 2730 4421 sentire,
2799 4374 3024 4414 necesse
3087 4367 3172 4414 est
3206 4355 3469 4414 Verbum.

203 4453 346 4527 quod
391 4453 586 4508 anima:
618 4453 739 4506 loco
773 4451 957 4514 fuerit,
1005 4465 1226 4521 passum
1269 4466 1390 4506 esse
1434 4460 1528 4505 aut
1568 4453 1778 4506 nullum
1819 4468 2050 4524 prorsus
2098 4451 2272 4508 fuisse
2304 4451 2624 4506 voluntaria:
2655 4450 2930 4520 passionis
2965 4465 3208 4505 sensum.

271 4591 324 4646 4.
377 4591 621 4643 Ἀπολλ.
675 4587 790 4640 Οὐκ
845 4585 1048 4640 ἔπαθεν
1070 4583 1162 4641 οῦν
1192 4591 1220 4641 6
1241 4587 1452 4656 Λόγος;
1492 4589 1646 4656 Ὀρθ.
1668 4590 1772 4642 Φυ-

1944 4587 2000 4642 4.
2025 4587 2200 4655 Apoll.
2230 4584 2371 4656 Ergo
2388 4601 2498 4638 non
2518 4599 2742 4655 passum
2785 4583 2952 4638 fuerit
2993 4581 3226 4637 Verbum
3259 4581 3283 4634 ?
3313 4579 3468 4639 Orth.

206 4678 368 4742 σικῶς
414 4679 488 4750 μὴ
539 4677 778 4746 γένοιτοί
822 4677 1068 4731 Ἀπολλ.
1101 4677 1278 4742 Ὂλως
1331 4677 1552 4732 ἔπαθεν.
1621 4680 1772 4746 Ὀρθ.

215 4772 449 4836 Ἕνώσας
483 4771 660 4842 ἑαυτῷ
694 4772 850 4843 σῶμα
873 4772 934 4825 τὸ
957 4771 1254 4841 δυνάμενον
1285 4771 1507 4825 παθεῖν’
1536 4773 1612 4835 ὡς
1637 4767 1776 4824 εῖναι

206 4866 266 4919 τὸ
291 4865 456 4928 πάθος
479 4863 580 4934 τῆς
621 4864 952 4934 οἰκονομίας,
1001 4863 1097 4916 καὶ
1133 4863 1254 4933 οὐχὶ
1291 4864 1389 4932 τῆς
1428 4863 1644 4933 φύσεως
1681 4863 1776 4916 τοῦ

206 4956 396 5024 Λόγου.
435 4955 521 5017 Ὠς
552 4954 660 5026 γὰρ
687 4955 977 5007 ἐκοπίασεν
1001 4956 1066 5008 ὲκ
1101 4954 1201 5024 τῆς
1236 4955 1561 5027 ὁδοιπορίας,
1591 4956 1652 5008 ού
1679 4954 1780 5024 φύ-

209 5063 291 5099 σει
315 5045 583 5116 θεότητος,
607 5046 721 5098 ἀλλ’
750 5045 996 5109 ὲνὼσεως
1019 5047 1300 5118 οἰκονομίᾳ
1318 5064 1332 5078 ’
1361 5047 1534 5112 οὕτως
1557 5048 1776 5112 ἔπαθεν,

209 5140 269 5192 οὐ
297 5137 450 5207 φύσει
481 5138 752 5209 θεότητος,
802 5137 915 5190 ἀλλ’
966 5135 1212 5202 ὲνώσεως
1260 5139 1565 5210 οἰκονομίᾳ.
1616 5139 1680 5191 Εἰ
1725 5137 1782 5191 δὲ

213 5230 304 5303 μὴ.
338 5232 366 5284 6
401 5231 632 5300 ποιήσας
659 5229 750 5285 τὸν
781 5228 1007 5301 οὐρανὸν
1041 5229 1133 5282 καὶ¹
1166 5230 1264 5302 τὴν
1296 5232 1398 5302 γῆν
1425 5232 1552 5285 ἄνευ
1587 5231 1780 5297 κόπου,

209 5324 301 5378 καὶ
337 5322 718 5394 περιπατήσας
759 5322 899 5391 ὑπὲρ
947 5319 1234 5390 πτερύγων
1281 5323 1520 5392 ἀνέμων,
1565 5323 1684 5387 πῶς
1715 5321 1781 5376 ἂν

210 5415 512 5479 ἐκοπίασεν,
536 5416 584 5468 εἰ
631 5415 706 5486 μὴ
734 5415 944 5485 ἥνωσεν
977 5415 1155 5486 ἐαυτῷ
1178 5415 1240 5469 τὸ
1267 5415 1562 5486 δυνάμενον
1590 5415 1780 5469 κοπιά-

214 5526 327 5574 σαι;
348 5508 515 5578 Σῶμα
536 5506 593 5559 δὲ
613 5507 814 5579 ἄψυχον
833 5507 893 5561 οὐ
918 5509 1103 5579 κοπιᾷ,
1123 5509 1243 5562 οὐδὲ
1265 5507 1434 5579 νήθει.
1456 5509 1567 5560 Καὶ
1589 5507 1777 5580 ῶσπερ

301 5664 385 5732 62)
425 5663 621 5730 Palat.,
651 5665 1016 5735 ἀνθρωπίνην,
1055 5663 1148 5716 καὶ
1184 5663 1308 5718 νοῦν
1337 5661 1585 5735 άνθρὼπ.

301 5664 385 5732 62)
425 5664 621 5730 Palat.,
651 5665 746 5718 ἀνθ
787 5665 1016 5734 ωπίνην,
1055 5664 1143 5716 καὶ

275 5664 388 5809 ἒϐὅ)
431 5735 624 5804 Palat.,
645 5685 810 5791 Ψιλὸν
839 5736 1143 5798 ἄνθρωπον.

1881 4680 2060 4743 Absit,
2095 4686 2154 4732 ut
2185 4678 2508 4733 naturaliter
2535 4690 2756 4746 passum
2781 4673 2946 4728 fuerit
2980 4675 2993 4728 ι
3023 4673 3202 4742 Apoll.
3235 4673 3473 4727 Omnino

1882 4783 2062 4827 tamen
2094 4787 2317 4842 passum
2359 4778 2466 4826 est.
2499 4769 2653 4824 Orlh.
2680 4767 2883 4837 Nempe
2912 4768 3066 4821 unito
3103 4767 3205 4822 sibi
3240 4780 3471 4834 corpore

1883 4864 2030 4935 quod
2067 4865 2178 4934 pati
2237 4871 2424 4932 posset
2464 4881 2477 4917 :
2511 4869 2572 4915 ut
2631 4861 2814 4930 passio
2858 4861 2931 4915 sit
2976 4858 3328 4922 oeconomiae,
3357 4873 3468 4912 non

1881 4966 2066 5011 autem
2103 4957 2278 5026 ipsius
2310 4967 2521 5011 natura:
2559 4955 2744 5010 Verbi.
2775 4953 2931 5008 Sicut
2968 4951 3113 5006 enim
3153 4951 3335 5004 lassus
3367 4947 3470 5004 fuit

1879 5049 1946 5104 de
1974 5050 2078 5114 via,
2108 5065 2216 5104 non
2265 5050 2318 5104 in
2368 5051 2487 5120 ipsa
2538 5049 2759 5104 deitatis
2804 5056 3020 5107 natura,
3069 5044 3166 5098 sed
3200 5043 3468 5099 unitionis

1880 5142 2188 5196 meonomia
2222 5159 2236 5195 :
2271 5144 2345 5197 ita
2384 5158 2582 5213 passus
2610 5151 2716 5207 est,
2747 5155 2855 5194 non
2886 5139 2941 5192 in
2977 5138 3094 5208 ipsa
3125 5136 3347 5191 deitatis
3369 5152 3468 5190 na-

1881 5240 2024 5299 tura,
2054 5235 2149 5289 sed
2181 5234 2448 5289 unitionis
2471 5232 2798 5288 oeconomia.
2819 5229 3057 5300 Alioqui,
3077 5228 3353 5298 quomodo
3373 5229 3466 5297 qui

1881 5327 2090 5397 absque
2122 5326 2309 5380 labore
2344 5325 2470 5381 fecit
2515 5326 2715 5380 coelum
2751 5334 2806 5378 et
2851 5330 3075 5386 terram,
3124 5329 3178 5375 et
3221 5319 3468 5374 ambulat

1886 5433 2050 5489 super
2083 5434 2294 5490 pennas
2325 5429 2632 5482 ventorum,
2666 5414 2918 5470 defessus
2963 5412 3189 5474 fuisset,
3217 5408 3326 5464 nisi
3359 5409 3466 5465 sibi

1883 5509 1986 5579 ipsi
2031 5509 2294 5564 univisset
2336 5507 2481 5578 quod
2527 5505 2744 5579 fatigari
2783 5502 3016 5576 posset?
3043 5499 3310 5555 Cazterum
3341 5511 3466 5556 cor-

1951 5665 2061 5736 (64)
2103 5661 2232 5719 Mss.
2245 5705 2260 5732 ,
2295 5662 2547 5734 σταυρός.
