  <div class='ocr_page' id='page_1' title='image "/cluster/home/n/w/nwhite01/storage/ocr_20150623/28/nnc1.0046978690/681.png"; bbox 0 0 3842 6210; ppageno 0'>
   <div class='ocr_carea' id='block_1_1' title="bbox 404 256 550 316">
    <p class='ocr_par' dir='ltr' id='par_1_1' title="bbox 404 256 550 316">
     <span class='ocr_line' id='line_1_1' title="bbox 404 256 550 316; baseline 0.014 -2"><span class='ocrx_word' id='word_1_1' title='bbox 404 256 550 316; x_wconf 71' lang='grc'><strong>125⁸3</strong></span> 
     </span>
    </p>
   </div>
   <div class='ocr_carea' id='block_1_2' title="bbox 1539 256 2524 316">
    <p class='ocr_par' dir='ltr' id='par_1_2' title="bbox 1539 256 2524 316">
     <span class='ocr_line' id='line_1_2' title="bbox 1539 256 2524 316; baseline 0.002 -3"><span class='ocrx_word' id='word_1_2' title='bbox 1539 256 1598 315; x_wconf 91' lang='lat' dir='ltr'><strong>S.</strong></span> <span class='ocrx_word' id='word_1_3' title='bbox 1638 256 2102 315; x_wconf 77' lang='lat' dir='ltr'><strong>ATHANASIUS.</strong></span> <span class='ocrx_word' id='word_1_4' title='bbox 2143 285 2218 301; x_wconf 92' lang='lat'><strong>-—</strong></span> <span class='ocrx_word' id='word_1_5' title='bbox 2250 257 2524 316; x_wconf 81' lang='lat' dir='ltr'><strong>SPURIA.</strong></span> 
     </span>
    </p>
   </div>
   <div class='ocr_carea' id='block_1_3' title="bbox 3546 260 3699 316">
    <p class='ocr_par' dir='ltr' id='par_1_3' title="bbox 3546 260 3699 316">
     <span class='ocr_line' id='line_1_3' title="bbox 3546 260 3699 316; baseline 0 -1"><span class='ocrx_word' id='word_1_6' title='bbox 3546 260 3699 316; x_wconf 73' lang='grc' dir='ltr'><strong>125ίῖ</strong></span> 
     </span>
    </p>
   </div>
   <div class='ocr_carea' id='block_1_4' title="bbox 402 373 1983 448">
    <p class='ocr_par' dir='ltr' id='par_1_4' title="bbox 402 373 1983 447">
     <span class='ocr_line' id='line_1_4' title="bbox 402 373 1983 447; baseline 0.003 -19"><span class='ocrx_word' id='word_1_7' title='bbox 402 389 510 446; x_wconf 79' lang='lat' dir='ltr'><strong>pus</strong></span> <span class='ocrx_word' id='word_1_8' title='bbox 536 387 644 429; x_wconf 92' lang='lat' dir='ltr'><strong>non</strong></span> <span class='ocrx_word' id='word_1_9' title='bbox 667 373 969 427; x_wconf 87' lang='lat' dir='ltr'><strong>animatum</strong></span> <span class='ocrx_word' id='word_1_10' title='bbox 1006 388 1184 444; x_wconf 91' lang='lat' dir='ltr'><strong>neque</strong></span> <span class='ocrx_word' id='word_1_11' title='bbox 1214 374 1450 439; x_wconf 88' lang='lat' dir='ltr'><strong>laborat,</strong></span> <span class='ocrx_word' id='word_1_12' title='bbox 1482 391 1662 447; x_wconf 91' lang='lat' dir='ltr'><strong>neque</strong></span> <span class='ocrx_word' id='word_1_13' title='bbox 1693 386 1806 434; x_wconf 93' lang='lat' dir='ltr'><strong>net.</strong></span> <span class='ocrx_word' id='word_1_14' title='bbox 1837 376 1983 433; x_wconf 90' lang='lat' dir='ltr'><strong>Sicul</strong></span> 
     </span>
    </p>
   </div>
   <div class='ocr_carea' id='block_1_5' title="bbox 2087 373 3696 448">
    <p class='ocr_par' dir='ltr' id='par_1_5' title="bbox 2094 373 3696 447">
     <span class='ocr_line' id='line_1_5' title="bbox 2094 373 3696 447; baseline -0.002 -18"><span class='ocrx_word' id='word_1_15' title='bbox 2094 375 2259 429; x_wconf 82' lang='grc' dir='ltr'>αὐτοῦ</span> <span class='ocrx_word' id='word_1_16' title='bbox 2292 375 2453 447; x_wconf 84' lang='grc' dir='ltr'>σῶμά</span> <span class='ocrx_word' id='word_1_17' title='bbox 2490 376 2659 442; x_wconf 77' lang='grc' dir='ltr'>ἑστιν,</span> <span class='ocrx_word' id='word_1_18' title='bbox 2688 373 2718 427; x_wconf 84' lang='lat'><strong>6</strong></span> <span class='ocrx_word' id='word_1_19' title='bbox 2743 374 2955 446; x_wconf 74' lang='grc' dir='ltr'>ἥνωσεν</span> <span class='ocrx_word' id='word_1_20' title='bbox 2988 373 3445 446; x_wconf 61' lang='grc' dir='ltr'>ὲαυτῷῐμὶικυχον</span> <span class='ocrx_word' id='word_1_21' title='bbox 3495 374 3696 443; x_wconf 73' lang='grc' dir='ltr'>σῶμα,</span> 
     </span>
    </p>
   </div>
   <div class='ocr_carea' id='block_1_6' title="bbox 404 469 1993 547">
    <p class='ocr_par' dir='ltr' id='par_1_6' title="bbox 404 469 1993 547">
     <span class='ocr_line' id='line_1_6' title="bbox 404 469 1993 547; baseline 0.003 -22"><span class='ocrx_word' id='word_1_22' title='bbox 404 476 586 525; x_wconf 86' lang='lat' dir='ltr'><strong>autem</strong></span> <span class='ocrx_word' id='word_1_23' title='bbox 604 484 814 547; x_wconf 78' lang='lat' dir='ltr'><strong>corpus</strong></span> <span class='ocrx_word' id='word_1_24' title='bbox 864 469 998 525; x_wconf 87' lang='lat' dir='ltr'><strong>illud</strong></span> <span class='ocrx_word' id='word_1_25' title='bbox 1052 472 1391 537; x_wconf 80' lang='lat' dir='ltr'><strong>animatum,</strong></span> <span class='ocrx_word' id='word_1_26' title='bbox 1427 477 1571 545; x_wconf 90' lang='lat' dir='ltr'><strong>quod</strong></span> <span class='ocrx_word' id='word_1_27' title='bbox 1601 473 1841 531; x_wconf 79' lang='lat' dir='ltr'><strong>Verbum</strong></span> <span class='ocrx_word' id='word_1_28' title='bbox 1886 476 1993 533; x_wconf 84' lang='lat' dir='ltr'><strong>sibi</strong></span> 
     </span>
    </p>
   </div>
   <div class='ocr_carea' id='block_1_7' title="bbox 402 563 1989 636">
    <p class='ocr_par' dir='ltr' id='par_1_7' title="bbox 402 563 1989 636">
     <span class='ocr_line' id='line_1_7' title="bbox 402 563 1989 636; baseline 0.004 -19"><span class='ocrx_word' id='word_1_29' title='bbox 402 564 601 627; x_wconf 84' lang='lat' dir='ltr'><strong>univit,</strong></span> <span class='ocrx_word' id='word_1_30' title='bbox 619 571 703 618; x_wconf 92' lang='lat' dir='ltr'><strong>est</strong></span> <span class='ocrx_word' id='word_1_31' title='bbox 724 563 899 634; x_wconf 79' lang='lat' dir='ltr'><strong>ipsius</strong></span> <span class='ocrx_word' id='word_1_32' title='bbox 920 579 1119 634; x_wconf 87' lang='lat' dir='ltr'><strong>corpus</strong></span> <span class='ocrx_word' id='word_1_33' title='bbox 1143 580 1254 618; x_wconf 85' lang='lat' dir='ltr'><strong>non</strong></span> <span class='ocrx_word' id='word_1_34' title='bbox 1283 575 1502 631; x_wconf 85' lang='lat' dir='ltr'><strong>natura,</strong></span> <span class='ocrx_word' id='word_1_35' title='bbox 1531 567 1625 622; x_wconf 88' lang='lat' dir='ltr'><strong>sed</strong></span> <span class='ocrx_word' id='word_1_36' title='bbox 1649 570 1989 636; x_wconf 73' lang='lat' dir='ltr'><strong>mcenomia;</strong></span> 
     </span>
    </p>
   </div>
   <div class='ocr_carea' id='block_1_8' title="bbox 402 654 1987 725">
    <p class='ocr_par' dir='ltr' id='par_1_8' title="bbox 402 654 1987 725">
     <span class='ocr_line' id='line_1_8' title="bbox 402 654 1987 725; baseline 0.005 -16"><span class='ocrx_word' id='word_1_37' title='bbox 402 654 477 709; x_wconf 93' lang='lat' dir='ltr'><strong>ita</strong></span> <span class='ocrx_word' id='word_1_38' title='bbox 506 655 662 709; x_wconf 87' lang='lat' dir='ltr'><strong>labor</strong></span> <span class='ocrx_word' id='word_1_39' title='bbox 680 662 767 710; x_wconf 88' lang='lat' dir='ltr'><strong>est</strong></span> <span class='ocrx_word' id='word_1_40' title='bbox 798 655 967 725; x_wconf 79' lang='lat' dir='ltr'><strong>ipsius</strong></span> <span class='ocrx_word' id='word_1_41' title='bbox 1000 656 1168 720; x_wconf 82' lang='lat' dir='ltr'><strong>labor,</strong></span> <span class='ocrx_word' id='word_1_42' title='bbox 1203 673 1309 711; x_wconf 93' lang='lat' dir='ltr'><strong>non</strong></span> <span class='ocrx_word' id='word_1_43' title='bbox 1343 669 1559 723; x_wconf 89' lang='lat' dir='ltr'><strong>natura,</strong></span> <span class='ocrx_word' id='word_1_44' title='bbox 1593 659 1689 715; x_wconf 85' lang='lat' dir='ltr'><strong>sed</strong></span> <span class='ocrx_word' id='word_1_45' title='bbox 1724 661 1987 717; x_wconf 90' lang='lat' dir='ltr'><strong>unitionis</strong></span> 
     </span>
    </p>
   </div>
   <div class='ocr_carea' id='block_1_9' title="bbox 402 747 1990 822">
    <p class='ocr_par' dir='ltr' id='par_1_9' title="bbox 402 747 1990 822">
     <span class='ocr_line' id='line_1_9' title="bbox 402 747 1990 822; baseline 0.003 -17"><span class='ocrx_word' id='word_1_46' title='bbox 402 747 710 805; x_wconf 69' lang='lat' dir='ltr'><strong>oeconomia</strong></span> <span class='ocrx_word' id='word_1_47' title='bbox 732 763 746 800; x_wconf 90' lang='lat'>:</span> <span class='ocrx_word' id='word_1_48' title='bbox 767 756 821 804; x_wconf 87' lang='lat' dir='ltr'><strong>et</strong></span> <span class='ocrx_word' id='word_1_49' title='bbox 850 749 1036 818; x_wconf 81' lang='lat' dir='ltr'><strong>passio</strong></span> <span class='ocrx_word' id='word_1_50' title='bbox 1088 760 1172 805; x_wconf 89' lang='lat' dir='ltr'><strong>est</strong></span> <span class='ocrx_word' id='word_1_51' title='bbox 1202 751 1373 821; x_wconf 82' lang='lat' dir='ltr'><strong>ipsius</strong></span> <span class='ocrx_word' id='word_1_52' title='bbox 1398 754 1604 822; x_wconf 82' lang='lat' dir='ltr'><strong>passio,</strong></span> <span class='ocrx_word' id='word_1_53' title='bbox 1624 770 1733 809; x_wconf 89' lang='lat' dir='ltr'><strong>non</strong></span> <span class='ocrx_word' id='word_1_54' title='bbox 1758 762 1953 809; x_wconf 91' lang='lat' dir='ltr'><strong>natura</strong></span> <span class='ocrx_word' id='word_1_55' title='bbox 1974 796 1990 821; x_wconf 96' lang='lat'><strong>,</strong></span> 
     </span>
    </p>
   </div>
   <div class='ocr_carea' id='block_1_10' title="bbox 401 839 1993 915">
    <p class='ocr_par' dir='ltr' id='par_1_10' title="bbox 401 839 1993 915">
     <span class='ocr_line' id='line_1_10' title="bbox 401 839 1993 915; baseline 0.005 -20"><span class='ocrx_word' id='word_1_56' title='bbox 401 847 601 895; x_wconf 89' lang='lat' dir='ltr'><strong>natura</strong></span> <span class='ocrx_word' id='word_1_57' title='bbox 630 840 775 895; x_wconf 89' lang='lat' dir='ltr'><strong>enim</strong></span> <span class='ocrx_word' id='word_1_58' title='bbox 827 839 990 896; x_wconf 84' lang='lat' dir='ltr'><strong>Verbi</strong></span> <span class='ocrx_word' id='word_1_59' title='bbox 1031 842 1306 911; x_wconf 85' lang='lat' dir='ltr'><strong>passionis</strong></span> <span class='ocrx_word' id='word_1_60' title='bbox 1337 860 1555 915; x_wconf 72' lang='lat' dir='ltr'><strong>expers,</strong></span> <span class='ocrx_word' id='word_1_61' title='bbox 1601 846 1695 902; x_wconf 85' lang='lat' dir='ltr'><strong>sed</strong></span> <span class='ocrx_word' id='word_1_62' title='bbox 1733 848 1993 903; x_wconf 90' lang='lat' dir='ltr'><strong>unitionis</strong></span> 
     </span>
    </p>
   </div>
   <div class='ocr_carea' id='block_1_11' title="bbox 402 930 1994 1003">
    <p class='ocr_par' dir='ltr' id='par_1_11' title="bbox 402 930 1994 1003">
     <span class='ocr_line' id='line_1_11' title="bbox 402 930 1994 1003; baseline 0.005 -18"><span class='ocrx_word' id='word_1_63' title='bbox 402 932 733 986; x_wconf 67' lang='lat' dir='ltr'><strong>mconomia.</strong></span> <span class='ocrx_word' id='word_1_64' title='bbox 754 930 887 985; x_wconf 88' lang='lat' dir='ltr'><strong>Nam</strong></span> <span class='ocrx_word' id='word_1_65' title='bbox 918 941 971 987; x_wconf 88' lang='lat' dir='ltr'><strong>et</strong></span> <span class='ocrx_word' id='word_1_66' title='bbox 1005 941 1062 987; x_wconf 93' lang='lat' dir='ltr'><strong>ut</strong></span> <span class='ocrx_word' id='word_1_67' title='bbox 1091 942 1367 1003; x_wconf 88' lang='lat' dir='ltr'><strong>pateretur</strong></span> <span class='ocrx_word' id='word_1_68' title='bbox 1394 937 1581 993; x_wconf 90' lang='lat' dir='ltr'><strong>unitus</strong></span> <span class='ocrx_word' id='word_1_69' title='bbox 1610 945 1713 1002; x_wconf 88' lang='lat' dir='ltr'><strong>est,</strong></span> <span class='ocrx_word' id='word_1_70' title='bbox 1731 945 1785 992; x_wconf 88' lang='lat' dir='ltr'><strong>et</strong></span> <span class='ocrx_word' id='word_1_71' title='bbox 1815 950 1870 993; x_wconf 92' lang='lat' dir='ltr'><strong>ut</strong></span> <span class='ocrx_word' id='word_1_72' title='bbox 1896 953 1994 993; x_wconf 88' lang='lat' dir='ltr'><strong>nos</strong></span> 
     </span>
    </p>
   </div>
   <div class='ocr_carea' id='block_1_12' title="bbox 403 1023 1993 1101">
    <p class='ocr_par' dir='ltr' id='par_1_12' title="bbox 403 1023 1993 1101">
     <span class='ocr_line' id='line_1_12' title="bbox 403 1023 1993 1101; baseline 0.005 -22"><span class='ocrx_word' id='word_1_73' title='bbox 403 1030 668 1087; x_wconf 81' lang='lat' dir='ltr'><strong>servaret,</strong></span> <span class='ocrx_word' id='word_1_74' title='bbox 710 1038 909 1094; x_wconf 87' lang='lat' dir='ltr'><strong>passus</strong></span> <span class='ocrx_word' id='word_1_75' title='bbox 955 1032 1059 1081; x_wconf 87' lang='lat' dir='ltr'><strong>est.</strong></span> <span class='ocrx_word' id='word_1_76' title='bbox 1095 1023 1296 1082; x_wconf 87' lang='lat' dir='ltr'><strong>Volens</strong></span> <span class='ocrx_word' id='word_1_77' title='bbox 1330 1028 1476 1082; x_wconf 90' lang='lat' dir='ltr'><strong>enim</strong></span> <span class='ocrx_word' id='word_1_78' title='bbox 1517 1044 1761 1095; x_wconf 84' lang='lat' dir='ltr'><strong>servare,</strong></span> <span class='ocrx_word' id='word_1_79' title='bbox 1794 1045 1993 1101; x_wconf 88' lang='lat' dir='ltr'><strong>passus</strong></span> 
     </span>
    </p>
   </div>
   <div class='ocr_carea' id='block_1_13' title="bbox 400 1115 1991 1189">
    <p class='ocr_par' dir='ltr' id='par_1_13' title="bbox 400 1115 1991 1189">
     <span class='ocr_line' id='line_1_13' title="bbox 400 1115 1991 1189; baseline 0.004 -20"><span class='ocrx_word' id='word_1_80' title='bbox 400 1121 524 1178; x_wconf 87' lang='lat' dir='ltr'><strong>est;</strong></span> <span class='ocrx_word' id='word_1_81' title='bbox 555 1122 609 1169; x_wconf 92' lang='lat' dir='ltr'><strong>et</strong></span> <span class='ocrx_word' id='word_1_82' title='bbox 639 1117 829 1170; x_wconf 80' lang='lat' dir='ltr'><strong>volens</strong></span> <span class='ocrx_word' id='word_1_83' title='bbox 862 1115 1008 1186; x_wconf 91' lang='lat' dir='ltr'><strong>pati,</strong></span> <span class='ocrx_word' id='word_1_84' title='bbox 1042 1118 1217 1172; x_wconf 88' lang='lat' dir='ltr'><strong>univit</strong></span> <span class='ocrx_word' id='word_1_85' title='bbox 1246 1118 1349 1173; x_wconf 85' lang='lat' dir='ltr'><strong>sibi</strong></span> <span class='ocrx_word' id='word_1_86' title='bbox 1400 1120 1547 1189; x_wconf 89' lang='lat' dir='ltr'><strong>quod</strong></span> <span class='ocrx_word' id='word_1_87' title='bbox 1578 1121 1745 1176; x_wconf 89' lang='lat' dir='ltr'><strong>semel</strong></span> <span class='ocrx_word' id='word_1_88' title='bbox 1779 1122 1991 1176; x_wconf 91' lang='lat' dir='ltr'><strong>unitum</strong></span> 
     </span>
    </p>
   </div>
   <div class='ocr_carea' id='block_1_14' title="bbox 400 1206 1992 1292">
    <p class='ocr_par' dir='ltr' id='par_1_14' title="bbox 400 1206 1992 1292">
     <span class='ocr_line' id='line_1_14' title="bbox 400 1206 1992 1292; baseline 0.006 -33"><span class='ocrx_word' id='word_1_89' title='bbox 400 1220 681 1277; x_wconf 86' lang='lat' dir='ltr'><strong>nunquam</strong></span> <span class='ocrx_word' id='word_1_90' title='bbox 707 1206 933 1263; x_wconf 90' lang='lat' dir='ltr'><strong>dimisit.</strong></span> <span class='ocrx_word' id='word_1_91' title='bbox 962 1226 982 1259; x_wconf 73' lang='grc' dir='ltr'><strong>ι</strong></span> <span class='ocrx_word' id='word_1_92' title='bbox 1013 1207 1104 1263; x_wconf 88' lang='lat' dir='ltr'><strong>Sic</strong></span> <span class='ocrx_word' id='word_1_93' title='bbox 1122 1209 1273 1292; x_wconf 82' lang='lat' dir='ltr'><strong>enim</strong></span> <span class='ocrx_word' id='word_1_94' title='bbox 1299 1212 1500 1279; x_wconf 83' lang='lat' dir='ltr'><strong>veniet,</strong></span> <span class='ocrx_word' id='word_1_95' title='bbox 1532 1213 1992 1282; x_wconf 87' lang='lat' dir='ltr'><strong>quemadmodum</strong></span> 
     </span>
    </p>
   </div>
   <div class='ocr_carea' id='block_1_15' title="bbox 399 1296 1992 1367">
    <p class='ocr_par' dir='ltr' id='par_1_15' title="bbox 399 1296 1992 1367">
     <span class='ocr_line' id='line_1_15' title="bbox 399 1296 1992 1367; baseline 0.006 -18"><span class='ocrx_word' id='word_1_96' title='bbox 399 1296 618 1353; x_wconf 82' lang='lat' dir='ltr'><strong>vidistis</strong></span> <span class='ocrx_word' id='word_1_97' title='bbox 646 1311 770 1350; x_wconf 87' lang='lat' dir='ltr'><strong>eum</strong></span> <span class='ocrx_word' id='word_1_98' title='bbox 800 1305 1021 1352; x_wconf 83' lang='lat' dir='ltr'><strong>euntem</strong></span> <span class='ocrx_word' id='word_1_99' title='bbox 1052 1299 1106 1352; x_wconf 93' lang='lat' dir='ltr'><strong>in</strong></span> <span class='ocrx_word' id='word_1_100' title='bbox 1139 1302 1340 1355; x_wconf 83' lang='lat' dir='ltr'><strong>coelum</strong></span> <span class='ocrx_word' id='word_1_101' title='bbox 1362 1301 1408 1334; x_wconf 82' lang='lat'>“</span> <span class='ocrx_word' id='word_1_102' title='bbox 1438 1321 1452 1357; x_wconf 90' lang='lat'>:</span> <span class='ocrx_word' id='word_1_103' title='bbox 1490 1322 1508 1355; x_wconf 83' lang='grc'>›</span> <span class='ocrx_word' id='word_1_104' title='bbox 1531 1312 1585 1357; x_wconf 87' lang='lat' dir='ltr'><strong>et</strong></span> <span class='ocrx_word' id='word_1_105' title='bbox 1607 1343 1621 1367; x_wconf 94' lang='lat'><strong>,</strong></span> <span class='ocrx_word' id='word_1_106' title='bbox 1658 1323 1676 1355; x_wconf 85' lang='grc'><strong><em>‹</em></strong></span> <span class='ocrx_word' id='word_1_107' title='bbox 1714 1304 1992 1360; x_wconf 79' lang='lat' dir='ltr'><strong>Videbunt</strong></span> 
     </span>
    </p>
   </div>
   <div class='ocr_carea' id='block_1_16' title="bbox 398 1388 1993 1464">
    <p class='ocr_par' dir='ltr' id='par_1_16' title="bbox 398 1388 1993 1464">
     <span class='ocr_line' id='line_1_16' title="bbox 398 1388 1993 1464; baseline 0.008 -24"><span class='ocrx_word' id='word_1_108' title='bbox 398 1401 525 1441; x_wconf 89' lang='lat' dir='ltr'><strong>eum</strong></span> <span class='ocrx_word' id='word_1_109' title='bbox 569 1388 626 1442; x_wconf 92' lang='lat' dir='ltr'><strong>in</strong></span> <span class='ocrx_word' id='word_1_110' title='bbox 672 1404 834 1458; x_wconf 89' lang='lat' dir='ltr'><strong>quem</strong></span> <span class='ocrx_word' id='word_1_111' title='bbox 878 1390 1369 1447; x_wconf 77' lang='lat' dir='ltr'><strong>transﬂxerunt&quot;.</strong></span> <span class='ocrx_word' id='word_1_112' title='bbox 1419 1413 1437 1446; x_wconf 75' lang='grc' dir='ltr'><strong>ι</strong></span> <span class='ocrx_word' id='word_1_113' title='bbox 1496 1395 1670 1464; x_wconf 78' lang='lat' dir='ltr'><strong>Apoll.</strong></span> <span class='ocrx_word' id='word_1_114' title='bbox 1702 1394 1993 1452; x_wconf 83' lang='lat' dir='ltr'><strong>Enimvero</strong></span> 
     </span>
    </p>
   </div>
   <div class='ocr_carea' id='block_1_17' title="bbox 400 1481 1992 1551">
    <p class='ocr_par' dir='ltr' id='par_1_17' title="bbox 400 1481 1992 1551">
     <span class='ocr_line' id='line_1_17' title="bbox 400 1481 1992 1551; baseline 0.008 -19"><span class='ocrx_word' id='word_1_115' title='bbox 400 1493 586 1533; x_wconf 87' lang='lat' dir='ltr'><strong>annon</strong></span> <span class='ocrx_word' id='word_1_116' title='bbox 624 1481 782 1536; x_wconf 85' lang='lat' dir='ltr'><strong>aliter</strong></span> <span class='ocrx_word' id='word_1_117' title='bbox 816 1490 1030 1551; x_wconf 86' lang='lat' dir='ltr'><strong>poterat</strong></span> <span class='ocrx_word' id='word_1_118' title='bbox 1077 1501 1180 1539; x_wconf 85' lang='lat' dir='ltr'><strong>nos</strong></span> <span class='ocrx_word' id='word_1_119' title='bbox 1223 1486 1405 1543; x_wconf 82' lang='lat' dir='ltr'><strong>salvos</strong></span> <span class='ocrx_word' id='word_1_120' title='bbox 1449 1487 1629 1543; x_wconf 81' lang='lat' dir='ltr'><strong>facere</strong></span> <span class='ocrx_word' id='word_1_121' title='bbox 1653 1489 1677 1542; x_wconf 76' lang='grc' dir='ltr'><em>ἳ</em></span> <span class='ocrx_word' id='word_1_122' title='bbox 1703 1487 1857 1543; x_wconf 83' lang='lat' dir='ltr'><strong>Orth.</strong></span> <span class='ocrx_word' id='word_1_123' title='bbox 1884 1489 1992 1544; x_wconf 85' lang='lat' dir='ltr'><strong>Sed</strong></span> 
     </span>
    </p>
   </div>
   <div class='ocr_carea' id='block_1_18' title="bbox 399 1570 1987 1651">
    <p class='ocr_par' dir='ltr' id='par_1_18' title="bbox 399 1570 1987 1651">
     <span class='ocr_line' id='line_1_18' title="bbox 399 1570 1987 1651; baseline 0.009 -27"><span class='ocrx_word' id='word_1_124' title='bbox 399 1570 473 1624; x_wconf 91' lang='lat' dir='ltr'><strong>ita</strong></span> <span class='ocrx_word' id='word_1_125' title='bbox 494 1586 716 1628; x_wconf 85' lang='lat' dir='ltr'><strong>servare</strong></span> <span class='ocrx_word' id='word_1_126' title='bbox 743 1574 915 1629; x_wconf 89' lang='lat' dir='ltr'><strong>voluit</strong></span> <span class='ocrx_word' id='word_1_127' title='bbox 932 1591 1028 1645; x_wconf 92' lang='lat' dir='ltr'><strong>per</strong></span> <span class='ocrx_word' id='word_1_128' title='bbox 1045 1578 1332 1632; x_wconf 82' lang='lat' dir='ltr'><strong>stultitiam</strong></span> <span class='ocrx_word' id='word_1_129' title='bbox 1360 1581 1788 1648; x_wconf 64' lang='lat' dir='ltr'><strong>praadicationis.</strong></span> <span class='ocrx_word' id='word_1_130' title='bbox 1813 1581 1987 1651; x_wconf 80' lang='lat' dir='ltr'><strong>Apoll.</strong></span> 
     </span>
    </p>
   </div>
   <div class='ocr_carea' id='block_1_19' title="bbox 399 1658 1985 1741">
    <p class='ocr_par' dir='ltr' id='par_1_19' title="bbox 399 1658 1985 1741">
     <span class='ocr_line' id='line_1_19' title="bbox 399 1658 1985 1741; baseline 0.006 -27"><span class='ocrx_word' id='word_1_131' title='bbox 399 1658 458 1714; x_wconf 88' lang='lat' dir='ltr'><strong>Si</strong></span> <span class='ocrx_word' id='word_1_132' title='bbox 485 1669 722 1718; x_wconf 86' lang='lat' dir='ltr'><strong>mentem</strong></span> <span class='ocrx_word' id='word_1_133' title='bbox 760 1663 1002 1719; x_wconf 89' lang='lat' dir='ltr'><strong>hominis</strong></span> <span class='ocrx_word' id='word_1_134' title='bbox 1042 1666 1259 1732; x_wconf 88' lang='lat' dir='ltr'><strong>habuit,</strong></span> <span class='ocrx_word' id='word_1_135' title='bbox 1302 1669 1479 1738; x_wconf 88' lang='lat' dir='ltr'><strong>potuit</strong></span> <span class='ocrx_word' id='word_1_136' title='bbox 1519 1670 1685 1724; x_wconf 88' lang='lat' dir='ltr'><strong>etiam</strong></span> <span class='ocrx_word' id='word_1_137' title='bbox 1738 1685 1985 1741; x_wconf 87' lang='lat' dir='ltr'><strong>peccare.</strong></span> 
     </span>
    </p>
   </div>
   <div class='ocr_carea' id='block_1_20' title="bbox 2093 465 3698 540">
    <p class='ocr_par' dir='ltr' id='par_1_20' title="bbox 2093 465 3698 540">
     <span class='ocr_line' id='line_1_20' title="bbox 2093 465 3698 540; baseline -0.001 -19"><span class='ocrx_word' id='word_1_138' title='bbox 2093 469 2155 521; x_wconf 78' lang='grc' dir='ltr'>οὐ</span> <span class='ocrx_word' id='word_1_139' title='bbox 2183 471 2248 540; x_wconf 76' lang='grc' dir='ltr'>τῇ</span> <span class='ocrx_word' id='word_1_140' title='bbox 2281 468 2464 538; x_wconf 85' lang='grc' dir='ltr'>φύσει,</span> <span class='ocrx_word' id='word_1_141' title='bbox 2497 467 2632 522; x_wconf 85' lang='grc' dir='ltr'>ἀλλὰ</span> <span class='ocrx_word' id='word_1_142' title='bbox 2661 468 2727 539; x_wconf 78' lang='grc' dir='ltr'>τῇ</span> <span class='ocrx_word' id='word_1_143' title='bbox 2756 467 3039 539; x_wconf 74' lang='grc' dir='ltr'>οἰκονομίᾳ</span> <span class='ocrx_word' id='word_1_144' title='bbox 3058 484 3073 498; x_wconf 77' lang='grc' dir='ltr'><strong>ο</strong></span> <span class='ocrx_word' id='word_1_145' title='bbox 3102 465 3274 528; x_wconf 80' lang='grc' dir='ltr'>οὕτως</span> <span class='ocrx_word' id='word_1_146' title='bbox 3311 465 3482 519; x_wconf 80' lang='grc' dir='ltr'>αὐτοῦ</span> <span class='ocrx_word' id='word_1_147' title='bbox 3515 467 3698 529; x_wconf 65' lang='grc' dir='ltr'>κόπος</span> 
     </span>
    </p>
   </div>
   <div class='ocr_carea' id='block_1_21' title="bbox 2092 555 3697 632">
    <p class='ocr_par' dir='ltr' id='par_1_21' title="bbox 2092 555 3697 632">
     <span class='ocr_line' id='line_1_21' title="bbox 2092 555 3697 632; baseline -0.003 -19"><span class='ocrx_word' id='word_1_148' title='bbox 2092 562 2122 614; x_wconf 99' lang='lat'><strong>6</strong></span> <span class='ocrx_word' id='word_1_149' title='bbox 2143 561 2310 624; x_wconf 83' lang='grc' dir='ltr'>κόπος</span> <span class='ocrx_word' id='word_1_150' title='bbox 2334 561 2393 613; x_wconf 80' lang='grc' dir='ltr'><strong>οὐ</strong></span> <span class='ocrx_word' id='word_1_151' title='bbox 2416 563 2482 632; x_wconf 79' lang='grc' dir='ltr'>τῇ</span> <span class='ocrx_word' id='word_1_152' title='bbox 2509 560 2686 629; x_wconf 76' lang='grc' dir='ltr'>φύσει,</span> <span class='ocrx_word' id='word_1_153' title='bbox 2713 559 2849 613; x_wconf 82' lang='grc' dir='ltr'>ἀλλὰ</span> <span class='ocrx_word' id='word_1_154' title='bbox 2869 563 2936 631; x_wconf 79' lang='grc' dir='ltr'>τῇ</span> <span class='ocrx_word' id='word_1_155' title='bbox 2967 557 3249 630; x_wconf 58' lang='grc' dir='ltr'><strong>οἰκονομίᾳ⁵</strong></span> <span class='ocrx_word' id='word_1_156' title='bbox 3279 558 3376 628; x_wconf 78' lang='grc' dir='ltr'>τῆς</span> <span class='ocrx_word' id='word_1_157' title='bbox 3400 555 3697 618; x_wconf 71' lang='grc' dir='ltr'>ἑνὼσεως·</span> 
     </span>
    </p>
   </div>
   <div class='ocr_carea' id='block_1_22' title="bbox 2094 645 3696 723">
    <p class='ocr_par' dir='ltr' id='par_1_22' title="bbox 2094 645 3696 723">
     <span class='ocr_line' id='line_1_22' title="bbox 2094 645 3696 723; baseline -0.006 -15"><span class='ocrx_word' id='word_1_158' title='bbox 2094 655 2188 708; x_wconf 70' lang='grc' dir='ltr'><strong>καὶ</strong></span> <span class='ocrx_word' id='word_1_159' title='bbox 2216 653 2380 708; x_wconf 83' lang='grc' dir='ltr'>αὑτοῦ</span> <span class='ocrx_word' id='word_1_160' title='bbox 2411 655 2582 717; x_wconf 88' lang='grc' dir='ltr'>πάθος</span> <span class='ocrx_word' id='word_1_161' title='bbox 2604 653 2666 707; x_wconf 85' lang='grc' dir='ltr'>τὺ</span> <span class='ocrx_word' id='word_1_162' title='bbox 2698 651 2869 716; x_wconf 83' lang='grc' dir='ltr'>πάθος</span> <span class='ocrx_word' id='word_1_163' title='bbox 2894 652 2955 704; x_wconf 82' lang='grc' dir='ltr'><strong>οὐ</strong></span> <span class='ocrx_word' id='word_1_164' title='bbox 2982 653 3050 723; x_wconf 80' lang='grc' dir='ltr'>τῇ</span> <span class='ocrx_word' id='word_1_165' title='bbox 3078 649 3239 720; x_wconf 82' lang='grc' dir='ltr'>φύσει</span> <span class='ocrx_word' id='word_1_166' title='bbox 3271 648 3383 719; x_wconf 84' lang='grc'>(65)</span> <span class='ocrx_word' id='word_1_167' title='bbox 3424 645 3696 719; x_wconf 65' lang='grc' dir='ltr'>(ἀπαθὴς</span> 
     </span>
    </p>
   </div>
   <div class='ocr_carea' id='block_1_23' title="bbox 2093 740 3697 821">
    <p class='ocr_par' dir='ltr' id='par_1_23' title="bbox 2093 740 3697 821">
     <span class='ocr_line' id='line_1_23' title="bbox 2093 740 3697 821; baseline -0.007 -20"><span class='ocrx_word' id='word_1_168' title='bbox 2093 747 2203 821; x_wconf 81' lang='grc' dir='ltr'>γὰρ</span> <span class='ocrx_word' id='word_1_169' title='bbox 2227 751 2260 819; x_wconf 85' lang='grc' dir='ltr'>ή</span> <span class='ocrx_word' id='word_1_170' title='bbox 2298 747 2502 819; x_wconf 75' lang='grc' dir='ltr'>φύσις),</span> <span class='ocrx_word' id='word_1_171' title='bbox 2543 747 2679 801; x_wconf 73' lang='grc' dir='ltr'>ἀλλὰ</span> <span class='ocrx_word' id='word_1_172' title='bbox 2722 749 2786 817; x_wconf 80' lang='grc' dir='ltr'>τῇ</span> <span class='ocrx_word' id='word_1_173' title='bbox 2828 743 3110 816; x_wconf 73' lang='grc' dir='ltr'>οἰκονομίᾳ</span> <span class='ocrx_word' id='word_1_174' title='bbox 3148 743 3246 813; x_wconf 82' lang='grc' dir='ltr'>τῆς</span> <span class='ocrx_word' id='word_1_175' title='bbox 3280 743 3559 804; x_wconf 84' lang='grc' dir='ltr'>ένωσεως.</span> <span class='ocrx_word' id='word_1_176' title='bbox 3593 740 3697 791; x_wconf 58' lang='grc' dir='ltr'><strong>Διά</strong></span> 
     </span>
    </p>
   </div>
   <div class='ocr_carea' id='block_1_24' title="bbox 2094 832 3699 912">
    <p class='ocr_par' dir='ltr' id='par_1_24' title="bbox 2094 832 3699 912">
     <span class='ocr_line' id='line_1_24' title="bbox 2094 832 3699 912; baseline -0.006 -19"><span class='ocrx_word' id='word_1_177' title='bbox 2094 840 2202 912; x_wconf 85' lang='grc' dir='ltr'>γὰρ</span> <span class='ocrx_word' id='word_1_178' title='bbox 2233 841 2293 893; x_wconf 79' lang='grc' dir='ltr'>τὸ</span> <span class='ocrx_word' id='word_1_179' title='bbox 2321 840 2491 905; x_wconf 73' lang='grc' dir='ltr'>πάθος</span> <span class='ocrx_word' id='word_1_180' title='bbox 2521 841 2614 894; x_wconf 73' lang='grc' dir='ltr'><strong>καὶ</strong></span> <span class='ocrx_word' id='word_1_181' title='bbox 2648 840 2682 910; x_wconf 85' lang='grc' dir='ltr'>ἡ</span> <span class='ocrx_word' id='word_1_182' title='bbox 2710 839 2901 901; x_wconf 64' lang='lat' dir='ltr'><strong>Evam;</strong></span> <span class='ocrx_word' id='word_1_183' title='bbox 2920 853 2934 866; x_wconf 79' lang='lat'><strong><em>°</em></strong></span> <span class='ocrx_word' id='word_1_184' title='bbox 2967 836 3061 890; x_wconf 77' lang='grc' dir='ltr'><strong>καὶ</strong></span> <span class='ocrx_word' id='word_1_185' title='bbox 3084 833 3170 888; x_wconf 79' lang='grc' dir='ltr'><strong>διὰ</strong></span> <span class='ocrx_word' id='word_1_186' title='bbox 3193 834 3290 905; x_wconf 86' lang='grc' dir='ltr'>τὴν</span> <span class='ocrx_word' id='word_1_187' title='bbox 3320 833 3615 903; x_wconf 77' lang='grc' dir='ltr'><strong>σωτηρίαν</strong></span> <span class='ocrx_word' id='word_1_188' title='bbox 3640 832 3699 884; x_wconf 72' lang='grc' dir='ltr'>τὸ</span> 
     </span>
    </p>
   </div>
   <div class='ocr_carea' id='block_1_25' title="bbox 2098 924 3696 1002">
    <p class='ocr_par' dir='ltr' id='par_1_25' title="bbox 2098 924 3696 1002">
     <span class='ocr_line' id='line_1_25' title="bbox 2098 924 3696 1002; baseline -0.007 -16"><span class='ocrx_word' id='word_1_189' title='bbox 2098 933 2286 996; x_wconf 88' lang='grc' dir='ltr'>πάθος.</span> <span class='ocrx_word' id='word_1_190' title='bbox 2325 931 2503 985; x_wconf 84' lang='grc' dir='ltr'>Σῶσαι</span> <span class='ocrx_word' id='word_1_191' title='bbox 2541 931 2651 1002; x_wconf 78' lang='grc' dir='ltr'>γὰρ</span> <span class='ocrx_word' id='word_1_192' title='bbox 2681 929 2870 994; x_wconf 86' lang='grc' dir='ltr'>θέλων,</span> <span class='ocrx_word' id='word_1_193' title='bbox 2900 926 3100 981; x_wconf 76' lang='grc' dir='ltr'>ἔπαθεν</span> <span class='ocrx_word' id='word_1_194' title='bbox 3120 942 3135 957; x_wconf 80' lang='grc'><strong><em>⁸</em></strong></span> <span class='ocrx_word' id='word_1_195' title='bbox 3170 925 3365 979; x_wconf 82' lang='grc' dir='ltr'>παθεῖν</span> <span class='ocrx_word' id='word_1_196' title='bbox 3390 925 3453 978; x_wconf 80' lang='grc' dir='ltr'><strong>δὲ</strong></span> <span class='ocrx_word' id='word_1_197' title='bbox 3490 924 3696 987; x_wconf 76' lang='grc' dir='ltr'>θέλων,</span> 
     </span>
    </p>
   </div>
   <div class='ocr_carea' id='block_1_26' title="bbox 2093 1016 3698 1095">
    <p class='ocr_par' dir='ltr' id='par_1_26' title="bbox 2093 1016 3698 1095">
     <span class='ocr_line' id='line_1_26' title="bbox 2093 1016 3698 1095; baseline -0.006 -18"><span class='ocrx_word' id='word_1_198' title='bbox 2093 1024 2320 1095; x_wconf 73' lang='grc' dir='ltr'>ἥνωσεν,</span> <span class='ocrx_word' id='word_1_199' title='bbox 2348 1024 2377 1077; x_wconf 83' lang='lat'><strong>6</strong></span> <span class='ocrx_word' id='word_1_200' title='bbox 2409 1022 2615 1087; x_wconf 83' lang='grc' dir='ltr'>ὲνώσας</span> <span class='ocrx_word' id='word_1_201' title='bbox 2669 1023 2768 1075; x_wconf 79' lang='grc' dir='ltr'><strong>οῦκ</strong></span> <span class='ocrx_word' id='word_1_202' title='bbox 2800 1021 3030 1092; x_wconf 76' lang='grc' dir='ltr'>ἀφῆκεν.</span> <span class='ocrx_word' id='word_1_203' title='bbox 3065 1038 3085 1071; x_wconf 76' lang='lat' dir='ltr'><strong>t</strong></span> <span class='ocrx_word' id='word_1_204' title='bbox 3128 1017 3423 1088; x_wconf 71' lang='grc' dir='ltr'>Οῦτω,γάρ</span> <span class='ocrx_word' id='word_1_205' title='bbox 3462 1016 3698 1068; x_wconf 71' lang='grc' dir='ltr'>ἐλεύσε-</span> 
     </span>
    </p>
   </div>
   <div class='ocr_carea' id='block_1_27' title="bbox 2094 1107 3697 1187">
    <p class='ocr_par' dir='ltr' id='par_1_27' title="bbox 2094 1107 3697 1187">
     <span class='ocr_line' id='line_1_27' title="bbox 2094 1107 3697 1187; baseline -0.007 -18"><span class='ocrx_word' id='word_1_206' title='bbox 2094 1133 2205 1179; x_wconf 91' lang='grc' dir='ltr'>ται,</span> <span class='ocrx_word' id='word_1_207' title='bbox 2241 1115 2299 1169; x_wconf 84' lang='grc' dir='ltr'>ὃν</span> <span class='ocrx_word' id='word_1_208' title='bbox 2328 1115 2525 1187; x_wconf 78' lang='grc' dir='ltr'>τρόπον</span> <span class='ocrx_word' id='word_1_209' title='bbox 2554 1114 2850 1168; x_wconf 79' lang='grc' dir='ltr'>ἐθεάσασθε</span> <span class='ocrx_word' id='word_1_210' title='bbox 2886 1112 3047 1166; x_wconf 75' lang='grc' dir='ltr'>αὑτὸν</span> <span class='ocrx_word' id='word_1_211' title='bbox 3077 1110 3445 1182; x_wconf 82' lang='grc' dir='ltr'>πορευόμενον</span> <span class='ocrx_word' id='word_1_212' title='bbox 3471 1110 3554 1170; x_wconf 74' lang='grc' dir='ltr'>εἰς</span> <span class='ocrx_word' id='word_1_213' title='bbox 3601 1107 3697 1160; x_wconf 75' lang='grc' dir='ltr'><strong>τὸν</strong></span> 
     </span>
    </p>
   </div>
   <div class='ocr_carea' id='block_1_28' title="bbox 2092 1202 3689 1279">
    <p class='ocr_par' dir='ltr' id='par_1_28' title="bbox 2092 1202 3689 1279">
     <span class='ocr_line' id='line_1_28' title="bbox 2092 1202 3689 1279; baseline -0.006 -18"><span class='ocrx_word' id='word_1_214' title='bbox 2092 1208 2320 1279; x_wconf 78' lang='grc' dir='ltr'>οὐρανόν</span> <span class='ocrx_word' id='word_1_215' title='bbox 2338 1225 2352 1239; x_wconf 79' lang='grc' dir='ltr'><strong>ο</strong></span> <span class='ocrx_word' id='word_1_216' title='bbox 2384 1227 2402 1259; x_wconf 76' lang='grc' dir='ltr'><strong>ι</strong></span> <span class='ocrx_word' id='word_1_217' title='bbox 2435 1207 2551 1272; x_wconf 71' lang='grc' dir='ltr'>καὶ,</span> <span class='ocrx_word' id='word_1_218' title='bbox 2579 1225 2597 1259; x_wconf 81' lang='grc' dir='ltr'><strong>ι</strong></span> <span class='ocrx_word' id='word_1_219' title='bbox 2630 1206 2886 1276; x_wconf 73' lang='grc' dir='ltr'>Ὄψονται</span> <span class='ocrx_word' id='word_1_220' title='bbox 2912 1203 3020 1275; x_wconf 87' lang='grc'>(66)</span> <span class='ocrx_word' id='word_1_221' title='bbox 3044 1206 3123 1268; x_wconf 84' lang='grc' dir='ltr'><strong>είς</strong></span> <span class='ocrx_word' id='word_1_222' title='bbox 3149 1203 3207 1256; x_wconf 81' lang='grc' dir='ltr'>ὃν</span> <span class='ocrx_word' id='word_1_223' title='bbox 3246 1202 3644 1271; x_wconf 77' lang='grc' dir='ltr'>ἐξεκέντησαν.</span> <span class='ocrx_word' id='word_1_224' title='bbox 3669 1218 3689 1251; x_wconf 71' lang='grc' dir='ltr'><strong>ι</strong></span> 
     </span>
    </p>
   </div>
   <div class='ocr_carea' id='block_1_29' title="bbox 2107 1295 3695 1372">
    <p class='ocr_par' dir='ltr' id='par_1_29' title="bbox 2107 1295 3695 1372">
     <span class='ocr_line' id='line_1_29' title="bbox 2107 1295 3695 1372; baseline -0.006 -16"><span class='ocrx_word' id='word_1_225' title='bbox 2107 1300 2354 1356; x_wconf 78' lang='grc' dir='ltr'><strong>Ἀπολλ.</strong></span> <span class='ocrx_word' id='word_1_226' title='bbox 2390 1300 2601 1364; x_wconf 82' lang='grc' dir='ltr'><strong>Ι’Λλλως</strong></span> <span class='ocrx_word' id='word_1_227' title='bbox 2627 1300 2735 1372; x_wconf 82' lang='grc' dir='ltr'><strong>γὰρ</strong></span> <span class='ocrx_word' id='word_1_228' title='bbox 2762 1300 2862 1353; x_wconf 78' lang='grc' dir='ltr'><strong>οὐκ</strong></span> <span class='ocrx_word' id='word_1_229' title='bbox 2895 1298 3115 1352; x_wconf 79' lang='grc' dir='ltr'>ἐδύνατο</span> <span class='ocrx_word' id='word_1_230' title='bbox 3143 1298 3314 1351; x_wconf 83' lang='grc' dir='ltr'>σῶσαι</span> <span class='ocrx_word' id='word_1_231' title='bbox 3331 1314 3346 1363; x_wconf 87' lang='grc'><strong>;</strong></span> <span class='ocrx_word' id='word_1_232' title='bbox 3363 1298 3529 1364; x_wconf 82' lang='grc' dir='ltr'>Ὁρθ.</span> <span class='ocrx_word' id='word_1_233' title='bbox 3547 1295 3695 1347; x_wconf 81' lang='grc' dir='ltr'>Ἀλλ’</span> 
     </span>
    </p>
   </div>
   <div class='ocr_carea' id='block_1_30' title="bbox 2093 1387 3697 1462">
    <p class='ocr_par' dir='ltr' id='par_1_30' title="bbox 2093 1387 3697 1462">
     <span class='ocr_line' id='line_1_30' title="bbox 2093 1387 3697 1462; baseline -0.002 -19"><span class='ocrx_word' id='word_1_234' title='bbox 2093 1389 2266 1454; x_wconf 77' lang='grc' dir='ltr'>οὕτως</span> <span class='ocrx_word' id='word_1_235' title='bbox 2294 1392 2530 1462; x_wconf 70' lang='grc' dir='ltr'>ἠθέλησε</span> <span class='ocrx_word' id='word_1_236' title='bbox 2561 1391 2731 1444; x_wconf 84' lang='grc' dir='ltr'>σῶσαι</span> <span class='ocrx_word' id='word_1_237' title='bbox 2759 1389 2847 1443; x_wconf 79' lang='grc' dir='ltr'><strong>διὰ</strong></span> <span class='ocrx_word' id='word_1_238' title='bbox 2878 1391 2976 1461; x_wconf 78' lang='grc' dir='ltr'><strong>τῆς</strong></span> <span class='ocrx_word' id='word_1_239' title='bbox 3011 1389 3220 1461; x_wconf 81' lang='grc' dir='ltr'>μωρίας</span> <span class='ocrx_word' id='word_1_240' title='bbox 3259 1388 3353 1442; x_wconf 84' lang='grc' dir='ltr'><strong>τοῦ</strong></span> <span class='ocrx_word' id='word_1_241' title='bbox 3388 1387 3697 1458; x_wconf 77' lang='grc' dir='ltr'>κηρύγμα-</span> 
     </span>
    </p>
   </div>
   <div class='ocr_carea' id='block_1_31' title="bbox 2092 1476 3695 1555">
    <p class='ocr_par' dir='ltr' id='par_1_31' title="bbox 2092 1476 3695 1555">
     <span class='ocr_line' id='line_1_31' title="bbox 2092 1476 3695 1555; baseline -0.002 -21"><span class='ocrx_word' id='word_1_242' title='bbox 2092 1483 2470 1545; x_wconf 75' lang='grc' dir='ltr'>τος.Ἀπολλ.</span> <span class='ocrx_word' id='word_1_243' title='bbox 2504 1485 2567 1537; x_wconf 83' lang='lat' dir='ltr'><strong>El</strong></span> <span class='ocrx_word' id='word_1_244' title='bbox 2606 1483 2729 1537; x_wconf 85' lang='grc' dir='ltr'>νοῦν</span> <span class='ocrx_word' id='word_1_245' title='bbox 2771 1482 3059 1555; x_wconf 80' lang='grc' dir='ltr'>ἀνθρώπου</span> <span class='ocrx_word' id='word_1_246' title='bbox 3095 1481 3206 1552; x_wconf 86' lang='grc'>(67)</span> <span class='ocrx_word' id='word_1_247' title='bbox 3256 1476 3424 1551; x_wconf 73' lang='grc' dir='ltr'>εἶχεν,</span> <span class='ocrx_word' id='word_1_248' title='bbox 3462 1479 3695 1533; x_wconf 69' lang='grc' dir='ltr'>ἐδύνατο</span> 
     </span>
    </p>
   </div>
   <div class='ocr_carea' id='block_1_32' title="bbox 2092 1570 3693 1646">
    <p class='ocr_par' dir='ltr' id='par_1_32' title="bbox 2092 1570 3693 1646">
     <span class='ocr_line' id='line_1_32' title="bbox 2092 1570 3693 1646; baseline -0.003 -19"><span class='ocrx_word' id='word_1_249' title='bbox 2092 1575 2187 1627; x_wconf 81' lang='grc' dir='ltr'>καὶ</span> <span class='ocrx_word' id='word_1_250' title='bbox 2240 1575 2575 1646; x_wconf 81' lang='grc' dir='ltr'>άμαρτῆσαι.</span> <span class='ocrx_word' id='word_1_251' title='bbox 2636 1575 2789 1643; x_wconf 82' lang='grc' dir='ltr'>Ὀρθ.</span> <span class='ocrx_word' id='word_1_252' title='bbox 2838 1574 2900 1627; x_wconf 81' lang='lat' dir='ltr'><strong>El</strong></span> <span class='ocrx_word' id='word_1_253' title='bbox 2943 1574 3017 1645; x_wconf 86' lang='grc' dir='ltr'>μὴ</span> <span class='ocrx_word' id='word_1_254' title='bbox 3064 1574 3239 1644; x_wconf 61' lang='grc' dir='ltr'><strong>⁴ἳξνωτο</strong></span> <span class='ocrx_word' id='word_1_255' title='bbox 3276 1575 3344 1643; x_wconf 80' lang='grc' dir='ltr'>τῇ</span> <span class='ocrx_word' id='word_1_256' title='bbox 3391 1570 3623 1640; x_wconf 80' lang='grc' dir='ltr'>θεότητι</span> <span class='ocrx_word' id='word_1_257' title='bbox 3666 1572 3693 1622; x_wconf 84' lang='lat'><strong>6</strong></span> 
     </span>
    </p>
   </div>
   <div class='ocr_carea' id='block_1_33' title="bbox 2093 1662 3689 1739">
    <p class='ocr_par' dir='ltr' id='par_1_33' title="bbox 2093 1662 3689 1739">
     <span class='ocr_line' id='line_1_33' title="bbox 2093 1662 3689 1739; baseline -0.003 -19"><span class='ocrx_word' id='word_1_258' title='bbox 2093 1667 2217 1731; x_wconf 92' lang='grc' dir='ltr'>νοῦς</span> <span class='ocrx_word' id='word_1_259' title='bbox 2241 1708 2255 1732; x_wconf 94' lang='grc'><strong>,</strong></span> <span class='ocrx_word' id='word_1_260' title='bbox 2286 1667 2394 1723; x_wconf 84' lang='grc' dir='ltr'>ναί.</span> <span class='ocrx_word' id='word_1_261' title='bbox 2413 1668 2658 1721; x_wconf 79' lang='grc' dir='ltr'><strong>Ἀπολλ.</strong></span> <span class='ocrx_word' id='word_1_262' title='bbox 2689 1668 2935 1739; x_wconf 77' lang='grc' dir='ltr'>Τρεπτὸς</span> <span class='ocrx_word' id='word_1_263' title='bbox 2958 1664 3051 1720; x_wconf 86' lang='grc' dir='ltr'><strong>οῦν</strong></span> <span class='ocrx_word' id='word_1_264' title='bbox 3074 1662 3140 1737; x_wconf 84' lang='grc' dir='ltr'>ἧν</span> <span class='ocrx_word' id='word_1_265' title='bbox 3159 1667 3187 1717; x_wconf 87' lang='lat'><strong>6</strong></span> <span class='ocrx_word' id='word_1_266' title='bbox 3215 1664 3488 1735; x_wconf 74' lang='grc' dir='ltr'>Χριστόςς</span> <span class='ocrx_word' id='word_1_267' title='bbox 3529 1665 3689 1730; x_wconf 82' lang='grc' dir='ltr'>Ὀρθ.</span> 
     </span>
    </p>
   </div>
   <div class='ocr_carea' id='block_1_34' title="bbox 400 1735 1983 1830">
    <p class='ocr_par' dir='ltr' id='par_1_34' title="bbox 400 1735 1978 1822">
     <span class='ocr_line' id='line_1_34' title="bbox 400 1735 1978 1822; baseline 0.007 -12"><span class='ocrx_word' id='word_1_268' title='bbox 400 1753 554 1810; x_wconf 83' lang='lat' dir='ltr'><strong>Orth.</strong></span> <span class='ocrx_word' id='word_1_269' title='bbox 592 1754 757 1822; x_wconf 90' lang='lat' dir='ltr'><strong>Sane,</strong></span> <span class='ocrx_word' id='word_1_270' title='bbox 808 1760 915 1815; x_wconf 90' lang='lat' dir='ltr'><strong>nisi</strong></span> <span class='ocrx_word' id='word_1_271' title='bbox 963 1760 1079 1814; x_wconf 58' lang='lat' dir='ltr'><strong>haec</strong></span> <span class='ocrx_word' id='word_1_272' title='bbox 1126 1776 1280 1817; x_wconf 88' lang='lat' dir='ltr'><strong>mens</strong></span> <span class='ocrx_word' id='word_1_273' title='bbox 1303 1735 1515 1817; x_wconf 38' lang='lat' dir='ltr'><strong>&#39;l‘uisset</strong></span> <span class='ocrx_word' id='word_1_274' title='bbox 1561 1735 1758 1818; x_wconf 77' lang='lat' dir='ltr'><strong>deitati</strong></span> <span class='ocrx_word' id='word_1_275' title='bbox 1802 1766 1978 1821; x_wconf 92' lang='lat' dir='ltr'><strong>unita.</strong></span> 
     </span>
    </p>
   </div>
   <div class='ocr_carea' id='block_1_35' title="bbox 2087 1735 3687 1830">
    <p class='ocr_par' dir='ltr' id='par_1_35' title="bbox 2089 1735 3687 1830">
     <span class='ocr_line' id='line_1_35' title="bbox 2089 1735 3687 1830; baseline -0.006 -18"><span class='ocrx_word' id='word_1_276' title='bbox 2089 1759 2181 1830; x_wconf 84' lang='grc' dir='ltr'><strong>Μὴ</strong></span> <span class='ocrx_word' id='word_1_277' title='bbox 2202 1760 2409 1827; x_wconf 85' lang='grc' dir='ltr'>γένοιτο</span> <span class='ocrx_word' id='word_1_278' title='bbox 2430 1758 2442 1810; x_wconf 81' lang='grc' dir='ltr'><strong>ί</strong></span> <span class='ocrx_word' id='word_1_279' title='bbox 2462 1759 2709 1813; x_wconf 77' lang='grc' dir='ltr'><strong>Ἀπολλ.</strong></span> <span class='ocrx_word' id='word_1_280' title='bbox 2738 1735 2799 1811; x_wconf 66' lang='grc' dir='ltr'><strong>Εἰ</strong></span> <span class='ocrx_word' id='word_1_281' title='bbox 2838 1757 3057 1812; x_wconf 77' lang='grc' dir='ltr'>ἐδύνατο</span> <span class='ocrx_word' id='word_1_282' title='bbox 3084 1735 3418 1827; x_wconf 69' lang='grc' dir='ltr'>άμαρτῆσαι,</span> <span class='ocrx_word' id='word_1_283' title='bbox 3446 1752 3687 1825; x_wconf 63' lang='grc' dir='ltr'>τρεπτὰ,</span> 
     </span>
    </p>
   </div>
   <div class='ocr_carea' id='block_1_36' title="bbox 394 1847 1979 1921">
    <p class='ocr_par' dir='ltr' id='par_1_36' title="bbox 394 1847 1979 1921">
     <span class='ocr_line' id='line_1_36' title="bbox 394 1847 1979 1921; baseline 0.008 -21"><span class='ocrx_word' id='word_1_284' title='bbox 394 1847 573 1917; x_wconf 82' lang='lat' dir='ltr'><strong>Apoll.</strong></span> <span class='ocrx_word' id='word_1_285' title='bbox 621 1847 898 1905; x_wconf 78' lang='lat' dir='ltr'><strong>Mutabilis</strong></span> <span class='ocrx_word' id='word_1_286' title='bbox 929 1866 1060 1921; x_wconf 72' lang='lat' dir='ltr'><strong>ergo</strong></span> <span class='ocrx_word' id='word_1_287' title='bbox 1104 1851 1206 1906; x_wconf 83' lang='lat' dir='ltr'><strong>fuit</strong></span> <span class='ocrx_word' id='word_1_288' title='bbox 1263 1853 1563 1909; x_wconf 86' lang='lat' dir='ltr'><strong>Christus?</strong></span> <span class='ocrx_word' id='word_1_289' title='bbox 1595 1853 1750 1911; x_wconf 81' lang='lat' dir='ltr'><strong>Orlh.</strong></span> <span class='ocrx_word' id='word_1_290' title='bbox 1785 1857 1979 1913; x_wconf 80' lang='lat' dir='ltr'><strong>Absit!</strong></span> 
     </span>
    </p>
   </div>
   <div class='ocr_carea' id='block_1_37' title="bbox 392 1939 1987 2014">
    <p class='ocr_par' dir='ltr' id='par_1_37' title="bbox 392 1939 1987 2014">
     <span class='ocr_line' id='line_1_37' title="bbox 392 1939 1987 2014; baseline 0.007 -20"><span class='ocrx_word' id='word_1_291' title='bbox 392 1939 575 2007; x_wconf 80' lang='lat' dir='ltr'><strong>Apoll.</strong></span> <span class='ocrx_word' id='word_1_292' title='bbox 609 1940 665 1995; x_wconf 93' lang='lat' dir='ltr'><strong>Si</strong></span> <span class='ocrx_word' id='word_1_293' title='bbox 695 1943 873 2012; x_wconf 90' lang='lat' dir='ltr'><strong>potuit</strong></span> <span class='ocrx_word' id='word_1_294' title='bbox 906 1958 1158 2014; x_wconf 88' lang='lat' dir='ltr'><strong>peccare.</strong></span> <span class='ocrx_word' id='word_1_295' title='bbox 1190 1946 1469 2001; x_wconf 86' lang='lat' dir='ltr'><strong>mutabilis</strong></span> <span class='ocrx_word' id='word_1_296' title='bbox 1509 1956 1647 2003; x_wconf 87' lang='lat' dir='ltr'><strong>erat.</strong></span> <span class='ocrx_word' id='word_1_297' title='bbox 1687 1949 1842 2006; x_wconf 80' lang='lat' dir='ltr'><strong>Orlh.</strong></span> <span class='ocrx_word' id='word_1_298' title='bbox 1877 1950 1987 2005; x_wconf 81' lang='lat' dir='ltr'><strong>Me-</strong></span> 
     </span>
    </p>
   </div>
   <div class='ocr_carea' id='block_1_38' title="bbox 395 2031 1989 2104">
    <p class='ocr_par' dir='ltr' id='par_1_38' title="bbox 395 2031 1989 2104">
     <span class='ocr_line' id='line_1_38' title="bbox 395 2031 1989 2104; baseline 0.004 -20"><span class='ocrx_word' id='word_1_299' title='bbox 395 2031 626 2087; x_wconf 87' lang='lat' dir='ltr'><strong>mineris</strong></span> <span class='ocrx_word' id='word_1_300' title='bbox 692 2048 883 2086; x_wconf 91' lang='lat' dir='ltr'><strong>eorum</strong></span> <span class='ocrx_word' id='word_1_301' title='bbox 956 2050 1077 2104; x_wconf 64' lang='lat' dir='ltr'><strong>quae</strong></span> <span class='ocrx_word' id='word_1_302' title='bbox 1132 2035 1391 2091; x_wconf 77' lang='lat' dir='ltr'><strong>diximus.</strong></span> <span class='ocrx_word' id='word_1_303' title='bbox 1454 2035 1577 2092; x_wconf 81' lang='lat' dir='ltr'><strong>Dixi</strong></span> <span class='ocrx_word' id='word_1_304' title='bbox 1628 2039 1775 2094; x_wconf 89' lang='lat' dir='ltr'><strong>enim</strong></span> <span class='ocrx_word' id='word_1_305' title='bbox 1818 2056 1831 2092; x_wconf 91' lang='lat'><strong>:</strong></span> <span class='ocrx_word' id='word_1_306' title='bbox 1872 2037 1989 2094; x_wconf 82' lang='lat' dir='ltr'><strong>Nisi</strong></span> 
     </span>
    </p>
   </div>
   <div class='ocr_carea' id='block_1_39' title="bbox 396 2119 1987 2187">
    <p class='ocr_par' dir='ltr' id='par_1_39' title="bbox 396 2119 1987 2187">
     <span class='ocr_line' id='line_1_39' title="bbox 396 2119 1987 2187; baseline 0.008 -13"><span class='ocrx_word' id='word_1_307' title='bbox 396 2119 592 2178; x_wconf 77' lang='lat' dir='ltr'><strong>fuisset</strong></span> <span class='ocrx_word' id='word_1_308' title='bbox 627 2122 817 2178; x_wconf 86' lang='lat' dir='ltr'><strong>deitati</strong></span> <span class='ocrx_word' id='word_1_309' title='bbox 859 2125 1067 2181; x_wconf 92' lang='lat' dir='ltr'><strong>unitus.</strong></span> <span class='ocrx_word' id='word_1_310' title='bbox 1120 2124 1282 2183; x_wconf 80' lang='lat' dir='ltr'><strong>Jesus</strong></span> <span class='ocrx_word' id='word_1_311' title='bbox 1337 2127 1593 2185; x_wconf 82' lang='lat' dir='ltr'><strong>Christus</strong></span> <span class='ocrx_word' id='word_1_312' title='bbox 1647 2138 1829 2186; x_wconf 91' lang='lat' dir='ltr'><strong>autem</strong></span> <span class='ocrx_word' id='word_1_313' title='bbox 1878 2147 1987 2187; x_wconf 87' lang='lat' dir='ltr'><strong>non</strong></span> 
     </span>
    </p>
   </div>
   <div class='ocr_carea' id='block_1_40' title="bbox 396 2215 1987 2286">
    <p class='ocr_par' dir='ltr' id='par_1_40' title="bbox 396 2215 1987 2286">
     <span class='ocr_line' id='line_1_40' title="bbox 396 2215 1987 2286; baseline 0.008 -18"><span class='ocrx_word' id='word_1_314' title='bbox 396 2215 721 2286; x_wconf 78' lang='lat' dir='ltr'><strong>intelligitur</strong></span> <span class='ocrx_word' id='word_1_315' title='bbox 760 2216 879 2272; x_wconf 91' lang='lat' dir='ltr'><strong>sine</strong></span> <span class='ocrx_word' id='word_1_316' title='bbox 918 2218 1167 2274; x_wconf 88' lang='lat' dir='ltr'><strong>unitione</strong></span> <span class='ocrx_word' id='word_1_317' title='bbox 1209 2217 1371 2274; x_wconf 75' lang='lat' dir='ltr'><strong>Jesus</strong></span> <span class='ocrx_word' id='word_1_318' title='bbox 1417 2220 1694 2286; x_wconf 78' lang='lat' dir='ltr'><strong>Christus,</strong></span> <span class='ocrx_word' id='word_1_319' title='bbox 1718 2222 1815 2277; x_wconf 88' lang='lat' dir='ltr'><strong>sed</strong></span> <span class='ocrx_word' id='word_1_320' title='bbox 1843 2222 1987 2280; x_wconf 86' lang='lat' dir='ltr'><strong>Deus</strong></span> 
     </span>
    </p>
   </div>
   <div class='ocr_carea' id='block_1_41' title="bbox 395 2299 1986 2381">
    <p class='ocr_par' dir='ltr' id='par_1_41' title="bbox 395 2299 1986 2381">
     <span class='ocr_line' id='line_1_41' title="bbox 395 2299 1986 2381; baseline 0.009 -26"><span class='ocrx_word' id='word_1_321' title='bbox 395 2299 847 2368; x_wconf 87' lang='lat' dir='ltr'><strong>Verbum,Filius</strong></span> <span class='ocrx_word' id='word_1_322' title='bbox 877 2303 972 2360; x_wconf 89' lang='lat' dir='ltr'><strong>Dei</strong></span> <span class='ocrx_word' id='word_1_323' title='bbox 1003 2307 1331 2363; x_wconf 84' lang='lat' dir='ltr'><strong>subsistens.</strong></span> <span class='ocrx_word' id='word_1_324' title='bbox 1368 2306 1425 2363; x_wconf 91' lang='lat' dir='ltr'><strong>Si</strong></span> <span class='ocrx_word' id='word_1_325' title='bbox 1447 2325 1649 2381; x_wconf 88' lang='lat' dir='ltr'><strong>corpus</strong></span> <span class='ocrx_word' id='word_1_326' title='bbox 1681 2314 1986 2369; x_wconf 90' lang='lat' dir='ltr'><strong>animatum</strong></span> 
     </span>
    </p>
   </div>
   <div class='ocr_carea' id='block_1_42' title="bbox 394 2395 1981 2474">
    <p class='ocr_par' dir='ltr' id='par_1_42' title="bbox 394 2395 1981 2474">
     <span class='ocr_line' id='line_1_42' title="bbox 394 2395 1981 2474; baseline 0.006 -28"><span class='ocrx_word' id='word_1_327' title='bbox 394 2401 552 2464; x_wconf 88' lang='lat' dir='ltr'><strong>potes</strong></span> <span class='ocrx_word' id='word_1_328' title='bbox 580 2395 789 2466; x_wconf 86' lang='lat' dir='ltr'><strong>absque</strong></span> <span class='ocrx_word' id='word_1_329' title='bbox 812 2397 1061 2454; x_wconf 90' lang='lat' dir='ltr'><strong>unitione</strong></span> <span class='ocrx_word' id='word_1_330' title='bbox 1091 2399 1358 2461; x_wconf 76' lang='lat' dir='ltr'><strong>invenire,</strong></span> <span class='ocrx_word' id='word_1_331' title='bbox 1381 2403 1739 2455; x_wconf 84' lang='lat' dir='ltr'><strong>mutationem</strong></span> <span class='ocrx_word' id='word_1_332' title='bbox 1771 2404 1981 2474; x_wconf 82' lang='lat' dir='ltr'><strong>cogita:</strong></span> 
     </span>
    </p>
   </div>
   <div class='ocr_carea' id='block_1_43' title="bbox 394 2486 1981 2562">
    <p class='ocr_par' dir='ltr' id='par_1_43' title="bbox 394 2486 1981 2562">
     <span class='ocr_line' id='line_1_43' title="bbox 394 2486 1981 2562; baseline 0.005 -21"><span class='ocrx_word' id='word_1_333' title='bbox 394 2486 481 2541; x_wconf 87' lang='lat' dir='ltr'><strong>sin</strong></span> <span class='ocrx_word' id='word_1_334' title='bbox 511 2494 694 2540; x_wconf 89' lang='lat' dir='ltr'><strong>autem</strong></span> <span class='ocrx_word' id='word_1_335' title='bbox 729 2488 891 2543; x_wconf 91' lang='lat' dir='ltr'><strong>simul</strong></span> <span class='ocrx_word' id='word_1_336' title='bbox 923 2486 1027 2543; x_wconf 81' lang='lat' dir='ltr'><strong>fuit</strong></span> <span class='ocrx_word' id='word_1_337' title='bbox 1078 2503 1302 2559; x_wconf 87' lang='lat' dir='ltr'><strong>corpus,</strong></span> <span class='ocrx_word' id='word_1_338' title='bbox 1352 2496 1406 2544; x_wconf 90' lang='lat' dir='ltr'><strong>et</strong></span> <span class='ocrx_word' id='word_1_339' title='bbox 1439 2489 1531 2545; x_wconf 90' lang='lat' dir='ltr'><strong>Dei</strong></span> <span class='ocrx_word' id='word_1_340' title='bbox 1564 2489 1727 2546; x_wconf 85' lang='lat' dir='ltr'><strong>Verbi</strong></span> <span class='ocrx_word' id='word_1_341' title='bbox 1757 2507 1981 2562; x_wconf 90' lang='lat' dir='ltr'><strong>corpus,</strong></span> 
     </span>
    </p>
   </div>
   <div class='ocr_carea' id='block_1_44' title="bbox 392 2576 1986 2649">
    <p class='ocr_par' dir='ltr' id='par_1_44' title="bbox 392 2576 1986 2649">
     <span class='ocr_line' id='line_1_44' title="bbox 392 2576 1986 2649; baseline 0.002 -18"><span class='ocrx_word' id='word_1_342' title='bbox 392 2582 449 2631; x_wconf 88' lang='lat' dir='ltr'><strong>et</strong></span> <span class='ocrx_word' id='word_1_343' title='bbox 499 2576 664 2631; x_wconf 90' lang='lat' dir='ltr'><strong>simul</strong></span> <span class='ocrx_word' id='word_1_344' title='bbox 709 2576 815 2630; x_wconf 81' lang='lat' dir='ltr'><strong>fuit</strong></span> <span class='ocrx_word' id='word_1_345' title='bbox 852 2577 1152 2632; x_wconf 85' lang='lat' dir='ltr'><strong>animatum</strong></span> <span class='ocrx_word' id='word_1_346' title='bbox 1204 2577 1436 2633; x_wconf 89' lang='lat' dir='ltr'><strong>rationis</strong></span> <span class='ocrx_word' id='word_1_347' title='bbox 1472 2579 1781 2649; x_wconf 87' lang='lat' dir='ltr'><strong>particeps,</strong></span> <span class='ocrx_word' id='word_1_348' title='bbox 1820 2581 1986 2635; x_wconf 91' lang='lat' dir='ltr'><strong>simul</strong></span> 
     </span>
    </p>
   </div>
   <div class='ocr_carea' id='block_1_45' title="bbox 392 2658 1982 2741">
    <p class='ocr_par' dir='ltr' id='par_1_45' title="bbox 392 2658 1982 2741">
     <span class='ocr_line' id='line_1_45' title="bbox 392 2658 1982 2741; baseline 0.004 -23"><span class='ocrx_word' id='word_1_349' title='bbox 392 2658 491 2721; x_wconf 83' lang='lat' dir='ltr'><strong>Dei</strong></span> <span class='ocrx_word' id='word_1_350' title='bbox 526 2664 684 2721; x_wconf 87' lang='lat' dir='ltr'><strong>Verbi</strong></span> <span class='ocrx_word' id='word_1_351' title='bbox 713 2682 916 2738; x_wconf 92' lang='lat' dir='ltr'><strong>corpus</strong></span> <span class='ocrx_word' id='word_1_352' title='bbox 942 2668 1270 2735; x_wconf 89' lang='lat' dir='ltr'><strong>animatum,</strong></span> <span class='ocrx_word' id='word_1_353' title='bbox 1302 2684 1367 2724; x_wconf 88' lang='lat' dir='ltr'><strong>ac</strong></span> <span class='ocrx_word' id='word_1_354' title='bbox 1410 2670 1643 2724; x_wconf 88' lang='lat' dir='ltr'><strong>rationis</strong></span> <span class='ocrx_word' id='word_1_355' title='bbox 1684 2671 1982 2741; x_wconf 88' lang='lat' dir='ltr'><strong>particeps,</strong></span> 
     </span>
    </p>
   </div>
   <div class='ocr_carea' id='block_1_46' title="bbox 395 2760 1987 2830">
    <p class='ocr_par' dir='ltr' id='par_1_46' title="bbox 395 2760 1987 2830">
     <span class='ocr_line' id='line_1_46' title="bbox 395 2760 1987 2830; baseline 0.004 -18"><span class='ocrx_word' id='word_1_356' title='bbox 395 2760 669 2830; x_wconf 66' lang='lat' dir='ltr'><strong>quaerisne</strong></span> <span class='ocrx_word' id='word_1_357' title='bbox 719 2762 1081 2816; x_wconf 86' lang='lat' dir='ltr'><strong>mutationem</strong></span> <span class='ocrx_word' id='word_1_358' title='bbox 1111 2761 1135 2815; x_wconf 77' lang='lat' dir='ltr'><strong>‘l</strong></span> <span class='ocrx_word' id='word_1_359' title='bbox 1163 2761 1341 2829; x_wconf 77' lang='lat' dir='ltr'><strong>Apoll.</strong></span> <span class='ocrx_word' id='word_1_360' title='bbox 1372 2762 1426 2816; x_wconf 91' lang='lat' dir='ltr'><strong>Si</strong></span> <span class='ocrx_word' id='word_1_361' title='bbox 1464 2773 1704 2817; x_wconf 88' lang='lat' dir='ltr'><strong>mentem</strong></span> <span class='ocrx_word' id='word_1_362' title='bbox 1747 2764 1987 2821; x_wconf 83' lang='lat' dir='ltr'><strong>hominis</strong></span> 
     </span>
    </p>
   </div>
   <div class='ocr_carea' id='block_1_47' title="bbox 394 2848 1988 2925">
    <p class='ocr_par' dir='ltr' id='par_1_47' title="bbox 394 2848 1988 2925">
     <span class='ocr_line' id='line_1_47' title="bbox 394 2848 1988 2925; baseline 0.004 -22"><span class='ocrx_word' id='word_1_363' title='bbox 394 2848 589 2904; x_wconf 88' lang='lat' dir='ltr'><strong>habuit</strong></span> <span class='ocrx_word' id='word_1_364' title='bbox 614 2850 890 2914; x_wconf 88' lang='lat' dir='ltr'><strong>Christus,</strong></span> <span class='ocrx_word' id='word_1_365' title='bbox 911 2850 1014 2904; x_wconf 84' lang='lat' dir='ltr'><strong>fuit</strong></span> <span class='ocrx_word' id='word_1_366' title='bbox 1043 2866 1261 2922; x_wconf 90' lang='lat' dir='ltr'><strong>quoque</strong></span> <span class='ocrx_word' id='word_1_367' title='bbox 1289 2853 1550 2907; x_wconf 83' lang='lat' dir='ltr'><strong>oblivioni</strong></span> <span class='ocrx_word' id='word_1_368' title='bbox 1578 2862 1633 2910; x_wconf 89' lang='lat' dir='ltr'><strong>et</strong></span> <span class='ocrx_word' id='word_1_369' title='bbox 1664 2854 1988 2925; x_wconf 70' lang='lat' dir='ltr'><strong>ignorantiae</strong></span> 
     </span>
    </p>
   </div>
   <div class='ocr_carea' id='block_1_48' title="bbox 394 2940 1988 3026">
    <p class='ocr_par' dir='ltr' id='par_1_48' title="bbox 394 2940 1988 3026">
     <span class='ocr_line' id='line_1_48' title="bbox 394 2940 1988 3026; baseline 0.003 -30"><span class='ocrx_word' id='word_1_370' title='bbox 394 2940 692 3006; x_wconf 77' lang='lat' dir='ltr'><strong>obnoxius,</strong></span> <span class='ocrx_word' id='word_1_371' title='bbox 717 2948 772 2996; x_wconf 91' lang='lat' dir='ltr'><strong>et</strong></span> <span class='ocrx_word' id='word_1_372' title='bbox 820 2957 1053 3012; x_wconf 89' lang='lat' dir='ltr'><strong>peccare</strong></span> <span class='ocrx_word' id='word_1_373' title='bbox 1086 2944 1285 3012; x_wconf 91' lang='lat' dir='ltr'><strong>potuit.</strong></span> <span class='ocrx_word' id='word_1_374' title='bbox 1322 2941 1477 3000; x_wconf 82' lang='lat' dir='ltr'><strong>Orlh.</strong></span> <span class='ocrx_word' id='word_1_375' title='bbox 1523 2943 1688 3026; x_wconf 76' lang='lat' dir='ltr'><strong>sane,</strong></span> <span class='ocrx_word' id='word_1_376' title='bbox 1720 2946 1827 3002; x_wconf 90' lang='lat' dir='ltr'><strong>nisi</strong></span> <span class='ocrx_word' id='word_1_377' title='bbox 1873 2947 1988 3001; x_wconf 87' lang='lat' dir='ltr'><strong>dei-</strong></span> 
     </span>
    </p>
   </div>
   <div class='ocr_carea' id='block_1_49' title="bbox 2087 1834 3686 1920">
    <p class='ocr_par' dir='ltr' id='par_1_49' title="bbox 2087 1834 3686 1920">
     <span class='ocr_line' id='line_1_49' title="bbox 2087 1834 3686 1920; baseline -0.003 -19"><span class='ocrx_word' id='word_1_378' title='bbox 2087 1845 2176 1920; x_wconf 79' lang='grc' dir='ltr'><strong>ἦν.</strong></span> <span class='ocrx_word' id='word_1_379' title='bbox 2228 1834 2390 1917; x_wconf 58' lang='grc' dir='ltr'>Ὀρθί</span> <span class='ocrx_word' id='word_1_380' title='bbox 2429 1848 2750 1919; x_wconf 80' lang='grc' dir='ltr'>Μνημόνευε</span> <span class='ocrx_word' id='word_1_381' title='bbox 2791 1847 2901 1901; x_wconf 84' lang='grc' dir='ltr'><strong>τῶν</strong></span> <span class='ocrx_word' id='word_1_382' title='bbox 2945 1847 3269 1919; x_wconf 81' lang='grc' dir='ltr'>εἰρημένων.</span> <span class='ocrx_word' id='word_1_383' title='bbox 3323 1840 3499 1897; x_wconf 82' lang='grc' dir='ltr'>Εἶπον</span> <span class='ocrx_word' id='word_1_384' title='bbox 3539 1844 3686 1914; x_wconf 77' lang='grc' dir='ltr'>γάρ·</span> 
     </span>
    </p>
   </div>
   <div class='ocr_carea' id='block_1_50' title="bbox 2092 1936 3686 2013">
    <p class='ocr_par' dir='ltr' id='par_1_50' title="bbox 2092 1936 3686 2013">
     <span class='ocr_line' id='line_1_50' title="bbox 2092 1936 3686 2013; baseline -0.004 -18"><span class='ocrx_word' id='word_1_385' title='bbox 2092 1943 2156 1995; x_wconf 82' lang='lat' dir='ltr'><strong>Ei</strong></span> <span class='ocrx_word' id='word_1_386' title='bbox 2186 1942 2259 2013; x_wconf 85' lang='grc' dir='ltr'><strong>μὴ</strong></span> <span class='ocrx_word' id='word_1_387' title='bbox 2285 1943 2480 2012; x_wconf 78' lang='grc' dir='ltr'>ἤνωτο,</span> <span class='ocrx_word' id='word_1_388' title='bbox 2514 1941 2623 1995; x_wconf 89' lang='grc' dir='ltr'>ναί.</span> <span class='ocrx_word' id='word_1_389' title='bbox 2671 1941 2878 2012; x_wconf 83' lang='grc' dir='ltr'>Ἰησοῦς</span> <span class='ocrx_word' id='word_1_390' title='bbox 2905 1940 2961 1993; x_wconf 83' lang='grc' dir='ltr'><strong>δὲ</strong></span> <span class='ocrx_word' id='word_1_391' title='bbox 3008 1939 3240 2011; x_wconf 81' lang='grc' dir='ltr'>Χριστὸς</span> <span class='ocrx_word' id='word_1_392' title='bbox 3272 1939 3401 1993; x_wconf 82' lang='grc' dir='ltr'>ἄνευ</span> <span class='ocrx_word' id='word_1_393' title='bbox 3433 1936 3686 2000; x_wconf 78' lang='grc' dir='ltr'>ὲνὼσεως</span> 
     </span>
    </p>
   </div>
   <div class='ocr_carea' id='block_1_51' title="bbox 2094 2030 3687 2105">
    <p class='ocr_par' dir='ltr' id='par_1_51' title="bbox 2094 2030 3687 2105">
     <span class='ocr_line' id='line_1_51' title="bbox 2094 2030 3687 2105; baseline -0.004 -17"><span class='ocrx_word' id='word_1_394' title='bbox 2094 2036 2155 2088; x_wconf 83' lang='grc' dir='ltr'><strong>οὐ</strong></span> <span class='ocrx_word' id='word_1_395' title='bbox 2189 2038 2387 2089; x_wconf 79' lang='grc' dir='ltr'>νοεῖται</span> <span class='ocrx_word' id='word_1_396' title='bbox 2420 2034 2654 2105; x_wconf 85' lang='grc' dir='ltr'>Χριστὸς</span> <span class='ocrx_word' id='word_1_397' title='bbox 2700 2032 2926 2105; x_wconf 84' lang='grc' dir='ltr'>Ἰησοῦς,</span> <span class='ocrx_word' id='word_1_398' title='bbox 2974 2032 3111 2087; x_wconf 82' lang='grc' dir='ltr'>ἀλλά</span> <span class='ocrx_word' id='word_1_399' title='bbox 3148 2031 3281 2095; x_wconf 83' lang='grc' dir='ltr'>Θεὸς</span> <span class='ocrx_word' id='word_1_400' title='bbox 3321 2031 3526 2099; x_wconf 87' lang='grc' dir='ltr'>Λόγος,</span> <span class='ocrx_word' id='word_1_401' title='bbox 3558 2030 3687 2093; x_wconf 79' lang='grc' dir='ltr'>Υἱὸς</span> 
     </span>
    </p>
   </div>
   <div class='ocr_carea' id='block_1_52' title="bbox 2091 2119 3689 2193">
    <p class='ocr_par' dir='ltr' id='par_1_52' title="bbox 2091 2119 3689 2193">
     <span class='ocr_line' id='line_1_52' title="bbox 2091 2119 3689 2193; baseline -0.001 -20"><span class='ocrx_word' id='word_1_402' title='bbox 2091 2120 2228 2173; x_wconf 84' lang='grc' dir='ltr'>Θεοῦ</span> <span class='ocrx_word' id='word_1_403' title='bbox 2259 2120 2642 2184; x_wconf 77' lang='grc' dir='ltr'>ὲνυπόστατος.</span> <span class='ocrx_word' id='word_1_404' title='bbox 2677 2121 2739 2174; x_wconf 80' lang='lat' dir='ltr'><strong>El</strong></span> <span class='ocrx_word' id='word_1_405' title='bbox 2782 2120 2911 2193; x_wconf 80' lang='grc' dir='ltr'>δύνῃ</span> <span class='ocrx_word' id='word_1_406' title='bbox 2945 2121 3124 2192; x_wconf 81' lang='grc' dir='ltr'>εὑρεῖν</span> <span class='ocrx_word' id='word_1_407' title='bbox 3146 2120 3205 2173; x_wconf 85' lang='grc' dir='ltr'><strong>τὸ</strong></span> <span class='ocrx_word' id='word_1_408' title='bbox 3236 2119 3487 2191; x_wconf 75' lang='grc' dir='ltr'>ἔμψυχον</span> <span class='ocrx_word' id='word_1_409' title='bbox 3529 2119 3689 2190; x_wconf 80' lang='grc' dir='ltr'>σῶμα</span> 
     </span>
    </p>
   </div>
   <div class='ocr_carea' id='block_1_53' title="bbox 2092 2211 3690 2284">
    <p class='ocr_par' dir='ltr' id='par_1_53' title="bbox 2092 2211 3690 2284">
     <span class='ocr_line' id='line_1_53' title="bbox 2092 2211 3690 2284; baseline -0.001 -18"><span class='ocrx_word' id='word_1_410' title='bbox 2092 2213 2222 2267; x_wconf 80' lang='grc' dir='ltr'>ἄνευ</span> <span class='ocrx_word' id='word_1_411' title='bbox 2256 2211 2523 2278; x_wconf 81' lang='grc' dir='ltr'>ὲνώσεως,</span> <span class='ocrx_word' id='word_1_412' title='bbox 2555 2213 2723 2266; x_wconf 75' lang='grc' dir='ltr'>ἐννόει</span> <span class='ocrx_word' id='word_1_413' title='bbox 2755 2216 2991 2284; x_wconf 77' lang='grc' dir='ltr'>τροπήν·</span> <span class='ocrx_word' id='word_1_414' title='bbox 3027 2215 3074 2266; x_wconf 85' lang='grc' dir='ltr'><strong>εί</strong></span> <span class='ocrx_word' id='word_1_415' title='bbox 3118 2211 3174 2264; x_wconf 84' lang='grc' dir='ltr'><strong>δὲ</strong></span> <span class='ocrx_word' id='word_1_416' title='bbox 3208 2213 3326 2284; x_wconf 82' lang='grc' dir='ltr'><strong>ἅμα</strong></span> <span class='ocrx_word' id='word_1_417' title='bbox 3354 2211 3542 2283; x_wconf 83' lang='grc' dir='ltr'>σῶμα,</span> <span class='ocrx_word' id='word_1_418' title='bbox 3573 2212 3690 2281; x_wconf 71' lang='grc' dir='ltr'><strong>ἅμα</strong></span> 
     </span>
    </p>
   </div>
   <div class='ocr_carea' id='block_1_54' title="bbox 2090 2303 3688 2381">
    <p class='ocr_par' dir='ltr' id='par_1_54' title="bbox 2090 2303 3688 2381">
     <span class='ocr_line' id='line_1_54' title="bbox 2090 2303 3688 2381; baseline -0.001 -23"><span class='ocrx_word' id='word_1_419' title='bbox 2090 2304 2226 2359; x_wconf 86' lang='grc' dir='ltr'>Θεοῦ</span> <span class='ocrx_word' id='word_1_420' title='bbox 2276 2304 2449 2373; x_wconf 82' lang='grc' dir='ltr'>Λόγου</span> <span class='ocrx_word' id='word_1_421' title='bbox 2488 2305 2668 2375; x_wconf 83' lang='grc' dir='ltr'>σῶμα,</span> <span class='ocrx_word' id='word_1_422' title='bbox 2708 2304 2802 2358; x_wconf 79' lang='grc' dir='ltr'><strong>καὶ</strong></span> <span class='ocrx_word' id='word_1_423' title='bbox 2843 2305 2961 2374; x_wconf 75' lang='grc' dir='ltr'><strong>ἅμα</strong></span> <span class='ocrx_word' id='word_1_424' title='bbox 3002 2304 3243 2375; x_wconf 71' lang='grc' dir='ltr'>ἔμψυχον</span> <span class='ocrx_word' id='word_1_425' title='bbox 3289 2303 3540 2372; x_wconf 76' lang='grc' dir='ltr'>λογικὸν,</span> <span class='ocrx_word' id='word_1_426' title='bbox 3572 2304 3688 2381; x_wconf 71' lang='grc' dir='ltr'>ἃμα</span> 
     </span>
    </p>
   </div>
   <div class='ocr_carea' id='block_1_55' title="bbox 2090 2395 3689 2468">
    <p class='ocr_par' dir='ltr' id='par_1_55' title="bbox 2090 2395 3689 2468">
     <span class='ocr_line' id='line_1_55' title="bbox 2090 2395 3689 2468; baseline -0.001 -18"><span class='ocrx_word' id='word_1_427' title='bbox 2090 2397 2224 2451; x_wconf 84' lang='grc' dir='ltr'>Θεοῦ</span> <span class='ocrx_word' id='word_1_428' title='bbox 2252 2398 2426 2465; x_wconf 84' lang='grc' dir='ltr'>Λόγου</span> <span class='ocrx_word' id='word_1_429' title='bbox 2463 2397 2575 2467; x_wconf 69' lang='grc'>(68)</span> <span class='ocrx_word' id='word_1_430' title='bbox 2608 2397 2766 2468; x_wconf 84' lang='grc' dir='ltr'>σῶμα</span> <span class='ocrx_word' id='word_1_431' title='bbox 2796 2395 3038 2468; x_wconf 66' lang='grc' dir='ltr'>ἔμψυχον</span> <span class='ocrx_word' id='word_1_432' title='bbox 3070 2396 3304 2465; x_wconf 86' lang='grc' dir='ltr'>λογικὸν,</span> <span class='ocrx_word' id='word_1_433' title='bbox 3343 2395 3536 2468; x_wconf 49' lang='lat' dir='ltr'><strong>gnat-57.;</strong></span> <span class='ocrx_word' id='word_1_434' title='bbox 3565 2412 3689 2468; x_wconf 81' lang='grc' dir='ltr'>τρο-</span> 
     </span>
    </p>
   </div>
   <div class='ocr_carea' id='block_1_56' title="bbox 2091 2481 3687 2559">
    <p class='ocr_par' dir='ltr' id='par_1_56' title="bbox 2091 2481 3687 2559">
     <span class='ocr_line' id='line_1_56' title="bbox 2091 2481 3687 2559; baseline -0.002 -19"><span class='ocrx_word' id='word_1_435' title='bbox 2091 2488 2197 2559; x_wconf 76' lang='grc' dir='ltr'>πήν</span> <span class='ocrx_word' id='word_1_436' title='bbox 2217 2504 2230 2551; x_wconf 92' lang='grc'><strong>;</strong></span> <span class='ocrx_word' id='word_1_437' title='bbox 2249 2489 2495 2541; x_wconf 72' lang='grc' dir='ltr'><strong>Ἀπολλ.</strong></span> <span class='ocrx_word' id='word_1_438' title='bbox 2524 2487 2587 2539; x_wconf 85' lang='lat' dir='ltr'><strong>Ei</strong></span> <span class='ocrx_word' id='word_1_439' title='bbox 2618 2484 2740 2539; x_wconf 89' lang='grc' dir='ltr'>νοῦν</span> <span class='ocrx_word' id='word_1_440' title='bbox 2770 2485 3060 2558; x_wconf 85' lang='grc' dir='ltr'>ἀνθρώπου</span> <span class='ocrx_word' id='word_1_441' title='bbox 3085 2481 3231 2557; x_wconf 77' lang='grc' dir='ltr'>εἶχεν</span> <span class='ocrx_word' id='word_1_442' title='bbox 3257 2486 3570 2557; x_wconf 69' lang='grc' dir='ltr'>ὸΧριστὸς,</span> <span class='ocrx_word' id='word_1_443' title='bbox 3593 2485 3687 2537; x_wconf 78' lang='grc' dir='ltr'>καὶ</span> 
     </span>
    </p>
   </div>
   <div class='ocr_carea' id='block_1_57' title="bbox 2089 2575 3681 2651">
    <p class='ocr_par' dir='ltr' id='par_1_57' title="bbox 2089 2575 3681 2651">
     <span class='ocr_line' id='line_1_57' title="bbox 2089 2575 3681 2651; baseline -0.002 -18"><span class='ocrx_word' id='word_1_444' title='bbox 2089 2579 2259 2651; x_wconf 84' lang='grc' dir='ltr'>λήθην</span> <span class='ocrx_word' id='word_1_445' title='bbox 2288 2582 2379 2632; x_wconf 81' lang='grc' dir='ltr'><strong>καὶ</strong></span> <span class='ocrx_word' id='word_1_446' title='bbox 2428 2580 2649 2648; x_wconf 80' lang='grc' dir='ltr'>ἄγνοιαν</span> <span class='ocrx_word' id='word_1_447' title='bbox 2698 2575 2861 2650; x_wconf 78' lang='grc' dir='ltr'>εἶχεν,</span> <span class='ocrx_word' id='word_1_448' title='bbox 2897 2580 2992 2632; x_wconf 78' lang='grc' dir='ltr'><strong>καὶ</strong></span> <span class='ocrx_word' id='word_1_449' title='bbox 3044 2578 3381 2650; x_wconf 82' lang='grc' dir='ltr'>ἁμαρτάνειν</span> <span class='ocrx_word' id='word_1_450' title='bbox 3432 2578 3681 2631; x_wconf 71' lang='grc' dir='ltr'>ἐδύνατο.</span> 
     </span>
    </p>
   </div>
   <div class='ocr_carea' id='block_1_58' title="bbox 2101 2670 3681 2744">
    <p class='ocr_par' dir='ltr' id='par_1_58' title="bbox 2101 2670 3681 2744">
     <span class='ocr_line' id='line_1_58' title="bbox 2101 2670 3681 2744; baseline -0.002 -19"><span class='ocrx_word' id='word_1_451' title='bbox 2101 2673 2252 2741; x_wconf 84' lang='grc' dir='ltr'>Ὀρθ.</span> <span class='ocrx_word' id='word_1_452' title='bbox 2295 2673 2358 2725; x_wconf 83' lang='grc' dir='ltr'><strong>Εἰ</strong></span> <span class='ocrx_word' id='word_1_453' title='bbox 2397 2672 2471 2744; x_wconf 83' lang='grc' dir='ltr'>μὴ</span> <span class='ocrx_word' id='word_1_454' title='bbox 2519 2673 2696 2743; x_wconf 84' lang='grc' dir='ltr'>ἧνωτο</span> <span class='ocrx_word' id='word_1_455' title='bbox 2729 2674 2799 2743; x_wconf 81' lang='grc' dir='ltr'>τῇ</span> <span class='ocrx_word' id='word_1_456' title='bbox 2848 2670 3085 2741; x_wconf 87' lang='grc' dir='ltr'>θεότητι,</span> <span class='ocrx_word' id='word_1_457' title='bbox 3119 2671 3227 2724; x_wconf 87' lang='grc' dir='ltr'>ναί.</span> <span class='ocrx_word' id='word_1_458' title='bbox 3270 2671 3385 2724; x_wconf 72' lang='grc' dir='ltr'>Καὶ</span> <span class='ocrx_word' id='word_1_459' title='bbox 3420 2670 3505 2742; x_wconf 82' lang='grc' dir='ltr'>μὴ</span> <span class='ocrx_word' id='word_1_460' title='bbox 3536 2670 3681 2739; x_wconf 82' lang='grc' dir='ltr'>λέγε,</span> 
     </span>
    </p>
   </div>
   <div class='ocr_carea' id='block_1_59' title="bbox 2088 2760 3684 2836">
    <p class='ocr_par' dir='ltr' id='par_1_59' title="bbox 2088 2760 3684 2836">
     <span class='ocr_line' id='line_1_59' title="bbox 2088 2760 3684 2836; baseline -0.002 -18"><span class='ocrx_word' id='word_1_461' title='bbox 2088 2766 2137 2818; x_wconf 83' lang='grc' dir='ltr'><strong>εί</strong></span> <span class='ocrx_word' id='word_1_462' title='bbox 2199 2764 2323 2818; x_wconf 88' lang='grc' dir='ltr'>νοῦν</span> <span class='ocrx_word' id='word_1_463' title='bbox 2375 2763 2695 2836; x_wconf 78' lang='grc' dir='ltr'>άνθρώπου’</span> <span class='ocrx_word' id='word_1_464' title='bbox 2760 2764 2821 2817; x_wconf 84' lang='grc' dir='ltr'><strong>οὐ</strong></span> <span class='ocrx_word' id='word_1_465' title='bbox 2871 2763 2979 2835; x_wconf 80' lang='grc' dir='ltr'><strong>γάρ</strong></span> <span class='ocrx_word' id='word_1_466' title='bbox 3032 2763 3189 2818; x_wconf 70' lang='grc' dir='ltr'>ἄλλον</span> <span class='ocrx_word' id='word_1_467' title='bbox 3234 2764 3383 2828; x_wconf 73' lang='grc' dir='ltr'>τινος</span> <span class='ocrx_word' id='word_1_468' title='bbox 3441 2763 3517 2817; x_wconf 83' lang='grc' dir='ltr'><strong>ἂν</strong></span> <span class='ocrx_word' id='word_1_469' title='bbox 3574 2760 3684 2834; x_wconf 73' lang='grc' dir='ltr'>εἶχε</span> 
     </span>
    </p>
   </div>
   <div class='ocr_carea' id='block_1_60' title="bbox 2092 2855 3678 2928">
    <p class='ocr_par' dir='ltr' id='par_1_60' title="bbox 2092 2855 3678 2928">
     <span class='ocr_line' id='line_1_60' title="bbox 2092 2855 3678 2928; baseline -0.001 -18"><span class='ocrx_word' id='word_1_470' title='bbox 2092 2856 2217 2911; x_wconf 86' lang='grc' dir='ltr'>νοῦν</span> <span class='ocrx_word' id='word_1_471' title='bbox 2254 2856 2363 2927; x_wconf 91' lang='grc'>(69)</span> <span class='ocrx_word' id='word_1_472' title='bbox 2385 2874 2399 2888; x_wconf 77' lang='grc'><em>’</em></span> <span class='ocrx_word' id='word_1_473' title='bbox 2436 2856 2574 2921; x_wconf 80' lang='grc' dir='ltr'>ἀλλ’,</span> <span class='ocrx_word' id='word_1_474' title='bbox 2622 2857 2684 2910; x_wconf 82' lang='lat' dir='ltr'><strong>El</strong></span> <span class='ocrx_word' id='word_1_475' title='bbox 2713 2856 2842 2928; x_wconf 86' lang='grc' dir='ltr'>άρα,</span> <span class='ocrx_word' id='word_1_476' title='bbox 2874 2857 3015 2922; x_wconf 75' lang='grc' dir='ltr'>εἰπὲ,</span> <span class='ocrx_word' id='word_1_477' title='bbox 3044 2855 3388 2928; x_wconf 83' lang='grc' dir='ltr'>ἀνθρωπίνου</span> <span class='ocrx_word' id='word_1_478' title='bbox 3423 2855 3525 2910; x_wconf 89' lang='grc' dir='ltr'><strong>νοῦ</strong></span> <span class='ocrx_word' id='word_1_479' title='bbox 3552 2873 3678 2927; x_wconf 81' lang='grc' dir='ltr'>μετ-</span> 
     </span>
    </p>
   </div>
   <div class='ocr_carea' id='block_1_61' title="bbox 2088 2944 3249 3016">
    <p class='ocr_par' dir='ltr' id='par_1_61' title="bbox 2088 2944 3249 3016">
     <span class='ocr_line' id='line_1_61' title="bbox 2088 2944 3249 3016; baseline 0 -17"><span class='ocrx_word' id='word_1_480' title='bbox 2088 2949 2232 3016; x_wconf 83' lang='grc' dir='ltr'>εῖχεν</span> <span class='ocrx_word' id='word_1_481' title='bbox 2265 2947 2294 2997; x_wconf 91' lang='lat'><strong>6</strong></span> <span class='ocrx_word' id='word_1_482' title='bbox 2328 2945 2519 3015; x_wconf 80' lang='grc' dir='ltr'>Λόγος,</span> <span class='ocrx_word' id='word_1_483' title='bbox 2548 2944 2625 3008; x_wconf 82' lang='grc' dir='ltr'>ὡς</span> <span class='ocrx_word' id='word_1_484' title='bbox 2652 2944 2999 3015; x_wconf 82' lang='grc' dir='ltr'>ἀνθρωπίνης</span> <span class='ocrx_word' id='word_1_485' title='bbox 3026 2945 3249 3016; x_wconf 86' lang='grc' dir='ltr'>σαρκός.</span> 
     </span>
    </p>
   </div>
   <div class='ocr_carea' id='block_1_62' title="bbox 396 3035 3680 3111">
    <p class='ocr_par' dir='ltr' id='par_1_62' title="bbox 396 3035 3680 3111">
     <span class='ocr_line' id='line_1_62' title="bbox 396 3035 3680 3111; baseline 0.001 -21"><span class='ocrx_word' id='word_1_486' title='bbox 396 3036 494 3090; x_wconf 90' lang='lat' dir='ltr'><strong>tati</strong></span> <span class='ocrx_word' id='word_1_487' title='bbox 524 3036 720 3092; x_wconf 78' lang='lat' dir='ltr'><strong>luisset</strong></span> <span class='ocrx_word' id='word_1_488' title='bbox 757 3035 1062 3092; x_wconf 87' lang='lat' dir='ltr'><strong>unitus.Ne</strong></span> <span class='ocrx_word' id='word_1_489' title='bbox 1086 3051 1217 3092; x_wconf 82' lang='lat' dir='ltr'><strong>vero</strong></span> <span class='ocrx_word' id='word_1_490' title='bbox 1261 3037 1454 3103; x_wconf 89' lang='lat' dir='ltr'><strong>dicito,</strong></span> <span class='ocrx_word' id='word_1_491' title='bbox 1504 3041 1550 3095; x_wconf 90' lang='lat' dir='ltr'><strong>si</strong></span> <span class='ocrx_word' id='word_1_492' title='bbox 1584 3042 1830 3095; x_wconf 79' lang='lat' dir='ltr'><strong>mentem</strong></span> <span class='ocrx_word' id='word_1_493' title='bbox 1876 3040 2150 3108; x_wconf 87' lang='lat' dir='ltr'><strong>hominis;</strong></span> <span class='ocrx_word' id='word_1_494' title='bbox 2194 3040 2402 3096; x_wconf 88' lang='lat' dir='ltr'><strong>nullius</strong></span> <span class='ocrx_word' id='word_1_495' title='bbox 2442 3040 2590 3094; x_wconf 91' lang='lat' dir='ltr'><strong>enim</strong></span> <span class='ocrx_word' id='word_1_496' title='bbox 2637 3040 2866 3093; x_wconf 88' lang='lat' dir='ltr'><strong>alterius</strong></span> <span class='ocrx_word' id='word_1_497' title='bbox 2911 3046 3149 3094; x_wconf 89' lang='lat' dir='ltr'><strong>mentem</strong></span> <span class='ocrx_word' id='word_1_498' title='bbox 3192 3038 3401 3095; x_wconf 88' lang='lat' dir='ltr'><strong>habere</strong></span> <span class='ocrx_word' id='word_1_499' title='bbox 3462 3039 3680 3111; x_wconf 85' lang='lat' dir='ltr'><strong>potuit;</strong></span> 
     </span>
    </p>
   </div>
   <div class='ocr_carea' id='block_1_63' title="bbox 395 3128 2971 3203">
    <p class='ocr_par' dir='ltr' id='par_1_63' title="bbox 395 3128 2971 3203">
     <span class='ocr_line' id='line_1_63' title="bbox 395 3128 2971 3203; baseline -0.001 -17"><span class='ocrx_word' id='word_1_500' title='bbox 395 3128 492 3186; x_wconf 81' lang='lat' dir='ltr'><strong>sed</strong></span> <span class='ocrx_word' id='word_1_501' title='bbox 513 3130 705 3196; x_wconf 82' lang='lat' dir='ltr'><strong>dicito,</strong></span> <span class='ocrx_word' id='word_1_502' title='bbox 736 3128 795 3184; x_wconf 91' lang='lat' dir='ltr'><strong>Si</strong></span> <span class='ocrx_word' id='word_1_503' title='bbox 828 3131 1028 3186; x_wconf 85' lang='lat' dir='ltr'><strong>mentis</strong></span> <span class='ocrx_word' id='word_1_504' title='bbox 1057 3131 1309 3186; x_wconf 73' lang='lat' dir='ltr'><strong>humanae</strong></span> <span class='ocrx_word' id='word_1_505' title='bbox 1338 3133 1613 3203; x_wconf 90' lang='lat' dir='ltr'><strong>particeps</strong></span> <span class='ocrx_word' id='word_1_506' title='bbox 1648 3134 1852 3188; x_wconf 86' lang='lat' dir='ltr'><strong>laetum</strong></span> <span class='ocrx_word' id='word_1_507' title='bbox 1882 3133 1987 3189; x_wconf 91' lang='lat' dir='ltr'><strong>l&#39;uit</strong></span> <span class='ocrx_word' id='word_1_508' title='bbox 2019 3133 2283 3199; x_wconf 81' lang='lat' dir='ltr'><strong>Verbum,</strong></span> <span class='ocrx_word' id='word_1_509' title='bbox 2317 3135 2460 3189; x_wconf 84' lang='lat' dir='ltr'><strong>sicut</strong></span> <span class='ocrx_word' id='word_1_510' title='bbox 2492 3133 2745 3186; x_wconf 73' lang='lat' dir='ltr'><strong>humana:</strong></span> <span class='ocrx_word' id='word_1_511' title='bbox 2768 3131 2971 3186; x_wconf 88' lang='lat' dir='ltr'><strong>carnis.</strong></span> 
     </span>
    </p>
   </div>
   <div class='ocr_carea' id='block_1_64' title="bbox 462 3238 1983 3322">
    <p class='ocr_par' dir='ltr' id='par_1_64' title="bbox 462 3238 1976 3314">
     <span class='ocr_line' id='line_1_64' title="bbox 462 3238 1976 3314; baseline 0.007 -22"><span class='ocrx_word' id='word_1_512' title='bbox 462 3239 621 3314; x_wconf 61' lang='grc' dir='ltr'><strong>ᾔει</strong></span> <span class='ocrx_word' id='word_1_513' title='bbox 670 3240 724 3297; x_wconf 86' lang='lat'><strong>5.</strong></span> <span class='ocrx_word' id='word_1_514' title='bbox 758 3239 933 3308; x_wconf 84' lang='lat' dir='ltr'><strong>Apoll.</strong></span> <span class='ocrx_word' id='word_1_515' title='bbox 976 3238 1262 3307; x_wconf 85' lang='lat' dir='ltr'><strong>Quomodo</strong></span> <span class='ocrx_word' id='word_1_516' title='bbox 1304 3251 1484 3314; x_wconf 83' lang='lat' dir='ltr'><strong>potest</strong></span> <span class='ocrx_word' id='word_1_517' title='bbox 1531 3262 1685 3302; x_wconf 88' lang='lat' dir='ltr'><strong>mens</strong></span> <span class='ocrx_word' id='word_1_518' title='bbox 1739 3248 1976 3303; x_wconf 82' lang='lat' dir='ltr'><strong>humana</strong></span> 
     </span>
    </p>
   </div>
   <div class='ocr_carea' id='block_1_65' title="bbox 2087 3238 3681 3322">
    <p class='ocr_par' dir='ltr' id='par_1_65' title="bbox 2154 3243 3681 3318">
     <span class='ocr_line' id='line_1_65' title="bbox 2154 3243 3681 3318; baseline -0.003 -15"><span class='ocrx_word' id='word_1_519' title='bbox 2154 3248 2207 3303; x_wconf 84' lang='lat'><strong>5.</strong></span> <span class='ocrx_word' id='word_1_520' title='bbox 2240 3248 2486 3303; x_wconf 71' lang='grc' dir='ltr'><strong>Ἀπολλ.</strong></span> <span class='ocrx_word' id='word_1_521' title='bbox 2521 3244 2647 3309; x_wconf 84' lang='grc' dir='ltr'>Πῶς</span> <span class='ocrx_word' id='word_1_522' title='bbox 2677 3245 2900 3299; x_wconf 76' lang='grc' dir='ltr'>δύναται</span> <span class='ocrx_word' id='word_1_523' title='bbox 2924 3243 3263 3317; x_wconf 78' lang='grc' dir='ltr'>ἀνθρώπινος</span> <span class='ocrx_word' id='word_1_524' title='bbox 3301 3244 3428 3309; x_wconf 84' lang='grc' dir='ltr'>νοῦς</span> <span class='ocrx_word' id='word_1_525' title='bbox 3454 3246 3535 3317; x_wconf 80' lang='grc' dir='ltr'>μὴ</span> <span class='ocrx_word' id='word_1_526' title='bbox 3565 3245 3681 3318; x_wconf 71' lang='grc' dir='ltr'>τρέ-</span> 
     </span>
    </p>
   </div>
   <div class='ocr_carea' id='block_1_66' title="bbox 393 3330 1973 3400">
    <p class='ocr_par' dir='ltr' id='par_1_66' title="bbox 393 3330 1973 3400">
     <span class='ocr_line' id='line_1_66' title="bbox 393 3330 1973 3400; baseline 0.004 -13"><span class='ocrx_word' id='word_1_527' title='bbox 393 3346 508 3387; x_wconf 86' lang='lat' dir='ltr'><strong>non</strong></span> <span class='ocrx_word' id='word_1_528' title='bbox 561 3331 806 3386; x_wconf 75' lang='lat' dir='ltr'><strong>mutari?</strong></span> <span class='ocrx_word' id='word_1_529' title='bbox 852 3330 1006 3387; x_wconf 81' lang='lat' dir='ltr'><strong>Orth.</strong></span> <span class='ocrx_word' id='word_1_530' title='bbox 1040 3332 1325 3400; x_wconf 85' lang='lat' dir='ltr'><strong>Quomodo</strong></span> <span class='ocrx_word' id='word_1_531' title='bbox 1378 3338 1610 3392; x_wconf 88' lang='lat' dir='ltr'><strong>mortale</strong></span> <span class='ocrx_word' id='word_1_532' title='bbox 1661 3338 1808 3394; x_wconf 89' lang='lat' dir='ltr'><strong>istud</strong></span> <span class='ocrx_word' id='word_1_533' title='bbox 1869 3340 1973 3394; x_wconf 86' lang='lat' dir='ltr'><strong>im-</strong></span> 
     </span>
    </p>
   </div>
   <div class='ocr_carea' id='block_1_67' title="bbox 393 3422 1977 3501">
    <p class='ocr_par' dir='ltr' id='par_1_67' title="bbox 393 3422 1977 3501">
     <span class='ocr_line' id='line_1_67' title="bbox 393 3422 1977 3501; baseline 0.004 -22"><span class='ocrx_word' id='word_1_534' title='bbox 393 3424 725 3480; x_wconf 88' lang='lat' dir='ltr'><strong>mortalitate</strong></span> <span class='ocrx_word' id='word_1_535' title='bbox 780 3422 1032 3479; x_wconf 91' lang='lat' dir='ltr'><strong>indutum</strong></span> <span class='ocrx_word' id='word_1_536' title='bbox 1080 3442 1189 3481; x_wconf 93' lang='lat' dir='ltr'><strong>non</strong></span> <span class='ocrx_word' id='word_1_537' title='bbox 1251 3428 1485 3482; x_wconf 90' lang='lat' dir='ltr'><strong>moritur</strong></span> <span class='ocrx_word' id='word_1_538' title='bbox 1518 3468 1533 3493; x_wconf 91' lang='lat'><strong>,</strong></span> <span class='ocrx_word' id='word_1_539' title='bbox 1605 3439 1659 3485; x_wconf 88' lang='lat' dir='ltr'><strong>et</strong></span> <span class='ocrx_word' id='word_1_540' title='bbox 1701 3432 1977 3501; x_wconf 86' lang='lat' dir='ltr'><strong>corrupti-</strong></span> 
     </span>
    </p>
   </div>
   <div class='ocr_carea' id='block_1_68' title="bbox 392 3516 1977 3594">
    <p class='ocr_par' dir='ltr' id='par_1_68' title="bbox 392 3516 1977 3594">
     <span class='ocr_line' id='line_1_68' title="bbox 392 3516 1977 3594; baseline 0.004 -21"><span class='ocrx_word' id='word_1_541' title='bbox 392 3516 503 3573; x_wconf 88' lang='lat' dir='ltr'><strong>bile</strong></span> <span class='ocrx_word' id='word_1_542' title='bbox 532 3517 659 3582; x_wconf 89' lang='lat' dir='ltr'><strong>hoc,</strong></span> <span class='ocrx_word' id='word_1_543' title='bbox 691 3517 1216 3588; x_wconf 89' lang='lat' dir='ltr'><strong>incorruptibilitate</strong></span> <span class='ocrx_word' id='word_1_544' title='bbox 1262 3521 1547 3586; x_wconf 88' lang='lat' dir='ltr'><strong>indutum,</strong></span> <span class='ocrx_word' id='word_1_545' title='bbox 1597 3538 1707 3578; x_wconf 88' lang='lat' dir='ltr'><strong>non</strong></span> <span class='ocrx_word' id='word_1_546' title='bbox 1741 3526 1977 3594; x_wconf 88' lang='lat' dir='ltr'><strong>amplius</strong></span> 
     </span>
    </p>
   </div>
   <div class='ocr_carea' id='block_1_69' title="bbox 394 3608 1979 3683">
    <p class='ocr_par' dir='ltr' id='par_1_69' title="bbox 394 3608 1979 3683">
     <span class='ocr_line' id='line_1_69' title="bbox 394 3608 1979 3683; baseline 0.006 -22"><span class='ocrx_word' id='word_1_547' title='bbox 394 3608 771 3679; x_wconf 75' lang='lat' dir='ltr'><strong>corrumpitur</strong></span> <span class='ocrx_word' id='word_1_548' title='bbox 800 3628 812 3663; x_wconf 90' lang='lat'><strong>:</strong></span> <span class='ocrx_word' id='word_1_549' title='bbox 852 3608 925 3663; x_wconf 88' lang='lat' dir='ltr'><strong>ita</strong></span> <span class='ocrx_word' id='word_1_550' title='bbox 962 3617 1016 3665; x_wconf 89' lang='lat' dir='ltr'><strong>et</strong></span> <span class='ocrx_word' id='word_1_551' title='bbox 1051 3628 1205 3667; x_wconf 88' lang='lat' dir='ltr'><strong>mens</strong></span> <span class='ocrx_word' id='word_1_552' title='bbox 1237 3628 1336 3683; x_wconf 87' lang='lat' dir='ltr'><strong>per</strong></span> <span class='ocrx_word' id='word_1_553' title='bbox 1379 3614 1681 3669; x_wconf 86' lang='lat' dir='ltr'><strong>unitionem</strong></span> <span class='ocrx_word' id='word_1_554' title='bbox 1710 3631 1832 3670; x_wconf 91' lang='lat' dir='ltr'><strong>cum</strong></span> <span class='ocrx_word' id='word_1_555' title='bbox 1868 3616 1979 3671; x_wconf 91' lang='lat' dir='ltr'><strong>Deo</strong></span> 
     </span>
    </p>
   </div>
   <div class='ocr_carea' id='block_1_70' title="bbox 395 3693 1977 3777">
    <p class='ocr_par' dir='ltr' id='par_1_70' title="bbox 395 3693 1977 3777">
     <span class='ocr_line' id='line_1_70' title="bbox 395 3693 1977 3777; baseline 0.004 -20"><span class='ocrx_word' id='word_1_556' title='bbox 395 3693 577 3758; x_wconf 84' lang='lat' dir='ltr'><strong>Verbo</strong></span> <span class='ocrx_word' id='word_1_557' title='bbox 602 3701 853 3757; x_wconf 79' lang='lat' dir='ltr'><strong>deiﬁcata</strong></span> <span class='ocrx_word' id='word_1_558' title='bbox 877 3717 988 3757; x_wconf 93' lang='lat' dir='ltr'><strong>non</strong></span> <span class='ocrx_word' id='word_1_559' title='bbox 1018 3711 1281 3758; x_wconf 88' lang='lat' dir='ltr'><strong>mutatur.</strong></span> <span class='ocrx_word' id='word_1_560' title='bbox 1324 3703 1500 3773; x_wconf 82' lang='lat' dir='ltr'><strong>Apoll.</strong></span> <span class='ocrx_word' id='word_1_561' title='bbox 1536 3706 1676 3777; x_wconf 80' lang='lat' dir='ltr'><strong>Ergo</strong></span> <span class='ocrx_word' id='word_1_562' title='bbox 1714 3717 1768 3762; x_wconf 89' lang='lat' dir='ltr'><strong>et</strong></span> <span class='ocrx_word' id='word_1_563' title='bbox 1801 3708 1977 3763; x_wconf 84' lang='lat' dir='ltr'><strong>sancti</strong></span> 
     </span>
    </p>
   </div>
   <div class='ocr_carea' id='block_1_71' title="bbox 394 3795 1974 3869">
    <p class='ocr_par' dir='ltr' id='par_1_71' title="bbox 394 3795 1974 3869">
     <span class='ocr_line' id='line_1_71' title="bbox 394 3795 1974 3869; baseline 0.003 -19"><span class='ocrx_word' id='word_1_564' title='bbox 394 3803 633 3851; x_wconf 89' lang='lat' dir='ltr'><strong>mentem</strong></span> <span class='ocrx_word' id='word_1_565' title='bbox 651 3795 964 3850; x_wconf 86' lang='lat' dir='ltr'><strong>habuerunt</strong></span> <span class='ocrx_word' id='word_1_566' title='bbox 987 3795 1422 3854; x_wconf 87' lang='lat' dir='ltr'><strong>immutabilem?</strong></span> <span class='ocrx_word' id='word_1_567' title='bbox 1455 3798 1612 3855; x_wconf 80' lang='lat' dir='ltr'><strong>Ol&#39;l/l.</strong></span> <span class='ocrx_word' id='word_1_568' title='bbox 1636 3798 1777 3855; x_wconf 85' lang='lat' dir='ltr'><strong>Non.</strong></span> <span class='ocrx_word' id='word_1_569' title='bbox 1800 3799 1974 3869; x_wconf 83' lang='lat' dir='ltr'><strong>Apoll.</strong></span> 
     </span>
    </p>
   </div>
   <div class='ocr_carea' id='block_1_72' title="bbox 395 3888 1982 3962">
    <p class='ocr_par' dir='ltr' id='par_1_72' title="bbox 395 3888 1982 3962">
     <span class='ocr_line' id='line_1_72' title="bbox 395 3888 1982 3962; baseline 0.001 -18"><span class='ocrx_word' id='word_1_570' title='bbox 395 3888 783 3956; x_wconf 81' lang='lat' dir='ltr'><strong>Quamobrem,</strong></span> <span class='ocrx_word' id='word_1_571' title='bbox 810 3904 993 3944; x_wconf 91' lang='lat' dir='ltr'><strong>nonne</strong></span> <span class='ocrx_word' id='word_1_572' title='bbox 1039 3888 1093 3942; x_wconf 93' lang='lat' dir='ltr'><strong>in</strong></span> <span class='ocrx_word' id='word_1_573' title='bbox 1147 3889 1257 3945; x_wconf 92' lang='lat' dir='ltr'><strong>illis</strong></span> <span class='ocrx_word' id='word_1_574' title='bbox 1309 3906 1529 3962; x_wconf 91' lang='lat' dir='ltr'><strong>quoque</strong></span> <span class='ocrx_word' id='word_1_575' title='bbox 1562 3890 1665 3946; x_wconf 80' lang='lat' dir='ltr'><strong>fuit</strong></span> <span class='ocrx_word' id='word_1_576' title='bbox 1696 3891 1933 3947; x_wconf 86' lang='lat' dir='ltr'><strong>Verbum</strong></span> <span class='ocrx_word' id='word_1_577' title='bbox 1956 3891 1982 3945; x_wconf 75' lang='lat' dir='ltr'><strong>‘l</strong></span> 
     </span>
    </p>
   </div>
   <div class='ocr_carea' id='block_1_73' title="bbox 397 3978 1979 4055">
    <p class='ocr_par' dir='ltr' id='par_1_73' title="bbox 397 3978 1979 4055">
     <span class='ocr_line' id='line_1_73' title="bbox 397 3978 1979 4055; baseline 0.002 -19"><span class='ocrx_word' id='word_1_578' title='bbox 397 3979 553 4036; x_wconf 85' lang='lat' dir='ltr'><strong>Orth.</strong></span> <span class='ocrx_word' id='word_1_579' title='bbox 615 3978 722 4034; x_wconf 89' lang='lat' dir='ltr'><strong>Sed</strong></span> <span class='ocrx_word' id='word_1_580' title='bbox 776 3978 880 4033; x_wconf 87' lang='lat' dir='ltr'><strong>l&#39;uit</strong></span> <span class='ocrx_word' id='word_1_581' title='bbox 925 3980 981 4034; x_wconf 93' lang='lat' dir='ltr'><strong>in</strong></span> <span class='ocrx_word' id='word_1_582' title='bbox 1036 3981 1241 4035; x_wconf 89' lang='lat' dir='ltr'><strong>sanctis</strong></span> <span class='ocrx_word' id='word_1_583' title='bbox 1274 3997 1382 4035; x_wconf 90' lang='lat' dir='ltr'><strong>non</strong></span> <span class='ocrx_word' id='word_1_584' title='bbox 1423 3983 1685 4050; x_wconf 87' lang='lat' dir='ltr'><strong>unitione,</strong></span> <span class='ocrx_word' id='word_1_585' title='bbox 1724 3984 1820 4039; x_wconf 88' lang='lat' dir='ltr'><strong>sed</strong></span> <span class='ocrx_word' id='word_1_586' title='bbox 1879 4000 1979 4055; x_wconf 92' lang='lat' dir='ltr'><strong>pro</strong></span> 
     </span>
    </p>
   </div>
   <div class='ocr_carea' id='block_1_74' title="bbox 398 4070 1976 4167">
    <p class='ocr_par' dir='ltr' id='par_1_74' title="bbox 398 4070 1976 4167">
     <span class='ocr_line' id='line_1_74' title="bbox 398 4070 1976 4167; baseline 0.003 -40"><span class='ocrx_word' id='word_1_587' title='bbox 398 4072 571 4141; x_wconf 72' lang='lat' dir='ltr'><strong>gratia</strong></span> <span class='ocrx_word' id='word_1_588' title='bbox 593 4070 853 4143; x_wconf 91' lang='lat' dir='ltr'><strong>Spiritus,</strong></span> <span class='ocrx_word' id='word_1_589' title='bbox 872 4071 1087 4128; x_wconf 83' lang='lat' dir='ltr'><strong>diverse</strong></span> <span class='ocrx_word' id='word_1_590' title='bbox 1114 4074 1167 4127; x_wconf 91' lang='lat' dir='ltr'><strong>in</strong></span> <span class='ocrx_word' id='word_1_591' title='bbox 1196 4073 1331 4145; x_wconf 82' lang='lat' dir='ltr'><strong>ipsis</strong></span> <span class='ocrx_word' id='word_1_592' title='bbox 1354 4074 1634 4144; x_wconf 84' lang='lat' dir='ltr'><strong>operantis</strong></span> <span class='ocrx_word' id='word_1_593' title='bbox 1662 4093 1676 4130; x_wconf 89' lang='lat'><strong>:</strong></span> <span class='ocrx_word' id='word_1_594' title='bbox 1711 4075 1803 4167; x_wconf 59' lang='lat' dir='ltr'><strong>hic</strong></span> <span class='ocrx_word' id='word_1_595' title='bbox 1824 4092 1976 4141; x_wconf 80' lang='lat' dir='ltr'><strong>vero,</strong></span> 
     </span>
    </p>
   </div>
   <div class='ocr_carea' id='block_1_75' title="bbox 395 4163 1972 4238">
    <p class='ocr_par' dir='ltr' id='par_1_75' title="bbox 395 4163 1972 4238">
     <span class='ocr_line' id='line_1_75' title="bbox 395 4163 1972 4238; baseline 0.002 -18"><span class='ocrx_word' id='word_1_596' title='bbox 395 4163 454 4221; x_wconf 87' lang='lat' dir='ltr'><strong>id</strong></span> <span class='ocrx_word' id='word_1_597' title='bbox 479 4172 565 4220; x_wconf 90' lang='lat' dir='ltr'><strong>est</strong></span> <span class='ocrx_word' id='word_1_598' title='bbox 596 4164 653 4220; x_wconf 90' lang='lat' dir='ltr'><strong>in</strong></span> <span class='ocrx_word' id='word_1_599' title='bbox 718 4164 829 4221; x_wconf 89' lang='lat' dir='ltr'><strong>Deo</strong></span> <span class='ocrx_word' id='word_1_600' title='bbox 861 4164 1073 4233; x_wconf 87' lang='lat' dir='ltr'><strong>Verbo,</strong></span> <span class='ocrx_word' id='word_1_601' title='bbox 1130 4165 1234 4220; x_wconf 81' lang='lat' dir='ltr'><strong>fuit</strong></span> <span class='ocrx_word' id='word_1_602' title='bbox 1294 4168 1474 4223; x_wconf 91' lang='lat' dir='ltr'><strong>omnis</strong></span> <span class='ocrx_word' id='word_1_603' title='bbox 1539 4163 1820 4238; x_wconf 81' lang='lat' dir='ltr'><strong>plenitudo</strong></span> <span class='ocrx_word' id='word_1_604' title='bbox 1854 4169 1972 4225; x_wconf 83' lang='lat' dir='ltr'><strong>dei-</strong></span> 
     </span>
    </p>
   </div>
   <div class='ocr_carea' id='block_1_76' title="bbox 397 4256 1982 4333">
    <p class='ocr_par' dir='ltr' id='par_1_76' title="bbox 397 4256 1982 4333">
     <span class='ocr_line' id='line_1_76' title="bbox 397 4256 1982 4333; baseline 0.003 -22"><span class='ocrx_word' id='word_1_605' title='bbox 397 4258 552 4314; x_wconf 88' lang='lat' dir='ltr'><strong>tatis.</strong></span> <span class='ocrx_word' id='word_1_606' title='bbox 618 4256 827 4312; x_wconf 85' lang='lat' dir='ltr'><strong>Deinde</strong></span> <span class='ocrx_word' id='word_1_607' title='bbox 886 4259 1061 4314; x_wconf 84' lang='lat' dir='ltr'><strong>sancti</strong></span> <span class='ocrx_word' id='word_1_608' title='bbox 1134 4258 1352 4329; x_wconf 89' lang='lat' dir='ltr'><strong>quidem</strong></span> <span class='ocrx_word' id='word_1_609' title='bbox 1415 4259 1634 4315; x_wconf 83' lang='lat' dir='ltr'><strong>fuerunt</strong></span> <span class='ocrx_word' id='word_1_610' title='bbox 1686 4262 1982 4333; x_wconf 86' lang='lat' dir='ltr'><strong>participes</strong></span> 
     </span>
    </p>
   </div>
   <div class='ocr_carea' id='block_1_77' title="bbox 397 4347 1980 4423">
    <p class='ocr_par' dir='ltr' id='par_1_77' title="bbox 397 4347 1980 4423">
     <span class='ocr_line' id='line_1_77' title="bbox 397 4347 1980 4423; baseline 0.003 -19"><span class='ocrx_word' id='word_1_611' title='bbox 397 4347 587 4414; x_wconf 86' lang='lat' dir='ltr'><strong>Verbi,</strong></span> <span class='ocrx_word' id='word_1_612' title='bbox 618 4348 709 4404; x_wconf 92' lang='lat' dir='ltr'><strong>hic</strong></span> <span class='ocrx_word' id='word_1_613' title='bbox 737 4366 867 4404; x_wconf 88' lang='lat' dir='ltr'><strong>vero</strong></span> <span class='ocrx_word' id='word_1_614' title='bbox 900 4349 1135 4406; x_wconf 85' lang='lat' dir='ltr'><strong>Verbum</strong></span> <span class='ocrx_word' id='word_1_615' title='bbox 1168 4351 1517 4423; x_wconf 84' lang='lat' dir='ltr'><strong>participavit</strong></span> <span class='ocrx_word' id='word_1_616' title='bbox 1553 4353 1849 4407; x_wconf 90' lang='lat' dir='ltr'><strong>humanam</strong></span> <span class='ocrx_word' id='word_1_617' title='bbox 1874 4370 1980 4408; x_wconf 87' lang='lat' dir='ltr'><strong>na-</strong></span> 
     </span>
    </p>
   </div>
   <div class='ocr_carea' id='block_1_78' title="bbox 398 4442 1983 4515">
    <p class='ocr_par' dir='ltr' id='par_1_78' title="bbox 398 4442 1983 4515">
     <span class='ocr_line' id='line_1_78' title="bbox 398 4442 1983 4515; baseline 0.002 -20"><span class='ocrx_word' id='word_1_618' title='bbox 398 4447 602 4496; x_wconf 84' lang='lat' dir='ltr'><strong>turam.</strong></span> <span class='ocrx_word' id='word_1_619' title='bbox 635 4442 812 4514; x_wconf 82' lang='lat' dir='ltr'><strong>Apoll.</strong></span> <span class='ocrx_word' id='word_1_620' title='bbox 846 4442 963 4512; x_wconf 90' lang='lat' dir='ltr'><strong>Dic,</strong></span> <span class='ocrx_word' id='word_1_621' title='bbox 998 4459 1221 4500; x_wconf 87' lang='lat' dir='ltr'><strong>carnem</strong></span> <span class='ocrx_word' id='word_1_622' title='bbox 1259 4453 1313 4500; x_wconf 90' lang='lat' dir='ltr'><strong>et</strong></span> <span class='ocrx_word' id='word_1_623' title='bbox 1341 4445 1664 4515; x_wconf 79' lang='lat' dir='ltr'><strong>sanguinem</strong></span> <span class='ocrx_word' id='word_1_624' title='bbox 1687 4486 1702 4512; x_wconf 89' lang='lat'><strong>,</strong></span> <span class='ocrx_word' id='word_1_625' title='bbox 1749 4455 1810 4501; x_wconf 92' lang='lat' dir='ltr'><strong>ut</strong></span> <span class='ocrx_word' id='word_1_626' title='bbox 1844 4446 1983 4502; x_wconf 84' lang='lat' dir='ltr'><strong>scri-</strong></span> 
     </span>
    </p>
   </div>
   <div class='ocr_carea' id='block_1_79' title="bbox 400 4532 1979 4605">
    <p class='ocr_par' dir='ltr' id='par_1_79' title="bbox 400 4532 1979 4605">
     <span class='ocr_line' id='line_1_79' title="bbox 400 4532 1979 4605; baseline 0.003 -20"><span class='ocrx_word' id='word_1_627' title='bbox 400 4538 555 4603; x_wconf 88' lang='lat' dir='ltr'><strong>ptum</strong></span> <span class='ocrx_word' id='word_1_628' title='bbox 589 4541 695 4587; x_wconf 90' lang='lat' dir='ltr'><strong>est.</strong></span> <span class='ocrx_word' id='word_1_629' title='bbox 735 4532 886 4588; x_wconf 82' lang='lat' dir='ltr'><strong>Orth.</strong></span> <span class='ocrx_word' id='word_1_630' title='bbox 914 4532 1212 4605; x_wconf 79' lang='lat' dir='ltr'><strong>Scriptura:</strong></span> <span class='ocrx_word' id='word_1_631' title='bbox 1241 4549 1361 4590; x_wconf 89' lang='lat' dir='ltr'><strong>mos</strong></span> <span class='ocrx_word' id='word_1_632' title='bbox 1396 4542 1480 4590; x_wconf 89' lang='lat' dir='ltr'><strong>est</strong></span> <span class='ocrx_word' id='word_1_633' title='bbox 1508 4542 1682 4589; x_wconf 87' lang='lat' dir='ltr'><strong>totum</strong></span> <span class='ocrx_word' id='word_1_634' title='bbox 1706 4537 1979 4591; x_wconf 90' lang='lat' dir='ltr'><strong>hominem</strong></span> 
     </span>
    </p>
   </div>
   <div class='ocr_carea' id='block_1_80' title="bbox 2079 3335 3675 3407">
    <p class='ocr_par' dir='ltr' id='par_1_80' title="bbox 2079 3335 3675 3407">
     <span class='ocr_line' id='line_1_80' title="bbox 2079 3335 3675 3407; baseline -0.001 -14"><span class='ocrx_word' id='word_1_635' title='bbox 2079 3338 2275 3393; x_wconf 86' lang='grc' dir='ltr'>πεσθαι</span> <span class='ocrx_word' id='word_1_636' title='bbox 2291 3354 2306 3404; x_wconf 91' lang='lat'><strong>;</strong></span> <span class='ocrx_word' id='word_1_637' title='bbox 2324 3339 2478 3405; x_wconf 83' lang='grc' dir='ltr'>Ὀρθ.</span> <span class='ocrx_word' id='word_1_638' title='bbox 2498 3337 2621 3400; x_wconf 87' lang='grc' dir='ltr'><strong>Πῶς</strong></span> <span class='ocrx_word' id='word_1_639' title='bbox 2635 3337 2697 3389; x_wconf 82' lang='grc' dir='ltr'><strong>τὸ</strong></span> <span class='ocrx_word' id='word_1_640' title='bbox 2714 3336 2904 3407; x_wconf 83' lang='grc' dir='ltr'>θνητὸν</span> <span class='ocrx_word' id='word_1_641' title='bbox 2925 3336 3101 3401; x_wconf 86' lang='grc' dir='ltr'>τοῦτο,</span> <span class='ocrx_word' id='word_1_642' title='bbox 3115 3335 3336 3389; x_wconf 77' lang='grc' dir='ltr'>ὲνδυθὲν</span> <span class='ocrx_word' id='word_1_643' title='bbox 3354 3335 3675 3401; x_wconf 75' lang='grc' dir='ltr'>ἀθανασίαν,</span> 
     </span>
    </p>
   </div>
   <div class='ocr_carea' id='block_1_81' title="bbox 2078 3425 3679 3499">
    <p class='ocr_par' dir='ltr' id='par_1_81' title="bbox 2078 3425 3679 3499">
     <span class='ocr_line' id='line_1_81' title="bbox 2078 3425 3679 3499; baseline -0.001 -16"><span class='ocrx_word' id='word_1_644' title='bbox 2078 3429 2262 3483; x_wconf 80' lang='grc' dir='ltr'>οὐκέτι</span> <span class='ocrx_word' id='word_1_645' title='bbox 2310 3427 2665 3499; x_wconf 83' lang='grc' dir='ltr'>ἀποθνήσκει,</span> <span class='ocrx_word' id='word_1_646' title='bbox 2715 3428 2810 3481; x_wconf 80' lang='grc' dir='ltr'><strong>καὶ</strong></span> <span class='ocrx_word' id='word_1_647' title='bbox 2859 3427 2920 3481; x_wconf 82' lang='grc' dir='ltr'><strong>τὸ</strong></span> <span class='ocrx_word' id='word_1_648' title='bbox 2960 3426 3198 3498; x_wconf 82' lang='grc' dir='ltr'>φθαρτὸν</span> <span class='ocrx_word' id='word_1_649' title='bbox 3228 3425 3412 3491; x_wconf 88' lang='grc' dir='ltr'>τοῦτο,</span> <span class='ocrx_word' id='word_1_650' title='bbox 3464 3428 3679 3481; x_wconf 75' lang='grc' dir='ltr'>ὲνδυθὲν</span> 
     </span>
    </p>
   </div>
   <div class='ocr_carea' id='block_1_82' title="bbox 2079 3512 3678 3593">
    <p class='ocr_par' dir='ltr' id='par_1_82' title="bbox 2079 3512 3678 3593">
     <span class='ocr_line' id='line_1_82' title="bbox 2079 3512 3678 3593; baseline 0 -18"><span class='ocrx_word' id='word_1_651' title='bbox 2079 3521 2410 3593; x_wconf 80' lang='grc' dir='ltr'>ἀφθαρσίαν,</span> <span class='ocrx_word' id='word_1_652' title='bbox 2444 3520 2628 3574; x_wconf 83' lang='grc' dir='ltr'>οὐκέτι</span> <span class='ocrx_word' id='word_1_653' title='bbox 2658 3519 2937 3593; x_wconf 83' lang='grc' dir='ltr'>φθείρεται</span> <span class='ocrx_word' id='word_1_654' title='bbox 2957 3536 2969 3550; x_wconf 91' lang='grc'><strong>·</strong></span> <span class='ocrx_word' id='word_1_655' title='bbox 3002 3512 3176 3583; x_wconf 71' lang='grc' dir='ltr'>οὕτως</span> <span class='ocrx_word' id='word_1_656' title='bbox 3197 3522 3226 3573; x_wconf 92' lang='lat'><strong>6</strong></span> <span class='ocrx_word' id='word_1_657' title='bbox 3254 3519 3404 3584; x_wconf 84' lang='grc' dir='ltr'>νοῦς,</span> <span class='ocrx_word' id='word_1_658' title='bbox 3456 3521 3678 3585; x_wconf 78' lang='grc' dir='ltr'>θεωθεὶς</span> 
     </span>
    </p>
   </div>
   <div class='ocr_carea' id='block_1_83' title="bbox 2079 3612 3677 3684">
    <p class='ocr_par' dir='ltr' id='par_1_83' title="bbox 2079 3612 3677 3684">
     <span class='ocr_line' id='line_1_83' title="bbox 2079 3612 3677 3684; baseline -0.001 -17"><span class='ocrx_word' id='word_1_659' title='bbox 2079 3614 2422 3668; x_wconf 78' lang='grc' dir='ltr'>ὲνώσειθεοῦ</span> <span class='ocrx_word' id='word_1_660' title='bbox 2455 3613 2650 3681; x_wconf 84' lang='grc' dir='ltr'>Λόγου,</span> <span class='ocrx_word' id='word_1_661' title='bbox 2682 3614 2743 3667; x_wconf 82' lang='grc' dir='ltr'>οὐ</span> <span class='ocrx_word' id='word_1_662' title='bbox 2777 3612 3315 3684; x_wconf 71' lang='grc' dir='ltr'>τρέπεται.Ἀπολλ.</span> <span class='ocrx_word' id='word_1_663' title='bbox 3347 3612 3566 3666; x_wconf 78' lang='grc' dir='ltr'>Οὐκοῦν</span> <span class='ocrx_word' id='word_1_664' title='bbox 3589 3614 3677 3666; x_wconf 75' lang='grc' dir='ltr'><strong>καὶ</strong></span> 
     </span>
    </p>
   </div>
   <div class='ocr_carea' id='block_1_84' title="bbox 2078 3702 3675 3779">
    <p class='ocr_par' dir='ltr' id='par_1_84' title="bbox 2078 3702 3675 3779">
     <span class='ocr_line' id='line_1_84' title="bbox 2078 3702 3675 3779; baseline -0.003 -18"><span class='ocrx_word' id='word_1_665' title='bbox 2078 3710 2126 3761; x_wconf 77' lang='lat' dir='ltr'><strong>oi</strong></span> <span class='ocrx_word' id='word_1_666' title='bbox 2151 3708 2294 3775; x_wconf 75' lang='grc' dir='ltr'>ἆγιοι</span> <span class='ocrx_word' id='word_1_667' title='bbox 2325 3707 2591 3779; x_wconf 72' lang='grc' dir='ltr'>ἄτρεπτον</span> <span class='ocrx_word' id='word_1_668' title='bbox 2619 3702 2761 3775; x_wconf 85' lang='grc' dir='ltr'>είχον</span> <span class='ocrx_word' id='word_1_669' title='bbox 2799 3703 2956 3770; x_wconf 85' lang='grc' dir='ltr'>νοῦν;</span> <span class='ocrx_word' id='word_1_670' title='bbox 2995 3704 3153 3773; x_wconf 83' lang='grc' dir='ltr'>Ὀρθ.</span> <span class='ocrx_word' id='word_1_671' title='bbox 3189 3702 3285 3758; x_wconf 81' lang='grc' dir='ltr'><strong>Οὔ.</strong></span> <span class='ocrx_word' id='word_1_672' title='bbox 3305 3705 3556 3759; x_wconf 71' lang='grc' dir='ltr'><strong>Ἀπολλ.</strong></span> <span class='ocrx_word' id='word_1_673' title='bbox 3584 3704 3675 3757; x_wconf 79' lang='grc' dir='ltr'><strong>Διὰ</strong></span> 
     </span>
    </p>
   </div>
   <div class='ocr_carea' id='block_1_85' title="bbox 2078 3793 3675 3867">
    <p class='ocr_par' dir='ltr' id='par_1_85' title="bbox 2078 3793 3675 3867">
     <span class='ocr_line' id='line_1_85' title="bbox 2078 3793 3675 3867; baseline -0.002 -17"><span class='ocrx_word' id='word_1_674' title='bbox 2078 3798 2164 3862; x_wconf 88' lang='grc' dir='ltr'>τί;</span> <span class='ocrx_word' id='word_1_675' title='bbox 2195 3798 2294 3850; x_wconf 79' lang='grc' dir='ltr'><strong>οὐκ</strong></span> <span class='ocrx_word' id='word_1_676' title='bbox 2317 3793 2384 3867; x_wconf 84' lang='grc' dir='ltr'>ἦν</span> <span class='ocrx_word' id='word_1_677' title='bbox 2413 3797 2505 3849; x_wconf 75' lang='grc' dir='ltr'><strong>καὶ</strong></span> <span class='ocrx_word' id='word_1_678' title='bbox 2533 3799 2591 3849; x_wconf 80' lang='grc' dir='ltr'>ὲν</span> <span class='ocrx_word' id='word_1_679' title='bbox 2634 3797 2816 3858; x_wconf 74' lang='grc' dir='ltr'>αὐτοῖς</span> <span class='ocrx_word' id='word_1_680' title='bbox 2834 3797 2864 3848; x_wconf 90' lang='lat'><strong>6</strong></span> <span class='ocrx_word' id='word_1_681' title='bbox 2895 3795 3101 3862; x_wconf 91' lang='grc' dir='ltr'>Λόγος;</span> <span class='ocrx_word' id='word_1_682' title='bbox 3126 3796 3281 3862; x_wconf 85' lang='grc' dir='ltr'>Ὄρθ.</span> <span class='ocrx_word' id='word_1_683' title='bbox 3309 3794 3456 3847; x_wconf 74' lang='grc' dir='ltr'>Ἀλλ’</span> <span class='ocrx_word' id='word_1_684' title='bbox 3488 3797 3549 3848; x_wconf 80' lang='grc' dir='ltr'>ὲν</span> <span class='ocrx_word' id='word_1_685' title='bbox 3571 3797 3675 3858; x_wconf 83' lang='grc' dir='ltr'>τοῖς</span> 
     </span>
    </p>
   </div>
   <div class='ocr_carea' id='block_1_86' title="bbox 2079 3883 3671 3958">
    <p class='ocr_par' dir='ltr' id='par_1_86' title="bbox 2079 3883 3671 3958">
     <span class='ocr_line' id='line_1_86' title="bbox 2079 3883 3671 3958; baseline -0.002 -16"><span class='ocrx_word' id='word_1_686' title='bbox 2079 3888 2258 3957; x_wconf 81' lang='grc' dir='ltr'>ἁγίοις</span> <span class='ocrx_word' id='word_1_687' title='bbox 2287 3890 2347 3941; x_wconf 86' lang='grc' dir='ltr'>οὺ</span> <span class='ocrx_word' id='word_1_688' title='bbox 2378 3887 2501 3941; x_wconf 87' lang='grc' dir='ltr'>καθ’</span> <span class='ocrx_word' id='word_1_689' title='bbox 2529 3888 2723 3941; x_wconf 76' lang='grc' dir='ltr'>ἕνωσιν</span> <span class='ocrx_word' id='word_1_690' title='bbox 2752 3883 2843 3958; x_wconf 81' lang='grc' dir='ltr'>ἦν,</span> <span class='ocrx_word' id='word_1_691' title='bbox 2897 3886 3036 3940; x_wconf 83' lang='grc' dir='ltr'>ἀλλὰ</span> <span class='ocrx_word' id='word_1_692' title='bbox 3068 3886 3208 3940; x_wconf 79' lang='grc' dir='ltr'>κατὰ</span> <span class='ocrx_word' id='word_1_693' title='bbox 3242 3887 3343 3956; x_wconf 82' lang='grc' dir='ltr'>τὴν</span> <span class='ocrx_word' id='word_1_694' title='bbox 3371 3887 3472 3940; x_wconf 86' lang='grc' dir='ltr'><strong>τοῦ</strong></span> <span class='ocrx_word' id='word_1_695' title='bbox 3506 3885 3671 3940; x_wconf 73' lang='grc' dir='ltr'>Πνεῦ-</span> 
     </span>
    </p>
   </div>
   <div class='ocr_carea' id='block_1_87' title="bbox 2083 3978 3672 4052">
    <p class='ocr_par' dir='ltr' id='par_1_87' title="bbox 2083 3978 3672 4052">
     <span class='ocr_line' id='line_1_87' title="bbox 2083 3978 3672 4052; baseline 0 -20"><span class='ocrx_word' id='word_1_696' title='bbox 2083 3996 2254 4050; x_wconf 90' lang='grc' dir='ltr'>ματος</span> <span class='ocrx_word' id='word_1_697' title='bbox 2307 3980 2489 4050; x_wconf 85' lang='grc' dir='ltr'>χάριν,</span> <span class='ocrx_word' id='word_1_698' title='bbox 2534 3978 2806 4052; x_wconf 87' lang='grc' dir='ltr'>διαφόρως</span> <span class='ocrx_word' id='word_1_699' title='bbox 2836 3981 2894 4032; x_wconf 80' lang='grc' dir='ltr'>ὲν</span> <span class='ocrx_word' id='word_1_700' title='bbox 2921 3982 3106 4044; x_wconf 80' lang='grc' dir='ltr'>αὐτοῖς</span> <span class='ocrx_word' id='word_1_701' title='bbox 3159 3978 3520 4050; x_wconf 78' lang='grc' dir='ltr'>ἐνεργοῦντος</span> <span class='ocrx_word' id='word_1_702' title='bbox 3543 3997 3558 4009; x_wconf 93' lang='grc'><strong>·</strong></span> <span class='ocrx_word' id='word_1_703' title='bbox 3592 3981 3672 4032; x_wconf 83' lang='grc' dir='ltr'><strong>ὲν-</strong></span> 
     </span>
    </p>
   </div>
   <div class='ocr_carea' id='block_1_88' title="bbox 2080 4069 3671 4142">
    <p class='ocr_par' dir='ltr' id='par_1_88' title="bbox 2080 4069 3671 4142">
     <span class='ocr_line' id='line_1_88' title="bbox 2080 4069 3671 4142; baseline -0.001 -18"><span class='ocrx_word' id='word_1_704' title='bbox 2080 4069 2255 4124; x_wconf 86' lang='grc' dir='ltr'>ταῦθα</span> <span class='ocrx_word' id='word_1_705' title='bbox 2287 4070 2343 4122; x_wconf 84' lang='grc' dir='ltr'>δὲ</span> <span class='ocrx_word' id='word_1_706' title='bbox 2369 4072 2477 4124; x_wconf 75' lang='grc' dir='ltr'>πᾶν</span> <span class='ocrx_word' id='word_1_707' title='bbox 2505 4070 2566 4123; x_wconf 82' lang='grc' dir='ltr'><strong>τὸ</strong></span> <span class='ocrx_word' id='word_1_708' title='bbox 2600 4070 2877 4142; x_wconf 86' lang='grc' dir='ltr'>πλήρωμα</span> <span class='ocrx_word' id='word_1_709' title='bbox 2897 4070 2999 4140; x_wconf 82' lang='grc' dir='ltr'>τῆς</span> <span class='ocrx_word' id='word_1_710' title='bbox 3036 4069 3309 4142; x_wconf 79' lang='grc' dir='ltr'>θεότητος.</span> <span class='ocrx_word' id='word_1_711' title='bbox 3359 4071 3476 4124; x_wconf 71' lang='grc' dir='ltr'>Καὶ</span> <span class='ocrx_word' id='word_1_712' title='bbox 3500 4072 3553 4123; x_wconf 80' lang='grc' dir='ltr'><strong>οί</strong></span> <span class='ocrx_word' id='word_1_713' title='bbox 3579 4069 3671 4142; x_wconf 79' lang='grc' dir='ltr'>μὲν</span> 
     </span>
    </p>
   </div>
   <div class='ocr_carea' id='block_1_89' title="bbox 2082 4160 3671 4237">
    <p class='ocr_par' dir='ltr' id='par_1_89' title="bbox 2082 4160 3671 4237">
     <span class='ocr_line' id='line_1_89' title="bbox 2082 4160 3671 4237; baseline 0.001 -20"><span class='ocrx_word' id='word_1_714' title='bbox 2082 4163 2225 4233; x_wconf 69' lang='grc' dir='ltr'>ἅγιοι</span> <span class='ocrx_word' id='word_1_715' title='bbox 2267 4164 2483 4234; x_wconf 78' lang='grc' dir='ltr'>μέτοχοι</span> <span class='ocrx_word' id='word_1_716' title='bbox 2514 4164 2608 4218; x_wconf 90' lang='grc' dir='ltr'><strong>τοῦ</strong></span> <span class='ocrx_word' id='word_1_717' title='bbox 2641 4165 2818 4232; x_wconf 85' lang='grc' dir='ltr'>Λόγου</span> <span class='ocrx_word' id='word_1_718' title='bbox 2856 4160 2996 4237; x_wconf 79' lang='grc' dir='ltr'>ἦσαν</span> <span class='ocrx_word' id='word_1_719' title='bbox 3022 4180 3036 4194; x_wconf 73' lang='grc'><strong>⁸</strong></span> <span class='ocrx_word' id='word_1_720' title='bbox 3086 4163 3319 4218; x_wconf 81' lang='grc' dir='ltr'>ἐνταῦθα</span> <span class='ocrx_word' id='word_1_721' title='bbox 3347 4164 3408 4217; x_wconf 87' lang='grc' dir='ltr'><strong>δὲ</strong></span> <span class='ocrx_word' id='word_1_722' title='bbox 3451 4167 3484 4219; x_wconf 94' lang='lat'><strong>6</strong></span> <span class='ocrx_word' id='word_1_723' title='bbox 3511 4166 3671 4234; x_wconf 80' lang='grc' dir='ltr'>Λόγος</span> 
     </span>
    </p>
   </div>
   <div class='ocr_carea' id='block_1_90' title="bbox 2084 4255 3669 4328">
    <p class='ocr_par' dir='ltr' id='par_1_90' title="bbox 2084 4255 3669 4328">
     <span class='ocr_line' id='line_1_90' title="bbox 2084 4255 3669 4328; baseline 0.002 -21"><span class='ocrx_word' id='word_1_724' title='bbox 2084 4255 2312 4327; x_wconf 84' lang='grc' dir='ltr'>μετέσχε</span> <span class='ocrx_word' id='word_1_725' title='bbox 2360 4256 2461 4328; x_wconf 79' lang='grc' dir='ltr'>τῆς</span> <span class='ocrx_word' id='word_1_726' title='bbox 2494 4256 2932 4328; x_wconf 86' lang='grc' dir='ltr'>άνθρωπότητος.</span> <span class='ocrx_word' id='word_1_727' title='bbox 2952 4257 3204 4311; x_wconf 76' lang='grc' dir='ltr'><strong>Ἀπολλ.</strong></span> <span class='ocrx_word' id='word_1_728' title='bbox 3249 4256 3412 4318; x_wconf 82' lang='grc' dir='ltr'>Εἰπὲ,</span> <span class='ocrx_word' id='word_1_729' title='bbox 3442 4258 3669 4328; x_wconf 78' lang='grc' dir='ltr'>αἵματος</span> 
     </span>
    </p>
   </div>
   <div class='ocr_carea' id='block_1_91' title="bbox 2082 4347 3666 4422">
    <p class='ocr_par' dir='ltr' id='par_1_91' title="bbox 2082 4347 3666 4422">
     <span class='ocr_line' id='line_1_91' title="bbox 2082 4347 3666 4422; baseline 0.001 -22"><span class='ocrx_word' id='word_1_730' title='bbox 2082 4347 2177 4400; x_wconf 75' lang='grc' dir='ltr'><strong>καὶ</strong></span> <span class='ocrx_word' id='word_1_731' title='bbox 2217 4348 2440 4419; x_wconf 81' lang='grc' dir='ltr'>σαρκὸς,</span> <span class='ocrx_word' id='word_1_732' title='bbox 2486 4349 2563 4413; x_wconf 88' lang='grc' dir='ltr'><strong>ὡς</strong></span> <span class='ocrx_word' id='word_1_733' title='bbox 2616 4350 2952 4421; x_wconf 84' lang='grc' dir='ltr'>γέγραπται.</span> <span class='ocrx_word' id='word_1_734' title='bbox 2987 4350 3140 4418; x_wconf 83' lang='grc' dir='ltr'>Ὀρθ.</span> <span class='ocrx_word' id='word_1_735' title='bbox 3173 4349 3335 4413; x_wconf 82' lang='grc' dir='ltr'>Ἐθος</span> <span class='ocrx_word' id='word_1_736' title='bbox 3362 4352 3431 4420; x_wconf 80' lang='grc' dir='ltr'>τῇ</span> <span class='ocrx_word' id='word_1_737' title='bbox 3485 4350 3666 4422; x_wconf 74' lang='grc' dir='ltr'>Γραφῇ</span> 
     </span>
    </p>
   </div>
   <div class='ocr_carea' id='block_1_92' title="bbox 2084 4435 3667 4514">
    <p class='ocr_par' dir='ltr' id='par_1_92' title="bbox 2084 4435 3667 4514">
     <span class='ocr_line' id='line_1_92' title="bbox 2084 4435 3667 4514; baseline 0.001 -22"><span class='ocrx_word' id='word_1_738' title='bbox 2084 4440 2174 4493; x_wconf 81' lang='grc' dir='ltr'><strong>τὸν</strong></span> <span class='ocrx_word' id='word_1_739' title='bbox 2207 4439 2327 4493; x_wconf 83' lang='grc' dir='ltr'>ὅλον</span> <span class='ocrx_word' id='word_1_740' title='bbox 2345 4440 2630 4513; x_wconf 74' lang='grc' dir='ltr'>ἄνθρωπον</span> <span class='ocrx_word' id='word_1_741' title='bbox 2664 4442 2845 4514; x_wconf 87' lang='grc' dir='ltr'>σάρκα</span> <span class='ocrx_word' id='word_1_742' title='bbox 2882 4441 2977 4495; x_wconf 78' lang='grc' dir='ltr'><strong>καὶ</strong></span> <span class='ocrx_word' id='word_1_743' title='bbox 3004 4435 3147 4512; x_wconf 73' lang='grc' dir='ltr'>αἷμα</span> <span class='ocrx_word' id='word_1_744' title='bbox 3191 4442 3403 4505; x_wconf 83' lang='grc' dir='ltr'>καλεῖν,</span> <span class='ocrx_word' id='word_1_745' title='bbox 3445 4442 3525 4506; x_wconf 83' lang='grc' dir='ltr'>ὡς</span> <span class='ocrx_word' id='word_1_746' title='bbox 3547 4443 3667 4496; x_wconf 71' lang='grc' dir='ltr'>ὅταν</span> 
     </span>
    </p>
   </div>
   <div class='ocr_carea' id='block_1_93' title="bbox 2083 4529 3663 4604">
    <p class='ocr_par' dir='ltr' id='par_1_93' title="bbox 2083 4529 3663 4604">
     <span class='ocr_line' id='line_1_93' title="bbox 2083 4529 3663 4604; baseline 0.003 -22"><span class='ocrx_word' id='word_1_747' title='bbox 2083 4529 2248 4603; x_wconf 89' lang='grc' dir='ltr'>λέγῃ·</span> <span class='ocrx_word' id='word_1_748' title='bbox 2289 4549 2307 4581; x_wconf 78' lang='grc' dir='ltr'><strong>ι</strong></span> <span class='ocrx_word' id='word_1_749' title='bbox 2339 4532 2413 4584; x_wconf 88' lang='grc' dir='ltr'><strong>Οὐ</strong></span> <span class='ocrx_word' id='word_1_750' title='bbox 2447 4531 2864 4604; x_wconf 84' lang='grc' dir='ltr'>προσανεθέμην</span> <span class='ocrx_word' id='word_1_751' title='bbox 2895 4534 3061 4604; x_wconf 74' lang='grc' dir='ltr'>σαρκὶ</span> <span class='ocrx_word' id='word_1_752' title='bbox 3100 4533 3193 4586; x_wconf 74' lang='grc' dir='ltr'>καὶ</span> <span class='ocrx_word' id='word_1_753' title='bbox 3237 4534 3469 4604; x_wconf 78' lang='grc' dir='ltr'>αἵματιο</span> <span class='ocrx_word' id='word_1_754' title='bbox 3502 4554 3522 4581; x_wconf 77' lang='grc' dir='ltr'><strong>ι</strong></span> <span class='ocrx_word' id='word_1_755' title='bbox 3558 4535 3663 4595; x_wconf 73' lang='grc' dir='ltr'>καὶ,</span> 
     </span>
    </p>
   </div>
   <div class='ocr_carea' id='block_1_94' title="bbox 402 4602 1983 4700">
    <p class='ocr_par' dir='ltr' id='par_1_94' title="bbox 402 4624 1981 4696">
     <span class='ocr_line' id='line_1_94' title="bbox 402 4624 1981 4696; baseline 0.002 -18"><span class='ocrx_word' id='word_1_756' title='bbox 402 4638 599 4678; x_wconf 82' lang='lat' dir='ltr'><strong>vocare</strong></span> <span class='ocrx_word' id='word_1_757' title='bbox 626 4638 849 4679; x_wconf 89' lang='lat' dir='ltr'><strong>carnem</strong></span> <span class='ocrx_word' id='word_1_758' title='bbox 876 4633 931 4678; x_wconf 88' lang='lat' dir='ltr'><strong>et</strong></span> <span class='ocrx_word' id='word_1_759' title='bbox 961 4624 1307 4696; x_wconf 79' lang='lat' dir='ltr'><strong>sanguinem,</strong></span> <span class='ocrx_word' id='word_1_760' title='bbox 1333 4632 1392 4679; x_wconf 96' lang='lat' dir='ltr'><strong>ut</strong></span> <span class='ocrx_word' id='word_1_761' title='bbox 1427 4640 1553 4679; x_wconf 91' lang='lat' dir='ltr'><strong>cum</strong></span> <span class='ocrx_word' id='word_1_762' title='bbox 1594 4625 1768 4680; x_wconf 87' lang='lat' dir='ltr'><strong>dicit:</strong></span> <span class='ocrx_word' id='word_1_763' title='bbox 1806 4645 1825 4676; x_wconf 74' lang='grc' dir='ltr'><strong>ι</strong></span> <span class='ocrx_word' id='word_1_764' title='bbox 1860 4624 1981 4681; x_wconf 88' lang='lat' dir='ltr'><strong>Non</strong></span> 
     </span>
    </p>
   </div>
   <div class='ocr_carea' id='block_1_95' title="bbox 2087 4602 3667 4700">
    <p class='ocr_par' dir='ltr' id='par_1_95' title="bbox 2094 4602 3667 4700">
     <span class='ocr_line' id='line_1_95' title="bbox 2094 4602 3667 4700; baseline 0.003 -24"><span class='ocrx_word' id='word_1_765' title='bbox 2094 4644 2112 4675; x_wconf 78' lang='grc' dir='ltr'><strong>ι</strong></span> <span class='ocrx_word' id='word_1_766' title='bbox 2244 4626 2363 4688; x_wconf 89' lang='grc' dir='ltr'>ταῖς</span> <span class='ocrx_word' id='word_1_767' title='bbox 2402 4602 2660 4695; x_wconf 77' lang='grc' dir='ltr'>ἐσχάταις</span> <span class='ocrx_word' id='word_1_768' title='bbox 2699 4627 2936 4698; x_wconf 83' lang='grc' dir='ltr'>ἡμέραις</span> <span class='ocrx_word' id='word_1_769' title='bbox 2963 4602 3138 4697; x_wconf 63' lang='grc' dir='ltr'>ἐκχεῶ</span> <span class='ocrx_word' id='word_1_770' title='bbox 3161 4627 3271 4680; x_wconf 85' lang='grc' dir='ltr'><strong>άπὸ</strong></span> <span class='ocrx_word' id='word_1_771' title='bbox 3299 4602 3396 4680; x_wconf 86' lang='grc' dir='ltr'><strong>τοῦ</strong></span> <span class='ocrx_word' id='word_1_772' title='bbox 3421 4627 3667 4700; x_wconf 79' lang='grc' dir='ltr'>Πνεῦμα·</span> 
     </span>
    </p>
   </div>
   <div class='ocr_carea' id='block_1_96' title="bbox 402 4714 1983 4789">
    <p class='ocr_par' dir='ltr' id='par_1_96' title="bbox 402 4714 1983 4789">
     <span class='ocr_line' id='line_1_96' title="bbox 402 4714 1983 4789; baseline 0.003 -19"><span class='ocrx_word' id='word_1_773' title='bbox 402 4714 544 4770; x_wconf 86' lang='lat' dir='ltr'><strong>ultra</strong></span> <span class='ocrx_word' id='word_1_774' title='bbox 574 4716 819 4787; x_wconf 89' lang='lat' dir='ltr'><strong>acquievi</strong></span> <span class='ocrx_word' id='word_1_775' title='bbox 851 4717 1003 4771; x_wconf 90' lang='lat' dir='ltr'><strong>carni</strong></span> <span class='ocrx_word' id='word_1_776' title='bbox 1042 4725 1097 4773; x_wconf 91' lang='lat' dir='ltr'><strong>et</strong></span> <span class='ocrx_word' id='word_1_777' title='bbox 1125 4717 1376 4789; x_wconf 80' lang='lat' dir='ltr'><strong>sanguini</strong></span> <span class='ocrx_word' id='word_1_778' title='bbox 1406 4718 1473 4770; x_wconf 79' lang='grc' dir='ltr'><strong>⁷ο.</strong></span> <span class='ocrx_word' id='word_1_779' title='bbox 1515 4737 1533 4770; x_wconf 73' lang='grc' dir='ltr'><strong>ο</strong></span> <span class='ocrx_word' id='word_1_780' title='bbox 1570 4716 1677 4774; x_wconf 88' lang='lat' dir='ltr'><strong>Et:</strong></span> <span class='ocrx_word' id='word_1_781' title='bbox 1715 4738 1733 4770; x_wconf 80' lang='grc' dir='ltr'><strong>ι</strong></span> <span class='ocrx_word' id='word_1_782' title='bbox 1789 4717 1849 4773; x_wconf 85' lang='lat' dir='ltr'><strong>In</strong></span> <span class='ocrx_word' id='word_1_783' title='bbox 1881 4734 1983 4773; x_wconf 90' lang='lat' dir='ltr'><strong>no-</strong></span> 
     </span>
    </p>
   </div>
   <div class='ocr_carea' id='block_1_97' title="bbox 398 4807 1983 4880">
    <p class='ocr_par' dir='ltr' id='par_1_97' title="bbox 398 4807 1983 4880">
     <span class='ocr_line' id='line_1_97' title="bbox 398 4807 1983 4880; baseline 0 -16"><span class='ocrx_word' id='word_1_784' title='bbox 398 4807 645 4865; x_wconf 73' lang='lat' dir='ltr'><strong>vissimis</strong></span> <span class='ocrx_word' id='word_1_785' title='bbox 673 4809 868 4865; x_wconf 89' lang='lat' dir='ltr'><strong>diebus</strong></span> <span class='ocrx_word' id='word_1_786' title='bbox 918 4809 1190 4865; x_wconf 82' lang='lat' dir='ltr'><strong>eﬂ&#39;undam</strong></span> <span class='ocrx_word' id='word_1_787' title='bbox 1251 4809 1319 4865; x_wconf 88' lang='lat' dir='ltr'><strong>de</strong></span> <span class='ocrx_word' id='word_1_788' title='bbox 1370 4808 1578 4879; x_wconf 90' lang='lat' dir='ltr'><strong>Spiritu</strong></span> <span class='ocrx_word' id='word_1_789' title='bbox 1639 4826 1759 4865; x_wconf 88' lang='lat' dir='ltr'><strong>meo</strong></span> <span class='ocrx_word' id='word_1_790' title='bbox 1816 4826 1983 4880; x_wconf 89' lang='lat' dir='ltr'><strong>super</strong></span> 
     </span>
    </p>
   </div>
   <div class='ocr_carea' id='block_1_98' title="bbox 400 4898 1980 4969">
    <p class='ocr_par' dir='ltr' id='par_1_98' title="bbox 400 4898 1980 4969">
     <span class='ocr_line' id='line_1_98' title="bbox 400 4898 1980 4969; baseline -0.001 -14"><span class='ocrx_word' id='word_1_791' title='bbox 400 4914 619 4956; x_wconf 90' lang='lat' dir='ltr'><strong>omnem</strong></span> <span class='ocrx_word' id='word_1_792' title='bbox 655 4915 875 4956; x_wconf 89' lang='lat' dir='ltr'><strong>carnem</strong></span> <span class='ocrx_word' id='word_1_793' title='bbox 907 4901 974 4954; x_wconf 71' lang='grc' dir='ltr'><strong>τί.</strong></span> <span class='ocrx_word' id='word_1_794' title='bbox 1016 4919 1036 4951; x_wconf 82' lang='grc'><strong>›</strong></span> <span class='ocrx_word' id='word_1_795' title='bbox 1081 4898 1148 4954; x_wconf 86' lang='lat' dir='ltr'><strong>Et</strong></span> <span class='ocrx_word' id='word_1_796' title='bbox 1181 4915 1399 4954; x_wconf 91' lang='lat' dir='ltr'><strong>rursum</strong></span> <span class='ocrx_word' id='word_1_797' title='bbox 1432 4914 1445 4950; x_wconf 91' lang='lat'><strong>:</strong></span> <span class='ocrx_word' id='word_1_798' title='bbox 1488 4918 1505 4950; x_wconf 89' lang='grc'><em>‹</em></span> <span class='ocrx_word' id='word_1_799' title='bbox 1538 4898 1658 4953; x_wconf 86' lang='lat' dir='ltr'><strong>Non</strong></span> <span class='ocrx_word' id='word_1_800' title='bbox 1698 4914 1980 4969; x_wconf 86' lang='lat' dir='ltr'><strong>permane-</strong></span> 
     </span>
    </p>
   </div>
   <div class='ocr_carea' id='block_1_99' title="bbox 402 4991 1981 5065">
    <p class='ocr_par' dir='ltr' id='par_1_99' title="bbox 402 4991 1981 5065">
     <span class='ocr_line' id='line_1_99' title="bbox 402 4991 1981 5065; baseline -0.002 -15"><span class='ocrx_word' id='word_1_801' title='bbox 402 4994 482 5050; x_wconf 90' lang='lat' dir='ltr'><strong>bit</strong></span> <span class='ocrx_word' id='word_1_802' title='bbox 535 4994 772 5065; x_wconf 88' lang='lat' dir='ltr'><strong>Spiritus</strong></span> <span class='ocrx_word' id='word_1_803' title='bbox 814 5008 968 5048; x_wconf 91' lang='lat' dir='ltr'><strong>meus</strong></span> <span class='ocrx_word' id='word_1_804' title='bbox 1015 4993 1070 5047; x_wconf 90' lang='lat' dir='ltr'><strong>in</strong></span> <span class='ocrx_word' id='word_1_805' title='bbox 1112 4992 1428 5047; x_wconf 88' lang='lat' dir='ltr'><strong>hominibus</strong></span> <span class='ocrx_word' id='word_1_806' title='bbox 1472 4991 1624 5056; x_wconf 90' lang='lat' dir='ltr'><strong>istis,</strong></span> <span class='ocrx_word' id='word_1_807' title='bbox 1671 4995 1800 5062; x_wconf 86' lang='lat' dir='ltr'><strong>quia</strong></span> <span class='ocrx_word' id='word_1_808' title='bbox 1851 5007 1981 5047; x_wconf 86' lang='lat' dir='ltr'><strong>caro</strong></span> 
     </span>
    </p>
   </div>
   <div class='ocr_carea' id='block_1_100' title="bbox 401 5083 1982 5155">
    <p class='ocr_par' dir='ltr' id='par_1_100' title="bbox 401 5083 1982 5155">
     <span class='ocr_line' id='line_1_100' title="bbox 401 5083 1982 5155; baseline -0.003 -14"><span class='ocrx_word' id='word_1_809' title='bbox 401 5093 533 5141; x_wconf 87' lang='lat' dir='ltr'><strong>sunt</strong></span> <span class='ocrx_word' id='word_1_810' title='bbox 569 5086 638 5140; x_wconf 83' lang='lat'><strong>&quot;.</strong></span> <span class='ocrx_word' id='word_1_811' title='bbox 676 5105 695 5137; x_wconf 77' lang='grc' dir='ltr'><strong>ι</strong></span> <span class='ocrx_word' id='word_1_812' title='bbox 754 5084 821 5138; x_wconf 86' lang='lat' dir='ltr'><strong>Et</strong></span> <span class='ocrx_word' id='word_1_813' title='bbox 852 5099 1192 5155; x_wconf 64' lang='lat' dir='ltr'><strong>quaecunque</strong></span> <span class='ocrx_word' id='word_1_814' title='bbox 1240 5090 1370 5138; x_wconf 86' lang='lat' dir='ltr'><strong>sunt</strong></span> <span class='ocrx_word' id='word_1_815' title='bbox 1422 5083 1762 5153; x_wconf 88' lang='lat' dir='ltr'><strong>hujusmodi.</strong></span> <span class='ocrx_word' id='word_1_816' title='bbox 1803 5083 1982 5154; x_wconf 83' lang='lat' dir='ltr'><strong>Apoll.</strong></span> 
     </span>
    </p>
   </div>
   <div class='ocr_carea' id='block_1_101' title="bbox 402 5172 1986 5247">
    <p class='ocr_par' dir='ltr' id='par_1_101' title="bbox 402 5172 1986 5247">
     <span class='ocr_line' id='line_1_101' title="bbox 402 5172 1986 5247; baseline 0.001 -16"><span class='ocrx_word' id='word_1_817' title='bbox 402 5177 545 5244; x_wconf 90' lang='lat' dir='ltr'><strong>Quid</strong></span> <span class='ocrx_word' id='word_1_818' title='bbox 570 5176 705 5232; x_wconf 87' lang='lat' dir='ltr'><strong>illud</strong></span> <span class='ocrx_word' id='word_1_819' title='bbox 729 5188 833 5243; x_wconf 86' lang='lat' dir='ltr'><strong>est,</strong></span> <span class='ocrx_word' id='word_1_820' title='bbox 860 5175 1046 5231; x_wconf 84' lang='lat' dir='ltr'><strong>Sancti</strong></span> <span class='ocrx_word' id='word_1_821' title='bbox 1065 5175 1487 5247; x_wconf 88' lang='lat' dir='ltr'><strong>participarunt,</strong></span> <span class='ocrx_word' id='word_1_822' title='bbox 1512 5182 1566 5230; x_wconf 89' lang='lat' dir='ltr'><strong>et</strong></span> <span class='ocrx_word' id='word_1_823' title='bbox 1583 5173 1727 5229; x_wconf 88' lang='lat' dir='ltr'><strong>Deus</strong></span> <span class='ocrx_word' id='word_1_824' title='bbox 1744 5172 1986 5233; x_wconf 83' lang='lat' dir='ltr'><strong>Verbum</strong></span> 
     </span>
    </p>
   </div>
   <div class='ocr_carea' id='block_1_102' title="bbox 401 5265 1987 5344">
    <p class='ocr_par' dir='ltr' id='par_1_102' title="bbox 401 5265 1987 5344">
     <span class='ocr_line' id='line_1_102' title="bbox 401 5265 1987 5344; baseline -0.004 -17"><span class='ocrx_word' id='word_1_825' title='bbox 401 5269 782 5344; x_wconf 81' lang='lat' dir='ltr'><strong>participavit?</strong></span> <span class='ocrx_word' id='word_1_826' title='bbox 796 5268 1073 5341; x_wconf 79' lang='lat' dir='ltr'><strong>quodnam</strong></span> <span class='ocrx_word' id='word_1_827' title='bbox 1087 5276 1173 5324; x_wconf 90' lang='lat' dir='ltr'><strong>est</strong></span> <span class='ocrx_word' id='word_1_828' title='bbox 1188 5267 1294 5322; x_wconf 93' lang='lat' dir='ltr'><strong>hoc</strong></span> <span class='ocrx_word' id='word_1_829' title='bbox 1308 5266 1640 5321; x_wconf 75' lang='lat' dir='ltr'><strong>discrimen?</strong></span> <span class='ocrx_word' id='word_1_830' title='bbox 1658 5266 1791 5322; x_wconf 81' lang='lat' dir='ltr'><strong>Orth</strong></span> <span class='ocrx_word' id='word_1_831' title='bbox 1830 5265 1987 5333; x_wconf 89' lang='lat' dir='ltr'><strong>Quod</strong></span> 
     </span>
    </p>
   </div>
   <div class='ocr_carea' id='block_1_103' title="bbox 2087 4715 3665 4791">
    <p class='ocr_par' dir='ltr' id='par_1_103' title="bbox 2087 4715 3665 4791">
     <span class='ocr_line' id='line_1_103' title="bbox 2087 4715 3665 4791; baseline 0.003 -23"><span class='ocrx_word' id='word_1_832' title='bbox 2087 4715 2177 4780; x_wconf 87' lang='grc' dir='ltr'><strong>τός</strong></span> <span class='ocrx_word' id='word_1_833' title='bbox 2207 4732 2311 4787; x_wconf 86' lang='grc' dir='ltr'><strong>μου</strong></span> <span class='ocrx_word' id='word_1_834' title='bbox 2333 4717 2427 4770; x_wconf 78' lang='grc' dir='ltr'><strong>ἐπὶ</strong></span> <span class='ocrx_word' id='word_1_835' title='bbox 2452 4718 2632 4772; x_wconf 83' lang='grc' dir='ltr'>πᾶσαν</span> <span class='ocrx_word' id='word_1_836' title='bbox 2649 4718 2829 4790; x_wconf 87' lang='grc' dir='ltr'>σάρκα</span> <span class='ocrx_word' id='word_1_837' title='bbox 2848 4735 2861 4748; x_wconf 75' lang='grc' dir='ltr'><strong>ο</strong></span> <span class='ocrx_word' id='word_1_838' title='bbox 2887 4738 2907 4770; x_wconf 72' lang='grc' dir='ltr'><strong>ι</strong></span> <span class='ocrx_word' id='word_1_839' title='bbox 2924 4720 3015 4773; x_wconf 80' lang='grc' dir='ltr'>καὶ</span> <span class='ocrx_word' id='word_1_840' title='bbox 3033 4718 3196 4773; x_wconf 87' lang='grc' dir='ltr'>πάλιν</span> <span class='ocrx_word' id='word_1_841' title='bbox 3214 4735 3229 4750; x_wconf 83' lang='grc'><em>’</em></span> <span class='ocrx_word' id='word_1_842' title='bbox 3255 4738 3275 4770; x_wconf 72' lang='grc' dir='ltr'><strong>ι</strong></span> <span class='ocrx_word' id='word_1_843' title='bbox 3304 4719 3383 4772; x_wconf 83' lang='grc' dir='ltr'><strong>Οὐ</strong></span> <span class='ocrx_word' id='word_1_844' title='bbox 3408 4720 3486 4791; x_wconf 83' lang='grc' dir='ltr'>μὴ</span> <span class='ocrx_word' id='word_1_845' title='bbox 3507 4736 3665 4773; x_wconf 75' lang='grc' dir='ltr'>καταο</span> 
     </span>
    </p>
   </div>
   <div class='ocr_carea' id='block_1_104' title="bbox 2093 4806 3664 4880">
    <p class='ocr_par' dir='ltr' id='par_1_104' title="bbox 2093 4806 3664 4880">
     <span class='ocr_line' id='line_1_104' title="bbox 2093 4806 3664 4880; baseline 0.002 -22"><span class='ocrx_word' id='word_1_846' title='bbox 2093 4806 2252 4878; x_wconf 81' lang='grc' dir='ltr'>μείνῃ</span> <span class='ocrx_word' id='word_1_847' title='bbox 2275 4806 2336 4859; x_wconf 83' lang='grc' dir='ltr'><strong>τὸ</strong></span> <span class='ocrx_word' id='word_1_848' title='bbox 2362 4806 2590 4878; x_wconf 88' lang='grc' dir='ltr'>Πνεῦμά</span> <span class='ocrx_word' id='word_1_849' title='bbox 2615 4825 2716 4879; x_wconf 89' lang='grc' dir='ltr'><strong>μου</strong></span> <span class='ocrx_word' id='word_1_850' title='bbox 2750 4809 2845 4861; x_wconf 80' lang='grc' dir='ltr'><strong>ἐπὶ</strong></span> <span class='ocrx_word' id='word_1_851' title='bbox 2871 4811 2999 4873; x_wconf 87' lang='grc' dir='ltr'>τοὺς</span> <span class='ocrx_word' id='word_1_852' title='bbox 3026 4808 3372 4880; x_wconf 82' lang='grc' dir='ltr'>ἀνθρώπους,</span> <span class='ocrx_word' id='word_1_853' title='bbox 3394 4809 3486 4862; x_wconf 69' lang='grc' dir='ltr'><strong>διὰ</strong></span> <span class='ocrx_word' id='word_1_854' title='bbox 3515 4811 3574 4863; x_wconf 82' lang='grc' dir='ltr'><strong>τὸ</strong></span> <span class='ocrx_word' id='word_1_855' title='bbox 3594 4806 3664 4862; x_wconf 82' lang='grc' dir='ltr'><strong>εἷ-</strong></span> 
     </span>
    </p>
   </div>
   <div class='ocr_carea' id='block_1_105' title="bbox 2089 4898 3664 4970">
    <p class='ocr_par' dir='ltr' id='par_1_105' title="bbox 2089 4898 3664 4970">
     <span class='ocr_line' id='line_1_105' title="bbox 2089 4898 3664 4970; baseline 0.001 -19"><span class='ocrx_word' id='word_1_856' title='bbox 2089 4914 2179 4953; x_wconf 86' lang='grc' dir='ltr'><strong>ναι</strong></span> <span class='ocrx_word' id='word_1_857' title='bbox 2229 4898 2426 4961; x_wconf 80' lang='grc' dir='ltr'>αὐτοὺς</span> <span class='ocrx_word' id='word_1_858' title='bbox 2467 4899 2677 4970; x_wconf 85' lang='grc' dir='ltr'>σάρκα·</span> <span class='ocrx_word' id='word_1_859' title='bbox 2704 4919 2723 4951; x_wconf 74' lang='grc' dir='ltr'><strong>ι</strong></span> <span class='ocrx_word' id='word_1_860' title='bbox 2758 4900 2852 4954; x_wconf 81' lang='grc' dir='ltr'><strong>καὶ</strong></span> <span class='ocrx_word' id='word_1_861' title='bbox 2883 4901 2985 4953; x_wconf 84' lang='grc' dir='ltr'>ὅσα</span> <span class='ocrx_word' id='word_1_862' title='bbox 3044 4900 3291 4953; x_wconf 85' lang='grc' dir='ltr'>τοιαῦτα.</span> <span class='ocrx_word' id='word_1_863' title='bbox 3314 4901 3568 4955; x_wconf 70' lang='grc' dir='ltr'><strong>Ἀπολλ.</strong></span> <span class='ocrx_word' id='word_1_864' title='bbox 3604 4901 3664 4954; x_wconf 80' lang='grc' dir='ltr'><strong>Τί</strong></span> 
     </span>
    </p>
   </div>
   <div class='ocr_carea' id='block_1_106' title="bbox 2080 4990 3661 5065">
    <p class='ocr_par' dir='ltr' id='par_1_106' title="bbox 2080 4990 3661 5065">
     <span class='ocr_line' id='line_1_106' title="bbox 2080 4990 3661 5065; baseline 0.003 -23"><span class='ocrx_word' id='word_1_865' title='bbox 2080 4990 2259 5056; x_wconf 81' lang='grc' dir='ltr'>ἐστιν,</span> <span class='ocrx_word' id='word_1_866' title='bbox 2289 4991 2353 5042; x_wconf 82' lang='lat' dir='ltr'><strong>Ui.</strong></span> <span class='ocrx_word' id='word_1_867' title='bbox 2376 4991 2522 5058; x_wconf 83' lang='grc' dir='ltr'>ἆγιοι</span> <span class='ocrx_word' id='word_1_868' title='bbox 2556 4991 2838 5062; x_wconf 82' lang='grc' dir='ltr'>μετέσχον,</span> <span class='ocrx_word' id='word_1_869' title='bbox 2864 4994 2959 5046; x_wconf 79' lang='grc' dir='ltr'><strong>καὶ</strong></span> <span class='ocrx_word' id='word_1_870' title='bbox 2985 4995 3025 5047; x_wconf 87' lang='grc' dir='ltr'><strong>ὁ,</strong></span> <span class='ocrx_word' id='word_1_871' title='bbox 3037 4992 3171 5054; x_wconf 84' lang='grc' dir='ltr'>Θεὸς</span> <span class='ocrx_word' id='word_1_872' title='bbox 3199 4992 3373 5060; x_wconf 82' lang='grc' dir='ltr'>Λόγος</span> <span class='ocrx_word' id='word_1_873' title='bbox 3405 4995 3661 5065; x_wconf 75' lang='grc' dir='ltr'>μετέσχες</span> 
     </span>
    </p>
   </div>
   <div class='ocr_carea' id='block_1_107' title="bbox 2084 5082 3659 5156">
    <p class='ocr_par' dir='ltr' id='par_1_107' title="bbox 2084 5082 3659 5156">
     <span class='ocr_line' id='line_1_107' title="bbox 2084 5082 3659 5156; baseline 0 -20"><span class='ocrx_word' id='word_1_874' title='bbox 2084 5082 2222 5152; x_wconf 87' lang='grc' dir='ltr'>τίςή</span> <span class='ocrx_word' id='word_1_875' title='bbox 2249 5082 2515 5153; x_wconf 77' lang='grc' dir='ltr'>διαφοράς</span> <span class='ocrx_word' id='word_1_876' title='bbox 2544 5084 2697 5152; x_wconf 82' lang='grc' dir='ltr'>Ὀρθ.</span> <span class='ocrx_word' id='word_1_877' title='bbox 2714 5084 2838 5138; x_wconf 85' lang='grc' dir='ltr'>’Ότι</span> <span class='ocrx_word' id='word_1_878' title='bbox 2856 5086 2906 5138; x_wconf 81' lang='grc' dir='ltr'>οἱ</span> <span class='ocrx_word' id='word_1_879' title='bbox 2934 5085 3081 5148; x_wconf 77' lang='grc' dir='ltr'>ἅγιοι</span> <span class='ocrx_word' id='word_1_880' title='bbox 3107 5085 3374 5156; x_wconf 85' lang='grc' dir='ltr'>πρότερον</span> <span class='ocrx_word' id='word_1_881' title='bbox 3400 5084 3659 5156; x_wconf 76' lang='grc' dir='ltr'>ὑπῆρξαν,</span> 
     </span>
    </p>
   </div>
   <div class='ocr_carea' id='block_1_108' title="bbox 2086 5174 3657 5247">
    <p class='ocr_par' dir='ltr' id='par_1_108' title="bbox 2086 5174 3657 5247">
     <span class='ocr_line' id='line_1_108' title="bbox 2086 5174 3657 5247; baseline -0.001 -18"><span class='ocrx_word' id='word_1_882' title='bbox 2086 5175 2180 5229; x_wconf 80' lang='grc' dir='ltr'><strong>καὶ</strong></span> <span class='ocrx_word' id='word_1_883' title='bbox 2207 5174 2330 5228; x_wconf 85' lang='grc' dir='ltr'>τότε</span> <span class='ocrx_word' id='word_1_884' title='bbox 2360 5177 2620 5247; x_wconf 82' lang='grc' dir='ltr'>μετέσχον</span> <span class='ocrx_word' id='word_1_885' title='bbox 2644 5177 2781 5234; x_wconf 84' lang='grc' dir='ltr'>Θεοῦ</span> <span class='ocrx_word' id='word_1_886' title='bbox 2813 5177 3007 5246; x_wconf 74' lang='grc' dir='ltr'>Λόγουο</span> <span class='ocrx_word' id='word_1_887' title='bbox 3027 5176 3263 5230; x_wconf 82' lang='grc' dir='ltr'>ἐνταῦθα</span> <span class='ocrx_word' id='word_1_888' title='bbox 3277 5175 3334 5229; x_wconf 85' lang='grc' dir='ltr'><strong>δὲ</strong></span> <span class='ocrx_word' id='word_1_889' title='bbox 3355 5175 3456 5245; x_wconf 82' lang='grc' dir='ltr'>οὐχ</span> <span class='ocrx_word' id='word_1_890' title='bbox 3476 5174 3657 5238; x_wconf 76' lang='grc' dir='ltr'>οὕτως,</span> 
     </span>
    </p>
   </div>
   <div class='ocr_carea' id='block_1_109' title="bbox 2087 5266 3660 5341">
    <p class='ocr_par' dir='ltr' id='par_1_109' title="bbox 2087 5266 3660 5341">
     <span class='ocr_line' id='line_1_109' title="bbox 2087 5266 3660 5341; baseline -0.002 -20"><span class='ocrx_word' id='word_1_891' title='bbox 2087 5266 2239 5338; x_wconf 45' lang='grc' dir='ltr'>ἀλλὰ,</span> <span class='ocrx_word' id='word_1_892' title='bbox 2254 5269 2283 5321; x_wconf 94' lang='lat'><strong>6</strong></span> <span class='ocrx_word' id='word_1_893' title='bbox 2299 5267 2375 5323; x_wconf 83' lang='grc' dir='ltr'><strong>ὢν</strong></span> <span class='ocrx_word' id='word_1_894' title='bbox 2407 5269 2515 5341; x_wconf 84' lang='grc' dir='ltr'><strong>πρὸ</strong></span> <span class='ocrx_word' id='word_1_895' title='bbox 2543 5267 2661 5335; x_wconf 42' lang='grc' dir='ltr'>τῶν,</span> <span class='ocrx_word' id='word_1_896' title='bbox 2675 5268 2885 5324; x_wconf 73' lang='grc' dir='ltr'>αἰώνων</span> <span class='ocrx_word' id='word_1_897' title='bbox 2910 5269 3042 5333; x_wconf 85' lang='grc' dir='ltr'>Θεὸς</span> <span class='ocrx_word' id='word_1_898' title='bbox 3062 5269 3256 5338; x_wconf 89' lang='grc' dir='ltr'>Λόγος,</span> <span class='ocrx_word' id='word_1_899' title='bbox 3283 5266 3567 5340; x_wconf 78' lang='grc' dir='ltr'>βουληθεὶς</span> <span class='ocrx_word' id='word_1_900' title='bbox 3585 5267 3660 5318; x_wconf 74' lang='grc' dir='ltr'><strong>ἔν-</strong></span> 
     </span>
    </p>
   </div>
   <div class='ocr_carea' id='block_1_110' title="bbox 488 5422 1983 5491">
    <p class='ocr_par' dir='ltr' id='par_1_110' title="bbox 488 5422 1983 5491">
     <span class='ocr_line' id='line_1_110' title="bbox 488 5422 1983 5491; baseline -0.004 -7"><span class='ocrx_word' id='word_1_901' title='bbox 488 5426 533 5459; x_wconf 80' lang='lat'><strong>&quot;</strong></span> <span class='ocrx_word' id='word_1_902' title='bbox 566 5428 686 5485; x_wconf 85' lang='lat' dir='ltr'><strong>Act.</strong></span> <span class='ocrx_word' id='word_1_903' title='bbox 722 5443 769 5491; x_wconf 81' lang='grc' dir='ltr'><strong>ι,</strong></span> <span class='ocrx_word' id='word_1_904' title='bbox 811 5425 897 5481; x_wconf 84' lang='lat' dir='ltr'><strong>H.</strong></span> <span class='ocrx_word' id='word_1_905' title='bbox 975 5425 1019 5460; x_wconf 82' lang='grc'>⁶⁹</span> <span class='ocrx_word' id='word_1_906' title='bbox 1052 5423 1212 5479; x_wconf 81' lang='lat' dir='ltr'><strong>Joan.</strong></span> <span class='ocrx_word' id='word_1_907' title='bbox 1247 5440 1376 5490; x_wconf 65' lang='lat' dir='ltr'><strong>xu,</strong></span> <span class='ocrx_word' id='word_1_908' title='bbox 1411 5423 1500 5479; x_wconf 78' lang='lat'><strong>37.</strong></span> <span class='ocrx_word' id='word_1_909' title='bbox 1575 5425 1623 5457; x_wconf 70' lang='grc' dir='ltr'><strong>τ’</strong></span> <span class='ocrx_word' id='word_1_910' title='bbox 1662 5422 1841 5481; x_wconf 87' lang='lat' dir='ltr'><strong>Galat.</strong></span> <span class='ocrx_word' id='word_1_911' title='bbox 1880 5438 1928 5491; x_wconf 82' lang='grc' dir='ltr'><strong>ι,</strong></span> <span class='ocrx_word' id='word_1_912' title='bbox 1961 5423 1983 5478; x_wconf 78' lang='grc'>1</span> 
     </span>
    </p>
   </div>
   <div class='ocr_carea' id='block_1_111' title="bbox 2087 5422 3044 5491">
    <p class='ocr_par' dir='ltr' id='par_1_111' title="bbox 2122 5422 3044 5491">
     <span class='ocr_line' id='line_1_111' title="bbox 2122 5422 3044 5491; baseline 0.001 -14"><span class='ocrx_word' id='word_1_913' title='bbox 2122 5424 2168 5457; x_wconf 73' lang='grc'><strong>⁷⁸</strong></span> <span class='ocrx_word' id='word_1_914' title='bbox 2209 5422 2328 5479; x_wconf 84' lang='lat' dir='ltr'><strong>Joel</strong></span> <span class='ocrx_word' id='word_1_915' title='bbox 2359 5440 2430 5489; x_wconf 82' lang='grc' dir='ltr'><strong>ιι,</strong></span> <span class='ocrx_word' id='word_1_916' title='bbox 2462 5424 2553 5480; x_wconf 74' lang='lat'><strong>28.</strong></span> <span class='ocrx_word' id='word_1_917' title='bbox 2639 5425 2687 5456; x_wconf 84' lang='lat'>&quot;</span> <span class='ocrx_word' id='word_1_918' title='bbox 2711 5422 2848 5480; x_wconf 85' lang='lat' dir='ltr'><strong>Gen.</strong></span> <span class='ocrx_word' id='word_1_919' title='bbox 2882 5440 2959 5491; x_wconf 85' lang='grc' dir='ltr'><strong>νι,</strong></span> <span class='ocrx_word' id='word_1_920' title='bbox 2990 5423 3044 5479; x_wconf 78' lang='grc'><strong>5.</strong></span> 
     </span>
    </p>
   </div>
   <div class='ocr_carea' id='block_1_112' title="bbox 476 5536 1462 5609">
    <p class='ocr_par' dir='ltr' id='par_1_112' title="bbox 476 5536 1462 5609">
     <span class='ocr_line' id='line_1_112' title="bbox 476 5536 1462 5609; baseline 0.003 -18"><span class='ocrx_word' id='word_1_921' title='bbox 476 5538 590 5609; x_wconf 71' lang='lat'><em>(65)</em></span> <span class='ocrx_word' id='word_1_922' title='bbox 630 5539 802 5609; x_wconf 58' lang='lat' dir='ltr'><strong>Obcf;</strong></span> <span class='ocrx_word' id='word_1_923' title='bbox 829 5536 989 5607; x_wconf 78' lang='grc' dir='ltr'>φύσει</span> <span class='ocrx_word' id='word_1_924' title='bbox 1019 5536 1257 5609; x_wconf 88' lang='lat' dir='ltr'><strong>deest_in</strong></span> <span class='ocrx_word' id='word_1_925' title='bbox 1289 5536 1462 5593; x_wconf 90' lang='lat' dir='ltr'><strong>Palat.</strong></span> 
     </span>
    </p>
   </div>
   <div class='ocr_carea' id='block_1_113' title="bbox 477 5606 1344 5676">
    <p class='ocr_par' dir='ltr' id='par_1_113' title="bbox 477 5606 1344 5676">
     <span class='ocr_line' id='line_1_113' title="bbox 477 5606 1344 5676; baseline 0.003 -15"><span class='ocrx_word' id='word_1_926' title='bbox 477 5606 592 5676; x_wconf 89' lang='grc'>(66)</span> <span class='ocrx_word' id='word_1_927' title='bbox 634 5606 892 5676; x_wconf 70' lang='grc' dir='ltr'>Ὄψονται</span> <span class='ocrx_word' id='word_1_928' title='bbox 918 5609 1073 5663; x_wconf 80' lang='lat' dir='ltr'><strong>abest</strong></span> <span class='ocrx_word' id='word_1_929' title='bbox 1104 5623 1136 5661; x_wconf 83' lang='lat' dir='ltr'><strong>a</strong></span> <span class='ocrx_word' id='word_1_930' title='bbox 1170 5606 1344 5663; x_wconf 85' lang='lat' dir='ltr'><strong>Palat.</strong></span> 
     </span>
    </p>
   </div>
   <div class='ocr_carea' id='block_1_114' title="bbox 477 5611 1362 5750">
    <p class='ocr_par' dir='ltr' id='par_1_114' title="bbox 477 5611 1362 5750">
     <span class='ocr_line' id='line_1_114' title="bbox 477 5611 1344 5676; baseline 0.005 -16"><span class='ocrx_word' id='word_1_931' title='bbox 477 5611 570 5676; x_wconf 88' lang='grc'><strong>(66</strong></span> <span class='ocrx_word' id='word_1_932' title='bbox 634 5611 892 5676; x_wconf 70' lang='grc' dir='ltr'>Ὀψονται</span> <span class='ocrx_word' id='word_1_933' title='bbox 918 5611 1073 5663; x_wconf 81' lang='lat' dir='ltr'><strong>abest</strong></span> <span class='ocrx_word' id='word_1_934' title='bbox 1104 5623 1136 5661; x_wconf 83' lang='lat' dir='ltr'><strong>a</strong></span> <span class='ocrx_word' id='word_1_935' title='bbox 1171 5611 1344 5663; x_wconf 86' lang='lat' dir='ltr'><strong>Palat.</strong></span> 
     </span>
     <span class='ocr_line' id='line_1_115' title="bbox 477 5611 1362 5750; baseline 0.006 -22"><span class='ocrx_word' id='word_1_936' title='bbox 477 5611 592 5749; x_wconf 49' lang='lat' dir='ltr'><em>(67g</em></span> <span class='ocrx_word' id='word_1_937' title='bbox 627 5676 825 5745; x_wconf 88' lang='lat' dir='ltr'><strong>Palat.,</strong></span> <span class='ocrx_word' id='word_1_938' title='bbox 854 5677 980 5733; x_wconf 86' lang='grc' dir='ltr'>νοῦν</span> <span class='ocrx_word' id='word_1_939' title='bbox 1004 5677 1362 5750; x_wconf 81' lang='grc' dir='ltr'>ἀνθρώπινον.</span> 
     </span>
    </p>
   </div>
   <div class='ocr_carea' id='block_1_115' title="bbox 2158 5535 3021 5635">
    <p class='ocr_par' dir='ltr' id='par_1_115' title="bbox 2158 5535 3021 5635">
     <span class='ocr_line' id='line_1_116' title="bbox 2158 5535 3021 5635; baseline 0.001 -45"><span class='ocrx_word' id='word_1_940' title='bbox 2304 5536 2478 5635; x_wconf 47' lang='grc' dir='ltr'>Λόγου</span> <span class='ocrx_word' id='word_1_941' title='bbox 2492 5537 2666 5635; x_wconf 40' lang='grc' dir='ltr'><strong>ιᾱξθεξ</strong></span> <span class='ocrx_word' id='word_1_942' title='bbox 2702 5537 2760 5590; x_wconf 91' lang='lat' dir='ltr'><strong>in</strong></span> <span class='ocrx_word' id='word_1_943' title='bbox 2791 5536 2962 5635; x_wconf 53' lang='lat' dir='ltr'><strong>PTalat.</strong></span> <span class='ocrx_word' id='word_1_944' title='bbox 2995 5605 3021 5617; x_wconf 40' lang='grc' dir='ltr'><strong><em>ο</em></strong></span> 
     </span>
    </p>
   </div>
   <div class='ocr_carea' id='block_1_116' title="bbox 2159 5603 3213 5683">
    <p class='ocr_par' dir='ltr' id='par_1_116' title="bbox 2159 5603 3213 5683">
     <span class='ocr_line' id='line_1_117' title="bbox 2159 5603 3213 5683; baseline -0.001 -22"><span class='ocrx_word' id='word_1_945' title='bbox 2159 5603 2273 5679; x_wconf 84' lang='grc'>(69)</span> <span class='ocrx_word' id='word_1_946' title='bbox 2310 5603 2467 5671; x_wconf 84' lang='grc' dir='ltr'>Τίνος</span> <span class='ocrx_word' id='word_1_947' title='bbox 2489 5606 2775 5683; x_wconf 82' lang='grc' dir='ltr'>ἀνθρώπου</span> <span class='ocrx_word' id='word_1_948' title='bbox 2799 5603 2912 5681; x_wconf 75' lang='grc' dir='ltr'>εἷχε</span> <span class='ocrx_word' id='word_1_949' title='bbox 2930 5605 3055 5664; x_wconf 87' lang='grc' dir='ltr'>νοῦν</span> <span class='ocrx_word' id='word_1_950' title='bbox 3076 5621 3213 5665; x_wconf 77' lang='lat' dir='ltr'><strong>mss.</strong></span> 
     </span>
    </p>
   </div>
  </div>
