3842 6210
119 215 267 274 1137

1087 212 1174 268 DE
1213 211 1480 270 SANCTA
1517 214 1891 271 TRiNlTATE
1927 211 2269 269 DIALOGUS
2309 211 2396 266 IV.

3228 207 3365 260 1258

119 335 511 406 ανθρωπ-ῆσαι,
528 333 752 405 ἡγίασεν
777 331 876 403 τὴν
906 330 1199 403 Παρθένον,
1220 334 1315 386 καὶ
1334 334 1542 403 ἥνωσεν
1569 334 1696 386 ἑαυ-

1807 333 1974 388 sancti
2013 331 2166 401 prius
2197 331 2544 392 exstiterunt,
2576 335 2630 382 et
2667 335 2779 380 tum
2826 325 3039 380 demum
3074 327 3368 397 participa-

119 427 208 499 τῷ
233 428 291 494 ἐξ
318 427 485 496 αὐτῆς
521 425 698 495 σῶμα,
738 423 798 477 οὐ
838 422 1103 494 πρότερον
1131 422 1402 494 ὑπάρξαν,
1438 423 1531 476 καὶ
1576 423 1696 476 τότε

1807 433 1928 477 runt
1957 423 2049 478 Dei
2075 421 2348 478 Verbum:
2385 421 2473 474 hic
2501 433 2632 473 vero
2681 434 2787 471 non
2829 419 2900 472 ita
2925 428 3005 472 est
3029 459 3043 481 ,
3095 418 3188 472 sed
3224 417 3366 472 Deus

123 518 359 582 ἑνώσας,
385 519 498 571 ἀλλ’
528 520 584 570 ὲν
605 517 740 586 αὑτῇ
757 518 822 586 τῇ
842 515 1070 585 ὑπάρξει
1087 512 1312 574 ἐνώσας.
1333 515 1576 568 Ἀπολλ.
1596 513 1700 566 Δύο

121 608 224 666 οὖν
253 609 553 681 ἡγεμονικὰ
587 610 643 660 ὲν
666 607 743 679 τῷ
773 605 982 676 σώματι
1014 601 1172 677 ἦσαν,
1202 607 1230 658 6
1257 605 1386 668 Θεὸς
1418 605 1584 673 Λόγος
1607 606 1700 657 καὶ

123 707 158 756 6
199 701 536 773 ἀνθρώπινος
568 699 710 763 νοῦς.
760 700 910 766 Ὄρθ.
947 696 1041 751 Οῦ.
1082 697 1219 750 Ἀλλ’
1255 697 1417 759 αὐτὸς
1445 697 1473 748 6
1531 696 1700 763 Λόγος

124 794 430 864 ἡγεμόνευε
459 792 552 844 τοῦ
585 790 698 844 νοῦ.
718 792 960 844 Ἀπολλ.
984 787 1106 851 Πῶς
1123 782 1232 840 οἷόν
1253 805 1310 840 τε
1327 787 1401 858 μὴ
1423 783 1559 840 εἶναι
1574 786 1699 849 δύος

139 886 297 952 Ὀρθ.
333 885 417 946 Ὠς
445 884 504 936 τὸ
532 882 721 936 λευκὸν
739 881 838 950 τῆς
866 883 1024 953 ipsa;
1048 878 1426 948 καταχρωσθὲν
1457 876 1704 948 χρώματι

124 977 419 1047 πορφύρας
449 975 510 1028 οὑ
538 974 809 1045 δίχρωμον
841 974 1008 1034 ἐστιν,
1050 971 1161 1023 ἀλλ’
1188 971 1244 1024 ἓν
1263 987 1276 1000 ·
1308 969 1480 1031 οῦτως
1508 972 1536 1023 6
1559 968 1700 1032 νοῦς,

123 1067 623 1136 καταλαμπόμενος
675 1066 768 1117 καὶ
797 1062 1149 1126 ἀποθεωθεὶς,
1183 1063 1241 1116 ἓν
1278 1064 1445 1127 ἐστιν,
1482 1063 1574 1116 καὶ
1606 1063 1706 1116 οὐκ

124 1159 249 1212 ἐστι
292 1158 384 1212 δύο
412 1157 711 1228 ήγεμονικά
749 1156 880 1225 (70).
913 1156 988 1208 Οῦ
1031 1155 1136 1225 γὰρ
1158 1155 1284 1210 ἄλλο
1316 1172 1368 1208 τι
1399 1155 1644 1226 βούλεται
1675 1156 1705 1207 ὁ

123 1247 278 1311 νοῦς,
304 1248 396 1299 καὶ
426 1246 551 1300 ἄλλο
578 1264 629 1299 τι
663 1247 690 1299 6
722 1245 924 1313 Λόγος·
957 1243 1068 1297 ἀλλ’
1096 1244 1284 1315 ὥσπερ
1320 1245 1574 1314 μουσικὸς
1612 1243 1707 1296 καὶ

124 1339 194 1390 τὸ
226 1337 456 1408 ὄργανον
489 1337 550 1388 οὑ
599 1335 691 1389 δύο
743 1334 1012 1405 μουσικοὶ,
1047 1333 1218 1397 οὕτως
1251 1334 1382 1397 Θεὸς
1415 1335 1582 1402 Λόγος
1613 1335 1708 1387 καὶ

124 1427 257 1488 νοῦς
293 1424 626 1494 ἀνθρώπινος
658 1424 717 1476 οῦ
747 1423 839 1476 δύο
863 1424 1183 1494 ὴγεμονικά.
1237 1423 1382 1477 Ἀντ“ι
1410 1412 1517 1495 γὰρ
1545 1424 1711 1494 όργά-

124 1534 224 1571 νου
239 1515 317 1584 τῷ
337 1514 412 1585 νῷ
432 1514 753 1586 ἀνθρωπίνῳ
775 1513 1034 1583 κέχρηται
1055 1515 1082 1566 6
1102 1513 1708 1581 Λόγος.Ἀπολλ.Ἀλλά

123 1605 196 1659 τὸ
226 1605 451 1675 ὀργανον
503 1603 598 1657 τοῦ
643 1604 903 1675 μουσικοῦ
937 1605 1095 1658 ἄνουν
1148 1604 1315 1656 ἐστίν.
1349 1605 1503 1673 Ὀρθ.
1544 1605 1654 1658 Καὶ
1681 1607 1710 1658 ό

1806 515 2060 575 Verbum,
2083 514 2227 584 quod
2265 519 2384 567 erat
2417 519 2545 566 ante
2576 510 2770 566 saecula
2797 549 2812 575 ,
2861 526 2985 564 cum
3036 511 3196 565 vellet
3252 512 3368 565 lieri

1803 607 1987 671 homo,
2022 605 2383 661 sanctilicavit
2419 603 2713 674 Virginem,
2745 611 2798 656 et
2847 616 3046 671 corpus
3071 618 3134 655 ex
3165 617 3230 655 ea
3261 601 3366 657 sibi

1803 699 1998 759 univit.
2028 696 2304 768 nonquod
2353 696 2506 766 prius
2528 695 2836 757 exstiterit,
2894 703 2948 748 et
2977 702 3088 748 tum
3147 693 3367 748 demum

1803 791 2073 855 univerit,
2133 789 2228 845 sed
2283 789 2336 841 in
2373 788 2487 857 ipsa
2539 786 2861 841 exsistentia
2913 785 3128 839 uniens.
3185 783 3364 852 Apoll.

1803 881 1920 935 Duo
1959 881 2121 950 igitur
2181 881 2236 934 in
2293 880 2386 933 illo
2449 893 2681 947 corpore
2738 876 2958 931 fuerunt
3006 875 3372 946 principatum

1802 975 2080 1036 habentia,
2113 987 2307 1043 nemm
2338 971 2480 1026 Deus
2512 969 2745 1026 Verbum
2769 1010 2784 1033 ,
2827 977 2879 1024 et
2916 969 3155 1022 humana
3189 983 3368 1023 mens.

1804 1066 1960 1122 Orth.
2025 1064 2398 1135 Nequaquam.
2457 1062 2565 1118 Sed
2629 1063 2807 1134 ipsum
2862 1059 3099 1114 Verbum
3145 1060 3376 1129 imperat

1805 1157 1990 1210 menti.
2069 1153 2240 1221 Apoll.
2301 1153 2404 1220 Qui
2463 1151 2577 1207 ﬁeri
2669 1155 2883 1220 potest,
2965 1156 3026 1202 ut
3090 1147 3207 1201 haec
3264 1160 3376 1200 non

1807 1250 1914 1304 sint
1945 1248 2092 1302 duo?
2126 1246 2277 1302 Orth.
2332 1246 2486 1300 Sicut
2525 1245 2662 1298 lana
2691 1241 2882 1296 albedo
2909 1242 3095 1295 colore
3123 1254 3378 1310 purpura:

1809 1341 1997 1402 tincta,
2031 1355 2139 1394 non
2170 1349 2254 1394 est
2281 1339 2508 1401 bicolor,
2543 1337 2636 1391 sed
2669 1334 2952 1389 unicolor:
2987 1333 3059 1387 ita
3093 1347 3244 1386 mens
3279 1347 3374 1386 co.

1807 1447 2041 1488 ruscans
2066 1439 2120 1486 et
2151 1429 2402 1485 deiﬁcata
2430 1437 2514 1484 est
2537 1441 2702 1480 unum
2733 1425 3012 1496 quiddam,
3039 1439 3214 1492 neque
3248 1429 3378 1477 sunt

1807 1521 1915 1576 duo
1933 1521 2296 1591 principatum
2350 1517 2624 1572 habentia.
2666 1509 2852 1585 Neque
2896 1514 3040 1568 enim
3075 1511 3223 1566 aliud
3255 1512 3380 1582 qui-

1810 1613 1930 1668 dem
1958 1613 2070 1667 vult
2103 1627 2275 1674 mens,
2307 1609 2453 1664 aliud
2478 1623 2607 1663 vero
2636 1605 2873 1662 Verbum
2902 1625 2915 1660 :
2959 1605 3053 1660 sed
3082 1604 3228 1659 sicut
3249 1619 3374 1657 mu-

129 1699 395 1771 μουσικὸς
420 1698 613 1770 θνητός
652 1700 816 1752 ἐστιν.
849 1698 1111 1751 Ἐνταῦθα
1142 1698 1198 1750 δὲ
1225 1700 1253 1751 6
1277 1698 1466 1766 Λόγος,
1500 1697 1704 1753 ἀθάνα-

1807 1703 1954 1756 sicus
1981 1713 2035 1756 et
2069 1701 2493 1756 instrumentum
2553 1713 2658 1751 non
2705 1703 2832 1752 sunt
2867 1696 2976 1749 duo
3021 1694 3260 1756 musici,
3303 1693 3376 1746 ita

124 1809 225 1851 τος
265 1791 360 1854 ὣν,
420 1790 495 1861 τῷ
547 1790 622 1861 νῷ
665 1790 926 1861 κέχρηται
978 1790 1224 1862 ὀργάνῳο
1260 1791 1354 1843 καὶ
1402 1790 1593 1861 ὥσπερ
1647 1792 1706 1843 ὲν

124 1885 267 1954 ἡμῖν
300 1884 328 1935 6
367 1881 489 1945 νοῦς
519 1881 597 1952 τῷ
652 1880 860 1952 σώματι
921 1881 1187 1952 κέχρηται
1250 1881 1465 1953 ὀργάνῳ
1516 1884 1595 1945 εἰς
1638 1881 1708 1935 τὰ

125 1972 222 2025 διὰ
260 1972 360 2025 τοῦ
393 1972 640 2043 σώματος
678 1971 1096 2042 ἐπιτελούμενα⁸
1127 1971 1299 2035 οῦτως
1340 1975 1456 2026 ἐκεῖ
1478 1975 1506 2026 6
1537 1973 1707 2042 Λόγος

126 2063 212 2133 τῷ
245 2063 319 2134 νῷ
348 2065 608 2136 κέχρηται
641 2065 854 2136 ὀργάνῳ
879 2067 955 2128 είς
983 2064 1050 2118 τὰ
1078 2064 1168 2117 διὰ
1202 2063 1296 2117 τοῦ
1328 2063 1419 2119 νοῦ
1453 2066 1566 2138 (71)
1591 2067 1709 2118 ὲπι-

126 2169 456 2222 τελουμενα.

1810 1794 1951 1848 Deus
1978 1792 2213 1848 Verbum
2248 1803 2306 1846 et
2335 1807 2489 1846 mens
2514 1790 2748 1844 humana
2777 1803 2884 1842 non
2918 1793 3046 1841 sunt
3074 1785 3182 1840 duo
3226 1785 3378 1856 prin-

1806 1884 2046 1952 cipatum
2094 1882 2365 1936 habentia.
2418 1879 2602 1935 Utitur
2651 1879 2796 1934 enim
2847 1875 3084 1932 Verbum
3135 1875 3374 1928 humana

1810 1982 1990 2028 mente
2020 1981 2278 2043 tanquam
2306 1973 2691 2026 instrumento.
2729 1968 2902 2036 Apoll.
2933 1967 3036 2022 Sed
3061 1967 3254 2021 musici
3293 1965 3380 2019 in-

1810 2072 2172 2119 strumentum
2193 2069 2276 2116 est
2322 2061 2523 2116 mentis
2552 2075 2767 2130 expers.
2805 2057 2958 2114 Orth.
2989 2056 3094 2112 Sed
3119 2067 3174 2112 et
3207 2058 3379 2111 musi-

1812 2170 1910 2208 cus
1962 2160 2046 2208 est
2079 2153 2346 2207 mortalis.
2383 2151 2482 2206 llic
2516 2166 2644 2206 vero
2676 2149 2911 2206 Verbum
2937 2190 2952 2214 ,
2982 2150 3124 2220 quod
3163 2150 3379 2203 immor-

129 2247 248 2301 tale
275 2256 392 2309 est,
429 2255 608 2302 mente
640 2248 810 2303 utitur
836 2286 851 2311 ,
901 2255 960 2302 ut
1007 2247 1412 2304 instrumento:
1467 2255 1521 2302 et
1564 2248 1710 2304 sicut
1747 2263 1902 2304 ens
1933 2249 1988 2304 in
2023 2249 2183 2304 nobis
2213 2247 2384 2302 utitur
2411 2261 2638 2318 corpore
2676 2253 2736 2300 ut
2776 2246 3145 2301 instrumento
3191 2243 3261 2298 ad
3313 2259 3378 2298 ea

126 2353 257 2420 quae
285 2341 529 2407 corporis
575 2354 741 2410 opera
787 2338 1132 2396 elliciuntnr:
1175 2341 1250 2396 ita
1301 2342 1413 2396 illic
1470 2339 1707 2397 Verbum
1752 2342 1926 2396 utitur
1953 2349 2154 2406 mente,
2219 2349 2280 2396 ut
2321 2341 2684 2396 instrumento
2711 2380 2726 2404 ,
2793 2339 2860 2394 ad
2901 2353 2966 2395 ea
3017 2354 3138 2408 qua:
3199 2347 3380 2394 mento

126 2415 464 2486 ciliciuntur.

207 2522 287 2575 5'.
323 2522 569 2576 Ἀπολλ.
599 2521 704 2575 Τοῦ
733 2522 978 2593 σώματος
1001 2524 1085 2588 τίς
1125 2525 1157 2595 ἠ
1202 2525 1358 2596 χρεία
1383 2541 1398 2591 ;
1427 2527 1580 2594 Ὄρθ.
1608 2525 1704 2579 Διά

1890 2526 1968 2579 5'.
2009 2523 2185 2590 Apoll.
2219 2522 2476 2592 Corporis
2506 2537 2636 2579 vero
2671 2521 2794 2593 quis
2820 2531 2905 2578 est
2947 2521 3116 2576 usus?
3143 2520 3294 2576 Orl/t.
3319 2520 3376 2578 In

127 2611 327 2664 πολλά·
351 2613 431 2664 ὅτι
448 2613 677 2684 ὀφθῆναι
703 2614 952 2684 ἡθέλησε,
977 2617 1069 2669 καὶ
1091 2617 1171 2669 ὄτι
1205 2617 1266 2669 τὸ
1303 2618 1704 2690 συναμφότερον

1811 2616 2018 2670 multis.
2050 2613 2233 2668 Voluit
2269 2612 2504 2669 Verbum
2556 2613 2821 2683 conspici,
2859 2620 2914 2667 et
2945 2613 3202 2682 quoniam
3228 2614 3375 2683 quod

124 2700 202 2775 ἦν
227 2705 581 2775 ἀπολόμενον,
644 2707 735 2759 καὶ
774 2707 862 2760 διὰ
895 2707 988 2760 τοῦ
1019 2708 1202 2778 ὁμοίου
1237 2710 1296 2762 τὸ
1320 2711 1501 2778 ὅμοιον
1536 2709 1704 2764 σῶσαι

1813 2709 2066 2778 perierat,
2103 2715 2392 2777 utrumque
2413 2706 2755 2776 complexum
2785 2713 2924 2769 erat,
2968 2705 3173 2775 placuit
3200 2707 3378 2763 simile

125 2793 356 2863 σταυρῷ
383 2795 473 2846 καὶ
497 2793 655 2846 πάθει
678 2793 908 2865 ἑκουσίῳ
937 2795 1254 2868 ηὐδόκησεν.
1289 2798 1395 2850 Καὶ
1421 2799 1477 2850 ὲν
1501 2799 1596 2868 μὲν
1630 2798 1704 2870 τῷ

1813 2813 1910 2867 per
1939 2799 2116 2853 simile
2151 2813 2389 2860 servare,
2425 2813 2618 2866 nempe
2664 2813 2760 2868 per
2791 2812 3009 2854 crucem
3061 2805 3115 2852 et
3167 2801 3377 2866 passio-

123 2887 365 2956 ἑκουσίῳ
391 2885 549 2939 πάθει
582 2887 658 2958 τῷ
691 2888 766 2958 νῷ
797 2889 1081 2961 κέχρηται,
1126 2889 1202 2954 ὼς
1232 2893 1511 2962 προεῖπον,
1545 2892 1704 2962 ὀργά-

1815 2905 1937 2944 nem
1971 2891 2355 2944 voluntariam.
2422 2888 2607 2959 Itaque
2661 2890 2716 2944 in
2773 2890 3026 2957 passione
3070 2890 3376 2946 voluntaria

122 2994 208 3046 νῳ
228 2992 243 3006 ο
276 2978 334 3029 ὲν
367 2976 422 3029 δὲ
450 2980 559 3040 τοῖς
585 2982 914 3048 σωματικοῖς
933 2979 1009 3050 τῷ
1034 2979 1266 3050 σώματν
1300 2982 1394 3034 καὶ
1416 2979 1587 3045 οὕτως
1613 2983 1704 3053 ζη-

1814 2997 1974 3036 usum
2005 2991 2089 3037 est
2125 2989 2323 3048 mente.
2369 2981 2513 3037 sicut
2541 2989 2668 3037 ante
2701 2980 2834 3047 dixi,
2869 2989 2930 3036 ut
2958 2981 3326 3039 instrumento
3357 3001 3374 3040 :

121 3071 304 3140 τήσας
339 3069 426 3122 καὶ
464 3069 657 3140 εὑρὼν,
692 3069 860 3122 ἔσωσε
897 3071 956 3123 τὸ
985 3071 1094 3142 (72)
1122 3071 1414 3135 ἀπολωλός.
1457 3072 1704 3127 Ἀπολλ.

123 3160 317 3223 Ποίοις
369 3159 545 3229 λέγεις
606 3163 972 3230 σιυματικοίς;
1021 3161 1172 3228 Ὀρθ.
1223 3160 1478 3232 Σταυρῷ,
1530 3164 1705 3231 ταφῇ,

123 3251 442 3321 περιπάτῳ,
485 3252 616 3321 ἀφῇ,
653 3250 872 3321 βρώσει,
895 3251 1069 3316 πόσει,
1102 3251 1194 3304 καὶ
1220 3253 1319 3304 ὅσα
1356 3251 1562 3314 τούτοις
1582 3253 1710 3304 ἀκό-

122 3341 318 3393 λουθα.
361 3340 607 3393 Ἀπολλ.
638 3339 768 3402 Θεὸς
793 3336 860 3412 ἦν
885 3341 912 3392 6
938 3339 1105 3408 Λόγος
1134 3341 1164 3392 6
1194 3339 1472 3407 γεννηθεὶς
1502 3342 1565 3392 ὲκ
1593 3342 1711 3393 Μα-

128 3429 293 3501 ρίας;
342 3431 494 3498 ὀρθ.
535 3431 594 3485 '0
629 3433 906 3503 γεννηθεὶς
936 3435 999 3486 ὲκ
1041 3431 1279 3503 Μαρίας,
1312 3430 1372 3484 τὸ
1405 3433 1468 3486 ὲκ
1507 3431 1709 3501 ταύτης

122 3522 187 3574 ὃν
212 3522 312 3591 τῆς
343 3521 549 3584 οὐσίας,
599 3522 700 3574 οῦκ
723 3517 789 3592 ἦν
813 3520 944 3584 Θεὸς
991 3521 1282 3585 οὐσιωδῶς,
1305 3521 1440 3575 ἀλλά
1465 3521 1707 3586 ὲνώσεως

120 3611 434 3682 οίτονομίᾳ.
457 3614 702 3666 Ἀπολλ.
727 3613 834 3665 Καὶ
856 3612 992 3676 πῶς,
1012 3631 1030 3663 ι
1061 3613 1432 3684 Εὐλογημένος
1456 3617 1483 3667 6
1500 3614 1708 3684 καρπὸς

119 3707 230 3776 τῆς
261 3703 469 3767 κοιλίας
504 3721 618 3766 σου,
645 3725 663 3756 ι
697 3704 944 3772 λέγεται;
972 3707 1126 3773 ὀρθ.
1145 3705 1362 3777 Ἐπειδὴ
1387 3705 1498 3775 (73)
1525 3707 1588 3758 ὲκ
1609 3706 1708 3775 τῆς

118 3795 320 3858 οὐσίας
350 3795 444 3848 τοῦ
479 3786 691 3868 Πατρὸς
717 3795 793 3848 ὢν
826 3795 956 3858 Θεὸς
982 3796 1173 3865 Λόγος,
1193 3799 1255 3850 ὲκ
1281 3798 1378 3869 τῆς
1404 3798 1588 3861 οὐσίας
1612 3801 1708 3852 αῦ-

117 3887 250 3956 τῆς,
275 3885 433 3938 ἔλασε
463 3889 674 3958 μορφὴν
701 3887 907 3951 δούλου,
939 3889 1032 3941 καὶ⁵
1081 3890 1318 3960 σχήματι
1362 3891 1603 3962 εὑρεθεὶς
1633 3891 1708 3956 ὡς

116 3977 227 4031 ἀνθ
237 3994 437 4048 ρωπος,
452 3979 660 4049 καρπὸς
675 3980 772 4049 τῆς
798 3979 1002 4042 κοιλίας
1016 3981 1184 4052 αὐτῆς
1214 3981 1432 4053 εὑρέθη.
1453 3983 1704 4038 Ἀπολλ.

116 4068 408 4136 Συνῆπται
428 4063 565 4120 οῦνὸ
588 4069 760 4136 Λόγος
793 4067 871 4140 τῷ
902 4070 1153 4125 ἐνωθέντι
1188 4071 1396 4143 σώματι
1431 4073 1490 4138 ἐξ
1514 4075 1702 4146 αὐτῆς,

114 4159 202 4220 ὡς
233 4157 404 4222 ζῶον;
435 4159 585 4225 Ὀρθ.
621 4159 705 4222 Ὡς
744 4159 880 4223 ζῶον
915 4161 975 4213 οὐ
1009 4162 1346 4232 γέγραπται,
1403 4164 1515 4217 ἀλλ’
1546 4168 1620 4228 ὡς
1649 4167 1706 4219 ὲν

114 4245 239 4315 ναῷ
267 4244 449 4309 ζῶντι.
476 4249 720 4302 Ἀπολλ.
757 4250 866 4302 Καὶ
894 4251 952 4302 ὲν
967 4252 1180 4323 ἑκάστῳ
1210 4253 1316 4307 τῶν
1340 4255 1507 4322 ἁγίων
1536 4255 1706 4320 οὕτως

1813 3075 1868 3129 in
1904 3075 2068 3129 rebus
2095 3082 2272 3129 autem
2302 3072 2581 3143 corporeis
2603 3111 2618 3137 ,
2662 3087 2891 3142 corpore
2920 3090 2933 3126 :
2974 3081 3028 3128 et
3073 3073 3147 3127 ita
3180 3075 3376 3144 quasi-

1815 3173 1926 3219 tum
1951 3177 2003 3219 et
2030 3165 2306 3220 inventum
2333 3165 2384 3218 id
2411 3164 2556 3235 quod
2582 3165 2850 3233 perierat,
2890 3167 3145 3220 servavit.
3197 3166 3371 3234 Apoll.

1810 3253 2072 3318 Quaenam
2091 3269 2350 3323 corporea
2371 3255 2508 3308 dicis
2525 3254 2546 3287 ⁹
2573 3253 2728 3310 Orth.
2754 3255 3352 3324 Crucem,sepulturam

1811 3346 2253 3406 ambulationem,
2282 3353 2510 3407 tactum,
2533 3347 2735 3413 cibum,
2765 3355 2952 3415 potum
2975 3388 2989 3413 ,
3038 3356 3092 3404 et
3117 3364 3377 3418 quaecun-

1809 3454 1915 3507 que
1947 3447 2072 3491 sunt
2106 3437 2438 3506 hnjusmodi.
2475 3439 2650 3506 Apoll.
2710 3441 2779 3492 At
2823 3456 3006 3496 nonne
3061 3440 3204 3496 Dens
3255 3451 3376 3498 erat

1810 3534 2046 3589 Verbum
2070 3535 2160 3603 qui
2192 3534 2408 3604 genitus
2439 3543 2522 3589 est
2551 3550 2614 3590 ex
2642 3534 2848 3589 Maria?
2885 3536 3040 3592 Ortlz.
3081 3536 3185 3604 Qui
3224 3543 3377 3608 geni-

1808 3633 1900 3679 tus
1931 3632 2014 3679 est
2039 3640 2104 3678 ex
2135 3623 2322 3685 Maria,
2349 3633 2611 3694 quantum
2655 3624 2721 3679 ad
2764 3625 2816 3679 id
2859 3627 3081 3694 attinet,
3131 3629 3275 3698 quod
3307 3644 3374 3684 ex

1807 3715 1996 3770 eadem
2034 3723 2118 3769 est
2147 3716 2448 3771 substantia
2501 3723 2665 3786 atque
2696 3715 2896 3782 Maria,
2941 3734 3048 3772 non
3087 3726 3206 3774 erat
3233 3717 3375 3774 Deus

1811 3806 2278 3868 snbstantialiter,
2337 3805 2430 3860 sed
2501 3808 2806 3861 wconomia
2863 3808 3142 3864 unitionis.
3199 3811 3371 3878 Apoll.

1809 3895 2090 3964 Quomodo
2122 3898 2284 3968 igitur
2312 3898 2512 3952 dicitur
2542 3916 2554 3952 :
2592 3917 2610 3949 ι
2651 3898 2975 3954 Benedictus
3001 3899 3211 3956 fructus
3238 3918 3373 3957 ven-

1813 3991 1914 4046 tris
1939 3991 2015 4044 tui
2049 3990 2133 4043 '1'?
2167 4010 2185 4042 ι
2217 3990 2368 4045 Orth.
2401 3990 2670 4056 Quoniam
2703 3990 2845 4047 Deus
2869 3991 3100 4046 Verbum
3129 3993 3272 4063 quod
3292 4003 3376 4049 est

1809 4099 1873 4138 ex
1906 4081 2082 4136 Patris
2132 4083 2475 4144 substantia,
2531 4081 2756 4136 formam
2817 4084 2957 4138 servi
3020 4085 3270 4154 accepit,
3320 4095 3376 4139 et

1810 4171 1994 4226 habitu
2024 4169 2302 4225 inventum
2335 4179 2392 4224 ut
2431 4169 2612 4238 homo,
2653 4171 2861 4226 fructus
2891 4172 3054 4226 etiam
3095 4188 3215 4226 esse
3242 4190 3375 4227 ven-

1809 4263 1911 4316 tris
1934 4262 2105 4330 ipsius
2129 4268 2464 4329 compertum
2491 4266 2592 4313 est.
2625 4260 2792 4327 Apoll.
2828 4259 3264 4330 Conjunctumne
3291 4267 3374 4314 est

113 4339 296 4402 ὲστὶν,
329 4338 406 4401 ὡς
440 4341 495 4392 ἐν
521 4339 628 4410 ναῷ
657 4339 853 4407 ζῶντι;
899 4343 1050 4409 Ὀρθ.
1071 4345 1181 4414 Οὐχ
1213 4345 1400 4408 οὕτως.
1438 4347 1703 4411 Ἕκαστος

1808 4353 1972 4422 igitur
2003 4352 2239 4408 Verbum
2274 4354 2428 4406 unito
2457 4353 2674 4424 corpori
2729 4367 2795 4406 ex
2849 4351 3018 4405 Maria
3050 4351 3335 4421 desampto
3356 4391 3371 4414 ,

114 4432 236 4500 γὰρ
268 4430 377 4482 τῶν
425 4431 590 4498 ἀγίων
615 4433 866 4487 τοσοῦτον
893 4435 1108 4503 ἐγένετο
1133 4437 1280 4502 ναὸς,
1314 4440 1434 4492 ὅσον
1474 4439 1700 4511 ἐδυνήθη

113 4523 181 4588 ἐξ
235 4521 439 4592 ἀρετῆς
492 4525 584 4576 καὶ
625 4525 908 4595 ἀσκήσεως
953 4528 1312 4599 κατορθῶσαι.
1347 4529 1607 4584 Ἐνταῦθα
1646 4531 1702 4584 δὲ

113 4612 236 4664 πᾶν
262 4610 324 4662 τὸ
352 4610 623 4682 πλήρωμα
660 4615 759 4686 τῆς
793 4615 1045 4688 θεότητος
1091 4622 1362 4672 κατοικεῖ·
1401 4621 1495 4673 καὶ
1521 4622 1570 4673 οἱ
1603 4621 1702 4691 μὲν

115 4703 274 4770 ἅγιοι
308 4704 520 4772 μορφὴν
548 4704 682 4756 Θεοῦ
712 4706 996 4778 εἰλήφασιν
1031 4709 1088 4760 ὲν
1121 4709 1288 4780 ἀρετῇ
1327 4709 1704 4778 κατορθώσαν-

110 4811 240 4856 τες,
289 4794 520 4848 ἐνταῦθα
572 4796 629 4849 δὲ
666 4798 694 4849 6
739 4798 913 4866 Λόγος
971 4801 1184 4870 μορφὴν
1235 4799 1418 4854 δούλου
1493 4801 1700 4857 ἔλασεν.

126 4889 385 4942 Ἀπολλ.
422 4887 604 4952 Οῦτως
641 4890 701 4941 τὸ
731 4891 796 4943 ὲκ
819 4891 994 4962 ψυχῆς
1019 4892 1112 4944 καὶ
1141 4890 1388 4962 σώματος
1413 4893 1700 4957 συνεστὼς,

113 4977 412 5048 ἄνθρωπός
445 4981 610 5032 ἐστιν.
648 4983 802 5048 Ὀρθ.
839 4983 902 5035 El
937 4983 1105 5054 χωρὶς
1141 4983 1236 5036 τοῦ
1280 4983 1455 5052 Λόγου
1511 4987 1700 5048 νοοῖτο,

112 5069 235 5122 ναί.
265 5068 328 5120 Εἰ
351 5067 407 5120 δὲ
435 5070 532 5121 οὐκ
559 5071 705 5123 ἐστιν
730 5072 816 5124 ὅτε
857 5073 1024 5142 χωρὶς
1047 5073 1139 5126 τοῦ
1161 5075 1332 5142 Λόγου
1357 5079 1574 5139 νοεῖται,
1603 5078 1702 5131 οὐκ

113 5161 274 5212 ἔστιν
304 5159 585 5228 ἄνθρωπος
609 5163 781 5231 ψιλὸς,
816 5163 954 5217 ἀλλὰ
980 5166 1110 5229 Θεὸς
1143 5167 1330 5220 ἐνώσει
1373 5167 1467 5221 τοῦ
1501 5169 1696 5237 Λόγου.

129 5251 387 5304 Ἀπολλ.
405 5250 460 5303 Ὀ
476 5252 753 5322 γεννηθεὶς
770 5257 831 5307 ἐκ
846 5255 1061 5326 Μαρίας
1085 5257 1207 5320 ναὸς
1222 5258 1426 5329 Ἰησοῦς
1451 5263 1617 5323 ἐστιν,
1633 5259 1700 5315 δι’

190 5403 243 5435 ’³
282 5403 416 5459 Luc.
455 5421 508 5468 ι,
538 5405 627 5460 42.
702 5408 749 5440 ’⁸
787 5409 1003 5466 Coloss.
1040 5427 1109 5476 ιι,
1142 5411 1193 5467 9.

342 5561 513 5636 Balat.
548 5566 639 5617 καὶ
667 5564 848 5617 οὐκέτι
874 5565 971 5636 δύο
1005 5567 1094 5636 ήγ.

193 5632 315 5702 (71)
352 5631 443 5686 Sic
485 5649 616 5688 mss.
651 5645 814 5688 recte.
849 5635 988 5689 Edit‘i
1017 5631 1165 5695 vero.
1202 5637 1291 5690 τὸν
1328 5634 1474 5694 νοῦν.

421 5723 693 5787 ΡΑτιιοι..
727 5729 843 5789 Gn.
901 5727 1195 5792 XXVIII.

1810 4445 1952 4499 sicut
1981 4445 2225 4499 animal?
2251 4444 2402 4500 Orth.
2438 4445 2556 4499 Non
2593 4445 2858 4515 scriptum
2890 4451 3004 4507 est,
3069 4444 3212 4497 sicut
3257 4445 3375 4497 ani-

1809 4535 1938 4600 mal,
1963 4535 2078 4597 sed,
2102 4545 2158 4589 ut
2188 4535 2240 4587 in
2269 4535 2471 4604 templo
2494 4535 2635 4591 vivo.
2687 4533 2860 4602 Apoll.
2908 4532 3070 4603 Atqui
3095 4533 3148 4586 in
3179 4533 3373 4603 quovis

1809 4635 2119 4680 sanctorum
2159 4635 2276 4688 est,
2306 4633 2366 4679 ut
2409 4626 2460 4679 in
2489 4626 2688 4695 templo
2725 4625 2867 4679 vivo.
2911 4623 3064 4679 Orth.
3117 4622 3237 4678 Non
3275 4624 3371 4678 ita.

1809 4716 1944 4771 Nam
1971 4725 2284 4772 sanctorum
2312 4720 2689 4789 unusquisque
2711 4725 2938 4772 eatenus
2963 4716 3065 4770 fuit
3089 4717 3370 4786 templum,

1805 4817 2076 4880 quatenus
2121 4810 2298 4879 potuit
2332 4827 2397 4864 ex
2425 4810 2628 4864 virtute
2667 4818 2720 4865 et
2760 4808 2976 4864 vivendi
3004 4825 3106 4865 usu
3133 4814 3281 4864 recte
3314 4822 3374 4860 se

1808 4913 1994 4969 gerere
2023 4917 2034 4952 :
2077 4897 2166 4952 hic
2197 4913 2324 4952 vero
2353 4917 2372 4949 ι
2410 4899 2589 4954 omnis
2621 4898 2905 4969 plenitudo
2950 4897 3171 4952 deitatis
3216 4895 3374 4949 inha-

1806 4987 1944 5042 bitat
1960 4988 2027 5041 ⁷⁸.
2068 5007 2086 5038 ι
2119 4987 2278 5061 462
2311 4987 2376 5042 Ει
2397 4989 2572 5044 sancti
2598 4989 2818 5059 quidem
2846 4987 3074 5042 formam
3098 4985 3192 5040 Dei
3217 4999 3374 5039 acce-

1806 5088 2002 5150 perunt
2047 5090 2316 5150 quatenus
2349 5081 2514 5135 vitam
2561 5097 2628 5137 ex
2666 5081 2866 5135 virtute
2917 5087 3064 5134 recte
3097 5085 3374 5147 transege-

1805 5181 1954 5234 runt,
1978 5172 2066 5226 hic
2086 5188 2213 5226 vero
2239 5171 2474 5227 Verbum
2512 5174 2741 5227 formam
2771 5171 2916 5226 servi
2945 5167 3372 5238 accepit.Apoll.

1806 5259 1993 5332 Itaque
2017 5262 2161 5333 quod
2207 5278 2273 5317 ex
2323 5264 2506 5318 animo
2534 5271 2588 5318 et
2635 5277 2864 5332 corpore
2898 5268 3147 5324 constat,
3209 5261 3375 5312 homo

1869 5565 1981 5640 ('1?)
2019 5563 2109 5640 Sic
2134 5565 2510 5640 Palat._.r_e_c_te.
2555 5565 2875 5640 Editﬁiﬁvero,
2905 5570 3080 5640 ἧνωσε
3114 5567 3196 5623 τό.

1870 5635 1981 5708 (75)
2017 5635 2108 5694 Sic
2138 5652 2269 5694 mss.
2305 5637 2442 5694 Edili
2481 5652 2628 5706 vero,
2671 5638 2840 5693 Ἐπεί.

2981 5731 3056 5791 [ιτο
