3850 6226
490 224 626 280 125⁸)

1638 216 1696 273 S.
1735 216 2194 272 ATHANASIUS.
2235 247 2301 259 —-
2333 218 2607 275 SDURIA.

3622 230 3647 280 ι
3658 226 3743 280 εἰει

482 358 585 401 εει.
631 343 782 400 Orlh.
819 340 981 405 Sane,
1015 340 1061 395 si
1093 338 1533 395 consideraretur
1564 340 1795 394 seorsim
1845 354 1874 392 a
1918 338 2041 393 Ven

2152 334 2212 393 οὗ
2240 341 2307 394 τὰ
2335 342 2529 395 πάντα.
2556 343 2711 409 Ὀρθ.
2745 343 2798 395 Ὀ
2828 342 3106 413 γεννηθεὶς
3137 344 3201 397 ἐκ
3231 344 3462 415 Μαρίας
3495 345 3561 397 οὐ
3601 344 3741 407 κενὸς

481 438 571 492 bo.
611 435 765 501 Quod
795 435 842 489 si
875 448 1151 503 nunquam
1174 440 1281 485 uta
1308 429 1485 486 Verbo
1511 430 1822 499 sejunctum
1865 432 2047 485 consi—

481 530 724 591 deratur,
754 542 944 595 nempe
993 540 1100 579 non
1129 532 1213 578 est
1238 524 1401 577 homo
1431 522 1632 587 nudus,
1663 522 1756 577 sed
1795 522 1935 576 Deus
1978 524 2049 576 ob

481 618 644 674 Verbi
682 619 1000 672 unitionem.
1034 615 1210 685 Apoll.
1244 613 1528 683 Templum
1576 629 1643 668 ex
1694 613 1863 666 Maria
1897 614 2046 683 geni-

480 719 618 773 tum,
653 722 735 765 est
763 708 944 771 Jesus,
975 724 1070 777 per
1093 722 1255 777 quem
1286 707 1488 761 omnia.
1521 704 1672 761 Orth.
1696 705 1799 772 Qui
1830 710 2046 776 genitus

480 812 565 859 est
590 819 655 855 ex
688 801 891 863 Maria,
948 816 1054 853 non
1100 806 1184 853 est
1228 798 1445 869 genitus
1491 813 1697 853 vacuus
1731 813 1827 852 seu
1865 798 2047 867 scopis

480 895 794 958 mundatus,
826 892 921 946 sed
959 907 1060 944 una
1095 907 1217 944 cum
1254 891 1473 960 templo,
1498 891 1727 960 ideoque
1749 900 1833 945 est
1858 889 2042 953 Jesus.

480 998 578 1053 per
608 998 768 1051 quem
801 982 1002 1035 omnia.
1041 979 1224 1048 Neque
1254 993 1382 1032 vero
1408 979 1669 1046 templum
1699 994 1835 1032 voco
1858 977 2046 1032 Jesum

481 1076 689 1145 absque
714 1073 912 1136 Verbo,
938 1089 1113 1141 neque
1143 1071 1376 1125 Verbum
1427 1086 1563 1125 voco
1608 1068 1793 1126 Jesum
1842 1072 2048 1141 absque

479 1168 683 1237 templo
708 1185 720 1221 :
756 1166 849 1220 sed
877 1180 938 1218 ex
966 1180 1031 1220 eo
1062 1173 1303 1231 tempore
1340 1160 1574 1217 Verbum
1606 1164 1817 1232 accepit
1847 1179 2044 1218 nomen

472 1254 631 1317 Jesu.
663 1270 726 1311 ex
755 1269 864 1324 quo
890 1253 1101 1309 sanavit
1140 1251 1501 1306 contritiones
1535 1253 1717 1321 populi
1755 1252 1860 1306 sui.
1892 1251 2047 1308 Tunc

480 1356 662 1401 autem
694 1344 927 1409 sanavit,
958 1341 1175 1413 quando
1221 1342 1474 1411 dignatus
1516 1352 1599 1397 est
1629 1344 1772 1397 servi
1817 1343 2046 1398 formam

478 1443 745 1509 accipere.
790 1437 905 1492 lloe
949 1438 1115 1505 igitur
1149 1434 1407 1499 Verbum,
1438 1436 1583 1505 quod
1639 1451 1785 1490 nunc
1826 1443 2047 1506 propter

2153 432 2414 503 ἐγεννήθη
2435 434 2525 485 καὶ
2551 432 2929 502 σεταρωμένος
2956 433 3086 502 (74).
3116 433 3252 486 ἀλλὰ
3283 434 3427 503 μετὰ
3450 433 3554 485 τοῦ
3586 433 3736 486 ναοῦ-

2149 524 2229 576 διὸ
2262 525 2355 577 καὶ
2380 524 2542 587 αὐτός
2562 527 2709 578 ἐστιν
2733 525 2960 595 Ἰησοῦς,
2989 525 3055 577 δι’
3089 518 3149 577 οὗ
3176 526 3245 578 τὰ
3274 526 3483 578 πάντα.
3519 524 3665 577 Οὔτε
3687 527 3734 579 ἃ

2148 615 2240 667 τὸν
2268 615 2394 668 ναὸν
2437 615 2586 668 καλῶ
2645 616 2852 686 Ἰησοῦν
2890 617 3058 687 χωρὶς
3100 616 3194 669 τοῦ
3231 618 3433 684 Λόγου,
3494 615 3627 669 οὔτε
3654 619 3731 670 τὸν

2151 706 2321 772 Λόγον
2352 708 2519 777 χωρὶς
2546 706 2641 760 τοῦ
2683 707 2810 760 ναοῦ
2838 708 3050 777 Ἰησοῦν
3070 726 3082 736 ·
3114 708 3226 761 ἀλλ’
3252 707 3447 760 ἔκτοτε
3480 707 3689 779 Ἰησοῦς
3706 713 3730 761 ὁ

2150 798 2321 867 Λόγος
2349 800 2631 869 κέκληται,
2659 799 2718 863 ἐξ
2748 795 2808 855 οὗ
2842 801 2937 854 καὶ
2989 802 3172 854 ἰάσατο
3221 800 3293 852 τὰ
3348 802 3729 871 συντρίμματα

2148 889 2243 942 τοῦ
2267 889 2395 943 λαοῦ
2424 890 2611 944 αὐτοῦ.
2645 892 2778 944 Τότε
2809 892 2867 944 δὲ
2906 894 3112 953 ἰάσατο,
3139 892 3227 944 ὅτε
3261 892 3582 960 κατηξίίιιοε
3613 910 3729 964 μορ-

2152 981 2257 1053 φὴν
2276 982 2461 1036 δούλου
2487 983 2690 1037 λαϐεῖν.
2716 978 2885 1046 Οὗτος
2909 984 3018 1054 (75)
3040 980 3131 1057 οὖν
3162 986 3191 1036 6
3228 985 3425 1051 Λόγος,
3460 984 3609 1036 ὁνῦν
3635 986 3727 1054 ’11;-

2152 1063 2387 1135 σοῦςῖιὰ
2413 1075 2511 1144 τὴν
2542 1076 2853 1144 οἰκονομίαν
2892 1074 3133 1144 κληθεὶς.
3170 1076 3333 1138 αὑτός
3365 1078 3545 1137 ἐστιν,
3578 1075 3648 1127 δι’
3677 1070 3729 1126 οὗ

2147 1164 2217 1218 τὰ
2256 1165 2458 1217 πάντα·
2495 1167 2588 1219 καὶ
2635 1166 2823 1235 ὥσπερ
2853 1166 2945 1218 τὸν
2968 1167 3211 1236 καυτῆρα
3241 1166 3355 1236 πῦρ
3389 1167 3489 1218 καὶ
3525 1167 3730 1237 σίδηρον

2150 1253 2284 1318 νοῶ,
2337 1255 2508 1319 οὕτως
2574 1256 2777 1324 Ἰησοῦν
2827 1256 2959 1308 Θεὸν
2998 1257 3168 1324 Λόγον
3208 1257 3731 1327 ἐνανθρωπήςαντα.

2162 1346 2408 1400 Ἀπολλ.
2428 1348 2485 1399 ὐ
2510 1348 2652 1411 ναὸς,
2694 1348 2760 1399 δι’
2786 1343 2846 1401 οὗ
2875 1348 2947 1401 τὰ
2969 1350 3166 1411 πάντα,
3213 1348 3245 1419 ἦ
3276 1351 3306 1401 6
3351 1351 3413 1401 ὲν
3466 1348 3551 1417 τῷ
3596 1349 3733 1417 ναιξη

2163 1438 2313 1504 Ὀρθ.
2349 1440 2438 1508 Μὴ
2475 1439 2671 1510 διαίρει
2704 1439 2793 1493 τὸν
2826 1441 2952 1493 ναὸν
2996 1440 3091 1493 τοῦ
3125 1440 3494 1503 ἐνοικοῦντος.
3544 1441 3610 1493 Εἰ
3639 1442 3737 1510 γὰρ

474 1530 835 1587 oeconomiam
865 1528 1070 1583 dictum
1101 1538 1185 1584 est
1231 1526 1390 1582 Jesus
1414 1567 1430 1590 ,
1476 1529 1523 1583 is
1556 1539 1674 1589 est.
1733 1544 1830 1597 per
1884 1544 2041 1597 quem

2154 1548 2171 1578 ι
2211 1531 2239 1580 ὀ
2268 1528 2605 1599 κολλώμενος
2638 1530 2716 1600 τῷ
2744 1533 2933 1603 Κυρίῳ
2980 1532 3041 1585 ἓν
3078 1532 3296 1603 πνεῦμά
3324 1534 3470 1593 ἐστι,
3518 1552 3539 1583 ι

472 1624 657 1678 omnia
690 1640 704 1677 :
735 1630 790 1677 et
826 1619 1283 1691 quemadmodum
1332 1620 1635 1673 cauterium
1666 1618 2041 1672 animadverto

2149 1620 2366 1683 πλεῖον,
2400 1622 2527 1675 ὅταν
2592 1624 2621 1675 6
2693 1622 2898 1694 Κύριος
2956 1624 3181 1693 λέγηται
3250 1624 3344 1677 καὶ
3412 1624 3739 1692 πιστεύῃται

473 1714 654 1783 ignem
689 1712 849 1768 simul
875 1717 930 1766 et
956 1711 1160 1763 ferrum
1183 1724 1337 1775 esse;
1375 1709 1449 1761 ita
1476 1709 1640 1762 etiam
1677 1706 1862 1761 Jesum
1887 1707 2041 1761 intel-

2148 1711 2381 1780 ἡνῶσθαι
2410 1715 2590 1783 μορφῇ
2620 1713 2829 1777 δούλου,
2857 1711 2939 1778 εἷς
2972 1715 3119 1767 ἐστιν
3153 1715 3314 1778 αὐτὸς
3342 1714 3485 1778 Θεὸς
3527 1716 3625 1767 καὶ
3656 1712 3742 1767 ἂν·

473 1806 583 1869 ligo
606 1819 736 1860 esse
764 1803 932 1857 Demn
964 1800 1194 1855 Verbum
1216 1840 1231 1863 ,
1288 1800 1561 1853 hominem
1594 1797 1820 1851 factum.
1866 1798 2039 1865 Apoll.
2150 1800 2384 1871 θρωπος.

472 1901 725 1971 lpsamne
756 1898 1036 1966 templum,
1067 1911 1133 1948 an
1163 1895 1257 1964 qui
1283 1895 1337 1948 in
1362 1895 1560 1963 templo
1589 1900 1694 1957 est,
1726 1892 1772 1947 is
1808 1902 1913 1955 est,
1974 1909 2070 1963 per
2106 1910 2266 1964 quem
2293 1899 2521 1952 omnia?
2582 1899 2736 1954 Ortli.
2805 1900 2883 1953 Ne
2940 1916 3129 1971 separa
3167 1902 3436 1970 templum
3509 1900 3585 1953 ab
3642 1915 3738 1961 eo.

471 1999 566 2068 qui
606 1998 661 2050 in
688 1995 890 2063 templo
924 1992 1147 2045 habitat.
1202 1988 1336 2044 Nam
1376 1990 1420 2044 si
1488 2007 1506 2039 ι
1573 1988 1888 2061 quicunque
1942 1990 2308 2058 agglutinatus
2376 2001 2460 2047 est
2529 1992 2780 2050 Domino.
2850 2011 2992 2049 unus
3029 2014 3047 2045 ι
3118 2010 3244 2048 eum
3296 2009 3366 2048 eo
3437 2013 3456 2044 ι
3514 1994 3740 2064 spiritus

471 2102 557 2147 est
579 2093 648 2152 τ’,
671 2110 689 2143 ι
734 2089 907 2143 multo
937 2085 1109 2156 magis
1140 2099 1263 2140 cum
1298 2083 1499 2138 dicitur
1527 2090 1582 2139 ει
1614 2083 1860 2139 creditur
1881 2081 2142 2142 Dominus
2193 2088 2382 2143 unitos
2408 2103 2530 2144 esse
2562 2088 2749 2144 forma:
2782 2092 2956 2156 servi,
3021 2105 3163 2145 unus
3189 2097 3276 2145 est
3339 2089 3471 2159 ipse
3503 2087 3656 2145 Deus
3691 2096 3740 2144 et

473 2188 659 2242 homo.

542 2282 597 2338 6.
628 2280 803 2351 Apoll.
835 2278 1005 2334 llomo
1034 2276 1200 2349 igitur
1226 2292 1334 2332 non
1366 2284 1469 2342 est,
1490 2275 1582 2346 qui
1606 2290 1673 2330 ex
1720 2272 1890 2328 Maria
1939 2287 2034 2343 ge-

472 2376 621 2430 nitus
652 2374 772 2430 est?
811 2371 963 2427 Orth.
998 2368 1351 2425 Solommodo
1403 2368 1625 2438 quidem
1679 2366 1878 2427 homo,
1941 2379 2037 2418 ne-

471 2479 765 2537 quaquam.
826 2461 1002 2532 Apoll.
1056 2459 1163 2517 Sed
1222 2459 1482 2530 quidnam
1534 2456 1841 2528 prmterea?
1880 2453 2036 2509 Orih.

474 2557 579 2612 Sed
610 2556 773 2611 etiam
803 2553 968 2609 Deus.
1000 2550 1311 2606 Sicutenim
1346 2548 1495 2603 Isaac
1522 2549 1738 2619 genitus
1769 2562 1835 2600 ex
1862 2547 2042 2601 Abra-

473 2651 655 2708 hamo.
685 2662 788 2703 nec
813 2646 951 2700 alius
984 2645 1273 2715 quisquam
1300 2642 1601 2705 hominum,
1631 2647 1715 2695 est
1748 2654 1875 2694 caro
1901 2638 2040 2692 dun-

473 2749 644 2804 taxat,
677 2738 774 2794 sed
802 2737 1181 2807 unusquisque
1223 2742 1468 2789 nostrum
1499 2733 1716 2803 genitus
1742 2739 1826 2785 est
1875 2731 2039 2784 homo

474 2846 539 2885 ex
583 2827 841 2894 homine,
900 2843 1011 2881 non
1062 2823 1207 2896 quod
1241 2826 1422 2878 anima
1474 2822 1758 2876 rationalis
1812 2821 2040 2875 alteram

472 2921 710 2973 animam
744 2919 1062 2974 rationalem
1115 2916 1392 2987 genuerit;
1449 2916 1701 2985 quamvis
1748 2914 1913 2969 homo
1967 2913 2039 2968 sit

2206 2271 2258 2326 6.
2294 2272 2538 2326 Ἀπολλ.
2564 2271 2771 2325 Οὐκοῦν
2803 2273 2901 2326 οὐκ
2925 2272 3069 2326 ἔστιν
3102 2272 3393 2344 ἄνθρωπος
3415 2276 3446 2327 6
3477 2293 3734 2347 γεγεννιςο

2141 2363 2299 2435 μένος
2315 2366 2379 2417 ὲκ
2402 2364 2650 2434 Μαρίας;
2670 2365 2825 2430 Ὀρθ.
2852 2364 3024 2418 Μόνον
3048 2364 3354 2434 ἄνθρωπος,
3380 2365 3472 2419 οὗ.
3489 2369 3731 2422 Ἀπαυ.

2156 2454 2315 2507 ’Λλλὰ
2338 2459 2431 2507 καὶ
2450 2454 2502 2507 τί
2522 2470 2536 2520 ;
2565 2455 2721 2522 Ὀρθ.
2755 2454 2914 2506 ’Λλλὰ
2940 2456 3034 2508 καὶ
3060 2456 3220 2518 Θεός·
3251 2457 3329 2520 ὡς
3349 2460 3471 2529 γὰρ
3496 2461 3605 2512 οὐκ
3632 2461 3732 2512 ἔπι

2144 2544 2303 2613 μόνον
2337 2543 2474 2615 σὰρξ
2524 2545 2707 2597 Ἰσαὰκ
2738 2545 3131 2615 γεγεννημένος
3188 2541 3252 2599 ἔκ
3312 2546 3416 2599 τοῦ
3457 2548 3729 2621 Ἀϐραὰμ,

2143 2633 2263 2687 οὐδὲ
2307 2634 2463 2699 ἄλλος
2506 2652 2591 2699 τις
2627 2635 2733 2688 τῶν
2778 2635 3098 2706 ἀνθρώπων,
3153 2637 3288 2691 ἀλλὰ
3343 2638 3653 2710 ἄνθρωπος
3682 2642 3731 2705 ἐξ

2144 2726 2428 2797 ἀνθρώπου
2458 2728 2775 2799 γεγέννηται
2808 2730 3037 2793 ἕκαστος
3071 2729 3247 2799 ἡμῶν,
3277 2730 3340 2781 οὐ
3378 2733 3732 2803 γεννωμένης

2142 2817 2320 2888 ψυχῆς
2348 2818 2567 2889 λογικῆς
2608 2822 2670 2872 ὲκ
2697 2820 2876 2891 ψυχῆς
2925 2820 3175 2890 λογικῆς·
3212 2820 3470 2891 καίτοιγε
3512 2824 3615 2877 τοῦ
3645 2827 3733 2878 ἀν-

2145 2908 2363 2981 θρώπου
2389 2912 2452 2963 ὲκ
2479 2910 2655 2982 ψυχῆς
2682 2912 2901 2983 λογικῆς
2924 2912 3016 2965 καὶ
3041 2911 3287 2983 σώματος
3314 2917 3698 2987 συγκειμένου
3714 2933 3729 2949 ·

471 3026 535 3066 ex
567 3010 746 3064 anima
784 3009 1038 3064 rationali
1066 3017 1122 3063 et
1148 3022 1379 3077 corpore
1408 3007 1785 3079 cmnpositus;
1846 3006 1918 3059 ita
1963 3005 2031 3058 il-

2148 3000 2275 3055 ιῦτω
2306 3001 2437 3056 Θεὸν
2467 3002 2608 3071 λέγω
2640 3003 2731 3057 τὸν
2767 3006 2830 3056 ὲκ
2861 3004 3078 3073 Μαρίας
3102 3006 3545 3075 γεγεννημένον,
3590 3009 3727 3078 ψυχῇ

474 3104 605 3166 lum,
634 3102 726 3172 qui
754 3115 820 3156 ex
844 3099 1011 3154 Maria
1034 3099 1249 3169 genitus
1273 3105 1378 3159 est,
1400 3098 1609 3167 appello
1634 3097 1824 3159 Deum,
1850 3095 2043 3150 animae

476 3193 729 3247 videlicet
754 3200 808 3246 et
836 3191 1052 3261 corpori
1093 3189 1328 3244 unitum.
1380 3187 1848 3254 Quemadmodum
1895 3187 2042 3241 enim

477 3286 522 3339 si
554 3283 738 3336 anima
791 3280 1010 3350 corpori
1043 3279 1197 3333 unita
1232 3278 1391 3332 fuerit
1415 3317 1429 3341 ,
1472 3277 1712 3347 gignitur
1757 3276 1918 3329 homo
1946 3290 2043 3344 per

474 3375 780 3436 mulierem,
809 3374 881 3427 ita
914 3370 1057 3427 Deus
1080 3369 1338 3432 Verbum,
1372 3369 1463 3423 ubi
1493 3370 1701 3422 unitum
1733 3375 1816 3421 est
1848 3366 2043 3419 animae

472 3470 526 3515 et
561 3460 799 3531 corpori,
831 3459 1046 3530 genitus
1067 3466 1148 3513 est
1182 3457 1324 3513 Deus
1353 3467 1407 3512 et
1439 3458 1598 3512 homo
1624 3473 1717 3527 per
1733 3458 2040 3510 mulierem.

473 3550 649 3620 Apoll.
682 3550 848 3620 Atqui
892 3569 909 3600 ι
950 3565 1016 3604 ex
1046 3548 1274 3604 muliere
1298 3566 1329 3599 ί»
1368 3547 1636 3616 scriptum
1669 3556 1752 3600 est
1782 3548 1847 3598 ⁷⁸.
1884 3543 2037 3600 Orth.

473 3640 550 3695 Ex
578 3642 823 3703 muliere,
860 3638 1158 3696 secundum
1213 3652 1472 3693 carnem:
1509 3653 1603 3708 per
1633 3638 1911 3691 mulierem
1956 3650 2043 3689 se-

474 3734 714 3787 cundum
744 3732 1031 3802 Spiritum.
1072 3729 1248 3797 Apoll.
1293 3728 1552 3798 Proprius
1604 3730 1693 3783 ille
1722 3727 1816 3782 Dei
1846 3726 2037 3790 Filius,

474 3840 635 3895 quem
671 3840 769 3894 pro
804 3824 960 3878 nobis
999 3821 1223 3876 tradidit
1248 3860 1264 3885 ,
1322 3822 1573 3890 quisnam
1620 3827 1723 3883 est,
1761 3817 2039 3879 Verbum,

475 3933 543 3971 an
585 3915 785 3971 homo?
817 3914 972 3971 Orth.
1008 3912 1273 3984 Proprius
1315 3911 1411 3968 Dei
1470 3910 1637 3966 Filios
1684 3912 1774 3964 ille
1798 3920 1911 3973 est,
1946 3909 2039 3979 qui

480 4028 499 4060 ι
543 4009 845 4064 humiliavit
901 4007 1295 4077 semetipsum,
1382 4003 1608 4059 formam
1677 4002 1818 4057 servi
1896 4003 2042 4056 acci-

475 4101 629 4169 piens
653 4099 720 4162 ",
770 4117 789 4149 ι
850 4105 903 4151 ει
952 4097 1007 4150 in
1060 4097 1151 4149 illa
1202 4094 1384 4149 servili
1435 4090 1607 4146 forma
1651 4092 1883 4145 traditus
1931 4098 2037 4146 est.

473 4190 648 4260 Apoll.
680 4188 798 4243 Non
829 4188 996 4257 igitur
1017 4184 1181 4240 Jesus
1202 4200 1268 4240 ex
1300 4182 1467 4238 Maria
1499 4182 1745 4252 genitus,
1801 4180 1897 4235 sed
1943 4196 2041 4250 per

470 4295 587 4336 eam
615 4280 854 4349 genitum
893 4275 1153 4339 Verbum,
1188 4276 1234 4331 is
1271 4284 1375 4335 est,
1402 4274 1493 4343 qui
1521 4272 1873 4340 semetipsum
1932 4273 2036 4325 hu-

2141 3095 2235 3147 καὶ
2264 3092 2473 3164 σώματι
2515 3094 2803 3149 ἑνωθέντα.
2851 3095 3116 3167 Καθάπερ
3141 3096 3250 3168 γὰρ
3280 3096 3564 3153 ὲνωθεῖσα
3595 3100 3730 3170 ψυχὴ

2142 3185 2371 3255 σώματι,
2396 3187 2651 3253 γεννᾶται
2679 3186 2959 3258 ἄνθρωπος
2977 3187 3066 3240 διὰ
3094 3188 3374 3256 γυναικὸς,
3394 3188 3587 3253 οὕτως
3612 3192 3732 3244 ἐνω-

2142 3275 2254 3339 θεὶς
2298 3276 2429 3339 Θεὸς
2483 3277 2652 3345 Λόγος
2681 3277 2822 3348 ψυχῇ
2856 3278 2949 3330 καὶ
2983 3280 3215 3348 σώματι,
3276 3280 3558 3352 ἐγεννήθη
3608 3282 3732 3344 Θεὸς

2140 3366 2234 3419 καὶ¹
2264 3366 2543 3437 ἄνθρωπος
2591 3366 2678 3421 διὰ
2710 3370 2984 3436 γυναικός.
3015 3370 3262 3422 Ἀπολλ.
3292 3371 3574 3440 Καίτοιγε
3628 3393 3647 3424 ι
3673 3375 3735 3424 ἐκ

2139 3458 2396 3528 γυναικὸς
2432 3477 2450 3509 ι
2509 3458 2836 3530 γέγραπται.
2889 3461 3040 3528 Ὀρθ.
3105 3462 3200 3515 Ἐκ
3249 3464 3524 3529 γυναικὸς
3598 3464 3730 3518 κατὰ

2141 3552 2338 3621 σάρκα,
2372 3550 2457 3603 διὰ
2489 3550 2590 3620 τῆς
2630 3551 2887 3619 γυναικὸς
2919 3552 3060 3605 κατὰ
3091 3553 3328 3624 πνεῦμα.
3368 3555 3637 3611 Ἀπολλ.
3679 3559 3730 3609 '0

2142 3638 2270 3703 ἴδιος
2325 3639 2454 3702 Υἱὸς
2498 3639 2594 3691 τοῦ
2645 3639 2803 3703 Θεοῦ,
2858 3640 2917 3693 ὃν
2979 3643 3295 3715 παρέδωκεν
3350 3644 3502 3716 ὑπὲρ
3554 3646 3727 3717 ἡμῶν,

2137 3732 2222 3793 τίς
2254 3733 2438 3797 tactv;
2490 3733 2518 3784 6
2551 3732 2743 3800 Λόγος.
2797 3733 2831 3804 ἦ
2871 3736 2899 3786 6
2934 3734 3257 3806 ἄνθρωπος;
3294 3737 3456 3804 Ὀρθ.
3508 3740 3572 3793 ’0
3609 3741 3728 3802 [διες

2140 3822 2266 3886 Υἱὸς
2298 3822 2389 3876 τοῦ
2421 3822 2577 3878 Θεοῦ.
2626 3824 2785 3888 αὐτός
2820 3826 2965 3878 ἐστιν
3006 3844 3024 3876 ι
3064 3827 3093 3878 6
3121 3827 3473 3893 ταπεινώσας
3518 3834 3723 3894 ἑαυτὸν,

2143 3915 2355 3986 μορφὴν
2386 3915 2573 3968 δούλου
2590 3915 2791 3980 λαὸὼν,
2817 3936 2835 3967 ι
2860 3918 2954 3970 καὶ
2969 3920 3025 3971 ὲν
3046 3920 3178 3989 αὐτῇ
3200 3922 3265 3989 τῇ
3294 3921 3525 3994 δουλικῇ
3552 3928 3725 3999 μορςῇ

2142 4004 2485 4076 παραδοθείς.
2517 4005 2769 4059 Ἀπολλ.
2802 4007 2912 4077 Οὐχ
2935 4008 2963 4059 6
2988 4007 3265 4078 γεννηθεὶς
3291 4005 3386 4063 οὖν
3415 4014 3484 4065 ὲκ
3511 4016 3726 4086 Μαρίας

2153 4097 2377 4167 Ἰησοῦς,
2442 4096 2556 4151 ἀλλ’
2591 4099 2619 4150 6
2671 4098 2952 4168 γεννηθεὶς
3000 4099 3068 4152 δι’
3102 4101 3271 4171 αὑτῆς
3306 4103 3509 4171 Λόγος,
3574 4108 3727 4169 αὐτὸς

2141 4188 2331 4240 ἑαυτὸν
2364 4186 2698 4239 ἐταπείνωσε
2745 4188 2905 4259 μέχρι
2947 4188 3195 4244 θανάτου.
3237 4192 3392 4257 Ὀρθ.
3430 4193 3530 4265 Μὴ
3557 4196 3725 4266 δίαιρε

2138 4278 2237 4349 τὴν
2272 4277 2418 4342 ams
2468 4277 2762 4331 ἑνωθεῖσαν
2798 4278 3010 4331 ἕνωσιν.
3064 4276 3232 4331 Εἶπον
3263 4280 3396 4349 γὰρ,
3445 4283 3535 4336 ὃτι
3573 4287 3726 4348 αὑτός

472 4346 701 4423 miliavit
724 4382 895 4436 usque
926 4366 994 4419 ad
1020 4374 1272 4420 mortem.
1314 4362 1468 4418 Orlh.
1528 4360 1605 4415 Nc
1639 4375 1831 4429 separa
1875 4361 2039 4414 unio-

2148 4346 2286 4424 ιέτιν
2310 4372 2339 4422 ὁ
2358 4371 2486 4434 ῑδιος
2508 4371 2655 4436 Υἱὸς,
2679 4373 2708 4425 6
2736 4371 2795 4437 εξ
2823 4373 2990 4441 αὐτῆς
3018 4372 3160 4425 κατὰ
3189 4346 3391 4444 σάρκα,
3424 4376 3527 4427 καὶ
3554 4346 3727 4429 arma;

473 4467 595 4512 nom
623 4458 789 4513 semel
820 4457 1046 4511 unitam.
1094 4455 1213 4509 Dixi
1250 4455 1417 4517 enim,
1447 4469 1570 4508 eum
1596 4468 1718 4507 esse
1757 4452 2035 4521 proprium

472 4549 691 4611 Filium,
726 4549 821 4618 qui
850 4564 915 4603 ex
965 4562 1030 4601 ea
1082 4548 1155 4601 sit
1200 4547 1494 4601 secundum
1550 4559 1807 4605 carnem,
1844 4552 1897 4597 et
1942 4559 2041 4614 per

468 4656 590 4697 eam
619 4639 916 4695 secundum
946 4637 1230 4709 Spiritum.
1273 4637 1447 4707 Apoll.
1501 4634 1640 4705 Ergo
1663 4633 1903 4690 Verbum
1942 4651 2039 4704 per

470 4747 589 4787 eam
620 4731 860 4801 genitum
892 4729 1199 4784 humiliavit
1225 4729 1573 4797 semetipsum
1598 4743 1773 4798 usque
1810 4728 1876 4782 ad
1901 4743 2041 4782 mor-

468 4832 601 4879 tem.
642 4822 798 4879 Orth.
835 4821 978 4877 Deus
1003 4819 1243 4876 Verbum
1301 4821 1465 4889 igitur
1512 4836 1608 4890 per
1667 4822 1841 4891 ipsam
1884 4821 2037 4891 geni-

469 4921 607 4977 tum,
637 4928 761 4968 cum
793 4926 899 4967 non
926 4918 1109 4981 posset
1148 4911 1201 4964 in
1235 4911 1351 4981 ipsa
1381 4910 1601 4965 deitatis
1630 4920 1823 4965 natura
1858 4910 2038 4963 humi-

2140 4461 2239 4530 τῆς
2294 4462 2434 4514 κατὰ
2482 4460 2720 4531 πνεῦμα.
2748 4463 2995 4516 Ἀπολλ.
3035 4463 3091 4516 '0
3122 4462 3189 4515 δι’
3216 4463 3387 4533 αὐτῆς
3421 4460 3523 4517 οὖν
3562 4468 3727 4536 Λόγος

2139 4551 2498 4605 ἐταπείνωσεν
2532 4552 2723 4605 ἑαυτὸν
2756 4552 2915 4623 μέχρι
2957 4552 3207 4606 θανάτου.
3243 4555 3403 4621 Ὄρθ.
3450 4555 3511 4609 Ὀ
3538 4557 3612 4610 δι’
3640 4560 3727 4610 αὖε

2138 4643 2236 4713 τῆς
2266 4639 2358 4696 οὖν
2387 4644 2517 4707 Θεὸς
2550 4644 2742 4711 Λόγος,
2776 4646 2837 4697 οὐ
2863 4644 3154 4715 δυνάμενος
3188 4647 3251 4716 τῇ
3288 4646 3459 4714 φύσει
3488 4650 3596 4721 τῆς
3618 4651 3729 4704 θεὸς

2141 4749 2310 4803 τητος
2332 4733 2736 4805 ταπεινωθῆναι
2769 4735 2930 4808 μέχρι
2959 4736 3210 4801 θανάτου,
3237 4737 3438 4792 ἔλαϐεν
3456 4741 3646 4811 ἐαυτῷ
3672 4742 3726 4808 ἐξ

2140 4824 2311 4894 αὐτῆς
2348 4825 2585 4897 ἔμψυχον
2619 4826 2799 4897 σῶμα,
2849 4828 2911 4880 τὸ
2965 4828 3262 4898 δυνάμενον
3314 4834 3726 4906 ταπεινωθῆναι

2143 4914 2302 4987 μέχρι
2335 4915 2585 4979 Θανάτου,
2620 4917 2648 4969 ὃ
2683 4920 2797 4970 ἐστι
2833 4919 3012 4989 μορφὴ
3046 4918 3249 4972 δούλου.

471 5000 604 5059 liare
629 5018 690 5059 se
717 5018 891 5073 usque
941 5001 1010 5056 ad
1041 5009 1272 5057 mortem
1303 5042 1317 5063 ,
1362 5017 1562 5071 corpus
1603 5015 1670 5056 ex
1717 5015 1782 5056 ea
1828 5001 1932 5056 sibi
1988 5007 2285 5075 assumpsit
2318 5007 2636 5071 animatum,
2661 5009 2805 5077 quod
2828 5009 2895 5062 ad
2926 5021 3156 5064 mortem
3199 5025 3375 5079 usque
3442 5011 3724 5067 humiliari

470 5104 676 5166 posset,
709 5096 760 5149 id
794 5103 879 5150 est
916 5094 1144 5149 formam
1176 5096 1341 5149 servi.

544 5186 593 5241 7.
633 5186 812 5256 Apoll.
841 5185 983 5240 Deus
1012 5201 1140 5255 ergo
1171 5200 1367 5255 passus
1393 5192 1479 5240 est
1515 5200 1613 5255 pro
1659 5184 1837 5239 nobis.
1879 5182 2033 5238 Orlh.

447 5276 635 5346 .Deus,
666 5280 819 5334 unito
841 5278 944 5333 sibi
979 5292 1209 5347 corpore
1242 5279 1422 5330 anima
1454 5277 1699 5346 praedito,
1725 5275 1870 5347 quod
1898 5276 2040 5329 mori

541 5432 586 5466 "
623 5434 637 5487 Ι
671 5434 797 5487 Cor.
834 5448 916 5496 γι,
962 5432 1040 5485 l7.
1117 5430 1163 5462 ⁷⁸
1200 5430 1374 5484 Galat.
1419 5446 1490 5493 Iv,
1524 5430 1575 5484 4.

545 5588 655 5660 (Ἠ)
695 5587 866 5641 Palat.
902 5584 1339 5658 σεσαρκωμένος,
1367 5585 1510 5639 male

2213 5184 2266 5235 7.
2297 5183 2544 5236 Ἀετολλ.
2564 5182 2697 5245 Θεὸς
2713 5180 2805 5237 οὖν
2828 5184 3027 5240 ἔπαθεν
3051 5187 3191 5256 ὑπὲρ
3206 5188 3386 5259 ἡμῶν.
3412 5193 3577 5262 Ὀρθ.
3599 5196 3723 5258 Θεὸς

2146 5273 2349 5337 ὲνώσας
2380 5273 2559 5345 ἑαυτῷ
2609 5274 2768 5345 σῶμα
2821 5275 3085 5347 ἔμψυχον,
3122 5279 3184 5331 τὸ
3231 5281 3540 5354 δυνάμενον
3595 5288 3721 5340 ἀπο-

1653 5432 1696 5463 "
1737 5428 1976 5501 Philipp.
2019 5444 2079 5499 ιι,
2118 5428 2170 5485 8.

2222 5583 2337 5657 (Ὶξκ
2377 5581 2468 5638 Sic
2499 5599 2631 5640 mss.
2668 5601 2877 5643 omnes.
2906 5585 3048 5641 Editi
3071 5604 3219 5656 vero,
3248 5590 3446 5657 οὕτως.
