  <div class='ocr_page' id='page_1' title='image "/cluster/home/n/w/nwhite01/storage/ocr_20150623/28/nnc1.0046978690/686.png"; bbox 0 0 3842 6210; ppageno 0'>
   <div class='ocr_carea' id='block_1_1' title="bbox 47 281 3346 365">
    <p class='ocr_par' dir='ltr' id='par_1_1' title="bbox 47 281 3346 365">
     <span class='ocr_line' id='line_1_1' title="bbox 47 281 3346 365; baseline 0.004 -26"><span class='ocrx_word' id='word_1_1' title='bbox 47 281 233 341; x_wconf 64' lang='grc'><strong>1265</strong></span> <span class='ocrx_word' id='word_1_2' title='bbox 1060 288 1149 344; x_wconf 84' lang='lat' dir='ltr'><strong>DE</strong></span> <span class='ocrx_word' id='word_1_3' title='bbox 1192 285 1460 347; x_wconf 80' lang='lat' dir='ltr'><strong>SANCTA</strong></span> <span class='ocrx_word' id='word_1_4' title='bbox 1503 291 1884 348; x_wconf 81' lang='lat' dir='ltr'><strong>TRlNlTATE</strong></span> <span class='ocrx_word' id='word_1_5' title='bbox 1922 291 2269 351; x_wconf 82' lang='lat' dir='ltr'><strong>DIALOGUS</strong></span> <span class='ocrx_word' id='word_1_6' title='bbox 2305 292 2399 365; x_wconf 55' lang='lat' dir='ltr'><strong>V.,</strong></span> <span class='ocrx_word' id='word_1_7' title='bbox 3205 291 3346 353; x_wconf 69' lang='lat' dir='ltr'><strong>i266</strong></span> 
     </span>
    </p>
   </div>
   <div class='ocr_carea' id='block_1_2' title="bbox 51 396 1673 479">
    <p class='ocr_par' dir='ltr' id='par_1_2' title="bbox 51 396 1673 479">
     <span class='ocr_line' id='line_1_2' title="bbox 51 396 1673 479; baseline 0.009 -31"><span class='ocrx_word' id='word_1_8' title='bbox 51 397 281 468; x_wconf 78' lang='grc' dir='ltr'>ριακὸν</span> <span class='ocrx_word' id='word_1_9' title='bbox 306 396 470 467; x_wconf 84' lang='grc' dir='ltr'>λέγω,</span> <span class='ocrx_word' id='word_1_10' title='bbox 505 398 599 451; x_wconf 78' lang='grc' dir='ltr'>καὶ</span> <span class='ocrx_word' id='word_1_11' title='bbox 623 398 801 472; x_wconf 75' lang='grc' dir='ltr'>ψυχὴν</span> <span class='ocrx_word' id='word_1_12' title='bbox 824 401 1131 474; x_wconf 83' lang='grc' dir='ltr'>Κυριακὴν,</span> <span class='ocrx_word' id='word_1_13' title='bbox 1158 405 1253 459; x_wconf 76' lang='grc' dir='ltr'>καὶ</span> <span class='ocrx_word' id='word_1_14' title='bbox 1291 400 1429 477; x_wconf 77' lang='grc' dir='ltr'>αἷμα</span> <span class='ocrx_word' id='word_1_15' title='bbox 1462 408 1673 479; x_wconf 85' lang='grc' dir='ltr'>Κυρια-</span> 
     </span>
    </p>
   </div>
   <div class='ocr_carea' id='block_1_3' title="bbox 1810 396 3343 479">
    <p class='ocr_par' dir='ltr' id='par_1_3' title="bbox 1810 405 3343 473">
     <span class='ocr_line' id='line_1_3' title="bbox 1810 405 3343 473; baseline 0.001 -10"><span class='ocrx_word' id='word_1_16' title='bbox 1810 406 1992 463; x_wconf 72' lang='lat' dir='ltr'><strong>lomini</strong></span> <span class='ocrx_word' id='word_1_17' title='bbox 2030 421 2156 461; x_wconf 88' lang='lat' dir='ltr'><strong>cum</strong></span> <span class='ocrx_word' id='word_1_18' title='bbox 2181 421 2339 472; x_wconf 91' lang='lat' dir='ltr'><strong>voco,</strong></span> <span class='ocrx_word' id='word_1_19' title='bbox 2375 414 2431 463; x_wconf 89' lang='lat' dir='ltr'><strong>et</strong></span> <span class='ocrx_word' id='word_1_20' title='bbox 2466 406 2705 461; x_wconf 89' lang='lat' dir='ltr'><strong>animam</strong></span> <span class='ocrx_word' id='word_1_21' title='bbox 2735 405 3097 473; x_wconf 87' lang='lat' dir='ltr'><strong>Dominicam,</strong></span> <span class='ocrx_word' id='word_1_22' title='bbox 3127 415 3181 465; x_wconf 89' lang='lat' dir='ltr'><strong>et</strong></span> <span class='ocrx_word' id='word_1_23' title='bbox 3211 424 3343 465; x_wconf 81' lang='lat' dir='ltr'><strong>san-</strong></span> 
     </span>
    </p>
   </div>
   <div class='ocr_carea' id='block_1_4' title="bbox 52 488 1673 570">
    <p class='ocr_par' dir='ltr' id='par_1_4' title="bbox 52 488 1673 566">
     <span class='ocr_line' id='line_1_4' title="bbox 52 488 1673 566; baseline 0.006 -25"><span class='ocrx_word' id='word_1_24' title='bbox 52 488 203 553; x_wconf 77' lang='grc' dir='ltr'>κδν,</span> <span class='ocrx_word' id='word_1_25' title='bbox 230 489 329 542; x_wconf 71' lang='grc' dir='ltr'>καὶ</span> <span class='ocrx_word' id='word_1_26' title='bbox 362 488 538 561; x_wconf 81' lang='grc' dir='ltr'>ταφὴν</span> <span class='ocrx_word' id='word_1_27' title='bbox 559 491 862 565; x_wconf 79' lang='grc' dir='ltr'>Κυριακὴν,</span> <span class='ocrx_word' id='word_1_28' title='bbox 890 495 983 547; x_wconf 79' lang='grc' dir='ltr'>καὶ</span> <span class='ocrx_word' id='word_1_29' title='bbox 1009 494 1291 566; x_wconf 80' lang='grc' dir='ltr'>ἄνθρωπον</span> <span class='ocrx_word' id='word_1_30' title='bbox 1307 497 1533 552; x_wconf 84' lang='grc' dir='ltr'><strong>καθόλου</strong></span> <span class='ocrx_word' id='word_1_31' title='bbox 1558 500 1673 551; x_wconf 80' lang='grc' dir='ltr'><strong>Κυ-</strong></span> 
     </span>
    </p>
   </div>
   <div class='ocr_carea' id='block_1_5' title="bbox 1810 488 3345 570">
    <p class='ocr_par' dir='ltr' id='par_1_5' title="bbox 1811 497 3345 570">
     <span class='ocr_line' id='line_1_5' title="bbox 1811 497 3345 570; baseline 0.004 -18"><span class='ocrx_word' id='word_1_32' title='bbox 1811 498 1997 553; x_wconf 91' lang='lat' dir='ltr'><strong>uinem</strong></span> <span class='ocrx_word' id='word_1_33' title='bbox 2030 497 2399 566; x_wconf 89' lang='lat' dir='ltr'><strong>Dominicum,</strong></span> <span class='ocrx_word' id='word_1_34' title='bbox 2432 506 2487 555; x_wconf 84' lang='lat' dir='ltr'><strong>et</strong></span> <span class='ocrx_word' id='word_1_35' title='bbox 2519 499 2861 570; x_wconf 71' lang='lat' dir='ltr'><strong>sepulturam</strong></span> <span class='ocrx_word' id='word_1_36' title='bbox 2894 499 3256 564; x_wconf 89' lang='lat' dir='ltr'><strong>Dominicam,</strong></span> <span class='ocrx_word' id='word_1_37' title='bbox 3288 508 3345 558; x_wconf 77' lang='lat' dir='ltr'><strong>et</strong></span> 
     </span>
    </p>
   </div>
   <div class='ocr_carea' id='block_1_6' title="bbox 59 580 1673 655">
    <p class='ocr_par' dir='ltr' id='par_1_6' title="bbox 59 580 1673 653">
     <span class='ocr_line' id='line_1_6' title="bbox 59 580 1673 653; baseline 0.007 -21"><span class='ocrx_word' id='word_1_38' title='bbox 59 581 305 650; x_wconf 87' lang='grc' dir='ltr'>ριακὸν,</span> <span class='ocrx_word' id='word_1_39' title='bbox 329 580 519 636; x_wconf 88' lang='grc' dir='ltr'>ένώσει</span> <span class='ocrx_word' id='word_1_40' title='bbox 545 581 639 636; x_wconf 83' lang='grc' dir='ltr'><strong>τοῦ</strong></span> <span class='ocrx_word' id='word_1_41' title='bbox 671 582 807 638; x_wconf 83' lang='grc' dir='ltr'><strong>Θεοῦ</strong></span> <span class='ocrx_word' id='word_1_42' title='bbox 838 585 1011 653; x_wconf 85' lang='grc' dir='ltr'>Λόγου</span> <span class='ocrx_word' id='word_1_43' title='bbox 1031 600 1046 616; x_wconf 77' lang='grc'><strong><em>⁸</em></strong></span> <span class='ocrx_word' id='word_1_44' title='bbox 1077 586 1249 650; x_wconf 76' lang='grc' dir='ltr'>οὕτως</span> <span class='ocrx_word' id='word_1_45' title='bbox 1289 588 1363 653; x_wconf 85' lang='grc' dir='ltr'>ὡς</span> <span class='ocrx_word' id='word_1_46' title='bbox 1406 585 1544 643; x_wconf 85' lang='grc' dir='ltr'>εἶναι</span> <span class='ocrx_word' id='word_1_47' title='bbox 1580 591 1673 643; x_wconf 75' lang='grc' dir='ltr'>καὶ</span> 
     </span>
    </p>
   </div>
   <div class='ocr_carea' id='block_1_7' title="bbox 1810 580 3344 655">
    <p class='ocr_par' dir='ltr' id='par_1_7' title="bbox 1810 590 3344 655">
     <span class='ocr_line' id='line_1_7' title="bbox 1810 590 3344 655; baseline 0.003 -11"><span class='ocrx_word' id='word_1_48' title='bbox 1810 607 1831 644; x_wconf 78' lang='grc' dir='ltr'><strong>ι</strong></span> <span class='ocrx_word' id='word_1_49' title='bbox 1869 591 2187 647; x_wconf 83' lang='lat' dir='ltr'><strong>universum</strong></span> <span class='ocrx_word' id='word_1_50' title='bbox 2228 591 2352 647; x_wconf 87' lang='lat' dir='ltr'><strong>dico</strong></span> <span class='ocrx_word' id='word_1_51' title='bbox 2394 591 2671 646; x_wconf 85' lang='lat' dir='ltr'><strong>hominem</strong></span> <span class='ocrx_word' id='word_1_52' title='bbox 2722 590 3085 655; x_wconf 89' lang='lat' dir='ltr'><strong>Dominicnm,</strong></span> <span class='ocrx_word' id='word_1_53' title='bbox 3131 593 3202 647; x_wconf 91' lang='lat' dir='ltr'><strong>ob</strong></span> <span class='ocrx_word' id='word_1_54' title='bbox 3249 592 3344 649; x_wconf 85' lang='lat' dir='ltr'><strong>Dei</strong></span> 
     </span>
    </p>
   </div>
   <div class='ocr_carea' id='block_1_8' title="bbox 53 669 1673 748">
    <p class='ocr_par' dir='ltr' id='par_1_8' title="bbox 53 669 1673 748">
     <span class='ocr_line' id='line_1_8' title="bbox 53 669 1673 748; baseline 0.007 -26"><span class='ocrx_word' id='word_1_55' title='bbox 53 669 176 722; x_wconf 80' lang='grc' dir='ltr'><strong>τὸν</strong></span> <span class='ocrx_word' id='word_1_56' title='bbox 207 671 377 724; x_wconf 82' lang='grc' dir='ltr'>αὐτὸν</span> <span class='ocrx_word' id='word_1_57' title='bbox 409 672 542 727; x_wconf 84' lang='grc' dir='ltr'><strong>Θεὸν</strong></span> <span class='ocrx_word' id='word_1_58' title='bbox 567 672 658 727; x_wconf 74' lang='grc' dir='ltr'><strong>καὶ</strong></span> <span class='ocrx_word' id='word_1_59' title='bbox 688 673 974 748; x_wconf 78' lang='grc' dir='ltr'>ἄνθρωπον</span> <span class='ocrx_word' id='word_1_60' title='bbox 995 693 1011 707; x_wconf 71' lang='grc' dir='ltr'>θ</span> <span class='ocrx_word' id='word_1_61' title='bbox 1052 677 1145 730; x_wconf 90' lang='grc' dir='ltr'><strong>καί</strong></span> <span class='ocrx_word' id='word_1_62' title='bbox 1190 695 1319 731; x_wconf 88' lang='grc' dir='ltr'>ποτε</span> <span class='ocrx_word' id='word_1_63' title='bbox 1354 680 1515 733; x_wconf 77' lang='grc' dir='ltr'>αὐτὸν</span> <span class='ocrx_word' id='word_1_64' title='bbox 1555 680 1673 733; x_wconf 83' lang='grc' dir='ltr'><strong>ὅλον</strong></span> 
     </span>
    </p>
   </div>
   <div class='ocr_carea' id='block_1_9' title="bbox 1810 669 3348 748">
    <p class='ocr_par' dir='ltr' id='par_1_9' title="bbox 1810 677 3348 736">
     <span class='ocr_line' id='line_1_9' title="bbox 1810 677 3348 736; baseline 0.001 -2"><span class='ocrx_word' id='word_1_65' title='bbox 1810 677 1943 734; x_wconf 72' lang='lat' dir='ltr'><strong>&#39;erbi</strong></span> <span class='ocrx_word' id='word_1_66' title='bbox 1976 679 2278 734; x_wconf 89' lang='lat' dir='ltr'><strong>unitionem</strong></span> <span class='ocrx_word' id='word_1_67' title='bbox 2315 697 2329 734; x_wconf 88' lang='lat'><strong>:</strong></span> <span class='ocrx_word' id='word_1_68' title='bbox 2364 679 2437 733; x_wconf 88' lang='lat' dir='ltr'><strong>ita</strong></span> <span class='ocrx_word' id='word_1_69' title='bbox 2475 688 2534 734; x_wconf 92' lang='lat' dir='ltr'><strong>ut</strong></span> <span class='ocrx_word' id='word_1_70' title='bbox 2569 694 2717 734; x_wconf 84' lang='lat' dir='ltr'><strong>unus</strong></span> <span class='ocrx_word' id='word_1_71' title='bbox 2742 688 2796 734; x_wconf 89' lang='lat' dir='ltr'><strong>et</strong></span> <span class='ocrx_word' id='word_1_72' title='bbox 2826 680 2967 734; x_wconf 89' lang='lat' dir='ltr'><strong>idem</strong></span> <span class='ocrx_word' id='word_1_73' title='bbox 3012 681 3084 735; x_wconf 89' lang='lat' dir='ltr'><strong>sit</strong></span> <span class='ocrx_word' id='word_1_74' title='bbox 3111 679 3256 735; x_wconf 83' lang='lat' dir='ltr'><strong>Deus</strong></span> <span class='ocrx_word' id='word_1_75' title='bbox 3289 685 3348 736; x_wconf 71' lang='lat' dir='ltr'><strong>et</strong></span> 
     </span>
    </p>
   </div>
   <div class='ocr_carea' id='block_1_10' title="bbox 53 758 1673 840">
    <p class='ocr_par' dir='ltr' id='par_1_10' title="bbox 53 758 1673 834">
     <span class='ocr_line' id='line_1_10' title="bbox 53 758 1673 834; baseline 0.007 -23"><span class='ocrx_word' id='word_1_76' title='bbox 53 758 221 814; x_wconf 80' lang='grc' dir='ltr'>Θεὸν</span> <span class='ocrx_word' id='word_1_77' title='bbox 254 761 349 814; x_wconf 70' lang='grc' dir='ltr'><strong>καὶ</strong></span> <span class='ocrx_word' id='word_1_78' title='bbox 387 760 592 834; x_wconf 81' lang='grc' dir='ltr'>Κύριον</span> <span class='ocrx_word' id='word_1_79' title='bbox 650 763 891 828; x_wconf 84' lang='grc' dir='ltr'><strong>ἀκούειν,</strong></span> <span class='ocrx_word' id='word_1_80' title='bbox 939 766 1029 818; x_wconf 84' lang='grc' dir='ltr'><strong>καί</strong></span> <span class='ocrx_word' id='word_1_81' title='bbox 1061 783 1191 819; x_wconf 87' lang='grc' dir='ltr'>ποτε</span> <span class='ocrx_word' id='word_1_82' title='bbox 1223 768 1386 821; x_wconf 82' lang='grc' dir='ltr'>αὐτὸν</span> <span class='ocrx_word' id='word_1_83' title='bbox 1416 768 1533 821; x_wconf 83' lang='grc' dir='ltr'><strong>ὅλον</strong></span> <span class='ocrx_word' id='word_1_84' title='bbox 1583 768 1673 823; x_wconf 83' lang='grc' dir='ltr'><strong>ἀν-</strong></span> 
     </span>
    </p>
   </div>
   <div class='ocr_carea' id='block_1_11' title="bbox 1810 758 3351 840">
    <p class='ocr_par' dir='ltr' id='par_1_11' title="bbox 1814 769 3351 840">
     <span class='ocr_line' id='line_1_11' title="bbox 1814 769 3351 840; baseline 0.001 -16"><span class='ocrx_word' id='word_1_85' title='bbox 1814 785 1940 824; x_wconf 84' lang='grc' dir='ltr'>οιιιο</span> <span class='ocrx_word' id='word_1_86' title='bbox 1961 809 1975 834; x_wconf 87' lang='grc'><strong>,</strong></span> <span class='ocrx_word' id='word_1_87' title='bbox 2012 779 2063 825; x_wconf 93' lang='lat' dir='ltr'><strong>et</strong></span> <span class='ocrx_word' id='word_1_88' title='bbox 2100 769 2263 825; x_wconf 89' lang='lat' dir='ltr'><strong>modo</strong></span> <span class='ocrx_word' id='word_1_89' title='bbox 2304 769 2527 840; x_wconf 85' lang='lat' dir='ltr'><strong>quidem</strong></span> <span class='ocrx_word' id='word_1_90' title='bbox 2556 770 2675 840; x_wconf 91' lang='lat' dir='ltr'><strong>ipse</strong></span> <span class='ocrx_word' id='word_1_91' title='bbox 2704 778 2855 826; x_wconf 87' lang='lat' dir='ltr'><strong>totus</strong></span> <span class='ocrx_word' id='word_1_92' title='bbox 2887 769 3028 826; x_wconf 88' lang='lat' dir='ltr'><strong>Deus</strong></span> <span class='ocrx_word' id='word_1_93' title='bbox 3060 778 3114 826; x_wconf 88' lang='lat' dir='ltr'><strong>et</strong></span> <span class='ocrx_word' id='word_1_94' title='bbox 3158 770 3351 826; x_wconf 72' lang='lat' dir='ltr'><strong>Domi-</strong></span> 
     </span>
    </p>
   </div>
   <div class='ocr_carea' id='block_1_12' title="bbox 54 851 1673 933">
    <p class='ocr_par' dir='ltr' id='par_1_12' title="bbox 54 851 1673 931">
     <span class='ocr_line' id='line_1_12' title="bbox 54 851 1673 931; baseline 0.007 -28"><span class='ocrx_word' id='word_1_95' title='bbox 54 851 90 903; x_wconf 85' lang='grc'>0</span> <span class='ocrx_word' id='word_1_96' title='bbox 103 869 328 922; x_wconf 76' lang='grc' dir='ltr'>ρωπον.</span> <span class='ocrx_word' id='word_1_97' title='bbox 359 855 533 919; x_wconf 79' lang='grc' dir='ltr'>Αὐτὸς</span> <span class='ocrx_word' id='word_1_98' title='bbox 563 855 673 926; x_wconf 83' lang='grc' dir='ltr'>γὰρ</span> <span class='ocrx_word' id='word_1_99' title='bbox 695 856 845 926; x_wconf 80' lang='grc' dir='ltr'>λέγει</span> <span class='ocrx_word' id='word_1_100' title='bbox 874 857 1003 929; x_wconf 75' lang='grc' dir='ltr'>περὶ</span> <span class='ocrx_word' id='word_1_101' title='bbox 1041 858 1265 911; x_wconf 80' lang='grc' dir='ltr'>ἑαυτοῦ·</span> <span class='ocrx_word' id='word_1_102' title='bbox 1312 878 1330 910; x_wconf 77' lang='grc' dir='ltr'><strong>ι</strong></span> <span class='ocrx_word' id='word_1_103' title='bbox 1378 860 1443 913; x_wconf 93' lang='grc' dir='ltr'><strong>Τί</strong></span> <span class='ocrx_word' id='word_1_104' title='bbox 1475 877 1541 930; x_wconf 89' lang='grc' dir='ltr'><strong>με</strong></span> <span class='ocrx_word' id='word_1_105' title='bbox 1576 859 1673 931; x_wconf 83' lang='grc' dir='ltr'><strong>ζη-</strong></span> 
     </span>
    </p>
   </div>
   <div class='ocr_carea' id='block_1_13' title="bbox 1810 851 3344 933">
    <p class='ocr_par' dir='ltr' id='par_1_13' title="bbox 1815 861 3344 933">
     <span class='ocr_line' id='line_1_13' title="bbox 1815 861 3344 933; baseline 0.001 -18"><span class='ocrx_word' id='word_1_106' title='bbox 1815 877 1902 927; x_wconf 90' lang='lat' dir='ltr'><strong>us,</strong></span> <span class='ocrx_word' id='word_1_107' title='bbox 1952 861 2230 916; x_wconf 81' lang='lat' dir='ltr'><strong>interdum</strong></span> <span class='ocrx_word' id='word_1_108' title='bbox 2276 876 2407 917; x_wconf 81' lang='lat' dir='ltr'><strong>vero</strong></span> <span class='ocrx_word' id='word_1_109' title='bbox 2445 863 2563 932; x_wconf 88' lang='lat' dir='ltr'><strong>ipse</strong></span> <span class='ocrx_word' id='word_1_110' title='bbox 2607 870 2757 918; x_wconf 90' lang='lat' dir='ltr'><strong>totus</strong></span> <span class='ocrx_word' id='word_1_111' title='bbox 2805 864 3109 933; x_wconf 71' lang='lat' dir='ltr'><strong>appelletur</strong></span> <span class='ocrx_word' id='word_1_112' title='bbox 3157 863 3344 917; x_wconf 84' lang='lat' dir='ltr'><strong>homo.</strong></span> 
     </span>
    </p>
   </div>
   <div class='ocr_carea' id='block_1_14' title="bbox 50 944 1673 1023">
    <p class='ocr_par' dir='ltr' id='par_1_14' title="bbox 50 944 1673 1020">
     <span class='ocr_line' id='line_1_14' title="bbox 50 944 1673 1020; baseline 0.005 -25"><span class='ocrx_word' id='word_1_113' title='bbox 50 946 233 997; x_wconf 81' lang='grc' dir='ltr'>τεῖτε</span> <span class='ocrx_word' id='word_1_114' title='bbox 259 945 579 999; x_wconf 87' lang='grc' dir='ltr'>ἀποκτεῖναι</span> <span class='ocrx_word' id='word_1_115' title='bbox 625 944 934 1018; x_wconf 80' lang='grc' dir='ltr'>ἄνθρωπον,</span> <span class='ocrx_word' id='word_1_116' title='bbox 981 945 1040 1012; x_wconf 82' lang='grc' dir='ltr'>ὃς</span> <span class='ocrx_word' id='word_1_117' title='bbox 1090 947 1190 1019; x_wconf 82' lang='grc' dir='ltr'><strong>τὴν</strong></span> <span class='ocrx_word' id='word_1_118' title='bbox 1242 947 1495 1020; x_wconf 85' lang='grc' dir='ltr'>ἀλήθειαν</span> <span class='ocrx_word' id='word_1_119' title='bbox 1545 950 1673 1020; x_wconf 83' lang='grc' dir='ltr'>ὑμῖν</span> 
     </span>
    </p>
   </div>
   <div class='ocr_carea' id='block_1_15' title="bbox 1810 944 3348 1023">
    <p class='ocr_par' dir='ltr' id='par_1_15' title="bbox 1810 951 3348 1023">
     <span class='ocr_line' id='line_1_15' title="bbox 1810 951 3348 1023; baseline 0.001 -18"><span class='ocrx_word' id='word_1_120' title='bbox 1810 951 1917 1006; x_wconf 71' lang='lat' dir='ltr'><strong>licit</strong></span> <span class='ocrx_word' id='word_1_121' title='bbox 1944 953 2089 1007; x_wconf 85' lang='lat' dir='ltr'><strong>enim</strong></span> <span class='ocrx_word' id='word_1_122' title='bbox 2125 953 2242 1022; x_wconf 91' lang='lat' dir='ltr'><strong>ipse</strong></span> <span class='ocrx_word' id='word_1_123' title='bbox 2283 953 2351 1008; x_wconf 88' lang='lat' dir='ltr'><strong>de</strong></span> <span class='ocrx_word' id='word_1_124' title='bbox 2398 968 2457 1008; x_wconf 86' lang='lat' dir='ltr'><strong>se</strong></span> <span class='ocrx_word' id='word_1_125' title='bbox 2508 971 2527 1004; x_wconf 80' lang='grc' dir='ltr'><strong>ι</strong></span> <span class='ocrx_word' id='word_1_126' title='bbox 2569 952 2708 1020; x_wconf 85' lang='lat' dir='ltr'><strong>Quid</strong></span> <span class='ocrx_word' id='word_1_127' title='bbox 2755 969 2842 1008; x_wconf 91' lang='lat' dir='ltr'><strong>me</strong></span> <span class='ocrx_word' id='word_1_128' title='bbox 2886 954 3139 1023; x_wconf 62' lang='lat' dir='ltr'><strong>quaeritis.</strong></span> <span class='ocrx_word' id='word_1_129' title='bbox 3174 953 3348 1007; x_wconf 75' lang='lat' dir='ltr'><strong>inter-</strong></span> 
     </span>
    </p>
   </div>
   <div class='ocr_carea' id='block_1_16' title="bbox 50 1034 1673 1113">
    <p class='ocr_par' dir='ltr' id='par_1_16' title="bbox 50 1034 1673 1112">
     <span class='ocr_line' id='line_1_16' title="bbox 50 1034 1673 1112; baseline 0.004 -25"><span class='ocrx_word' id='word_1_130' title='bbox 50 1034 397 1107; x_wconf 79' lang='grc' dir='ltr'>λελάληκα;</span> <span class='ocrx_word' id='word_1_131' title='bbox 446 1057 465 1090; x_wconf 75' lang='grc' dir='ltr'><strong>ι</strong></span> <span class='ocrx_word' id='word_1_132' title='bbox 501 1038 595 1091; x_wconf 75' lang='grc' dir='ltr'>καὶ</span> <span class='ocrx_word' id='word_1_133' title='bbox 622 1037 860 1103; x_wconf 74' lang='grc' dir='ltr'>Παῦλος·</span> <span class='ocrx_word' id='word_1_134' title='bbox 903 1059 923 1091; x_wconf 74' lang='grc' dir='ltr'><strong>ι</strong></span> <span class='ocrx_word' id='word_1_135' title='bbox 960 1039 1278 1111; x_wconf 80' lang='grc' dir='ltr'>Ἀνθρωπος</span> <span class='ocrx_word' id='word_1_136' title='bbox 1306 1040 1511 1111; x_wconf 74' lang='grc' dir='ltr'>Ἰησοῦς</span> <span class='ocrx_word' id='word_1_137' title='bbox 1538 1042 1673 1112; x_wconf 77' lang='grc' dir='ltr'>Χρι-</span> 
     </span>
    </p>
   </div>
   <div class='ocr_carea' id='block_1_17' title="bbox 1810 1034 3340 1113">
    <p class='ocr_par' dir='ltr' id='par_1_17' title="bbox 1815 1042 3340 1113">
     <span class='ocr_line' id='line_1_17' title="bbox 1815 1042 3340 1113; baseline 0 -18"><span class='ocrx_word' id='word_1_138' title='bbox 1815 1056 1958 1107; x_wconf 91' lang='lat' dir='ltr'><strong>cere,</strong></span> <span class='ocrx_word' id='word_1_139' title='bbox 2006 1042 2280 1096; x_wconf 84' lang='lat' dir='ltr'><strong>hominem</strong></span> <span class='ocrx_word' id='word_1_140' title='bbox 2313 1043 2405 1113; x_wconf 88' lang='lat' dir='ltr'><strong>qui</strong></span> <span class='ocrx_word' id='word_1_141' title='bbox 2435 1057 2564 1097; x_wconf 87' lang='lat' dir='ltr'><strong>vera</strong></span> <span class='ocrx_word' id='word_1_142' title='bbox 2601 1044 2821 1098; x_wconf 90' lang='lat' dir='ltr'><strong>locutus</strong></span> <span class='ocrx_word' id='word_1_143' title='bbox 2854 1059 2973 1097; x_wconf 85' lang='lat' dir='ltr'><strong>sum</strong></span> <span class='ocrx_word' id='word_1_144' title='bbox 3004 1043 3161 1098; x_wconf 81' lang='lat' dir='ltr'><strong>vobis</strong></span> <span class='ocrx_word' id='word_1_145' title='bbox 3193 1043 3281 1096; x_wconf 66' lang='grc' dir='ltr'>υἱ</span> <span class='ocrx_word' id='word_1_146' title='bbox 3320 1060 3340 1095; x_wconf 72' lang='grc' dir='ltr'><strong>ι</strong></span> 
     </span>
    </p>
   </div>
   <div class='ocr_carea' id='block_1_18' title="bbox 57 1127 1673 1200">
    <p class='ocr_par' dir='ltr' id='par_1_18' title="bbox 57 1127 1667 1200">
     <span class='ocr_line' id='line_1_18' title="bbox 57 1127 1667 1200; baseline 0.003 -21"><span class='ocrx_word' id='word_1_147' title='bbox 57 1128 217 1190; x_wconf 73' lang='grc' dir='ltr'>στὸς</span> <span class='ocrx_word' id='word_1_148' title='bbox 248 1127 376 1199; x_wconf 84' lang='grc' dir='ltr'>χθὲς</span> <span class='ocrx_word' id='word_1_149' title='bbox 402 1127 495 1182; x_wconf 75' lang='grc' dir='ltr'>καὶ</span> <span class='ocrx_word' id='word_1_150' title='bbox 517 1129 776 1200; x_wconf 83' lang='grc' dir='ltr'><strong>σήμερον,</strong></span> <span class='ocrx_word' id='word_1_151' title='bbox 797 1132 827 1183; x_wconf 93' lang='lat'><strong>6</strong></span> <span class='ocrx_word' id='word_1_152' title='bbox 844 1131 1005 1195; x_wconf 85' lang='grc' dir='ltr'>αὐτὸς</span> <span class='ocrx_word' id='word_1_153' title='bbox 1032 1131 1125 1184; x_wconf 78' lang='grc' dir='ltr'>καὶ</span> <span class='ocrx_word' id='word_1_154' title='bbox 1152 1133 1232 1194; x_wconf 82' lang='grc' dir='ltr'>εἰς</span> <span class='ocrx_word' id='word_1_155' title='bbox 1254 1132 1380 1193; x_wconf 82' lang='grc' dir='ltr'>τοὺς</span> <span class='ocrx_word' id='word_1_156' title='bbox 1398 1131 1620 1195; x_wconf 81' lang='grc' dir='ltr'>αἰῶνας.</span> <span class='ocrx_word' id='word_1_157' title='bbox 1649 1152 1667 1184; x_wconf 82' lang='grc' dir='ltr'><strong>ι</strong></span> 
     </span>
    </p>
   </div>
   <div class='ocr_carea' id='block_1_19' title="bbox 1810 1127 3344 1200">
    <p class='ocr_par' dir='ltr' id='par_1_19' title="bbox 1810 1130 3344 1196">
     <span class='ocr_line' id='line_1_19' title="bbox 1810 1130 3344 1196; baseline 0 -12"><span class='ocrx_word' id='word_1_158' title='bbox 1810 1133 1840 1185; x_wconf 76' lang='lat' dir='ltr'><strong>it</strong></span> <span class='ocrx_word' id='word_1_159' title='bbox 1870 1130 2115 1187; x_wconf 82' lang='lat' dir='ltr'><strong>Paulus:</strong></span> <span class='ocrx_word' id='word_1_160' title='bbox 2153 1149 2171 1182; x_wconf 80' lang='grc' dir='ltr'><strong>ι</strong></span> <span class='ocrx_word' id='word_1_161' title='bbox 2208 1131 2380 1188; x_wconf 84' lang='lat' dir='ltr'><strong>Homo</strong></span> <span class='ocrx_word' id='word_1_162' title='bbox 2405 1130 2565 1187; x_wconf 83' lang='lat' dir='ltr'><strong>Jesus</strong></span> <span class='ocrx_word' id='word_1_163' title='bbox 2599 1131 2854 1188; x_wconf 76' lang='lat' dir='ltr'><strong>Christus</strong></span> <span class='ocrx_word' id='word_1_164' title='bbox 2902 1133 3017 1187; x_wconf 87' lang='lat' dir='ltr'><strong>heri</strong></span> <span class='ocrx_word' id='word_1_165' title='bbox 3060 1143 3114 1187; x_wconf 91' lang='lat' dir='ltr'><strong>et</strong></span> <span class='ocrx_word' id='word_1_166' title='bbox 3155 1132 3344 1196; x_wconf 83' lang='lat' dir='ltr'><strong>hodie,</strong></span> 
     </span>
    </p>
   </div>
   <div class='ocr_carea' id='block_1_20' title="bbox 52 1214 1673 1296">
    <p class='ocr_par' dir='ltr' id='par_1_20' title="bbox 52 1214 1670 1291">
     <span class='ocr_line' id='line_1_20' title="bbox 52 1214 1670 1291; baseline 0.006 -26"><span class='ocrx_word' id='word_1_167' title='bbox 52 1214 200 1267; x_wconf 67' lang='grc' dir='ltr'><strong>Καὶ</strong></span> <span class='ocrx_word' id='word_1_168' title='bbox 232 1215 401 1268; x_wconf 79' lang='grc' dir='ltr'>αὑτὸν</span> <span class='ocrx_word' id='word_1_169' title='bbox 425 1214 613 1268; x_wconf 72' lang='grc' dir='ltr'>τοῦτον</span> <span class='ocrx_word' id='word_1_170' title='bbox 630 1216 720 1270; x_wconf 87' lang='grc' dir='ltr'><strong>τὸν</strong></span> <span class='ocrx_word' id='word_1_171' title='bbox 745 1218 1029 1290; x_wconf 77' lang='grc' dir='ltr'>ἄνθρωπον</span> <span class='ocrx_word' id='word_1_172' title='bbox 1055 1218 1382 1291; x_wconf 76' lang='grc' dir='ltr'>ψηλαφήσας</span> <span class='ocrx_word' id='word_1_173' title='bbox 1403 1221 1430 1272; x_wconf 86' lang='lat'><strong>6</strong></span> <span class='ocrx_word' id='word_1_174' title='bbox 1451 1220 1670 1291; x_wconf 81' lang='grc' dir='ltr'><strong>Θωμᾶς,</strong></span> 
     </span>
    </p>
   </div>
   <div class='ocr_carea' id='block_1_21' title="bbox 1810 1214 3346 1296">
    <p class='ocr_par' dir='ltr' id='par_1_21' title="bbox 1810 1224 3346 1296">
     <span class='ocr_line' id='line_1_21' title="bbox 1810 1224 3346 1296; baseline 0.001 -19"><span class='ocrx_word' id='word_1_175' title='bbox 1810 1238 1894 1292; x_wconf 78' lang='lat' dir='ltr'><strong>pse</strong></span> <span class='ocrx_word' id='word_1_176' title='bbox 1917 1231 1971 1278; x_wconf 90' lang='lat' dir='ltr'><strong>et</strong></span> <span class='ocrx_word' id='word_1_177' title='bbox 1996 1224 2051 1277; x_wconf 94' lang='lat' dir='ltr'><strong>in</strong></span> <span class='ocrx_word' id='word_1_178' title='bbox 2081 1224 2278 1278; x_wconf 68' lang='lat' dir='ltr'><strong>saecula</strong></span> <span class='ocrx_word' id='word_1_179' title='bbox 2306 1225 2373 1277; x_wconf 69' lang='lat'><strong>°*.</strong></span> <span class='ocrx_word' id='word_1_180' title='bbox 2411 1243 2429 1276; x_wconf 76' lang='grc' dir='ltr'><strong>ι</strong></span> <span class='ocrx_word' id='word_1_181' title='bbox 2465 1224 2527 1280; x_wconf 84' lang='lat' dir='ltr'><strong>Et</strong></span> <span class='ocrx_word' id='word_1_182' title='bbox 2554 1225 2698 1279; x_wconf 87' lang='lat' dir='ltr'><strong>hunc</strong></span> <span class='ocrx_word' id='word_1_183' title='bbox 2721 1226 2899 1296; x_wconf 90' lang='lat' dir='ltr'><strong>ipsum</strong></span> <span class='ocrx_word' id='word_1_184' title='bbox 2923 1226 3195 1280; x_wconf 83' lang='lat' dir='ltr'><strong>hominem</strong></span> <span class='ocrx_word' id='word_1_185' title='bbox 3219 1241 3346 1280; x_wconf 88' lang='lat' dir='ltr'><strong>cum</strong></span> 
     </span>
    </p>
   </div>
   <div class='ocr_carea' id='block_1_22' title="bbox 51 1305 1673 1385">
    <p class='ocr_par' dir='ltr' id='par_1_22' title="bbox 51 1305 1673 1382">
     <span class='ocr_line' id='line_1_22' title="bbox 51 1305 1673 1382; baseline 0.006 -25"><span class='ocrx_word' id='word_1_186' title='bbox 51 1305 259 1375; x_wconf 78' lang='grc' dir='ltr'>λέγει·</span> <span class='ocrx_word' id='word_1_187' title='bbox 284 1327 303 1359; x_wconf 75' lang='grc' dir='ltr'><strong>ι</strong></span> <span class='ocrx_word' id='word_1_188' title='bbox 326 1309 355 1361; x_wconf 97' lang='lat'><strong>6</strong></span> <span class='ocrx_word' id='word_1_189' title='bbox 371 1305 577 1380; x_wconf 81' lang='grc' dir='ltr'>Κύριός</span> <span class='ocrx_word' id='word_1_190' title='bbox 605 1326 707 1380; x_wconf 89' lang='grc' dir='ltr'>μου</span> <span class='ocrx_word' id='word_1_191' title='bbox 738 1310 830 1364; x_wconf 56' lang='grc' dir='ltr'><strong>καὶ⁵</strong></span> <span class='ocrx_word' id='word_1_192' title='bbox 848 1310 1024 1374; x_wconf 84' lang='grc' dir='ltr'>όΘεός</span> <span class='ocrx_word' id='word_1_193' title='bbox 1042 1328 1165 1382; x_wconf 88' lang='grc' dir='ltr'>μου.</span> <span class='ocrx_word' id='word_1_194' title='bbox 1196 1330 1214 1362; x_wconf 78' lang='grc' dir='ltr'><strong>ι</strong></span> <span class='ocrx_word' id='word_1_195' title='bbox 1234 1312 1465 1382; x_wconf 81' lang='grc' dir='ltr'><strong>Ὁμοίως</strong></span> <span class='ocrx_word' id='word_1_196' title='bbox 1489 1314 1516 1366; x_wconf 92' lang='lat'><strong>6</strong></span> <span class='ocrx_word' id='word_1_197' title='bbox 1538 1313 1673 1366; x_wconf 82' lang='grc' dir='ltr'><strong>Παῦ-</strong></span> 
     </span>
    </p>
   </div>
   <div class='ocr_carea' id='block_1_23' title="bbox 1810 1305 3345 1385">
    <p class='ocr_par' dir='ltr' id='par_1_23' title="bbox 1810 1314 3345 1385">
     <span class='ocr_line' id='line_1_23' title="bbox 1810 1314 3345 1385; baseline 0.003 -16"><span class='ocrx_word' id='word_1_198' title='bbox 1810 1314 2016 1370; x_wconf 89' lang='lat' dir='ltr'><strong>&#39;homas</strong></span> <span class='ocrx_word' id='word_1_199' title='bbox 2046 1323 2476 1382; x_wconf 85' lang='lat' dir='ltr'><strong>contrectasset,</strong></span> <span class='ocrx_word' id='word_1_200' title='bbox 2514 1316 2691 1385; x_wconf 79' lang='lat' dir='ltr'><strong>inquit</strong></span> <span class='ocrx_word' id='word_1_201' title='bbox 2734 1334 2747 1370; x_wconf 90' lang='lat'><strong>:</strong></span> <span class='ocrx_word' id='word_1_202' title='bbox 2789 1335 2808 1368; x_wconf 80' lang='grc' dir='ltr'><strong>ι</strong></span> <span class='ocrx_word' id='word_1_203' title='bbox 2860 1315 3123 1373; x_wconf 85' lang='lat' dir='ltr'><strong>Dominus</strong></span> <span class='ocrx_word' id='word_1_204' title='bbox 3152 1332 3345 1381; x_wconf 71' lang='lat' dir='ltr'><strong>meus,</strong></span> 
     </span>
    </p>
   </div>
   <div class='ocr_carea' id='block_1_24' title="bbox 50 1392 1673 1477">
    <p class='ocr_par' dir='ltr' id='par_1_24' title="bbox 50 1392 1673 1477">
     <span class='ocr_line' id='line_1_24' title="bbox 50 1392 1673 1477; baseline 0.005 -27"><span class='ocrx_word' id='word_1_205' title='bbox 50 1397 173 1461; x_wconf 81' lang='grc' dir='ltr'><strong>λος</strong></span> <span class='ocrx_word' id='word_1_206' title='bbox 214 1397 328 1469; x_wconf 74' lang='grc' dir='ltr'><strong>(8Ξ)</strong></span> <span class='ocrx_word' id='word_1_207' title='bbox 353 1417 367 1430; x_wconf 79' lang='grc' dir='ltr'><strong>ο</strong></span> <span class='ocrx_word' id='word_1_208' title='bbox 403 1417 422 1449; x_wconf 79' lang='grc' dir='ltr'><strong>ι</strong></span> <span class='ocrx_word' id='word_1_209' title='bbox 467 1392 567 1452; x_wconf 79' lang='grc' dir='ltr'><strong>Ὧν</strong></span> <span class='ocrx_word' id='word_1_210' title='bbox 593 1401 645 1452; x_wconf 82' lang='grc' dir='ltr'><strong>οἱ</strong></span> <span class='ocrx_word' id='word_1_211' title='bbox 669 1400 926 1473; x_wconf 82' lang='grc' dir='ltr'><strong>πατέρες,</strong></span> <span class='ocrx_word' id='word_1_212' title='bbox 962 1403 1053 1457; x_wconf 85' lang='grc' dir='ltr'>καὶ</span> <span class='ocrx_word' id='word_1_213' title='bbox 1100 1402 1159 1470; x_wconf 68' lang='grc' dir='ltr'><strong>ἐξ</strong></span> <span class='ocrx_word' id='word_1_214' title='bbox 1187 1397 1260 1458; x_wconf 84' lang='grc' dir='ltr'><strong>ὧν</strong></span> <span class='ocrx_word' id='word_1_215' title='bbox 1289 1406 1317 1458; x_wconf 92' lang='lat'><strong>6</strong></span> <span class='ocrx_word' id='word_1_216' title='bbox 1347 1403 1579 1477; x_wconf 81' lang='grc' dir='ltr'>Χριστὸς</span> <span class='ocrx_word' id='word_1_217' title='bbox 1614 1404 1673 1458; x_wconf 90' lang='grc' dir='ltr'><strong>τὸ</strong></span> 
     </span>
    </p>
   </div>
   <div class='ocr_carea' id='block_1_25' title="bbox 1810 1392 3350 1477">
    <p class='ocr_par' dir='ltr' id='par_1_25' title="bbox 1810 1408 3350 1477">
     <span class='ocr_line' id='line_1_25' title="bbox 1810 1408 3350 1477; baseline 0.002 -15"><span class='ocrx_word' id='word_1_218' title='bbox 1810 1416 1828 1462; x_wconf 83' lang='grc' dir='ltr'><strong>ι</strong></span> <span class='ocrx_word' id='word_1_219' title='bbox 1874 1408 2019 1464; x_wconf 89' lang='lat' dir='ltr'><strong>Deus</strong></span> <span class='ocrx_word' id='word_1_220' title='bbox 2063 1424 2224 1465; x_wconf 80' lang='lat' dir='ltr'><strong>meus</strong></span> <span class='ocrx_word' id='word_1_221' title='bbox 2263 1409 2333 1467; x_wconf 80' lang='grc'><strong><em>⁸⁵.</em></strong></span> <span class='ocrx_word' id='word_1_222' title='bbox 2385 1428 2405 1461; x_wconf 75' lang='grc' dir='ltr'><strong>ι</strong></span> <span class='ocrx_word' id='word_1_223' title='bbox 2447 1408 2714 1464; x_wconf 91' lang='lat' dir='ltr'><strong>Similiter</strong></span> <span class='ocrx_word' id='word_1_224' title='bbox 2747 1408 2951 1465; x_wconf 84' lang='lat' dir='ltr'><strong>Paulus</strong></span> <span class='ocrx_word' id='word_1_225' title='bbox 2987 1430 3000 1464; x_wconf 87' lang='lat'><strong>:</strong></span> <span class='ocrx_word' id='word_1_226' title='bbox 3038 1429 3056 1462; x_wconf 84' lang='grc'>‹</span> <span class='ocrx_word' id='word_1_227' title='bbox 3103 1409 3350 1477; x_wconf 86' lang='lat' dir='ltr'><strong>Quorum</strong></span> 
     </span>
    </p>
   </div>
   <div class='ocr_carea' id='block_1_26' title="bbox 52 1488 1673 1572">
    <p class='ocr_par' dir='ltr' id='par_1_26' title="bbox 52 1488 1673 1569">
     <span class='ocr_line' id='line_1_26' title="bbox 52 1488 1673 1569; baseline 0.004 -27"><span class='ocrx_word' id='word_1_228' title='bbox 52 1488 230 1543; x_wconf 82' lang='grc' dir='ltr'>κατὰ</span> <span class='ocrx_word' id='word_1_229' title='bbox 259 1490 459 1560; x_wconf 81' lang='grc' dir='ltr'>σάρκα,</span> <span class='ocrx_word' id='word_1_230' title='bbox 485 1493 514 1545; x_wconf 88' lang='lat'><strong>6</strong></span> <span class='ocrx_word' id='word_1_231' title='bbox 547 1490 623 1545; x_wconf 82' lang='grc' dir='ltr'>ὢν</span> <span class='ocrx_word' id='word_1_232' title='bbox 670 1493 762 1546; x_wconf 76' lang='grc' dir='ltr'>ἐπὶ</span> <span class='ocrx_word' id='word_1_233' title='bbox 811 1495 1029 1548; x_wconf 85' lang='grc' dir='ltr'>πάντων</span> <span class='ocrx_word' id='word_1_234' title='bbox 1075 1495 1204 1560; x_wconf 82' lang='grc' dir='ltr'>Θεὸς</span> <span class='ocrx_word' id='word_1_235' title='bbox 1256 1495 1546 1569; x_wconf 78' lang='grc' dir='ltr'><strong>εὐλογητὸς</strong></span> <span class='ocrx_word' id='word_1_236' title='bbox 1595 1497 1673 1561; x_wconf 79' lang='grc' dir='ltr'>εἰς</span> 
     </span>
    </p>
   </div>
   <div class='ocr_carea' id='block_1_27' title="bbox 1810 1488 3347 1572">
    <p class='ocr_par' dir='ltr' id='par_1_27' title="bbox 1815 1499 3347 1572">
     <span class='ocr_line' id='line_1_27' title="bbox 1815 1499 3347 1572; baseline 0.002 -18"><span class='ocrx_word' id='word_1_237' title='bbox 1815 1509 1981 1567; x_wconf 89' lang='lat' dir='ltr'><strong>atres,</strong></span> <span class='ocrx_word' id='word_1_238' title='bbox 2019 1510 2073 1555; x_wconf 84' lang='lat' dir='ltr'><strong>et</strong></span> <span class='ocrx_word' id='word_1_239' title='bbox 2115 1517 2180 1557; x_wconf 81' lang='lat' dir='ltr'><strong>ex</strong></span> <span class='ocrx_word' id='word_1_240' title='bbox 2222 1502 2423 1572; x_wconf 90' lang='lat' dir='ltr'><strong>quibus</strong></span> <span class='ocrx_word' id='word_1_241' title='bbox 2461 1499 2716 1556; x_wconf 88' lang='lat' dir='ltr'><strong>Christus</strong></span> <span class='ocrx_word' id='word_1_242' title='bbox 2751 1502 3055 1556; x_wconf 89' lang='lat' dir='ltr'><strong>secundum</strong></span> <span class='ocrx_word' id='word_1_243' title='bbox 3097 1518 3347 1566; x_wconf 86' lang='lat' dir='ltr'><strong>carnem.</strong></span> 
     </span>
    </p>
   </div>
   <div class='ocr_carea' id='block_1_28' title="bbox 53 1579 1673 1663">
    <p class='ocr_par' dir='ltr' id='par_1_28' title="bbox 53 1579 1673 1660">
     <span class='ocr_line' id='line_1_28' title="bbox 53 1579 1673 1660; baseline 0.006 -28"><span class='ocrx_word' id='word_1_244' title='bbox 53 1582 214 1643; x_wconf 81' lang='grc' dir='ltr'>τοὺς</span> <span class='ocrx_word' id='word_1_245' title='bbox 240 1580 467 1644; x_wconf 78' lang='grc' dir='ltr'>αἰῶνας.</span> <span class='ocrx_word' id='word_1_246' title='bbox 510 1600 530 1634; x_wconf 84' lang='grc'>›</span> <span class='ocrx_word' id='word_1_247' title='bbox 575 1582 707 1647; x_wconf 89' lang='grc' dir='ltr'>Θεὸς</span> <span class='ocrx_word' id='word_1_248' title='bbox 727 1579 821 1638; x_wconf 80' lang='grc' dir='ltr'><strong>οὖν</strong></span> <span class='ocrx_word' id='word_1_249' title='bbox 855 1587 948 1639; x_wconf 75' lang='grc' dir='ltr'>καὶ</span> <span class='ocrx_word' id='word_1_250' title='bbox 987 1585 1268 1657; x_wconf 80' lang='grc' dir='ltr'>ἄνθρωπος</span> <span class='ocrx_word' id='word_1_251' title='bbox 1298 1589 1417 1652; x_wconf 83' lang='grc' dir='ltr'>ὅλος</span> <span class='ocrx_word' id='word_1_252' title='bbox 1460 1588 1548 1642; x_wconf 82' lang='grc' dir='ltr'><strong>διὰ</strong></span> <span class='ocrx_word' id='word_1_253' title='bbox 1575 1589 1673 1660; x_wconf 85' lang='grc' dir='ltr'><strong>τὴν</strong></span> 
     </span>
    </p>
   </div>
   <div class='ocr_carea' id='block_1_29' title="bbox 1810 1579 3342 1663">
    <p class='ocr_par' dir='ltr' id='par_1_29' title="bbox 1814 1593 3342 1663">
     <span class='ocr_line' id='line_1_29' title="bbox 1814 1593 3342 1663; baseline 0.002 -16"><span class='ocrx_word' id='word_1_254' title='bbox 1814 1595 1868 1647; x_wconf 94' lang='lat' dir='ltr'><strong>ui</strong></span> <span class='ocrx_word' id='word_1_255' title='bbox 1897 1604 1981 1649; x_wconf 88' lang='lat' dir='ltr'><strong>est</strong></span> <span class='ocrx_word' id='word_1_256' title='bbox 2012 1610 2177 1663; x_wconf 82' lang='lat' dir='ltr'><strong>super</strong></span> <span class='ocrx_word' id='word_1_257' title='bbox 2198 1593 2546 1649; x_wconf 84' lang='lat' dir='ltr'><strong>omniaDeus</strong></span> <span class='ocrx_word' id='word_1_258' title='bbox 2571 1593 2894 1649; x_wconf 80' lang='lat' dir='ltr'><strong>benedictus</strong></span> <span class='ocrx_word' id='word_1_259' title='bbox 2921 1595 2974 1648; x_wconf 90' lang='lat' dir='ltr'><strong>in</strong></span> <span class='ocrx_word' id='word_1_260' title='bbox 3005 1595 3202 1649; x_wconf 67' lang='lat' dir='ltr'><strong>saecula</strong></span> <span class='ocrx_word' id='word_1_261' title='bbox 3225 1595 3293 1650; x_wconf 83' lang='grc'><strong>⁸⁸.</strong></span> <span class='ocrx_word' id='word_1_262' title='bbox 3321 1612 3342 1649; x_wconf 73' lang='grc' dir='ltr'><strong>ι</strong></span> 
     </span>
    </p>
   </div>
   <div class='ocr_carea' id='block_1_30' title="bbox 55 1670 1673 1754">
    <p class='ocr_par' dir='ltr' id='par_1_30' title="bbox 55 1670 1673 1751">
     <span class='ocr_line' id='line_1_30' title="bbox 55 1670 1673 1751; baseline 0.006 -27"><span class='ocrx_word' id='word_1_263' title='bbox 55 1670 135 1736; x_wconf 72' lang='grc' dir='ltr'>ἐξ</span> <span class='ocrx_word' id='word_1_264' title='bbox 178 1672 435 1737; x_wconf 80' lang='grc' dir='ltr'>εὐδοκίας</span> <span class='ocrx_word' id='word_1_265' title='bbox 465 1674 680 1731; x_wconf 73' lang='grc' dir='ltr'><strong>ἕνωσιν.</strong></span> <span class='ocrx_word' id='word_1_266' title='bbox 714 1678 778 1731; x_wconf 87' lang='grc' dir='ltr'><strong>Εἰ</strong></span> <span class='ocrx_word' id='word_1_267' title='bbox 805 1677 914 1747; x_wconf 79' lang='grc' dir='ltr'>γὰρ</span> <span class='ocrx_word' id='word_1_268' title='bbox 957 1697 976 1730; x_wconf 82' lang='grc' dir='ltr'><strong>ι</strong></span> <span class='ocrx_word' id='word_1_269' title='bbox 1022 1678 1051 1731; x_wconf 92' lang='lat'><strong>6</strong></span> <span class='ocrx_word' id='word_1_270' title='bbox 1076 1678 1412 1749; x_wconf 82' lang='grc' dir='ltr'>κολλώμενος</span> <span class='ocrx_word' id='word_1_271' title='bbox 1443 1680 1525 1751; x_wconf 69' lang='grc' dir='ltr'>,τῷ</span> <span class='ocrx_word' id='word_1_272' title='bbox 1565 1683 1673 1735; x_wconf 84' lang='grc' dir='ltr'><strong>Κυ-</strong></span> 
     </span>
    </p>
   </div>
   <div class='ocr_carea' id='block_1_31' title="bbox 1810 1670 3346 1754">
    <p class='ocr_par' dir='ltr' id='par_1_31' title="bbox 1810 1682 3346 1754">
     <span class='ocr_line' id='line_1_31' title="bbox 1810 1682 3346 1754; baseline 0.001 -20"><span class='ocrx_word' id='word_1_273' title='bbox 1810 1682 1951 1738; x_wconf 54' lang='lat' dir='ltr'><strong>lotus</strong></span> <span class='ocrx_word' id='word_1_274' title='bbox 2001 1698 2143 1754; x_wconf 85' lang='lat' dir='ltr'><strong>ergo</strong></span> <span class='ocrx_word' id='word_1_275' title='bbox 2173 1690 2396 1753; x_wconf 88' lang='lat' dir='ltr'><strong>pr0pter</strong></span> <span class='ocrx_word' id='word_1_276' title='bbox 2440 1683 2808 1737; x_wconf 86' lang='lat' dir='ltr'><strong>voluntariam</strong></span> <span class='ocrx_word' id='word_1_277' title='bbox 2857 1683 3001 1736; x_wconf 88' lang='lat' dir='ltr'><strong>illam</strong></span> <span class='ocrx_word' id='word_1_278' title='bbox 3045 1683 3346 1737; x_wconf 85' lang='lat' dir='ltr'><strong>unitionem</strong></span> 
     </span>
    </p>
   </div>
   <div class='ocr_carea' id='block_1_32' title="bbox 62 1747 1673 1859">
    <p class='ocr_par' dir='ltr' id='par_1_32' title="bbox 62 1747 1673 1859">
     <span class='ocr_line' id='line_1_32' title="bbox 62 1747 1673 1859; baseline 0.006 -44"><span class='ocrx_word' id='word_1_279' title='bbox 62 1765 193 1835; x_wconf 81' lang='grc' dir='ltr'><strong>ρίῳ</strong></span> <span class='ocrx_word' id='word_1_280' title='bbox 216 1762 278 1817; x_wconf 78' lang='grc' dir='ltr'><strong>ἓν</strong></span> <span class='ocrx_word' id='word_1_281' title='bbox 312 1764 532 1837; x_wconf 75' lang='grc' dir='ltr'>πνεῦμά</span> <span class='ocrx_word' id='word_1_282' title='bbox 554 1769 692 1833; x_wconf 76' lang='grc' dir='ltr'>ἐστι,</span> <span class='ocrx_word' id='word_1_283' title='bbox 728 1788 762 1859; x_wconf 40' lang='grc' dir='ltr'><strong>,ι</strong></span> <span class='ocrx_word' id='word_1_284' title='bbox 805 1769 984 1842; x_wconf 88' lang='grc' dir='ltr'>πολλῷ</span> <span class='ocrx_word' id='word_1_285' title='bbox 1019 1770 1220 1835; x_wconf 82' lang='grc' dir='ltr'>πλεῖον,</span> <span class='ocrx_word' id='word_1_286' title='bbox 1256 1747 1385 1826; x_wconf 77' lang='grc' dir='ltr'>όταν</span> <span class='ocrx_word' id='word_1_287' title='bbox 1412 1777 1441 1826; x_wconf 93' lang='lat'><strong>6</strong></span> <span class='ocrx_word' id='word_1_288' title='bbox 1472 1747 1673 1843; x_wconf 67' lang='grc' dir='ltr'>Κύριος</span> 
     </span>
    </p>
   </div>
   <div class='ocr_carea' id='block_1_33' title="bbox 1810 1747 3351 1859">
    <p class='ocr_par' dir='ltr' id='par_1_33' title="bbox 1817 1747 3351 1842">
     <span class='ocr_line' id='line_1_33' title="bbox 1817 1747 3351 1842; baseline 0.001 -15"><span class='ocrx_word' id='word_1_289' title='bbox 1817 1774 1982 1827; x_wconf 82' lang='lat' dir='ltr'><strong>icitur</strong></span> <span class='ocrx_word' id='word_1_290' title='bbox 2026 1747 2091 1828; x_wconf 58' lang='lat' dir='ltr'><strong>et</strong></span> <span class='ocrx_word' id='word_1_291' title='bbox 2132 1747 2297 1838; x_wconf 69' lang='lat' dir='ltr'><strong>Deus,</strong></span> <span class='ocrx_word' id='word_1_292' title='bbox 2335 1779 2392 1827; x_wconf 90' lang='lat' dir='ltr'><strong>et.</strong></span> <span class='ocrx_word' id='word_1_293' title='bbox 2435 1771 2619 1827; x_wconf 90' lang='lat' dir='ltr'><strong>homo.</strong></span> <span class='ocrx_word' id='word_1_294' title='bbox 2652 1770 2788 1825; x_wconf 86' lang='lat' dir='ltr'><strong>Nam</strong></span> <span class='ocrx_word' id='word_1_295' title='bbox 2821 1772 2867 1827; x_wconf 87' lang='lat' dir='ltr'><strong>si</strong></span> <span class='ocrx_word' id='word_1_296' title='bbox 2903 1792 2922 1824; x_wconf 77' lang='grc' dir='ltr'><strong>ι</strong></span> <span class='ocrx_word' id='word_1_297' title='bbox 2968 1764 3062 1842; x_wconf 82' lang='lat' dir='ltr'><strong>qui</strong></span> <span class='ocrx_word' id='word_1_298' title='bbox 3110 1774 3351 1832; x_wconf 67' lang='lat' dir='ltr'><strong>adhaeret</strong></span> 
     </span>
    </p>
   </div>
   <div class='ocr_carea' id='block_1_34' title="bbox 54 1853 1673 1935">
    <p class='ocr_par' dir='ltr' id='par_1_34' title="bbox 54 1853 1673 1933">
     <span class='ocr_line' id='line_1_34' title="bbox 54 1853 1673 1933; baseline 0.006 -28"><span class='ocrx_word' id='word_1_299' title='bbox 54 1853 318 1925; x_wconf 77' lang='grc' dir='ltr'><strong>λέγηται</strong></span> <span class='ocrx_word' id='word_1_300' title='bbox 353 1859 448 1910; x_wconf 74' lang='grc' dir='ltr'>καὶ</span> <span class='ocrx_word' id='word_1_301' title='bbox 494 1853 816 1930; x_wconf 83' lang='grc' dir='ltr'>πιστεύηται</span> <span class='ocrx_word' id='word_1_302' title='bbox 850 1861 1133 1933; x_wconf 78' lang='grc' dir='ltr'>ἄνθρωπος</span> <span class='ocrx_word' id='word_1_303' title='bbox 1178 1863 1526 1932; x_wconf 82' lang='grc' dir='ltr'>γεγενῆσθαι,</span> <span class='ocrx_word' id='word_1_304' title='bbox 1574 1863 1673 1916; x_wconf 75' lang='grc' dir='ltr'><strong>οὐκ</strong></span> 
     </span>
    </p>
   </div>
   <div class='ocr_carea' id='block_1_35' title="bbox 1810 1853 3351 1935">
    <p class='ocr_par' dir='ltr' id='par_1_35' title="bbox 1810 1863 3351 1935">
     <span class='ocr_line' id='line_1_35' title="bbox 1810 1863 3351 1935; baseline 0.003 -19"><span class='ocrx_word' id='word_1_305' title='bbox 1810 1864 2039 1928; x_wconf 86' lang='lat' dir='ltr'><strong>)omino,</strong></span> <span class='ocrx_word' id='word_1_306' title='bbox 2089 1880 2233 1919; x_wconf 91' lang='lat' dir='ltr'><strong>unus</strong></span> <span class='ocrx_word' id='word_1_307' title='bbox 2287 1865 2514 1934; x_wconf 85' lang='lat' dir='ltr'><strong>spiritus</strong></span> <span class='ocrx_word' id='word_1_308' title='bbox 2554 1871 2639 1918; x_wconf 88' lang='lat' dir='ltr'><strong>est</strong></span> <span class='ocrx_word' id='word_1_309' title='bbox 2683 1863 2751 1927; x_wconf 85' lang='grc'><strong>⁸⁷,</strong></span> <span class='ocrx_word' id='word_1_310' title='bbox 2807 1884 2826 1917; x_wconf 76' lang='grc' dir='ltr'><strong>ι</strong></span> <span class='ocrx_word' id='word_1_311' title='bbox 2877 1866 3049 1919; x_wconf 89' lang='lat' dir='ltr'><strong>multo</strong></span> <span class='ocrx_word' id='word_1_312' title='bbox 3093 1867 3266 1935; x_wconf 78' lang='lat' dir='ltr'><strong>magis</strong></span> <span class='ocrx_word' id='word_1_313' title='bbox 3302 1865 3351 1920; x_wconf 86' lang='lat' dir='ltr'><strong>si</strong></span> 
     </span>
    </p>
   </div>
   <div class='ocr_carea' id='block_1_36' title="bbox 58 1946 1673 2027">
    <p class='ocr_par' dir='ltr' id='par_1_36' title="bbox 58 1946 1673 2027">
     <span class='ocr_line' id='line_1_36' title="bbox 58 1946 1673 2027; baseline 0.007 -30"><span class='ocrx_word' id='word_1_314' title='bbox 58 1946 366 2011; x_wconf 83' lang='grc' dir='ltr'>ἀπολέσας</span> <span class='ocrx_word' id='word_1_315' title='bbox 390 1949 450 2002; x_wconf 91' lang='grc' dir='ltr'><strong>τὸ</strong></span> <span class='ocrx_word' id='word_1_316' title='bbox 490 1946 628 2004; x_wconf 81' lang='grc' dir='ltr'>εἶναι</span> <span class='ocrx_word' id='word_1_317' title='bbox 660 1951 813 2017; x_wconf 87' lang='grc' dir='ltr'>Θεὸς,</span> <span class='ocrx_word' id='word_1_318' title='bbox 863 1953 980 2006; x_wconf 73' lang='grc' dir='ltr'>ἔστι</span> <span class='ocrx_word' id='word_1_319' title='bbox 1014 1954 1146 2019; x_wconf 89' lang='grc' dir='ltr'>Θεὸς</span> <span class='ocrx_word' id='word_1_320' title='bbox 1182 1956 1276 2008; x_wconf 79' lang='grc' dir='ltr'>καὶ</span> <span class='ocrx_word' id='word_1_321' title='bbox 1318 1955 1603 2027; x_wconf 77' lang='grc' dir='ltr'>ἅνθρωπος</span> <span class='ocrx_word' id='word_1_322' title='bbox 1646 1957 1673 2008; x_wconf 89' lang='lat'><strong>6</strong></span> 
     </span>
    </p>
   </div>
   <div class='ocr_carea' id='block_1_37' title="bbox 1810 1946 3348 2027">
    <p class='ocr_par' dir='ltr' id='par_1_37' title="bbox 1810 1955 3348 2019">
     <span class='ocr_line' id='line_1_37' title="bbox 1810 1955 3348 2019; baseline 0.001 -11"><span class='ocrx_word' id='word_1_323' title='bbox 1810 1955 2052 2012; x_wconf 83' lang='lat' dir='ltr'><strong>)ominus</strong></span> <span class='ocrx_word' id='word_1_324' title='bbox 2097 1957 2299 2011; x_wconf 87' lang='lat' dir='ltr'><strong>dicitur</strong></span> <span class='ocrx_word' id='word_1_325' title='bbox 2350 1964 2405 2010; x_wconf 87' lang='lat' dir='ltr'><strong>et</strong></span> <span class='ocrx_word' id='word_1_326' title='bbox 2449 1956 2692 2016; x_wconf 85' lang='lat' dir='ltr'><strong>creditur</strong></span> <span class='ocrx_word' id='word_1_327' title='bbox 2736 1956 2917 2012; x_wconf 86' lang='lat' dir='ltr'><strong>l&#39;actus</strong></span> <span class='ocrx_word' id='word_1_328' title='bbox 2969 1958 3138 2012; x_wconf 79' lang='lat' dir='ltr'><strong>fuisse</strong></span> <span class='ocrx_word' id='word_1_329' title='bbox 3162 1958 3348 2019; x_wconf 88' lang='lat' dir='ltr'><strong>homo,</strong></span> 
     </span>
    </p>
   </div>
   <div class='ocr_carea' id='block_1_38' title="bbox 60 2037 1673 2118">
    <p class='ocr_par' dir='ltr' id='par_1_38' title="bbox 60 2037 1673 2118">
     <span class='ocr_line' id='line_1_38' title="bbox 60 2037 1673 2118; baseline 0.007 -29"><span class='ocrx_word' id='word_1_330' title='bbox 60 2037 254 2102; x_wconf 74' lang='grc' dir='ltr'>αὑτός</span> <span class='ocrx_word' id='word_1_331' title='bbox 279 2054 296 2068; x_wconf 74' lang='grc' dir='ltr'><strong>ο</strong></span> <span class='ocrx_word' id='word_1_332' title='bbox 340 2038 471 2104; x_wconf 86' lang='grc' dir='ltr'>Θεὸς</span> <span class='ocrx_word' id='word_1_333' title='bbox 511 2042 611 2112; x_wconf 79' lang='grc' dir='ltr'><strong>μὲν</strong></span> <span class='ocrx_word' id='word_1_334' title='bbox 644 2043 732 2096; x_wconf 81' lang='grc' dir='ltr'><strong>διὰ</strong></span> <span class='ocrx_word' id='word_1_335' title='bbox 775 2044 874 2115; x_wconf 82' lang='grc' dir='ltr'>τὴν</span> <span class='ocrx_word' id='word_1_336' title='bbox 927 2044 1120 2114; x_wconf 82' lang='grc' dir='ltr'>φύσιν,</span> <span class='ocrx_word' id='word_1_337' title='bbox 1159 2045 1446 2118; x_wconf 80' lang='grc' dir='ltr'>ἄνθρωπος</span> <span class='ocrx_word' id='word_1_338' title='bbox 1488 2047 1545 2101; x_wconf 83' lang='grc' dir='ltr'><strong>δὲ</strong></span> <span class='ocrx_word' id='word_1_339' title='bbox 1586 2046 1673 2101; x_wconf 83' lang='grc' dir='ltr'>διά</span> 
     </span>
    </p>
   </div>
   <div class='ocr_carea' id='block_1_39' title="bbox 1810 2037 3404 2118">
    <p class='ocr_par' dir='ltr' id='par_1_39' title="bbox 1810 2046 3404 2118">
     <span class='ocr_line' id='line_1_39' title="bbox 1810 2046 3404 2118; baseline 0.003 -18"><span class='ocrx_word' id='word_1_340' title='bbox 1810 2062 1888 2101; x_wconf 69' lang='lat' dir='ltr'><strong>ton</strong></span> <span class='ocrx_word' id='word_1_341' title='bbox 1936 2048 2192 2102; x_wconf 86' lang='lat' dir='ltr'><strong>amittens</strong></span> <span class='ocrx_word' id='word_1_342' title='bbox 2243 2046 2389 2118; x_wconf 88' lang='lat' dir='ltr'><strong>quod</strong></span> <span class='ocrx_word' id='word_1_343' title='bbox 2439 2047 2581 2103; x_wconf 88' lang='lat' dir='ltr'><strong>Deus</strong></span> <span class='ocrx_word' id='word_1_344' title='bbox 2631 2049 2722 2110; x_wconf 86' lang='lat' dir='ltr'><strong>sit,</strong></span> <span class='ocrx_word' id='word_1_345' title='bbox 2769 2048 2911 2103; x_wconf 87' lang='lat' dir='ltr'><strong>idem</strong></span> <span class='ocrx_word' id='word_1_346' title='bbox 2961 2058 3046 2105; x_wconf 88' lang='lat' dir='ltr'><strong>est</strong></span> <span class='ocrx_word' id='word_1_347' title='bbox 3106 2048 3249 2104; x_wconf 83' lang='lat' dir='ltr'><strong>Deus</strong></span> <span class='ocrx_word' id='word_1_348' title='bbox 3296 2057 3351 2104; x_wconf 81' lang='lat' dir='ltr'><strong>et</strong></span> <span class='ocrx_word' id='word_1_349' title='bbox 3396 2094 3404 2115; x_wconf 79' lang='grc'><strong>,</strong></span> 
     </span>
    </p>
   </div>
   <div class='ocr_carea' id='block_1_40' title="bbox 60 2126 1673 2211">
    <p class='ocr_par' dir='ltr' id='par_1_40' title="bbox 60 2126 1425 2206">
     <span class='ocr_line' id='line_1_40' title="bbox 60 2126 1425 2206; baseline 0.007 -25"><span class='ocrx_word' id='word_1_350' title='bbox 60 2126 189 2199; x_wconf 78' lang='grc' dir='ltr'><strong>τὴν</strong></span> <span class='ocrx_word' id='word_1_351' title='bbox 217 2128 281 2192; x_wconf 73' lang='grc' dir='ltr'>ἐξ</span> <span class='ocrx_word' id='word_1_352' title='bbox 308 2130 554 2196; x_wconf 76' lang='grc' dir='ltr'>εὐδοκίας</span> <span class='ocrx_word' id='word_1_353' title='bbox 587 2134 822 2205; x_wconf 81' lang='grc' dir='ltr'><strong>μετοχὴν</strong></span> <span class='ocrx_word' id='word_1_354' title='bbox 854 2134 956 2205; x_wconf 85' lang='grc' dir='ltr'>τῆς</span> <span class='ocrx_word' id='word_1_355' title='bbox 988 2135 1425 2206; x_wconf 85' lang='grc' dir='ltr'>ἀνθρωπότητος.</span> 
     </span>
    </p>
   </div>
   <div class='ocr_carea' id='block_1_41' title="bbox 1810 2126 3353 2211">
    <p class='ocr_par' dir='ltr' id='par_1_41' title="bbox 1810 2136 3353 2211">
     <span class='ocr_line' id='line_1_41' title="bbox 1810 2136 3353 2211; baseline 0.001 -20"><span class='ocrx_word' id='word_1_356' title='bbox 1810 2154 1947 2193; x_wconf 64' lang='lat' dir='ltr'><strong>nomo</strong></span> <span class='ocrx_word' id='word_1_357' title='bbox 2000 2157 2014 2194; x_wconf 92' lang='lat'><strong>:</strong></span> <span class='ocrx_word' id='word_1_358' title='bbox 2070 2136 2214 2195; x_wconf 88' lang='lat' dir='ltr'><strong>Deus</strong></span> <span class='ocrx_word' id='word_1_359' title='bbox 2253 2139 2477 2211; x_wconf 88' lang='lat' dir='ltr'><strong>quidem</strong></span> <span class='ocrx_word' id='word_1_360' title='bbox 2524 2146 2745 2204; x_wconf 82' lang='lat' dir='ltr'><strong>natura,</strong></span> <span class='ocrx_word' id='word_1_361' title='bbox 2800 2138 2964 2194; x_wconf 91' lang='lat' dir='ltr'><strong>homo</strong></span> <span class='ocrx_word' id='word_1_362' title='bbox 3004 2154 3154 2208; x_wconf 92' lang='lat' dir='ltr'><strong>vero,</strong></span> <span class='ocrx_word' id='word_1_363' title='bbox 3204 2136 3353 2211; x_wconf 80' lang='lat' dir='ltr'><strong>quod</strong></span> 
     </span>
    </p>
   </div>
   <div class='ocr_carea' id='block_1_42' title="bbox 65 2227 1929 2306">
    <p class='ocr_par' dir='ltr' id='par_1_42' title="bbox 65 2227 1929 2306">
     <span class='ocr_line' id='line_1_42' title="bbox 65 2227 1929 2306; baseline 0.006 -27"><span class='ocrx_word' id='word_1_364' title='bbox 65 2235 351 2280; x_wconf 81' lang='lat' dir='ltr'><strong>naturam</strong></span> <span class='ocrx_word' id='word_1_365' title='bbox 394 2227 718 2297; x_wconf 81' lang='lat' dir='ltr'><strong>humanam,</strong></span> <span class='ocrx_word' id='word_1_366' title='bbox 751 2234 1008 2303; x_wconf 84' lang='lat' dir='ltr'><strong>quoniam</strong></span> <span class='ocrx_word' id='word_1_367' title='bbox 1043 2234 1093 2289; x_wconf 82' lang='lat' dir='ltr'><strong>ei</strong></span> <span class='ocrx_word' id='word_1_368' title='bbox 1128 2235 1209 2290; x_wconf 88' lang='lat' dir='ltr'><strong>sic</strong></span> <span class='ocrx_word' id='word_1_369' title='bbox 1242 2235 1467 2304; x_wconf 86' lang='lat' dir='ltr'><strong>placuit.</strong></span> <span class='ocrx_word' id='word_1_370' title='bbox 1499 2234 1929 2306; x_wconf 80' lang='lat' dir='ltr'><strong>participaverit.</strong></span> 
     </span>
    </p>
   </div>
   <div class='ocr_carea' id='block_1_43' title="bbox 1190 2508 2250 2569">
    <p class='ocr_par' dir='ltr' id='par_1_43' title="bbox 1190 2508 2250 2569">
     <span class='ocr_line' id='line_1_43' title="bbox 1190 2508 2250 2569; baseline 0.007 -7"><span class='ocrx_word' id='word_1_371' title='bbox 1190 2508 1327 2564; x_wconf 82' lang='grc' dir='ltr'><strong>ΤΟΥ</strong></span> <span class='ocrx_word' id='word_1_372' title='bbox 1359 2510 1455 2564; x_wconf 83' lang='grc' dir='ltr'><strong>ΕΝ</strong></span> <span class='ocrx_word' id='word_1_373' title='bbox 1478 2511 1706 2566; x_wconf 79' lang='grc' dir='ltr'><strong>ΑΓῙΟΙΣ</strong></span> <span class='ocrx_word' id='word_1_374' title='bbox 1739 2513 2009 2567; x_wconf 78' lang='grc' dir='ltr'><strong>ΠΑΤΡΟΣ</strong></span> <span class='ocrx_word' id='word_1_375' title='bbox 2041 2513 2250 2569; x_wconf 77' lang='grc' dir='ltr'><strong>ΗΜΩΝ.</strong></span> 
     </span>
    </p>
   </div>
   <div class='ocr_carea' id='block_1_44' title="bbox 1412 2673 2057 2763">
    <p class='ocr_par' dir='ltr' id='par_1_44' title="bbox 1412 2673 2057 2763">
     <span class='ocr_line' id='line_1_44' title="bbox 1412 2673 2057 2763; baseline 0.002 -4"><span class='ocrx_word' id='word_1_376' title='bbox 1412 2673 2057 2763; x_wconf 84' lang='grc' dir='ltr'><strong>ΑΘΑΝΑΣΙΟΥ</strong></span> 
     </span>
    </p>
   </div>
   <div class='ocr_carea' id='block_1_45' title="bbox 267 2841 3174 2925">
    <p class='ocr_par' dir='ltr' id='par_1_45' title="bbox 267 2841 3174 2925">
     <span class='ocr_line' id='line_1_45' title="bbox 267 2841 3174 2925; baseline 0 -21"><span class='ocrx_word' id='word_1_377' title='bbox 267 2847 540 2915; x_wconf 69' lang='grc' dir='ltr'>Διὰλεξις</span> <span class='ocrx_word' id='word_1_378' title='bbox 561 2854 626 2917; x_wconf 76' lang='grc' dir='ltr'>ε’,</span> <span class='ocrx_word' id='word_1_379' title='bbox 652 2847 723 2904; x_wconf 80' lang='grc' dir='ltr'><strong>ἐν</strong></span> <span class='ocrx_word' id='word_1_380' title='bbox 748 2841 791 2925; x_wconf 77' lang='grc' dir='ltr'><em>ᾖ</em></span> <span class='ocrx_word' id='word_1_381' title='bbox 808 2849 916 2906; x_wconf 85' lang='grc' dir='ltr'>τοῦ</span> <span class='ocrx_word' id='word_1_382' title='bbox 941 2851 1128 2908; x_wconf 83' lang='grc' dir='ltr'><strong>αὑτοῦ</strong></span> <span class='ocrx_word' id='word_1_383' title='bbox 1162 2851 1728 2922; x_wconf 66' lang='grc' dir='ltr'>Ἀπολλιναριαστοῦ</span> <span class='ocrx_word' id='word_1_384' title='bbox 1758 2856 2160 2924; x_wconf 67' lang='grc' dir='ltr'>κεφαλαίωσις</span> <span class='ocrx_word' id='word_1_385' title='bbox 2192 2856 2291 2910; x_wconf 76' lang='grc' dir='ltr'><strong>καί</strong></span> <span class='ocrx_word' id='word_1_386' title='bbox 2324 2856 2654 2925; x_wconf 77' lang='grc' dir='ltr'>ΓρηγοριΟυ</span> <span class='ocrx_word' id='word_1_387' title='bbox 2679 2853 3014 2910; x_wconf 73' lang='grc' dir='ltr'><strong>ἐπισκόπου</strong></span> <span class='ocrx_word' id='word_1_388' title='bbox 3044 2849 3174 2921; x_wconf 74' lang='grc'><strong>(83).</strong></span> 
     </span>
    </p>
   </div>
   <div class='ocr_carea' id='block_1_46' title="bbox 1719 3066 1791 3081">
    <p class='ocr_par' dir='ltr' id='par_1_46' title="bbox 1719 3066 1791 3081">
     <span class='ocr_line' id='line_1_46' title="bbox 1719 3066 1791 3081; baseline 0.028 -2"><span class='ocrx_word' id='word_1_389' title='bbox 1719 3066 1791 3081; x_wconf 39' lang='lat' dir='ltr'><strong>ﬁ</strong></span> 
     </span>
    </p>
   </div>
   <div class='ocr_carea' id='block_1_47' title="bbox 1091 3250 2296 3343">
    <p class='ocr_par' dir='ltr' id='par_1_47' title="bbox 1091 3250 2296 3343">
     <span class='ocr_line' id='line_1_47' title="bbox 1091 3250 2296 3343; baseline -0.002 -1"><span class='ocrx_word' id='word_1_390' title='bbox 1091 3252 1193 3342; x_wconf 88' lang='lat' dir='ltr'><strong>S.</strong></span> <span class='ocrx_word' id='word_1_391' title='bbox 1267 3252 1376 3340; x_wconf 91' lang='lat' dir='ltr'><strong>P.</strong></span> <span class='ocrx_word' id='word_1_392' title='bbox 1454 3252 1572 3343; x_wconf 90' lang='lat' dir='ltr'><strong>N.</strong></span> <span class='ocrx_word' id='word_1_393' title='bbox 1648 3250 2296 3342; x_wconf 84' lang='lat' dir='ltr'><strong>ATHANASII</strong></span> 
     </span>
    </p>
   </div>
   <div class='ocr_carea' id='block_1_48' title="bbox 314 3438 3130 3516">
    <p class='ocr_par' dir='ltr' id='par_1_48' title="bbox 314 3438 3130 3516">
     <span class='ocr_line' id='line_1_48' title="bbox 314 3438 3130 3516; baseline 0 -24"><span class='ocrx_word' id='word_1_394' title='bbox 314 3438 585 3497; x_wconf 74' lang='lat' dir='ltr'><strong>DIALOGUS</strong></span> <span class='ocrx_word' id='word_1_395' title='bbox 617 3458 675 3512; x_wconf 74' lang='grc' dir='ltr'><strong>ν,</strong></span> <span class='ocrx_word' id='word_1_396' title='bbox 708 3443 763 3497; x_wconf 89' lang='lat' dir='ltr'><strong>in</strong></span> <span class='ocrx_word' id='word_1_397' title='bbox 801 3457 911 3514; x_wconf 90' lang='lat' dir='ltr'><strong>quo</strong></span> <span class='ocrx_word' id='word_1_398' title='bbox 954 3443 1336 3514; x_wconf 86' lang='lat' dir='ltr'><strong>compendium</strong></span> <span class='ocrx_word' id='word_1_399' title='bbox 1366 3444 1792 3516; x_wconf 71' lang='lat' dir='ltr'><strong>disceptationis.</strong></span> <span class='ocrx_word' id='word_1_400' title='bbox 1811 3444 2059 3515; x_wconf 78' lang='lat' dir='ltr'><strong>ejusdem</strong></span> <span class='ocrx_word' id='word_1_401' title='bbox 2082 3440 2487 3515; x_wconf 67' lang='lat' dir='ltr'><strong>Apollinarista</strong></span> <span class='ocrx_word' id='word_1_402' title='bbox 2506 3447 2563 3496; x_wconf 89' lang='lat' dir='ltr'><strong>et</strong></span> <span class='ocrx_word' id='word_1_403' title='bbox 2587 3439 2835 3511; x_wconf 77' lang='lat' dir='ltr'><strong>Gregorii</strong></span> <span class='ocrx_word' id='word_1_404' title='bbox 2867 3439 3130 3510; x_wconf 77' lang='lat' dir='ltr'><strong>episcopi.</strong></span> 
     </span>
    </p>
   </div>
   <div class='ocr_carea' id='block_1_49' title="bbox 561 3637 1756 3709">
    <p class='ocr_par' dir='ltr' id='par_1_49' title="bbox 561 3637 1756 3709">
     <span class='ocr_line' id='line_1_49' title="bbox 561 3637 1756 3709; baseline 0.002 -18"><span class='ocrx_word' id='word_1_405' title='bbox 561 3637 1226 3693; x_wconf 69' lang='grc' dir='ltr'><strong>ΑιιοΑΑιΝΑΡιΑΣΤΗΣ.</strong></span> <span class='ocrx_word' id='word_1_406' title='bbox 1708 3647 1756 3709; x_wconf 75' lang='lat' dir='ltr'>c</span> 
     </span>
    </p>
   </div>
   <div class='ocr_carea' id='block_1_50' title="bbox 168 3749 1695 3824">
    <p class='ocr_par' dir='ltr' id='par_1_50' title="bbox 168 3749 1695 3824">
     <span class='ocr_line' id='line_1_50' title="bbox 168 3749 1695 3824; baseline -0.001 -17"><span class='ocrx_word' id='word_1_407' title='bbox 168 3753 227 3807; x_wconf 76' lang='grc'><strong>1.</strong></span> <span class='ocrx_word' id='word_1_408' title='bbox 270 3749 408 3804; x_wconf 77' lang='grc' dir='ltr'>Θεοῦ</span> <span class='ocrx_word' id='word_1_409' title='bbox 438 3752 833 3823; x_wconf 75' lang='grc' dir='ltr'>ὲνεργήσαντος</span> <span class='ocrx_word' id='word_1_410' title='bbox 866 3751 1159 3824; x_wconf 82' lang='grc' dir='ltr'>ἀνθρώπῳ,</span> <span class='ocrx_word' id='word_1_411' title='bbox 1185 3752 1529 3805; x_wconf 76' lang='grc' dir='ltr'>ἀποτελεῖται</span> <span class='ocrx_word' id='word_1_412' title='bbox 1558 3768 1695 3823; x_wconf 83' lang='grc' dir='ltr'>προ-</span> 
     </span>
    </p>
   </div>
   <div class='ocr_carea' id='block_1_51' title="bbox 2258 3634 2868 3692">
    <p class='ocr_par' dir='ltr' id='par_1_51' title="bbox 2258 3634 2868 3692">
     <span class='ocr_line' id='line_1_51' title="bbox 2258 3634 2868 3692; baseline -0.003 -2"><span class='ocrx_word' id='word_1_413' title='bbox 2258 3634 2868 3692; x_wconf 79' lang='lat' dir='ltr'><strong>APOLLINARISTES.</strong></span> 
     </span>
    </p>
   </div>
   <div class='ocr_carea' id='block_1_52' title="bbox 1864 3745 3363 3823">
    <p class='ocr_par' dir='ltr' id='par_1_52' title="bbox 1864 3745 3363 3823">
     <span class='ocr_line' id='line_1_52' title="bbox 1864 3745 3363 3823; baseline -0.002 -16"><span class='ocrx_word' id='word_1_414' title='bbox 1864 3752 1915 3807; x_wconf 88' lang='grc' dir='ltr'>ι.</span> <span class='ocrx_word' id='word_1_415' title='bbox 1948 3753 2151 3823; x_wconf 84' lang='lat' dir='ltr'><strong>Agente</strong></span> <span class='ocrx_word' id='word_1_416' title='bbox 2181 3749 2293 3805; x_wconf 92' lang='lat' dir='ltr'><strong>Deo</strong></span> <span class='ocrx_word' id='word_1_417' title='bbox 2325 3750 2379 3805; x_wconf 91' lang='lat' dir='ltr'><strong>in</strong></span> <span class='ocrx_word' id='word_1_418' title='bbox 2415 3749 2664 3815; x_wconf 90' lang='lat' dir='ltr'><strong>homine,</strong></span> <span class='ocrx_word' id='word_1_419' title='bbox 2693 3747 2752 3801; x_wconf 83' lang='lat' dir='ltr'><strong>ﬁt</strong></span> <span class='ocrx_word' id='word_1_420' title='bbox 2788 3746 3062 3818; x_wconf 86' lang='lat' dir='ltr'><strong>quispiam</strong></span> <span class='ocrx_word' id='word_1_421' title='bbox 3099 3745 3363 3816; x_wconf 74' lang='lat' dir='ltr'><strong>propheta</strong></span> 
     </span>
    </p>
   </div>
   <div class='ocr_carea' id='block_1_53' title="bbox 81 3843 1688 3919">
    <p class='ocr_par' dir='ltr' id='par_1_53' title="bbox 81 3843 1688 3919">
     <span class='ocr_line' id='line_1_53' title="bbox 81 3843 1688 3919; baseline -0.002 -20"><span class='ocrx_word' id='word_1_422' title='bbox 81 3849 308 3919; x_wconf 72' lang='grc' dir='ltr'>φὴτης,</span> <span class='ocrx_word' id='word_1_423' title='bbox 364 3844 530 3914; x_wconf 72' lang='grc' dir='ltr'>ἡγουν</span> <span class='ocrx_word' id='word_1_424' title='bbox 567 3844 867 3908; x_wconf 84' lang='grc' dir='ltr'><strong>ἀπόστολος</strong></span> <span class='ocrx_word' id='word_1_425' title='bbox 927 3845 1057 3916; x_wconf 69' lang='grc'>(84),</span> <span class='ocrx_word' id='word_1_426' title='bbox 1105 3846 1167 3898; x_wconf 81' lang='grc' dir='ltr'>οὐ</span> <span class='ocrx_word' id='word_1_427' title='bbox 1218 3845 1410 3915; x_wconf 81' lang='grc' dir='ltr'>Σωτὴρ</span> <span class='ocrx_word' id='word_1_428' title='bbox 1451 3843 1688 3914; x_wconf 74' lang='grc' dir='ltr'>κόσμου’</span> 
     </span>
    </p>
   </div>
   <div class='ocr_carea' id='block_1_54' title="bbox 78 3935 1694 4014">
    <p class='ocr_par' dir='ltr' id='par_1_54' title="bbox 78 3935 1694 4014">
     <span class='ocr_line' id='line_1_54' title="bbox 78 3935 1694 4014; baseline -0.006 -18"><span class='ocrx_word' id='word_1_429' title='bbox 78 3937 341 4013; x_wconf 65' lang='grc' dir='ltr'>Χριστάς</span> <span class='ocrx_word' id='word_1_430' title='bbox 373 3937 431 3990; x_wconf 77' lang='grc' dir='ltr'><strong>δὲ</strong></span> <span class='ocrx_word' id='word_1_431' title='bbox 468 3937 661 4009; x_wconf 85' lang='grc' dir='ltr'>Σωτὴρ</span> <span class='ocrx_word' id='word_1_432' title='bbox 701 3938 942 4014; x_wconf 77' lang='grc' dir='ltr'>κόσμου’</span> <span class='ocrx_word' id='word_1_433' title='bbox 977 3938 1078 3990; x_wconf 82' lang='grc' dir='ltr'><strong>οὐκ</strong></span> <span class='ocrx_word' id='word_1_434' title='bbox 1113 3936 1242 4007; x_wconf 78' lang='grc' dir='ltr'>ἄρα,</span> <span class='ocrx_word' id='word_1_435' title='bbox 1281 3935 1417 3990; x_wconf 90' lang='grc' dir='ltr'>Θεοῦ</span> <span class='ocrx_word' id='word_1_436' title='bbox 1467 3938 1694 4005; x_wconf 72' lang='grc' dir='ltr'>ἐνεργή-</span> 
     </span>
    </p>
   </div>
   <div class='ocr_carea' id='block_1_55' title="bbox 84 4025 1690 4099">
    <p class='ocr_par' dir='ltr' id='par_1_55' title="bbox 84 4025 1690 4099">
     <span class='ocr_line' id='line_1_55' title="bbox 84 4025 1690 4099; baseline -0.006 -13"><span class='ocrx_word' id='word_1_437' title='bbox 84 4046 303 4092; x_wconf 78' lang='grc' dir='ltr'>σαντος</span> <span class='ocrx_word' id='word_1_438' title='bbox 318 4027 609 4099; x_wconf 82' lang='grc' dir='ltr'><strong>ἀνθρώπῳ,</strong></span> <span class='ocrx_word' id='word_1_439' title='bbox 632 4026 963 4099; x_wconf 71' lang='grc' dir='ltr'>ἀπετελέσθη</span> <span class='ocrx_word' id='word_1_440' title='bbox 987 4028 1254 4098; x_wconf 85' lang='grc' dir='ltr'>Χριστός;</span> <span class='ocrx_word' id='word_1_441' title='bbox 1282 4025 1690 4080; x_wconf 83' lang='grc' dir='ltr'>ΟΡΘΟΔΟΞΟΣ.</span> 
     </span>
    </p>
   </div>
   <div class='ocr_carea' id='block_1_56' title="bbox 82 4117 1692 4192">
    <p class='ocr_par' dir='ltr' id='par_1_56' title="bbox 82 4117 1692 4192">
     <span class='ocr_line' id='line_1_56' title="bbox 82 4117 1692 4192; baseline -0.004 -13"><span class='ocrx_word' id='word_1_442' title='bbox 82 4120 242 4179; x_wconf 80' lang='grc' dir='ltr'>Θεοῦ</span> <span class='ocrx_word' id='word_1_443' title='bbox 288 4122 386 4192; x_wconf 81' lang='grc' dir='ltr'><strong>μὲν</strong></span> <span class='ocrx_word' id='word_1_444' title='bbox 432 4121 824 4192; x_wconf 81' lang='grc' dir='ltr'>ὲνεργήσαντος</span> <span class='ocrx_word' id='word_1_445' title='bbox 874 4120 972 4189; x_wconf 86' lang='grc' dir='ltr'>οὐχ</span> <span class='ocrx_word' id='word_1_446' title='bbox 1023 4117 1209 4183; x_wconf 83' lang='grc' dir='ltr'>ἁπλῶς</span> <span class='ocrx_word' id='word_1_447' title='bbox 1230 4158 1245 4183; x_wconf 94' lang='grc'><strong>,</strong></span> <span class='ocrx_word' id='word_1_448' title='bbox 1288 4118 1364 4181; x_wconf 87' lang='grc' dir='ltr'>ὡς</span> <span class='ocrx_word' id='word_1_449' title='bbox 1413 4118 1692 4189; x_wconf 78' lang='grc' dir='ltr'>ἐνόμισας,</span> 
     </span>
    </p>
   </div>
   <div class='ocr_carea' id='block_1_57' title="bbox 84 4210 1694 4284">
    <p class='ocr_par' dir='ltr' id='par_1_57' title="bbox 84 4210 1694 4284">
     <span class='ocr_line' id='line_1_57' title="bbox 84 4210 1694 4284; baseline -0.002 -16"><span class='ocrx_word' id='word_1_450' title='bbox 84 4215 244 4271; x_wconf 77' lang='grc' dir='ltr'><strong>ἀλλά</strong></span> <span class='ocrx_word' id='word_1_451' title='bbox 276 4213 629 4284; x_wconf 68' lang='grc' dir='ltr'>προφητείαν,</span> <span class='ocrx_word' id='word_1_452' title='bbox 669 4211 1012 4265; x_wconf 80' lang='grc' dir='ltr'>ἀποτελεῖται</span> <span class='ocrx_word' id='word_1_453' title='bbox 1046 4212 1354 4282; x_wconf 81' lang='grc' dir='ltr'>προφήτης,</span> <span class='ocrx_word' id='word_1_454' title='bbox 1383 4211 1552 4281; x_wconf 73' lang='grc' dir='ltr'>ἤγουν</span> <span class='ocrx_word' id='word_1_455' title='bbox 1581 4210 1694 4283; x_wconf 87' lang='grc'><strong>(85)</strong></span> 
     </span>
    </p>
   </div>
   <div class='ocr_carea' id='block_1_58' title="bbox 85 4302 1697 4376">
    <p class='ocr_par' dir='ltr' id='par_1_58' title="bbox 85 4302 1697 4376">
     <span class='ocr_line' id='line_1_58' title="bbox 85 4302 1697 4376; baseline 0.013 -20"><span class='ocrx_word' id='word_1_456' title='bbox 85 4306 427 4370; x_wconf 77' lang='grc' dir='ltr'>ἀπόστολος,</span> <span class='ocrx_word' id='word_1_457' title='bbox 463 4305 557 4359; x_wconf 72' lang='grc' dir='ltr'>καὶ</span> <span class='ocrx_word' id='word_1_458' title='bbox 580 4304 640 4358; x_wconf 82' lang='grc' dir='ltr'><strong>οὺ</strong></span> <span class='ocrx_word' id='word_1_459' title='bbox 673 4304 865 4376; x_wconf 85' lang='grc' dir='ltr'>Σωτὴρ</span> <span class='ocrx_word' id='word_1_460' title='bbox 898 4303 1125 4374; x_wconf 88' lang='grc' dir='ltr'>κόσμου.</span> <span class='ocrx_word' id='word_1_461' title='bbox 1168 4302 1301 4366; x_wconf 74' lang='grc' dir='ltr'>Θεὸς</span> <span class='ocrx_word' id='word_1_462' title='bbox 1351 4302 1428 4367; x_wconf 59' lang='grc' dir='ltr'><strong>δὲ’</strong></span> <span class='ocrx_word' id='word_1_463' title='bbox 1482 4304 1697 4376; x_wconf 71' lang='grc' dir='ltr'>μορφὴν</span> 
     </span>
    </p>
   </div>
   <div class='ocr_carea' id='block_1_59' title="bbox 85 4394 1698 4467">
    <p class='ocr_par' dir='ltr' id='par_1_59' title="bbox 85 4394 1698 4467">
     <span class='ocr_line' id='line_1_59' title="bbox 85 4394 1698 4467; baseline -0.004 -13"><span class='ocrx_word' id='word_1_464' title='bbox 85 4398 299 4455; x_wconf 77' lang='grc' dir='ltr'>δούλου</span> <span class='ocrx_word' id='word_1_465' title='bbox 336 4395 536 4462; x_wconf 76' lang='grc' dir='ltr'>λαϐὼν,</span> <span class='ocrx_word' id='word_1_466' title='bbox 586 4395 802 4466; x_wconf 77' lang='grc' dir='ltr'>ἐγένετο</span> <span class='ocrx_word' id='word_1_467' title='bbox 836 4398 865 4449; x_wconf 90' lang='lat'><strong>6</strong></span> <span class='ocrx_word' id='word_1_468' title='bbox 902 4395 1066 4460; x_wconf 82' lang='grc' dir='ltr'>αὐτὸς</span> <span class='ocrx_word' id='word_1_469' title='bbox 1107 4396 1200 4450; x_wconf 73' lang='grc' dir='ltr'>καὶ</span> <span class='ocrx_word' id='word_1_470' title='bbox 1247 4398 1552 4467; x_wconf 82' lang='grc' dir='ltr'>προφήτης,</span> <span class='ocrx_word' id='word_1_471' title='bbox 1602 4394 1698 4447; x_wconf 64' lang='grc' dir='ltr'><strong>καὶ⁵</strong></span> 
     </span>
    </p>
   </div>
   <div class='ocr_carea' id='block_1_60' title="bbox 87 4484 1695 4558">
    <p class='ocr_par' dir='ltr' id='par_1_60' title="bbox 87 4484 1695 4558">
     <span class='ocr_line' id='line_1_60' title="bbox 87 4484 1695 4558; baseline -0.005 -13"><span class='ocrx_word' id='word_1_472' title='bbox 87 4487 431 4550; x_wconf 78' lang='grc' dir='ltr'>ἀπόστολος,</span> <span class='ocrx_word' id='word_1_473' title='bbox 462 4487 558 4540; x_wconf 75' lang='grc' dir='ltr'>καὶ</span> <span class='ocrx_word' id='word_1_474' title='bbox 580 4485 890 4558; x_wconf 85' lang='grc' dir='ltr'>ἀρχιερεὺς,</span> <span class='ocrx_word' id='word_1_475' title='bbox 931 4485 1025 4539; x_wconf 75' lang='grc' dir='ltr'>καὶ</span> <span class='ocrx_word' id='word_1_476' title='bbox 1057 4485 1283 4557; x_wconf 85' lang='grc' dir='ltr'>μεσίτης</span> <span class='ocrx_word' id='word_1_477' title='bbox 1315 4484 1450 4538; x_wconf 84' lang='grc' dir='ltr'>Θεοῦ</span> <span class='ocrx_word' id='word_1_478' title='bbox 1476 4486 1569 4539; x_wconf 76' lang='grc' dir='ltr'>καὶ</span> <span class='ocrx_word' id='word_1_479' title='bbox 1595 4485 1695 4538; x_wconf 88' lang='grc' dir='ltr'>ἀν-</span> 
     </span>
    </p>
   </div>
   <div class='ocr_carea' id='block_1_61' title="bbox 90 4577 1697 4653">
    <p class='ocr_par' dir='ltr' id='par_1_61' title="bbox 90 4577 1697 4653">
     <span class='ocr_line' id='line_1_61' title="bbox 90 4577 1697 4653; baseline -0.005 -17"><span class='ocrx_word' id='word_1_480' title='bbox 90 4582 125 4636; x_wconf 84' lang='grc' dir='ltr'><strong>θ</strong></span> <span class='ocrx_word' id='word_1_481' title='bbox 134 4578 371 4653; x_wconf 78' lang='grc' dir='ltr'>ρώπων,</span> <span class='ocrx_word' id='word_1_482' title='bbox 403 4578 592 4650; x_wconf 74' lang='grc' dir='ltr'>Σωτὴρ</span> <span class='ocrx_word' id='word_1_483' title='bbox 629 4579 857 4648; x_wconf 81' lang='grc' dir='ltr'>κόσμου,</span> <span class='ocrx_word' id='word_1_484' title='bbox 891 4577 1065 4649; x_wconf 86' lang='grc' dir='ltr'>μένων</span> <span class='ocrx_word' id='word_1_485' title='bbox 1084 4577 1235 4642; x_wconf 84' lang='grc' dir='ltr'>Θεὸς,</span> <span class='ocrx_word' id='word_1_486' title='bbox 1265 4577 1357 4631; x_wconf 78' lang='grc' dir='ltr'>καὶ</span> <span class='ocrx_word' id='word_1_487' title='bbox 1381 4579 1443 4631; x_wconf 81' lang='grc' dir='ltr'>οὐ</span> <span class='ocrx_word' id='word_1_488' title='bbox 1469 4577 1697 4650; x_wconf 76' lang='grc' dir='ltr'>τραπεὶς</span> 
     </span>
    </p>
   </div>
   <div class='ocr_carea' id='block_1_62' title="bbox 89 4670 704 4742">
    <p class='ocr_par' dir='ltr' id='par_1_62' title="bbox 89 4670 704 4742">
     <span class='ocr_line' id='line_1_62' title="bbox 89 4670 704 4742; baseline -0.007 -14"><span class='ocrx_word' id='word_1_489' title='bbox 89 4675 188 4736; x_wconf 83' lang='grc' dir='ltr'><strong>εἰς</strong></span> <span class='ocrx_word' id='word_1_490' title='bbox 216 4670 287 4724; x_wconf 84' lang='grc' dir='ltr'><strong>τά</strong></span> <span class='ocrx_word' id='word_1_491' title='bbox 311 4671 704 4742; x_wconf 84' lang='grc' dir='ltr'>προειρημένα.</span> 
     </span>
    </p>
   </div>
   <div class='ocr_carea' id='block_1_63' title="bbox 176 4755 1698 4833">
    <p class='ocr_par' dir='ltr' id='par_1_63' title="bbox 176 4755 1698 4833">
     <span class='ocr_line' id='line_1_63' title="bbox 176 4755 1698 4833; baseline -0.005 -17"><span class='ocrx_word' id='word_1_492' title='bbox 176 4762 234 4816; x_wconf 67' lang='grc' dir='ltr'><strong>Ξ.</strong></span> <span class='ocrx_word' id='word_1_493' title='bbox 281 4764 527 4817; x_wconf 71' lang='grc' dir='ltr'><strong>Ἀπολλ.</strong></span> <span class='ocrx_word' id='word_1_494' title='bbox 562 4763 676 4826; x_wconf 76' lang='grc' dir='ltr'>Πᾶς</span> <span class='ocrx_word' id='word_1_495' title='bbox 704 4760 988 4833; x_wconf 78' lang='grc' dir='ltr'>ἄνθρωπος</span> <span class='ocrx_word' id='word_1_496' title='bbox 1020 4759 1185 4831; x_wconf 82' lang='grc' dir='ltr'>μέρος</span> <span class='ocrx_word' id='word_1_497' title='bbox 1218 4758 1446 4829; x_wconf 84' lang='grc' dir='ltr'>κόσμου,</span> <span class='ocrx_word' id='word_1_498' title='bbox 1480 4757 1575 4810; x_wconf 74' lang='grc' dir='ltr'>καὶ</span> <span class='ocrx_word' id='word_1_499' title='bbox 1604 4755 1698 4809; x_wconf 81' lang='grc' dir='ltr'><strong>οὑ·-</strong></span> 
     </span>
    </p>
   </div>
   <div class='ocr_carea' id='block_1_64' title="bbox 90 4848 1699 4925">
    <p class='ocr_par' dir='ltr' id='par_1_64' title="bbox 90 4848 1699 4925">
     <span class='ocr_line' id='line_1_64' title="bbox 90 4848 1699 4925; baseline -0.006 -15"><span class='ocrx_word' id='word_1_500' title='bbox 90 4856 197 4910; x_wconf 80' lang='grc' dir='ltr'><strong>δὲν</strong></span> <span class='ocrx_word' id='word_1_501' title='bbox 233 4853 403 4925; x_wconf 81' lang='grc' dir='ltr'>μέρος</span> <span class='ocrx_word' id='word_1_502' title='bbox 432 4853 635 4924; x_wconf 80' lang='grc' dir='ltr'>κόσμου</span> <span class='ocrx_word' id='word_1_503' title='bbox 680 4854 825 4923; x_wconf 79' lang='grc' dir='ltr'>αἴρει</span> <span class='ocrx_word' id='word_1_504' title='bbox 867 4852 965 4924; x_wconf 74' lang='grc' dir='ltr'><strong>τὴν</strong></span> <span class='ocrx_word' id='word_1_505' title='bbox 1014 4851 1289 4924; x_wconf 88' lang='grc' dir='ltr'>ἀμαρτίαν</span> <span class='ocrx_word' id='word_1_506' title='bbox 1331 4848 1426 4903; x_wconf 81' lang='grc' dir='ltr'><strong>τοῦ</strong></span> <span class='ocrx_word' id='word_1_507' title='bbox 1469 4850 1699 4919; x_wconf 79' lang='grc' dir='ltr'>κόσμου,</span> 
     </span>
    </p>
   </div>
   <div class='ocr_carea' id='block_1_65' title="bbox 92 4942 1699 5023">
    <p class='ocr_par' dir='ltr' id='par_1_65' title="bbox 92 4942 1699 5023">
     <span class='ocr_line' id='line_1_65' title="bbox 92 4942 1699 5023; baseline -0.006 -19"><span class='ocrx_word' id='word_1_508' title='bbox 92 4950 203 5020; x_wconf 68' lang='grc' dir='ltr'><strong>ὑφ’</strong></span> <span class='ocrx_word' id='word_1_509' title='bbox 309 4949 404 5002; x_wconf 72' lang='grc' dir='ltr'><strong>καὶ</strong></span> <span class='ocrx_word' id='word_1_510' title='bbox 438 4948 598 5012; x_wconf 77' lang='grc' dir='ltr'>αὐτὸς</span> <span class='ocrx_word' id='word_1_511' title='bbox 628 4951 823 5002; x_wconf 83' lang='grc' dir='ltr'>κεῖται.</span> <span class='ocrx_word' id='word_1_512' title='bbox 861 4944 1096 5017; x_wconf 83' lang='grc' dir='ltr'>Χριστός</span> <span class='ocrx_word' id='word_1_513' title='bbox 1137 4944 1193 4998; x_wconf 82' lang='grc' dir='ltr'><strong>δὲ</strong></span> <span class='ocrx_word' id='word_1_514' title='bbox 1227 4944 1370 5017; x_wconf 80' lang='grc' dir='ltr'>αῐρει</span> <span class='ocrx_word' id='word_1_515' title='bbox 1394 4960 1408 4973; x_wconf 75' lang='grc' dir='ltr'>ο</span> <span class='ocrx_word' id='word_1_516' title='bbox 1445 4944 1545 4997; x_wconf 74' lang='grc' dir='ltr'><strong>οὐκ</strong></span> <span class='ocrx_word' id='word_1_517' title='bbox 1590 4942 1699 5013; x_wconf 84' lang='grc' dir='ltr'><strong>ἀρα</strong></span> 
     </span>
    </p>
   </div>
   <div class='ocr_carea' id='block_1_66' title="bbox 92 5034 1697 5115">
    <p class='ocr_par' dir='ltr' id='par_1_66' title="bbox 92 5034 1697 5115">
     <span class='ocr_line' id='line_1_66' title="bbox 92 5034 1697 5115; baseline -0.006 -17"><span class='ocrx_word' id='word_1_518' title='bbox 92 5042 404 5115; x_wconf 79' lang='grc' dir='ltr'>ἄνθρωπος</span> <span class='ocrx_word' id='word_1_519' title='bbox 440 5043 468 5095; x_wconf 87' lang='grc' dir='ltr'>ὁ</span> <span class='ocrx_word' id='word_1_520' title='bbox 510 5041 764 5113; x_wconf 85' lang='grc' dir='ltr'>Χριστός.</span> <span class='ocrx_word' id='word_1_521' title='bbox 801 5040 956 5107; x_wconf 82' lang='grc' dir='ltr'>Ὀρθ.</span> <span class='ocrx_word' id='word_1_522' title='bbox 995 5037 1092 5092; x_wconf 88' lang='grc' dir='ltr'>Διά</span> <span class='ocrx_word' id='word_1_523' title='bbox 1137 5035 1247 5108; x_wconf 87' lang='grc' dir='ltr'><strong>γάρ</strong></span> <span class='ocrx_word' id='word_1_524' title='bbox 1287 5034 1466 5097; x_wconf 74' lang='grc' dir='ltr'>τοῦτο,</span> <span class='ocrx_word' id='word_1_525' title='bbox 1511 5035 1697 5106; x_wconf 74' lang='grc' dir='ltr'>ἐπειδὴ</span> 
     </span>
    </p>
   </div>
   <div class='ocr_carea' id='block_1_67' title="bbox 90 5126 1694 5204">
    <p class='ocr_par' dir='ltr' id='par_1_67' title="bbox 90 5126 1694 5204">
     <span class='ocr_line' id='line_1_67' title="bbox 90 5126 1694 5204; baseline -0.009 -13"><span class='ocrx_word' id='word_1_526' title='bbox 90 5135 270 5191; x_wconf 63' lang='grc' dir='ltr'><strong>οῦδὲν</strong></span> <span class='ocrx_word' id='word_1_527' title='bbox 305 5133 469 5204; x_wconf 86' lang='grc' dir='ltr'>μέρος</span> <span class='ocrx_word' id='word_1_528' title='bbox 498 5133 703 5203; x_wconf 86' lang='grc' dir='ltr'>κόσμου</span> <span class='ocrx_word' id='word_1_529' title='bbox 734 5132 879 5202; x_wconf 74' lang='grc' dir='ltr'>αἴρει</span> <span class='ocrx_word' id='word_1_530' title='bbox 903 5129 1002 5200; x_wconf 84' lang='grc' dir='ltr'><strong>τὴν</strong></span> <span class='ocrx_word' id='word_1_531' title='bbox 1035 5129 1310 5201; x_wconf 80' lang='grc' dir='ltr'>ἁμαρτίαν</span> <span class='ocrx_word' id='word_1_532' title='bbox 1336 5126 1431 5181; x_wconf 79' lang='grc' dir='ltr'><strong>τοῦ</strong></span> <span class='ocrx_word' id='word_1_533' title='bbox 1467 5126 1694 5197; x_wconf 87' lang='grc' dir='ltr'>κόσμου,</span> 
     </span>
    </p>
   </div>
   <div class='ocr_carea' id='block_1_68' title="bbox 92 5217 1696 5299">
    <p class='ocr_par' dir='ltr' id='par_1_68' title="bbox 92 5217 1696 5299">
     <span class='ocr_line' id='line_1_68' title="bbox 92 5217 1696 5299; baseline -0.009 -15"><span class='ocrx_word' id='word_1_534' title='bbox 92 5232 127 5284; x_wconf 79' lang='grc' dir='ltr'>ὁ</span> <span class='ocrx_word' id='word_1_535' title='bbox 161 5224 502 5299; x_wconf 79' lang='grc' dir='ltr'>δημιουργὸς</span> <span class='ocrx_word' id='word_1_536' title='bbox 529 5224 625 5279; x_wconf 78' lang='grc' dir='ltr'>τοῦ</span> <span class='ocrx_word' id='word_1_537' title='bbox 669 5223 872 5295; x_wconf 86' lang='grc' dir='ltr'>κόσμου</span> <span class='ocrx_word' id='word_1_538' title='bbox 918 5221 1131 5293; x_wconf 83' lang='grc' dir='ltr'>μορφὴν</span> <span class='ocrx_word' id='word_1_539' title='bbox 1174 5218 1334 5272; x_wconf 76' lang='grc' dir='ltr'>ἔλαϐε</span> <span class='ocrx_word' id='word_1_540' title='bbox 1373 5219 1568 5290; x_wconf 78' lang='grc' dir='ltr'>μέρους</span> <span class='ocrx_word' id='word_1_541' title='bbox 1601 5217 1696 5270; x_wconf 88' lang='grc' dir='ltr'>κό-</span> 
     </span>
    </p>
   </div>
   <div class='ocr_carea' id='block_1_69' title="bbox 1791 3836 3364 3910">
    <p class='ocr_par' dir='ltr' id='par_1_69' title="bbox 1791 3836 3364 3910">
     <span class='ocr_line' id='line_1_69' title="bbox 1791 3836 3364 3910; baseline -0.003 -13"><span class='ocrx_word' id='word_1_542' title='bbox 1791 3841 1879 3897; x_wconf 85' lang='lat' dir='ltr'><strong>vel</strong></span> <span class='ocrx_word' id='word_1_543' title='bbox 1929 3840 2234 3910; x_wconf 87' lang='lat' dir='ltr'><strong>apostolus,</strong></span> <span class='ocrx_word' id='word_1_544' title='bbox 2276 3849 2331 3892; x_wconf 91' lang='lat' dir='ltr'><strong>at</strong></span> <span class='ocrx_word' id='word_1_545' title='bbox 2381 3853 2489 3893; x_wconf 91' lang='lat' dir='ltr'><strong>non</strong></span> <span class='ocrx_word' id='word_1_546' title='bbox 2540 3836 2794 3892; x_wconf 83' lang='lat' dir='ltr'><strong>Salvator</strong></span> <span class='ocrx_word' id='word_1_547' title='bbox 2846 3836 3056 3892; x_wconf 82' lang='lat' dir='ltr'><strong>mundi.</strong></span> <span class='ocrx_word' id='word_1_548' title='bbox 3109 3836 3364 3893; x_wconf 77' lang='lat' dir='ltr'><strong>Christus</strong></span> 
     </span>
    </p>
   </div>
   <div class='ocr_carea' id='block_1_70' title="bbox 1794 3926 3366 3997">
    <p class='ocr_par' dir='ltr' id='par_1_70' title="bbox 1794 3926 3366 3997">
     <span class='ocr_line' id='line_1_70' title="bbox 1794 3926 3366 3997; baseline -0.003 -10"><span class='ocrx_word' id='word_1_549' title='bbox 1794 3940 1976 3987; x_wconf 91' lang='lat' dir='ltr'><strong>autem</strong></span> <span class='ocrx_word' id='word_1_550' title='bbox 2011 3938 2096 3986; x_wconf 89' lang='lat' dir='ltr'><strong>est</strong></span> <span class='ocrx_word' id='word_1_551' title='bbox 2130 3927 2384 3983; x_wconf 86' lang='lat' dir='ltr'><strong>Salvator</strong></span> <span class='ocrx_word' id='word_1_552' title='bbox 2424 3926 2611 3981; x_wconf 89' lang='lat' dir='ltr'><strong>mundi</strong></span> <span class='ocrx_word' id='word_1_553' title='bbox 2645 3946 2659 3983; x_wconf 92' lang='lat'><strong>:</strong></span> <span class='ocrx_word' id='word_1_554' title='bbox 2698 3942 2807 3982; x_wconf 92' lang='lat' dir='ltr'><strong>non</strong></span> <span class='ocrx_word' id='word_1_555' title='bbox 2837 3926 3004 3997; x_wconf 83' lang='lat' dir='ltr'><strong>igitur</strong></span> <span class='ocrx_word' id='word_1_556' title='bbox 3027 3926 3137 3982; x_wconf 86' lang='lat' dir='ltr'><strong>Deo</strong></span> <span class='ocrx_word' id='word_1_557' title='bbox 3171 3937 3366 3997; x_wconf 90' lang='lat' dir='ltr'><strong>agente</strong></span> 
     </span>
    </p>
   </div>
   <div class='ocr_carea' id='block_1_71' title="bbox 1794 4016 3361 4086">
    <p class='ocr_par' dir='ltr' id='par_1_71' title="bbox 1794 4016 3361 4086">
     <span class='ocr_line' id='line_1_71' title="bbox 1794 4016 3361 4086; baseline -0.003 -7"><span class='ocrx_word' id='word_1_558' title='bbox 1794 4025 1850 4079; x_wconf 90' lang='lat' dir='ltr'><strong>in</strong></span> <span class='ocrx_word' id='word_1_559' title='bbox 1904 4024 2145 4086; x_wconf 89' lang='lat' dir='ltr'><strong>homine,</strong></span> <span class='ocrx_word' id='word_1_560' title='bbox 2198 4020 2376 4075; x_wconf 80' lang='lat' dir='ltr'><strong>factus</strong></span> <span class='ocrx_word' id='word_1_561' title='bbox 2430 4026 2515 4074; x_wconf 87' lang='lat' dir='ltr'><strong>est</strong></span> <span class='ocrx_word' id='word_1_562' title='bbox 2557 4018 2831 4075; x_wconf 87' lang='lat' dir='ltr'><strong>Christus.</strong></span> <span class='ocrx_word' id='word_1_563' title='bbox 2869 4016 3361 4075; x_wconf 75' lang='lat' dir='ltr'><strong>ORTBODOXUS.</strong></span> 
     </span>
    </p>
   </div>
   <div class='ocr_carea' id='block_1_72' title="bbox 1794 4108 3365 4184">
    <p class='ocr_par' dir='ltr' id='par_1_72' title="bbox 1794 4108 3365 4184">
     <span class='ocr_line' id='line_1_72' title="bbox 1794 4108 3365 4184; baseline -0.003 -15"><span class='ocrx_word' id='word_1_564' title='bbox 1794 4113 1913 4169; x_wconf 87' lang='lat' dir='ltr'><strong>Non</strong></span> <span class='ocrx_word' id='word_1_565' title='bbox 1949 4113 2288 4184; x_wconf 82' lang='lat' dir='ltr'><strong>simpliciter,</strong></span> <span class='ocrx_word' id='word_1_566' title='bbox 2321 4119 2380 4164; x_wconf 93' lang='lat' dir='ltr'><strong>ut</strong></span> <span class='ocrx_word' id='word_1_567' title='bbox 2414 4117 2472 4163; x_wconf 90' lang='lat' dir='ltr'><strong>tu</strong></span> <span class='ocrx_word' id='word_1_568' title='bbox 2515 4110 2822 4173; x_wconf 79' lang='lat' dir='ltr'><strong>existimas,</strong></span> <span class='ocrx_word' id='word_1_569' title='bbox 2865 4119 3061 4179; x_wconf 80' lang='lat' dir='ltr'><strong>agente</strong></span> <span class='ocrx_word' id='word_1_570' title='bbox 3103 4108 3232 4173; x_wconf 88' lang='lat' dir='ltr'><strong>Deo,</strong></span> <span class='ocrx_word' id='word_1_571' title='bbox 3268 4109 3365 4165; x_wconf 85' lang='lat' dir='ltr'><strong>sed</strong></span> 
     </span>
    </p>
   </div>
   <div class='ocr_carea' id='block_1_73' title="bbox 1796 4200 3368 4278">
    <p class='ocr_par' dir='ltr' id='par_1_73' title="bbox 1796 4200 3368 4278">
     <span class='ocr_line' id='line_1_73' title="bbox 1796 4200 3368 4278; baseline -0.003 -19"><span class='ocrx_word' id='word_1_572' title='bbox 1796 4205 2139 4278; x_wconf 84' lang='lat' dir='ltr'><strong>prophetiam</strong></span> <span class='ocrx_word' id='word_1_573' title='bbox 2187 4201 2475 4265; x_wconf 84' lang='lat' dir='ltr'><strong>elllciente,</strong></span> <span class='ocrx_word' id='word_1_574' title='bbox 2537 4200 2597 4255; x_wconf 83' lang='lat' dir='ltr'><strong>lit</strong></span> <span class='ocrx_word' id='word_1_575' title='bbox 2642 4200 2918 4271; x_wconf 81' lang='lat' dir='ltr'><strong>quispiam</strong></span> <span class='ocrx_word' id='word_1_576' title='bbox 2965 4202 3230 4269; x_wconf 88' lang='lat' dir='ltr'><strong>propheta</strong></span> <span class='ocrx_word' id='word_1_577' title='bbox 3280 4201 3368 4255; x_wconf 90' lang='lat' dir='ltr'><strong>vel</strong></span> 
     </span>
    </p>
   </div>
   <div class='ocr_carea' id='block_1_74' title="bbox 1797 4288 3366 4367">
    <p class='ocr_par' dir='ltr' id='par_1_74' title="bbox 1797 4288 3366 4367">
     <span class='ocr_line' id='line_1_74' title="bbox 1797 4288 3366 4367; baseline -0.006 -17"><span class='ocrx_word' id='word_1_578' title='bbox 1797 4295 2102 4367; x_wconf 86' lang='lat' dir='ltr'><strong>apostolus,</strong></span> <span class='ocrx_word' id='word_1_579' title='bbox 2157 4300 2211 4346; x_wconf 87' lang='lat' dir='ltr'><strong>at</strong></span> <span class='ocrx_word' id='word_1_580' title='bbox 2258 4308 2368 4347; x_wconf 89' lang='lat' dir='ltr'><strong>non</strong></span> <span class='ocrx_word' id='word_1_581' title='bbox 2415 4290 2671 4345; x_wconf 86' lang='lat' dir='ltr'><strong>Salvator</strong></span> <span class='ocrx_word' id='word_1_582' title='bbox 2717 4290 2928 4344; x_wconf 84' lang='lat' dir='ltr'><strong>mundi.</strong></span> <span class='ocrx_word' id='word_1_583' title='bbox 2980 4288 3126 4346; x_wconf 88' lang='lat' dir='ltr'><strong>Deus</strong></span> <span class='ocrx_word' id='word_1_584' title='bbox 3164 4300 3366 4353; x_wconf 86' lang='lat' dir='ltr'><strong>autem,</strong></span> 
     </span>
    </p>
   </div>
   <div class='ocr_carea' id='block_1_75' title="bbox 1798 4381 3369 4456">
    <p class='ocr_par' dir='ltr' id='par_1_75' title="bbox 1798 4381 3369 4456">
     <span class='ocr_line' id='line_1_75' title="bbox 1798 4381 3369 4456; baseline -0.004 -17"><span class='ocrx_word' id='word_1_585' title='bbox 1798 4395 2022 4456; x_wconf 88' lang='lat' dir='ltr'><strong>accepta</strong></span> <span class='ocrx_word' id='word_1_586' title='bbox 2049 4382 2213 4456; x_wconf 64' lang='grc'><strong>465</strong></span> <span class='ocrx_word' id='word_1_587' title='bbox 2247 4384 2388 4439; x_wconf 84' lang='lat' dir='ltr'><strong>servi</strong></span> <span class='ocrx_word' id='word_1_588' title='bbox 2426 4382 2622 4449; x_wconf 83' lang='lat' dir='ltr'><strong>forma,</strong></span> <span class='ocrx_word' id='word_1_589' title='bbox 2653 4381 2833 4436; x_wconf 80' lang='lat' dir='ltr'><strong>factus</strong></span> <span class='ocrx_word' id='word_1_590' title='bbox 2863 4388 2948 4436; x_wconf 88' lang='lat' dir='ltr'><strong>est</strong></span> <span class='ocrx_word' id='word_1_591' title='bbox 2982 4381 3122 4435; x_wconf 86' lang='lat' dir='ltr'><strong>idem</strong></span> <span class='ocrx_word' id='word_1_592' title='bbox 3158 4388 3212 4435; x_wconf 89' lang='lat' dir='ltr'><strong>et</strong></span> <span class='ocrx_word' id='word_1_593' title='bbox 3242 4395 3369 4450; x_wconf 85' lang='lat' dir='ltr'><strong>pro-</strong></span> 
     </span>
    </p>
   </div>
   <div class='ocr_carea' id='block_1_76' title="bbox 1798 4469 3371 4547">
    <p class='ocr_par' dir='ltr' id='par_1_76' title="bbox 1798 4469 3371 4547">
     <span class='ocr_line' id='line_1_76' title="bbox 1798 4469 3371 4547; baseline -0.005 -16"><span class='ocrx_word' id='word_1_594' title='bbox 1798 4478 1981 4547; x_wconf 90' lang='lat' dir='ltr'><strong>pheta,</strong></span> <span class='ocrx_word' id='word_1_595' title='bbox 2010 4484 2064 4530; x_wconf 90' lang='lat' dir='ltr'><strong>et</strong></span> <span class='ocrx_word' id='word_1_596' title='bbox 2091 4475 2402 4545; x_wconf 87' lang='lat' dir='ltr'><strong>apostolus,</strong></span> <span class='ocrx_word' id='word_1_597' title='bbox 2441 4480 2496 4527; x_wconf 90' lang='lat' dir='ltr'><strong>et</strong></span> <span class='ocrx_word' id='word_1_598' title='bbox 2522 4470 2788 4544; x_wconf 80' lang='lat' dir='ltr'><strong>pontifex,</strong></span> <span class='ocrx_word' id='word_1_599' title='bbox 2822 4478 2876 4525; x_wconf 87' lang='lat' dir='ltr'><strong>et</strong></span> <span class='ocrx_word' id='word_1_600' title='bbox 2906 4472 3174 4526; x_wconf 87' lang='lat' dir='ltr'><strong>mediator</strong></span> <span class='ocrx_word' id='word_1_601' title='bbox 3199 4469 3290 4526; x_wconf 87' lang='lat' dir='ltr'><strong>Dei</strong></span> <span class='ocrx_word' id='word_1_602' title='bbox 3316 4478 3371 4525; x_wconf 86' lang='lat' dir='ltr'><strong>et</strong></span> 
     </span>
    </p>
   </div>
   <div class='ocr_carea' id='block_1_77' title="bbox 1799 4562 3373 4633">
    <p class='ocr_par' dir='ltr' id='par_1_77' title="bbox 1799 4562 3373 4633">
     <span class='ocr_line' id='line_1_77' title="bbox 1799 4562 3373 4633; baseline -0.005 -9"><span class='ocrx_word' id='word_1_603' title='bbox 1799 4570 2104 4631; x_wconf 92' lang='lat' dir='ltr'><strong>hominum,</strong></span> <span class='ocrx_word' id='word_1_604' title='bbox 2135 4566 2388 4622; x_wconf 87' lang='lat' dir='ltr'><strong>Salvator</strong></span> <span class='ocrx_word' id='word_1_605' title='bbox 2408 4564 2616 4628; x_wconf 90' lang='lat' dir='ltr'><strong>mundi,</strong></span> <span class='ocrx_word' id='word_1_606' title='bbox 2648 4562 2792 4617; x_wconf 84' lang='lat' dir='ltr'><strong>Deus</strong></span> <span class='ocrx_word' id='word_1_607' title='bbox 2815 4577 3162 4632; x_wconf 80' lang='lat' dir='ltr'><strong>permanens.</strong></span> <span class='ocrx_word' id='word_1_608' title='bbox 3195 4577 3373 4633; x_wconf 80' lang='lat' dir='ltr'><strong>neque</strong></span> 
     </span>
    </p>
   </div>
   <div class='ocr_carea' id='block_1_78' title="bbox 1798 4653 3213 4732">
    <p class='ocr_par' dir='ltr' id='par_1_78' title="bbox 1798 4653 3213 4732">
     <span class='ocr_line' id='line_1_78' title="bbox 1798 4653 3213 4732; baseline -0.006 -15"><span class='ocrx_word' id='word_1_609' title='bbox 1798 4662 1856 4717; x_wconf 89' lang='lat' dir='ltr'><strong>in</strong></span> <span class='ocrx_word' id='word_1_610' title='bbox 1885 4660 2182 4732; x_wconf 84' lang='lat' dir='ltr'><strong>quidquam</strong></span> <span class='ocrx_word' id='word_1_611' title='bbox 2217 4658 2469 4720; x_wconf 85' lang='lat' dir='ltr'><strong>istorum,</strong></span> <span class='ocrx_word' id='word_1_612' title='bbox 2498 4670 2619 4725; x_wconf 66' lang='lat' dir='ltr'><strong>quae</strong></span> <span class='ocrx_word' id='word_1_613' title='bbox 2652 4653 2916 4719; x_wconf 78' lang='lat' dir='ltr'><strong>diximus,</strong></span> <span class='ocrx_word' id='word_1_614' title='bbox 2951 4661 3213 4709; x_wconf 86' lang='lat' dir='ltr'><strong>mutatus.</strong></span> 
     </span>
    </p>
   </div>
   <div class='ocr_carea' id='block_1_79' title="bbox 1866 4743 3373 4822">
    <p class='ocr_par' dir='ltr' id='par_1_79' title="bbox 1866 4743 3373 4822">
     <span class='ocr_line' id='line_1_79' title="bbox 1866 4743 3373 4822; baseline -0.007 -15"><span class='ocrx_word' id='word_1_615' title='bbox 1866 4752 1922 4807; x_wconf 66' lang='lat'><strong>2.</strong></span> <span class='ocrx_word' id='word_1_616' title='bbox 1958 4751 2136 4822; x_wconf 81' lang='lat' dir='ltr'><strong>Apoll.</strong></span> <span class='ocrx_word' id='word_1_617' title='bbox 2177 4749 2370 4804; x_wconf 86' lang='lat' dir='ltr'><strong>Omnis</strong></span> <span class='ocrx_word' id='word_1_618' title='bbox 2410 4749 2574 4802; x_wconf 86' lang='lat' dir='ltr'><strong>homo</strong></span> <span class='ocrx_word' id='word_1_619' title='bbox 2602 4755 2686 4801; x_wconf 88' lang='lat' dir='ltr'><strong>est</strong></span> <span class='ocrx_word' id='word_1_620' title='bbox 2718 4761 2845 4816; x_wconf 87' lang='lat' dir='ltr'><strong>pars</strong></span> <span class='ocrx_word' id='word_1_621' title='bbox 2876 4745 3087 4807; x_wconf 89' lang='lat' dir='ltr'><strong>mundi,</strong></span> <span class='ocrx_word' id='word_1_622' title='bbox 3135 4752 3189 4799; x_wconf 89' lang='lat' dir='ltr'><strong>et</strong></span> <span class='ocrx_word' id='word_1_623' title='bbox 3224 4743 3373 4797; x_wconf 82' lang='lat' dir='ltr'><strong>nulla</strong></span> 
     </span>
    </p>
   </div>
   <div class='ocr_carea' id='block_1_80' title="bbox 1800 4836 3377 4915">
    <p class='ocr_par' dir='ltr' id='par_1_80' title="bbox 1800 4836 3377 4915">
     <span class='ocr_line' id='line_1_80' title="bbox 1800 4836 3377 4915; baseline -0.008 -15"><span class='ocrx_word' id='word_1_624' title='bbox 1800 4845 1988 4899; x_wconf 91' lang='lat' dir='ltr'><strong>mundi</strong></span> <span class='ocrx_word' id='word_1_625' title='bbox 2020 4859 2149 4915; x_wconf 84' lang='lat' dir='ltr'><strong>pars</strong></span> <span class='ocrx_word' id='word_1_626' title='bbox 2192 4841 2335 4895; x_wconf 91' lang='lat' dir='ltr'><strong>tollit</strong></span> <span class='ocrx_word' id='word_1_627' title='bbox 2375 4847 2660 4911; x_wconf 78' lang='lat' dir='ltr'><strong>peccatum</strong></span> <span class='ocrx_word' id='word_1_628' title='bbox 2694 4837 2906 4902; x_wconf 87' lang='lat' dir='ltr'><strong>mmnli,</strong></span> <span class='ocrx_word' id='word_1_629' title='bbox 2936 4836 3023 4891; x_wconf 90' lang='lat' dir='ltr'><strong>cui</strong></span> <span class='ocrx_word' id='word_1_630' title='bbox 3059 4843 3281 4905; x_wconf 85' lang='lat' dir='ltr'><strong>peccato</strong></span> <span class='ocrx_word' id='word_1_631' title='bbox 3322 4845 3377 4889; x_wconf 84' lang='lat' dir='ltr'><strong>et</strong></span> 
     </span>
    </p>
   </div>
   <div class='ocr_carea' id='block_1_81' title="bbox 1804 4927 3377 5007">
    <p class='ocr_par' dir='ltr' id='par_1_81' title="bbox 1804 4927 3377 5007">
     <span class='ocr_line' id='line_1_81' title="bbox 1804 4927 3377 5007; baseline -0.007 -16"><span class='ocrx_word' id='word_1_632' title='bbox 1804 4938 1923 5007; x_wconf 87' lang='lat' dir='ltr'><strong>ipsa</strong></span> <span class='ocrx_word' id='word_1_633' title='bbox 1962 4937 2172 4993; x_wconf 87' lang='lat' dir='ltr'><strong>subest.</strong></span> <span class='ocrx_word' id='word_1_634' title='bbox 2219 4933 2289 4987; x_wconf 83' lang='lat' dir='ltr'><strong>At</strong></span> <span class='ocrx_word' id='word_1_635' title='bbox 2339 4933 2594 4987; x_wconf 77' lang='lat' dir='ltr'><strong>Christus</strong></span> <span class='ocrx_word' id='word_1_636' title='bbox 2663 4929 2805 4983; x_wconf 89' lang='lat' dir='ltr'><strong>tollit</strong></span> <span class='ocrx_word' id='word_1_637' title='bbox 2845 4948 2859 4984; x_wconf 76' lang='grc' dir='ltr'>ε</span> <span class='ocrx_word' id='word_1_638' title='bbox 2914 4945 3024 4982; x_wconf 88' lang='lat' dir='ltr'><strong>non</strong></span> <span class='ocrx_word' id='word_1_639' title='bbox 3072 4934 3158 4982; x_wconf 83' lang='lat' dir='ltr'><strong>est</strong></span> <span class='ocrx_word' id='word_1_640' title='bbox 3209 4927 3377 4997; x_wconf 81' lang='lat' dir='ltr'><strong>igitur</strong></span> 
     </span>
    </p>
   </div>
   <div class='ocr_carea' id='block_1_82' title="bbox 1794 5016 3375 5093">
    <p class='ocr_par' dir='ltr' id='par_1_82' title="bbox 1794 5016 3375 5093">
     <span class='ocr_line' id='line_1_82' title="bbox 1794 5016 3375 5093; baseline -0.011 -7"><span class='ocrx_word' id='word_1_641' title='bbox 1794 5031 1970 5093; x_wconf 83' lang='lat' dir='ltr'><strong>,homo</strong></span> <span class='ocrx_word' id='word_1_642' title='bbox 1999 5028 2272 5083; x_wconf 83' lang='lat' dir='ltr'><strong>Christus.</strong></span> <span class='ocrx_word' id='word_1_643' title='bbox 2314 5025 2467 5081; x_wconf 85' lang='lat' dir='ltr'><strong>Orth.</strong></span> <span class='ocrx_word' id='word_1_644' title='bbox 2503 5022 2795 5076; x_wconf 84' lang='lat' dir='ltr'><strong>Enimvero</strong></span> <span class='ocrx_word' id='word_1_645' title='bbox 2827 5020 2969 5091; x_wconf 91' lang='lat' dir='ltr'><strong>quod</strong></span> <span class='ocrx_word' id='word_1_646' title='bbox 3003 5019 3147 5073; x_wconf 86' lang='lat' dir='ltr'><strong>nulla</strong></span> <span class='ocrx_word' id='word_1_647' title='bbox 3187 5016 3375 5070; x_wconf 86' lang='lat' dir='ltr'><strong>mundi</strong></span> 
     </span>
    </p>
   </div>
   <div class='ocr_carea' id='block_1_83' title="bbox 1805 5106 3376 5193">
    <p class='ocr_par' dir='ltr' id='par_1_83' title="bbox 1805 5106 3376 5193">
     <span class='ocr_line' id='line_1_83' title="bbox 1805 5106 3376 5193; baseline -0.008 -20"><span class='ocrx_word' id='word_1_648' title='bbox 1805 5135 1933 5193; x_wconf 87' lang='lat' dir='ltr'><strong>pars</strong></span> <span class='ocrx_word' id='word_1_649' title='bbox 1963 5120 2116 5172; x_wconf 89' lang='lat' dir='ltr'><strong>tollat</strong></span> <span class='ocrx_word' id='word_1_650' title='bbox 2156 5116 2343 5170; x_wconf 88' lang='lat' dir='ltr'><strong>mundi</strong></span> <span class='ocrx_word' id='word_1_651' title='bbox 2391 5121 2698 5185; x_wconf 87' lang='lat' dir='ltr'><strong>peccatum,</strong></span> <span class='ocrx_word' id='word_1_652' title='bbox 2732 5111 2937 5165; x_wconf 84' lang='lat' dir='ltr'><strong>idcirco</strong></span> <span class='ocrx_word' id='word_1_653' title='bbox 2966 5107 3153 5162; x_wconf 90' lang='lat' dir='ltr'><strong>mundi</strong></span> <span class='ocrx_word' id='word_1_654' title='bbox 3197 5106 3376 5177; x_wconf 79' lang='lat' dir='ltr'><strong>opifex</strong></span> 
     </span>
    </p>
   </div>
   <div class='ocr_carea' id='block_1_84' title="bbox 1804 5203 3377 5278">
    <p class='ocr_par' dir='ltr' id='par_1_84' title="bbox 1804 5203 3377 5278">
     <span class='ocr_line' id='line_1_84' title="bbox 1804 5203 3377 5278; baseline -0.009 -12"><span class='ocrx_word' id='word_1_655' title='bbox 1804 5213 2035 5267; x_wconf 82' lang='lat' dir='ltr'><strong>formam</strong></span> <span class='ocrx_word' id='word_1_656' title='bbox 2085 5208 2297 5278; x_wconf 86' lang='lat' dir='ltr'><strong>accepit</strong></span> <span class='ocrx_word' id='word_1_657' title='bbox 2347 5208 2518 5275; x_wconf 89' lang='lat' dir='ltr'><strong>partis</strong></span> <span class='ocrx_word' id='word_1_658' title='bbox 2550 5203 2778 5267; x_wconf 88' lang='lat' dir='ltr'><strong>mundi,</strong></span> <span class='ocrx_word' id='word_1_659' title='bbox 2823 5211 2883 5255; x_wconf 88' lang='lat' dir='ltr'><strong>ut</strong></span> <span class='ocrx_word' id='word_1_660' title='bbox 2928 5209 3200 5269; x_wconf 84' lang='lat' dir='ltr'><strong>quatenus</strong></span> <span class='ocrx_word' id='word_1_661' title='bbox 3246 5213 3377 5268; x_wconf 83' lang='lat' dir='ltr'><strong>pars</strong></span> 
     </span>
    </p>
   </div>
   <div class='ocr_carea' id='block_1_85' title="bbox 185 5357 1673 5441">
    <p class='ocr_par' dir='ltr' id='par_1_85' title="bbox 185 5369 1673 5441">
     <span class='ocr_line' id='line_1_85' title="bbox 185 5369 1673 5441; baseline -0.007 -6"><span class='ocrx_word' id='word_1_662' title='bbox 185 5381 236 5415; x_wconf 82' lang='grc'>⁸³</span> <span class='ocrx_word' id='word_1_663' title='bbox 272 5377 436 5436; x_wconf 80' lang='lat' dir='ltr'><strong>Joan.</strong></span> <span class='ocrx_word' id='word_1_664' title='bbox 467 5393 598 5441; x_wconf 79' lang='lat' dir='ltr'><strong>vui,</strong></span> <span class='ocrx_word' id='word_1_665' title='bbox 632 5376 724 5431; x_wconf 69' lang='grc'><strong>40.</strong></span> <span class='ocrx_word' id='word_1_666' title='bbox 799 5375 846 5409; x_wconf 70' lang='grc'><strong>⁸⁸</strong></span> <span class='ocrx_word' id='word_1_667' title='bbox 887 5374 1052 5430; x_wconf 84' lang='lat' dir='ltr'><strong>Hebr.</strong></span> <span class='ocrx_word' id='word_1_668' title='bbox 1088 5388 1223 5437; x_wconf 79' lang='grc' dir='ltr'>ιιιι,</span> <span class='ocrx_word' id='word_1_669' title='bbox 1259 5372 1315 5428; x_wconf 91' lang='lat'><strong>8.</strong></span> <span class='ocrx_word' id='word_1_670' title='bbox 1391 5372 1438 5404; x_wconf 82' lang='grc'><strong>³⁸</strong></span> <span class='ocrx_word' id='word_1_671' title='bbox 1477 5369 1636 5426; x_wconf 83' lang='lat' dir='ltr'><strong>Joan.</strong></span> <span class='ocrx_word' id='word_1_672' title='bbox 1672 5388 1673 5391; x_wconf 43' lang='grc' dir='ltr'><strong>η</strong></span> 
     </span>
    </p>
   </div>
   <div class='ocr_carea' id='block_1_86' title="bbox 1810 5357 3027 5441">
    <p class='ocr_par' dir='ltr' id='par_1_86' title="bbox 1810 5357 3027 5425">
     <span class='ocr_line' id='line_1_86' title="bbox 1810 5357 3027 5425; baseline -0.008 -5"><span class='ocrx_word' id='word_1_673' title='bbox 1810 5367 1901 5422; x_wconf 75' lang='lat'><strong>28.</strong></span> <span class='ocrx_word' id='word_1_674' title='bbox 1977 5366 2023 5397; x_wconf 81' lang='grc'><strong>⁸⁵</strong></span> <span class='ocrx_word' id='word_1_675' title='bbox 2062 5362 2218 5417; x_wconf 81' lang='lat' dir='ltr'><strong>Rom.</strong></span> <span class='ocrx_word' id='word_1_676' title='bbox 2258 5376 2345 5425; x_wconf 77' lang='grc' dir='ltr'>ιι,</span> <span class='ocrx_word' id='word_1_677' title='bbox 2374 5358 2433 5417; x_wconf 76' lang='lat'><strong>5.</strong></span> <span class='ocrx_word' id='word_1_678' title='bbox 2509 5359 2555 5391; x_wconf 80' lang='lat'>&quot;</span> <span class='ocrx_word' id='word_1_679' title='bbox 2596 5358 2615 5411; x_wconf 90' lang='lat' dir='ltr'><strong>l</strong></span> <span class='ocrx_word' id='word_1_680' title='bbox 2652 5357 2781 5413; x_wconf 88' lang='lat' dir='ltr'><strong>Cor.</strong></span> <span class='ocrx_word' id='word_1_681' title='bbox 2818 5373 2902 5413; x_wconf 73' lang='lat' dir='ltr'><strong>vn.</strong></span> <span class='ocrx_word' id='word_1_682' title='bbox 2938 5357 3027 5411; x_wconf 85' lang='lat' dir='ltr'><strong>l7.</strong></span> 
     </span>
    </p>
   </div>
   <div class='ocr_carea' id='block_1_87' title="bbox 185 5526 1365 5603">
    <p class='ocr_par' dir='ltr' id='par_1_87' title="bbox 185 5526 1365 5603">
     <span class='ocr_line' id='line_1_87' title="bbox 185 5526 1365 5603; baseline -0.012 -11"><span class='ocrx_word' id='word_1_683' title='bbox 185 5534 306 5599; x_wconf 69' lang='lat'><strong>(82)</strong></span> <span class='ocrx_word' id='word_1_684' title='bbox 333 5532 507 5587; x_wconf 84' lang='lat' dir='ltr'><strong>Palat.</strong></span> <span class='ocrx_word' id='word_1_685' title='bbox 548 5532 749 5603; x_wconf 81' lang='grc' dir='ltr'>ὁμοίως</span> <span class='ocrx_word' id='word_1_686' title='bbox 776 5526 1365 5603; x_wconf 49' lang='lat' dir='ltr'><strong>xa16_na_t6).9;)_.éyst_.</strong></span> 
     </span>
    </p>
   </div>
   <div class='ocr_carea' id='block_1_88' title="bbox 187 5593 1698 5676">
    <p class='ocr_par' dir='ltr' id='par_1_88' title="bbox 187 5593 1698 5676">
     <span class='ocr_line' id='line_1_88' title="bbox 187 5593 1698 5676; baseline -0.011 -14"><span class='ocrx_word' id='word_1_687' title='bbox 187 5593 309 5676; x_wconf 69' lang='grc'><strong>(85)</strong></span> <span class='ocrx_word' id='word_1_688' title='bbox 340 5603 509 5658; x_wconf 87' lang='lat' dir='ltr'><strong>Titul.</strong></span> <span class='ocrx_word' id='word_1_689' title='bbox 535 5593 605 5676; x_wconf 27' lang='lat' dir='ltr'><strong>ini</strong></span> <span class='ocrx_word' id='word_1_690' title='bbox 631 5593 763 5676; x_wconf 62' lang='lat' dir='ltr'><strong>«uss.</strong></span> <span class='ocrx_word' id='word_1_691' title='bbox 794 5618 808 5653; x_wconf 88' lang='lat'><strong>:</strong></span> <span class='ocrx_word' id='word_1_692' title='bbox 837 5599 944 5676; x_wconf 76' lang='grc' dir='ltr'><strong>Ἰίοῦ</strong></span> <span class='ocrx_word' id='word_1_693' title='bbox 970 5596 1137 5676; x_wconf 76' lang='grc' dir='ltr'>αὐτοῦ</span> <span class='ocrx_word' id='word_1_694' title='bbox 1157 5593 1698 5676; x_wconf 43' lang='grc' dir='ltr'>.Ἀπολλιναρ⁵ιαστοῦ</span> 
     </span>
    </p>
   </div>
   <div class='ocr_carea' id='block_1_89' title="bbox 100 5665 1601 5748">
    <p class='ocr_par' dir='ltr' id='par_1_89' title="bbox 100 5665 1601 5748">
     <span class='ocr_line' id='line_1_89' title="bbox 100 5665 1601 5748; baseline -0.012 -11"><span class='ocrx_word' id='word_1_695' title='bbox 100 5665 490 5748; x_wconf 39' lang='grc' dir='ltr'>κεῲαλίαίωσις</span> <span class='ocrx_word' id='word_1_696' title='bbox 524 5674 620 5728; x_wconf 70' lang='grc' dir='ltr'>καὶ</span> <span class='ocrx_word' id='word_1_697' title='bbox 646 5671 945 5743; x_wconf 79' lang='grc' dir='ltr'>Γρηγορίου</span> <span class='ocrx_word' id='word_1_698' title='bbox 974 5668 1278 5722; x_wconf 69' lang='grc' dir='ltr'>ἐπισκόπου</span> <span class='ocrx_word' id='word_1_699' title='bbox 1301 5665 1601 5738; x_wconf 75' lang='grc' dir='ltr'>όρθοδόξου.</span> 
     </span>
    </p>
   </div>
   <div class='ocr_carea' id='block_1_90' title="bbox 1878 5486 3375 5593">
    <p class='ocr_par' dir='ltr' id='par_1_90' title="bbox 1878 5486 3375 5593">
     <span class='ocr_line' id='line_1_90' title="bbox 1878 5486 3375 5593; baseline -0.017 -8"><span class='ocrx_word' id='word_1_700' title='bbox 1878 5519 1993 5593; x_wconf 74' lang='grc'><strong>(84)</strong></span> <span class='ocrx_word' id='word_1_701' title='bbox 2020 5486 2211 5593; x_wconf 27' lang='lat' dir='ltr'><strong>Palati.</strong></span> <span class='ocrx_word' id='word_1_702' title='bbox 2240 5516 2524 5588; x_wconf 77' lang='grc' dir='ltr'>προφήτης</span> <span class='ocrx_word' id='word_1_703' title='bbox 2541 5511 2573 5582; x_wconf 83' lang='grc' dir='ltr'>ἢ</span> <span class='ocrx_word' id='word_1_704' title='bbox 2602 5512 2911 5576; x_wconf 79' lang='grc' dir='ltr'>ἀπόστολος.</span> <span class='ocrx_word' id='word_1_705' title='bbox 2935 5509 3135 5574; x_wconf 74' lang='lat' dir='ltr'><strong>Fclck.,</strong></span> <span class='ocrx_word' id='word_1_706' title='bbox 3165 5509 3375 5581; x_wconf 57' lang='grc' dir='ltr'>προςή-</span> 
     </span>
    </p>
   </div>
   <div class='ocr_carea' id='block_1_91' title="bbox 1805 5587 2623 5661">
    <p class='ocr_par' dir='ltr' id='par_1_91' title="bbox 1805 5587 2623 5661">
     <span class='ocr_line' id='line_1_91' title="bbox 1805 5587 2623 5661; baseline -0.005 -20"><span class='ocrx_word' id='word_1_707' title='bbox 1805 5587 1902 5661; x_wconf 73' lang='grc' dir='ltr'><strong>της</strong></span> <span class='ocrx_word' id='word_1_708' title='bbox 1935 5587 2248 5661; x_wconf 74' lang='grc' dir='ltr'>ἀπόστολος.</span> <span class='ocrx_word' id='word_1_709' title='bbox 2362 5655 2384 5661; x_wconf 73' lang='lat'>_</span> <span class='ocrx_word' id='word_1_710' title='bbox 2588 5595 2623 5649; x_wconf 26' lang='grc'>,³</span> 
     </span>
    </p>
   </div>
   <div class='ocr_carea' id='block_1_92' title="bbox 1876 5655 2537 5731">
    <p class='ocr_par' dir='ltr' id='par_1_92' title="bbox 1876 5655 2537 5731">
     <span class='ocr_line' id='line_1_92' title="bbox 1876 5655 2537 5731; baseline -0.008 -17"><span class='ocrx_word' id='word_1_711' title='bbox 1876 5660 1987 5731; x_wconf 71' lang='grc'><strong>(85)</strong></span> <span class='ocrx_word' id='word_1_712' title='bbox 2025 5657 2319 5723; x_wconf 74' lang='lat' dir='ltr'><strong>Manuscr.,</strong></span> <span class='ocrx_word' id='word_1_713' title='bbox 2359 5655 2537 5725; x_wconf 70' lang='grc' dir='ltr'>ἧτουν.</span> 
     </span>
    </p>
   </div>
  </div>
