3850 6226
518 287 654 341 {9.67

1610 285 1668 341 S.
1711 283 2171 341 ATHANASIL'S.
2211 318 2260 326 —
2321 284 2588 341 SPUﬂlA.

3624 281 3745 334 1268

512 428 627 468 «μοι
669 413 874 474 mundi,
906 412 1123 466 occisus
1165 418 1422 481 tanquam
1455 426 1584 482 pars
1625 410 1835 475 mundi,
1870 411 2081 465 tolleret

2191 426 2341 478 ςμου,
2374 409 2459 460 ἵνα
2499 405 2576 476 τῷ
2626 404 2781 475 μέρει
2819 402 2912 455 τοῦ
2955 402 3181 470 κόσμου,
3229 400 3457 468 σφαγεὶς
3484 399 3563 462 ὼς
3599 402 3749 471 μένας

512 525 544 561 n
583 506 699 561 nnli
734 515 1036 576 peccatum,
1067 511 1125 559 ut
1154 504 1336 574 Opilex
1372 504 1581 558 mundi.

577 678 631 735 ’5.
680 678 850 748 Apoll.
881 678 1070 736 Omnis
1112 681 1273 733 homo
1307 680 1495 734 subi-st
1541 680 1699 732 morti
1731 700 1741 733 :
1780 689 1833 733 et
1866 680 2073 744 nullus,

510 774 600 839 qui
637 773 795 826 morti
836 772 1032 835 suhsit,
1062 773 1239 827 abolet
1270 781 1520 825 mortem.
1563 773 1631 823 At
1676 771 1928 826 Christus
1978 772 2073 825 ab-

509 864 616 916 olet
649 882 661 917 :
694 879 800 917 non
830 873 912 918 est
943 864 1106 933 igitur
1129 865 1289 917 homo
1318 865 1589 919 Christus.
1624 862 1773 917 Orl/l.
1804 862 2072 930 Quoniam

511 956 692 1011 nullus
751 956 1060 1017 hominum,
1111 965 1169 1009 ut
1223 957 1312 1025 qui
1367 956 1522 1008 morti
1584 955 1793 1017 subsit,
1845 962 2073 1008 nionem

509 1048 719 1114 abolet;
770 1047 974 1101 idcirco
1034 1048 1358 1100 immortalis
1432 1046 1600 1101 Filius
1671 1047 1787 1110 Dei,
1834 1045 2071 1099 Verbum

510 1140 673 1192 simul
711 1147 764 1193 et
796 1139 958 1201 Dens,
986 1139 1088 1193 sihi
1119 1139 1219 1209 ipsi
1262 1139 1434 1191 nnivit
1464 1138 1517 1192 id
1559 1139 1703 1207 quod
1735 1137 1893 1190 morti
1945 1136 2076 1191 sub-

508 1239 612 1287 est.
636 1250 654 1279 ι
676 1238 734 1283 nt
759 1232 811 1283 in
837 1238 1007 1284 morte
1024 1230 1260 1284 aboleret
1282 1246 1426 1291 eum,
1454 1230 1545 1299 qui
1569 1229 1759 1282 mortis
1789 1228 2071 1295 imperium

512 1321 673 1375 habet
693 1322 791 1375 ³⁸.»
820 1319 972 1375 Sicut
997 1321 1140 1375 enim
1180 1321 1469 1374 invisibilis
1493 1335 1616 1372 eum
1644 1320 1736 1382 sit,
1762 1319 1935 1373 videri
1961 1335 2069 1372 non

510 1421 701 1481 potu.t,
737 1413 842 1467 nisi
871 1429 935 1467 eo
976 1422 1277 1482 assumpto,
1325 1412 1473 1482 quod
1511 1411 1681 1465 videri
1736 1421 1919 1481 posset
1950 1431 1963 1465 :
2001 1413 2074 1465 ita

510 1520 632 1559 cum
664 1506 735 1558 sit
777 1505 1121 1569 immortalis,
1173 1519 1281 1558 non
1318 1504 1491 1573 potuit
1539 1504 1698 1568 mori,
1742 1504 1847 1557 nisi
1882 1519 1947 1557 eo
1981 1518 2075 1556 as-

508 1604 744 1666 smnpto,
774 1596 915 1665 quod
947 1604 1090 1651 esset
1120 1596 1365 1649 mortale.

578 1688 630 1741 4.
673 1688 845 1756 Apoll.
876 1687 1069 1742 Omnis
1099 1688 1262 1742 homo
1303 1695 1386 1741 est
1418 1696 1689 1742 terrenus.
1721 1685 1790 1739 At
1820 1685 2075 1740 Christus

2182 501 2409 570 κόσμου,
2444 498 2555 571 ἄρῃ
2582 498 2679 567 τὴν
2715 494 2986 566 ἁμαρτίαν
3013 494 3105 546 τοῦ
3136 493 3360 563 κόσμου,
3394 491 3471 554 ὡς
3495 492 3749 562 δημιουρ-

2177 593 2271 661 γὸς
2291 592 2382 644 τοῦ
2406 592 2631 660 κόσμου.

2251 685 2304 738 5.
2345 685 2589 736 Ἀπολλ.
2620 683 2735 745 Πᾶς
2779 679 3062 751 ἄνθρωπος
3100 679 3203 731 ὑπὸ
3245 677 3508 731 θάνατον·
3542 675 3645 728 καὶ
3676 675 3753 725 ο)-

2179 776 2309 840 651;,
2346 775 2449 828 ὑπὸ
2477 774 2703 828 θάνατον
2734 774 2830 834 ὢν,
2863 776 3130 844 καταργεῖ
3160 772 3407 825 θάνατον.
3444 769 3686 840 Χριστὸς
3707 769 3751 819 6':

2180 870 2475 939 καταργεῖ·
2509 867 2609 919 οὐκ
2656 868 2763 938 ἄρα
2796 864 3077 936 ἄνθρωπος
3109 867 3138 918 6
3171 864 3423 935 Χριστός.
3471 864 3635 929 Ὀρθ.
3670 861 3753 911 Διὰ

2178 957 2287 1028 γὰρ
2324 957 2498 1019 τοῦτο,
2535 957 2719 1027 ἐπειδὴ
2750 957 2923 1018 οὐδεὶς
2959 954 3258 1026 ἀνθρώπων
3300 955 3578 1025 καταργεῖ
3607 953 3755 1005 θάνα-

2178 1067 2289 1112 τον,
2327 1049 2430 1101 ὑπὸ
2455 1049 2680 1102 θάνατον
2708 1046 2803 1110 ὢν,
2838 1050 2866 1101 6
2890 1046 3151 1110 ἀθάνατος
3180 1047 3275 1099 τοῦ
3305 1046 3439 1099 Θεοῦ
3473 1045 3634 1108 Υἱὸς,
3664 1044 3753 1097 Λό-

2178 1158 2271 1210 γος
2298 1140 2372 1193 ὢν
2393 1142 2483 1194 καὶ
2507 1140 2658 1202 Θεὸς,
2686 1140 2891 1209 ἥνωσεν
2920 1138 3097 1209 ἐαυτῷ
3125 1138 3186 1190 τὸ
3214 1138 3319 1190 ὑπὸ
3345 1137 3606 1200 θάνατον,
3639 1155 3658 1186 ε
3683 1137 3753 1187 ἵνα

2179 1235 2235 1285 ἐν
2259 1232 2334 1303 τῷ
2360 1232 2573 1301 θανάτῳ
2593 1232 2682 1284 τὸν
2711 1231 2774 1284 τὸ
2803 1232 3001 1302 κράτος
3022 1230 3213 1301 ἔχοντα
3239 1229 3337 1282 τοῦ
3366 1229 3611 1282 θανάτου
3640 1245 3754 1278 κατ-

2179 1329 2416 1397 αργήσῃ.
2449 1344 2467 1375 ι
2507 1325 2595 1387 Ὠς
2627 1323 2735 1395 γὰρ
2776 1324 2875 1376 οὐκ
2916 1322 3146 1393 ⁴ἠδύνατο
3187 1323 3417 1392 ἀόρατος
3447 1320 3529 1373 ὣν
3560 1320 3752 1390 ὁραθῆ-

2178 1434 2287 1477 ναι,
2327 1415 2400 1487 μὴ
2442 1416 2620 1470 λαϐὼν
2648 1417 2707 1468 τὸ
2745 1415 2938 1487 ὁρατόν
2960 1431 2975 1444 ·
3005 1415 3176 1476 οὕτως
3208 1414 3329 1466 οὐδὲ
3366 1413 3609 1481 ἠδύνατο
3644 1410 3754 1465 ἀθά-

2179 1523 2337 1570 νατος
2362 1505 2435 1559 ὢν
2463 1505 2773 1571 ἀποθανεῖν,
2812 1506 2886 1577 μὴ
2919 1503 3096 1559 λαϐὼν
3125 1505 3185 1557 τὸ
3211 1504 3418 1574 θνητόν.

2248 1680 2303 1736 4.
2352 1683 2597 1736 Ἀπολλ.
2628 1683 2744 1746 Πᾶς
2789 1680 3072 1754 ἄνθρωπος
3103 1682 3301 1752 χοῖκός.
3334 1681 3583 1752 Χριστὸς
3608 1680 3665 1733 δὲ
3698 1683 3752 1733 οὐ

510 1797 616 1835 non
642 1788 724 1835 cst
753 1789 1019 1845 terrenus,
1047 1781 1140 1836 sed
1173 1781 1432 1834 cmlestis.
1460 1779 1575 1833 Non
1607 1787 1691 1834 est
1717 1778 1882 1849 igitur
1914 1779 2074 1831 homo

2191 1771 2375 1842 ςοῖκὸς,
2406 1771 2521 1823 ἀλλ’
2556 1772 2905 1843 ἐπουράνιος·
2950 1774 3049 1825 οὐκ
3088 1770 3195 1840 ἄρα
3222 1769 3515 1841 ἄνθρωπος
3559 1773 3589 1822 6
3634 1772 3754 1840 Χρι-

507 1868 760 1924 Christus
788 1889 806 1923 ξ
844 1869 949 1923 nisi
1000 1870 1158 1923 homo
1191 1869 1261 1922 sit
1292 1868 1393 1922 hoc
1430 1869 1605 1936 ipsum
1652 1866 1891 1921 nominis
1926 1881 2078 1918 com-

512 1961 768 2014 munione
807 1968 1038 2013 tantum.
1088 1960 1239 2015 Ortlt.
1287 1959 1538 2014 Erratis;
1575 1974 1676 2012 nec
1718 1958 1862 2011 enim
1898 1957 2078 2011 omnis

510 2051 673 2103 homo
700 2059 783 2102 est
825 2058 1095 2115 terrenus,
1125 2066 1249 2104 cum
1282 2052 1474 2104 doceat
1508 2065 1608 2103 nos
1643 2048 1948 2117 Scriptura,
1982 2047 2081 2100 ho-

512 2142 686 2196 mines
723 2143 882 2196 etiam
919 2142 1152 2211 aliquos,
1181 2142 1280 2195 etsi
1319 2156 1423 2194 non
1463 2149 1676 2200 natura,
1703 2146 1757 2191 at
1784 2147 1930 2192 certe
1962 2154 2080 2191 mo-

514 2233 665 2287 ribus
702 2234 950 2287 caelestes
982 2248 1105 2288 esse
1130 2272 1145 2296 ,
1193 2232 1443 2302 inquiens
1484 2251 1496 2285 :
1538 2249 1555 2281 ι
1588 2230 1777 2297 Qualis
1824 2231 1915 2283 ille
1965 2244 2079 2282 cce-

512 2325 694 2387 lestis,
744 2326 881 2381 tales
928 2335 983 2380 et
1020 2326 1271 2381 caelestes
1296 2326 1363 2379 ⁸³.
1394 2344 1412 2376 ι
1461 2323 1572 2379 Nos
1618 2338 1748 2378 vero
1798 2322 2077 2376 Christum

510 2416 739 2471 univoce
772 2416 1042 2471 hominem
1086 2417 1320 2470 dicimus
1367 2416 1621 2469 humanae
1648 2421 1859 2467 natura?
1894 2427 2081 2482 respe-

510 2518 622 2562 ctu.
669 2507 795 2561 ltem
840 2505 1296 2576 quemadmodum
1352 2521 1475 2557 tum
1528 2503 1735 2557 homini
1783 2500 2079 2556 tribuimus

511 2598 765 2653 animalis
810 2613 1038 2658 nomen,
1072 2598 1259 2652 eadem
1295 2597 1499 2650 utimur
1534 2612 1685 2657 voce,
1734 2605 1897 2665 atque
1930 2593 1975 2648 si
2012 2593 2081 2647 dc

506 2705 651 2759 equo
697 2695 777 2743 vel
821 2688 1075 2757 quopiam
1123 2688 1230 2740 alio
1264 2687 1484 2739 animali
1528 2700 1711 2739 sermo
1758 2691 1933 2747 esset,
1979 2697 2080 2735 nec

512 2789 690 2835 tamen
742 2781 989 2849 protinus
1032 2778 1265 2848 quodvis
1311 2778 1511 2831 animal
1557 2784 1640 2830 est
1683 2775 1846 2830 etiam
1906 2774 2081 2828 ratio-

510 2875 672 2930 nale:
707 2874 779 2927 ita
811 2873 973 2927 etiam
1006 2871 1289 2925 Christum
1328 2870 1557 2923 univoce
1600 2870 1939 2940 appellamus
1983 2866 2082 2919 ho-

511 2964 731 3026 minem,
763 2977 871 3016 nou
903 2971 1082 3015 tamen
1114 2960 1365 3030 protinus
1403 2959 1582 3029 quivis
1619 2960 1780 3011 homo
1810 2964 1894 3011 est
1920 2955 2081 3010 Chri-

2178 1863 2338 1926 στὸς·
2386 1864 2433 1916 εἰ
2494 1863 2571 1934 μὴ
2614 1864 2920 1934 ὁμωνύμως
2964 1864 3025 1916 τὸ
3066 1864 3196 1917 αὐτὸ
3241 1863 3403 1916 τοῦτο
3446 1865 3750 1935 ἄνθρωπος.

2188 1954 2340 2019 Ὀρθ.
2367 1953 2676 2006 Πλανᾶσθε·
2707 1955 2765 2006 οὐ
2795 1954 2901 2026 γάρ
2928 1956 3033 2017 πᾶς
3061 1954 3343 2026 ἄνθρωπος
3383 1954 3592 2023 χοϊκός.
3631 1954 3755 2006 Ἐδίο

2175 2044 2295 2111 δαξε
2321 2045 2428 2118 γὰρ
2456 2048 2603 2116 ἡμᾶς
2632 2049 2663 2117 ἡ
2689 2048 2877 2119 Γραφὴ
2909 2050 3002 2100 καὶ
3036 2047 3388 2119 ἐπουρανίους
3414 2047 3753 2117 ἀνθρώπους,

2177 2139 2225 2189 εἰ
2254 2139 2346 2191 καὶ
2378 2140 2451 2210 μὴ
2476 2142 2540 2209 τῇ
2570 2140 2750 2209 φύσει,
2786 2140 2925 2194 ἀλλὰ
2947 2140 3025 2212 τῷ
3048 2141 3252 2211 τρόπῳ,
3295 2140 3569 2209 λέγουσα·
3611 2136 3754 2202 (Dia;

2178 2231 2206 2282 6
2237 2230 2579 2302 ἐπουράνιος,
2614 2232 2844 2285 τοιοῦτοι
2878 2234 2973 2286 καὶ
2997 2235 3047 2286 οἱ
3084 2234 3419 2304 ἐπουράνιοι.
3455 2253 3476 2285 ι
3518 2235 3755 2287 Συνωνύ-

2183 2338 2298 2391 μως
2340 2321 2396 2374 δὲ
2437 2324 2597 2392 ἡμεῖς
2623 2323 2715 2376 τὸν
2748 2325 2982 2396 Χριστὸν
3020 2325 3308 2397 ἄνθρωπον
3349 2325 3593 2396 λέγομεν
3628 2328 3755 2380 κατὰ

2177 2412 2275 2484 τὴν
2318 2413 2729 2486 άνθρωπότητα.
2769 2417 2878 2469 Καὶ
2918 2416 3106 2489 ὥσπερ
3149 2415 3287 2481 ζῶον
3334 2417 3427 2470 τὸν
3475 2419 3755 2490 ἄνθρωπον
3820 2424 3821 2433 ³

2178 2503 2448 2572 λέγοντες,
2486 2506 2812 2577 συνωνύμως
2835 2508 2913 2578 τῷ
2944 2508 3091 2578 ἵππῳ
3118 2509 3149 2579 ἢ
3186 2510 3279 2562 καὶ
3310 2508 3485 2580 ἑτέρῳ
3525 2510 3638 2562 τινὶ
3662 2509 3755 2562 τῶν

2181 2593 2334 2659 ζώων
2364 2596 2612 2666 λέγομεν,
2650 2600 2710 2651 οὐ
2748 2599 2964 2662 πάντως
2986 2600 3042 2653 δὲ
3071 2601 3165 2653 καὶ
3199 2599 3418 2667 λογικὸν
3445 2602 3560 2652 πᾶν
3593 2600 3753 2664 ζῶον·

2181 2686 2354 2751 οὕτως
2384 2690 2476 2741 καὶ
2509 2689 2601 2743 ἐὰν
2645 2690 2889 2761 εἴπωμεν
2915 2691 3242 2761 συνωνύμως
3274 2692 3364 2745 τὸν
3400 2694 3646 2763 Χριστὸν
3678 2693 3758 2745 άν-

2182 2777 2417 2848 θρωπον,
2469 2780 2527 2831 οὐ
2577 2780 2793 2843 πάντως
2851 2783 2959 2844 πᾶς
3007 2782 3290 2852 ἄνθρωπος
3344 2782 3608 2853 Χριστός.
3659 2786 3755 2836 Καὶ

2183 2870 2371 2942 ὥσπερ
2414 2871 2473 2925 τὸ
2513 2872 2931 2943 συνταττόμενον
2975 2873 3083 2945 (86)
3116 2875 3331 2943 λογικὸν
3372 2876 3450 2946 τῷ
3498 2875 3627 2947 ζώω
3670 2880 3755 2931 5v-

2184 2960 2399 3032 θρωπός
2428 2966 2596 3027 ἐστιν,
2621 2965 2720 3017 οὐκ
2746 2965 3045 3036 ἀναιρεῖται
3071 2965 3207 3029 ζῶον
3233 2963 3368 3020 εἶναι
3389 2983 3403 2995 ·
3434 2968 3618 3032 οὕτως
3648 2986 3757 3022 συν-

511 3064 648 3109 stus.
676 3053 806 3108 item
849 3052 992 3107 sicut
1030 3050 1294 3104 rationale
1317 3065 1439 3103 etun
1475 3049 1696 3102 animali
1727 3048 2077 3117 conjunetum

2191 3054 2508 3124 ταττόμενος
2544 3055 2695 3119 Θεὸς,
2726 3058 2819 3110 καὶ
2849 3058 3345 3127 συμπιστευόμενος
3378 3056 3591 3129 λογικῷ
3623 3058 3753 3128 ζὼς,

512 3146 672 3199 homo
712 3159 809 3198 exs
833 3142 957 3206 stit,
1003 3157 1103 3195 nec
1158 3139 1391 3203 tollitur,
1428 3139 1570 3208 quod
1606 3139 1678 3193 sit
1728 3139 1973 3194 animal:
2007 3138 2089 3192 ita.

511 3238 654 3294 Deus
704 3236 1031 3303 conjuuctus
1074 3242 1127 3287 et
1161 3247 1267 3285 una
1300 3231 1537 3285 creditus
1571 3247 1694 3284 eum
1731 3230 1947 3283 animali
1992 3244 2083 3284 ra-

512 3329 702 3383 tionali
734 3326 1046 3396 agnoscitur
1071 3333 1124 3377 et
1158 3323 1403 3377 creditur
1431 3337 1553 3376 esse
1592 3322 1867 3382 Christus,
1908 3335 2083 3390 neque

2186 3144 2419 3214 Χριστὸς
2452 3146 2787 3215 ὁμολογεῖται
2829 3149 2921 3200 καὶ
2956 3147 3296 3201 πιστεύεται·
3326 3148 3421 3202 καὶ
3461 3150 3570 3201 οὐκ
3615 3150 3755 3202 ivnc-

2189 3236 2369 3309 ρεῖται
2393 3236 2677 3307 ἄνθρωπος
2707 3233 2865 3303 εἶναι,
2904 3238 3017 3291 ἀλλ’
3047 3238 3193 3293 ἐστιν
3235 3241 3263 3291 6
3305 3238 3470 3303 αυτὸς
3511 3239 3649 3303 Θεὸς
3676 3256 3757 3293 καὶ

2189 3324 2282 3378 ἄνθ
2292 3343 2489 3396 ρωπος.

512 3420 742 3481 tollitur,
788 3416 932 3484 quod
992 3416 1064 3470 sit
1118 3415 1308 3469 homo.
1355 3414 1448 3467 sed
1504 3412 1645 3466 idem
1698 3421 1783 3467 est
1832 3412 1975 3467 Deus
2019 3424 2071 3467 et
2101 3413 2282 3470 homo.

585 3511 636 3565 5.
675 3512 849 3577 Apoll.
880 3508 979 3574 Qui
1013 3507 1106 3559 dat
1147 3512 1477 3575 potestatem
1519 3514 1579 3559 ut
1606 3505 1731 3574 quis
1775 3505 1867 3558 liat
1910 3505 2082 3561 Filius

514 3604 629 3667 Dei,
649 3615 984 3672 nequaquam
1010 3606 1064 3653 et
1089 3599 1203 3667 ipse
1229 3597 1406 3651 factus
1428 3605 1510 3652 est
1533 3595 1722 3651 Filius.
1740 3597 1807 3650 At
1828 3597 2083 3652 Christus

513 3698 623 3751 dat.
660 3693 777 3748 Non
808 3701 893 3748 est
920 3692 1081 3761 igitur
1115 3690 1292 3743 iactus
1330 3687 1520 3751 Filius,
1551 3688 1651 3743 sed
1683 3696 1877 3742 natura
1906 3687 2079 3743 Filius

513 3796 618 3844 est.
652 3786 805 3845 Orth.
847 3783 968 3837 Non
1010 3789 1095 3837 est
1145 3798 1278 3836 sane
1328 3780 1526 3841 lactus,
1574 3781 1669 3833 sed
1721 3789 1917 3835 natura
1967 3791 2086 3834 erat

514 3878 686 3934 Filius
722 3876 835 3933 Dei.
883 3874 1082 3929 Factus
1114 3882 1198 3927 est
1248 3882 1428 3928 autem
1478 3871 1648 3928 Filius
1686 3872 1945 3927 hominis.
1974 3871 2085 3927 Nec

513 3973 656 4027 enim
690 3969 740 4025 id
775 3978 910 4031 erat,
938 3974 991 4022 et
1038 3965 1213 4022 laetus
1245 3974 1327 4020 est
1371 3962 1516 4033 quod
1549 3979 1656 4018 non
1701 3972 1852 4022 erat.
1896 3972 1953 4018 ut
1991 3980 2086 4033 per

513 4078 638 4117 eum
675 4062 726 4115 id
762 4059 1097 4115 etﬁceremur
1126 4056 1392 4120 moribus,
1416 4055 1561 4125 quod
1593 4056 1707 4124 ipse
1735 4064 1819 4110 est
1848 4066 2040 4113 natura
2071 4074 2084 4109 :

514 4161 706 4221 estque
735 4149 877 4203 idem
911 4146 1049 4201 Deus
1077 4156 1130 4201 et
1159 4146 1341 4204 homo.

586 4244 637 4295 6.
672 4241 849 4310 Apoll.
901 4238 1096 4293 Nullus
1149 4238 1314 4295 homo
1365 4237 1585 4291 exsistit
1640 4245 1767 4291 ante
1814 4252 1941 4302 eos,
1993 4238 2086 4307 qui

512 4339 672 4388 actate
723 4332 898 4400 ipsum
950 4329 1261 4399 praecedunt
1308 4327 1612 4383 :Christus
1660 4336 1839 4381 autem
1880 4329 2090 4385 exstitit

2261 3510 2315 3565 5.
2354 3512 2598 3571 Ἀπολλ.
2640 3516 2697 3569 Ὀ
2738 3515 2912 3578 διδοὺς
2956 3512 3201 3578 ἐξουσίαν
3231 3514 3396 3566 τέκνα
3436 3512 3583 3567 Θεοῦ
3624 3513 3762 3582 τεθέ-

2193 3602 2335 3666 σθαι,
2362 3604 2482 3674 οὐχὶ
2508 3606 2601 3657 καὶ
2622 3604 2782 3668 αὐτὸς
2812 3604 3021 3673 γέγονε.
3050 3603 3281 3673 Χριστὸς
3307 3602 3363 3654 δὲ
3389 3602 3613 3656 δίδωσιν
3631 3622 3644 3633 ·
3673 3606 3760 3655 οὒκ

2190 3693 2300 3763 ἄρα
2337 3695 2556 3762 γέγονεν
2582 3696 2729 3759 Υἱὸς,
2776 3695 2888 3749 ἀλλ’
2930 3695 3046 3747 ἔστι
3088 3698 3153 3765 τῇ
3206 3694 3386 3763 φύσει.
3443 3695 3606 3762 Ὀρθ.
3650 3695 3761 3758 Tib;

2190 3782 2324 3835 Θεοῦ
2358 3784 2419 3835 οὐ
2453 3783 2692 3852 γέγονεν,
2723 3783 2836 3843 ἀλλ’
2870 3779 2938 3854 ἦν
2977 3786 3043 3854 τῇ
3075 3782 3252 3851 φύσει.
3289 3782 3419 3846 Υἱὸς
3450 3782 3511 3835 δὲ
3560 3783 3760 3854 ἀνθρώ-

2190 3890 2292 3926 που
2345 3874 2585 3941 γέγονεν.
2626 3874 2700 3933 υύ
2740 3875 2847 3944 γὰρ
2896 3869 2985 3944 ἦν,
3039 3874 3132 3926 καὶ
3178 3873 3396 3941 ἐγένετο
3447 3873 3476 3925 ὅ
3528 3875 3634 3926 οὐκ
3683 3869 3759 3941 ἦν,

2191 3966 2277 4018 ἵνα
2314 3967 2461 4035 ἡμᾶς
2500 3963 2577 4037 τῷ
2620 3965 2803 4036 τρόπῳ
2847 3965 3049 4037 ποιήσῃ
3099 3964 3371 4032 γενέσθαι,
3427 3963 3457 4016 6
3510 3966 3676 4028 αὐτὸς
3704 3961 3761 4033 ἦν

2189 4059 2284 4111 καὶ
2312 4057 2425 4110 ἐστι
2457 4060 2535 4133 τῇΔ
2562 4056 2758 4127 φύσει·
2796 4057 2890 4115 καὶ
2920 4055 3067 4110 ἐστιν
3108 4058 3137 4109 6
3167 4056 3329 4120 αὐτὸς
3374 4056 3511 4120 Θεὸς
3546 4057 3645 4110 καὶ
3684 4056 3762 4109 ἄν⁴

2191 4149 2218 4203 θ
2226 4166 2407 4221 ρωπος
2420 4192 2422 4195 .

2259 4240 2312 4293 6.
2386 4241 2630 4293 Ἀπολλ.
2685 4237 2871 4300 Οὐδεὶς
2911 4236 3211 4308 ἀνθρώπων
3256 4235 3611 4307 προϋπάρχει
3667 4236 3760 4288 τῶν

2194 4329 2579 4403 πρεσϐυτέρων
2623 4327 2819 4385 αὑτοῦ·
2872 4328 3102 4402 Χριστὸς
3157 4326 3214 4379 δὲ
3263 4326 3619 4397 προῦπάρχει
3668 4326 3763 4377 τῶν

517 4433 642 4479 ante
670 4439 787 4484 eos,
830 4423 921 4492 qui
955 4422 1253 4477 secundmn
1288 4435 1510 4475 carnem
1553 4421 1732 4495 ipsum
1765 4428 1921 4475 aetate
1951 4437 2081 4490 pra:-

2193 4422 2332 4476 κατά
2364 4421 2539 4492 σάρκα
2564 4417 2947 4491 πρεσϐυτέρων
2971 4436 2985 4449 ·
3014 4419 3113 4471 ούκ
3144 4419 3249 4489 ἄρα
3276 4416 3592 4487 ἄνθρωπος,
3622 4418 3671 4468 εἰ
3697 4416 3758 4484 μὴ

517 4521 823 4569 cesserunt.
872 4513 987 4567 Non
1036 4522 1119 4567 est
1173 4514 1339 4582 igitur
1382 4512 1574 4575 homo,
1629 4512 1734 4567 nisi
1786 4513 2088 4566 sceundum

517 4623 760 4661 carnem.
787 4604 936 4661 Orlh.
958 4606 1229 4666 Christus,
1258 4607 1302 4660 si
1336 4605 1630 4657 humanam
1678 4612 1928 4657 naturam
1975 4619 2092 4671 spc-

517 4709 652 4762 ctes,
682 4714 789 4753 non
812 4698 1027 4752 exsistit
1056 4707 1181 4751 ante
1206 4713 1319 4757 eos,
1347 4697 1438 4765 qui
1471 4695 1777 4749 secundum
1800 4695 2091 4751 humanam

517 4802 769 4849 naturam
804 4790 1023 4845 fuerunt
1067 4790 1184 4857 ipso
1219 4788 1501 4842 seniores:
1545 4787 1638 4840 sed
1670 4786 1815 4855 quod
1860 4786 1928 4841 ad
1971 4784 2091 4837 dci-

514 4893 684 4941 tatem
717 4885 937 4948 attinet,
971 4883 1179 4936 exstitit
1214 4897 1320 4934 non
1360 4880 1521 4933 modo
1553 4887 1678 4932 ante
1725 4894 1840 4943 eos,
1874 4878 1966 4947 qui
2003 4892 2091 4932 se-

517 4976 758 5035 cundum
810 4992 1030 5031 carnem
1103 4973 1325 5029 fuerunt
1380 4973 1499 5040 ipso
1546 4972 1826 5037 seniores,
1870 4987 2090 5025 verum-

516 5072 679 5124 etiam
711 5079 837 5123 ante
876 5066 1061 5122 omnia
1092 5066 1312 5125 saecula,
1356 5073 1413 5117 ut
1454 5064 1546 5131 qui
1582 5064 1653 5117 sit
1693 5078 1883 5117 eorum
1923 5060 2085 5115 Deus.

520 5164 664 5234 Ergo
689 5180 798 5217 non
828 5162 928 5215 fuit
955 5160 1207 5215 Christus
1248 5166 1373 5216 aute
1405 5156 1652 5218 Mariam,
1689 5155 1835 5225 quod
1870 5154 1934 5207 ad
1968 5170 2090 5207 car-

518 5272 644 5316 nem
674 5258 886 5311 attinet.
914 5251 1199 5320 Quomodo
1229 5250 1375 5305 enim
1405 5255 1531 5303 ante
1561 5249 1733 5319 ipsam
1781 5247 2088 5313 exstiterit,

591 5454 637 5493 ³⁸
676 5453 841 5510 "chr.
881 5462 953 5512 Π,
994 5452 1079 5505 Η·
1156 5451 1201 5480 ⁸³
1241 5449 1258 5502 ι
1293 5450 1399 5504 (οῗ
1463 5464 1550 5515 ἶν’
1582 5448 1651 5502 48

595 5646 701 5718 (86)
732 5647 883 5703 Palat
912 5687 928 5711 ,
965 5648 1025 5701 τὸ
1057 5647 1244 5721 ὥσπερ
1283 5646 1722 5717 συνταττόμενον.

2191 4514 2332 4569 κατὰ
2365 4514 2563 4584 σάρκα.
2610 4514 2763 4579 Ὀρθ.
2795 4511 3032 4582 Χριστὸς⁵
3065 4510 3206 4562 κατὰ
3245 4509 3344 4579 τὴν
3376 4509 3758 4581 ἀνθρωπότητα

2192 4608 2252 4658 ού
2293 4605 2634 4677 προῦπάρχει
2662 4603 2770 4655 τῶν
2803 4602 2942 4655 κατὰ
2975 4602 3072 4672 τὴν
3099 4601 3497 4672 ἁνθρωπὸτητα
3541 4600 3757 4671 impacti-J—

2191 4701 2364 4770 τέρων
2411 4698 2609 4750 αὐτοῦ·
2646 4697 2991 4768 προῦπάρχει
3030 4696 3085 4753 δὲ
3131 4697 3273 4752 κατὰ
3303 4695 3401 4765 τὴν
3445 4695 3676 4766 θεύτητα
3706 4694 3754 4745 οὐ

2192 4792 2299 4843 τῶν
2335 4792 2474 4844 κατά
2504 4791 2682 4861 σάρκα
2710 4788 3094 4861 πρεσϐυτέριον
3132 4788 3240 4858 (8Ἱ)
3285 4788 3472 4856 μόνον,
3510 4788 3647 4841 ἀλλά
3680 4788 3757 4838 καὶ

2194 4884 2410 4937 πάντων
2433 4882 2541 4935 τῶν
2581 4880 2812 4943 αἰώνων,
2844 4881 2974 4939 Θεὸς
3002 4879 3076 4933 ὢν
3108 4880 3307 4933 αὐτῶν.
3348 4880 3465 4937 Οὐκ
3504 4881 3614 4950 ἄρα
3642 4880 3756 4947 Χρι-

2194 4974 2317 5038 στὸς
2348 4972 2489 5027 κατὰ
2541 4973 2719 5043 σάρκα
2763 4973 2868 5043 πρὸ
2904 4972 3005 5038 τῆς
3039 4970 3275 5041 Μαρίας·
3313 4972 3442 5034 Πῶς
3474 4971 3588 5041 γὰρ
3625 4972 3679 5023 τὸ
3709 4968 3758 5028 ἐξ

2192 5065 2357 5136 αὐτῆς
2394 5064 2473 5127 ὃν,
2507 5063 2613 5135 πρὸ
2646 5063 2814 5132 αὐτῆς
2844 5062 3110 5131 ὑπάρχεις
3146 5060 3495 5135 προῦπάρχει
3526 5062 3584 5114 δὲ
3612 5059 3757 5127 αὐτῆς

2194 5152 2410 5217 θεῖκῶς,
2446 5152 2579 5216 Θεὸς
2609 5153 2683 5205 ὣν
2728 5152 2929 5220 αὐτῆς·
2961 5152 3054 5204 καὶ
3079 5150 3226 5202 ἐστιν
3259 5153 3287 5203 6
3317 5152 3515 5216 αὐτὸς,
3540 5153 3614 5215 ὡς
3644 5150 3754 5208 Θεὸς

2196 5246 2585 5317 προῦπάρχων,
2618 5246 2710 5299 καὶ
2737 5245 2813 5308 ὡς
2837 5244 3119 5315 ἄνθρωπος
3148 5242 3211 5314 ἐξ
3230 5245 3424 5316 αὐτῆς.

2270 5643 2380 5713 (ετ)
2414 5640 2803 5713 Πρεσϐυτέρων
2827 5641 2978 5695 abest
3006 5653 3035 5692 a
3064 5653 3204 5692 mss.
