3842 6210
96 367 126 420 ι
143 366 248 424 239

1095 373 1182 430 DE
1221 375 1493 432 SANCTA
1534 377 1907 433 TlthlTATE
1948 376 2289 433 DlALOCliS
2329 378 2392 434 V.

3209 376 3346 431 12Το

97 483 257 551 quod
286 498 353 537 ex
392 475 659 551 ipsa'est?
699 483 805 541 Sen
843 494 1117 557 quatenus
1150 490 1296 547 Deus
1319 502 1424 559 est,
1469 493 1679 548 exstitit
1716 500 1842 549 ante
1870 495 2066 564 ipsam,
2095 509 2218 549 cum
2249 495 2320 547 sit
2354 492 2527 563 ipsius
2558 490 2737 545 Deus:
2805 500 2996 561 estque
3058 487 3198 545 idem
3231 498 3355 543 ante

100 572 289 641 ipsam
318 579 379 625 ut
416 571 582 637 Deus,
611 580 666 628 et
697 590 763 629 ex
799 577 939 645 ipsa,
965 586 1027 632 ut
1056 578 1240 635 homo.

189 667 241 722 7.
283 668 526 723 Ἀπολλ.
578 670 766 733 Οὐδεὶς
816 672 1119 744 ἀνθρώπων
1169 676 1277 747 πρὸ
1328 676 1437 731 τῶν
1481 677 1692 732 αἰώνων

1862 672 1918 727 7.
1961 670 2142 737 Apoll.
2174 669 2369 725 Nullus
2410 669 2574 723 homo
2622 669 2785 724 habet
2823 670 3048 741 gloriam
3094 679 3218 725 ante
3256 689 3359 728 sa:-

103 758 230 831 ἔχει
267 758 442 825 δόξαν.
483 762 715 832 Χριστὸς
759 763 817 816 δὲ
859 763 1000 834 ἔχει’
1046 767 1147 820 οὐκ
1185 766 1296 837 ἄρα
1342 767 1627 838 ἄνθρωπος
1659 769 1689 821 6

104 849 370 921 Χριστός.
413 851 563 919 Ὀρθ.
592 853 779 917 Οὐδεὶς
816 853 924 925 γὰρ
956 854 1257 927 ἀνθρώπων
1286 857 1392 928 πρὸ
1418 856 1527 911 τῶν
1556 856 1687 911 αἰώ-

104 956 225 994 νων
249 939 415 993 ἐστίν.
441 942 676 1012 Χριστὸς
703 942 762 994 δὲ
785 943 924 996 κατὰ
945 943 1043 1014 τὴν
1066 944 1292 1016 θεότητα
1311 946 1417 1017 πρὸ
1437 944 1544 999 τῶν
1569 943 1690 999 αἰώ-

106 1050 246 1090 νων,
277 1031 403 1096 Υἱὸς
430 1031 506 1086 ὢν
553 1035 646 1089 καὶ
690 1034 824 1099 Θεὸς
870 1036 964 1088 καὶ
994 1037 1292 1109 Δεσπότης,
1335 1038 1557 1101 εἰκότως
1583 1037 1691 1109 πρὸ

112 1121 229 1176 τῶν
269 1122 478 1177 αἰώνων
508 1123 620 1194 ἔχει
653 1125 807 1189 δόξαν
837 1143 852 1157 ο
887 1126 1093 1198 Κύριος
1119 1127 1277 1199 δόξης
1303 1128 1378 1182 ὢν
1408 1129 1550 1183 κατὰ
1590 1127 1693 1197 φύ-

111 1232 228 1279 σιν,
274 1216 506 1284 Χριστὸς
536 1216 594 1269 δὲ
620 1216 858 1287 κληθεὶς,
901 1219 991 1272 διὰ
1019 1219 1080 1273 τὸ
1124 1221 1335 1291 μορφὴν
1380 1220 1562 1275 δούλου
1598 1221 1694 1275 λα-

110 1304 261 1359 σείν.
291 1305 349 1359 '0
376 1306 469 1358 νῦν
488 1304 584 1360 οὖν
614 1308 831 1378 κληθεὶς
863 1310 1115 1381 Χριστὸς,
1151 1314 1245 1365 καὶ
1273 1312 1439 1377 λίθος,
1460 1313 1555 1366 καὶ
1583 1329 1694 1365 ποι-

116 1396 256 1468 μὴν,
279 1398 372 1451 καὶ
399 1398 615 1463 κόκκος,
648 1401 742 1452 καὶ
765 1399 923 1464 ἄνθος
945 1402 1164 1473 ῥάϐδου,
1191 1404 1286 1456 καὶ
1327 1404 1690 1475 Ἐμμανουὴλ,

114 1488 222 1541 καὶ
257 1487 485 1558 Ἰησοῦς,
509 1490 603 1542 καὶ
623 1488 925 1562 ἄνθρωπος.
949 1493 1041 1546 καὶ
1069 1496 1197 1557 παῖς
1226 1493 1578 1565 δωδεκαετὴς,
1604 1495 1699 1547 καὶ

112 1582 549 1652 τριακονταετὴς
574 1581 681 1652 (88)
713 1582 951 1651 γεγονὼς
978 1584 1066 1638 διὰ
1093 1586 1192 1657 τὴν
1219 1586 1353 1656 πρὸς
1382 1584 1699 1658 ἀνθρώπους

110 1671 460 1740 οἰκονομίαν,
496 1673 596 1725 καὶ
629 1672 736 1744 πρὸ
760 1673 869 1727 τῶν
893 1676 1104 1729 αἰώνων
1128 1677 1281 1741 Θεὸς,
1312 1679 1407 1732 καὶ
1429 1678 1525 1732 νῦν
1565 1678 1702 1749 μετὰ

114 1762 190 1813 τὸ
219 1761 392 1815 ταῦτα
420 1763 677 1830 γενέσθαι
716 1765 913 1835 μένων,
950 1766 979 1819 6
1016 1762 1107 1839 ἦν,
1136 1767 1247 1839 ἔχει
1276 1767 1432 1833 δόξαν
1462 1770 1568 1841 πρὸ
1594 1770 1702 1824 τῶν

114 1851 365 1914 αἰώνων,
387 1853 519 1917 Θεὸς
545 1852 621 1908 ὢν
649 1857 713 1909 ἐκ
740 1850 905 1910 Θεοῦ,

1787 762 1911 817 cula
1940 780 1956 816 :
1991 762 2154 817 habet
2182 769 2363 816 autem
2395 760 2666 815 Christus.
2701 758 2819 814 Non
2866 766 2951 814 est
2995 760 3157 829 igitur
3194 762 3358 817 homo

1787 853 2060 908 Christus.
2093 850 2244 907 Orth.
2267 850 2461 907 Nullus
2482 853 2625 906 enim
2654 850 2818 905 homo
2848 848 2950 904 fuit
2979 858 3104 905 ante
3136 853 3355 907 saecula.

1789 942 2044 998 Christus
2076 956 2223 1003 vero,
2268 941 2412 1011 quod
2447 939 2515 993 ad
2564 938 2821 994 deitatem
2862 939 3089 1003 attinet,
3133 955 3256 994 cum
3289 943 3361 996 sit

1791 1043 1920 1091 ante
1964 1033 2146 1089 omnia
2182 1032 2380 1088 saecula
2412 1029 2616 1095 Filius,
2663 1038 2719 1085 et
2750 1028 2928 1094 Deus,
2973 1039 3027 1085 et
3073 1030 3360 1097 Dominus,

1793 1124 1990 1181 merito
2020 1125 2249 1195 gloriam
2279 1122 2468 1177 habuit
2498 1130 2624 1178 ante
2664 1122 2864 1177 smcula
2903 1140 2916 1176 :
2952 1121 3214 1177 Dominus
3246 1124 3364 1193 glo-

1791 1215 1887 1270 riae
1932 1214 2186 1269 nimirum
2232 1220 2449 1277 natura,
2496 1212 2752 1269 Christus
2783 1219 2962 1267 autem
3010 1220 3257 1275 vocatus,
3297 1227 3363 1266 eo
3418 1264 3424 1275 ,

1791 1305 1935 1377 quod
1968 1305 2109 1360 servi
2144 1303 2374 1359 formam
2407 1305 2693 1374 acceperit.
2724 1304 2910 1373 Itaque
2951 1302 3044 1373 qui
3082 1320 3229 1358 nunc
3262 1318 3363 1357 vo-

1794 1404 1950 1451 catur
1970 1396 2219 1451 Christus
2242 1403 2296 1450 et
2313 1394 2471 1465 lapis,
2489 1400 2544 1449 et
2564 1401 2773 1465 pastor,
2789 1401 2844 1449 et
2864 1407 3112 1463 granum,
3130 1402 3184 1449 et
3202 1392 3371 1466 566

1795 1485 1895 1542 nos
1921 1487 2107 1557 virgas,
2128 1492 2184 1540 et
2206 1482 2554 1549 Emmanuel,
2575 1491 2629 1538 et
2655 1479 2835 1549 Iesus,
2856 1489 2910 1537 et
2936 1482 3118 1546 homo.
3148 1490 3201 1538 et
3229 1483 3368 1537 duo-

1795 1577 1973 1633 decim
1998 1571 2266 1631 annorum
2295 1588 2449 1644 puer,
2475 1582 2530 1629 et
2559 1573 2786 1643 triginta
2816 1586 3085 1626 annorum
3114 1570 3206 1624 illa
3235 1584 3363 1641 quae

1795 1670 2047 1726 homines
2090 1667 2318 1737 respicit
2366 1665 2674 1721 mconomia
2723 1662 2937 1730 factus,
2980 1669 3065 1718 est
3111 1668 3167 1716 et
3217 1659 3362 1717 Deus

1799 1769 1927 1816 ante
1954 1760 2192 1817 saecula:
2230 1766 2285 1814 et
2315 1773 2463 1813 nunc
2492 1764 2781 1829 postquam
2812 1756 2906 1810 illa
2952 1754 3136 1809 omnia
3183 1752 3364 1807 lactus

1807 1858 1911 1914 est,
1946 1864 2270 1921 permanens
2300 1847 2355 1902 id
2401 1846 2546 1917 quod
2578 1853 2728 1907 erat.
2772 1843 2936 1899 habet
2981 1842 3211 1911 gloriam
3245 1850 3373 1896 ante

1811 1943 2030 2006 sarcula,
2062 1947 2247 2011 utpote
2276 1938 2420 1996 Deus
2445 1954 2509 1993 ex
2541 1937 2670 1993 Deo.

200 2024 257 2078 8.
298 2025 541 2079 Ἀπολλ.
577 2019 779 2097 Εἰ’(89)
806 2030 833 2081 6
861 2029 993 2093 Θεὸς
1024 2032 1081 2083 ὲν
1114 2030 1307 2101 Ἰησοῦ,
1346 2033 1408 2086 οὐ
1437 2032 1504 2085 δι’
1533 2033 1699 2086 αὐτοῦ

1868 2032 1921 2086 8.
1963 2030 2142 2099 Apoll.
2192 2028 2250 2082 Si
2299 2027 2445 2084 Deus
2492 2035 2577 2083 est
2628 2029 2683 2081 in
2717 2024 2884 2087 Jesu,
2932 2038 3042 2077 non
3092 2030 3221 2078 sunt
3274 2037 3374 2092 per

120 2116 204 2168 τὰ
241 2115 438 2181 πάντα,
473 2116 608 2171 ἀλλὰ
639 2118 727 2171 διὰ
771 2120 863 2172 τὸν
905 2121 961 2172 ὲν
1000 2120 1167 2191 αὐτῷ.
1217 2123 1294 2173 Δι’
1330 2122 1493 2175 αὐτοῦ
1538 2124 1595 2176 δὲ
1636 2125 1706 2176 τὰ

126 2206 344 2261 πάντα·
391 2209 490 2261 οὐκ
531 2210 640 2281 ἄρα
692 2211 824 2275 Θεὸς
867 2212 924 2272 ὲν
966 2212 1160 2283 Ἰησοῦ,
1208 2213 1321 2266 ἀλλ’
1365 2215 1525 2277 αὐτὸς
1574 2214 1706 2279 Θεός

122 2299 305 2351 ἐστιν.
342 2298 494 2366 Ὀρθ.
540 2301 597 2353 'O
635 2300 763 2366 Θεὸς
810 2302 1002 2370 Λόγος.
1049 2304 1404 2369 ὲνυπόστατος
1444 2303 1519 2358 ὣν
1552 2306 1706 2370 Θεὸς,

128 2388 427 2459 μετασχὼν
476 2391 913 2464 ἁνθρωπότητος,
956 2394 1161 2463 Ἰησοῦς
1200 2396 1421 2467 ἐκλήθη.
1474 2396 1567 2467 Μὴ
1616 2393 1709 2450 οὖν

124 2479 290 2549 λέγε,
318 2481 448 2545 Θεὸς
476 2478 544 2552 ἦν
584 2486 641 2536 ὲν
689 2483 881 2555 Ἰησοῦ,
912 2487 1024 2538 ἀλλ’
1066 2487 1227 2550 αὐτὸς
1272 2489 1301 2539 6
1338 2487 1470 2551 Θεὸς
1503 2488 1710 2558 Ἰησοῦς

123 2572 368 2644 ἐκλήθη.
394 2573 483 2626 Διὸ
507 2577 599 2628 καὶ
621 2577 780 2640 αὐτός
805 2578 949 2630 ἐστιν
988 2578 1212 2649 Ἰησοῦς,
1241 2579 1308 2632 δι’
1336 2573 1397 2631 οῦ
1420 2581 1489 2633 τὰ
1511 2580 1705 2635 πάντα.

142 2664 215 2715 Ὅ
254 2664 366 2735 γὰρ
405 2666 500 2719 νῦν
541 2666 762 2737 κληθεὶς
801 2667 1005 2739 Ἰησοῦς
1045 2668 1134 2722 διὰ
1160 2670 1258 2741 τὴν
1297 2670 1707 2742 ἀνθρωπότητα.

126 2753 279 2818 Θεὸς
324 2754 380 2807 δὲ
414 2756 526 2828 (90)
568 2758 738 2825 Λόγος
780 2757 854 2813 ὣν
898 2760 994 2813 καὶ
1033 2760 1137 2831 πρὸ
1177 2762 1275 2832 τῆς
1313 2761 1407 2815 τοῦ
1453 2763 1712 2833 ὀνόματος

132 2846 409 2918 κλήσεως,
443 2851 539 2903 καὶ
579 2850 717 2920 μετὰ
745 2849 843 2922 τὴν
875 2851 969 2904 τοῦ
1009 2853 1267 2923 ὀνόματος
1304 2853 1517 2924 κλῆσιν,
1553 2855 1712 2918 αὐτός

128 2941 297 2993 ἐστιν
326 2941 550 3011 Ἰησοῦς,
571 2942 636 2995 δι’
662 2940 723 2998 οὗ
747 2943 814 2997 τὰ
839 2945 1033 3005 πάντα,
1057 2945 1188 3008 Θεὸς
1208 2945 1281 2998 ὣν
1308 2947 1445 2999 κατὰ
1468 2945 1710 3016 Πνεῦμα,

127 3029 432 3100 ἄνθρωπος
454 3030 510 3083 δὲ
544 3032 629 3085 διὰ
652 3032 751 3102 τὴν
789 3034 879 3087 τοῦ
902 3035 1084 3087 δούλου
1112 3036 1351 3106 μορφήν
1386 3035 1465 3089 διὸ
1495 3036 1590 3089 καὶ
1625 3037 1715 3089 αὐτ

128 3120 239 3184 τός
262 3121 408 3174 ἐστιν
441 3122 665 3193 Ἰησοῦς,
692 3124 756 3177 δι’
778 3119 837 3178 οὗ
857 3124 925 3177 τὰ
960 3126 1154 3179 πάντα.

220 3295 274 3351 9.
319 3296 562 3351 Ἀπολλ.
598 3298 656 3351 '0
701 3298 761 3363 ἐξ
805 3300 1078 3371 ἁμαρτίας
1127 3299 1315 3363 σώζων
1363 3301 1503 3372 ὑπὲρ
1534 3302 1713 3372 ἁμαρ-

1815 2121 1993 2192 ipsum
2041 2120 2259 2186 omnia,
2304 2120 2397 2175 sed
2436 2133 2533 2190 per
2578 2132 2737 2178 eum,
2786 2115 2878 2185 qui
2935 2116 2989 2168 in
3026 2114 3144 2183 ipso
3175 2119 3276 2167 est.
3308 2112 3379 2166 At

1814 2212 1998 2267 omnia
2049 2221 2178 2266 sunt
2222 2226 2321 2281 per
2359 2212 2534 2279 ipsum
2583 2227 2597 2263 :
2644 2223 2754 2262 non
2788 2215 2876 2262 est
2924 2205 3091 2275 igitur
3134 2203 3277 2259 Deus
3321 2204 3379 2258 in

1814 2301 1965 2367 Iesu,
1996 2301 2091 2358 sed
2123 2307 2211 2356 est
2241 2301 2357 2371 ipse
2387 2298 2549 2354 Deus.
2578 2297 2733 2354 Orth.
2756 2296 2900 2352 Deus
2931 2294 3167 2351 Verbum
3199 2295 3378 2364 reipsa

1817 2394 2125 2449 subsistens
2152 2391 2317 2456 Deus,
2342 2390 2617 2461 particeps
2645 2388 2893 2448 humanae
2915 2393 3124 2440 natura:
3153 2385 3377 2447 factum,
3402 2408 3427 2430 ε

1819 2493 2047 2541 vocatus
2079 2493 2163 2541 est
2209 2482 2391 2538 Jesus.
2422 2480 2501 2537 Ne
2545 2482 2708 2551 igitur
2741 2479 2927 2545 dicito,
2975 2476 3118 2532 Deus
3159 2484 3276 2531 erat
3323 2475 3378 2529 in

1815 2575 1967 2639 Jesu,
1994 2576 2087 2632 sed
2118 2577 2232 2645 ipse
2265 2573 2408 2629 Deus
2433 2580 2660 2628 vocatus
2687 2579 2773 2627 est
2803 2568 2985 2632 Jesus,
3014 2567 3244 2637 ideoque
3266 2566 3383 2636 ipse

1817 2676 1902 2722 est
1934 2665 2093 2721 Jesus
2128 2680 2223 2735 per
2270 2678 2433 2734 quem
2473 2663 2675 2716 omnia.
2716 2658 2851 2714 Nam
2887 2659 2980 2727 qui
3027 2674 3173 2713 nunc
3223 2657 3386 2712 Jesus

1818 2765 2038 2828 propter
2062 2757 2353 2811 humanam
2380 2761 2631 2809 naturam
2653 2758 2901 2813 vocatur,
2926 2757 3011 2804 est
3036 2756 3214 2804 autem
3241 2747 3385 2803 Deus

1818 2847 2057 2902 Verbum
2106 2856 2161 2902 et
2206 2860 2331 2901 ante
2366 2853 2421 2900 et
2458 2852 2581 2915 post
2626 2842 2771 2898 istud
2813 2849 3258 2909 cognomentum,
3300 2850 3386 2894 est

1820 2940 1937 3009 ipse
1965 2937 2127 2994 Jesus
2164 2954 2259 3008 per
2294 2953 2454 3007 quem
2493 2925 2713 2995 omnia;
2746 2940 2806 2987 ut
2846 2934 2940 3003 qui
2981 2933 3047 2987 sit
3094 2939 3148 2986 et
3190 2946 3387 2986 secun-

1819 3032 1949 3086 dum
2002 3029 2266 3101 Spiritum
2334 3027 2512 3092 Deus,
2553 3036 2607 3081 et
2660 3031 2880 3095 propter
2943 3022 3089 3078 servi
3155 3020 3384 3077 formam

1823 3123 2021 3188 homo;
2052 3120 2404 3191 quamobrem
2435 3118 2598 3173 etiam
2630 3117 2747 3187 ipse
2775 3122 2860 3170 est
2885 3112 3067 3177 Iesus,
3104 3128 3200 3182 per
3225 3127 3386 3182 quem

1822 3215 2022 3269 omnia-

1890 3310 1945 3362 9.
1988 3305 2159 3373 Apoll.
2192 3303 2293 3369 Qui
2320 3309 2502 3358 servat
2532 3316 2565 3355 a
2598 3306 2840 3370 peccato,
2867 3296 3115 3366 superior
3142 3302 3231 3350 est
3260 3308 3387 3376 pec-7

138 3386 270 3439 τίαν
308 3387 472 3440 ἐστίν.
500 3388 608 3441 Καὶ
650 3387 810 3451 σώζει
848 3390 1100 3459 Χριστός.
1135 3391 1322 3453 Οὐδεὶς
1341 3391 1397 3444 δὲ
1420 3389 1713 3462 ἀνθρώπων

1822 3405 1965 3454 cato.
1995 3396 2188 3451 Servat
2225 3402 2407 3450 autem
2434 3393 2707 3453 Christus,
2735 3403 2790 3447 et
2820 3392 3004 3445 nullus
3037 3391 3201 3442 laeum
3229 3402 3390 3455 supe-

142 3477 296 3546 ὐπὲρ
321 3476 594 3547 ἁμαρτίαν
612 3494 624 3506 ·
663 3478 762 3530 οὐκ
787 3476 893 3548 ἄρα
918 3478 1199 3550 ἄνθρωπος
1221 3481 1249 3531 6
1280 3481 1532 3550 Χριστός.
1568 3481 1711 3549 Ὀρθ.

137 3564 229 3617 Οὐ
253 3562 363 3636 γὰρ
391 3563 674 3637 ἄνθρωπος
701 3566 854 3635 ψιλὸς
873 3568 902 3619 ὁ
921 3568 1150 3638 Χριστός
1175 3587 1187 3598 ·
1215 3568 1335 3622 οὐδὲ
1362 3569 1469 3640 γὰρ
1500 3565 1569 3640 ἦν
1591 3569 1725 3642 Χρι-

145 3656 281 3720 στὸς
329 3658 498 3729 αἴρων
538 3658 635 3730 τὴν
670 3660 942 3731 ἁμαρτίαν
975 3660 1068 3713 τοῦ
1114 3660 1339 3731 κόσμου,
1373 3663 1422 3713 εἰ
1464 3660 1616 3730 ψιλὸς
1658 3657 1726 3732 ἦν

140 3748 459 3821 ἄνθρωπος.
491 3750 590 3804 Διὰ
629 3752 686 3805 δὲ
727 3752 883 3805 τοῦτο
928 3756 958 3807 6
1001 3754 1172 3825 αἴρων
1201 3753 1298 3824 τὴν
1337 3754 1607 3825 ἁμαρτίαν
1631 3752 1726 3806 τοῦ

144 3839 368 3909 κόσμου
399 3842 648 3911 Χριστὸς,
680 3842 869 3914 ἐπειδὴ
904 3845 932 3897 6
963 3842 1094 3907 Θεὸς
1141 3845 1332 3912 Λόγος,
1375 3844 1584 3915 μορφὴν
1608 3843 1728 3896 δού-

144 3930 249 3984 λου
276 3931 475 3997 λαϐὼν,
502 3934 717 4002 ἐγένετο
740 3935 970 4006 Χριστὸς
996 3936 1089 3990 ἄνθ
1100 3953 1297 4007 ρωπος.
1323 3937 1431 3990 Καὶ
1459 3935 1547 3989 διὰ
1573 3934 1731 3989 τοῦτο

143 4023 181 4074 ὁ
227 4023 516 4093 προφήτης
562 4022 742 4091 λέγει’
795 4042 814 4075 ι
852 4024 962 4078 Καὶ
1008 4024 1291 4096 ἄνθρωπός
1334 4025 1470 4087 ἐστι,
1519 4024 1610 4077 καὶ
1648 4024 1732 4088 τίς

144 4111 426 4181 γνώσεται
453 4114 612 4167 αὐτόν
637 4131 652 4180 ;
686 4133 705 4166 ι
744 4117 837 4168 καὶ
866 4115 1025 4180 αὐτὸς
1058 4119 1085 4169 ό
1114 4116 1375 4186 Χριστός·
1408 4134 1433 4166 ι
1466 4115 1530 4168 Τί
1558 4131 1629 4185 με
1648 4114 1735 4185 ζη·

142 4207 304 4259 τείτε
340 4206 680 4272 ἀποκτεῖναι,
730 4207 1013 4280 ἄνθρωπον
1055 4207 1113 4272 ὃς
1156 4209 1256 4278 τὴν
1301 4207 1555 4278 ἀλήθειαν
1606 4208 1733 4276 ὑμῖν

144 4296 468 4365 λελάληκας
499 4316 518 4349 ι
550 4299 639 4352 ἴνα
665 4300 945 4370 νοήσωμεν
966 4299 1056 4353 τὸν
1085 4300 1318 4370 Χριστὸν
1345 4298 1626 4370 ἄνθρωπον
1648 4298 1735 4352 διὰ

140 4388 255 4460 τὴν
285 4387 700 4461 ἀνθρωπότητα,
733 4392 826 4443 καὶ
851 4391 981 4445 Θεὸν
1010 4390 1099 4445 διὰ
1132 4392 1238 4463 τὴν,
1254 4392 1482 4463 Θεότητα
1502 4409 1515 4422 ’
1549 4393 1625 4455 ὼς
1643 4392 1733 4446 τὸν

143 4480 448 4552 ἄνθρωπον
496 4481 722 4553 νοοῦμεν
766 4482 983 4551 λογικὸν
1027 4483 1117 4541 διὰ
1158 4484 1220 4536 τὸ
1267 4484 1592 4553 λογιστικὸν,
1640 4485 1732 4539 καὶ

145 4570 303 4637 ζῶον
335 4571 423 4625 διὰ
452 4571 511 4625 τὸ
543 4572 787 4636 ζωτικόν.

1824 3491 1938 3542 rior
1970 3494 2054 3543 est
2104 3494 2351 3556 peccato.
2400 3483 2519 3538 Non
2568 3490 2653 3537 est
2692 3482 2855 3552 igitur
2902 3479 3160 3534 Christus
3204 3480 3388 3531 lt'nuo.

1828 3578 1981 3635 OrlIt.
2026 3576 2146 3631 Non
2194 3583 2281 3632 est
2329 3590 2462 3631 sane
2517 3573 2771 3629 Christus
2819 3567 3094 3627 nudus'et
3130 3569 3392 3629 duntaxat

1826 3671 2008 3726 homo.
2052 3668 2237 3739 Neque
2264 3668 2409 3723 enim
2447 3667 2495 3721 si
2528 3665 2792 3720 duntaxat
2823 3665 2987 3718 homo
3015 3662 3226 3725 fuisset,
3271 3676 3397 3715 ειη-ο

1829 3761 2042 3815 tulisset
2092 3770 2373 3829 peceatum
2412 3756 2620 3812 mundi.
2653 3754 2757 3810 Per
2788 3755 2891 3809 hoc
2926 3761 3106 3807 autem
3134 3750 3392 3805 Christus

1831 3850 2055 3906 sustulit
2091 3848 2278 3903 mundi
2325 3856 2639 3919 peccatum,
2684 3844 2826 3915 quod
2866 3843 3006 3898 Deus
3039 3841 3273 3896 Verbum
3306 3855 3399 3892 ac-

1830 3950 1987 4012 cepta
2022 3942 2167 3997 servi
2214 3940 2387 3996 forma
2429 3938 2606 3993 laetus
2645 3939 2716 3992 sit
2758 3936 3013 3991 Christus
3049 3934 3231 3988 homo.
3270 3932 3396 3986 Ideo

1832 4034 1967 4089 dicit
2014 4033 2276 4103 propheta
2316 4050 2329 4085 :
2391 4048 2410 4081 ι
2447 4029 2624 4083 Etiam
2674 4028 2836 4083 homo
2882 4035 2998 4090 est,
3045 4038 3098 4081 et
3141 4023 3265 4095 quis
3301 4037 3397 4077 co-

1834 4130 2057 4192 gnoscet
2091 4121 2351 4191 ipsum?»
2399 4119 2652 4175 Christus
2695 4120 2853 4189 ipse:
2891 4136 2912 4168 ι
2940 4115 3079 4182 Quid
3121 4130 3208 4168 me
3254 4129 3401 4183 qua:-

1836 4215 1956 4268 ritis
1997 4213 2305 4268 interﬁcere
2341 4211 2618 4266 hominem
2655 4211 2749 4281 qui
2789 4210 3073 4264 veritatem
3116 4205 3274 4260 vobis
3324 4206 3403 4258 lo-

1835 4313 1997 4359 cutus
2022 4320 2141 4359 sum
2165 4303 2245 4357 ὀἳ
2284 4322 2304 4355 ι
2339 4311 2399 4357 ιιι
2445 4302 2722 4357 Christum
2753 4299 3069 4355 noverimus
3125 4297 3433 4371 hominem.

1836 4405 2057 4467 propter
2105 4396 2395 4448 humanam
2453 4404 2725 4457 naturam,
2758 4402 2812 4447 et
2841 4391 3007 4445 Deum
3039 4398 3259 4459 pr0pter
3288 4386 3404 4443 dei-

1837 4495 2002 4540 tatem
2030 4504 2042 4538 :
2077 4484 2221 4540 sicut
2247 4482 2519 4537 hominem
2552 4482 2802 4538 novimus
2834 4480 3153 4535 rationalem
3184 4487 3405 4549 propter

1837 4578 2074 4631 animam
2106 4576 2550 4640 ratiocinantem,
2591 4581 2646 4630 et
2689 4573 2893 4628 animal
2942 4577 3161 4642 propter
3195 4570 3406 4624 anima-

1837 4669 2066 4723 litatem.

240 4750 327 4805 Α).
369 4751 608 4809 'A:m.l.1.
670 4755 784 4817 lli;
829 4752 1112 4825 ἄνθρωπος
1143 4754 1421 4808 διάστασιν
1456 4756 1569 4827 ἔχει
1603 4775 1707 4829 σαρ

1908 4761 1998 4816 10.
2036 4760 2212 4829 Apoll.
2252 4761 2310 4814 In
2346 4760 2516 4829 omni
2589 4760 2809 4813 homine
2876 4755 3107 4811 dissidet
3170 4769 3324 4810 mens
3375 4767 3406 4806 a

151 4846 256 4908 κὸς
286 4845 425 4916 πρὸς
447 4846 599 4899 νοῦν’
628 4846 860 4917 Χριστὸς
891 4846 947 4900 δὲ
978 4847 1077 4900 οὐκ
1104 4846 1249 4918 ἔχει’
1275 4849 1374 4902 οὐκ
1395 4849 1503 4921 ἄρα
1528 4850 1736 4923 ἄνθρω-

144 4955 267 5001 πος
308 4939 339 4992 6
382 4937 631 5009 Χριστός.
671 4940 818 5007 Ὀρϐ.
867 4940 930 4992 Εἰ
977 4940 1086 5003 πᾶς
1128 4939 1413 5013 ἄνθρωπος
1459 4941 1736 4996 διάστασιν

148 5030 278 5101 ἔχει
327 5030 527 5101 σαρκὸς
568 5031 704 5101 πρὸς
754 5030 901 5098 νοῦν,
947 5025 1029 5094 εἷς
1059 5030 1119 5084 δὲ
1158 5030 1267 5084 τῶν
1311 5030 1610 5103 ἀνθρώπων
1645 5034 1731 5087 καὶ

165 5120 363 5183 Ἠλίας
390 5122 421 5172 6
470 5119 824 5191 ἀναληφθεὶς,
864 5121 958 5174 καὶ
1003 5121 1390 5193 πιστευόμενος
1432 5123 1562 5195 παρ’
1604 5125 1737 5195 ἡμῖν

157 5213 332 5285 μέχρι
361 5212 456 5264 τοῦ
499 5213 766 5284 παρόντος
809 5214 869 5267 ὲν
914 5213 1095 5284 σαρκὶ,
1134 5213 1499 5268 διαστασιάσει
1527 5213 1734 5286 αὐτῷή

233 5455 281 5487 ’⁸
322 5450 481 5509 Joan.
517 5469 590 5509 vn
613 5496 629 5521 ,
662 5452 773 5519 20;
805 5468 935 5521 rm,
971 5455 1062 5511 40.

241 5654 356 5726 {88)
391 5654 826 5726 Τριακονταετὴς
852 5655 944 5708 νῦν
979 5672 1099 5725 γεγ.
1129 5672 1261 5713 mss.

243 5723 360 5795 (89)
399 5723 463 5779 Εἰ
498 5726 651 5781 deest
683 5725 737 5778 iu
768 5723 897 5781 mss.

1836 4868 2002 4908 carne
2029 4871 2042 4906 :
2072 4855 2127 4912 in
2159 4851 2378 4905 Christo
2406 4865 2533 4903 vero
2565 4866 2673 4903 non
2705 4847 2952 4903 dissidet.
2979 4845 3095 4899 Non
3127 4852 3210 4900 est
3243 4845 3409 4913 igitur

1835 4945 2002 4998 homo
2047 4944 2321 4999 Christus.
2355 4942 2507 4998 Ortlt.
2547 4941 2602 4995 Si
2638 4942 2694 4996 in
2748 4941 2895 4994 omni
2931 4939 3152 4992 homine
3179 4935 3404 4989 dissidet

1841 5049 1996 5087 mens
2024 5049 2056 5087 a
2091 5049 2280 5097 carne,
2311 5049 2454 5087 unus
2488 5041 2670 5086 autem
2712 5029 2993 5083 hominum
3028 5033 3113 5081 est
3140 5025 3288 5079 Elias
3319 5023 3409 5077 ille

1841 5140 2061 5179 sursum
2111 5126 2391 5193 abreptus,
2438 5125 2531 5193 qui
2574 5137 2605 5176 a
2646 5120 2805 5176 nobis
2854 5116 3095 5174 creditur
3145 5117 3199 5170 iu
3248 5130 3411 5169 carne

1842 5215 2106 5272 hactenus
2129 5231 2270 5282 esse,
2292 5216 2582 5270 dissidebit
2613 5214 2776 5269 etiam
2808 5210 2863 5263 in
2885 5223 2952 5264 eo
2979 5222 3135 5263 mens
3164 5222 3193 5261 a
3222 5219 3409 5260 carne.

1923 5656 2034 5727 (90)
2072 5655 2139 5708 Δέ
2166 5654 2317 5709 abest
2345 5668 2373 5705 a
2401 5649 2575 5704 Putat.
