3850 6226
487 349 614 404 Hii

1609 346 1664 400 ς.
1707 344 2164 400 ΑΤΗΑΝΑΞΙΕΞ.
2206 376 2274 386 --
2313 344 2584 404 δρυιῖζΛ.

484 463 639 530 Quod
667 463 712 518 si
750 463 802 515 in
839 461 931 513 illo
973 475 1129 515 mens
1179 474 1209 513 a
1243 473 1407 513 carne
1449 473 1554 514 non
1597 457 1867 513 dissidet:
1900 464 2048 510 certe

2158 456 2286 526 σὰρξ
2337 459 2473 530 πρὸς
2520 458 2614 513 τὸν
2653 456 2795 512 νοῦν.
2840 458 2902 511 Ei
2944 457 3001 511 δὲ
3044 456 3118 527 μὴ
3159 456 3535 521 διαστασιάζει
3560 456 3648 525 τῷ
3676 459 3745 526 νῷ

486 573 594 612 non
623 556 676 609 in
705 554 849 609 omni
888 552 1106 606 homine
1136 566 1290 606 mens
1318 565 1346 604 a
1389 565 1552 605 carne
1589 550 1836 605 dissidet.
1881 547 2051 601 Multo

485 647 657 718 magis
704 645 870 714 igitur
915 641 1009 712 qui
1057 652 1140 696 est
1190 642 1364 711 ipsius
1410 642 1541 695 Elia:
1590 639 1892 702 Dominus,
1943 653 2052 692 non

486 739 645 792 habet
696 735 895 790 mentis
937 741 990 788 et
1034 733 1216 787 carnis
1266 733 1588 795 dissidium,
1639 732 1734 786 sed
1786 731 1946 785 nobis
1997 731 2051 784 in

481 827 756 888 omnibus,
796 823 942 895 quod
975 824 1041 877 ad
1077 831 1327 877 naturam
1373 823 1666 875 humanam
1700 822 1915 883 attinet,
1957 835 2052 875 ex-

481 927 639 988 cepto
671 925 916 987 peccato,
946 915 1164 978 similis,
1193 921 1246 968 et
1277 913 1593 968 misericors
1624 928 1685 966 ac
1721 914 1896 968 lidelis
1923 927 2054 982 pon-

480 1015 614 1066 til‘ex
647 1009 846 1075 factus,
869 1015 954 1063 est
985 1008 1125 1062 idem
1157 1022 1283 1062 vere
1312 1005 1455 1062 Deus
1482 1013 1538 1060 et
1568 1006 1751 1060 homo.

551 1192 638 1246 ll.
686 1189 861 1258 Apoll.
906 1185 1097 1242 Omnis
1158 1187 1320 1240 homo
1371 1195 1429 1240 ut
1479 1185 1683 1239 virtute
1740 1183 2056 1254 perﬁciatur

477 1297 696 1337 carnem
727 1279 1038 1334 mortiﬁcat.
1065 1279 1135 1331 At
1160 1277 1414 1333 Christus
1447 1292 1556 1330 non
1592 1276 1904 1330 mortilicat.
1933 1272 2052 1328 Non

477 1379 560 1425 est
593 1370 756 1440 igitur
792 1369 955 1422 homo
985 1366 1258 1422 Christus.
1296 1365 1447 1421 Orllt.
1477 1365 1592 1430 Qua
1629 1364 2054 1418 mortiﬁcatione

477 1463 715 1518 Joannes
763 1476 987 1516 carnem
1041 1475 1199 1515 suam
1251 1460 1596 1513 mortiﬁcavit
1659 1458 1952 1513 subsiliens
1999 1460 2053 1511 in

478 1564 654 1617 utero,
702 1564 755 1608 et
783 1553 1060 1608 exsultare
1102 1551 1292 1606 visus?
1331 1549 1484 1616 Quod
1517 1551 1562 1606 si
1597 1551 1757 1604 etiam
1788 1549 2056 1604 concede-

478 1656 628 1702 retur
655 1660 868 1700 omnem
915 1644 1213 1708 hominem,
1244 1651 1302 1697 ut
1333 1644 1532 1698 virtute
1563 1643 1898 1712 perﬁciatur,
1932 1658 2056 1698 car-

479 1755 600 1796 nem
643 1754 796 1795 suam
832 1737 1180 1802 mortiﬁcare,
1224 1747 1279 1791 at
1324 1745 1472 1792 certe
1509 1737 1619 1806 jam
1661 1737 1956 1807 perfectus,
2000 1743 2054 1790 et

2153 549 2316 602 αὐτοῦ
2348 553 2380 621 ἡ
2412 549 2568 622 σὰρξ,
2601 552 2701 604 οὐκ
2733 551 2841 622 ἄρα
2868 551 2975 614 πᾶς
3004 549 3291 620 ἄνθρωπος
3319 549 3611 602 διάστασιν
3641 548 3744 617 ἔχει

2155 642 2355 715 σαρκὸς
2379 642 2513 713 πρὸς
2541 641 2634 694 τὸν
2672 642 2816 694 νοῦν.
2843 639 3031 710 Πολλῷ
3065 636 3156 692 οὖν
3182 638 3352 692 πλείω
3381 640 3410 690 6
3442 637 3544 690 τοῦ
3597 639 3744 691 Ἡλζα

2151 735 2429 804 Δεσπότης
2469 735 2570 787 οὐκ
2600 733 2710 804 ἔχει
2741 732 3228 796 διαστασιάζουσαν
3251 731 3350 802 τὴν
3383 730 3572 800 σάρκα
3617 732 3746 800 πρὸς

2151 826 2242 878 τὸν
2269 825 2392 878 νοῦν
2412 841 2425 855 ⁸
2460 826 2597 879 ἁλλὰ
2625 829 2682 878 ἐν
2709 827 2874 878 πᾶσιν
2898 827 3030 895 ἡμῖν
3055 825 3195 878 κατὰ
3217 825 3317 892 τὴν
3345 822 3443 875 ἀνθ
3455 823 3747 893 ρωπότητι

2151 917 2437 986 ὁμοιωθεὶς
2464 916 2632 986 χωρὶς
2658 915 2946 986 ἁμαρτίας,
2990 915 3233 985 ἐλεήμων
3260 914 3356 965 καὶ
3390 911 3589 972 πιστδς
3620 911 3747 980 ἅρχ·

2157 1008 2334 1077 ιερεὺς
2385 1007 2700 1079 γενόμενος.
2759 1007 2906 1060 ἔστιν
2953 1007 3166 1078 ἀληθῶς
3197 1009 3225 1059 6
3268 1003 3431 1067 αὐτὸς
3470 1003 3614 1064 Θεὸς
3660 1004 3745 1054 καὶ

2151 1097 2247 1151 ἄνθ
2257 1115 2452 1168 ρωπος.

2226 1193 2312 1246 Η.
2380 1193 2626 1246 Ἀπολλ.
2679 1191 2794 1253 Πᾶς
2855 1189 3141 1260 ἄνθρωπος
3185 1193 3368 1262 νεκροί
3417 1190 3521 1262 τὴν
3567 1190 3743 1260 σάρκα

2153 1284 2289 1354 πρὸς
2314 1285 2374 1337 τὸ
2401 1283 2749 1353 τελειωθῆναι
2778 1283 2897 1335 κατ’
2923 1283 3121 1350 ἀρετήν
3140 1299 3154 1312 ο
3179 1282 3414 1352 Χριστὸς
3435 1282 3496 1334 δὲ
3516 1280 3578 1334 οὗ
3607 1298 3621 1310 ·
3649 1283 3742 1333 οὐκ

2154 1378 2261 1449 ἄρα
2293 1375 2578 1448 ἄνθρωπος
2614 1376 2643 1426 6
2671 1373 2927 1444 Χριστός.
2973 1372 3128 1440 Ὀρθ.
3178 1373 3314 1442 Ποία
3341 1372 3619 1443 νεκρὼσει
3665 1375 3740 1425 ἐν-

2155 1472 2395 1541 έκρωσεν
2439 1469 2633 1522 ἑαυτοῦ
2666 1469 2767 1538 τὴν
2811 1468 2990 1538 σάρκα
3021 1469 3050 1520 6
3093 1466 3365 1536 Ἰωάννης,
3413 1467 3660 1536 σκιρτᾶν
3687 1469 3738 1517 ἐν

2155 1560 2350 1629 κοιλίᾳ,
2381 1560 2474 1613 καὶ
2503 1559 2687 1629 ὀφθεὶς
2725 1560 2782 1612 ὲν
2820 1557 3177 1625 ἁγαλλιὰσεις
3211 1558 3272 1609 El
3316 1557 3374 1609 δὲ
3405 1558 3504 1610 καὶ
3540 1557 3733 1626 δοθείη,

2153 1654 2236 1706 ὅτι
2262 1654 2369 1714 πᾶς
2400 1651 2685 1720 ἄνθρωπος
2717 1651 2902 1719 νεκροῖ
2927 1647 3023 1717 τὴν
3060 1648 3240 1718 σάρκα
3269 1646 3407 1717 πρὸς
3436 1647 3501 1698 τὸ
3525 1647 3736 1698 τελειω-

2158 1745 2316 1816 θῆναι
2345 1743 2486 1796 κατὰ
2515 1741 2732 1812 ἀρετὴν,
2778 1738 2913 1792 ἁλλᾶ
2943 1737 3266 1801 τελειωθεὶς,
3297 1738 3392 1790 καὶ
3427 1739 3489 1788 ὲν
3527 1734 3735 1807 οὐρανῷ

477 1833 531 1885 in
568 1833 723 1886 CtBIiS
755 1846 999 1895 versans,
1034 1829 1137 1897 ipsi
1180 1829 1601 1884 viviﬁcatiunem
1635 1835 1789 1897 parat
1830 1843 1926 1898 per
1969 1827 2048 1880 in-

2158 1837 2452 1905 πολίτευμα
2498 1833 2656 1904 ἔχων,
2693 1830 3069 1896 ζωοποιεῐσθαι
3114 1830 3274 1882 αὑτὸν
3327 1829 3733 1901 παρασκευάζει

480 1921 810 1980 habitantem
847 1925 902 1978 in
935 1925 1055 1994 ipso
1095 1921 1381 1992 Spiritum,
1426 1927 1486 1972 ut
1533 1927 1820 1988 postquam
1857 1919 2053 1972 virtute

479 2019 754 2086 perfectus
782 2016 964 2080 fuerit,
1004 2015 1150 2069 dicat
1177 2033 1190 2068 :
1221 2033 1239 2063 ι
1267 2011 1502 2066 Cursum
1537 2010 1914 2066 consummavi
1943 2009 2048 2062 θ’.)

475 2111 743 2163 l‘.:i:terum
787 2109 1038 2163 Christus
1070 2104 1345 2176 perfectus
1386 2120 1492 2158 non
1537 2103 1712 2157 evasit
1743 2103 1850 2155 ulla
1889 2117 2046 2156 exer-

475 2201 758 2261 citatio-ne,
803 2198 898 2254 sed
932 2199 985 2251 in
1037 2198 1156 2266 ipso
1209 2203 1476 2264 conceptu
1515 2209 1582 2249 ex
1631 2195 1746 2264 ipsa
1783 2193 2048 2254 unitione,

478 2301 642 2346 natus
677 2289 1018 2352 Emmanuel,
1053 2288 1196 2343 Deus
1240 2296 1296 2342 et
1343 2287 1507 2342 homo
1539 2296 1661 2344 est:
1694 2285 2046 2356 quamobrem

476 2385 640 2438 etiam
673 2381 900 2451 Deipara
929 2390 1013 2436 est
1046 2379 1234 2433 Maria.

552 2474 635 2528 12.
662 2474 835 2540 Apoll.
866 2471 1080 2526 Nullius
1111 2469 1349 2524 hominis
1379 2484 1509 2524 caro
1535 2467 1678 2522 dicta
1700 2475 1784 2524 est
1813 2483 1844 2523 e
1867 2467 2006 2522 calo
2031 2485 2046 2520 :

477 2567 678 2620 Christi
713 2580 840 2619 vero
868 2580 997 2618 caro
1032 2564 1179 2617 dicta
1207 2570 1344 2616 este
1381 2561 1522 2615 cmlo
1551 2576 1694 2616 esse.
1725 2558 1908 2629 Itaque
1939 2574 2048 2613 non

476 2664 562 2711 est
605 2656 852 2710 Christus
884 2654 1046 2707 homo
1091 2652 1390 2706 secundum
1443 2651 1731 2716 deitatem,
1780 2666 1900 2720 qua:
1930 2665 2049 2704 car-

478 2765 599 2804 nem
636 2747 1012 2817 assumpserit.
1057 2744 1148 2799 Sic
1198 2759 1328 2813 ergo
1372 2746 1533 2799 etiam
1578 2760 1609 2799 e
1640 2745 1782 2798 emlo
1815 2759 1937 2798 esse
1965 2744 2047 2797 di-

479 2843 637 2904 citur,
665 2841 808 2910 quod
842 2840 992 2893 unita
1022 2839 1094 2893 sit
1135 2839 1185 2892 ei
1227 2837 1318 2906 qui
1350 2843 1434 2890 est
1461 2854 1491 2890 e
1521 2836 1680 2890 cmlo.
1717 2835 1870 2890 Orth.
1903 2833 2047 2887 Nihil

481 2935 650 3004 potuit
683 2934 854 3002 magis
882 2930 1170 2985 ridiculum
1203 2927 1333 2982 dici.
1360 2926 1493 2980 Nam
1527 2927 1572 2982 si
1599 2940 1728 2980 caro
1763 2933 2047 2996 propterea

478 3026 678 3080 dicitur
709 3040 738 3078 e
773 3024 913 3077 coelo
959 3035 1114 3084 esse,
1174 3018 1316 3090 quod
1366 3019 1515 3072 unita
1565 3019 1636 3072 sit
1673 3017 1722 3072 ei
1781 3017 1987 3087 quiest
2018 3031 2048 3070 e

477 3115 637 3178 cmlo,
668 3129 775 3167 non
801 3119 885 3167 est
915 3113 1033 3181 ipsa
1071 3126 1102 3166 e
1129 3111 1286 3164 caelo.
1321 3108 1475 3162 Sicut
1503 3123 1633 3178 ergo
1663 3123 1903 3171 carnem,
1927 3124 2047 3176 quae

478 3221 508 3260 e
545 3207 683 3261 caelo
715 3222 822 3259 non
872 3213 978 3271 est,
1006 3203 1145 3258 dicis
1174 3219 1296 3258 esse
1328 3219 1359 3258 e
1395 3203 1556 3266 etelo,
1591 3203 1665 3256 ita
1707 3202 1869 3257 etiam
1903 3200 2047 3255 Scri-

481 3305 637 3365 ptura
687 3295 935 3350 homines
981 3293 1232 3348 etelestes
1281 3293 1414 3347 dicit
1461 3308 1490 3348 e
1527 3293 1669 3347 coelo
1711 3307 1852 3355 esse,
1897 3292 2042 3362 quod

479 3385 720 3441 cmlestia
761 3385 997 3453 sapiant.
1030 3382 1206 3447 Audi,
1239 3389 1295 3436 et
1329 3386 1504 3438 soluta
1551 3382 1714 3437 fuerit
1759 3391 1850 3435 tua
1881 3382 2044 3454 5.67

480 3478 806 3550 propositio,
851 3476 966 3531 sive
1003 3476 1408 3545 compendiaria
1452 3484 1668 3529 tuorum
1701 3487 2046 3544 argumento-

478 3587 598 3626 rum
653 3569 972 3631 subductio,
1023 3582 1133 3637 quo
1185 3568 1403 3622 nomine
1455 3567 1831 3620 tractationem
1884 3569 2044 3621 istam

481 3661 826 3730 inscripsisti.
857 3660 1120 3714 Caeterum
1146 3657 1398 3712 Christus
1425 3657 1606 3710 dictus
1635 3658 1797 3710 homo
1825 3672 1854 3711 e
1879 3657 2042 3718 caalo,

479 3770 585 3807 non
620 3753 801 3807 dictus
829 3758 935 3815 est,
972 3757 1032 3803 ut
1069 3765 1259 3803 omnes
1307 3748 1574 3808 homines,
1609 3748 1868 3811 cmlestis,
1901 3748 2044 3817 quod

478 3843 720 3898 cca-lestia
777 3849 1021 3909 saperet,
1063 3839 1157 3893 sed
1207 3839 1279 3892 ob
1332 3838 1571 3892 divinam
1618 3845 1672 3891 et
1714 3838 2044 3892 adorandam

479 3936 778 3990 unitionem
827 3933 922 3988 Dei
968 3948 1091 3986 eum
1149 3932 1288 3986 servi
1346 3930 1543 3997 forma,
1583 3938 1643 3984 ut
1693 3930 1836 3986 idem
1880 3933 1952 3986 sit
1993 3939 2046 3985 et

478 4027 622 4083 Deus
648 4034 701 4081 et
735 4025 918 4080 homo.
1128 4093 1133 4099 ρ

550 4120 636 4173 l3.
666 4118 843 4186 Apoll.
879 4117 1069 4170 Nullus
1095 4116 1257 4170 homo
1285 4114 1523 4169 viviﬁcat
1549 4133 1562 4168 :
1593 4129 1693 4170 nec
1723 4113 1867 4168 enim
1897 4113 2045 4168 ullus

480 4211 642 4265 homo
671 4219 754 4264 est
783 4209 1038 4262 Christus
1069 4227 1081 4261 :
1125 4215 1180 4260 at
1209 4205 1467 4261 Christus
1506 4205 1765 4258 viviﬁeat.
1811 4204 1928 4258 Non
1961 4212 2046 4260 est

478 4301 648 4372 igitur
677 4301 843 4354 homo
889 4299 1162 4354 Christus.
1201 4297 1357 4352 Orlh.
1410 4298 1479 4350 At
1530 4297 1786 4351 Christus
1841 4296 2047 4350 idcirco

478 4392 748 4453 vivillcat,
777 4392 904 4459 quia
950 4391 1091 4444 Deus
1120 4388 1355 4444 Verbum
1402 4395 1624 4459 accepta
1671 4388 1816 4443 servi
1849 4388 2044 4452 forma,

477 4491 705 4538 vocatus
741 4492 825 4537 est
850 4483 1127 4537 Christus.

554 4575 636 4628 l4.
669 4574 845 4643 Apoll.
877 4573 1018 4626 Nulli
1051 4575 1333 4628 hominum
1377 4573 1630 4627 convenit
1662 4587 1860 4626 nomen
1901 4572 2046 4642 quod

476 4676 560 4721 est
585 4681 751 4734 supra
791 4680 951 4719 omne
981 4680 1216 4728 nomen,
1265 4674 1318 4718 et
1368 4665 1540 4734 gloria
1582 4680 1703 4733 qua:
1753 4664 1924 4718 solius
1962 4672 2048 4718 est

479 4757 594 4811 Dei.
649 4757 718 4809 At
771 4755 993 4810 Christo
1052 4757 1310 4809 convenit
1377 4772 1485 4808 non
1540 4763 1625 4809 est
1673 4754 1836 4824 igitur
1883 4755 2046 4808 homo

477 4851 753 4904 Christus.
785 4847 939 4902 Orth.
969 4847 1082 4902 Hoc
1117 4863 1335 4918 quoque
1362 4849 1567 4904 dixeris
1593 4849 1660 4904 de
1685 4849 1892 4918 virgine
1935 4847 2047 4901 Ma-

475 4943 580 4996 ria.
608 4939 753 4994 Nulli
781 4939 1061 4994 hominum
1087 4940 1366 5002 convenit,
1393 4948 1453 4994 ut
1481 4941 1642 5012 Virgo
1670 4941 1741 4994 sit
1769 4949 1823 4995 et
1847 4941 2042 5010 pariat.

477 5029 646 5084 Maria
681 5045 834 5094 vero,
866 5031 1029 5099 Virgo
1054 5045 1177 5084 cum
1213 5042 1380 5094 esset,
1414 5033 1661 5100 peperit:
1692 5031 1859 5084 Maria
1887 5032 2050 5100 igitur

475 5137 585 5175 non
613 5132 699 5177 est
733 5123 916 5177 homo.
965 5121 1072 5177 Sed
1107 5130 1160 5178 et
1191 5130 1346 5176 tuum
1391 5124 1670 5193 sophisma
1701 5125 1781 5178 sic
1823 5139 2050 5194 prorsus

477 5216 858 5283 redarguetur.
895 5213 1042 5267 Nulli
1100 5216 1302 5284 quippe
1360 5216 1568 5270 homini
1617 5233 1741 5271 vere
1790 5218 2050 5272 convenit

476 5320 697 5367 nomen,
723 5304 870 5375 quod
896 5315 978 5361 est
1003 5323 1169 5377 super
1195 5323 1357 5361 omne
1386 5324 1606 5374 nomen,
1627 5319 1680 5362 et
1710 5309 1903 5378 gloria,
1927 5325 2046 5378 qua:

476 5397 649 5450 solius
681 5405 764 5450 est
794 5397 885 5452 Dei
915 5415 929 5451 :
968 5399 1226 5467 quoniam
1253 5401 1437 5455 nullus
1473 5403 1751 5454 hominum
1777 5409 1860 5456 est
1891 5402 2044 5456 Chri-

477 5496 618 5554 stus,
642 5503 708 5542 ex
742 5489 1124 5548 unitione.Dei
1165 5493 1324 5546 Verbi
1359 5500 1412 5547 et
1444 5493 1626 5547 servili
1671 5493 1862 5547 forma.

542 5643 588 5673 "
635 5643 673 5696 ll
711 5642 852 5698 Tim.
890 5661 962 5708 IV,
1002 5646 1053 5700 7.

551 5753 658 5822 ωε)
691 5752 843 5818 Μεδ.,
876 5754 1054 5823 ῆτουν.

2150 1931 2238 1984 διὰ
2260 1929 2352 1983 τοῦ
2377 1927 2711 1990 ἐνοικοῦντος
2739 1926 2796 1978 ἐν
2829 1924 2974 1994 αὐτῷ
3004 1923 3340 1994 Πνεῦματος,
3372 1922 3450 1984 ὡς
3481 1923 3542 1973 ὲν
3571 1922 3731 1990 ἀρετῇ

2149 2020 2505 2074 τελειωθέντα
2546 2019 2754 2084 λέγειν·
2794 2036 2812 2067 ι
2847 2016 2950 2069 Τὸν
2985 2015 3180 2086 δρόμον
3213 2013 3496 2066 τετέλεκα.
3540 2031 3560 2063 ι
3609 2012 3735 2080 Χρι-

2153 2113 2274 2176 στὸς
2304 2113 2359 2165 δὲ
2393 2113 2494 2164 οὐκ
2534 2111 2593 2175 ἐξ
2618 2111 2903 2181 ἀσκήσεως
2943 2106 3306 2166 τετελείωται,
3341 2104 3454 2157 ἀλλ’
3509 2105 3567 2156 ὲν
3601 2104 3731 2171 αὐτῇ

2147 2207 2214 2274 τῇ
2269 2202 2522 2272 συλλήψει
2564 2202 2620 2268 ἐξ
2663 2197 2906 2260 ένώσεως
2949 2194 3295 2265 Ἐμμανουὴλ
3340 2192 3585 2262 τεχθεὶς,
3610 2191 3735 2251 Θεός

2149 2297 2266 2348 εστι
2291 2295 2384 2346 καὶ
2415 2292 2696 2363 ἄνθρωπος
2715 2306 2730 2319 ο
2764 2288 2844 2341 διὸ
2867 2287 2959 2340 καὶ
2991 2284 3250 2346 Θεοτόκος
3276 2284 3310 2352 ἡ
3341 2281 3559 2351 Μαρία.

2221 2475 2307 2530 49..
2345 2475 2587 2526 Ἀπολλ.
2621 2468 2844 2530 Οὐδενὸς
2888 2462 3174 2534 ἀνθρώπου
3208 2464 3240 2532 ἡ
3278 2460 3417 2531 σὰρξ
3462 2459 3528 2523 ἐξ
3572 2460 3732 2529 οὐραο

2148 2568 2238 2622 νοῦ
2267 2567 2546 2620 λέλεκται·
2598 2560 2832 2635 Χριστοῦ
2866 2560 2919 2611 δὲ
2967 2560 3000 2628 ἠ
3048 2555 3184 2627 σὰρξ
3216 2555 3274 2618 ἐξ
3317 2553 3557 2624 οὐρανοῦ
3594 2554 3734 2624 εἰρη-

2146 2677 2238 2713 ται
2256 2675 2268 2688 ·
2308 2659 2407 2710 οὐκ
2430 2656 2536 2727 ἄρα
2565 2652 2848 2723 ἄνθρωπος
2876 2650 2904 2700 6
2933 2647 3164 2720 Χριστὸς
3199 2645 3340 2697 κατὰ
3367 2644 3469 2714 τὴν
3507 2643 3732 2713 θεότητα

2147 2754 2244 2826 τὴν
2272 2748 2680 2824 προσλαϐοῦσαν
2706 2745 2804 2816 τὴν
2845 2742 3041 2813 σάρκα.
3087 2737 3271 2798 Οὕτως
3315 2733 3410 2788 οὖν
3440 2737 3540 2788 καὶ
3566 2735 3626 2798 ἐξ
3653 2736 3732 2787 οὖα

2152 2844 2312 2918 ρανοῦ
2345 2843 2579 2910 λέγεται,
2609 2837 2698 2890 διὰ
2723 2836 2783 2888 τὸ
2815 2832 3054 2905 ἡνῶσθαι
3085 2829 3162 2899 τῷ
3195 2827 3257 2892 ἐξ
3280 2827 3541 2898 οὐρανοῦ.
3583 2828 3726 2893 Ὂρθ.

2148 2916 2314 2992 ύὺδὲν
2346 2933 2697 3004 γελοιότῖρον.
2729 2929 2790 2980 Ei
2832 2924 2942 2995 γὰρ
2981 2921 3068 2975 διὰ
3101 2919 3256 2972 τοῦτο
3297 2918 3355 2982 ἐξ
3385 2917 3630 2990 οὐρανοῦ
3656 2916 3731 2968 λέ-

2146 3045 2302 3098 γεται
2327 3026 2415 3079 διὰ
2437 3024 2496 3076 τὺ
2521 3020 2760 3094 ἡνῶσθαι
2793 3015 2870 3087 τῷ
2903 3016 2959 3081 ἐξ
2985 3011 3238 3086 οὐρανοῦ,
3273 3011 3374 3064 οὐκ
3407 3010 3466 3075 ἐξ
3504 3007 3728 3080 οὐρανοῦ

2073 3142 2115 3200 C
2148 3123 2181 3192 ἡ
2211 3117 2364 3190 σάρξ.
2393 3117 2601 3184 ’Ὠσπερ
2627 3109 2718 3165 οὖν
2751 3110 2849 3179 τὴν
2885 3107 2958 3178 μὴ
2990 3103 3156 3159 οὖσαν
3180 3104 3239 3168 ἐξ
3265 3101 3530 3173 οὐρανοῦ,
3558 3101 3728 3167 λέγεις

2152 3212 2209 3278 ἐξ
2241 3206 2503 3280 οὐρανοῦ·
2543 3206 2683 3258 οὕτω
2716 3202 2810 3256 καὶ
2837 3203 2961 3263 τοὺς
2988 3196 3305 3266 ἀνθρώπους
3337 3196 3468 3257 τοὺς
3508 3195 3728 3263 ἐπουρα-

2151 3301 2293 3364 νίους
2323 3302 2355 3370 ἡ
2384 3296 2572 3369 Γραφὴ
2607 3295 2753 3363 λέγει
2789 3293 2878 3346 διὰ
2909 3291 2968 3344 τὸ
2994 3291 3242 3362 οὐράνιον
3271 3286 3535 3356 φρόνημα
3565 3284 3626 3346 ἐξ
3651 3282 3728 3334 οὗ-

2156 3391 2336 3464 ρανοῦ.
2377 3390 2594 3451 Ἄκουε,
2627 3387 2720 3440 καὶ
2756 3384 2971 3438 λέλυται
3015 3399 3108 3435 σου
3152 3383 3185 3450 ἡ
3230 3379 3523 3451 πρότασις,
3572 3377 3727 3446 ἤγουν

2153 3484 2262 3556 (9|)
2311 3479 2803 3550 ἁνακεφαλαίωσις,
2841 3476 2916 3539 ὡς
2958 3474 3120 3535 αὐτὸς
3162 3471 3457 3539 ὠνόμασας
3498 3467 3727 3536 ἐπιγρά-

2150 3577 2274 3646 ψας.
2314 3573 2544 3646 Χριστὸς
2576 3571 2652 3633 δὲ,
2682 3569 2741 3633 ἐξ
2761 3565 2991 3638 οὐρανοῦ
3018 3564 3305 3633 λεγόμενος
3334 3560 3649 3630 ἄνθρωπος,
3672 3555 3728 3611 οδ

2149 3667 2236 3721 διὰ
2262 3665 2321 3718 τὸ
2353 3664 2625 3734 φρόνημα,
2657 3659 2908 3730 καθάπερ
2938 3656 3136 3716 πάντες
3163 3652 3460 3722 ἄνθρωποι,
3498 3650 3726 3721 ἐπουρὰ-

2151 3776 2261 3821 νιος
2287 3756 2566 3824 κέκληται,
2606 3751 2742 3806 ἀλλὰ
2768 3751 2854 3804 διὰ
2879 3750 2976 3820 τὴν
3004 3748 3155 3801 θείαν
3184 3745 3276 3798 καὶ
3314 3741 3725 3812 προσκυνουμέ-

2151 3867 2248 3921 νην
2277 3849 2468 3901 ἒνωσιν
2493 3844 2587 3898 τοῦ
2619 3843 2752 3897 Θεοῦ
2791 3843 2962 3910 Λόγου
2984 3840 3119 3910 πρὸς
3145 3838 3242 3909 τὴν
3265 3835 3359 3889 τοῦ
3386 3832 3583 3886 δούλου
3611 3846 3727 3902 μορ-

2153 3937 2280 4008 φὴν,
2315 3935 2391 3998 ὡς
2424 3931 2561 3988 εἶναι
2593 3933 2684 3986 τὸν
2709 3931 2870 3985 αὐτὸν
2906 3930 3000 3983 καὶ
3021 3928 3154 3982 Θεὸν
3187 3927 3281 3981 καὶ
3312 3924 3629 3996 ἄνθρωπον.

2229 4119 2313 4173 15.
2363 4117 2602 4170 Ἆπολλ.
2648 4111 2834 4173 Οὐδεὶς
2875 4106 3178 4180 ἀνθρώπων
3208 4103 3499 4172 ζωογονεῖ·
3533 4100 3596 4153 οὐ
3628 4097 3727 4167 γάρ

2153 4212 2269 4263 ἔστι
2299 4207 2556 4280 Χριστός·
2593 4202 2826 4275 Χριστὸς
2853 4201 2910 4254 δὲ
2941 4199 3196 4266 ζωογονεῖ
3215 4212 3230 4228 ο
3262 4195 3362 4248 οὐκ
3386 4194 3497 4263 ἄρα
3527 4191 3729 4260 ἄνθρω-

2154 4318 2254 4364 πος
2281 4301 2309 4351 ό
2334 4301 2375 4351 Χ
2386 4296 2584 4369 ριστός,
2628 4295 2782 4361 Ὁρθ.
2811 4290 3041 4362 Χριστὸς
3072 4288 3127 4340 δὲ
3154 4285 3242 4340 διὰ
3269 4283 3430 4337 τοῦτο
3452 4281 3724 4348 ζωογονεῖ,

2154 4390 2340 4461 ἐπειδὴ
2370 4389 2500 4452 Θεὸς
2547 4386 2737 4455 Λόγος,
2787 4383 3000 4456 μορφὴν
3029 4380 3215 4434 δούλου
3260 4374 3445 4431 λαϐὼν
3467 4414 3483 4438 ,
3529 4371 3721 4442 ἐκλήθη

2079 4501 2123 4555 ι)
2154 4481 2407 4555 Χριστός.

2228 4575 2313 4629 Li.
2355 4575 2592 4627 Ἀπολλ.
2633 4570 2822 4624 Οὐδενὶ
2855 4565 3157 4636 ἀνθρώπων
3203 4558 3439 4634 ἁρμόζει
3471 4559 3645 4629 ὄνομα
3671 4571 3722 4607 το

2153 4665 2292 4736 ὑπὲρ
2320 4665 2426 4717 πᾶν
2453 4663 2643 4733 ὄνομα,
2677 4662 2772 4715 καὶ
2799 4663 2831 4731 ἡ
2860 4659 2988 4723 δόξα
3014 4661 3048 4728 ἡ
3080 4656 3173 4710 τοῦ
3201 4654 3362 4725 μόνου
3385 4651 3528 4704 Θεοῦ
3552 4669 3564 4679 ·
3598 4650 3718 4718 Χρι-

2156 4757 2264 4827 στῷ
2289 4756 2344 4808 δὲ
2367 4754 2622 4825 ἁρμόζει’
2655 4753 2754 4805 οὐκ
2779 4752 2887 4820 ἄρα
2912 4748 3197 4818 ἄνθρωπος
3223 4747 3251 4798 6
3281 4743 3540 4814 Χριστός.
3579 4743 3715 4807 Ὀρθ.

2152 4849 2322 4902 Τοῦτο
2369 4848 2434 4900 ἂν
2482 4847 2658 4908 εῐποις
2694 4845 2790 4896 καὶ
2838 4843 2967 4912 περὶ
3006 4841 3104 4910 τῆς
3156 4835 3438 4907 Παρθένου
3485 4833 3714 4903 Μαρίας.

2152 4940 2339 4992 Οὐδενὶ
2371 4935 2673 5010 ἀνθρώπων
2694 4931 2920 5006 ἁρμόζει
2942 4931 3003 4983 τὸ
3033 4927 3297 4999 παρθένον
3317 4921 3486 4978 οὖσαν
3515 4924 3714 4975 τεκεῑν’

2152 5029 2425 5102 Παρθένος
2451 5028 2506 5080 δὲ
2533 5022 2667 5079 οὖσα
2697 5024 2879 5076 ἔτεκεν
2909 5023 2941 5091 ἡ
2975 5019 3196 5090 Μαρία·
3230 5018 3329 5069 οὑκ
3369 5015 3481 5084 ἄρα
3523 5011 3716 5083 ἄνθρω-

2153 5137 2252 5182 πος
2285 5117 2549 5190 ἡΜαρία.
2583 5115 2760 5176 ’Όλως
2786 5113 2842 5167 δέ
2875 5129 2967 5164 σου
3005 5111 3100 5163 καὶ
3130 5107 3303 5169 οὕτως
3336 5103 3712 5174 ἐλεγχθήσεται

2147 5211 2208 5262 τὸ
2237 5211 2496 5280 σόφισμα.
2530 5207 2721 5261 Οὐδενλ⁸
2747 5205 2855 5276 γὰρ
2883 5202 3096 5272 ἀληθῶς
3120 5197 3349 5270 ἁρμόζει
3372 5197 3482 5248 τῶν
3515 5190 3711 5263 ἀνθρὼ-

2152 5321 2274 5380 πων.
2320 5303 2490 5372 ὄνομα
2518 5301 2579 5354 τὸ
2615 5299 2753 5369 ὑπὲρ
2794 5299 2902 5350 πᾶν
2931 5295 3129 5365 ὄνομα,
3164 5293 3258 5346 καὶ
3303 5292 3338 5360 ἡ
3369 5289 3502 5354 δόξα
3554 5288 3588 5357 ὴ
3632 5280 3709 5380 102::

2157 5371 2316 5468 μόνου
2367 5371 2532 5450 Θεοῦ·
2589 5392 2773 5463 ἐπειδὴ
2814 5391 2986 5453 οὐδεὶς
3030 5385 3330 5454 ἀνθρώπων
3379 5379 3618 5453 Χριστὸς
3659 5371 3710 5436 ἐξ

2155 5491 2400 5558 ἑνώσεως
2436 5490 2570 5544 Θεοῦ
2593 5490 2766 5559 Λόγου
2800 5488 2894 5542 καὶ
2931 5483 3142 5558 μορφῆς
3165 5479 3437 5551 ὃουλικῆς.

3604 341 3738 396 ητα
3815 389 3817 394 .
