3850 6226
108 285 300 341 1255
1151 286 1241 343 DE
1283 285 1558 342 SANCTA
1597 261 1760 339 mm

1865 284 1977 338 tTE
2016 283 2369 341 DIALOGUS
2407 286 2505 342 IV.
3301 284 3444 345 1254

109 406 420 473 φότερον,
455 399 598 463 Νοῦς
625 399 720 455 καὶ
761 399 955 468 Λόγος,
981 399 1196 470 λέγεται
1237 403 1268 455 ὁ
1307 401 1562 473 Χριστός.
1597 397 1754 453 Οὕτω

1865 399 2124 454 habuisse
2155 407 2416 462 mentem,
2441 405 2503 452 ut
2523 412 2650 453 eum
2680 397 2916 455 dividas.
2954 397 3261 467 Utrumque
3295 400 3442 455 enim

110 494 189 546 δὲ
237 491 394 545 νοῦν
427 490 765 562 ἀνθρώπινον
791 491 935 560 λέγω
971 493 1031 546 ὲν
1053 487 1098 560 ᾧ
1124 489 1193 564 ἦν
1215 494 1245 547 ό
1273 493 1466 560 Λόγος,
1496 491 1571 555 ὡς
1596 493 1653 543 ἐν
1682 493 1749 562 τῇ

1865 490 2021 544 simul
2051 498 2107 545 et
2141 489 2484 558 conjunctim
2529 486 2963 552 consideratam,
3007 488 3161 544 Mens
3191 487 3446 545 videlicet

113 582 298 652 ἀρχῇ
323 580 428 634 τοῦ
461 580 621 649 λόγου
652 580 878 652 εἴπομεν
912 581 1074 652 σῶμα
1101 581 1439 653 ἀνθρώπινον
1471 584 1535 652 τῇ
1568 580 1750 650 φύσει,

1865 591 1911 636 et
1934 580 2414 646 Verbum,dicitur
2435 580 2712 635 Christus.
2749 577 2841 634 Sic
2877 589 3056 635 autem
3089 592 3326 635 mentem
3354 580 3444 635 cui

115 679 204 746 τῇ
251 674 324 727 δὲ
359 673 642 746 οἰκονομίᾳ
667 672 824 726 Θεοῦ.
861 673 1019 728 Οὕτω
1046 675 1140 728 καὶ
1175 674 1352 745 ψυχὴν
1374 677 1442 745 τῇ
1475 672 1634 742 φύσει
1662 673 1755 725 άν-

1865 672 2062 728 inesset
2089 670 2353 736 Verbum,
2377 673 2672 726 humanam
2709 673 2856 736 dico,
2881 680 2940 725 ut
2969 672 3128 726 initio
3174 672 3446 728 sermonis

121 766 456 838 θρωπίνην
485 765 619 838 (62),
654 769 721 836 τῇ
766 765 824 818 δὲ
869 767 1149 838 οἰκονομίᾳ
1176 766 1309 820 Θεοῦ
1329 784 1342 797 ·
1380 767 1475 819 καὶ
1501 764 1627 819 νοῦν
1661 766 1754 819 ἀν-

1865 764 2097 820 rliximus
2128 780 2331 836 corpus
2353 773 2550 818 natura
2583 764 2911 828 humanum,
2958 763 3052 818 Dei
3085 779 3215 819 vero
3243 779 3445 835 corpus

123 858 443 929 θρώπινον
470 859 534 928 τῇ
565 856 746 926 φύσει,
767 859 833 928 τῇ
859 857 915 910 δὲ
948 857 1228 928 οἰκονομίᾳ
1247 857 1403 912 Θεοῦ.
1427 856 1538 910 Kal
1563 855 1753 926 ὥσπερ

122 951 170 1019 ἡ
220 949 385 1022 σὰρξ
433 947 598 1003 αὑτοῦ
659 949 761 1002 οὐκ
810 945 917 1003 εἶδε
960 948 1276 1021 διαφθορὰν,
1333 947 1508 1012 οὕτως
1553 948 1674 1000 οὐδὲ
1725 950 1755 1002 ὁ

125 1040 287 1104 νοῦς
335 1039 504 1094 αὐτοῦ
537 1039 792 1110 εποίησεν
827 1041 1120 1112 ἁμαρτίαν.
1163 1041 1274 1094 Kal
1315 1040 1503 1112 ῶσπερ
1537 1040 1754 1110 ἀνάγκη

128 1132 208 1184 τὸ
254 1134 335 1203 τῇ
377 1132 536 1201 φύσει
579 1131 916 1203 ἀνθρώπινον
962 1130 1140 1202 σῶμα,
1176 1130 1272 1185 καὶ
1314 1132 1379 1184 ὲκ
1421 1130 1516 1184 τοῦ
1562 1129 1752 1200 Ἀδὰμ,

132 1224 217 1276 ὲκ
271 1223 487 1293 σαρκὸς
530 1223 624 1277 καὶ
663 1223 892 1294 αἵματος
924 1222 1066 1292 ἔχειν
1105 1222 1204 1294 τὴν
1239 1223 1528 1276 σύστασιν·
1581 1220 1757 1287 οὕτως

136 1313 390 1385 ἀνάγκη
419 1313 517 1385 τὴν
562 1312 908 1386 ἀνθρωπίνην
953 1313 1128 1385 ψυχὴν
1161 1313 1385 1386 λογικὴν
1430 1314 1590 1368 εἶναι.
1644 1315 1756 1368 Kal

138 1405 333 1460 πάλιν
371 1400 464 1458 οὖν
513 1404 676 1474 λέγω·
709 1405 921 1474 Ὠσπερ
956 1405 1018 1458 τὸ
1069 1405 1230 1475 σῶμα
1271 1405 1432 1474 φύσει
1475 1407 1576 1477 μὲν
1607 1408 1754 1461 ἐστιν

1865 1425 1979 1478 pus,
2005 1409 2152 1480 quod
2197 1409 2500 1464 humanum
2555 1409 2646 1476 sit,
2676 1417 2730 1464 et
2764 1425 2830 1464 ex
2859 1409 3071 1463 Adamo
3119 1407 3448 1484 profectum,

142 1498 536 1572 ἀνθρώπινον,
561 1501 626 1569 τῇ
662 1499 718 1552 δὲ
744 1496 934 1551 ὲνὼσει
959 1501 1058 1570 τῆς
1085 1499 1392 1570 οἰκονομίας
1419 1500 1597 1554 θεῐκόν
1614 1518 1628 1531 ⁸
1658 1501 1754 1554 οὖ-

1865 1517 1923 1557 ex
1944 1517 2112 1557 carne
2143 1510 2199 1557 et
2241 1502 2512 1572 sanguine
2543 1501 2828 1564 constitui,
2855 1500 2932 1554 ita
2967 1515 3194 1555 necesse
3220 1505 3306 1555 est
3331 1497 3454 1552 ani-

145 1610 272 1656 τως
306 1595 339 1646 ὁ
379 1591 504 1656 νοῦς
533 1591 692 1663 φύσει
729 1592 828 1663 μὲν
860 1590 1217 1664 ἀνθρώπινος,
1243 1595 1310 1664 τῇ
1343 1592 1400 1646 δὲ
1437 1592 1625 1646 ὲνώσει
1652 1595 1752 1665 τῆς

1865 1608 2001 1647 mam
2044 1594 2340 1649 humanam
2404 1609 2528 1650 esse
2564 1594 2970 1649 rationabilem.
3007 1592 3250 1648 Rursum
3284 1591 3454 1662 igitur

147 1685 486 1755 οἰκονομίας
513 1683 650 1737 Θεοῦ
679 1684 824 1748 νοῦς.

1865 1691 1980 1747 dico
2013 1711 2025 1746 :
2069 1691 2224 1747 Sicut
2257 1708 2461 1762 corpus
2512 1699 2712 1746 natura
2761 1691 2980 1762 quidem
3012 1699 3098 1747 est
3126 1690 3450 1750 humanum,

151 1780 381 1834 unione
411 1795 541 1836 vero
579 1780 901 1836 mconomiaa
929 1781 1178 1836 divinum
1209 1797 1223 1835 :
1259 1781 1337 1836 ita
1394 1790 1448 1836 et
1493 1797 1650 1838 mens
1694 1795 1892 1843 natura
1925 1790 2148 1860 quidem
2208 1797 2294 1846 est
2354 1790 2632 1854 humana,
2666 1789 2869 1844 unione
2912 1802 3044 1842 vero
3108 1783 3453 1848 oeconomiae,

153 1887 332 1926 mens
356 1871 475 1927 Dei.

1857 856 2049 920 fuisse,
2080 857 2127 912 si
2159 859 2527 912 oeconomiam
2583 867 2818 926 spectes.
2863 855 2952 910 Sic
2985 858 3151 910 etiam
3204 857 3443 911 animam

1856 949 1981 1003 dico
2016 957 2213 1003 natura
2264 949 2582 1014 humanam,
2633 949 2728 1004 Dei
2758 965 2888 1004 vero
2927 950 3163 1003 animam
3205 949 3352 1020 quod
3377 949 3446 1004 ad

1857 1043 2219 1096 meonomiam
2251 1042 2447 1097 attinet
2479 1049 2573 1097 :et
2606 1050 2844 1097 mentem
2894 1053 3089 1096 natura
3128 1043 3448 1108 humanam,

1857 1131 1953 1188 Dei
1990 1149 2121 1188 vero
2150 1142 2388 1189 mentem
2425 1149 2520 1204 per
2553 1135 2938 1189 oeconomiam.
2979 1133 3109 1190 item
3136 1135 3279 1188 sicut
3318 1147 3449 1188 caro

1795 1284 1800 1288 ,
1854 1225 1977 1296 ejus
2004 1241 2115 1281 non
2142 1226 2278 1282 vidit
2299 1227 2733 1297 corruptionem,
2752 1227 2827 1280 ita
2856 1241 3074 1297 quoque
3100 1241 3255 1281 mens
3278 1225 3450 1294 ipsius

1857 1336 1970 1373 non
2000 1321 2278 1374 commisit
2307 1330 2616 1390 peccatum.
2651 1318 2718 1372 Et
2762 1320 2911 1373 sicut
2945 1333 3177 1374 necesse
3209 1325 3297 1373 est
3325 1331 3453 1372 cor-

231 1989 292 2044 5.
346 1989 595 2043 Ἀπολλ.
656 1987 760 2040 Δύο
802 2003 896 2041 ουν
952 1986 1153 2040 τέλεια.
1213 1987 1367 2054 Ὀρθ.
1411 1985 1516 2039 Δύο
1561 1988 1757 2041 οὐσιῶν

1929 1991 1983 2045 5.
2015 1990 2194 2060 Apoll.
2219 1992 2334 2045 Duo
2365 1998 2492 2045 sunt
2510 1990 2678 2062 igitur
2691 1989 2954 2061 perfecta.
2979 1989 3132 2046 Orth.
3165 1991 3280 2046 lmo
3309 1993 3452 2048 dua-

155 2078 396 2132 τελείων
417 2078 629 2142 ἓνωσις.
676 2078 924 2132 Ἀπολλ.
974 2077 1078 2130 Δύο
1107 2076 1327 2132 τελείων
1367 2077 1424 2130 ἓν
1451 2078 1654 2133 τέλειον
1697 2080 1758 2134 οὐ

1865 2097 1986 2137 rum
2023 2081 2390 2152 perfectarum
2423 2085 2858 2139 substantiarum
2893 2085 3087 2139 unitio.
3136 2085 3311 2153 Apoll.
3374 2085 3455 2142 Ex

158 2171 406 2240 γίνεται.
453 2171 606 2236 Ὀρθ.
656 2169 792 2240 Παρ’
844 2167 1156 2240 ἀνθρώποις
1208 2169 1339 2233 ἴσως
1369 2167 1628 2222 ἀδύνατον
1667 2187 1762 2239 γε-

1865 2173 2078 2227 duobus
2130 2172 2389 2253 perfectis
2441 2189 2609 2226 unum
2670 2173 2971 2242 perfectum
3028 2190 3136 2228 non
3197 2175 3451 2231 efﬁcitur.

161 2261 387 2322 νέσθαι,
427 2261 576 2332 παρὰ
603 2259 660 2312 δὲ
701 2259 820 2331 Θεῷ
857 2259 1103 2313 δυνατόν.
1123 2261 1374 2314 Ἀπολλ.
1413 2261 1572 2326 Πῶς;
1605 2263 1760 2330 Ὀρθ.

1868 2259 2021 2315 Orth.
2074 2260 2232 2330 Apud
2272 2260 2522 2316 homines
2563 2260 2728 2332 460
2750 2261 3005 2318 fortassis
3060 2263 3115 2316 id
3169 2263 3287 2318 ﬁeri
3344 2280 3454 2320 non

173 2351 272 2416 Ὦς
299 2353 364 2405 τὸ
391 2351 666 2422 Παρθένον
709 2351 988 2421 γεννῆσαι,
1033 2350 1110 2415 ὡς
1142 2351 1203 2405 τὸ
1235 2350 1415 2423 θυρῶν
1443 2347 1764 2424 κεκλεισμέ-

1865 2360 2063 2422 potest,
2102 2352 2195 2409 sed
2233 2353 2379 2424 apud
2407 2351 2576 2407 Deum
2615 2354 2731 2407 lieri
2770 2362 2970 2423 potest.
3008 2354 3186 2424 Apoll.
3214 2356 3456 2421 Quomo-

165 2464 278 2500 νων
336 2446 496 2516 σῶμα
554 2445 874 2517 παχυμερὲς
928 2443 1227 2510 εἰσελθεῖν,
1281 2444 1346 2496 ὲκ
1406 2443 1625 2516 σαρκῶν
1669 2446 1764 2500 καί⁸

1865 2447 1935 2501 do
1962 2447 1985 2500 ’ἰ
2010 2445 2162 2501 Orth.
2199 2445 2270 2500 Ut
2315 2447 2458 2517 quod
2497 2445 2662 2518 Virgo
2703 2449 2972 2518 genuerit,
3009 2459 3068 2502 ut
3102 2449 3456 2520 quodjanuis

166 2538 378 2593 ὀστέων
403 2537 710 2608 συμπαγὲν,
741 2537 818 2600 ὡς
847 2535 910 2589 τὸ
934 2536 1308 2608 περιπατῆσαι
1341 2537 1432 2589 ἐπὶ
1465 2535 1760 2607 θαλάσσης.

1865 2538 2070 2593 clausis
2112 2553 2312 2610 corpus
2350 2539 2610 2602 solidum,
2655 2546 2709 2593 et
2740 2555 2806 2593 ex
2845 2540 3106 2595 carnibus
3135 2548 3188 2594 et
3233 2543 3456 2597 ossibus

182 2632 276 2696 Ὧς
307 2631 418 2703 γὰρ
442 2631 614 2685 ταῦτα
633 2630 833 2684 δυνατά
880 2630 1033 2701 παρὰ
1060 2625 1199 2702 Θεῷ,
1230 2633 1472 2684 κάκεῖνο.
1511 2631 1760 2689 Ἀπολλ.

1865 2637 2231 2700 compactum,
2266 2630 2562 2694 introierit,
2598 2638 2657 2683 ut
2705 2629 2853 2700 quod
2885 2646 3050 2701 supra
3079 2647 3232 2688 mare
3263 2635 3458 2689 ambu-

175 2725 503 2795 ’Ἄνθρωπον
527 2719 618 2777 οὖν
661 2723 949 2794 ἐγέννησεν
980 2723 1200 2796 Μαρίας
1243 2723 1395 2792 Ὀρθ.
1428 2723 1595 2775 Ψιλὸν
1623 2721 1760 2793 (65),

173 2816 259 2870 οὔθ
288 2816 425 2870 ἀλλὰ
461 2815 591 2868 Θεὸν
639 2815 1156 2887 ὲνανθρωπήσαντα.
1188 2815 1409 2887 Πρῶτον
1439 2814 1548 2886 γὰρ
1581 2815 1609 2866 ὁ
1648 2814 1762 2868 Κύ-

179 2926 295 2980 ριος
323 2911 440 2978 μετ’
466 2908 636 2979 αὐτῆς
665 2907 880 2972 θεῖκῶς,
915 2909 1009 2961 καὶ
1035 2907 1157 2960 τότε
1197 2907 1256 2972 ἐξ
1289 2907 1462 2977 αὐτῆς
1490 2908 1762 2977 οἰκονομι-

177 3001 292 3064 κῶς
341 3000 584 3054 παιδίον·
633 3000 712 3053 διὸ
759 3000 853 3054 καὶ
897 2999 1158 3064 Θεοτόκος
1189 3002 1222 3072 ἡ
1258 2999 1469 3071 Μαρία.
1511 3001 1759 3053 Ἀπολλ.

181 3093 507 3166 Ἀνθρωπος
531 3089 622 3147 οὖν
643 3093 962 3168 ἐσταυρώθη
991 3093 1131 3164 ὑπὲρ
1154 3091 1342 3164 ήμῶν;
1383 3093 1537 3159 Ὀρθ.
1560 3090 1758 3154 Ψιλὸς,

181 3183 242 3237 οῦ
262 3199 280 3217 ο
332 3184 469 3237 ἀλλὰ
494 3183 626 3246 Θεὸς
653 3182 727 3236 ὢν
764 3185 792 3236 ὁ
822 3182 915 3236 τοῦ
948 3181 1082 3235 Θεοῦ
1119 3183 1262 3246 Υἱὸς,
1296 3181 1575 3252 βουληθεὶς
1601 3197 1763 3234 σταυ-

182 3275 422 3349 ρωθῆναι
450 3277 589 3348 ὑπὲρ
612 3278 644 3347 ἡ
653 3276 787 3347 μῶν,
809 3275 1020 3346 ἥνωσεν
1042 3274 1218 3346 ἑαυτῷ
1242 3274 1399 3346 σῶμα
1425 3273 1663 3345 ἔμψυχον
1680 3273 1761 3327 λο-

1865 3275 2040 3332 Homo
2070 3278 2238 3348 igitur
2267 3278 2565 3334 crucifixus
2594 3284 2678 3333 est
2720 3293 2819 3348 pro
2850 3278 3011 3333 nobis
3040 3278 3063 3332 ?
3089 3277 3242 3334 Orth.
3267 3279 3460 3336 Nudus

183 3370 359 3438 γικὸν,
395 3369 455 3422 τὸ
482 3369 777 3439 δυνάμενον
815 3367 1194 3438 σταυρωθῆναι
1224 3366 1362 3438 μετὰ
1387 3367 1634 3420 ἑκουσίου
1658 3367 1764 3419 πά-

1865 3366 2131 3421 duntaxat
2187 3367 2372 3431 homo,
2419 3383 2812 3437 nequaquam:
2862 3367 2959 3423 sed
3008 3367 3098 3422 Dei
3132 3367 3305 3424 Filius
3332 3385 3460 3425 cum
3531 3399 3538 3406 -

187 3461 332 3525 θους.
352 3463 598 3516 Ἀπολλ.
628 3460 728 3514 Διὰ
754 3461 806 3512 τί
833 3460 1033 3526 λέγεις,
1080 3460 1464 3531 σταυρωθῆναι
1501 3460 1637 3531 μετὰ
1660 3460 1765 3513 πά-

1865 3456 2006 3512 Deus
2060 3465 2242 3521 esset,
2290 3457 2562 3527 velletque
2613 3455 2860 3526 erucifigi
2907 3472 3008 3526 pro
3053 3456 3250 3519 nobis,
3283 3458 3460 3511 univit

189 3552 344 3619 θους;
381 3552 541 3605 Ἀλλο
573 3553 690 3605 ἐστὶ
725 3552 1029 3625 σταύρωσις
1075 3551 1212 3622 (64),
1241 3554 1335 3606 καὶ
1384 3553 1512 3608 ἄλλο
1556 3553 1762 3621 πάθος;

1865 3549 1966 3605 sibi
1996 3548 2097 3618 ipsi
2126 3563 2331 3617 corpus
2363 3547 2666 3601 animatum
2710 3548 2944 3602 rationis
2979 3549 3284 3618 particeps,
3311 3549 3458 3618 quod

202 3644 642 3713 Ὄρθ.⁹Εκούσιον
670 3645 764 3697 καὶ
793 3643 956 3698 πάνυ.
976 3645 1222 3698 Ἀπολλ.
1255 3644 1415 3710 Πῶς;
1460 3645 1614 3714 Ὀρθ.
1640 3646 1763 3699 Ὅτι

1865 3649 2046 3713 posset
2079 3641 2326 3711 crucifigi
2361 3657 2486 3696 cum
2517 3641 2824 3695 voluntaria
2850 3641 3121 3709 passione.
3150 3641 3326 3710 Apoll.
3347 3641 3461 3696 Cur

192 3735 347 3806 σῶμα
367 3735 606 3806 ἔμψυχον
633 3737 1012 3807 σταυρωθῆναι
1033 3735 1275 3801 δύναται,
1302 3736 1492 3790 παθεῖν
1522 3737 1578 3790 δὲ
1608 3739 1765 3791 ἑκου-

1865 3732 2002 3787 dicis
2039 3731 2362 3785 crucifixum
2410 3731 2581 3786 fuisse
2615 3745 2740 3785 cum
2789 3732 3044 3801 passione
3080 3731 3268 3786 ?Num
3308 3733 3459 3788 aliud

1861 2723 2008 2778 larit.
2041 2722 2176 2777 Nam
2211 2730 2270 2776 ut
2299 2723 2414 2777 haec
2455 2723 2738 2794 possibilia
2771 2723 2916 2793 apud
2962 2723 3151 2789 Deum,
3186 2727 3260 2778 ita
3302 2733 3357 2781 et
3385 2727 3457 2781 il-

1861 2815 1976 2870 lud.
2024 2815 2203 2885 Apoll.
2243 2813 2528 2869 Hominem
2580 2814 2750 2886 igitur
2802 2815 2990 2885 genuit
3032 2815 3202 2870 Maria
3239 2817 3262 2871 ?
3299 2816 3454 2874 Orth.

1861 2907 2077 2963 Nudum
2095 2915 2149 2962 et
2165 2907 2431 2961 duntaxat
2448 2908 2744 2971 hominem,
2764 2923 3130 2979 nequaquam,
3152 2909 3244 2964 sed
3267 2908 3456 2975 Deum,

1865 3000 2137 3054 hominem
2186 2998 2412 3053 factum.
2437 2996 2679 3052 Primum
2715 2991 2860 3053 enim
2900 2998 3166 3054 Dominus
3201 3001 3301 3055 fuit
3330 3017 3458 3056 cum

1863 3107 1926 3148 ea
1950 3091 2154 3157 divine,
2185 3098 2239 3146 et
2276 3098 2395 3144 tum
2442 3089 2660 3145 demum
2700 3090 3002 3148 infantulus
3027 3108 3094 3147 ex
3136 3108 3199 3148 ea
3234 3107 3460 3149 oecono-

1864 3186 2002 3240 mice
2044 3201 2056 3236 :
2088 3185 2446 3255 quamobrem
2475 3185 2637 3240 etiam
2674 3183 2906 3256 Deipara
2943 3193 3028 3241 est
3059 3185 3248 3240 Maria.
3278 3186 3456 3256 Apoll.

195 3827 320 3891 σίως
351 3829 410 3881 σύ
442 3829 681 3895 δύναται,
735 3829 808 3899 μὴ
837 3828 895 3882 ὃν
933 3827 1173 3900 ἔμψυχον
1203 3829 1439 3896 λογικόν.
1471 3831 1580 3883 Καὶ
1608 3830 1766 3884 τοῦτό

196 3921 306 3974 ἐστι
345 3921 404 3974 τὸ
429 3919 682 3992 ἀσέϐημα
713 3921 822 3974 τῶν
852 3920 1139 3990 λέγοντων,
1169 3922 1251 3975 ὅτι
1273 3922 1449 3992 ψυχὴν
1477 3923 1577 3976 οὐκ
1596 3921 1762 3994 εἶχεν.

197 4013 297 4068 Τοῦ
322 4014 426 4085 γάρ
455 4012 702 4083 σώματος
737 4013 810 4085 μὴ
848 4002 1145 4084 δυναμένου
1167 4012 1491 4084 αἰσθηθῆναι
1519 4013 1764 4067 ἑκουσίου

199 4103 393 4167 πάθους
440 4104 568 4157 ἄνευ
615 4102 813 4174 ψυχῆς,
838 4103 1051 4174 ἀνάγκη
1101 4101 1193 4156 τὸν
1227 4103 1397 4171 Λόγον
1430 4103 1548 4156 ἀντὶ
1590 4103 1767 4175 ψυχῆς

200 4194 322 4250 ὄντα
367 4195 595 4261 παθεῖν,
640 4195 675 4266 ἢ
731 4195 852 4266 μηδ’
905 4194 1041 4258 ὅλως
1087 4189 1226 4247 εἶναι
1269 4193 1520 4265 αἴσθησιν
1563 4196 1768 4258 πάθους

203 4287 455 4342 ἑκουσίου.

1861 3833 1945 3880 est
1993 3823 2308 3888 crucifixio,
2345 3841 2508 3894 quam
2565 3824 2753 3894 passio
2788 3824 2811 3877 ?
2854 3823 3008 3878 Orth.
3050 3823 3195 3878 Sane
3245 3839 3374 3880 vero
3410 3826 3460 3881 si

1863 3915 2172 3970 voluntaria
2221 3915 2312 3970 sit.
2363 3914 2540 3984 Apoll.
2595 3913 2934 3980 Quomodo?
2973 3913 3127 3970 Orth.
3187 3912 3459 3979 Quoniam

1864 4025 2066 4079 corpus
2099 4009 2399 4062 animatum
2433 4015 2611 4077 potest
2634 4007 2900 4077 crucifigi,
2933 4006 3242 4061 voluntarie
3277 4012 3458 4061 autem

1866 4104 1975 4173 pati
2000 4118 2112 4156 non
2151 4109 2328 4171 potest
2385 4116 2586 4171 corpus
2626 4101 2771 4170 quod
2809 4114 2920 4153 non
2954 4098 3120 4153 fuerit
3156 4097 3460 4151 animatum

1869 4197 2032 4250 simul
2058 4203 2112 4250 et
2147 4194 2376 4249 rationis
2405 4193 2703 4264 particeps.
2736 4191 2801 4246 Et
2831 4192 2949 4246 haec
2973 4191 3064 4244 illa
3096 4199 3181 4245 est
3205 4189 3460 4258 impietas

1871 4302 2059 4342 eorum
2099 4287 2190 4355 qui
2219 4285 2499 4340 Christum
2530 4293 2728 4354 negant
2759 4283 2939 4337 anima
2960 4281 3246 4351 praeditum
3266 4280 3458 4338 fuisse.

204 4377 329 4433 Cum
355 4378 498 4432 enim
557 4391 759 4446 corpus
793 4375 999 4444 absque
1054 4375 1237 4430 anima
1271 4391 1378 4429 non
1425 4376 1664 4445 potuerit
1725 4376 2092 4431 voluntariam
2130 4375 2442 4444 passionem
2481 4375 2719 4436 sentire.
2788 4389 3013 4428 necesse
3075 4382 3161 4428 est
3195 4371 3458 4429 Verbum.

207 4469 340 4543 quod
381 4469 576 4524 animae
607 4469 729 4522 loco
763 4466 946 4530 fuerit,
995 4480 1216 4536 passum
1258 4481 1380 4521 esse
1425 4475 1518 4520 aut
1558 4468 1768 4522 nullum
1808 4483 2039 4540 prorsus
2088 4466 2261 4523 fuisse
2292 4466 2613 4521 voluntaria:
2644 4465 2919 4535 passionis
2954 4479 3198 4520 sensum.

270 4607 319 4661 4.
369 4607 611 4660 Ἀπολλ.
665 4603 780 4656 Οὐκ
835 4601 1038 4656 ἔπαθεν
1059 4599 1152 4656 οῦν
1182 4605 1209 4656 ὁ
1231 4603 1441 4672 Λόγος;
1481 4604 1635 4672 Ὀρθ.
1658 4605 1762 4656 Φυ-

1934 4603 1989 4658 4.
2015 4601 2190 4671 Apoll.
2219 4599 2360 4671 Ergo
2377 4615 2486 4654 non
2508 4613 2732 4670 passum
2774 4597 2942 4652 fuerit
2983 4596 3215 4651 Verbum
3248 4597 3272 4650 ?
3303 4594 3457 4654 Orth.

212 4694 360 4758 σικῶς
404 4695 477 4766 μὴ
530 4693 768 4762 γένοιτοί
812 4692 1057 4747 Ἀπολλ.
1091 4693 1268 4756 ’Όλως
1320 4693 1542 4747 ἔπαθεν.
1611 4695 1762 4762 Ὄρθ.

221 4788 439 4851 Ἕνώσας
473 4787 650 4858 ἑαυτῷ
683 4787 840 4858 σῶμα
863 4787 924 4840 τὸ
947 4786 1244 4856 δυνάμενον
1274 4786 1496 4840 παθεῖν’·
1525 4788 1601 4850 ὡς
1626 4782 1766 4839 εἶναι

213 4882 267 4934 τὸ
290 4880 446 4944 πάθος
469 4879 570 4950 τῆς
611 4879 942 4950 οἰκονομίας,
991 4879 1087 4931 καὶ
1123 4878 1244 4948 οὐχὶ
1281 4879 1379 4947 τῆς
1418 4878 1634 4948 φύσεως
1670 4878 1766 4931 τοῦ

214 4972 386 5039 Λόγου.
425 4971 511 5032 Ὡς
543 4970 651 5042 γὰρ
677 4970 967 5022 ἐκοπίασεν
991 4971 1057 5022 ὲκ
1091 4969 1191 5040 τῆς
1225 4970 1551 5042 ὁδοιπορίας,
1580 4971 1642 5024 οὐ
1669 4970 1770 5040 φύ-

218 5079 290 5115 σει
313 5061 572 5132 θεότητος,
597 5061 710 5115 ἀλλ’
741 5060 986 5124 ὲνώσεως
1009 5062 1291 5133 οἰκονομίᾳ
1309 5079 1322 5092 ·
1351 5062 1524 5127 οὕτως
1548 5063 1767 5128 ἔπαθεν,

218 5155 271 5208 οὐ
296 5154 440 5223 φύσει
471 5153 743 5225 θεότητος,
792 5152 905 5206 ἀλλ’
956 5151 1202 5216 ὲνώσεως
1250 5155 1556 5225 οἰκονομίᾳ.
1606 5155 1670 5207 Εἰ
1716 5153 1772 5206 δὲ

223 5246 304 5318 μὴ,
334 5248 360 5300 ὁ
391 5246 622 5316 ποιήσας
649 5245 740 5301 τὸν
771 5245 996 5317 οὐρανὸν
1030 5245 1123 5298 καὶ
1156 5245 1254 5317 τὴν
1286 5247 1388 5316 γῆν
1415 5247 1542 5300 ἄνευ
1578 5246 1771 5312 κόπου,

220 5340 301 5393 καὶ
334 5339 709 5410 περιπατήσας
749 5338 888 5406 ὑπὲρ
937 5335 1224 5406 πτερύγων
1272 5339 1511 5408 ἀνέμων,
1555 5337 1674 5402 πῶς
1705 5337 1771 5391 ἂν

222 5431 502 5494 ἐκοπίασεν,
526 5431 574 5483 εἰ
622 5430 696 5500 μὴ
725 5431 934 5500 ἥνωσεν
967 5430 1145 5501 ἐαυτῴ
1168 5431 1230 5484 τὸ
1257 5431 1553 5501 δυνάμενον
1580 5431 1769 5484 κοπιά-

225 5541 326 5590 σαι;
344 5523 505 5594 Σῶμα
527 5521 582 5575 δὲ
603 5523 804 5594 ἄψυχον
823 5523 883 5576 οὐ
909 5525 1093 5595 κοπιᾷ,
1113 5523 1233 5577 οὐδὲ
1255 5523 1424 5595 νήθει.
1445 5524 1557 5576 Κοιί
1580 5523 1767 5595 ὥσπερ

304 5680 378 5752 62)
414 5679 611 5752 Palat,
641 5681 1006 5752 ἀνθρωπίνην,
1046 5679 1139 5731 καὶ
1175 5678 1298 5734 νοῦν
1327 5677 1575 5752 άνθρώπ.

304 5680 378 5749 62)
414 5680 611 5746 Palat,
641 5681 737 5734 ἀνθ
778 5681 1006 5750 ωπίνην,
1046 5680 1134 5731 καί

280 5680 380 5824 (65)
420 5751 615 5820 Palat.,
635 5700 800 5806 Ψιλὸν
831 5751 1134 5814 ἄνθρωπον.

1871 4695 2050 4758 Absit,
2084 4702 2144 4748 ut
2175 4693 2498 4748 naturaliter
2524 4705 2744 4760 passum
2771 4689 2936 4744 fuerit
2969 4691 2982 4743 !
3013 4688 3190 4756 Apoll.
3225 4687 3462 4742 Omnino

1873 4798 2052 4842 tamen
2084 4801 2307 4856 passum
2349 4793 2455 4840 est.
2489 4784 2643 4839 Orth.
2668 4781 2872 4852 Nempe
2901 4782 3056 4835 unito
3091 4780 3194 4836 sibi
3230 4794 3461 4849 corpore

1872 4879 2020 4950 quod
2057 4880 2168 4949 pati
2227 4886 2414 4948 posset
2453 4897 2466 4932 :
2501 4884 2561 4930 ut
2620 4876 2804 4945 passio
2848 4875 2920 4930 sit
2965 4872 3317 4937 oeconomiae,
3346 4888 3458 4926 non

1871 4981 2056 5026 autem
2092 4973 2267 5041 ipsius
2299 4982 2510 5025 naturae
2549 4971 2733 5025 Verbi.
2764 4968 2920 5023 Sicut
2957 4966 3102 5020 enim
3142 4965 3324 5019 lassus
3357 4962 3459 5018 fuit

1869 5064 1936 5119 de
1965 5065 2068 5129 via,
2098 5080 2205 5119 non
2253 5065 2308 5118 in
2358 5066 2476 5134 ipsa
2527 5064 2748 5119 deitatis
2793 5071 3010 5122 natura,
3059 5057 3155 5112 sed
3189 5057 3458 5113 unitionis

1871 5157 2178 5212 meonomia
2212 5175 2225 5210 :
2260 5159 2334 5212 ita
2373 5173 2572 5228 passus
2599 5165 2705 5221 est,
2736 5170 2844 5208 non
2875 5154 2930 5206 in
2965 5153 3083 5222 ipSa
3115 5150 3336 5206 deitatis
3358 5166 3458 5204 na-

1870 5255 2014 5314 tura,
2044 5249 2139 5304 sed
2171 5249 2437 5304 unitionis
2461 5247 2788 5303 oeconomia.
2809 5244 3047 5314 Alioqui,
3067 5243 3342 5313 quomodo
3362 5243 3456 5312 qui

1871 5342 2080 5412 absque
2112 5341 2299 5396 labore
2333 5340 2460 5396 fecit
2505 5341 2705 5395 ccelum
2741 5349 2795 5393 et
2841 5346 3064 5401 terram,
3113 5344 3168 5389 et
3211 5333 3458 5388 ambulat

1877 5448 2040 5504 super
2073 5449 2284 5505 pennas
2315 5444 2622 5497 ventorum,
2655 5430 2908 5486 defessus
2953 5427 3178 5489 fuisset,
3207 5423 3315 5479 nisi
3349 5423 3455 5480 sibi

1873 5524 1976 5594 ipsi
2020 5524 2284 5579 univisset
2326 5521 2472 5593 quod
2517 5521 2733 5594 fatigari
2773 5517 3006 5592 posset?
3033 5514 3299 5570 Caeterum
3330 5526 3455 5570 cor-

1942 5679 2051 5751 (64)
2093 5676 2222 5735 Mss.
2235 5720 2250 5748 ,
2285 5676 2537 5749 σταυρός.
