3850 6226
418 300 552 356 ίΞῖὗ

1542 294 1599 348 s.
1641 281 2103 348 ATt-l'ANAStUS.
2143 319 2212 331 -
2259 286 2529 343 spuma.

3536 276 3683 331 19.ἷῦ

415 431 500 478 est
559 423 698 476 Deus
748 427 802 474 et
850 420 1029 474 homo.
1087 418 1239 473 Orth.
1289 418 1545 471 Christus
1593 415 1814 486 quidem
1874 428 2029 473 non;

2137 411 2318 474 αὐτός.
2364 414 2519 477 Ὀρθ.
2567 407 2642 460 Οὐ
2686 404 2844 476 μόνον
2881 404 2979 474 μὲν
3028 397 3312 472 ἄνθρωπος
3345 392 3490 486 ᾖνᾷ
3535 398 3685 486 Χρι-

419 523 627 568 lﬁ‘lltlttl
659 511 760 563 fuit
792 507 1124 563 homo.Natu
1158 523 1227 561 ne
1253 507 1506 562 Christus
1529 506 1749 575 quidem
1774 504 1987 567 luisset,

417 607 463 660 si
499 611 711 657 tantum
751 602 943 655 luisset
972 601 1156 654 hmno.
1190 599 1484 653 Vivillcaus
1512 610 1695 652 tamen
1724 609 1989 657 mortuos,

421 697 650 749 minime
682 696 831 763 ipsos
858 692 1145 759 viviﬁcavit
1183 693 1413 746 Seorsitn
1443 707 1472 743 a
1497 690 1676 745 Patre.
1711 687 1994 755 Quomodo

421 786 567 841 enim
621 784 851 838 dixisset
878 825 891 844 ,
938 803 956 834 ι
996 782 1154 838 Pater
1185 783 1242 836 in
1294 797 1379 837 me
1421 796 1670 845 manens,
1716 781 1833 850 ipse
1866 778 1996 833 facit

424 893 591 946 opera
616 878 661 909 ³³
684 917 698 942 ,
733 896 750 927 ι
787 876 832 929 si
878 872 1107 930 scorsim
1141 890 1171 927 a
1218 873 1378 927 Patre
1413 873 1764 926 viviﬁcasset.
1810 870 1998 938 Itaque

424 968 640 1022 etiamsi
684 967 871 1029 dicat,
927 985 945 1016 ι
990 966 1144 1019 Sicut
1182 964 1343 1019 Pater
1392 966 1597 1018 excitat
1650 970 1897 1016 mortuos
1946 971 2001 1016 et

429 1058 691 1120 virilicat,
725 1057 797 1109 ita
836 1064 891 1109 et
925 1055 1122 1119 Filius,
1155 1071 1292 1125 quos
1324 1056 1442 1108 vult
1474 1055 1714 1108 vivificat
1738 1054 1806 1118 ",
1837 1072 1855 1104 ι
1890 1070 1998 1107 non

428 1148 561 1202 dicit
596 1164 655 1203 se
687 1148 790 1201 hoc
834 1147 1013 1201 facere
1051 1147 1307 1215 quapiam
1343 1144 1581 1198 enicat-ia
1629 1143 1922 1215 separatim
1971 1160 2002 1197 a

430 1238 614 1301 Patre,
657 1238 754 1292 sed
794 1238 868 1291 ita
915 1238 1182 1307 loquitur,
1221 1249 1280 1290 ut
1320 1253 1422 1291 nos
1464 1237 1660 1290 doceat
1689 1252 1801 1291 sua:
1830 1236 2002 1307 hypo-

433 1342 648 1384 Staseos
679 1328 1069 1398 perfectionem
1098 1327 1153 1381 in
1191 1342 1312 1381 sese
1348 1328 1678 1382 absolutam.
1724 1326 1834 1381 Nec
1860 1326 2003 1380 enim

433 1419 573 1474 alios
606 1419 828 1488 quidem
885 1427 1135 1473 mortuos
1171 1418 1375 1471 excitat
1404 1426 1460 1472 et
1514 1418 1756 1472 \‘irilicat
1804 1416 2003 1483 Pater,

434 1509 574 1563 alios
608 1522 737 1561 vero
769 1508 962 1561 Filius.

507 1600 596 1653 21.
633 1599 811 1667 Apoll.
849 1599 1021 1654 llomo
1051 1608 1208 1656 actus
1243 1614 1272 1652 a
1312 1598 1421 1653 Deo
1453 1612 1564 1652 non
1598 1606 1682 1653 est
1716 1599 1879 1663 Deus,
1913 1599 2008 1656 sed

2091 502 2241 564 στός·
2272 500 2392 554 οὐδὲ
2426 498 2531 571 γὰρ
2573 499 2641 550 ἂν
2671 492 2739 566 ἦν
2772 492 3027 564 Χριστὸς,
3058 493 3107 544 εἰ
3151 490 3311 560 μόνον
3341 483 3413 557 ἦν
3453 485 3684 556 ἄνθρω-

2091 609 2218 655 πος·
2258 590 2537 656 {too-itotth
2576 589 2632 642 δὲ
2678 588 2803 651 τοὺς
2841 586 3088 654 νεκροὺς,
3121 582 3221 635 οὐκ
3251 579 3355 649 ἰδίᾳ.
3384 576 3555 649 παρὰ
3589 577 3687 629 τὸν

2092 684 2311 752 Πατέρα
2364 682 2634 747 ζωοποιεῖ.
2674 678 2799 741 Πῶς
2854 677 2959 749 γὰρ
2992 674 3203 741 ἔλεγεν,
3240 690 3259 722 ι
3310 671 3367 723 Ὀ
3399 669 3611 738 Πατὴρ
3658 671 3689 720 6

2096 773 2154 824 ἐν
2189 773 2310 842 ἐμοὶ
2365 771 2541 841 μένων
2606 770 2751 821 ποιεῖ
2794 768 2863 819 τὰ
2890 765 3027 836 ἔργα
3061 763 3251 826 αὐτὸς,
3297 780 3316 813 ι
3358 759 3537 829 εἴπερ
3582 758 3689 827 ἰδίᾳ

2096 865 2247 934 παρᾶ
2296 863 2388 916 τὸν
2449 861 2670 932 Πατέρα
2735 858 3015 922 (memmi;
3096 855 3198 908 κᾶν
3255 853 3439 906 τοίνυν
3510 849 3687 919 λέγῃ,

2103 975 2121 1006 ι
2153 956 2365 1025 Ὥσπερ
2390 955 2418 1006 6
2437 952 2626 1022 Πατὴρ
2653 950 2855 1020 ἐγείρει
2877 949 3001 1010 τοὺς
3025 946 3250 1017 νεκροὺς
3271 945 3364 998 καὶ
3396 946 3691 1011 ζωοποιεῖ,

2100 1044 2273 1108 οὕτως
2301 1044 2396 1096 καὶ
2423 1045 2451 1096 ὁ
2490 1042 2640 1105 Υἱὸς,
2679 1040 2772 1105 οὓς
2799 1039 2942 1093 θέλει
2974 1036 3245 1102 ζωοποιεῖ,
3269 1056 3290 1088 ι
3334 1039 3399 1091 οὐ
3435 1056 3689 1109 κεχωρι-

2102 1136 2314 1205 σμένως
2349 1135 2483 1204 (95⁸)
2520 1133 2615 1186 τοῦ
2638 1132 2852 1202 Πατρὸς
2874 1134 2994 1184 κατ’
3019 1131 3296 1201 ἐνέργειαν
3318 1129 3480 1183 τοῦτο
3506 1132 3693 1182 ποιεῖν

2101 1227 2269 1294 λέγει,
2292 1226 2428 1279 ἀλλὰ
2454 1226 2515 1279 τὸ
2545 1224 2827 1286 αὐτοτελὲς
2852 1224 2951 1293 τῆς
2981 1222 3171 1276 ἐαυτοῦ
3211 1222 3577 1281 ὑποστάσεως
3610 1222 3692 1273 6-.—

2101 1320 2314 1372 δάσκων
2352 1318 2519 1387 ἡμᾶς.
2553 1314 2628 1370 Οὐ
2679 1317 2787 1386 γὰρ
2819 1314 3012 1377 ἄλλους
3056 1312 3255 1382 ἐγείρει
3300 1313 3328 1363 6
3372 1310 3579 1382 Πατὴρ
3606 1327 3694 1361 νε-

2104 1412 2272 1483 κροὺς
2304 1413 2398 1464 καὶ
2430 1410 2698 1475 ζωοποιεῖ,
2724 1409 2817 1462 καὶ
2840 1408 3028 1472 ἄλλους
3054 1410 3083 1460 ὁ
3117 1407 3243 1470 Υἱός

2178 1603 2269 1659 21.
2314 1603 2556 1657 Ἀπολλ.
2590 1603 2927 1674 Ἀνθρωπος,
2959 1600 3063 1654 ὑπὸ
3103 1599 3236 1653 Θεοῦ
3270 1599 3693 1671 ἐνεργοῦμενος,

437 1709 638 1762 corpus
674 1692 785 1746 Deo
823 1693 1184 1760 conjunctum
1214 1700 1301 1746 est
1332 1690 1499 1746 Deus.
1540 1691 1608 1745 At
1641 1691 1895 1745 Christus
1925 1699 2009 1746 est

2135 1695 2167 1747 ιύ
2198 1694 2348 1756 Θεός·
2370 1694 2524 1764 σῶμα
2545 1694 2601 1747 δὲ
2630 1692 2894 1762 συναφθὲν
2915 1692 3052 1762 Θεῷ,
3074 1691 3223 1753 Θεός·
3254 1691 3384 1753 Θεὸς
3410 1691 3469 1742 δὲ
3500 1692 3532 1741 6
3560 1689 3698 1759 Χρισ-

442 1784 605 1838 Deus.
641 1783 755 1836 Non
786 1793 870 1838 est
894 1783 1062 1853 igitur
1089 1784 1256 1837 homo
1279 1793 1435 1836 actus
1458 1797 1491 1834 a
1523 1780 1654 1845 Deo,
1685 1782 1781 1836 sed
1809 1797 2010 1852 corpus

2135 1782 2266 1844 ῖτός·
2315 1784 2420 1834 οὐκ
2466 1783 2575 1853 ἄρα
2605 1781 2712 1834 ὑπὸ
2759 1779 2895 1834 Θεοῦ
2930 1779 3318 1852 ὲνεργοῦμενος
3365 1778 3695 1849 ἄνθρωπος,

442 1887 568 1924 eum
608 1872 716 1925 Deo
739 1873 1123 1940 compositum.
1155 1869 1307 1926 Orth.
1341 1868 1458 1922 Non
1485 1876 1570 1922 est
1600 1867 1820 1935 quidem
1849 1867 2008 1921 Chri-

445 1970 567 2018 stus
601 1962 765 2016 homo
794 1975 947 2017 actus
977 1977 1007 2014 a
1034 1960 1164 2026 Deo,
1198 1961 1290 2016 sed
1319 1962 1460 2015 Deus
1483 1959 1713 2025 homini,
1739 1966 1875 2013 uttu
1899 1960 2014 2029 ipse

446 2051 764 2114 nominasti,
797 2051 1146 2131 conjunctus.
1180 2050 1313 2104 Nam
1354 2052 1401 2105 si
1449 2058 1625 2121 potest
1657 2064 1862 2118 corpus
1911 2050 2016 2102 Deo

446 2142 729 2212 conjungi,
760 2150 939 2212 potest
964 2142 1124 2196 etiam
1149 2149 1298 2196 totus
1330 2142 1495 2196 homo
1520 2141 1631 2195 Deo
1658 2140 1940 2208 conjungi,
1964 2147 2018 2192 et

450 2234 593 2289 idem
621 2249 744 2288 esse
776 2236 920 2289 Deus
956 2241 1012 2288 et.
1060 2234 1245 2297 homo,
1281 2234 1424 2288 sicut
1463 2247 1593 2287 caro
1621 2241 1674 2286 et
1722 2232 1864 2286 Deus
1904 2231 2019 2300 ipse

449 2332 556 2381 est.
587 2322 729 2389 Quid
761 2339 924 2393 porro
956 2325 1137 2379 dicere
1156 2323 1381 2378 voluisti
1401 2337 1533 2376 cum
1550 2322 1786 2383 diceres,
1820 2332 2021 2388 corpus

453 2413 564 2467 Deo
599 2412 952 2482 conjunctum
1015 2415 1176 2476 Deus,
1212 2414 1420 2483 ignoro.
1438 2414 1651 2486 Corpus
1682 2412 1827 2465 enim
1861 2425 2024 2466 voeas

453 2507 654 2574 Deum,
669 2507 901 2576 ideoque
943 2522 1155 2577 corpus-
1187 2521 1294 2560 non
1330 2513 1416 2561 est
1441 2525 1465 2560 ξ
1488 2505 1574 2559 vel
1612 2504 1778 2558 Deum
1821 2518 2024 2572 corpus

454 2611 629 2651 vocas,
656 2597 823 2651 Deum
855 2605 1078 2666 propter
1102 2595 1258 2662 illud,
1288 2594 1435 2665 quod
1465 2600 1548 2648 est
1578 2593 1627 2647 ei
1668 2591 2023 2660 conjunctum

456 2687 574 2741 sive
610 2689 996 2756 compositum.
1030 2683 1316 2750 Quomodo
1359 2697 1488 2737 vero
1523 2682 1666 2736 Deus
1703 2680 1776 2735 sit
1807 2688 2024 2742 natura,

456 2776 554 2844 qui
603 2776 836 2844 alicujus
877 2790 1048 2830 causa
1090 2776 1234 2829 Deus
1284 2774 1392 2828 sit?
1442 2772 1550 2828 Nos
1583 2788 1716 2827 vero
1748 2771 2027 2826 Christum

458 2883 572 2923 non
595 2866 830 2923 dicimus
860 2883 983 2922 esse
1024 2865 1191 2921 Deum
1221 2866 1291 2920 ob
1319 2866 1464 2918 illam
1499 2879 1625 2917 cum
1658 2877 1887 2932 corpore
1918 2863 2030 2916 sive

458 2955 683 3010 homine
729 2957 1214 3026 conjunctionem:
1258 2954 1358 3010 sed
1401 2955 1569 3007 Deum
1610 2961 1833 3024 propter
1869 2960 2032 3005 natu-

2112 1874 2249 1928 ἀλλὰ
2272 1874 2429 1944 σῶμα
2465 1874 2601 1944 πρὸς
2624 1873 2756 1926 Θεὸν
2787 1873 3054 1926 συντεθέν.
3085 1872 3371 1940 ⁸ορθ.οὑκ
3403 1871 3697 1942 ἄνθρωπος

2118 1965 2216 2034 μὲν
2246 1966 2350 2018 ὑπὸ
2380 1965 2514 2018 Θεοῦ
2566 1965 2956 2037 ἐνεργούμενος
2995 1966 3023 2016 6
3063 1963 3328 2035 Χριστὸς,
3377 1962 3519 2015 ἀλλὰ
3567 1962 3701 2025 856;

2115 2055 2497 2127 ἁνθρώπῳ,ὼς
2529 2057 2691 2119 αὐτὸς
2720 2055 3026 2127 ὠνόμασας,
3063 2053 3358 2115 συντεθεὶς,
3387 2054 3565 2123 ἤγουν
3593 2052 3701 2122 (9-4)

2118 2148 2358 2212 ἑνωθείς.
2391 2150 2454 2202 Εἰ
2478 2149 2586 2219 γὰρ
2617 2149 2838 2202 δύναται
2870 2147 3029 2218 σῶμα
3057 2146 3176 2217 Θεῷ
3214 2149 3505 2216 ἐνωθῆναι,
3534 2147 3704 2215 ἤγουν

2121 2240 2439 2309 συντεθῆναι
2474 2240 2714 2304 δύναται,
2762 2240 2856 2292 καὶ
2906 2239 3024 2301 ὅλος
3061 2237 3347 2308 ἄνθρωπος
3378 2237 3707 2306 συντεθῆναι

2120 2327 2259 2399 Θεῷ.
2289 2330 2382 2381 καὶ
2415 2326 2553 2383 εἶναι
2590 2329 2723 2392 Θεὸς
2756 2330 2849 2382 καὶ
2877 2328 3161 2402 ἄνθρωπος
3191 2330 3220 2380 6
3251 2327 3440 2389 αὐτὸς,
3467 2326 3548 2387 ὡς
3575 2325 3711 2395 σὰρξ

2123 2422 2216 2474 καὶ
2249 2420 2383 2484 Θεὸς
2407 2422 2435 2472 6
2480 2421 2659 2483 αὐτός.
2694 2421 2758 2472 Τί
2790 2421 2846 2473 δὲ
2878 2420 2970 2472 καὶ
2998 2419 3174 2487 λέγειν
3204 2417 3506 2487 ἠθέλησας,
3550 2417 3711 2487 σῶμα

2124 2508 2243 2579 Θεῷ
2271 2509 2538 2578 συναφθὲν
2560 2509 2714 2573 Θεὸς,
2735 2509 2929 2576 λέγων,
2948 2507 3126 2576 ἀγνοῶ
3147 2506 3281 2577 (95).
3305 2505 3382 2558 Τὸ
3410 2506 3528 2576 γὰρ
3554 2506 3712 2574 σῶμα

2125 2600 2255 2653 Θεὸν
2285 2601 2484 2670 λέγεις,
2510 2602 2603 2654 καὶ
2630 2602 2729 2653 οὐκ
2754 2600 2870 2653 ἔστι
2896 2599 3053 2670 σῶμα
3070 2616 3084 2628 ·
3112 2599 3145 2668 ἦ
3169 2598 3260 2650 τὸν
3280 2597 3413 2651 Θεὸν
3433 2597 3527 2648 διὰ
3555 2596 3714 2649 τοῦτο

2125 2692 2259 2746 Θεὸν
2285 2732 2299 2757 ,
2339 2693 2426 2747 διὰ
2473 2693 2534 2744 τὸ
2581 2691 2851 2761 συναφθὲν
2875 2733 2890 2754 ,
2924 2691 3090 2762 ἤγουν
3127 2688 3237 2759 (96)
3280 2688 3563 2741 συντεθέν.
3606 2687 3714 2739 Καὶ

2129 2782 2247 2845 πῶς
2276 2782 2434 2852 φύσει
2467 2783 2620 2845 Θεὸς,
2649 2783 2678 2833 6
2706 2782 2794 2835 διά
2823 2799 2874 2834 τι
2904 2781 3067 2845 Θεός;
3097 2781 3289 2850 Ἡμεῖς
3317 2780 3376 2832 δὲ
3401 2779 3466 2830 οῦ
3500 2778 3595 2831 διὰ
3620 2777 3711 2846 τὴν

2130 2874 2265 2944 πρὸς
2288 2875 2348 2927 τὸ
2382 2873 2540 2944 σῶμα
2569 2872 2818 2925 σύνθεσιν
2854 2872 2985 2925 Θεὸν
3022 2871 3277 2941 λέγομεν,
3317 2869 3444 2922 οὔτε
3484 2870 3577 2922 διὰ
3621 2870 3712 2938 τὴν

2132 2965 2268 3036 πρὸς
2300 2964 2622 3036 ἄνθρωπον,
2658 2963 2793 3017 ἀλλὰ
2838 2963 2969 3017 Θεὸν
3016 2962 3104 3015 διὰ
3148 2963 3250 3033 τὴν
3289 2962 3454 3031 φύσιν
3498 2962 3601 3034 τὴν
3655 2964 3713 3013 ἐκ

460 3062 602 3110 ram,
628 3063 791 3116 quam
822 3063 889 3102 ex
925 3049 1083 3101 l'atre
1106 3047 1270 3100 habet
1295 3066 1308 3100 :
1342 3044 1620 3099 Christum
1650 3058 1782 3098 vero
1812 3051 2029 3114 propter

2135 3056 2377 3126 Πατρός·
2434 3055 2669 3126 Χριστὸν
2716 3055 2774 3107 δὲ
2812 3054 2901 3108 διὰ
2946 3055 3044 3125 τὴν
3097 3053 3191 3106 τοῦ
3235 3052 3421 3105 δούλου
3477 3053 3709 3125 μορφὴν,

463 3140 611 3193 servi
642 3138 893 3203 formam,
923 3140 1202 3206 unionem,
1226 3138 1342 3193 sive
1380 3137 1858 3206 compositionem,
1890 3146 1951 3190 ut
1976 3144 2029 3188 tu

2135 3106 2344 3126 -π-ητη
2435 3106 2501 3126 ρ.
2558 3106 2565 3107 κ
2622 3106 2659 3110 η
2727 3106 2735 3107 κ
3002 3106 3012 3125 .
3477 3106 3491 3124 ,

2138 3146 2349 3212 ἕνωσιν,
2379 3146 2545 3217 ἤγουν
2584 3146 2851 3209 σύνθεσιν,
2885 3145 2962 3208 ὡς
2991 3145 3151 3207 αὐτὸς
3181 3144 3499 3215 ὠνόμασας.

465 3229 585 3300 ipse
615 3230 904 3300 appellasti

537 3323 627 3377 22.
660 3324 835 3392 Apoll.
869 3323 928 3376 Si
974 3322 1074 3377 Dei
1111 3324 1372 3392 templum
1402 3330 1590 3377 natum
1631 3329 1717 3375 est
1758 3336 1822 3375 ex
1849 3319 2038 3385 Maria,

469 3430 874 3486 supervacanea
924 3424 1010 3470 est
1057 3431 1199 3469 nova
1242 3416 1334 3468 illa
1371 3415 1632 3469 nativilas
1682 3429 1751 3468 ex
1798 3413 2041 3483 Virgine,

470 3522 597 3562 cum
631 3508 837 3577 absque
880 3507 1152 3576 ejusmodi
1206 3507 1493 3561 nativitate
1535 3505 1785 3559 homines
1826 3519 2045 3574 quoque

472 3599 586 3653 sint
613 3598 706 3654 Dei
736 3600 956 3667 templa.
992 3598 1146 3653 Orth.
1180 3598 1443 3668 Oppugna
1469 3612 1627 3653 sacra
1652 3596 1960 3666 Evangelia,
1989 3607 2048 3651 ut

473 3689 708 3746 audias:
759 3709 777 3739 ι
813 3691 1015 3743 Durttm
1059 3701 1143 3745 est
1174 3692 1270 3745 tibi
1313 3698 1505 3745 contra
1556 3689 1839 3745 stimulum
1883 3691 2044 3743 calci-

474 3781 701 3835 trare".
726 3800 744 3833 ι
775 3780 914 3834 Audi
944 3781 1089 3835 enim
1122 3780 1409 3835 Dominum
1443 3781 1712 3835 dicentem
1742 3799 1755 3833 :
1798 3798 1815 3830 ι
1845 3780 2049 3835 Solvite

477 3873 739 3941 templum
769 3873 892 3935 hoc,
915 3879 970 3926 et
1001 3874 1056 3928 in
1083 3875 1261 3928 tribus
1286 3874 1480 3928 diebus
1509 3873 1760 3927 excitabo
1788 3872 1920 3927 illud
1936 3872 2000 3927 “.
2026 3893 2044 3923 ι

477 3959 707 4016 Etiamsi
747 3978 875 4016 vero
901 3964 1149 4017 nonnulli
1172 3963 1419 4017 homines
1451 3964 1561 4019 sint
1584 3963 1806 4033 templa,
1827 3978 1935 4016 non
1967 3969 2053 4014 ta-

479 4067 602 4106 men
638 4052 710 4105 ita
741 4061 871 4107 sunt
903 4055 1103 4123 templa
1125 4093 1139 4117 ,
1175 4066 1433 4123 tanquam
1468 4054 1630 4109 etiam
1665 4054 1868 4108 Christi
1898 4072 1910 4107 :
1952 4068 2053 4107 nec

479 4142 771 4210 quisquam
807 4159 998 4197 eorum
1030 4155 1107 4199 est
1142 4145 1394 4199 Christus
1422 4144 1757 4215 coniunctus
1784 4162 1907 4199 cum
1942 4144 2052 4199 Deo

482 4231 698 4300 Verbo;
751 4236 878 4288 nolo
916 4237 1061 4290 enim
1100 4236 1384 4291 discedere
1412 4252 1443 4289 a
1474 4246 1569 4291 tuo
1594 4238 1881 4300 vocabulo,
1918 4244 1975 4290 ut
2005 4248 2055 4291 te

483 4340 549 4377 ex
597 4333 690 4378 tuo
732 4326 910 4395 ipsius
957 4341 1053 4381 ore
1083 4327 1140 4380 in
1187 4328 1514 4381 sententiam
1545 4342 1722 4380 meam
1767 4327 2052 4381 adducam.

2208 3326 2298 3381 Ἡ.
2328 3327 2586 3380 ”Λπο.1λ.
2621 3327 2685 3378 Εἰ
2721 3324 2855 3377 Θεοῦ
2900 3323 3026 3385 ναὸς
3062 3321 3323 3393 ἐγεννήθη
3365 3324 3428 3375 ἐκ
3470 3323 3574 3392 τῆς
3603 3323 3712 3374 Μει-

2144 3417 2295 3488 ρίας,
2346 3417 2632 3487 περιττὴὴ
2667 3414 2920 3484 καινότης
2966 3413 3064 3482 τῆς
3102 3416 3165 3466 ἐκ
3207 3411 3491 3483 Παρθένου
3530 3414 3712 3481 γεννή-

2144 3521 2312 3569 σεως·
2367 3506 2485 3558 ναοὶ
2517 3505 2625 3576 γὰρ
2666 3504 2801 3558 Θεοῦ
2861 3507 2956 3558 καὶ
3004 3506 3131 3559 ἄνευ
3164 3503 3372 3574 ταύτης
3416 3504 3708 3574 ἄνθρωποι.

2157 3599 2299 3667 Ὀρθ.
2332 3597 2522 3667 Μάχου
2564 3600 2677 3660 τοῖς
2719 3596 2882 3660 θείοις
2914 3596 3284 3665 Εὔαγγελὶοις,
3322 3596 3409 3647 ἵνα
3442 3594 3710 3664 ἀκούσῃς·

2151 3710 2171 3743 ι
2195 3692 2437 3760 Σκληρόν
2487 3707 2569 3743 σοι
2605 3690 2739 3761 πρὸς
2771 3690 2971 3762 κέντρα
3016 3686 3308 3753 λακτίζειν.
3334 3708 3352 3739 ι
3398 3691 3511 3742 Καὶ
3558 3688 3711 3740 ἄκουε

2145 3783 2238 3837 τοῦ
2267 3784 2474 3854 Κυρίου
2501 3783 2750 3852 λέγοντος
2770 3800 2784 3813 ·
2816 3802 2835 3833 ι
2858 3782 3071 3836 Λύσατε
3097 3781 3189 3835 τὸν
3223 3783 3347 3835 ναὸν
3388 3780 3603 3841 τοῦτον,
3630 3780 3714 3832 καὶ

2149 3877 2206 3928 ἐν
2229 3875 2406 3946 τρισὶν
2426 3875 2661 3946 ἡμέραις
2682 3875 2858 3946 ἐγερῶ
2893 3876 3076 3929 αὐτόν.
3098 3895 3116 3927 ι
3150 3875 3215 3927 Εἰ
3246 3874 3303 3927 δέ
3334 3890 3477 3936 τινες
3510 3872 3711 3943 avom.

2149 3984 2241 4020 ποι
2272 3969 2411 4034 ναοὶ,
2440 3967 2553 4020 ἀλλ’
2581 3967 2681 4036 οὐχ
2717 3966 2858 4019 οὕτω
2876 4007 2890 4029 ,
2939 3967 3013 4031 ὡς
3046 3967 3140 4022 καὶ
3167 3968 3211 4018 Χ
3222 3965 3392 4038 ριστοε
3413 3983 3424 3994 ·
3466 3965 3639 4027 οὐδεὶς
3665 3965 3715 4017 δὲ

2151 4060 2327 4114 αὐτῶν
2369 4059 2642 4122 συντεθεὶς
2689 4059 2765 4130 τῷ
2798 4060 2916 4130 Θεῷ
2947 4059 3104 4129 Λόγῳ
3146 4059 3414 4129 Χριστός·
3455 4057 3557 4108 οὐκ
3598 4057 3715 4108 ἀνα.-
3800 4068 3801 4115 1

2151 4150 2312 4222 χωρῶ
2363 4151 2470 4222 γὰρ
2513 4151 2612 4221 τῆς
2662 4151 2760 4221 σῆς
2805 4149 3117 4218 ὀνομασίας,
3156 4148 3243 4200 ἵνα
3287 4164 3346 4199 σε
3382 4148 3446 4199 ἐκ
3491 4146 3585 4198 τοῦ
3630 4144 3713 4198 σοῦ

2155 4244 2420 4312 στόματος
2466 4243 2669 4294 πείσω·
2725 4240 2959 4295 ἐνταῦθα
2997 4241 3055 4293 δὲ
3116 4239 3391 4302 συντεθεὶς
3427 4237 3555 4301 ναὸς
3608 4237 3716 4306 Θεῷ

2153 4334 2311 4403 Λόγῳ
2339 4334 2469 4404 (97),
2524 4330 2786 4404 ἐγεννήθη
2815 4330 3048 4403 Χριστὸς
3099 4327 3423 4400 θεοπρεπῶς
3472 4329 3537 4381 ἐκ
3583 4329 3716 4398 Παρ-

490 4413 587 4467 llic
617 4424 798 4469 autem
836 4417 1095 4485 templum
1145 4416 1503 4486 conjunctum
1542 4432 1666 4470 cum
1710 4416 1820 4471 Deo
1858 4418 2052 4479 Verbo,
2089 4452 2132 4506 ι)
2159 4423 2333 4479 θένου,

487 4505 742 4562 Christus
775 4507 1051 4571 videlicet,
1085 4518 1273 4563 natum
1302 4517 1387 4564 est
1418 4524 1485 4564 ex
1517 4509 1735 4581 Virgine
1775 4525 1840 4564 eo
1869 4507 2050 4575 modo,

488 4598 583 4667 qtti
617 4597 782 4652 Deum
818 4598 1067 4654 decebat.

561 4689 653 4742 25.
682 4688 859 4757 Apoll.
906 4688 963 4743 Si
994 4690 1121 4745 talis
1163 4698 1249 4744 est
1290 4697 1489 4744 natura
1535 4688 1766 4753 Christi,
1791 4688 1970 4758 qualis
2004 4696 2053 4742 et

494 4789 682 4836 nostra
712 4789 797 4835 est
825 4800 839 4837 :
872 4789 1029 4837 vetus
1058 4783 1220 4837 homo
1255 4790 1341 4837 est
1381 4782 1564 4835 anima
1614 4782 1825 4844 vivens,
1855 4789 1907 4835 et
1950 4796 2059 4834 non

495 4873 723 4943 spiritus
752 4874 1057 4938 viviﬁcans,
1092 4888 1192 4927 nec
1234 4873 1326 4942 qui
1364 4873 1490 4926 talis
1514 4879 1618 4934 est,
1647 4871 1964 4926 viviﬁcabit.
1994 4872 2065 4923 At

497 4964 754 5018 Christus
816 4965 1087 5028 virilicat,
1121 4973 1316 5034 estque
1357 4964 1597 5033 Spiritus
1631 4964 1896 5017 vivilicus.
1945 4960 2064 5016 Non

499 5053 778 5121 estigitur
807 5062 1010 5109 nostra:
1059 5066 1288 5109 naturae.
1336 5054 1489 5109 Orth.
1549 5054 1772 5119 Adhuc,
1816 5052 1949 5122 quid
1996 5055 2068 5106 sit

502 5145 756 5200 Christus
790 5146 1032 5214 ignoras.
1059 5130 1251 5202 Nescis
1291 5148 1437 5202 enim
1478 5146 1710 5201 duarum
1746 5154 2065 5199 naturarum

502 5251 625 5291 esse
659 5236 938 5301 unionem,
966 5245 1020 5292 et
1049 5254 1224 5310 neque
1253 5239 1431 5294 solum
1464 5239 1655 5303 Deum,
1687 5253 1863 5309 neque
1891 5237 2066 5293 solum

2238 4688 2328 4741 25.
2374 4688 2621 4741 Ἀπολλ.
2658 4686 2719 4739 Εἰ
2751 4688 2784 4757 ἡ
2811 4685 2944 4757 αὐτὴ
2973 4685 3133 4754 φύσις
3167 4682 3432 4757 Χριστοῦ,
3467 4685 3555 4738 οἷα
3583 4684 3716 4752 καὶὴ

2166 4778 2342 4851 ἡμῶν,
2373 4780 2401 4832 ὁ
2432 4777 2659 4842 παλαιός
2692 4779 2842 4830 ἐστιν
2873 4776 3157 4848 ἄνθρωπος
3182 4775 3330 4846 ψυχὴ
3365 4775 3540 4840 ζῶσα,
3563 4776 3647 4829 καὶ
3670 4775 3717 4827 οὗ

2169 4872 2384 4942 πνεῦμα
2411 4869 2737 4934 ζωοποιοῦν·
2770 4871 2865 4923 καὶ
2894 4870 2923 4922 6
2953 4868 3195 4932 τοιοῦτος
3227 4868 3349 4921 οὐδὲ
3378 4867 3718 4939 ζωοποιήσει·

2171 4961 2423 5027 ζωοποιεῖ
2450 4960 2505 5013 δὲ
2552 4958 2806 5029 Χριστὸς,
2838 4958 2933 5011 καὶ
2964 4956 3186 5027 Πνεῦμα
3230 4956 3533 5021 ζωοποιοῦν
3564 4959 3718 5008 ἐστιν·

2171 5054 2270 5107 οὐκ
2309 5052 2417 5123 ἄρα
2463 5052 2562 5121 τῆς
2605 5051 2876 5122 ἡμετέρας
2924 5050 3040 5101 ἐστὶ
3073 5049 3305 5117 φύσεως.
3348 5049 3498 5117 Ὀρθ.
3533 5048 3643 5100 Ἔτι
3675 5045 3722 5096 τὸ

2173 5145 2408 5215 Χριστὸς
2446 5144 2506 5196 οὐ
2544 5144 2825 5211 νενόηκας.
2868 5144 2941 5195 Οὐ
2987 5142 3098 5211 γὰρ
3138 5141 3330 5208 ἔγνως,
3362 5141 3447 5194 ὅτι.
3499 5141 3587 5193 δύο
3626 5139 3721 5191 ἐστὶ

2176 5236 2392 5307 φύσεων
2428 5236 2644 5299 ἓνωσις,
2679 5235 2774 5288 καὶ
2809 5234 2930 5288 οὔτε
2961 5233 3119 5305 μόνος
3151 5235 3178 5285 6
3214 5233 3350 5297 Θεὸς
3392 5232 3622 5304 Χριστὸς
3652 5228 3722 5284 λέ-

577 5353 623 5388 "
689 5352 847 5408 Joan.
883 5332 996 5419 xw,
1029 5354 1114 5411 10.
1195 5355 1243 5389 ⁸⁸
1277 5354 1434 5412 Joan.
1468 5373 1521 5422 ι’,
1556 5356 1642 5417 21,
1721 5357 1767 5388 ’³
1808 5355 1925 5409 Act.
1965 5369 2015 5407 ις

2135 5394 2143 5410 .
2219 5354 2264 5386 ⁹⁶
2302 5350 2460 5405 Joan.
2498 5366 2573 5415 tt,
2607 5349 2673 5405 l9

575 5514 707 5586 (93')
733 5513 932 5586 l’nlnlt.
967 5517 1366 5586 κεχωρισμένος

584 5583 696 5653 (Siti)
732 5583 882 5653 Mss,
915 5583 1214 5653 ﬁmum'ltic
1250 5597 1303 5638 ιιι
1333 5602 1452 5639 tum

585 5652 696 5725 (93)
729 5652 877 5718 M833,
906 5656 1034 5719 (θεὸς
1066 5654 1204 5708 ἑκὼν
1233 5658 1425 5724 ἀγνοῶ.

2261 5512 2371 5574 (t‘t'i)
2404 5510 2554 5571 .‘llss.,
2593 5509 2773 5579 ἦτουν,
2811 5513 2864 5559 et
2895 5503 3030 5579 iuit-:1
3057 5505 3308 5558 similiter

2262 5581 2370 5650 (97)
2414 5575 2701 5649 Μεεηθεῷ
2735 5575 2969 5648 Χριστῷ.
