3850 6226
206 308 357 363 1277

1208 317 1293 371 DE
1333 318 1609 373 SANC'I'A
1649 317 2024 374 TRINI'I‘ATE
2063 322 2408 379 DIALOGUS
2447 323 2510 379 γ.

3329 327 3463 383 I278

202 439 393 492 γεται,
426 423 549 477 οὔτε
587 427 746 496 μόνος
780 427 1086 499 ἄνθρωπος.
1130 431 1192 484 Εἰ
1245 431 1352 502 γὰρ
1399 433 1556 486 τοῦτο
1599 433 1748 501 ἔγνως

1856 468 1865 488 ι
1895 432 2170 488 hominem
2206 434 2313 488 dici
2344 434 2646 489 Christum.
2676 434 2823 489 Nam
2843 436 2887 490 si
2914 435 3016 489 hoc
3047 435 3239 496 scires,
3265 452 3460 492 nosses

205 514 530 581 ἐγίνωσκες,
556 517 635 570 ὅτι
666 518 805 571 κατὰ
834 521 930 589 μὲν
956 521 1052 591 τὴν
1078 521 1472 594 ἁνθρωπότητα
1496 525 1592 594 τὴν
1620 523 1787 594 αὐτὴν

205 606 348 673 ἡμῖν
386 604 547 672 φύσιν
580 607 713 678 ἔχει,
755 608 893 662 κατὰ
932 609 989 662 δὲ
1017 611 1113 680 τὴν
1157 611 1386 682 θεότητα
1417 612 1495 683 τῷ
1543 613 1659 684 Θεῷ
1693 615 1786 667 καὶ

204 694 389 766 Πατρί
409 713 422 723 ·
444 697 539 749 καὶ
562 699 659 768 τῆς
684 699 928 763 ὲνώσεως
949 702 1268 773 γενομένης,
1288 702 1418 767 Θεὸς
1442 705 1784 774 ὁμολογεῖται

202 787 308 838 καὶ
338 786 636 855 δοξάζεται,
674 793 767 844 καὶ
806 792 894 845 διὰ
924 794 1081 847 τοῦτο
1114 795 1403 861 ζωοποιεῖ,
1442 800 1534 852 καὶ
1562 799 1784 869 Πνεῦμα

205 872 509 937 ζωοποιοῦν
538 881 705 943 ἐστιν,
738 882 814 952 τῷ
835 884 932 954 τῆς
952 884 1198 958 θεότητος
1223 888 1364 960 λόγῳ
1379 907 1399 923 ·ν
1418 889 1538 943 οὔτε
1568 890 1623 943 δὲ
1651 894 1782 961 ἡμῖν

203 967 355 1019 κατὰ
380 969 440 1021 τὸ
470 973 899 1046 συναμφότερον.

278 1141 367 1196 24.
419 1145 660 1202 Ἀπολλ.
696 1151 792 1204 Διὰ
821 1153 918 1224 τὴν
948 1156 1141 1209 ἑαυτοῦ
1170 1157 1333 1226 φύσιν
1364 1158 1429 1231 ζῇ
1459 1161 1711 1231 Χριστὸς,
1743 1163 1775 1233 ἢ

197 1227 294 1282 διὰ
320 1233 478 1304 χάριν
511 1235 666 1293 Θεοῦ.
709 1240 771 1292 Εἰ
811 1244 909 1311 μὲν
948 1244 1035 1298 διὰ
1063 1245 1162 1317 τὴν
1192 1247 1384 1300 ἑαυτοῦ
1405 1227 1610 1318 αφύὸιν,
1645 1227 1777 1314 Θεός

197 1321 385 1374 ἐστιν·
433 1329 480 1378 εἰ
512 1327 568 1379 δὲ
605 1329 692 1382 διὰ
724 1333 881 1404 χάριν
917 1335 1073 1401 Θεοῦ,
1097 1337 1219 1392 οὔτε
1244 1341 1380 1411 ὑπὲρ
1421 1336 1569 1412 ἡμᾶς
1605 1345 1773 1409 ἐστιν,

193 1409 325 1464 οὔτε
370 1411 692 1491 ζωοποιήσει
721 1426 885 1492 ἡμᾶς.
927 1429 1078 1494 Ὀρθ.
1109 1430 1340 1498 Χριστὸς
1384 1432 1441 1485 ἓν
1484 1436 1773 1505 πρόσωπόν

193 1503 349 1563 ἐστιν
385 1512 633 1565 συντεθὲν
666 1517 729 1567 ἐκ
771 1519 906 1571 Θεοῦ
936 1522 1039 1573 καὶ-
1064 1521 1480 1595 ἁνθρωπότητος
1500 1567 1514 1591 ,
1541 1528 1617 1591 ὡς
1664 1532 1772 1594 πᾶς

189 1595 483 1668 ἄνθρωπος
519 1606 546 1656 ὁ
577 1607 753 1671 κοινὸς
781 1611 844 1663 ἐκ
873 1611 1009 1675 ζώου
1048 1616 1137 1667 καὶ
1165 1614 1400 1679 λογικοῦ.
1434 1620 1541 1672 Καὶ
1563 1619 1649 1674 διὰ
1669 1622 1769 1692 τὴν

188 1689 261 1741 ἐκ
296 1691 507 1763 Πατρὸς
534 1697 693 1762 φύσιν
717 1699 1040 1770 ζωοποιήσει
1069 1708 1236 1777 ἡμᾶς,
1269 1710 1453 1781 ἐπειδὴ
1484 1711 1595 1783 ζωή
1620 1715 1766 1767 ἐστιν

187 1781 558 1849 ἑνυπόστατος
593 1791 943 1861 μορφωθεῖσα
976 1798 1042 1867 τῇ
1074 1798 1166 1850 τοῦ
1198 1798 1383 1854 δούλου
1416 1808 1618 1877 μορφῇ.

259 2022 351 2076 25.
390 2026 627 2083 Ἀπολνῑ.
672 2032 736 2086 Εἰ
774 2035 872 2103 μὲν
898 2037 973 2101 ὡς
998 2041 1312 2111 προαιρέσει
1338 2045 1575 2111 κάλλιον,
1606 2049 1764 2102 τοῦτο

180 2111 466 2186 δεδύνηται
488 2118 638 2187 πῶς;
674 2125 1000 2197 Προαὲρεσκ
1030 2130 1139 2202 γὰρ
1165 2132 1453 2205 ἀνθρώπου
1489 2139 1762 2194 δικαιοσύ-

180 2220 287 2296 νην
323 2206 578 2281 ἀληθινὴν
620 2214 682 2266 οὐ
739 2218 1006 2288 κατορθοῖ.
1042 2222 1103 2274 Εἰ
1130 2222 1184 2275 δὲ
1216 2240 1290 2287 ως
1322 2226 1480 2295 φύσει
1533 2230 1757 2296 δίκαιος,

180 2291 321 2357 Θεός
346 2297 526 2351 ἐστιν’
561 2303 609 2353 εἰ
656 2303 713 2355 δὲ
759 2304 836 2368 ὡς
881 2309 1130 2380 ἐνεργείᾳ
1179 2291 1554 2384 δικαιούμενος
1598 2321 1662 2390 τῇ

177 2384 341 2450 Θεοῦ,
371 2388 530 2453 αὐτὸς
559 2391 617 2445 δὲ
644 2394 1021 2467 ἀνενέργητος,
1040 2400 1289 2467 καλλίους
1320 2405 1367 2456 οἱ
1388 2406 1755 2477 ἐνεργοῦντες.

194 2476 349 2544 Ὀρθ.
384 2481 491 2533 Καὶ
528 2483 646 2547 πῶς
673 2488 734 2539 οὐ
756 2488 1142 2561 κατώρθωσαν.
1164 2476 1508 2569 δικαιοσύνην
1566 2499 1756 2568 ἀληθι-

176 2570 281 2642 νὴν
315 2572 423 2643 (98)
456 2576 506 2626 οἱ
530 2578 881 2645 ἀκούσαντες
918 2602 934 2632 ι
973 2584 1277 2639 Καθίσεσθε
1336 2590 1435 2644 κοιλ⁸
1473 2592 1630 2661 ὑμεῖς
1662 2595 1755 2647 ἐπὶ

174 2661 387 2717 δώδεκα
421 2666 662 2738 θρόνους,
712 2673 986 2742 κρίνοντες
1041 2679 1138 2743 τὰς
1183 2678 1389 2734 δώδεκα
1431 2684 1600 2752 φυλὰς
1659 2686 1752 2739 τοῦ

193 2754 437 2828 Ἰσραήλ;
468 2777 485 2810 ι
517 2761 634 2824 καὶ,
670 2782 688 2813 ι
733 2763 921 2836 Ὑμεῖς
954 2771 1075 2822 ἐστε
1097 2770 1158 2823 τὸ
1192 2771 1307 2841 φῶς
1329 2774 1421 2826 τοῦ
1450 2776 1687 2846 κόσμου;
1730 2798 1747 2828 ι

175 2843 292 2897 Καὶ
338 2847 387 2898 εὶ
417 2848 786 2921 κατώρθωσαν
813 2854 870 2911 δὲ
904 2856 1251 2931 δικαιοσύνην
1304 2843 1564 2936 ἀληθινὴν
1617 2867 1749 2939 (99),

172 2935 295 2988 ἀλλ’
321 2939 436 3028 ,οὐκ
479 2942 617 2994 εἰσὶν
669 2945 1131 3022 αὑτοδικαιοσύνη.
1178 2952 1234 3006 'O
1277 2953 1334 3006 δὲ
1390 2935 1528 3022 Θεὸς
1559 2935 1748 3028 Λόγος,

169 3027 618 3104 αὐτοδικαιοσύνη
649 3033 743 3099 ὢν,
776 3040 986 3112 μορφὴν
1011 3042 1197 3098 δούλου
1228 3047 1427 3114 λαϐὼν,
1476 3069 1494 3102 ι
1535 3053 1750 3121 ἐγένετο

171 3119 306 3189 ἡμῖν
336 3121 670 3198 δικαιοσύνη,
704 3130 796 3182 καὶ
824 3134 1112 3205 ἁγιασμὸς,
1148 3139 1242 3191 καὶ
1285 3141 1685 3215 ἀπολύτρωσις.
1723 3168 1740 3198 ι

185 3211 245 3265 Ὀ
280 3213 354 3266 ὢν
378 3215 713 3291 δικαιοσύνη,
763 3223 979 3292 ἐγένετο
1011 3228 1322 3303 δικαιοσύνη
1353 3235 1494 3289 κατὰ
1535 3237 1624 3293 τὸν
1651 3242 1748 3310 τῆς

167 3301 590 3378 ἀνθρωπότητος
639 3311 817 3380 λόγον,
857 3316 944 3369 ἵνα
986 3321 1136 3389 ἡμᾶς
1183 3301 1320 3387 τοὺς
1358 3327 1431 3397 μὴ
1477 3328 1636 3393 ὄντας
1668 3301 1747 3383 δὶζ

168 3396 484 3469 καιοσύνην,
518 3400 780 3476 δικαιώσῃ
812 3410 876 3478 τῇ
919 3410 1111 3464 ἑαυτοῦ
1156 3396 1367 3485 χάριτι.
1389 3419 1496 3472 Καὶ
1541 3420 1689 3476 ἔστιν
1715 3426 1742 3477 ό

164 3489 327 3551 αὐτὸς
351 3491 481 3556 Θεὸς
504 3496 597 3548 καὶ
633 3495 917 3568 ἄνθρωπος
966 3501 1040 3574 (Ι)
1068 3521 1080 3533 ·
1114 3505 1190 3568 ὡς
1223 3509 1321 3577 μὲν
1350 3510 1500 3577 Θεὸς,
1540 3514 1742 3569 δικαιο-

166 3578 300 3651 σύνη
330 3580 423 3635 ὤν’
459 3584 532 3649 ὡς
561 3587 615 3639 δὲ
641 3588 944 3660 ἄνθρωπος,
975 3597 1260 3668 γινόμενος
1293 3602 1627 3679 δικαιοσύνη,
1657 3610 1741 3663 ἵνα

163 3672 423 3747 πληρωθῇ
470 3677 529 3730 τὸ
556 3681 864 3752 εἰρημένον·
908 3706 926 3737 ‹
970 3689 1134 3743 Ὅθεν
1161 3689 1357 3762 ὤφειλε
1395 3699 1537 3752 κατὰ
1560 3672 1737 3755 πάντα

160 3768 280 3829 τοῖς
306 3767 552 3838 ἀδελφοῖς
578 3773 923 3847 ὁμοιωθῆναι.
971 3799 990 3831 ι

228 4022 319 4077 26.
363 4026 606 4083 Ἀπολλ.
640 4032 702 4085 Εἰ
739 4036 1153 4105 συμπέπλεκται
1195 4043 1311 4115 Θεῷ
1338 4045 1644 4119 ἄνθρωπος,
1676 4053 1732 4106 ἐν

153 4116 378 4188 Χριστῷ
402 4121 565 4185 αὐτὸς
585 4126 678 4178 καὶ
699 4128 790 4194 ἀφ’
812 4131 1004 4184 ἑαυτοῦ
1038 4135 1363 4204 ἐνομοθέτει,
1384 4140 1416 4208 ἦ
1444 4116 1544 4209 V05;
1593 4145 1730 4199 Ἀλλ’

152 4210 208 4261 εἰ
233 4209 330 4278 μὲν
360 4212 452 4281 ἀφ’
488 4216 706 4281 ἑαυτοῦ,
734 4219 864 4284 Θεός
885 4236 897 4249 ·
942 4226 990 4276 εἰ
1016 4224 1072 4278 δὲ
1101 4228 1200 4280 οὐκ
1231 4229 1321 4296 ἀφ’
1350 4232 1573 4297 ἑαυτοῦ,
1613 4237 1729 4301 πῶς

150 4303 255 4356 οὐκ
306 4303 477 4375 ἔλεγε,
513 4326 531 4358 ι
563 4310 699 4362 Τάδε
724 4312 869 4381 λέγει
898 4315 1121 4388 Κύριος,
1152 4339 1168 4371 ι
1193 4320 1330 4390 ἀλλ’,
1365 4344 1382 4373 ι
1410 4325 1552 4393 Ἐγὼ
1583 4327 1727 4398 λέγω

1888 537 2036 585 eum,
2066 533 2338 591 quatenus
2369 525 2588 592 quidem
2629 524 2789 578 homo
2817 533 2922 584 est.
2952 525 3139 578 eadem
3164 535 3325 592 atque
3355 541 3456 578 nos

1889 619 2103 672 natura,
2152 621 2423 680 quatenus
2481 623 2662 669 autem
2716 616 2857 670 Deus
2908 624 3014 679 est,
3060 616 3246 670 eadem
3294 625 3458 684 atque

1889 700 2054 756 Deum
2077 702 2292 758 Patrem
2319 716 2513 758 natura
2538 706 2823 774 praeditum
2847 721 3002 760 esse:
3027 714 3079 760 et
3106 719 3224 775 post
3255 705 3455 760 factam

1888 793 2190 846 uniliouem
2226 793 2370 849 Deus
2416 796 2809 870 declaratueet
2835 795 3190 866 gloriﬁcatur,
3225 797 3456 863 ideoque

1883 882 2199 942 virilicare.
2239 892 2294 938 et
2348 887 2613 954 Spiritum
2668 902 2790 941 esse
2828 887 3226 953 viviﬁcantem,
3268 888 3451 941 habita

1881 970 2099 1025 deitatis
2132 972 2344 1027 ratione
2371 991 2385 1026 :
2421 990 2596 1042 neque
2627 975 2787 1029 nobis
2836 976 3066 1033 similem
3095 992 3217 1033 esse
3248 978 3453 1034 utrius-

1882 1076 1988 1129 que
2021 1070 2232 1116 naturae
2266 1063 2431 1116 simul
2461 1065 2821 1127 considerata:
2857 1077 3130 1136 respectu.

1950 1148 2040 1202 24.
2069 1149 2249 1217 Apoll.
2283 1152 2393 1205 Aut
2438 1169 2505 1207 ex
2551 1169 2647 1208 sua
2686 1155 2861 1223 ipsius
2902 1168 3094 1211 natura
3133 1157 3262 1210 vivit
3293 1157 3451 1212 Chri-

1879 1245 2019 1300 stus,
2057 1248 2150 1293 aut
2185 1258 2249 1295 ex
2287 1243 2379 1297 Dei
2413 1245 2609 1313 gratia.
2655 1245 2712 1299 Si
2761 1248 2979 1314 quidem
3037 1266 3103 1303 ex
3137 1265 3245 1305 sua,
3273 1249 3448 1319 ipsius

1877 1342 2093 1396 natura,
2132 1335 2274 1389 Deus
2324 1342 2445 1390 est:
2500 1337 2586 1402 sin
2625 1353 2753 1391 vero
2791 1355 2854 1392 ex
2898 1340 2988 1394 Dei
3018 1341 3216 1410 gratia,
3270 1356 3449 1410 neque

1876 1438 2041 1492 supra
2067 1441 2166 1480 nos
2186 1427 2410 1487 eminet.
2443 1445 2621 1498 neque
2646 1445 2747 1486 nos
2775 1431 3089 1487 viviﬁcabii.
3117 1433 3270 1488 Orllt.
3291 1433 3449 1489 Chri-

1874 1524 1992 1568 stus
2025 1522 2108 1568 est
2140 1516 2301 1569 unica
2356 1534 2612 1586 persona,
2645 1521 2948 1591 composita
2987 1538 3055 1576 ex
3100 1524 3208 1579 Deo
3247 1534 3302 1579 et
3340 1525 3445 1583 Itu-

1873 1622 2036 1660 mana
2065 1619 2285 1673 natura,
2318 1613 2462 1666 sicut
2495 1615 2679 1683 quivis
2706 1616 2867 1669 hon.o
2891 1615 3196 1670 communis
3224 1622 3444 1671 constat

1871 1713 1937 1752 ex
1966 1700 2189 1754 animali
2214 1709 2268 1755 et
2298 1704 2578 1758 rationali.
2626 1704 2816 1773 Itaque
2850 1714 3073 1775 propter
3098 1719 3242 1769 eam,
3275 1717 3441 1771 quam

1799 1768 1840 1821 Β
1869 1800 1899 1836 a
1928 1785 2088 1842 Patre
2141 1791 2322 1857 habet,
2357 1802 2633 1858 naturam,
2668 1795 2966 1850 viv'ilicabit
3008 1810 3135 1873 nos,
3174 1795 3435 1863 quoniam

1865 1891 1949 1933 cst
1977 1882 2083 1934 vita
2106 1882 2162 1935 in
2191 1898 2310 1939 sese
2333 1887 2663 1951 subsistens,
2685 1904 2805 1957 quae
2830 1889 3003 1943 forma
3030 1888 3173 1944 servi
3201 1887 3434 1955 seipsam

1865 1971 2204 2027 informavit.

1934 2063 2101 2135 469
2122 2067 2216 2120 9.5.
2247 2067 2422 2135 Apoll.
2456 2067 2510 2122 Si
2542 2070 2762 2140 quidem
2794 2071 2841 2124 is
2868 2070 3108 2135 excellit,
3143 2070 3236 2139 qui
3266 2068 3435 2123 animi

1863 2159 2145 2226 proposito
2166 2167 2219 2212 et
2256 2161 2464 2214 delectu
2490 2162 2676 2229 justus
2709 2170 2814 2224 est.
2867 2163 3090 2232 quinam
3150 2162 3201 2216 id
3259 2163 3434 2231 putuit

1862 2247 2065 2301 homo?
2103 2249 2350 2306 IIominis
2397 2252 2594 2306 etenim
2654 2256 2990 2324 propositum
3051 2271 3230 2309 veram
3266 2255 3431 2322 justi—

1860 2340 1991 2395 tiam
2025 2342 2262 2410 perfecte
2296 2358 2402 2396 uon
2444 2353 2684 2413 prwstat.
2724 2344 2820 2398 Sin
2863 2361 2992 2400 vero
3025 2354 3218 2398 natura
3245 2347 3429 2413 justus

1858 2439 1962 2497 est,
1994 2431 2133 2486 Deus
2158 2441 2238 2487 est
2275 2448 2288 2483 :
2323 2435 2408 2488 sin
2461 2442 2641 2490 autem
2663 2436 2994 2504 justilieatus
3024 2450 3108 2492 εει.
3129 2440 3305 2506 aliqua
3336 2437 3427 2490 Dei

1858 2524 1913 2576 in
1950 2524 2068 2593 ipso
2089 2525 2300 2594 agentis
2329 2527 2669 2593 ellicacitate,
2696 2528 3043 2597 ipseinterim
3074 2528 3213 2582 ninil
3236 2544 3424 2598 agens.

1856 2614 1948 2683 qui
1987 2616 2203 2683 ipsimet
2248 2626 2436 2685 agunt,
2499 2628 2626 2672 sunt
2665 2634 2729 2673 eo
2790 2621 3221 2690 praestantiores.
3270 2619 3424 2676 0rlli.

1856 2703 1969 2757 Iulo
1990 2704 2080 2772 qui
2116 2705 2388 2774 justitiam
2423 2724 2602 2762 veram
2655 2709 2691 2761 ii
2748 2725 2856 2762 non
2906 2710 3286 2779 impleverunt,
3330 2712 3422 2782 qui

1854 2794 2146 2848 audierunt
2179 2816 2193 2849 :
2230 2815 2247 2846 ι
2282 2796 2552 2853 Sedebitis
2581 2808 2634 2854 et
2673 2817 2769 2854 vos
2826 2816 2990 2869 super
3033 2802 3192 2856 sedes
3220 2803 3424 2855 duode-

1851 2883 2284 2952 cimjudicantes
2304 2888 2589 2943 duodecim
2628 2891 2804 2943 tribus
2842 2888 3006 2944 Israel
3032 2891 3076 2923 ³⁷
3108 2909 3126 2941 ›
3157 2901 3231 2953 et,
3262 2911 3279 2942 ι
3316 2891 3422 2945 Vos

1851 2975 1985 3029 estis
2014 2976 2106 3030 qu
2140 2978 2326 3031 mundi
2344 2979 2430 3032 1m?
2466 2999 2483 3030 ι
2516 2981 2746 3035 Etiamsi
2777 2989 2957 3035 tamen
2999 2982 3088 3037 isti
3122 2998 3302 3036 veram
3329 2983 3421 3048 ju-

1851 3066 2054 3120 stitiam
2085 3068 2609 3138 itnpleverunthnon
2642 3082 2771 3126 sunt
2807 3081 2985 3126 tamen
3028 3074 3142 3142 ipsa
3184 3074 3415 3142 justitia.

1850 3155 1995 3210 Deus
2028 3167 2207 3212 autem
2236 3158 2496 3225 Verbum,
2523 3162 2616 3231 qui
2652 3163 2769 3232 ipsa
2803 3172 2888 3218 est
2924 3165 3159 3231 justitia,
3195 3173 3418 3234 accepta

1848 3249 2009 3307 servi.
2032 3249 2207 3309 forma
2240 3270 2252 3305 :
2303 3271 2320 3301 ι
2365 3250 2567 3307 Factus
2602 3263 2685 3307 est
2731 3255 3142 3324 nobisjustitia,
3179 3259 3418 3311 sanctili-

1845 3341 1991 3393 catio
2019 3350 2073 3397 et
2092 3342 2394 3413 redemptio
2424 3345 2490 3396 αθ.
2522 3364 2538 3396 ι
2562 3344 2634 3410 Is,
2668 3346 2913 3415 inquam,
2934 3348 3027 3416 qui
3057 3347 3272 3417 justitia
3303 3357 3407 3411 est,

1845 3430 2023 3487 factus
2049 3443 2151 3496 est,
2188 3434 2233 3487 si
2260 3435 2552 3490 htunanam
2582 3446 2830 3491 naturam
2858 3440 3140 3508 respicias,
3176 3440 3411 3508 justitia,

1845 3532 1901 3573 ut
1924 3539 2020 3577 nos
2050 3524 2142 3592 qui
2166 3524 2381 3592 justitia
2411 3542 2517 3579 non
2545 3544 2787 3594 eramus,
2821 3546 2917 3583 sua
2950 3532 3122 3599 gratia
3143 3531 3414 3599 justilica-

1843 3622 1941 3668 ret.
1982 3613 2185 3684 Estque
2221 3617 2362 3671 idem
2418 3618 2560 3673 Deus
2598 3628 2651 3673 et
2680 3620 2862 3685 homo,
2912 3623 2988 3676 ita
3031 3632 3088 3675 ut
3143 3631 3414 3691 quatenus

1840 3701 2058 3767 quidem
2106 3712 2192 3757 est
2250 3702 2414 3768 Deus,
2466 3707 2536 3760 sit
2579 3707 2814 3776 justitia,
2865 3718 3138 3780 quatenus
3166 3729 3296 3768 vero
3326 3724 3413 3769 est

1838 3788 2024 3850 homo,
2050 3791 2121 3843 sit
2163 3790 2343 3848 lactus
2387 3794 2627 3862 justitia,
2666 3809 2724 3851 ut
2771 3799 3090 3868 impleretur.
3115 3803 3261 3871 quod
3321 3806 3407 3859 di-

1836 3890 1982 3932 etum
2016 3889 2100 3934 est
2133 3897 2145 3933 :
2180 3903 2197 3933 ‹
2240 3882 2392 3946 Unde
2421 3902 2518 3955 per
2540 3889 2724 3942 omnia
2755 3891 2950 3947 similis
2997 3894 3261 3949 Iratribus
3291 3895 3408 3951 ﬁeri

1834 3969 2080 4027 debuit‘.
2114 3993 2133 4025 ι

1903 4063 1992 4118 26.
2019 4067 2195 4134 Apoll.
2220 4066 2276 4122 Si
2307 4069 2360 4123 in
2390 4070 2611 4126 Christo
2642 4075 2929 4143 copulatus
2950 4085 3069 4130 erat
3094 4077 3254 4131 homo
3280 4094 3404 4132 cum

1833 4152 1965 4217 Deo,
2008 4159 2151 4227 leges
2181 4161 2294 4227 ipse
2322 4163 2404 4214 vel
2433 4178 2497 4215 ex
2525 4180 2646 4218 sese
2690 4166 2897 4220 Ierebat
2928 4170 3008 4221 vel
3033 4184 3138 4222 non
3175 4169 3401 4226 ferebat.

1830 4245 1986 4312 Quod
2016 4250 2059 4303 si
2092 4268 2153 4304 ex
2186 4268 2307 4306 sese
2328 4252 2552 4319 ferebat,
2579 4255 2719 4311 Deus
2750 4266 2887 4310 erat.
2922 4256 3016 4311 Sin
3052 4276 3178 4313 vero
3205 4276 3312 4321 non
3335 4277 3403 4316 ex

1830 4356 1970 4401 sese,
1997 4346 2268 4411 quouimlo
2292 4362 2396 4399 non
2429 4347 2628 4410 aiebat,
2659 4367 2676 4399 ι
2718 4349 2843 4404 Ilaec
2871 4352 3004 4405 dicit
3056 4350 3339 4416 Dominus,
3376 4375 3394 4406 ι

148 4393 313 4463 ὑμῖν’;
353 4416 371 4446 ³
399 4397 515 4463 πῶς
551 4400 613 4461 δὲ,
641 4403 738 4455 οὐκ
764 4400 833 4474 ἦν
864 4411 1368 4480 κεχωρισμένοςτοῦ
1401 4415 1648 4486 λέγοντος
1695 4425 1722 4475 ὀ

153 4484 231 4512 ...1.
271 4485 473 4512 δινη-.-
505 4491 640 4512 9n-n
694 4494 752 4512 πη
829 4495 842 4512 ι
916 4497 991 4512 ,ης
1160 4502 1170 4512 .
1315 4505 1326 4512 .
1381 4508 1392 4512 -

2003 4393 2048 4411 τ
2083 4393 2264 4397 ψη--
2292 4393 2396 4399 η---
2430 4393 2628 4410 -.η-..,
2662 4393 2676 4399 -
2718 4393 2843 4404 -..νυ
2872 4393 3004 4405 ...νη
3056 4393 3339 4416 ην.........ι,
3376 4393 3394 4406 .

1856 4433 1916 4487 ed
1953 4453 1970 4483 ι
2001 4436 2109 4505 Ego
2132 4436 2254 4489 dico
2287 4439 2458 4497 vobis.
2487 4459 2504 4491 ι
2527 4450 2581 4494 et
2599 4443 2875 4509 quomodo
2905 4444 2995 4512 qui
3023 4444 3135 4499 haec
3170 4460 3277 4504 non
3310 4446 3398 4499 di-

150 4484 231 4556 μὴ
271 4485 475 4555 λέγων;
505 4491 661 4557 Ὂρθ.
691 4494 753 4546 ΕΞ
787 4495 884 4564 μὲν
907 4497 1033 4550 ἄλλο
1068 4502 1356 4572 πρόσωπόν
1377 4484 1521 4562 ἐστιν
1542 4513 1570 4563 ὁ
1593 4514 1637 4564 Χ
1646 4527 1727 4584 ρι-

148 4577 293 4641 στὸς,
321 4580 379 4630 οὐ
414 4581 825 4649 συμπέπλεκται
853 4586 990 4659 Θεῷ,
1012 4591 1304 4663 ἠρώτηκας
1326 4598 1721 4670 ἀνακολούοωςι

143 4671 199 4721 εἰ
222 4668 277 4720 δὲ
305 4671 466 4733 αὐτὸς
487 4675 515 4724 ὁ
541 4675 773 4744 Χριστός
798 4678 912 4731 ἐστι
944 4681 1075 4744 Θεὸς
1111 4684 1205 4737 καὶ
1240 4686 1543 4758 ἅνθρωπος,
1577 4696 1659 4759 τίς
1689 4700 1719 4768 ή

142 4762 430 4832 περισσεία
460 4763 553 4817 τοῦ
585 4768 784 4838 μόχοου
829 4772 927 4842 τῆς
973 4776 1330 4847 ἐρωτήσεως
1379 4785 1548 4840 Πόθεν
1573 4788 1632 4842 δὲ
1660 4791 1720 4843 τὸ

143 4851 558 4921 συμπέπλεκται
597 4855 797 4922 λαϐὼν,
846 4862 1157 4933 ἠρώτησας,
1181 4869 1431 4939 μηδαμοῦ
1460 4876 1557 4946 τῆς
1574 4879 1717 4949 Γρα-

141 4944 252 5014 φῆς
280 4944 502 5016 οὖτωβὶ
519 4947 782 5020 λεγούπς
803 4969 826 5015 ;
844 4954 958 5007 Κάν
982 4973 1038 5008 τε
1064 4956 1139 5020 δὲ,
1163 4961 1604 5033 Συμπέπλεκται,
1629 4972 1718 5023 θέ-

137 5034 242 5104 λῃς
255 5034 446 5104 λέγειν,
470 5038 571 5092 κᾶν
593 5057 669 5105 τε,
698 5042 820 5113 ὠςή
842 5045 880 5095 Γ
884 5047 1033 5118 ραφὴ
1046 5045 1221 5114 εἶπεν,
1243 5055 1492 5123 Ἔλαϐεν,
1513 5061 1613 5120 κᾶν
1630 5081 1708 5127 τε,

154 5127 415 5196 Ἐγένετο,
462 5132 593 5196 Θεός
646 5136 760 5188 ἐστι
804 5138 999 5205 Λόγος,
1026 5144 1239 5214 μορφὴν
1287 5146 1471 5202 δούλου
1503 5150 1703 5219 λαϐὼν,

136 5219 370 5290 Χριστὸς
420 5223 838 5296 ὀνομαζόμενος,
882 5233 976 5284 καὶ
1009 5232 1106 5300 ὢν,
1137 5241 1231 5293 καὶ
1273 5243 1663 5315 πιστευόμενος
1690 5267 1702 5278 ·

208 5419 253 5452 ⁸⁷
291 5421 478 5478 Matth.
515 5442 639 5490 XIX,
674 5427 764 5482 Q8.
840 5432 887 5463 ⁸⁸
924 5431 1112 5491 Matth.
1153 5454 1203 5501 ν,
1245 5441 1330 5497 I-I.

352 5634 735 5723 EattprSooav
769 5642 1083 5723 προαίρεσιν
1112 5647 1388 5723 ἀληθινήν,
1416 5672 1546 5711 mss.

206 5698 313 5773 (99)
339 5702 405 5755 Δὲ
439 5698 753 5779 προαῖρεσιν
774 5698 1049 5785 ἀληθινήν,
1083 5698 1211 5775 mss:

1405 5445 1450 5475 θ’
1491 5445 1509 5500 I
1542 5447 1667 5503 Cor.
1710 5467 1758 5513 ι,
1793 5453 1881 5508 3-0.

1826 4526 2002 4589 cchat,
2037 4543 2144 4580 non
2168 4531 2380 4587 eratab
2405 4546 2491 4591 eo,
2522 4532 2614 4600 qui
2640 4533 2854 4587 dicebat
2886 4537 3208 4604 sejunetus?
3242 4536 3393 4591 Orth.

1830 4617 2111 4697 Siquidem
2134 4622 2390 4677 Christus
2420 4625 2523 4681 alia
2548 4634 2631 4680 est
2662 4642 2915 4695 persona,
2952 4646 3058 4682 non
3108 4632 3398 4699 copulatur

1822 4725 1948 4763 cum
1986 4710 2116 4776 Deo,
2151 4714 2455 4784 hocineple
2514 4720 2837 4786 qluesivisli.
2900 4719 2996 4774 Sin
3042 4731 3220 4775 autem
3280 4723 3395 4790 ipse

1822 4801 2078 4856 Christus
2108 4812 2191 4856 est
2243 4803 2385 4860 Deus
2438 4818 2495 4860 et
2528 4808 2710 4870 homo,
2752 4825 3015 4879 quorsum
3066 4827 3395 4881 supervaca—

1826 4909 1964 4948 neus
1995 4894 2098 4948 iste
2131 4895 2578 4967 interrogationis
2629 4902 2818 4954 labor?
2859 4881 3011 4957 Unde
3059 4920 3189 4957 vero
3221 4906 3388 4967 istud,

1822 4985 2111 5053 copulatus
2134 4995 2238 5049 est,
2288 4991 2565 5057 usurpasti
2621 4991 3026 5070 interrogando,
3056 5010 3180 5048 cum
3241 4993 3390 5049 Scri-

1820 5082 1977 5142 ptura
2012 5076 2235 5130 minime
2267 5078 2347 5130 sic
2379 5079 2665 5147 loquatur?
2697 5080 2820 5135 Sive
2873 5093 3054 5137 autem
3094 5085 3259 5148 istud,
3294 5100 3388 5137 co-

1819 5167 2038 5234 pulatus
2062 5175 2165 5228 est,
2206 5184 2471 5237 usurpare
2493 5174 2687 5239 placet,
2716 5176 2850 5237 sive,
2884 5185 2942 5228 ut
2989 5176 3268 5246 Scriptura
3300 5177 3386 5230 in-

1812 5257 1950 5326 quit,
2005 5257 2189 5313 ..icere
2249 5261 2426 5325 malis,
2467 5265 2931 5334 Assumpsit,aut,
2982 5266 3210 5323 Factum
3271 5278 3387 5336 est.

1962 5456 1974 5484 ³
2022 5455 2180 5508 Ilehr.
2221 5473 2295 5523 μ,
2336 5457 2421 5510 I7.

1884 5662 1959 5739 (Ii
1987 5661 2190 5739 _I‘a_lat.,
2223 5664 2315 5739 καὶ
2344 5665 2625 5739 ἄνθρωπος
2660 5666 2853 5739 ὤφειλε
2890 5675 3026 5728 κατὰ
3062 5675 3263 5739 πάντα.

1878 5732 1951 5801 ('2)
1985 5733 2177 5802 I‘;L'at.,
2214 5733 2368 5787 τοῦτο
2409 5732 2457 5790 λζ
