3850 6226
474 191 610 246 1259

1622 184 1680 240 S.
1719 183 2176 240 ATHANASIUS.
2218 215 2285 226 -—-
2317 186 2591 243 SDURIA.

3589 195 3727 249 1280

466 324 570 368 est.
614 310 766 367 Orllr.
803 307 966 371 Sane,
999 307 1045 361 si
1077 307 1517 362 consideraretur
1548 307 1778 361 seorsim
1829 322 1858 359 a
1902 306 2022 361 Veri

2136 301 2195 361 οῦ
2224 309 2290 362 τὰ
2318 310 2512 363 πάντα.
2539 312 2694 377 Ὀρθ.
2728 312 2781 364 Ὀ
2811 310 3090 381 γεννηθεὶς
3121 312 3184 364 ἐκ
3215 311 3437 383 Μαρίας
3469 314 3536 365 οὗ
3572 313 3728 375 κενὸς

466 405 554 458 bo.
595 402 749 467 Quod
780 401 826 456 si
859 415 1134 470 nunquam
1158 407 1264 452 uta
1292 396 1468 453 Verbo
1495 398 1805 467 seiunctum
1848 399 2030 453 consi-

465 496 708 557 deratur,
738 508 928 562 nempe
976 507 1084 546 non
1113 499 1197 545 est
1221 491 1384 545 homo
1415 490 1616 555 nudus,
1647 489 1740 545 sed
1778 490 1918 544 Deus
1961 491 2032 544 ob

465 584 627 640 Verbi
666 585 984 638 unitionem.
1018 582 1194 651 Apoll.
1227 580 1511 651 Templum
1559 596 1626 635 ex
1677 581 1846 635 Maria
1879 582 2030 651 ge'ni-

463 685 602 740 tum,
636 688 719 731 est
746 674 928 737 .lesus,
958 690 1054 744 per
1076 689 1239 744 quem
1270 673 1471 728 omnia.
1504 671 1656 727 Orlh.
1680 673 1781 739 Qui
1813 677 2028 744 genitus

463 779 548 825 est
574 785 639 822 ex
673 767 875 830 Maria,
931 783 1038 821 non
1085 772 1168 820 est
1211 765 1428 835 genitus
1475 779 1680 819 vacuus
1714 780 1809 819 seu
1849 766 2030 834 scopis

464 861 778 924 mimdatus,
810 858 904 913 sed
943 874 1044 911 una
1079 873 1200 911 cum
1238 857 1456 926 templo,
1481 857 1711 926 ideoque
1733 867 1816 912 est
1841 856 2025 921 Jesus.

463 964 561 1018 per
591 964 751 1017 quem
785 948 985 1001 omnia.
1024 945 1208 1014 Neque
1237 960 1365 999 vero
1391 946 1652 1013 templum
1682 961 1817 999 voco
1842 944 2028 999 Iesum

465 1042 673 1112 absque
698 1039 896 1103 Verbo,
921 1055 1096 1108 neque
1126 1038 1359 1092 Verbum
1410 1052 1545 1092 voco
1591 1035 1775 1093 Jesum
1824 1039 2031 1108 absque

461 1134 666 1204 templo
691 1152 704 1187 :
740 1132 833 1187 sed
860 1146 921 1185 ex
949 1146 1014 1187 eo
1045 1140 1285 1197 tempore
1323 1128 1557 1184 Verbum
1589 1131 1800 1199 accepit
1830 1146 2026 1185 nomen

455 1221 614 1284 Jesu,
645 1237 710 1277 ex
738 1236 847 1290 quo
872 1220 1084 1275 sanavit
1122 1218 1484 1272 contritiones
1518 1219 1699 1288 populi
1737 1219 1843 1272 sui.
1875 1218 2030 1274 Tunc

463 1323 645 1368 autem
678 1311 910 1377 sanavit,
941 1308 1158 1380 quando
1204 1309 1456 1378 dignatus
1498 1319 1582 1363 est
1611 1311 1755 1364 servi
1799 1310 2028 1365 formam

459 1409 735 1476 accipere.
772 1404 888 1459 11οο
932 1404 1097 1472 igitur
1131 1401 1389 1465 Verbum,
1420 1402 1565 1472 quod
1622 1418 1767 1457 nunc
1808 1410 2030 1472 propter

457 1498 818 1553 oeconomiam
847 1495 1051 1549 dictum
1084 1494 1167 1550 est
1213 1493 1372 1549 Jesus
1396 1533 1411 1556 ,
1458 1496 1505 1549 is
1538 1505 1655 1557 est,
1715 1511 1812 1564 per
1866 1511 2025 1564 quem

455 1590 639 1644 omnia
672 1607 687 1643 :
718 1596 773 1643 et
808 1585 1266 1657 quemadmodum
1314 1587 1616 1640 cauterium
1648 1585 2027 1639 animadverto

2136 400 2397 470 ἐγεννήθη
2418 402 2508 453 καὶ
2533 400 2912 471 σεσαρωμένος
2939 401 3069 470 (7.1),
3098 401 3234 454 ἀλλὰ
3266 402 3406 472 μετὰ
3428 402 3532 455 τοῦ
3561 402 3723 455 ναοῦ·

2133 492 2211 544 διὸ
2245 493 2338 545 καὶ
2362 492 2525 555 αὑτός
2545 494 2692 546 ἐστιν
2716 492 2942 562 Ἰησοῦς,
2973 493 3038 544 δι’
3071 486 3132 545 οὗ
3159 494 3228 546 τὰ
3256 493 3459 546 πάντα.
3496 493 3649 546 Οὔτε
3672 496 3726 548 ἃ

2131 583 2222 635 τὸν
2252 583 2377 636 ναὸν
2419 583 2569 636 καλῶ
2628 584 2834 653 Ἰησοῦν
2873 586 3041 655 χωρὶς
3083 584 3176 637 τοῦ
3214 586 3413 652 Λόγου,
3470 584 3610 638 οὔτε
3641 586 3728 638 τὸν

2133 674 2304 740 Λόγον
2335 676 2502 745 χωρὶς
2529 674 2623 728 τοῦ
2665 675 2793 728 ναοῦ
2821 676 3032 745 Ἰησοῦν
3052 693 3064 705 ⁸
3097 676 3210 729 ἀλλ’
3234 675 3427 729 Emme
3455 677 3683 747 Ἰησοῦς
3704 681 3730 730 6

2131 766 2304 835 Λόγος
2332 767 2614 837 κέκληται,
2642 767 2701 831 ἐξ
2731 763 2790 822 οῦ
2824 769 2919 821 καὶ
2971 769 3155 822 ίὰσατο
3203 768 3274 820 τὰ
3328 771 3731 840 συντρίμματα

2130 857 2224 909 τοῦ
2249 857 2377 910 λαοῦ
2407 857 2593 912 αὑτοῦ.
2627 860 2761 911 Τότε
2792 859 2849 912 δὲ
2888 861 3095 923 ἰάσατο,
3122 860 3210 912 ὅτε
3243 860 3571 929 κατηξίωσε
3602 878 3732 933 μορ-

2134 948 2240 1020 φὴν
2258 950 2443 1003 δούλου
2469 950 2672 1005 λαϐεῖν.
2699 945 2867 1014 υῦτος
2892 952 3000 1021 (75)
3023 948 3113 1026 οὖν
3144 954 3173 1005 6
3212 954 3407 1020 Λόγος,
3440 955 3470 1004 6
3488 952 3597 1005 νῦν
3626 955 3732 1023 ’1η-

2135 1031 2369 1103 σοῦςῖιὰ
2395 1043 2492 1112 τὴν
2525 1043 2836 1111 οἰκονομίαν
2874 1042 3115 1112 κληθεὶς,
3153 1044 3314 1106 αὐτός
3345 1046 3529 1105 ἐστιν,
3568 1044 3642 1096 δι’
3674 1038 3735 1095 οὗ

2130 1131 2199 1184 τὰ
2238 1132 2440 1185 πάνταο
2476 1135 2570 1186 καὶ
2618 1133 2805 1203 ὥσπερ
2835 1135 2927 1187 τὸν
2951 1135 3193 1204 καυτῆρα
3225 1134 3335 1204 πῦρ
3368 1135 3468 1186 καὶ
3506 1136 3735 1205 σίδηρον

2132 1221 2266 1286 νοῶ,
2319 1223 2490 1287 οὕτως
2556 1224 2759 1293 Ἰησοῦν
2810 1224 2942 1276 Θεὸν
2981 1225 3151 1292 Λόγον
3190 1225 3734 1295 ἐνανορωπήσαντα.

2145 1313 2389 1367 Ἀπολλ.
2410 1316 2467 1367 'U
2493 1315 2634 1379 ναὸς,
2676 1316 2742 1368 δι’
2769 1312 2829 1370 οῦ
2858 1317 2929 1369 τὰ
2951 1318 3149 1379 πάντα,
3194 1316 3228 1387 ἢ
3257 1319 3287 1369 6
3332 1320 3392 1369 ὲν
3445 1316 3534 1386 τῷ
3584 1317 3735 1386 vagi;

2145 1405 2294 1472 Ὄρθ.
2330 1408 2419 1475 Μὴ
2458 1407 2653 1478 διαίρει
2686 1408 2775 1462 τὸν
2809 1410 2934 1462 ναὸν
2979 1408 3073 1461 τοῦ
3108 1409 3471 1472 ἐνοικοῦντος.
3524 1409 3597 1462 Εἰ
3628 1411 3737 1479 γὰρ

2136 1514 2153 1545 ι
2193 1498 2221 1548 6
2251 1496 2586 1567 κολλώμενος
2620 1498 2698 1569 τῷ
2726 1501 2915 1571 Κυρίῳ
2962 1499 3023 1553 ἓν
3060 1501 3277 1571 πνεῦμά
3306 1503 3450 1562 ἐστι,
3494 1521 3519 1552 ι

2131 1587 2348 1651 πλεῖον,
2382 1589 2509 1643 ὅταν
2574 1592 2603 1643 ὁ
2674 1590 2880 1662 Κύριος
2938 1592 3163 1661 λέγηται
3233 1593 3326 1645 καὶ
3392 1593 3733 1662 πιστεύηται

455 1680 637 1749 ignem
671 1679 833 1734 simul
858 1684 913 1732 et
939 1676 1142 1730 ferrum
1165 1691 1319 1741 esse;
1358 1676 1431 1728 ita
1458 1675 1622 1729 etiam
1659 1673 1843 1729 Jesum
1869 1675 2022 1729 intel-

2129 1678 2363 1748 ἡνῶσθαι
2393 1683 2572 1751 μορφῇ
2602 1681 2812 1747 δούλου,
2840 1679 2920 1746 εἷς
2953 1683 3102 1735 ἐστιν
3135 1684 3296 1746 αὐτὸς
3324 1683 3465 1746 Θεὸς
3504 1684 3606 1737 καὶ
3639 1682 3733 1736 ἂν-

456 1772 565 1835 ligo
588 1785 718 1825 esse
746 1770 913 1824 Deum
946 1766 1177 1821 Verbum
1199 1807 1214 1831 ,
1270 1767 1543 1821 hominem
1576 1764 1802 1818 factum.
1847 1765 2021 1833 Apoll.

2132 1768 2367 1839 θρωπος.

454 1867 708 1937 Ipsumne
738 1864 1019 1933 templum,
1049 1878 1115 1915 an
1146 1861 1239 1931 qui
1266 1862 1319 1915 in
1344 1861 1542 1929 templo
1571 1867 1676 1925 est,
1708 1860 1754 1915 is
1789 1869 1894 1923 est,
1956 1877 2052 1930 per
2088 1877 2248 1932 quem
2275 1867 2502 1920 omnia?
2563 1866 2716 1922 Ortli.
2787 1868 2864 1922 Ne
2922 1884 3112 1939 separa
3150 1870 3415 1939 templum
3485 1869 3564 1922 ab
3622 1883 3726 1931 eo,

454 1964 548 2033 qui
588 1964 643 2016 in
671 1962 872 2028 templo
905 1958 1129 2012 habitat.
1184 1955 1319 2010 Nam
1358 1957 1401 2010 si
1470 1974 1488 2006 ι
1556 1955 1870 2027 quicunque
1924 1957 2290 2025 agglutinatus
2358 1969 2442 2015 est
2510 1960 2761 2020 Domino.
2832 1980 2974 2018 unus
3012 1982 3030 2014 ι
3101 1978 3227 2016 cum
3279 1978 3346 2017 eo
3416 1982 3435 2012 ι
3489 1963 3729 2032 spiritus

454 2068 539 2113 est
561 2059 630 2118 τ’,
652 2076 671 2108 ι
716 2055 888 2110 multo
912 2052 1091 2123 magis
1122 2066 1244 2106 cum
1280 2050 1481 2104 dicitur
1510 2057 1564 2105 et
1596 2050 1842 2105 creditur
1863 2048 2124 2109 Dominus
2175 2055 2364 2111 unitus
2390 2071 2511 2112 esse
2542 2056 2730 2113 formae
2764 2060 2938 2124 servi,
3002 2074 3145 2113 unus
3172 2066 3258 2114 est
3321 2057 3448 2127 ipse
3478 2056 3636 2113 Deus
3674 2066 3730 2113 et

456 2154 641 2208 homo.

524 2248 579 2304 6.
610 2247 785 2317 Apoll.
816 2245 986 2300 llomo
1016 2243 1181 2315 igitur
1208 2259 1315 2298 non
1347 2250 1451 2309 est,
1472 2242 1563 2313 qui
1588 2257 1654 2296 ex
1702 2239 1872 2295 Maria
1920 2254 2016 2310 ge-

454 2343 603 2396 nitus
635 2340 754 2395 est?
793 2337 944 2394 Orth.
980 2335 1332 2391 Solummodo
1385 2334 1606 2404 quidem
1660 2333 1859 2394 homo,
1922 2347 2019 2385 ne-

453 2445 746 2503 quaquam.
807 2427 984 2498 Apoll.
1037 2426 1144 2483 Sed
1203 2425 1463 2496 quidnam
1516 2423 1822 2494 praeterca?
1862 2421 2017 2477 Orlh.

457 2522 561 2577 Sed
592 2523 755 2576 etiam
785 2519 949 2575 Deus.
982 2516 1292 2572 Sicutenim
1326 2515 1476 2570 Isaac
1503 2516 1720 2586 genitus
1751 2530 1818 2568 ex
1843 2514 2023 2568 Abra-

456 2617 637 2673 hamo,
669 2627 770 2668 nec
795 2611 934 2666 alius
965 2611 1254 2682 quisquam
1280 2609 1583 2671 hominum,
1612 2614 1697 2662 est
1729 2622 1856 2661 caro
1882 2606 2022 2660 dun-

455 2715 626 2770 taxat,
656 2704 757 2761 sed
784 2703 1162 2773 unusquisque
1204 2709 1450 2755 nostrum
1480 2700 1698 2770 genitus
1724 2707 1808 2753 est
1857 2699 2020 2752 homo

456 2812 521 2851 ex
565 2794 823 2859 homine,
882 2808 991 2847 non
1044 2790 1188 2862 quod
1221 2792 1404 2844 anima
1455 2789 1740 2843 rationalis
1793 2789 2021 2843 alteram

454 2886 692 2939 animam
726 2884 1043 2939 rationalem
1096 2882 1372 2954 genuerit;
1430 2883 1682 2952 quamvis
1730 2881 1895 2936 homo
1949 2881 2020 2936 sit

2188 2239 2240 2293 6.
2276 2239 2520 2293 Ἀπολλ.
2546 2239 2752 2293 Οὐκοῦν
2785 2241 2883 2294 οὐκ
2907 2240 3051 2294 ἔστιν
3085 2240 3370 2312 ἄνθρωπος
3390 2244 3421 2295 6
3453 2260 3725 2316 γεγεννη-

2123 2331 2280 2402 μένος
2297 2333 2360 2385 ἐκ
2383 2332 2631 2402 Μαρίας;
2651 2333 2807 2399 Ὀρθ.
2833 2333 3006 2386 Μόνον
3029 2332 3334 2403 ἄνθρωπος,
3358 2333 3448 2387 οῦ.
3464 2337 3722 2391 Ἀπολλ.

2138 2422 2297 2475 Ἀλλὰ
2319 2427 2412 2492 καὶ
2431 2421 2484 2475 τί
2503 2438 2517 2487 ;
2546 2423 2702 2490 Ὀρθ.
2736 2423 2895 2474 ’Λλλὰ
2921 2425 3015 2476 καὶ
3041 2423 3202 2487 Θεόςο
3233 2425 3310 2488 ὼς
3331 2427 3447 2497 γὰρ
3470 2428 3582 2480 οὐκ
3608 2429 3722 2480 ἔστι

2126 2512 2284 2581 μόνον
2318 2511 2455 2583 σὰρξ
2505 2514 2688 2566 Ἰσαὰκ
2719 2513 3113 2582 γεγεννημένος
3169 2508 3234 2566 ἔκ
3293 2514 3391 2567 τοῦ
3433 2516 3718 2589 Ἀϐραὰμ,

2124 2601 2244 2655 οὐδὲ
2288 2602 2444 2668 ἄλλος
2488 2621 2572 2667 τις
2608 2603 2715 2656 τῶν
2759 2603 3080 2675 ἀνθρώπων,
3134 2605 3269 2659 ἀλλὰ
3324 2606 3628 2677 ἄνθρωπος
3661 2610 3719 2674 ἐξ

2126 2694 2409 2765 ἀνθρώπου
2439 2696 2755 2766 γεγέννηται
2789 2698 3017 2761 ἕκαστος
3053 2697 3229 2767 ἡμῶν,
3258 2698 3321 2750 οὐ
3356 2701 3718 2771 γεννωμένης

2124 2785 2301 2856 ψυχῆς
2328 2786 2548 2858 λογικῆς
2587 2790 2651 2840 ἐκ
2677 2788 2856 2859 ψυχῆς
2906 2788 3157 2859 λογικῆς
3194 2788 3445 2858 καίτοιγε
3484 2792 3586 2844 τοῦ
3618 2795 3719 2846 ἀν-

2126 2876 2344 2948 θρώπου
2369 2881 2432 2931 ὲκ
2460 2878 2635 2950 ψυχῆς
2662 2880 2881 2950 λογικῆς
2903 2880 2997 2933 καὶ
3021 2880 3269 2951 σώματος
3294 2885 3675 2954 summitur.»
3694 2901 3712 2918 ο

453 2992 517 3031 ex
549 2976 727 3030 anima
765 2974 1019 3029 rationali
1047 2983 1102 3029 et
1130 2989 1360 3044 corpore
1390 2974 1726 3046 compositus
1752 2989 1767 3039 ;
1827 2973 1899 3025 ita
1943 2972 2013 3024 il-

2129 2968 2256 3022 ›ῦτω
2287 2969 2418 3022 Θεὸν
2447 2969 2588 3038 λέγω
2620 2971 2711 3024 τὸν
2747 2974 2810 3024 ὲκ
2841 2972 3058 3041 Μαρίας
3083 2974 3512 3044 γεγεννημένον,
3560 2976 3710 3047 ψυχῇ

456 3069 587 3131 lum,
615 3067 707 3137 qui
735 3081 803 3121 ex
824 3065 992 3120 Maria
1015 3065 1230 3135 genitus
1255 3072 1360 3126 est,
1381 3065 1590 3134 appello
1615 3064 1805 3126 Deum,
1831 3062 2024 3116 animae

458 3158 709 3212 videlicet
734 3166 789 3211 et
818 3156 1033 3226 corpori
1074 3155 1309 3211 unltum.
1362 3153 1829 3221 Quemadmodum
1877 3154 2023 3208 enim

459 3251 504 3303 si
535 3248 719 3301 anima
773 3246 991 3316 corpori
1024 3245 1178 3299 unita
1213 3244 1372 3299 fuerit
1396 3284 1411 3307 ,
1454 3244 1692 3313 gignitur
1737 3243 1899 3296 homo
1927 3257 2024 3311 per

456 3341 761 3401 mulierem,
789 3339 862 3392 ita
895 3336 1038 3393 Deus
1060 3335 1319 3398 Verbum,
1353 3335 1444 3389 ubi
1475 3336 1682 3389 unitum
1714 3341 1797 3388 est
1829 3332 2024 3386 animae

453 3435 508 3481 et
542 3426 780 3497 corpori,
812 3426 1027 3496 genitus
1048 3432 1130 3479 est
1163 3423 1305 3479 Deus
1335 3433 1387 3479 et
1420 3425 1579 3478 homo
1606 3440 1698 3493 per
1713 3425 2021 3477 mulierem.

454 3516 630 3585 Apoll.
663 3516 829 3586 Atqui
872 3534 891 3566 ι
931 3531 997 3570 ex
1027 3514 1255 3570 muliere
1280 3533 1310 3565 η»
1348 3513 1617 3582 scriptum
1649 3522 1733 3567 est
1763 3514 1827 3564 ⁷⁸.
1864 3510 2017 3566 Orth.

454 3606 532 3661 Ex
559 3607 803 3669 muliere,
842 3604 1139 3661 secundum
1194 3618 1453 3659 carnem:
1490 3619 1583 3674 per
1615 3604 1892 3657 mulierem
1936 3616 2024 3656 se—

454 3699 694 3754 cundum
724 3698 1012 3768 Spiritum.
1054 3695 1228 3763 Apoll.
1273 3694 1533 3764 Proprins
1585 3696 1673 3749 ille
1703 3693 1796 3748 Dei
1827 3692 2018 3757 Filius,

454 3806 616 3862 quem
652 3806 750 3860 pro
785 3791 941 3844 nobis
980 3787 1204 3842 tradidit
1229 3826 1245 3850 ,
1303 3787 1554 3856 quisnam
1601 3793 1703 3849 est,
1742 3784 2019 3846 Verbum,

455 3899 524 3936 an
565 3881 766 3936 homo?
798 3880 952 3936 Orllt.
984 3878 1253 3949 Proprius
1295 3877 1392 3934 Dei
1451 3876 1618 3932 Filius
1665 3877 1755 3931 ille
1780 3887 1892 3939 est,
1926 3876 2020 3945 qui

461 3993 480 4026 ι
523 3975 825 4029 humiliavit
881 3973 1274 4042 semetipsum,
1361 3969 1588 4025 formam
1657 3969 1800 4023 servi
1878 3969 2022 4023 acci-

455 4065 609 4133 piens
633 4065 700 4128 '”,
751 4082 769 4114 ι
830 4071 883 4117 et
933 4062 987 4115 in
1040 4062 1132 4115 illa
1181 4059 1364 4115 servili
1415 4056 1588 4112 forma
1632 4058 1865 4112 traditus
1912 4065 2018 4112 est.

453 4154 629 4224 Apoll.
661 4153 778 4208 Non
809 4153 976 4223 igitur
997 4150 1161 4206 Jesus
1182 4166 1247 4205 ex
1279 4148 1447 4203 Maria
1480 4148 1726 4218 genitus,
1782 4146 1878 4201 sed
1924 4162 2021 4217 per

451 4259 568 4300 eum
596 4245 834 4314 genitum
872 4240 1133 4305 Verbum,
1168 4242 1214 4296 is
1250 4249 1354 4301 est,
1383 4240 1473 4309 qui
1502 4239 1854 4307 semetipsum
1913 4239 2016 4292 [iu-

2121 3062 2215 3114 καὶ
2245 3060 2454 3131 σώματι
2495 3061 2782 3117 ἐνωθὲντα.
2832 3063 3097 3135 Καθάπερ
3122 3063 3230 3136 γὰρ
3261 3064 3532 3120 ὲνωθεῖσα
3564 3067 3712 3139 ψυχὴ

2122 3152 2351 3223 σώματι,
2376 3154 2630 3221 γεννᾶται
2660 3154 2940 3225 ἄνθρωπος
2957 3154 3046 3207 διὰ
3074 3156 3352 3223 γυναικὸς,
3371 3156 3555 3221 οὕτως
3582 3159 3714 3212 ἑνω-

2122 3242 2234 3307 θεὶς
2278 3243 2409 3307 Θεὸς
2464 3243 2632 3313 Λόγος
2661 3244 2802 3316 ψυχῇ
2835 3246 2929 3298 καὶ
2963 3247 3195 3316 σώματι,
3256 3247 3526 3318 ἐγεννήθη
3577 3248 3712 3312 Θεὸς

2120 3333 2215 3386 καὶ
2244 3332 2524 3404 ἄνθρωπος
2571 3334 2658 3388 διὰ
2690 3337 2964 3403 γυναικός.
2995 3337 3243 3390 Ἀπολλ.
3272 3338 3543 3407 Καίτοιγε
3599 3359 3618 3391 ι
3646 3342 3713 3392 ἐκ

2119 3425 2376 3495 γυναικὸς
2412 3444 2430 3477 ›
2489 3426 2816 3498 γέγραπται.
2868 3428 3020 3496 Ὀρθ.
3085 3430 3181 3483 Ἐκ
3230 3431 3495 3498 γυναικὸς
3567 3433 3711 3486 κατὰ

2122 3519 2319 3588 σάρκα,
2352 3517 2438 3570 διὰ
2469 3518 2570 3588 τῆς
2610 3519 2867 3586 γυναικὸς
2898 3520 3040 3574 κατὰ
3071 3521 3306 3593 πνεῦμα.
3348 3522 3609 3577 Ἀπολλ.
3652 3526 3712 3577 ὀ

2123 3605 2250 3670 ἴδιος
2306 3606 2433 3669 Υἱὸς
2478 3606 2574 3659 τοῦ
2625 3606 2783 3670 Θεοῦ,
2838 3608 2895 3661 ὃν
2959 3611 3275 3683 παρέδωκεν
3329 3611 3475 3682 ὑπὲρ
3524 3613 3705 3683 ἡμῶν,

2118 3699 2202 3760 τίς
2234 3701 2418 3763 ὲστιν;
2470 3698 2498 3752 6
2531 3699 2722 3767 Λόγος.
2777 3700 2810 3771 ἦ
2850 3704 2878 3754 6
2913 3701 3238 3774 ἄνθρωπος;
3275 3705 3429 3772 Ὀρθ.
3480 3707 3541 3759 Ὀ
3578 3708 3709 3771 ἴδιος

2121 3790 2247 3852 Υἱὸς
2278 3789 2370 3843 τοῦ
2401 3789 2557 3854 Θεοῦ,
2607 3791 2764 3855 αὐτός
2799 3794 2944 3846 ἐστιν
2985 3811 3004 3844 (
3043 3794 3072 3845 6
3100 3795 3445 3859 ταπεινώσας
3490 3800 3703 3861 ἑαυτὸν,

2124 3883 2335 3953 μορφὴν
2366 3881 2553 3935 δούλου
2570 3882 2769 3947 λαϐὼν,
2796 3902 2815 3934 ι
2839 3885 2934 3936 καὶ
2949 3887 3004 3938 ὲν
3025 3887 3158 3956 αὐτῇ
3181 3890 3245 3957 τῇ
3273 3888 3495 3960 δουλικῇ
3520 3896 3705 3964 μορφῇ

2122 3971 2464 4043 παραδοθείς.
2497 3972 2748 4027 Ἀπολλ.
2780 3974 2891 4043 Οὐχ
2914 3976 2942 4026 6
2967 3974 3244 4044 γεννηθεὶς
3271 3972 3364 4030 οὖν
3390 3980 3455 4031 ἐκ
3481 3982 3706 4052 Μαρίας

2133 4064 2357 4134 Ἰησοῦς,
2422 4064 2536 4118 ἀλλ’
2570 4066 2599 4117 6
2649 4065 2931 4137 γεννηθεὶς
2979 4066 3047 4119 δι’
3082 4069 3250 4139 αὐτῆς
3286 4069 3479 4138 Λόγος,
3539 4074 3707 4137 αὐτὸς

2120 4155 2311 4207 ἑαυτὸν
2344 4153 2676 4207 ἐταπείνωσε
2724 4155 2884 4225 μέχρι
2926 4155 3175 4212 θανάτου.
3217 4160 3369 4225 Ὀρθ.
3403 4159 3499 4230 Μὴ
3523 4161 3703 4234 δίαιρε

2118 4245 2217 4315 τὴν
2252 4244 2397 4309 ama
2448 4244 2741 4297 ἑνωθεῖσαν
2777 4245 2989 4299 ἕνωσιν.
3043 4243 3211 4300 Εἶπον
3242 4248 3372 4317 γὰρ,
3416 4250 3502 4301 ὅτι
3537 4252 3704 4316 αὑτός

453 4333 681 4388 miliavit
704 4347 875 4401 usque
907 4331 975 4384 ad
1000 4338 1251 4386 mortem.
1294 4328 1448 4384 Orth.
1507 4326 1585 4382 Ne
1620 4342 1811 4395 separa
1856 4327 2019 4380 unio—

2129 4313 2266 4390 ἐστιν
2289 4338 2318 4389 ὁ
2338 4338 2465 4400 ἴδιος
2486 4337 2633 4402 Υἱὸς,
2658 4340 2686 4391 ὁ
2714 4338 2773 4404 ἐξ
2802 4340 2969 4408 αὐτῆς
2996 4339 3139 4393 κατὰ
3168 4313 3368 4411 σάρκα,
3397 4343 3494 4394 καὶ
3519 4342 3590 4395 δι’

454 4432 577 4477 nam
603 4424 770 4478 semel
799 4422 1026 4477 unitam.
1074 4421 1194 4475 Dixi
1231 4421 1397 4484 enim,
1429 4435 1550 4474 cum
1576 4434 1699 4473 esse
1738 4419 2016 4487 proprium

453 4514 671 4576 Filium,
706 4514 801 4583 qui
830 4529 895 4568 ex
945 4528 1011 4567 ea
1062 4514 1135 4568 sit
1180 4513 1475 4568 secundum
1531 4526 1788 4572 carnem,
1824 4519 1878 4563 et
1922 4525 2021 4580 per

450 4621 571 4662 eam
600 4604 897 4660 secundum
926 4603 1208 4675 Spiritum.
1252 4603 1428 4673 Apoll.
1483 4601 1620 4671 Ergo
1642 4600 1883 4656 Verbum
1922 4616 2019 4671 per

451 4711 569 4751 eam
601 4696 839 4765 genitum
872 4695 1178 4750 humiliavit
1204 4695 1553 4763 semetipsum
1578 4709 1752 4763 usque
1789 4694 1855 4747 ad
1880 4709 2021 4747 mor-

448 4796 581 4843 tem.
622 4787 778 4843 Orth.
815 4786 958 4843 Deus
985 4785 1222 4842 Verbum
1280 4787 1445 4855 igitur
1493 4802 1588 4856 per
1646 4787 1821 4856 ipsam
1863 4787 2017 4857 geni-

449 4886 587 4942 tum,
617 4893 741 4932 cum
773 4891 880 4932 non
905 4884 1089 4946 posset
1128 4876 1181 4930 in
1215 4877 1331 4946 ipsa
1360 4876 1581 4931 deitatis
1611 4886 1803 4930 natura
1838 4876 2018 4929 humi-

2119 4427 2218 4496 τῆς
2273 4428 2412 4480 κατὰ
2461 4427 2698 4498 πνεῦμα.
2725 4430 2975 4483 Ἀπολλ.
3015 4430 3070 4483 '0
3101 4429 3168 4482 δι’
3195 4431 3364 4500 αὐτῆς
3395 4427 3491 4483 οὖν
3527 4434 3705 4501 Λόγος

2119 4517 2476 4571 ἐταπείνωσεν
2511 4518 2702 4572 ἑαυτὸν
2735 4519 2895 4589 μέχρι
2937 4519 3186 4573 θανάτου.
3222 4523 3379 4587 Ὀρθ.
3420 4521 3482 4575 Ὁ
3507 4523 3576 4576 δι’
3604 4526 3702 4576 αὺ-

2118 4609 2216 4679 τῆς
2245 4605 2337 4662 οῦν
2367 4610 2496 4674 Θεὸς
2530 4610 2721 4679 Λόγος,
2755 4612 2816 4664 οὐ
2842 4611 3133 4682 δυνάμενος
3167 4615 3229 4682 τῇ
3266 4612 3431 4681 φύσει
3458 4616 3560 4687 τῆς
3582 4616 3704 4670 θεό-

2120 4715 2289 4769 τητος
2311 4700 2714 4771 ταπεινωθῆναι
2747 4702 2909 4775 μέχρι
2938 4703 3189 4768 θανάτου,
3216 4704 3410 4757 ἐλαϐεν
3428 4707 3612 4777 ἐαυτῷ
3642 4710 3701 4776 ἐξ

2119 4791 2290 4861 αὐτῆς
2327 4791 2565 4863 ἔμψυχον
2599 4793 2777 4863 σῶμα,
2829 4794 2890 4847 τὸ
2945 4795 3241 4865 δυνάμενον
3292 4799 3701 4871 ταπεινωθῆναι

2123 4880 2281 4952 μέχρι
2314 4881 2564 4946 θανάτου,
2600 4884 2628 4937 ὅ
2662 4886 2775 4936 ἐστι
2812 4886 2992 4957 μορφὴ
3024 4885 3227 4939 δούλου.

452 4965 584 5024 liare
610 4983 670 5024 se
697 4982 871 5038 usque
922 4967 990 5022 ad
1020 4974 1251 5022 mortem
1282 5007 1297 5029 ,
1343 4982 1541 5036 corpus
1583 4980 1649 5020 ex
1697 4980 1760 5020 ea
1807 4967 1910 5021 sibi
1968 4973 2265 5041 assumpsit
2297 4974 2616 5037 animatum,
2640 4975 2783 5043 quod
2806 4975 2874 5029 ad
2905 4988 3135 5031 mortem
3178 4991 3351 5046 usque
3416 4977 3699 5034 humiliari

450 5069 656 5131 posset,
689 5061 740 5114 id
773 5068 859 5115 est
897 5059 1124 5114 formam
1155 5060 1320 5114 servi.

524 5151 573 5206 7.
612 5152 792 5221 Apoll.
821 5150 962 5205 Deus
992 5166 1119 5220 ergo
1151 5164 1346 5220 passus
1372 5156 1458 5205 est
1495 5164 1592 5220 pro
1638 5149 1816 5204 nobis.
1858 5147 2012 5203 Orlh.

427 5241 615 5311 .Deus,
646 5245 799 5299 unito
820 5243 924 5299 sibi
958 5258 1189 5312 corpore
1220 5244 1401 5296 anima
1434 5242 1678 5312 praedito,
1704 5242 1849 5312 quod
1878 5242 2020 5295 mori

520 5398 566 5431 "
603 5400 616 5452 Ι
650 5399 777 5453 Cor.
813 5414 895 5461 vr,
941 5398 1019 5451 17.
1097 5396 1142 5427 ⁷⁸
1179 5395 1353 5450 Galat.
1399 5411 1470 5460 Iv,
1502 5396 1555 5450 4.

524 5552 635 5624 (τι)
674 5552 845 5606 Palat.
880 5549 1318 5623 σεσαρκ‹ι›μένος,
1347 5550 1489 5603 male

2193 5149 2245 5201 7.
2277 5149 2524 5202 Ἀπολλ.
2544 5149 2676 5213 Θεὸς
2691 5146 2783 5203 οῦν
2806 5150 3005 5206 ἔπαθεν
3031 5153 3170 5223 ὑπὲρ
3186 5155 3362 5225 ἡμῶν.
3389 5160 3548 5227 Ὀρθ.
3569 5161 3698 5225 Θεὸς

2125 5239 2328 5304 ἑνώσας
2361 5239 2539 5311 ἑαυτῷ
2589 5241 2746 5312 σῶμα
2799 5241 3063 5314 ἔμψυχον,
3101 5246 3163 5298 τὸ
3211 5248 3514 5319 δυνάμενον
3565 5253 3695 5307 ἀπο-

1632 5397 1675 5429 ”
1717 5394 1954 5467 Philipp.
1998 5411 2057 5465 ιι,
2096 5395 2148 5452 8.

2200 5549 2315 5623 (W3
2357 5547 2447 5605 Sic
2478 5566 2610 5607 mss.
2648 5567 2856 5609 omnes.
2885 5551 3026 5609 Edili
3050 5571 3197 5623 vero,
3225 5556 3422 5623 οὕτως.
