3850 6226
139 275 270 330 1&6!
1086 277 1174 332 DE
1213 275 1480 333 SANCTA
1522 275 1686 330 TRIN

1798 277 1902 331 LTE
1939 275 2287 336 DlALObe
2335 312 2352 334 ι
2374 307 2388 332 ι
2410 322 2424 334 .
3245 277 3383 333 1262

137 388 335 442 θανεῖν.
354 388 429 441 οὐ
461 387 570 460 γὰρ
600 388 758 457 φύσει
785 388 1036 460 θεότητος
1065 390 1203 461 ὑπὲρ
1232 388 1387 462 ἡμῶν
1415 389 1691 444 ἀπέθανεν

1812 396 2013 463 posset.
2053 393 2237 466 Neque
2262 396 2407 448 enim
2440 395 2492 448 in
2528 394 2642 464 ipsa
2673 395 2894 449 deitat's
2928 404 3120 448 natura
3157 408 3254 467 pro
3291 413 3380 451 no-

135 480 251 531 ἀλλ’
285 478 529 544 ἑνώσεως
567 482 865 552 οἰκονομίᾳ.
896 478 1137 535 “Aerati.
1176 483 1236 536 Εἰ
1267 483 1445 555 ψυχὴν
1483 485 1709 553 λογικὴν

133 568 248 639 εἶχε
286 570 347 622 τὸ
393 572 570 640 σῶμα,
592 574 688 642 οὐχ
707 575 735 625 6
753 574 901 635 Θεὸς,
926 574 1036 626 ἀλλ’
1056 577 1086 626 ὁ
1107 574 1388 645 ἅνθρωπος
1420 576 1706 629 ἀπέθανεν.

145 661 299 728 Ὄρθ.
319 662 376 715 ’0
409 664 515 715 ἀπὸ
552 664 644 717 τοῦ
680 664 927 735 σώματος
958 668 1057 735 τῆς
1087 666 1263 736 ψυχῆς
1307 668 1584 738 χωρισμὸς
1616 668 1712 721 θά-

130 770 292 815 νατος
339 752 573 822 λέγεται,
609 756 641 825 ῆ
672 756 731 808 οὗ
754 774 767 819 ;
787 758 1025 811 Ἀπολιι.
1056 759 1182 810 Ναί.
1206 758 1586 830 Ὀρθ.”Ωσπερ
1618 757 1709 813 οὖν

128 845 234 897 δύκ
263 846 491 915 ἠδύνατο
511 849 539 900 6
561 848 693 913 Θεὸς
714 852 771 902 ὲν
801 852 1040 920 μνήματι
1062 853 1155 904 καὶ
1176 853 1231 904 ἐν
1262 854 1406 922 ταφῇ
1434 852 1706 919 γενέσθαι,

127 935 183 986 εί
222 935 296 1005 μὴ
319 931 441 1007 -εἷχε
478 938 538 990 τὸ
577 939 858 1009 τιθέμενον
892 940 1072 1011 σῶμα,
1094 940 1266 1004 οὕτως
1295 943 1394 994 οὐκ
1424 943 1488 994 ἂν
1517 942 1705 1015 ἐλέχθη

127 1028 464 1099 κεχωρίσθαι
486 1028 578 1081 τοῦ
599 1029 863 1100 σώματος,
890 1032 1164 1102 πανταχοῦ
1198 1030 1294 1096 ὣν,
1315 1035 1407 1085 καὶ
1440 1034 1505 1085 τὰ
1532 1037 1708 1089 πάντα

126 1120 440 1188 περιέχων,
499 1123 547 1173 εί
608 1122 681 1193 μὴ
737 1119 850 1192 εἶχε
904 1123 1000 1194 τήν
1055 1126 1427 1196 χωριζομένην
1492 1127 1705 1198 ψυχήν,

126 1208 253 1275 μεθ’
274 1203 338 1280 ἦς
360 1212 451 1263 καὶ
479 1214 589 1274 τοῖς
618 1213 674 1264 ὲν
701 1212 826 1283 ᾆδου
849 1215 1258 1286 εὐηγγελίσατο.
1283 1216 1382 1269 Διᾶ
1401 1217 1509 1288 γὰρ
1540 1218 1706 1288 αὐτὴν

122 1300 225 1351 καὶ
260 1301 560 1374 ἀναχωρεῖν
592 1306 685 1358 τοῦ
715 1306 963 1377 σώματος
994 1307 1230 1375 λέγεται,
1254 1310 1348 1361 καὶ
1378 1312 1435 1362 ὲν
1465 1309 1590 1381 ᾅδου
1617 1328 1708 1379 γε·

131 1393 407 1463 γενῆσθαι.
438 1397 551 1447 Καὶ
579 1397 736 1450 τοῦτό
771 1401 885 1451 ἐστι
916 1401 976 1451 τὸ
1012 1399 1152 1470 ὑπὲρ
1180 1403 1211 1470 ἡ
1222 1400 1336 1470 μῶν
1380 1403 1436 1453 ἐν
1464 1402 1587 1471 ᾅδου
1614 1419 1705 1470 γε-

120 1482 318 1535 νέσθαι
353 1485 442 1538 διὰ
465 1486 564 1558 τὴν
595 1488 791 1558 ψυχήν,
814 1490 908 1543 καὶ
938 1493 993 1542 ἐν
1023 1492 1262 1560 μνήματι
1288 1491 1506 1562 τεθῆναι
1531 1492 1618 1545 διὰ
1645 1494 1706 1546 τὸ

116 1575 306 1646 σῶμα.
333 1579 566 1632 Ἀπολλ.
593 1581 733 1647 Ἐγὼ
762 1583 1115 1647 πεπίστευκα,
1134 1585 1214 1638 ὅτι
1239 1585 1267 1636 6
1284 1585 1414 1649 θεὸς
1438 1585 1607 1653 Λόγος
1636 1590 1700 1658 τῇ

118 1668 319 1720 ἑαυτοῦ
360 1669 625 1741 παρουσίᾳ
676 1673 910 1741 ἐμψυχοῖ
957 1674 1016 1726 τὸ
1048 1675 1227 1745 σῶμα,
1269 1678 1361 1729 καὶ
1390 1678 1576 1748 χρείαν
1604 1679 1702 1730 οὐκ

1815 481 1897 532 bis
1932 489 2178 535 mortuus
2218 489 2323 543 cst,
2366 480 2458 534 sed
2516 481 2778 532 unitionis
2832 481 3161 535 tec‘ouomia.
3202 481 3381 549 Apoll.

1812 562 1868 616 Si
1893 568 2127 618 animam
2159 566 2387 619 rationis
2427 567 2745 634 participem
2780 565 2970 618 habuit
3002 581 3221 635 corpus,
3273 583 3382 622 non

1812 656 1975 718 Deus.
2005 657 2099 712 sed
2125 658 2287 711 homo
2321 669 2573 711 mortuus
2595 666 2698 712 est.
2744 656 2896 712 Ortlt.
2927 658 3207 714 Dicitarne
3233 675 3382 716 mors

1810 749 2086 816 separatio
2114 751 2309 802 animae
2339 767 2367 801 a
2397 761 2647 819 corpore,
2682 750 2905 806 annon?
2948 754 3119 820 Apoll.
3177 753 3376 808 Euam.

1804 839 1964 894 Orth.
2002 839 2306 911 Sicntergo
2343 857 2449 895 non
2502 843 2676 911 potuit
2734 843 2875 898 Deus
2930 844 2983 897 in
3028 855 3383 898 monumento

1807 943 1861 988 et
1900 936 2180 1003 sepultura
2214 936 2436 993 versari.
2476 936 2579 989 nisi
2618 937 2922 1005 depositum
2950 953 3016 991 eo
3035 950 3239 1007 corpus
3286 938 3384 990 Ita-

1810 1026 2056 1079 buissct:
2090 1026 2162 1079 ita
2207 1028 2369 1079 etiam
2403 1042 2512 1080 non
2567 1026 2842 1080 diceretur
2873 1033 3157 1097 separatus
3211 1029 3385 1083 fuisse

1808 1107 2136 1184 a'corpore,
2178 1117 2267 1185 qui
2307 1119 2376 1169 sit
2405 1117 2606 1187 ubique
2656 1127 2709 1171 et
2748 1120 2928 1171 omnia
2964 1120 3383 1187 complectatur,

1809 1206 1912 1261 nisi
1942 1208 2219 1262 habuisset
2250 1220 2555 1277 separatam
2588 1210 2825 1261 animant
2852 1249 2867 1271 ,
2918 1224 3041 1263 cum
3075 1226 3181 1280 qua
3216 1213 3381 1265 etiam

1808 1300 1898 1363 iis,
1926 1301 2019 1369 qui
2054 1300 2193 1369 apud
2224 1300 2426 1354 inleros
2456 1311 2630 1359 erant,
2659 1300 3008 1371 Evangelium
3042 1301 3378 1370 praedicavit.

1803 1390 2033 1462 Propter
2056 1391 2199 1445 hanc
2243 1394 2387 1447 enim
2437 1402 2491 1447 et
2536 1393 2859 1448 discessisse
2902 1410 2967 1447 ex
3017 1409 3279 1463 corpore,
3326 1402 3382 1446 et

1805 1486 1948 1553 apud
1981 1483 2185 1539 inferos
2218 1484 2386 1539 fuisse
2418 1485 2579 1557 463
2621 1486 2956 1555 perbibrtnr.
2992 1486 3104 1541 Hoc
3134 1487 3264 1540 illud
3294 1496 3380 1541 est

1804 1576 1989 1646 igitur,
2020 1591 2120 1646 pro
2160 1577 2316 1631 nobis
2367 1577 2535 1631 fuisse
2579 1581 2721 1646 apud
2770 1576 2979 1633 inferos
3012 1592 3232 1649 propter
3264 1582 3381 1633 ani-

1804 1680 1944 1717 mam
1974 1704 1988 1727 ,
2043 1667 2181 1719 etin
2225 1675 2579 1719 monumento
2633 1667 2839 1731 fuisse,
2887 1677 3109 1737 propter
3156 1683 3377 1736 corpus.

115 1756 239 1829 εἶχε
274 1760 471 1829 ψυχῆς.
511 1762 663 1828 Ὀρθ.
684 1763 771 1825 Ὠς
794 1765 872 1826 είς
900 1765 959 1817 τὸ
982 1768 1315 1837 κρατηθῆναι
1330 1769 1431 1820 ικαὶ
1463 1786 1691 1840 σταυρω·

1804 1757 1979 1824 Apoll.
2008 1756 2185 1811 Credo
2218 1774 2318 1828 ego
2349 1758 2515 1811 Deum
2552 1758 2785 1813 Verbum
2812 1772 2908 1815 sua
2944 1762 3229 1830 prmsentia
3255 1778 3379 1812 t-or-

113 1851 305 1921 θῆναι,
343 1853 436 1905 καὶ
468 1854 736 1922 ταφῆναι,
765 1856 851 1908 ἵνα
881 1857 953 1927 μὴ
981 1858 1197 1928 δοκήσει
1227 1859 1255 1910 6
1290 1861 1519 1931 σταυρὸς
1546 1861 1703 1931 γένη-

113 1959 233 2005 ται,
260 1943 373 1995 ἀλλ’
405 1943 650 2015 ἀληθείᾳκ
686 1944 857 2009 οὕτως
884 1949 973 1999 καὶ
998 1950 1077 2010 είς
1102 1948 1163 2000 τὸ
1190 1950 1496 2009 ἀποθανεῖν,
1532 1952 1625 2003 καὶ
1649 1954 1706 2003 ὲν

112 2034 250 2104 ᾅδου
281 2036 551 2103 γενέσθαι,
605 2038 793 2107 χρείαν
841 2035 951 2107 εἶχε
997 2039 1192 2109 ψυχῆς.
1242 2042 1373 2113 Περὶ
1412 2042 1552 2105 τίνος
1590 2042 1698 2112 γὰρ

111 2122 358 2194 εἴρηται,
392 2125 472 2176 ὅτι
493 2144 510 2174 ι
537 2125 735 2197 ἤρξατο
769 2127 1050 2180 λυπεῖσθαι
1084 2131 1174 2182 καὶ
1211 2131 1448 2201 ἁγωνιᾷν
1478 2131 1580 2194 ἕως
1617 2132 1705 2183 θα-

112 2216 321 2280 vitae;
354 2235 371 2265 ι
411 2217 545 2287 Περὶ
597 2218 691 2270 τοῦ
727 2217 978 2288 σώματος
1014 2221 1109 2273 τοῦ
1155 2222 1501 2292 ἁναισθήτου,
1546 2223 1578 2293 ἢ
1609 2222 1701 2275 τοῦ

107 2305 254 2358 Θεοῦ
289 2306 460 2374 Λόγου
488 2326 500 2371 ;
528 2308 775 2361 ’Ἀπο.ῐλ.
802 2311 907 2362 Καὶ
936 2313 1095 2381 ἡμεῖς
1121 2312 1370 2382 λέγομεν,
1402 2315 1483 2366 ὅτι
1514 2313 1703 2384 αἴσθη-

112 2411 208 2445 σιν
235 2390 350 2466 εἷχε
385 2399 446 2449 τὸ
482 2399 662 2469 σῶμα,
690 2402 746 2451 ἐν
827 2400 920 2453 καὶ
952 2402 1146 2471 ᾔσθετο
1176 2403 1268 2455 τοῦ
1294 2404 1517 2466 πάθους.
1543 2406 1697 2471 Ὀρθ.

108 2488 288 2557 Σῶμα
324 2490 380 2541 δὲ
409 2489 662 2561 αἴσθησιν
702 2492 823 2562 ἕχον
860 2492 1102 2563 ἔμψυχόν
1132 2498 1297 2548 ἐστιν.
1329 2495 1401 2548 Τὸ
1432 2497 1541 2567 γὰρ
1568 2496 1703 2565 ἄψυ-

101 2595 210 2648 χον
242 2582 337 2633 καὶ
363 2582 684 2653 ἀναίσθητόν
710 2584 874 2636 ἐστιν.
895 2585 1053 2637 Ὥστε
1087 2586 1114 2636 6
1139 2586 1481 2650 ταπεινώσας
1514 2588 1701 2640 ἑαυτὸν

106 2669 287 2739 μέχρι
338 2670 567 2725 θανάτου
604 2674 700 2727 καὶ
735 2673 1042 2738 ἀποθανὼν,
1075 2674 1206 2737 Θεός
1236 2678 1403 2742 ἐστιν,
1439 2680 1499 2729 οὺ
1541 2679 1699 2747 φύσει

102 2760 371 2831 θεότητος
400 2764 777 2836 ἀποθνήσκων,
837 2766 950 2818 ἀλλ’
982 2766 1225 2830 ὲνὼσεως
1256 2769 1558 2838 οἰκονομία.
1586 2770 1627 2820 Τ
1632 2769 1696 2838 ἧς

100 2852 226 2920 γὰρ
263 2852 680 2925 ἁνθρωπότητος
713 2856 781 2908 τὰ
818 2855 964 2924 πάθη
1000 2855 1194 2909 ἑαυτοῦ
1227 2857 1372 2927 πάθη
1407 2857 1692 2925 ἐλογίζετο.

100 2944 226 2997 Καὶ
263 2944 454 3017 ὥσπερ
480 2947 739 3002 ἀδύνατον
777 2944 843 3019 ἦν
878 2949 1294 3020 προσηλωθῆναι
1327 2949 1564 3019 σταυρῷ,
1603 2951 1697 3002 καὶ

96 3037 354 3107 ταφῆναι
382 3040 595 3101 σινδόνι,
616 3042 711 3093 καὶ
741 3042 964 3113 τεθῆναι
1000 3043 1056 3093 ὲν
1080 3044 1320 3113 μνήματι
1351 3042 1477 3094 ἄνευ
1514 3042 1694 3112 σώμαι

95 3144 231 3191 τός’
259 3127 432 3193 οὕτως
451 3130 709 3183 ἀδύνατον
733 3127 799 3203 ἦν
838 3131 998 3184 αὑτὸν
1037 3132 1336 3199 ἀγωνιᾶσαι
1366 3131 1491 3183 ἄνευ
1519 3131 1693 3201 ψυχῆς

95 3219 368 3290 λογικῆς·
414 3222 604 3291 ἄλογος
647 3225 755 3295 γὰρ
802 3223 946 3294 ψυχὴ
998 3224 1097 3276 οὐκ
1159 3224 1389 3294 ἀγωνιᾷ,
1426 3220 1693 3291 προγινώ-

101 3328 323 3364 σκουσα
359 3312 584 3366 θάνατον
602 3331 616 3344 ·
647 3315 758 3367 ἀλλ’
781 3315 860 3377 ὡς
893 3314 1015 3385 βοῦς
1043 3316 1143 3367 ἐπὶ
1179 3315 1391 3384 σφαγὴν
1419 3314 1633 3382 ἄγεται,
1659 3310 1691 3382 ἢ

96 3405 202 3456 καὶ
229 3404 305 3467 ὼς
336 3404 520 3475 ἕτερόν
544 3423 596 3457 τι
626 3406 731 3460 τῶν
759 3406 988 3473 ἀλόγων.

1808 1862 1909 1914 pus
1947 1847 2077 1901 illud
2113 1850 2416 1911 animasse,
2472 1865 2569 1902 nec
2623 1865 2761 1919 0p"s
2812 1852 2889 1903 illi
2940 1851 3110 1906 fuisse
3172 1853 3375 1904 anima.

1807 1935 1959 1992 Orth.
2004 1937 2157 1993 Sicut
2191 1939 2255 1991 ad
2295 1941 2395 1993 hoc
2434 1951 2489 1992 ttt
2528 1952 2835 2010 caperetur,
2863 1950 2917 1996 et
2943 1944 3376 2014 cruciﬁgeretur.

1804 2037 1858 2081 et
1884 2030 2225 2097 sepeliretur,
2252 2046 2348 2083 nec
2381 2032 2637 2099 opinione
2683 2035 2923 2095 tantum,
2959 2035 3052 2090 sed
3092 2046 3149 2089 ut
3191 2055 3376 2094 revera

1804 2126 1935 2167 crux
1960 2125 2136 2182 esset;
2184 2118 2261 2171 ita
2290 2134 2504 2188 quoque
2537 2121 2601 2173 ad
2633 2120 2734 2174 hoc
2777 2133 2833 2175 ttt
2865 2134 3188 2192 moreretur,
3220 2140 3273 2184 et
3309 2131 3375 2185 ad

1804 2202 2009 2259 inferos
2034 2206 2260 2264 veniret,
2294 2221 2429 2275 opus
2468 2209 2541 2261 illi
2581 2210 2680 2262 l'ui't
2712 2211 2915 2267 anima.
2966 2213 3039 2269 De
3068 2232 3179 2286 quo
3227 2223 3371 2275 enim

1803 2294 2008 2348 dictum
2038 2306 2121 2349 est
2148 2315 2161 2351 :
2201 2316 2218 2346 ι
2249 2296 2428 2367 prt't
2462 2300 2798 2361 contristari,
2829 2312 2880 2354 et
2913 2303 2967 2356 in
3009 2319 3212 2376 angore
3254 2327 3377 2365 9:50

1802 2402 1976 2456 usque
2007 2388 2071 2441 ad
2111 2398 2343 2442 mortem
2377 2391 2461 2443 ⁷⁸7
2492 2411 2509 2442 ι
2543 2391 2615 2445 De
2644 2408 2872 2461 corpore
2906 2411 3099 2453 sensus
3130 2412 3371 2469 experte,

1803 2494 1869 2531 an
1898 2479 1966 2534 de
2012 2479 2118 2534 Deo
2164 2479 2380 2535 Verbo?
2423 2484 2595 2550 Apul].
2653 2478 2763 2539 Nos
2830 2503 3047 2557 quoque
3105 2490 3371 2559 dicimts,

1800 2589 1999 2641 eorpus
2054 2574 2184 2627 illttd
2230 2573 2398 2628 luisse
2440 2591 2603 2629 s:nstt
2659 2579 2984 2647 pnrditttm,
3049 2598 3158 2650 quo
3209 2586 3372 2639 etiam

1800 2664 2110 2733 passionem
2163 2666 2417 2719 senserit.
2461 2664 2613 2720 Orth.
2677 2669 2840 2739 Atqui
2873 2686 3072 2741 corpus
3134 2676 3375 2731 sentiens

1799 2766 1883 2811 cst
1911 2757 2232 2809 animatum.
2266 2758 2420 2823 Quod
2455 2760 2598 2813 enim
2631 2770 2717 2815 est
2753 2762 3134 2825 inanimatutn,
3163 2767 3211 2821 id
3236 2787 3373 2838 quo-

1796 2864 1905 2917 que
1939 2849 2072 2901 nihil
2096 2849 2277 2902 sentit.
2313 2848 2496 2918 Itaque
2528 2849 2670 2905 Deus
2704 2860 2809 2914 est,
2834 2855 2926 2924 qui
2960 2872 3082 2912 sese
3115 2857 3373 2913 humilia-

1796 2943 2074 3011 ritusque
2108 2941 2171 2994 ad
2208 2950 2436 2995 mortem
2485 2948 2539 2995 et
2578 2952 2827 2999 mortuus
2856 2953 2973 3008 est,
3029 2964 3136 3002 non
3192 2959 3372 3006 tamen

1798 3042 2066 3097 mortuus,
2093 3034 2235 3102 quod
2272 3031 2338 3086 ad
2382 3042 2631 3088 naturam
2668 3037 2888 3092 deitatis
2914 3040 3126 3105 attinet,
3162 3042 3256 3097 sed
3286 3061 3372 3099 se-

1746 3132 1762 3144 ‘
1796 3129 2033 3181 cumtum
2090 3126 2350 3180 uoitionis
2378 3128 2758 3181 oeconomiam.
2798 3128 3168 3186 Humanitatis
3222 3138 3370 3189 enim

1796 3219 2099 3289 passiones,
2137 3235 2265 3272 suas
2295 3234 2416 3273 esse
2455 3218 2631 3273 duxit.
2688 3219 2754 3273 Et
2803 3221 2946 3275 sicut
2984 3223 3097 3278 ﬁeri
3134 3242 3238 3279 non
3275 3243 3368 3296 p0-

1794 3311 1918 3371 luit,
1956 3318 2012 3362 ut
2047 3310 2193 3363 cruci
2234 3304 2539 3378 adigi-retur
2564 3349 2579 3373 ,
2625 3319 2679 3364 et
2710 3311 2939 3368 sindone
2971 3313 3248 3371 involutus
3284 3334 3372 3372 se-

1798 3403 2079 3472 peliretur,
2114 3414 2175 3453 ac
2227 3400 2281 3452 in
2336 3410 2692 3456 monumento
2749 3405 3111 3460 collocaretur
3163 3410 3370 3479 absque

95 3513 380 3566 corpore;
419 3501 489 3552 ita
522 3498 634 3552 ﬁeri
669 3515 774 3552 non
807 3501 1003 3568 potuit,
1037 3507 1096 3553 ut
1151 3498 1359 3567 absque
1387 3496 1569 3551 anima
1639 3494 1893 3548 rationali
1961 3492 2015 3545 in
2085 3504 2289 3561 angore
2340 3500 2673 3549 versaretur.
2716 3491 2850 3548 Nam
2906 3498 3085 3550 anima
3132 3502 3364 3557 rationis

93 3608 323 3662 expers,
356 3607 461 3644 non
485 3595 700 3662 angitur
731 3601 904 3648 morte
936 3595 1165 3663 praevisa
1192 3611 1206 3659 ;
1234 3593 1329 3647 sed
1361 3602 1418 3645 ut
1448 3593 1565 3655 bos,
1588 3594 1681 3644 aut
1719 3588 1867 3643 aliud
1903 3586 2134 3656 quodvis
2172 3587 2391 3638 brutum
2427 3585 2492 3638 ad
2529 3587 2913 3642 ntactationem
2949 3589 3183 3645 duritttr.
3228 3663 3233 3669 _

172 3710 232 3764 8.
268 3712 513 3764 Ἀπολλ.
541 3711 749 3764 Οὐκοῦν
768 3716 867 3766 οὐκ
914 3712 1026 3784 (76)
1066 3713 1281 3782 ἐγένετο
1334 3712 1618 3783 ἄνθρωπος
1658 3712 1687 3764 6

92 3802 231 3864 Υἱός
266 3801 360 3854 τοῦ
393 3801 547 3863 Θεοῦ,
579 3804 691 3857 ἀλλ’
721 3806 777 3857 ἐν
798 3802 1091 3874 ἀνθρώπῳ.
1156 3804 1439 3857 ’Λδύνατον
1484 3804 1540 3857 δὲ
1593 3802 1686 3856 τὸν

88 3895 158 3946 ὲν
193 3891 465 3965 ἀνθρώπῳ
494 3895 801 3964 γενόμενον,
829 3896 1015 3948 τοῦτον
1037 3892 1174 3949 εἶναι
1196 3895 1500 3966 ἄνθρωπον.
1526 3896 1682 3962 Ὄρθ.

88 3980 296 4047 Λέγεις
326 3981 603 4049 γεγονέναι
636 3983 724 4035 τὸν
762 3985 933 4052 Λόγον
981 3984 1179 4055 σάρκα,
1233 3983 1384 4056 ἦοΰ;
1433 3985 1680 4039 Ἀπολλ.

99 4092 121 4123 σ
176 4073 235 4124 '0
274 4072 445 4140 Λόγος
474 4073 610 4145 σὰρξ
643 4075 880 4142 ἐγένετο,
918 4096 935 4127 ι
965 4077 1292 4147 γέγραπται.
1330 4076 1482 4144 Ὀρθ.
1534 4076 1679 4145 Τρα-

89 4165 224 4226 πεὶς
257 4158 338 4226 είς
369 4163 569 4233 σάρκα,
603 4164 634 4236 ἢ
668 4169 723 4218 ὲν
748 4167 908 4238 σαρκὶ
945 4168 1274 4238 γενόμενος;
1303 4168 1551 4222 Ἀπολλ.
1592 4168 1678 4219 Ἐν

92 4254 268 4325 σαρκὶ
304 4255 788 4325 γενόμενος.’ορθ.
832 4260 891 4311 El
940 4258 1196 4312 ἀδύνατον
1251 4255 1319 4330 ἦν
1367 4260 1528 4313 αὑτὸν
1586 4259 1680 4312 ἄν·

86 4348 317 4418 θρωπον
358 4348 629 4416 γενέσθαι,
659 4350 948 4419 γενόμενον
978 4353 1035 4403 ὲν
1073 4349 1376 4422 ἀνθρώπῳ’
1416 4352 1509 4404 καὶ
1550 4350 1677 4403 ἁδύ-

1856 3709 1911 3764 8-.
1955 3707 2133 3778 Apoll.
2174 3706 2315 3777 Ergo
2358 3706 2531 3762 Filius
2566 3706 2659 3763 Dei
2704 3724 2811 3764 non
2850 3708 3026 3767 factus
3056 3721 3142 3767 est
3177 3712 3361 3779 homo,

1789 3800 1885 3855 sed
1922 3799 1974 3851 in
2016 3796 2254 3851 homine.
2289 3794 2433 3850 Fieri
2460 3812 2587 3851 vero
2617 3813 2727 3851 non
2755 3808 2933 3868 potest
2958 3840 2972 3862 ,
3007 3810 3065 3855 ut
3088 3804 3158 3856 sit
3181 3803 3363 3868 homo.

1788 3891 1882 3962 qui
1916 3890 1972 3943 lit
2004 3890 2057 3943 itt
2088 3889 2327 3944 homine.
2362 3887 2514 3943 Orth.
2549 3888 2647 3944 Ais
2680 3890 2919 3945 Verbum
2960 3892 3161 3948 factum
3197 3896 3365 3952 fuisse

1787 3996 2032 4042 carnem,
2082 3979 2305 4034 annon?
2347 3979 2523 4047 Apoll.
2568 3978 2843 4049 Scriptum
2885 3990 2967 4036 est
3012 4001 3025 4037 :
3067 4003 3083 4035 ι
3126 3983 3363 4041 Verbum

1790 4090 1920 4129 caro
1956 4073 2159 4126 factum
2205 4082 2288 4125 est
2327 4072 2393 4125 ⁷³.
2455 4090 2473 4123 t
2518 4069 2666 4125 Orth.
2702 4071 2856 4137 Quod
2900 4074 2969 4126 sit
2998 4083 3265 4131 mutatum
3307 4079 3359 4132 itt

1788 4177 2033 4224 carnem,
2077 4177 2144 4214 an
2194 4161 2337 4230 qttod
2381 4160 2435 4213 in
2471 4176 2637 4214 carne
2669 4160 2875 4214 fuerit?
2909 4163 3083 4229 Apoll.
3117 4164 3271 4228 Quod
3306 4166 3359 4219 in

1785 4272 1954 4311 carne
2008 4254 2191 4309 fuerit.
2258 4252 2411 4307 Ortli.
2462 4252 2517 4306 Si
2570 4252 2685 4307 ﬁeri
2733 4269 2841 4307 non
2885 4256 3083 4322 potuit,
3131 4266 3189 4310 ut
3234 4272 3359 4312 eum

1786 4346 1940 4400 ﬁeret
1981 4344 2034 4398 in
2067 4343 2304 4407 homine,
2336 4343 2487 4397 ﬁeret
2518 4343 2681 4397 homo
2708 4360 2723 4409 ;
2755 4344 2826 4396 ita
2864 4344 2977 4398 fieri
3012 4361 3119 4400 non
3160 4350 3355 4415 potuit,

86 4456 255 4492 νατον
293 4436 359 4511 ἦν
384 4442 541 4495 αὐτὸν
579 4443 754 4513 σάρκα
790 4442 1062 4510 γενέσθαι,
1090 4445 1378 4515 γενόμενον
1403 4446 1460 4495 ὲν
1492 4443 1673 4515 σαρκί.

1798 4447 1846 4491 ιιι
1876 4452 1998 4490 cum
2039 4436 2190 4491 lieret
2236 4437 2290 4489 in
2336 4451 2524 4497 carne,
2562 4435 2715 4489 tit-ret
2742 4452 2892 4490 caro.
2929 4439 2998 4490 At
3027 4440 3071 4492 si
3105 4454 3171 4492 eo
3212 4442 3357 4509 quod

84 4533 157 4585 ΕΞ
196 4524 273 4593 δὲ,
307 4535 363 4584 ἐν
396 4534 556 4605 σαρκὶ
581 4535 891 4603 γενόμενος,
917 4534 1198 4606 ἄνθρωπος
1248 4535 1467 4603 λέγεται
1515 4551 1672 4603 γεγε-

84 4621 309 4690 νξσθαι,
326 4622 385 4673 οὑ
402 4625 627 4693 τραπεὶς
645 4626 721 4686 είς
742 4624 836 4678 ἄνθ
848 4627 1307 4693 ρωπον.Ἀπολλ.
1323 4625 1418 4688 Τίς
1434 4621 1502 4696 ἦν
1520 4626 1669 4697 6(77)

82 4712 269 4778 λέγων
293 4728 305 4739 ·
334 4731 350 4760 ι
385 4713 483 4765 Θεέ
510 4731 630 4783 μου,
654 4714 753 4767 Θεέ
783 4731 907 4784 μου,
938 4714 1025 4768 ἵνα
1046 4716 1098 4767 τί
1127 4732 1193 4785 με
1227 4714 1620 4782 ὲγκατέλιπες;
1649 4735 1666 4767 ι

80 4808 112 4857 6
139 4803 276 4865 Θεὸς
302 4804 470 4872 Λόγος
504 4804 535 4874 ἢ
580 4807 607 4858 ὁ
658 4803 974 4877 ἄνθρωπος;
1025 4804 1181 4873 Ὀρθ.
1222 4804 1309 4868 Ὠς
1358 4804 1458 4876 τὴν
1491 4804 1671 4873 ταφὴν

77 4894 182 4949 τοῦ
215 4893 464 4965 σώματος
483 4895 657 4949 καὶτὰ
681 4896 949 4966 ἐνδύματα
975 4895 1139 4950 αὐτοῦ
1159 4896 1269 4966 (78)
1288 4895 1429 4965 λέγω
1449 4894 1544 4949 τοῦ
1576 4896 1672 4950 Λό-

79 5005 209 5055 γου,
266 4989 327 5038 οὐ
386 4987 541 5056 φύσει
595 4987 868 5059 θεότητος,
906 4988 1016 5041 ἀλλ’
1058 4988 1302 5052 ὲνώσεως
1343 4987 1624 5059 οἰκονομίᾳ
1651 5004 1665 5017 ·

75 5075 233 5128 οὕτω
260 5076 356 5128 καὶ
382 5076 478 5139 τὰς
503 5077 685 5144 φωνὰς
711 5077 809 5141 τὰς
829 5077 1064 5148 ψυχικὰς
1093 5078 1186 5129 καὶ
1211 5078 1277 5130 τὰ
1309 5077 1454 5149 πάθη
1478 5077 1545 5130 τὰ
1563 5076 1669 5146 ψυ-

78 5164 216 5234 χικᾶ
240 5163 499 5233 ἀγωνιᾷν,
521 5166 613 5218 καὶ
636 5166 734 5219 ὃσα
750 5165 973 5219 τοιαῦτα
987 5166 1097 5238 (79)
1111 5167 1327 5236 λέγεται
1347 5167 1475 5239 περὶ
1497 5165 1664 5222 αὐτοῦ

150 5345 197 5374 ’³
241 5341 432 5396 Matth.
470 5360 628 5411 XXVI,
661 5347 750 5401 '57.
826 5348 871 5379 ⁷⁸
909 5344 1068 5402 Joan.
1110 5363 1165 5412 t,
1202 5345 1288 5400 14.

156 5518 273 5584 176)
323 5522 438 5593 Ορκ
477 5522 630 5575 abest
678 5540 707 5577 a
742 5524 913 5577 Palat.
970 5523 1138 5577 Paulo
1186 5534 1309 5593 post
1378 5540 1654 5579 tnanuscr.

73 5591 419 5663 ontui:s._':6v
450 5594 757 5663 γενόμενον.
785 5593 950 5655 Editi,
982 5594 1064 5648 τό.

152 5660 271 5732 (Ὠ)
306 5661 378 5714 Ita
418 5678 547 5717 n.ss.
580 5660 717 5718 Editi
760 5680 905 5728 vero,
940 5664 1034 5727 Τίς
1059 5660 1151 5717 οὖν
1183 5667 1230 5719 6.

1781 4526 1986 4581 factum
2017 4533 2103 4581 est
2143 4527 2196 4580 in
2223 4541 2412 4588 carne,
2443 4526 2642 4582 dicitur
2671 4525 2871 4581 factum
2917 4528 3100 4593 homo,
3133 4546 3240 4585 non
3271 4533 3357 4586 di-

1779 4619 1923 4673 citur
1948 4619 2003 4672 in
2037 4634 2256 4675 carnem
2282 4634 2629 4674 conversum.
2657 4619 2832 4686 Apoll.
2861 4619 2994 4686 Quis
3023 4638 3152 4693 ergo
3174 4623 3311 4679 dixit
3339 4646 3353 4680 :

1785 4726 1803 4759 ι
1867 4708 2009 4764 Deus
2074 4725 2250 4773 meus,
2305 4707 2450 4763 Deus
2507 4725 2683 4774 meus,
2732 4719 2791 4764 tit
2841 4712 2972 4781 quid
3025 4729 3112 4771 nte
3158 4714 3358 4770 dereli-

1776 4802 1943 4872 quisti
1987 4801 2072 4857 “1'
2112 4821 2131 4853 ι
2176 4801 2320 4857 Deus
2366 4800 2601 4857 Verbum
2646 4818 2716 4857 an
2769 4803 2935 4858 homo
2953 4804 3161 4861 ?.0rtlt.
3200 4804 3357 4861 Sicut

1777 4893 2027 4963 corporis
2065 4894 2399 4963 sepulturam
2439 4908 2505 4948 ac
2536 4894 2854 4950 indumenta
2892 4896 3015 4950 dico
3061 4897 3233 4952 fuisse
3272 4914 3357 4967 lp-

1777 4986 1894 5040 sius
1932 4981 2121 5049 Verbi,
2164 5000 2273 5039 non
2311 4985 2429 5054 ipsa
2453 4983 2673 5039 deitatis
2706 4993 2932 5048 natura,
2962 4985 3055 5041 sed
3090 4986 3353 5040 unittonis

1777 5076 2080 5131 (economia
2121 5094 2135 5142 ;
2174 5076 2247 5130 ita
2295 5078 2458 5131 etiam
2498 5091 2663 5131 rores
2708 5077 2904 5131 animae
2941 5076 3350 5141 convenientes.

1774 5176 1828 5221 et
1870 5168 2066 5224 animae
2114 5168 2400 5237 passiones
2446 5183 2651 5238 angore
2690 5166 2852 5232 allici,
2882 5175 2957 5222 .et
3009 5183 3352 5241 quaecunque

1368 5347 1413 5380 ’θ
1457 5346 1648 5402 Matth.
1689 5363 1870 5410 xxvu,
1902 5346 1997 5403 46.

1838 5526 1949 5594 (78)
1988 5525 2162 5579 Αἵ)τοῦ
2197 5528 2350 5580 :tltt‘sl
2385 5540 2413 5579 a
2451 5525 2623 5577 Palat.

1837 5599 1949 5654 tiu)
1983 5596 2220 5651 Τιιαῦτα
2259 5599 2406 5651 deest
2439 5600 2490 5651 in
2522 5613 2654 5652 mss.
