3850 6226
562 305 701 359 1265

1722 306 1780 361 S.
1817 304 2280 367 ATHANASIUS.
2320 337 2391 350 —-
2430 306 2702 363 SPURIA.

3675 306 3788 359 ﬁlii

560 417 869 487 huiusmodi
921 419 974 472 in
1018 417 1328 488 Evangeliis
1375 416 1443 473 de
1494 433 1560 472 eo
1606 417 1887 486 dicuntur,
1938 418 2118 472 tribuo

2223 421 2280 471 ὲν
2313 418 2685 487 Εὐαγγελίοις,
2714 416 2810 472 τοῦ
2844 417 2979 471 Θεοῦ
3008 418 3182 486 Λόγου
3208 417 3373 486 λέγω,
3410 418 3473 471 οὐ
3503 417 3673 486 φύσει
3704 418 3791 471 θεό-

559 510 670 565 Deo
712 508 905 571 Verbo,
951 526 1061 563 non
1109 518 1303 562 natura
1360 508 1603 575 deitatis,
1660 509 1757 563 sed
1811 512 2121 563 oeconomia

557 602 841 657 unitionis.
893 599 1048 655 Sicut
1081 615 1211 670 ergo
1258 600 1540 670 proprium
1591 600 1698 655 sibi
1736 616 1938 671 corpus
1988 599 2125 654 illud

556 692 817 752 vindicat,
866 706 991 744 cum
1044 690 1243 760 inquit,
1300 708 1319 738 ι
1369 688 1483 744 Nisi
1523 687 1870 744 comederitis
1923 703 2126 758 corpus

556 797 735 837 meum
770 781 815 813 "
846 823 863 848 ,
900 801 919 833 ι
948 783 1019 835 ita
1053 795 1268 851 quoque
1300 779 1574 850 propriam
1611 781 1843 833 animam
1871 780 1975 834 sibi
2005 780 2126 832 vin-

556 873 722 935 dicat,
754 888 877 928 cum
923 874 1098 942 inquit
1129 891 1142 926 :
1183 891 1201 921 ι
1244 872 1494 925 Animam
1529 886 1701 925 meam
1731 887 1895 926 neruo
1925 871 2064 926 tollit
2098 884 2129 923 a

556 978 643 1018 me
674 964 740 1018 ⁸⁸.
795 982 813 1014 ι
848 962 1037 1017 ltidem
1086 964 1247 1016 etiam
1294 963 1583 1031 utriusque
1639 962 1802 1014 simul
1843 961 2123 1030 conjuncti

555 1055 840 1125 passiones
883 1055 985 1109 sibi
1034 1053 1281 1123 proprias
1315 1052 1505 1107 efficit.
1565 1050 1716 1106 Sicut
1763 1052 1906 1105 enim
1951 1052 2124 1122 ipsius

562 1145 720 1203 Verbi
761 1158 845 1201 est
876 1161 1075 1216 corpus
1113 1145 1475 1206 mconomice.
1520 1143 1594 1197 ita
1643 1144 1893 1213 corporis
1943 1142 2127 1213 sepul-

556 1243 700 1297 tura,
739 1243 823 1290 est
863 1236 1035 1304 ipsius
1070 1232 1231 1288 Verbi
1266 1233 1567 1301 sepultura.
1608 1231 1674 1285 Et
1716 1243 1774 1284 ut
1819 1232 1990 1300 ipsius
2039 1239 2124 1285 est

554 1326 733 1380 anima
786 1325 1144 1387 mconomice,
1188 1326 1260 1377 ita
1301 1333 1355 1379 et
1401 1340 1508 1378 vox
1554 1324 1726 1394 ipsius
1772 1339 1878 1377 vox
1929 1323 2125 1376 anima:

552 1422 636 1469 est
684 1434 696 1468 :
756 1424 815 1469 ut
855 1423 910 1470 et
956 1415 1130 1485 ipsius
1176 1415 1425 1483 corporis
1480 1416 1785 1485 sepultura,
1830 1413 1903 1467 sit
1952 1413 2124 1483 ipsius

2226 525 2407 578 τητος,
2429 509 2543 562 ἀλλ’
2576 507 2820 573 ὲνώσεως
2857 509 3157 580 οἰκονομίᾳ.
3190 509 3401 579 Ὥσπερ
3430 503 3527 562 οὖν
3555 509 3620 562 τὸ
3658 508 3791 579 σῶμα

2232 597 2587 665 ἰδιοποιεῖται,
2616 598 2789 668 λέγων
2804 639 2820 661 ,
2842 617 2860 650 ι
2898 598 3023 651 Ἑάν
3050 598 3125 670 μὴ
3142 599 3355 670 φάγητέ
3374 616 3477 670 μου
3495 598 3561 652 τὸ
3578 598 3784 668 σῶμαμ

2227 687 2369 741 οὔτω
2405 690 2501 742 καλ⁵
2531 689 2707 760 ψυχὴν
2749 688 3103 753 ίδιοποιεῖται,
3153 689 3326 757 λέγων
3350 706 3364 719 ο
3412 709 3431 739 ι
3470 689 3589 760 Τὴν
3635 690 3792 758 duri)

2232 795 2332 848 μου
2366 779 2541 841 οὐδεὶς
2573 779 2715 849 αίρει
2746 780 2840 832 ἀπ’
2873 777 3027 847 ἐμοῦ.
3064 796 3084 830 ι
3109 777 3266 832 Οὖτω
3294 779 3391 831 καὶ
3428 779 3498 831 τὰ
3534 779 3684 848 πάθη
3712 779 3790 831 τοῦ

2229 869 2637 940 συναμφοτέρου
2657 868 2971 923 οἰκειοῦται.
2989 870 3076 933 Ὠς
3089 868 3198 942 γὰρ
3218 870 3386 923 αὐτοῦ
3416 870 3580 940 σῶμα
3603 872 3794 924 οἰκονο-

2230 958 2423 1030 μικῶς,
2461 959 2635 1023 οὕτως
2666 958 2831 1012 αὐτοῦ
2852 961 2996 1031 ταφὴ
3027 962 3060 1032 ἡ
3086 962 3231 1032 ταφὴ
3261 961 3357 1015 τοῦ
3395 961 3672 1032 σώματος.
3699 963 3795 1015 Καὶ

2176 1055 2191 1074 ⁹
2224 1050 2300 1114 ὡς
2333 1050 2497 1103 αὐτοῦ
2522 1051 2666 1122 ψυχὴ
2694 1051 3072 1123 οἰκονομικῶς,
3110 1052 3283 1115 οὕτως
3307 1053 3475 1106 αὐτοῦ
3509 1055 3667 1125 φωνὴ
3697 1053 3794 1123 (80)

2227 1141 2260 1210 ἡ
2302 1140 2451 1211 φωνὴ
2483 1144 2581 1212 τῆς
2608 1141 2784 1212 ψυχῆς
2806 1156 2820 1169 ⁶
2850 1142 2937 1194 ἴνα
3033 1143 3127 1195 καὶ
3152 1144 3186 1213 ἠ
3210 1143 3360 1214 ταφὴ
3407 1144 3503 1197 τοῦ
3558 1144 3797 1214 σώματος

2227 1229 2390 1282 αὐτοῦ
2422 1229 2515 1282 τοῦ
2545 1231 2719 1298 Λόγου
2762 1230 3138 1301 οἰκονομικῶς,
3168 1231 3262 1285 καὶ
3301 1233 3335 1303 ἠ
3375 1234 3530 1302 φωνὴ
3578 1233 3683 1302 τῆς
3711 1233 3798 1301 ψυ-

2229 1319 2330 1390 χῆς
2357 1320 2521 1374 αὑτοῦ
2552 1321 2646 1374 τοῦ
2679 1322 2853 1390 Λόγου
2887 1323 3037 1393 φωνὴ
3067 1323 3446 1393 οἰκονομικῶς.
3482 1326 3660 1388 Αὐτὸς
3702 1325 3797 1395 γὰρ

2228 1407 2297 1480 ἦν
2329 1414 2357 1465 ὁ
2394 1413 2565 1481 Λόγος
2590 1413 2783 1483 φωνῶν
2808 1412 2877 1465 τά
2900 1413 3000 1483 τῆς
3022 1414 3201 1484 ψυχῆς
3234 1415 3360 1469 ἴδια.

553 1503 716 1559 Verbi
763 1507 1039 1574 sepultura
1099 1507 1472 1572 mconomice,
1536 1516 1592 1560 et
1662 1522 1767 1562 vox
1811 1507 2008 1562 anima:
2051 1506 2197 1576 ejus,
2235 1503 2401 1560 Verbi
2451 1521 2552 1560 vox
2603 1508 2676 1562 sit
2726 1509 3082 1562 mconomice.
3129 1506 3366 1563 Verbum
3421 1511 3574 1564 enim
3630 1515 3799 1583 ipsum

550 1604 690 1659 erat,
726 1596 871 1665 quod
908 1596 1252 1666 loquebatur,
1283 1612 1405 1666 quae
1435 1597 1631 1651 anima:
1668 1598 1889 1667 proprie
1930 1597 2284 1651 conveniunt.

618 1685 675 1740 9.
717 1685 891 1753 Apoll.
937 1670 1045 1740 Nos
1081 1686 1318 1741 dicimus
1355 1684 1449 1741 Dei
1494 1684 1728 1740 Verbum
1780 1702 1971 1741 amans
2016 1687 2118 1739 ho-

2244 1760 2250 1765 _
2291 1686 2343 1740 9.
2380 1686 2616 1782 ’Azol'l.
2658 1690 2849 1760 Ἡμεῖς
2872 1689 3125 1761 λέγομεν,
3147 1692 3227 1744 ὅτι
3252 1695 3280 1746 ὁ
3301 1694 3694 1767 φιλάνθρωπος
3717 1700 3799 1751 τοῦ

550 1780 713 1833 minis
746 1778 1029 1848 dignatum
1067 1794 1191 1834 esse
1233 1779 1505 1832 hominem
1535 1778 1673 1840 ﬁeri,
1701 1787 1926 1848 accepta
1957 1793 2123 1833 carne

553 1885 619 1924 ex
663 1875 853 1923 sancta
894 1868 1106 1938 virgine
1136 1869 1326 1934 Maria,
1358 1879 1412 1924 et
1456 1869 1627 1924 fuisse
1660 1869 1825 1923 Deum
1864 1870 2123 1923 incarna-

553 1967 693 2021 tum,
741 1976 806 2013 ro
855 1959 1000 2027 quod
1058 1960 1338 2014 inventum
1384 1961 1454 2015 sit
1509 1970 1567 2014 ut
1610 1960 1790 2015 homo.
1837 1958 1991 2014 Orlh.
2046 1958 2124 2015 Ne

550 2051 716 2105 dicito
748 2049 843 2106 Dei
878 2049 1111 2106 Verbum
1147 2066 1338 2106 amans
1381 2050 1642 2115 hominis,
1678 2051 1772 2107 sed
1808 2050 1897 2105 dic
1941 2052 2122 2121 potius

550 2157 741 2197 amans
783 2143 986 2197 carnis.
1028 2140 1162 2196 Nam
1217 2141 1264 2196 si
1311 2156 1419 2195 non
1457 2140 1741 2212 dignatum
1793 2151 1878 2195 est
1915 2141 2121 2194 homini

550 2234 718 2295 uniri,
763 2233 1037 2302 quomodo
1070 2230 1306 2285 hominis
1331 2240 1418 2285 est
1460 2230 1687 2285 amans?
1718 2230 1892 2298 Apoll.
1922 2230 2123 2285 Amore

549 2325 789 2381 hominis
826 2324 1036 2377 unitum
1079 2329 1162 2375 est
1203 2321 1452 2375 humana:
1490 2322 1665 2384 carni,
1696 2325 1758 2374 ut
1790 2322 1932 2375 idem
1974 2327 2121 2375 esset

549 2415 692 2472 Deus
711 2427 761 2471 et
791 2416 974 2471 homo.
1009 2412 1163 2468 Orth.
1188 2411 1304 2466 Non
1336 2424 1419 2467 est
1455 2411 1600 2467 Deus
1628 2420 1681 2466 et
1706 2412 1869 2466 homo
1894 2430 1909 2467 :
1946 2428 2122 2482 neque

547 2524 678 2563 caro
708 2516 793 2563 est
822 2509 1081 2568 humana,
1117 2520 1238 2575 qua:
1270 2521 1377 2559 non
1410 2507 1479 2559 sit
1517 2506 1699 2559 anima
1739 2506 1968 2560 rationis
1995 2521 2120 2575 par~

548 2597 711 2667 ticipe
758 2597 1002 2666 praedita.
1053 2595 1337 2659 Quomodo
1381 2596 1525 2649 enim
1584 2609 1714 2648 caro
1761 2597 1937 2665 possit
1995 2610 2121 2649 esse

547 2687 808 2752 humana,
842 2700 1006 2754 quam
1046 2686 1225 2738 anima
1273 2685 1502 2739 rationis
1546 2686 1819 2755 particeps
1858 2701 1966 2739 non
2000 2687 2120 2740 ani-

545 2779 775 2832 maverit
796 2778 819 2830 ?
843 2776 977 2832 Nam
1018 2793 1146 2831 caro
1177 2784 1261 2831 est
1312 2791 1478 2842 caro,
1503 2786 1557 2831 et
1591 2779 1772 2832 anima
1804 2787 1888 2833 est
1911 2781 2115 2836 anima.

547 2868 702 2923 Tunc
743 2883 870 2923 vero
904 2867 1109 2922 dicitur
1145 2865 1311 2939 464
1339 2868 1524 2930 homo,
1573 2883 1697 2923 cum
1731 2870 1911 2923 anima
1954 2872 2120 2924 ratio-

545 2961 688 3015 nalis
736 2960 1138 3029 incorporatur,
1173 2969 1227 3012 et
1269 2973 1472 3028 corpus
1504 2958 1799 3015 animatur.
1838 2957 1913 3011 Ea
1951 2959 2118 3029 igitur

2223 1774 2357 1829 Θεοῦ
2386 1774 2555 1845 Λόγος
2594 1778 2879 1851 ἄνθρωπος
2933 1781 3183 1848 γενέσθαι
3236 1785 3549 1853 κατηξίωσε
3573 1827 3591 1849 ,
3636 1790 3800 1859 σάρκα

2220 1866 2399 1920 λαϐὼν
2427 1870 2492 1922 ὲκ
2522 1870 2622 1939 τῆς
2637 1871 2810 1938 -ἀγίας
2844 1871 3120 1944 Παρθένου
3156 1876 3408 1946 Μαρίας·
3446 1881 3546 1931 καὶ
3571 1876 3643 1950 ἦν
3684 1883 3801 1944 Θεὸς
3842 1862 3843 1865 Ἴ

2221 1958 2548 2029 σαρκωθεὶς,
2588 1961 2662 2023 ὡς
2696 1962 2981 2033 ἄνθρωπος
3015 1965 3279 2036 εὑρεθείς.
3313 1968 3472 2036 Ὀρθ.
3526 1972 3625 2042 Μὴ
3668 1974 3801 2040 λέγε,

2219 2053 2247 2103 ὀ
2271 2050 2650 2123 φιλάνθρωπος
2675 2053 2769 2106 τοῦ
2807 2054 2942 2108 Θεοῦ
2970 2057 3163 2125 Λόγος,
3196 2058 3331 2113 ἀλλὰ
3364 2062 3576 2131 μᾶλλον
3618 2067 3805 2131 εἰπὲ,ό
3841 2104 3843 2135 η

2220 2141 2582 2212 φιλόσαρκος·
2634 2146 2682 2196 εί
2739 2144 2847 2217 γὰρ
2897 2147 2957 2199 οὐ
3009 2148 3344 2220 κατηξῖωσεν
3391 2155 3676 2226 ὲνωθῆναι
3724 2160 3843 2215 ξίν-1

2219 2230 2439 2303 θρὼπῳ,
2477 2234 2593 2297 πῶς
2616 2235 3030 2308 φιλάνθρωποςς
3083 2242 3332 2296 Ἀπολλ.
3364 2244 3544 2298 ψιλῶν
3591 2248 3689 2301 τὸν
3725 2248 3803 2302 εν-

2219 2321 2432 2392 θρωπον
2468 2328 2534 2395 τῇ
2566 2327 2880 2400 ἀνθρωπίνῃ
2930 2331 3097 2401 capit
3138 2334 3336 2402 ἧνωτο,
3368 2336 3458 2388 ἵνα
3570 2340 3603 2391 ὁ
3653 2342 3802 2404 αὐτὰ

2218 2412 2351 2478 Θεὸς
2384 2417 2476 2468 καὶ
2496 2416 2798 2489 ἄνθρωπος.
2821 2421 2976 2488 Ὀρθ.
3003 2423 3116 2475 Οὐκ
3152 2423 3270 2477 ἔστι
3306 2426 3441 2490 Θεὸς
3470 2432 3572 2482 καὶ
3607 2431 3803 2503 ἄνθρω-

2219 2522 2320 2568 πος
2345 2520 2358 2533 ·
2387 2507 2507 2560 οὐδὲ
2534 2509 2849 2583 ἀνθρωπίνη
2884 2513 3017 2584 σάρξ
3049 2514 3157 2585 (81)
3194 2517 3339 2570 ἐστιν
3373 2521 3406 2589 ἡ
3442 2522 3519 2591 μὴ
3546 2519 3689 2577 οὖσα
3720 2524 3801 2594 ἒμ-

2217 2595 2387 2666 ψυχος
2412 2596 2621 2669 λογική.
2655 2598 2775 2663 Πῶς
2804 2604 2911 2673 γὰρ
2938 2598 2976 2672 ἠΔ
3004 2603 3077 2674 μὴ
3098 2604 3407 2676 ψυχωθεῖσα
3441 2611 3595 2683 ψυχῇ
3625 2615 3798 2684 λογικῇ

2220 2688 2356 2759 σὰρξ
2399 2688 2711 2761 ἀνθρωπίνη
2757 2693 2976 2747 δύναται
3008 2692 3186 2764 εἷναις
3233 2699 3291 2751 ῚΙ
3329 2701 3441 2773 γὰρ
3497 2706 3645 2776 σὰρξ
3680 2709 3800 2778 σάρξ

2217 2778 2352 2839 ἐστι,
2385 2778 2476 2830 καὶ
2496 2781 2529 2850 ἡ
2553 2778 2699 2850 ψυχὴ
2718 2781 2861 2852 ψυχή
2902 2784 3070 2837 ἐστιν.
3095 2786 3227 2838 Τότε
3245 2787 3302 2840 δὲ
3330 2790 3429 2842 ἄνθ
3440 2808 3632 2861 ρωπος
3662 2794 3797 2863 λὲγε-

2216 2883 2329 2930 ται,
2352 2869 2441 2920 ὅτε
2465 2871 2498 2940 ἡ
2525 2869 2716 2942 λογικὴ
2742 2871 2887 2943 ψυχὴ
2921 2875 3282 2944 σωματοῦται,
3320 2880 3417 2931 καὶ
3438 2882 3499 2934 τὸ
3525 2884 3695 2954 σῶμα
3714 2886 3800 2954 Qu-

2218 2959 2428 3030 χοῦται.
2462 2963 2576 3015 Οὐκ
2606 2964 2713 3034 ἀρα
2739 2964 3051 3039 ἀνθρωπίνη
3085 2968 3277 3041 σὰρξή
3311 2970 3386 3042 μὴ
3415 2978 3797 3046 κοινωνήσασα

545 3064 675 3105 caro
716 3064 823 3104 non
858 3049 1244 3113 est-humana,
1278 3062 1400 3116 quae
1432 3044 1706 3117 particeps
1741 3064 1848 3103 non
1888 3057 1971 3104 est
2002 3049 2118 3102 ani-

2223 3052 2364 3123 ψυχῇ
2395 3052 2605 3125 λογικῇ.
2646 3057 2883 3110 Ἀπολλ.
2926 3058 3046 3112 Τῶν
3079 3062 3281 3130 γηῖνων
3343 3066 3625 3134 σωμάτων
3652 3044 3662 3046 ἡ
3686 3071 3797 3121 ὅταν

546 3156 651 3195 ma:
699 3141 1007 3195 rationalis.
1038 3138 1217 3209 Apoll.
1249 3140 1385 3193 Cum
1428 3147 1705 3193 terrenum
1750 3140 1970 3209 aliquod
1999 3156 2121 3194 cor-

546 3246 650 3302 pus
684 3232 880 3300 accipit
908 3231 1144 3284 animam
1173 3230 1513 3293 rationalem,
1551 3229 1714 3285 homo
1758 3230 1995 3285 dicitur:
2030 3233 2119 3287 sin

543 3336 674 3376 vero
706 3331 949 3375 assumat
979 3321 1216 3373 animam
1268 3319 1496 3374 rationis
1534 3328 1809 3389 expertem
1831 3363 1846 3387 ,
1875 3322 1933 3374 fit
1972 3322 2119 3376 aliud

545 3414 767 3473 animal,
814 3427 975 3481 quam
1023 3411 1206 3466 homo.
1254 3411 1524 3466 Caeterum
1580 3410 1847 3469 Dominus
1888 3429 2119 3484 corpore

545 3506 650 3561 sibi
674 3522 739 3560 ex
769 3506 869 3559 hac
900 3504 1125 3559 materia
1161 3503 1336 3559 eﬂicto
1362 3545 1376 3568 ,
1410 3503 1651 3574 illudque
1676 3520 1779 3559 sua
1813 3505 2119 3560 substantia

544 3600 828 3653 vivilicans
888 3596 1054 3667 (quod
1115 3596 1333 3666 quidem
1387 3609 1487 3651 sua
1533 3606 1729 3649 natura
1786 3610 1910 3649 cum
1960 3595 2120 3650 habet

542 3692 802 3752 animam,
864 3703 1154 3745 commune
1200 3689 1433 3758 complet
1489 3686 1926 3758 animal),atque
1992 3687 2119 3741 huic

544 3799 675 3840 suas
708 3783 957 3853 proprias
997 3781 1192 3852 agendi
1225 3780 1512 3836 facultates
1535 3781 1866 3850 impertitus,
1899 3779 2029 3834 fecit
2061 3787 2119 3833 ut

543 3873 690 3929 Deus
723 3880 868 3928 esset
894 3872 1115 3935 animal,
1144 3870 1291 3926 Deus
1316 3870 1539 3940 quidem
1572 3869 1777 3952 forma,
1794 3869 1957 3923 homo
1988 3883 2118 3923 vero

543 3967 789 4021 materia.
833 3965 985 4021 Orth.
1039 3965 1209 4029 istud,
1261 3964 1457 4029 forma,
1492 3980 1602 4019 non
1650 3964 1892 4035 intelligo
1931 3979 1945 4015 :
1985 3979 2116 4017 num

540 4060 627 4113 vis
651 4060 852 4123 dicere,
886 4059 1117 4114 deitate?
1159 4059 1333 4128 Apoll.
1386 4060 1599 4129 Corpus
1645 4058 1995 4114 informatum
2034 4059 2115 4111 in-

543 4152 749 4222 telligo,
780 4152 984 4207 divinis
1007 4151 1199 4221 agendi
1229 4150 1585 4206 facultatibus
1609 4165 1929 4206 coruscans.
1956 4148 2112 4204 orm.

543 4242 796 4296 Formam
846 4243 1014 4312 igitur
1064 4241 1206 4296 dicis
1256 4241 1471 4296 divinas
1524 4241 1717 4312 agendi
1781 4239 2117 4295 facultates?

542 4330 719 4399 Apoll.
765 4331 959 4383 Etiam.
995 4328 1150 4385 Orth.
1179 4330 1236 4385 Si
1271 4337 1546 4384 terrenum
1586 4345 1787 4400 corpus
1819 4330 2111 4400 quodpiam

2219 3161 2271 3196 τι
2304 3146 2582 3220 προσλάϐῃ
2607 3146 2781 3219 ψυχὴν
2810 3148 3054 3221 λογικὴν,
3094 3151 3379 3222 ἄνθρωπος
3407 3154 3637 3224 λέγεται
3658 3175 3673 3187 ·
3718 3163 3795 3212 ἐὰν

2218 3234 2275 3287 δὲ
2308 3235 2500 3304 ἄλογον
2531 3237 2709 3310 ψυχὴν
2740 3241 3042 3312 προσλάϐῃ,
3094 3242 3232 3305 ζῶον
3277 3244 3470 3316 ἕτερον
3520 3251 3679 3320 παρὰ
3721 3254 3795 3304 τὸν

2220 3325 2502 3397 ἄνθρωπον
2532 3328 2795 3397 γίγνεται.
2846 3333 2941 3385 Ἐκ
2981 3333 3037 3386 δὲ
3070 3334 3274 3405 ταύτης
3305 3336 3409 3406 τῆς
3444 3339 3585 3410 ὕλης
3632 3346 3662 3396 ὁ
3703 3345 3798 3397 Κύ-

2222 3435 2335 3488 ριος
2350 3419 2528 3489 ἑαυτῷ
2546 3420 2978 3494 διαπλασάμενος
2999 3424 3177 3495 σῶμα,
3196 3429 3290 3480 καὶ
3310 3429 3475 3483 τοῦτο
3490 3431 3723 3498 Ionica;
3740 3439 3795 3503 τῇ

2223 3507 2328 3580 ἰδίᾳ
2347 3509 2502 3581 οὐσίᾳ
2520 3511 2674 3585 (ὅπερ
2692 3512 2899 3581 πέφυκε
2917 3514 3038 3584 μὲν,
3053 3514 3227 3587 ψυχὴν
3249 3517 3393 3587 ἔχον,
3412 3523 3601 3576 κοινὸν
3616 3526 3799 3578 {17:015-

2219 3596 2331 3685 λεῖν
2355 3599 2535 3669 ζῶον),
2564 3602 2738 3673 τούτῳ
2760 3602 2816 3656 δὲ
2843 3605 2938 3658 καὶ
2964 3606 3061 3668 τὰς
3096 3607 3231 3671 ιδίας
3269 3609 3563 3680 ἐνεργείας
3591 3615 3797 3685 μεταδε-

2216 3682 2423 3753 δωκὼς,
2458 3693 2627 3745 ἐποίει
2661 3692 2798 3757 ζῶον
2821 3695 2985 3748 Θεόν·
3029 3695 3161 3750 Θεὸν
3186 3698 3307 3769 μὲν,
3350 3703 3502 3756 κατὰ
3531 3682 3605 3758 τὸν
3651 3703 3793 3769 εἶδος·

2217 3779 2502 3851 ἄνθρωπον
2538 3783 2595 3836 δὲ
2626 3784 2767 3837 κατὰ
2793 3785 2890 3857 τὴν
2920 3786 3072 3859 ὓλην.
3110 3791 3265 3858 Ὀρθ.
3295 3794 3371 3846 Τὸ
3404 3796 3559 3850 κατὰ
3588 3798 3653 3851 τὸ
3676 3794 3797 3861 2'wa

2216 3872 2277 3924 οὐ
2300 3872 2433 3925 νοῶ·
2461 3873 2632 3939 θέλεις
2665 3879 2856 3942 εἰπεῖν,
2884 3879 3024 3934 κατὰ
3047 3880 3309 3953 θεότητας
3343 3886 3608 3942 Ἀπολλ.
3644 3891 3793 3961 Σῶμα

2221 3967 2669 4037 μεμορφωμένον,
2704 3972 2824 4034 ταῖς
2862 3972 3069 4034 θεϊκαίς
3106 3974 3611 4046 καταλαμπόμενον
3659 3983 3793 4050 ἐνερ-

2217 4055 2413 4122 γείαις.
2445 4060 2598 4125 Ὀρθ.
2633 4059 2743 4123 Τὰς
2766 4059 2952 4125 θεϊκάς
2980 4058 3072 4116 οὖν
3104 4065 3386 4133 ἐνεργείας
3414 4063 3565 4132 εἶδος
3587 4071 3794 4139 λέγει;;

2217 4145 2462 4202 Ἀπολλ.
2503 4149 2632 4202 Ναί.
2680 4152 2832 4218 Ὀρθ.
2869 4154 2952 4216 Εἰ,
2985 4154 3111 4207 ὅταν
3146 4173 3195 4208 τι
3241 4156 3352 4209 τῶν
3379 4162 3595 4227 γηΐνων
3631 4162 3803 4231 σωμάο
3842 4224 3843 4229 η

2217 4254 2324 4290 των
2353 4240 2633 4314 προσλάϐῃ
2653 4241 2828 4314 ψυχὴν
2848 4243 3089 4317 λογικὴν.
3111 4247 3206 4301 ἄνθ
3214 4264 3396 4317 ρωπος
3427 4251 3671 4317 γίνεται,
3694 4255 3799 4305 τότε

2218 4332 2310 4382 καὶ
2342 4330 2678 4402 ἀνθρώπινον
2707 4334 2867 4404 σῶμα
2898 4337 3084 4390 ἀκούει
3110 4339 3205 4392 καὶ
3235 4341 3482 4407 γίνεται·
3528 4345 3614 4414 μὴ
3649 4362 3801 4416 προς-

542 4434 675 4476 Iunc
706 4423 764 4475 lit
796 4422 977 4486 homo,
1021 4437 1144 4476 cum
1176 4422 1417 4476 animam
1450 4421 1772 4474 rationalem
1802 4421 2020 4490 accipit,
2056 4427 2110 4474 et

2223 4421 2374 4474 λαϐὸν
2420 4396 2597 4494 (ῥυχὴν
2639 4396 2886 4499 λογικὴν,
2928 4429 3049 4482 οὐδὲ
3084 4396 3424 4501 ἀνθρώπινόν
3468 4396 3614 4489 €6.21.-
3634 4396 3796 4506 66:92.

542 4528 744 4581 corpus
781 4512 1074 4565 humanum
1107 4519 1331 4566 vocatur
1350 4518 1511 4565 etest
1535 4531 1547 4564 :
1571 4526 1641 4564 ne
1669 4510 1966 4564 humanum
1989 4513 2113 4581 qui-

542 4604 665 4657 dem
707 4618 906 4673 corpus
930 4612 1032 4667 est,
1065 4603 1209 4671 quod
1244 4603 1480 4655 animam
1520 4602 1837 4655 rationalem
1872 4617 1981 4657 non
2023 4618 2113 4657 ac-

541 4697 693 4765 cipit.
718 4693 1004 4761 Quomodo
1026 4694 1193 4763 igitur
1223 4708 1446 4762 corpus,
1475 4694 1622 4762 quod
1658 4694 1956 4747 humanum
1996 4709 2106 4748 non

539 4798 645 4850 est,
676 4786 949 4841 hominem
982 4785 1283 4839 secundum
1314 4784 1595 4837 materiam
1622 4798 1805 4847 vocas,
1829 4799 1951 4837 cum
1984 4793 2112 4840 tunc

539 4876 758 4932 demum
796 4874 912 4929 hzec
960 4873 1189 4929 materia
1248 4874 1321 4928 sit
1372 4874 1630 4936 humana,
1681 4888 1804 4927 cum
1866 4873 2105 4927 animam

539 4968 767 5023 rationis
797 4966 1116 5037 participem
1153 4966 1393 5036 accipit?
1434 4965 1562 5037 Legi
1598 4974 1778 5021 autem
1809 4982 1910 5037 ego
1942 4967 2110 5022 vestri

537 5076 756 5132 quoque
785 5060 1028 5131 magistri
1068 5059 1396 5128 Apollinaris
1435 5057 1860 5120 confessionem,
1903 5058 1958 5112 in
2003 5073 2110 5128 qua

536 5168 738 5222 corpus
761 5150 971 5205 Domini
1009 5150 1183 5205 nostri
1221 5150 1354 5204 dicit
1420 5151 1889 5206 consubstantiale
1925 5149 2108 5205 Mariae

2216 4511 2289 4565 Τὸ
2309 4513 2364 4567 δὲ
2387 4513 2461 4584 μὴ
2490 4514 2549 4568 ὃν
2581 4516 2920 4588 ἀνθρώπινον
2956 4520 3135 4591 σῶμα,
3164 4521 3280 4584 πῶς
3306 4522 3609 4595 ἄνθρωπον
3638 4528 3797 4595 λέγεις

2217 4603 2356 4655 κατὰ
2386 4604 2482 4673 τὴν
2515 4605 2666 4675 ὓλην,
2687 4609 2784 4678 τῆς
2815 4608 2945 4678 ὕλης
2965 4611 3085 4663 τότε
3125 4612 3479 4685 ἀνθρωπίνης
3502 4615 3700 4687 οὔσης,
3724 4619 3797 4671 ὅτε

2216 4694 2393 4764 ψυχῆς
2420 4696 2642 4768 λογικῆς
2669 4701 3114 4771 προσλαμϐάνει;
3161 4702 3301 4771 Ἐγὼ
3333 4704 3393 4757 δὲ
3421 4707 3519 4759 καὶ
3565 4710 3797 4777 ἀνέγνων

2217 4786 2308 4839 τοῦ
2339 4787 2654 4843 διδασκάλου
2684 4791 2839 4861 ὑμῶν
2885 4793 3286 4866 ’Λπολλιναρίου
3323 4797 3652 4867 ὁμολογίαν,
3691 4792 3795 4870 ὲνῇ

2217 4879 2502 4949 ὀμοούσιον
2533 4881 2680 4950 λέγει
2706 4884 2768 4936 τὸ
2792 4884 2948 4955 σῶμα
2969 4885 3061 4939 τοῦ
3092 4887 3295 4960 Κυρίου
3320 4888 3484 4958 ἡμῶν
3505 4894 3574 4961 τῇ
3600 4892 3792 4963 Μαρία.

2218 4969 2405 5040 Μαρία
2441 4970 2497 5023 δὲ
2535 4973 2687 5042 ἡμῖν.
2732 4974 2892 5044 Ἡμῖν
2930 4975 3037 5046 ἄρα
3085 4977 3370 5047 ὁμοούσιον
3413 4979 3480 5033 τὸ
3524 4982 3791 5054 Κυριακὺν

2221 5058 2400 5128 σῶμα,
2429 5061 2614 5133 ἐπειδὴ
2644 5064 2740 5117 καὶ
2768 5065 3123 5137 ἀνθρώπινον.

2114 5190 2128 5203 .
2169 5150 2241 5203 At
2292 5151 2460 5206 Maria
2522 5155 2682 5209 nobis
2726 5159 3232 5214 consubstantialis.
3280 5158 3457 5216 Nobis
3501 5173 3594 5218 est
3640 5166 3793 5235 igitur

535 5243 1006 5300 consubstantiale
1032 5257 1235 5311 corpus
1267 5241 1516 5305 Domini,
1550 5243 1813 5311 quoniam
1833 5250 1888 5298 et
1919 5243 2098 5311 ipsum
2139 5242 2441 5321 humanum
2479 5258 2582 5302 est.

611 5334 695 5388 Il).
718 5333 893 5400 Apoll.
912 5332 1198 5399 Quomodo
1220 5348 1422 5402 corpus
1438 5332 1652 5388 Domini
1671 5334 1832 5398 dicis,
1849 5349 1975 5389 cum
1994 5334 2091 5390 bo-

536 5424 700 5479 minis
745 5439 947 5493 corpus
983 5438 1106 5478 esse
1146 5423 1388 5493 probes?
1429 5422 1584 5479 Orlh.
1634 5423 1746 5495 Ego
1800 5431 1855 5481 et
1906 5440 2106 5497 corpus

606 5579 650 5611 "'
691 5577 848 5632 Joan.
891 5594 975 5640 vi,
1012 5578 1101 5633 δι.
1176 5578 1222 5610 ⁶¹
1258 5576 1416 5632 Joan.
1456 5595 1517 5642 x,
1555 5578 1638 5635 l7.

608 5690 722 5763 (ύο)
758 5694 926 5747 Αὖτοῦ
955 5697 1102 5766 φωνή
1132 5696 1282 5751 deest
1310 5694 1361 5749 in
1398 5695 1565 5750 Palat.

2269 5336 2356 5391 10.
2376 5336 2623 5393 Ἀπολλ.
2654 5341 2780 5405 Πῶς
2800 5342 2977 5411 λέγεις
3000 5345 3281 5416 Κυριακδν
3305 5344 3495 5416 σῶμα,
3521 5349 3689 5402 ὁπότε
3715 5350 3793 5405 άν-

2216 5426 2433 5499 θρὼπου
2465 5434 2923 5502 κατασκευάζεις;
2954 5437 3106 5505 Ὀρθ.
3162 5436 3304 5506 Ἐγὼ
3349 5441 3449 5493 καὶ
3490 5441 3658 5513 σῶμα
3691 5444 3792 5498 Ευ-

2281 5694 2393 5767 (81)
2429 5692 2551 5750 Mss.
2594 5692 2744 5762 Ὀρθ.
2772 5694 2968 5750 Οὐκέτι
2993 5696 3113 5751 οὐδὲ
3139 5696 3469 5772 ἀνθρωπίνη
3499 5704 3536 5772 ἡ
3571 5699 3727 5772 σάρξ,
