3850 6226
123 259 277 317 ἰ265

1099 270 1188 326 DE
1231 269 1500 330 SANCTA
1542 275 1923 333 TRlNlTATE
1960 278 2307 339 DIALOGUS
2344 281 2438 354 Vh

3244 287 3385 348 i268

125 374 321 446 ριακὸν
346 373 525 467 λέγω,
545 376 638 430 καὶ
662 377 840 451 ψυχὴν
862 381 1169 455 Κυριακὴν,
1196 387 1292 441 καὶ
1329 383 1468 460 αἷμα
1500 392 1703 462 Κυρια-

1815 391 2030 449 Domini
2068 409 2194 449 cum
2219 410 2377 460 voco,
2412 403 2468 453 et
2503 396 2742 452 animam
2773 397 3135 467 Dominicam,
3165 408 3219 459 et
3249 419 3381 460 san-

124 465 248 529 κὸν,
274 466 368 519 καὶ
401 466 577 538 ταφὴν
598 470 900 544 Κυριακὴν,
928 476 1021 528 καὶ
1047 475 1329 547 ἄνθρωπον
1345 481 1571 535 καθόλου
1597 484 1711 536 Κυ-

130 557 344 628 ριακὸν,
367 557 557 613 ὲνὼσει
584 560 677 615 τοῦ
709 562 845 617 Θεοῦ
875 565 1048 634 Λόγου
1069 582 1083 597 ’
1115 567 1287 633 οὕτως
1326 570 1401 636 ὡς
1443 569 1582 627 εἶναι
1618 575 1711 628 καὶ

122 646 222 699 τὸν
252 647 414 702 αὐτὸν
446 650 579 704 Θεὸν
604 652 695 706 καὶ
725 652 1010 728 ἄνθρωπον
1032 673 1047 688 ·
1088 658 1183 711 καί
1226 678 1355 714 ποτε
1391 663 1552 716 αὑτὸν
1592 664 1710 718 ὅλον

122 735 264 790 Θεὸν
294 738 387 791 καὶ
424 738 629 812 Κύριον
686 743 927 808 ἀκούειν,
976 747 1065 799 καί
1097 765 1226 801 ποτε
1259 750 1422 804 αὐτὸν
1451 752 1569 806 ὅλον
1618 753 1713 807 ἄν·

122 827 366 899 ορωπον.
396 833 569 897 Αὐτὸς
600 834 709 905 γὰρ
732 834 880 905 λέγει
910 838 1039 910 περὶ
1077 840 1301 894 ἑαυτοῦ·
1347 861 1365 893 ι
1414 844 1479 896 Τί
1510 861 1576 914 με
1611 843 1709 916 ζη-

118 922 272 973 τεῖτε
297 922 614 978 ἀποκτεῖναι
661 924 969 997 ἄνθρωπον,
1016 926 1075 993 ὃς
1124 929 1224 1001 τὴν
1277 930 1530 1002 ἀλήθειαν
1580 934 1709 1005 ὑμῖν

118 1010 433 1084 λελάληκα;
481 1035 500 1068 ι
537 1016 631 1069 καὶ
657 1016 895 1083 Παῦλοςο
937 1039 957 1071 ι
995 1021 1312 1091 Ἀνθρωπος
1341 1024 1546 1094 Ἰησοῦς
1571 1026 1708 1096 Χρι-

122 1104 255 1167 στὸς
286 1104 412 1175 χθὲς
437 1106 530 1160 καὶ
551 1108 810 1179 σήμερον,
832 1112 861 1163 ό
879 1111 1039 1174 αὐτὸς
1066 1112 1158 1165 καὶ
1185 1115 1265 1177 εἰς
1288 1115 1414 1176 τοὺς
1432 1114 1654 1179 αἰῶνας.
1683 1137 1701 1169 ι

118 1190 239 1243 Καὶ
270 1192 436 1246 αὑτὸν
459 1193 648 1247 τοῦτον
664 1195 754 1249 τὸν
779 1197 1062 1270 ἄνθρωπον
1088 1200 1415 1273 ψηλαφήσας
1436 1205 1464 1256 6
1484 1204 1704 1275 Θωμᾶς,

116 1281 296 1352 λέγει·
320 1304 338 1335 ι
361 1286 389 1338 6
406 1283 610 1357 Κύριός
639 1305 740 1359 μου
771 1290 863 1343 καὶ
881 1293 908 1344 6
924 1290 1056 1355 Θεός
1075 1309 1197 1363 μου.
1229 1312 1247 1344 ι
1266 1295 1498 1365 Ὁμοίως
1521 1298 1548 1349 6
1571 1297 1710 1351 Παῦ-

115 1372 216 1437 λος
252 1373 362 1446 (82)
387 1394 400 1408 ο
437 1394 456 1427 ι
500 1370 600 1431 ’Ὧν
627 1380 677 1432 οἱ
702 1380 957 1453 πατέρες,
994 1384 1085 1438 καὶ
1132 1384 1191 1452 ἐξ
1218 1379 1293 1440 ὧν
1322 1389 1350 1440 6
1379 1386 1611 1461 Χριστὸς
1646 1389 1708 1443 τὸ

115 1465 267 1520 κατὰ
295 1467 492 1538 σάρκα,
518 1471 547 1523 6
580 1468 655 1525 ὢν
702 1472 794 1525 ἐπὶ
843 1475 1060 1529 πάντων
1106 1476 1235 1543 Θεὸς
1287 1478 1577 1553 εὐλογητὸς
1626 1483 1708 1546 εἰς

114 1558 252 1620 τοὺς
277 1557 499 1623 αἰῶνας.
542 1580 563 1612 ι
607 1561 739 1627 Θεὸς
758 1558 852 1618 οῦν
886 1568 978 1620 καὶ
1018 1567 1299 1639 ἅνθρωπος
1329 1571 1448 1635 ὅλος
1491 1572 1579 1625 διὰ
1607 1573 1707 1644 τὴν

116 1644 185 1711 ἐξ
218 1648 466 1715 εὐδοκίας
497 1652 712 1710 ἕνωσιν.
746 1657 809 1710 Εἰ
835 1658 945 1727 γὰρ
988 1678 1007 1711 ι
1052 1660 1082 1712 6
1106 1661 1442 1732 κολλώμενος
1474 1664 1556 1735 τῷ
1595 1667 1705 1719 Κυ-

1811 485 2035 552 guinem
2066 484 2436 555 Dominicum,
2469 496 2524 545 et
2557 490 2899 561 sepulturam
2932 491 3293 558 Dominicam,
3326 504 3383 552 et

1812 576 1868 630 in
1906 578 2224 634 universum
2265 579 2389 635 dico
2431 580 2708 636 hominem
2758 581 3122 648 Dominicum,
3168 587 3239 641 ob
3285 587 3381 643 Dei

1812 662 1979 720 Verbi
2012 667 2315 722 unitionem
2352 687 2366 723 :
2401 669 2474 722 ita
2511 679 2570 724 ut
2606 685 2750 725 unus
2778 680 2832 727 et
2862 672 3003 726 idem
3048 675 3120 728 sit
3148 672 3293 730 Deus
3325 681 3384 731 et

1811 755 1976 811 homo
1997 796 2012 821 ,
2048 766 2099 812 et
2135 758 2300 812 modo
2339 759 2562 829 quidem
2592 760 2710 831 ipse
2740 770 2889 819 totus
2922 762 3063 819 Deus
3095 772 3150 820 et
3194 764 3387 821 Domi-

1810 862 1937 913 nus,
1987 848 2264 904 interdum
2312 866 2442 906 vero
2481 853 2599 922 ipse
2643 862 2792 909 totus
2839 857 3144 926 appelletur
3192 857 3378 912 homo.

1810 937 1952 993 Dicit
1978 941 2123 994 enim
2159 941 2277 1011 ipse
2319 941 2386 997 de
2432 958 2492 998 se
2543 961 2562 994 ‹
2603 943 2742 1011 Quid
2790 961 2875 1000 me
2919 948 3173 1016 quaeritis.
3208 947 3382 1002 inter-

1811 1031 1992 1095 tlcere,
2040 1029 2315 1084 hominem
2347 1033 2439 1101 qui
2470 1047 2598 1087 vera
2635 1035 2854 1090 locutus
2887 1051 3006 1090 sum
3039 1037 3194 1093 vobis
3227 1038 3315 1091 "l
3353 1055 3374 1090 ι

1807 1118 1874 1171 Et
1904 1116 2148 1175 Paulus:
2186 1138 2205 1171 ι
2242 1120 2413 1178 Homo
2438 1120 2598 1178 Jesus
2633 1122 2888 1180 Christus
2935 1126 3051 1181 heri
3093 1137 3146 1181 et
3187 1127 3376 1191 hodie,

1807 1224 1928 1279 Ipse
1950 1218 2004 1265 et
2030 1211 2083 1265 in
2114 1213 2311 1267 saecula
2339 1213 2406 1266 ⁸⁸.
2444 1233 2462 1266 ι
2499 1214 2560 1270 Et
2587 1216 2731 1271 hunc
2753 1217 2931 1288 ipsum
2955 1220 3228 1275 hominem
3252 1236 3378 1274 eum

1808 1299 2049 1357 Thomas
2078 1312 2508 1372 contrectasset,
2546 1307 2724 1376 inquit
2766 1326 2779 1361 :
2821 1326 2841 1359 ι
2892 1308 3154 1366 Dominus
3200 1328 3377 1376 meus,

1806 1402 1860 1451 et
1906 1394 2051 1450 Deus
2095 1412 2265 1453 meus
2295 1398 2364 1456 ⁸³.
2416 1417 2437 1450 ι
2479 1398 2745 1455 Similiter
2778 1399 2982 1458 Paulus
3019 1424 3032 1457 :
3070 1423 3088 1455 ι
3135 1403 3381 1471 Quorum

1805 1495 2012 1558 patres,
2050 1497 2104 1543 et
2146 1505 2211 1544 ex
2252 1491 2454 1560 quibus
2493 1490 2747 1547 Christus
2783 1495 3086 1549 secundum
3128 1513 3377 1561 carnem.

1806 1581 1899 1649 qui
1928 1590 2012 1635 est
2043 1597 2209 1651 super
2229 1582 2576 1638 omniaDeus
2602 1584 2925 1641 benedictus
2952 1588 3005 1641 in
3035 1589 3233 1643 saecula
3255 1589 3323 1645 ⁸⁸.
3351 1608 3372 1644 ι

1807 1667 1980 1724 Totus
2031 1686 2174 1741 ergo
2204 1679 2426 1742 prOpter
2471 1672 2838 1727 voluntariam
2887 1675 3031 1728 illam
3075 1676 3376 1732 unitionem

120 1739 228 1810 ρίῳ
253 1738 311 1793 ἓν
344 1742 563 1814 πνεῦμά
585 1746 722 1812 ἐστι,
758 1766 793 1835 ἰ
835 1749 1013 1821 πολλῷ
1049 1752 1250 1816 πλεῖον,
1287 1731 1414 1809 ὅταν
1442 1760 1471 1809 6
1501 1731 1703 1828 Κύριος

1815 1759 2011 1813 dicitur
2055 1731 2123 1815 etv
2161 1731 2326 1827 Deus;
2364 1769 2421 1816 et
2464 1761 2648 1817 homo.
2682 1761 2816 1816 Nam
2850 1765 2896 1819 si
2932 1785 2951 1817 ι
2998 1767 3091 1835 qui
3139 1768 3381 1827 adlucret

113 1828 349 1901 λέγηται
384 1835 479 1888 καὶ
525 1829 847 1910 πιστεύηται
879 1841 1163 1914 ἄνθρωπος
1207 1846 1556 1915 γεγενῆσθαι,
1603 1847 1703 1901 οὐκ

1815 1848 2067 1915 Domino,
2118 1867 2262 1908 unus
2315 1853 2543 1923 spiritus
2582 1862 2667 1908 est
2711 1854 2780 1919 ⁸⁷,
2835 1876 2855 1909 ι
2906 1858 3077 1912 multo
3122 1861 3295 1929 magis
3331 1860 3380 1915 si

115 1920 397 1988 ἀπολέσας
421 1926 479 1979 τὸ
520 1923 658 1982 εἶναι
689 1930 842 1996 Θεὸς,
892 1933 1009 1987 ἔστι
1042 1934 1174 2000 Θεὸς
1211 1938 1306 1991 καὶ
1347 1937 1631 2010 ἄνθρωπος
1674 1941 1703 1993 6

1815 1940 2079 1998 Dominus
2125 1944 2327 1999 dicitur
2378 1952 2433 1999 et
2477 1946 2720 2005 creditur
2764 1947 2945 2004 factus
2997 1951 3165 2005 fuisse
3190 1952 3375 2014 homo.

116 2013 325 2110 αῦτός·
369 2015 501 2081 Θεὸς
541 2020 640 2091 μὲν
672 2021 760 2075 διὰ
803 2023 903 2095 τὴν
955 2025 1148 2095 φύσιν,
1187 2027 1474 2099 ἅνθρωπος
1516 2030 1573 2084 δὲ
1614 2030 1703 2085 διὰ

1815 2048 1916 2086 non
1964 2035 2220 2090 amittens
2271 2035 2416 2106 quod
2466 2036 2608 2093 Deus
2658 2039 2750 2101 sit,
2797 2039 2938 2095 idem
2988 2050 3073 2098 est
3134 2042 3276 2097 Deus
3323 2053 3379 2099 et
3423 2079 3431 2110 ε

115 2102 223 2175 τὴν
250 2104 311 2168 ἐξ
336 2107 582 2174 εὐδοκίας
615 2114 850 2184 μετοχὴν
882 2115 983 2184 τῆς
1016 2116 1452 2188 ἀνθρωπὸτητος.

1815 2124 1974 2179 homo
2027 2144 2041 2180 :
2097 2123 2242 2182 Deus
2280 2102 2504 2199 quidem
2551 2137 2772 2196 natura,
2827 2130 2991 2186 homo
3031 2146 3180 2201 vero,
3231 2132 3380 2205 quod

117 2210 378 2257 naturam
422 2204 745 2276 humanam,
778 2214 1035 2282 quoniam
1070 2215 1120 2270 ei
1154 2217 1236 2271 sic
1269 2217 1493 2286 placuit,
1526 2218 1956 2290 participaverit.

1215 2490 1353 2545 ΤΟΥ
1383 2492 1480 2546 ΕΝ
1503 2495 1730 2550 ΔΓΙΟΙΣ
1762 2498 2034 2553 HATPOZ
2064 2500 2275 2557 ΗΜΩΝ.

1436 2655 2078 2749 ΑΘΑΝΑΣΙΟΥ

294 2824 509 2892 Διὰλεξ
512 2845 565 2893 ις
585 2831 649 2894 ε’,
675 2826 746 2883 ἐν
772 2820 815 2904 ἦ
831 2828 939 2885 τοῦ
964 2831 1151 2888 αὐτοῦ
1185 2833 1750 2905 Ἀπολλτναριαστοῦ
1780 2841 2183 2909 κεφαλαίωσις
2214 2844 2314 2898 καὶ
2346 2846 2677 2914 Γρηγοριου
2700 2844 3036 2901 ἐπισκόπου
3066 2842 3197 2914 (83).

1111 3232 1213 3323 S.
1287 3234 1395 3323 P.
1474 3235 1592 3325 N.
1667 3235 2315 3328 ATHANASII

336 3415 605 3475 DIALOGUS
637 3436 694 3490 ν,
726 3421 782 3476 in
819 3437 930 3493 quo
972 3424 1354 3495 compendium
1384 3427 1810 3500 disceptationis.
1829 3428 2076 3500 ejusdem
2100 3428 2505 3502 Apollinaristae
2525 3437 2581 3485 et
2605 3429 2853 3502 Gregorii
2886 3432 3149 3503 episcopi.

580 3616 1244 3673 ΑΠΟΛΛΙΝΑΡΙΔΣΤΗΣ.

2274 3623 2885 3681 APOLLINARISTES.

201 3728 250 3782 i.
291 3727 426 3781 Θεοῦ
457 3730 850 3801 ἐνεργήσαντος
883 3731 1176 3804 ἀνθρώπῳ,
1202 3734 1545 3789 ἀποτελεῖται
1574 3752 1709 3807 προ-

128 3824 325 3894 φήτης,
382 3822 547 3892 ήγουν
584 3824 883 3887 ἀπόστολος
942 3825 1073 3896 (84),
1121 3827 1182 3879 οὐ
1235 3826 1426 3897 Σωτὴρ
1467 3827 1703 3897 κόσμου’

125 3914 359 3988 Χριστός
391 3915 448 3968 δὲ
486 3916 677 3988 Σωτὴρ
717 3916 957 3994 κόσμου’
992 3917 1094 3970 οὐκ
1128 3917 1256 3988 ἄρα,
1296 3918 1432 3972 Θεοῦ
1483 3921 1709 3989 ἐνεργή-

130 4023 319 4070 σαντος
335 4004 624 4077 ἀνθρώπῳ,
648 4006 977 4079 ἀπετελέσθη
1002 4009 1269 4079 Χριστός;
1297 4008 1704 4062 ΟΡΘΟΔΟΞΟΣ.

127 4097 263 4152 Θεοῦ
305 4100 402 4169 μὲν
448 4100 839 4170 ὲνεργήσαντος
888 4100 985 4170 οὐχ
1037 4099 1224 4164 ἁπλῶς
1244 4141 1259 4165 ,
1302 4100 1378 4164 ὡς
1427 4101 1705 4173 ἐνόμισας,

127 4190 263 4244 ἀλλά
293 4191 643 4262 προφητείαν,
683 4190 1026 4244 ἀποτελεῖται
1060 4194 1368 4264 προφήτης,
1397 4194 1570 4264 ήγουν
1595 4194 1707 4267 (85)

127 4283 442 4347 ἀπόστολος,
478 4282 571 4336 καὶ
594 4283 654 4336 o6
687 4283 879 4355 Σωτὴρ
911 4283 1138 4354 κόσμου.
1180 4284 1314 4349 Θεὸς
1363 4285 1441 4349 δὲ,
1494 4288 1709 4359 μορφὴν

125 4374 313 4428 δούλου
351 4372 550 4440 λαϐὼν,
599 4373 815 4443 ἐγένετο
849 4377 878 4428 ό
915 4376 1078 4441 αὐτὸς
1119 4377 1212 4431 καὶ
1259 4381 1564 4450 προφήτης,
1613 4378 1709 4431 καὶ

127 4464 444 4529 ἀπόστολος,
476 4463 572 4517 καὶ
594 4464 902 4536 ἀρχιερεὺς,
943 4466 1037 4519 καὶ
1068 4466 1294 4538 μεσίτης
1326 4466 1462 4521 Θεοῦ
1487 4470 1580 4522 καὶ
1607 4468 1706 4522 ἀν-

129 4553 382 4627 θρώπων,
416 4556 605 4628 Σωτὴρ
642 4558 869 4627 κόσμου,
902 4557 1076 4629 μένων
1095 4558 1246 4623 Θεὸς,
1276 4560 1367 4613 καὶ
1392 4562 1454 4613 οῦ
1480 4561 1708 4634 τραπεὶς

126 4649 209 4711 εἰς
234 4647 301 4700 τὰ
322 4648 717 4720 προειρημένα.

199 4738 250 4791 Ξ.
295 4741 539 4794 Ἀπολλ.
574 4741 688 4804 Πᾶς
715 4739 998 4812 ἄνθρωπος
1031 4740 1195 4811 μέρος
1228 4740 1455 4812 κόσμου,
1489 4740 1585 4794 καὶ
1614 4740 1708 4793 οὐ-

125 4829 215 4882 δὲν
250 4829 414 4901 μέρος
443 4830 646 4900 κόσμου
692 4832 835 4902 αἴρει
878 4833 975 4903 τὴν
1024 4832 1298 4905 ἁμαρτίαν
1341 4831 1435 4885 τοῦ
1478 4834 1707 4904 κόσμου,

127 4925 221 4994 ὑφ’
318 4926 413 4979 καὶ
448 4925 609 4990 αὐτὸς
639 4929 833 4981 κεῖται.
870 4925 1104 4997 Χριστός
1146 4925 1201 4978 δὲ
1236 4926 1378 4998 αἴρει
1404 4943 1417 4956 ο
1454 4927 1554 4979 οῦκ
1599 4927 1707 4997 ἄρα

126 5017 413 5090 ἄνθρωπος
449 5020 478 5072 6
520 5019 774 5091 Χριστός.
811 5019 965 5087 Ὀρθ.
1004 5017 1100 5071 Διὰ
1145 5017 1255 5089 γὰρ
1295 5016 1475 5080 τοῦτο,
1519 5019 1704 5091 ἐπειδὴ

124 5109 282 5163 οὐδὲν
314 5110 478 5181 μέρος
507 5111 711 5182 κόσμου
744 5111 887 5182 αἴρει
911 5109 1010 5180 τὴν
1043 5110 1317 5182 ἁμαρτίαν
1344 5108 1439 5164 τοῦ
1475 5110 1701 5181 κόσμου,

126 5203 156 5255 6
186 5201 511 5274 δημιουργὸς
538 5201 634 5256 τοῦ
677 5201 880 5273 κόσμου
926 5201 1139 5273 μορφὴν
1182 5200 1341 5254 ἔλαϐε
1380 5202 1575 5273 μέρους
1608 5201 1703 5254 κό-

1878 3738 1930 3792 1.
1962 3738 2167 3810 Agente
2198 3736 2309 3793 Deo
2341 3738 2395 3793 in
2432 3738 2681 3805 homine,
2709 3738 2768 3792 ﬁt
2804 3738 3078 3809 quispiam
3116 3740 3379 3811 propheta

1807 3827 1893 3883 vel
1944 3827 2249 3897 apostolus,
2292 3837 2346 3881 at
2396 3842 2505 3881 non
2555 3825 2810 3883 Salvator
2862 3829 3073 3884 mundi.
3125 3829 3381 3889 Christus

1808 3925 1991 3972 autem
2025 3924 2111 3972 est
2145 3914 2399 3971 Salvator
2438 3915 2626 3971 mundi
2660 3936 2674 3972 :
2713 3934 2823 3974 non
2853 3918 3019 3989 igitur
3042 3919 3153 3975 Deo
3186 3932 3382 3991 agente

1808 4009 1863 4064 in
1918 4009 2160 4073 homine,
2213 4007 2390 4063 factus
2443 4015 2529 4063 est
2571 4009 2846 4066 Christus.
2884 4010 3377 4070 ORTHODOXUS.

1807 4099 1927 4154 Non
1962 4101 2302 4170 simpliciter,
2335 4107 2395 4153 ut
2428 4107 2486 4152 tu
2528 4101 2836 4164 existimas,
2879 4113 3075 4172 agente
3116 4102 3247 4167 Deo,
3283 4104 3380 4160 sed

1808 4191 2153 4263 praphetiam
2201 4189 2488 4256 elliciente,
2551 4190 2610 4245 ﬁt
2656 4192 2931 4262 quispiam
2978 4196 3244 4264 propheta
3295 4196 3382 4251 vel

1810 4281 2115 4352 apostolus.
2169 4289 2224 4335 at
2270 4296 2380 4335 non
2428 4279 2684 4336 Salvator
2730 4282 2940 4337 mundi.
2992 4282 3139 4340 Deus
3176 4295 3380 4349 autem,

1809 4381 2034 4442 accepta
2062 4370 2226 4443 465
2259 4374 2400 4427 servi
2438 4372 2635 4440 forma,
2665 4372 2845 4428 factus
2875 4381 2959 4429 est
2993 4375 3133 4430 idem
3169 4383 3224 4430 ct
3254 4391 3382 4445 pro-

1809 4463 1993 4532 pheta,
2022 4471 2076 4517 et
2103 4464 2413 4532 apostolus,
2453 4470 2508 4517 et
2534 4463 2800 4534 pontifex,
2833 4471 2894 4518 et
2916 4465 3185 4520 mediator
3211 4464 3302 4521 Dei
3327 4474 3382 4521 et

1809 4556 2114 4618 hominum,
2146 4554 2399 4610 Salvator
2419 4554 2627 4619 mundi,
2660 4554 2803 4610 Deus
2825 4570 3172 4624 permanens.
3204 4573 3384 4629 neque

1808 4648 1867 4703 in
1894 4646 2192 4718 quidquam
2227 4647 2480 4710 istorum,
2508 4661 2630 4716 qua:
2662 4644 2925 4711 diximus,
2961 4655 3222 4704 mutatus.

1875 4738 1932 4792 2.
1967 4738 2146 4808 Apoll.
2187 4736 2381 4792 Omnis
2420 4738 2584 4793 homo
2612 4746 2695 4793 est
2728 4753 2854 4808 pars
2885 4738 3096 4801 mundi,
3144 4747 3198 4794 et
3233 4739 3383 4792 nulla

1808 4830 1997 4885 mundi
2030 4845 2158 4901 pars
2201 4830 2345 4884 tollit
2385 4838 2668 4900 peccatum
2703 4830 2915 4895 mundi,
2945 4831 3031 4884 cui
3068 4838 3290 4900 peccato
3331 4841 3385 4884 et

1812 4923 1931 4993 ipsa
1971 4923 2181 4979 subest.
2228 4921 2298 4975 At
2348 4922 2603 4976 Christus
2673 4922 2814 4974 tollit
2853 4941 2867 4976 :
2922 4938 3031 4976 non
3080 4929 3165 4977 est
3217 4922 3386 4992 igitur

1800 5017 1978 5078 ,homo
2006 5014 2280 5070 Christus.
2321 5014 2475 5069 Ortlt.
2511 5012 2803 5067 Enimvero
2835 5013 2977 5082 quod
3009 5013 3154 5066 nulla
3195 5012 3383 5065 mundi

1812 5121 1939 5178 pars
1970 5106 2124 5158 tollat
2165 5104 2351 5158 mundi
2398 5112 2705 5174 peccatum,
2739 5103 2944 5157 idcirco
2973 5101 3160 5156 mundi
3204 5101 3384 5171 Opifex

1811 5198 2042 5252 formam
2093 5196 2303 5266 accepit
2354 5197 2524 5264 partis
2558 5195 2784 5259 mundi,
2830 5203 2891 5247 ut
2935 5203 3207 5262 quatenus
3252 5209 3383 5264 pars

203 5355 250 5389 ⁸³
283 5353 445 5411 Joan.
475 5370 606 5419 vui,
641 5354 731 5410 40.
806 5355 853 5388 ⁸⁸
895 5353 1059 5410 Hebr.
1095 5369 1230 5419 ιιιι,
1266 5354 1322 5411 8.
1397 5354 1445 5387 ”
1483 5353 1642 5410 Joan.
1677 5370 1703 5407 ι

1815 5352 1906 5407 28.
1982 5352 2028 5384 ⁸⁸
2066 5350 2224 5405 Rom.
2264 5365 2351 5414 ιι,
2380 5348 2439 5407 5.
2516 5349 2562 5381 ⁸⁷
2604 5349 2622 5402 Ι
2658 5348 2786 5405 Cor.
2823 5366 2908 5407 vr.
2945 5350 3033 5405 l7.

202 5509 514 5590 (§?l!’_e‘at-
542 5508 1371 5590 ,ὁμοίωςκαὶεηᾳῡλρςλέγξιε
1674 5577 1700 5590 -

204 5582 316 5650 (85)
348 5579 515 5634 Titul.
542 5577 600 5634 iu
637 5595 768 5634 mss.
800 5597 814 5633 :
843 5578 950 5632 Τοῦ
976 5577 1143 5633 αὐτοῦ
1166 5577 1703 5650 ,Ἀπολλιναριαστοῦ

114 5648 495 5722 νκεφαλαίωσις
529 5651 627 5704 καὶ
653 5650 950 5721 Γρηγορίου
980 5649 1282 5703 ἐπισκόπου
1305 5648 1605 5720 ὀρθοδόξου.

1883 5505 1996 5578 (84)
2024 5474 2216 5578 Palat“
2244 5502 2579 5577 προφήτηςῆ
2607 5504 2915 5570 ἀπόστολος.
2940 5504 3140 5571 Volet,
3170 5507 3381 5578 «pagi;-

1809 5575 1906 5646 της
1938 5575 2252 5646 ἀπόστολος.
2382 5645 2386 5646 ί
2418 5575 2425 5577 ’
2622 5586 2629 5605 ³

1879 5646 1991 5717 (83)
2027 5644 2322 5711 Manusch
2362 5645 2542 5714 ἦτουν.
