3850 6226
508 292 645 345 1267

1600 291 1657 346 S.
1701 288 2160 345 ATllANASIL'S.
2201 323 2250 331 —
2311 289 2577 346 δρυιιιΑ.

3610 285 3751 340 1268
3822 344 3823 373 3

503 433 617 473 e'at
659 417 864 479 mundi,
897 416 1113 471 occisus
1155 423 1411 486 tanquam
1446 432 1573 486 pars
1614 415 1824 479 mundi,
1859 415 2069 469 tolleret

2179 431 2331 483 σμου,
2364 413 2449 465 ἵνα
2488 410 2565 482 τῷ
2615 409 2770 480 μέρει
2809 407 2903 461 τοῦ
2945 407 3170 476 κόσμου,
3217 406 3443 473 σφαγεὶς
3469 404 3547 468 ὼς
3582 408 3750 476 μέρος

502 529 535 564 ιι
574 510 689 564 mdi
725 518 1027 580 peccatum,
1057 515 1115 563 ut
1144 508 1325 578 epifex
1362 508 1570 562 mundi.

567 682 621 737 '5.
670 681 841 751 Apoll.
871 681 1060 738 Omnis
1102 684 1263 736 homo
1298 683 1484 737 subest
1531 684 1688 736 morti
1720 703 1731 737 ε
1769 694 1822 738 et
1856 685 2062 747 nullus,

500 776 591 842 qui
627 776 785 828 morti
826 775 1022 837 subsit,
1053 775 1235 830 abolet
1260 784 1510 828 mortem.
1553 776 1620 827 At
1665 775 1917 831 Christus
1967 776 2062 829 ab-

499 867 607 919 olet
639 885 651 920 :
685 883 791 920 non
820 875 902 921 est
933 867 1097 936 igitur
1119 868 1279 920 homo
1309 868 1578 921 Christus.
1613 866 1762 921 Orth.
1793 866 2062 934 Quoniam

501 960 683 1014 nullus
740 959 1049 1019 hominum,
1101 969 1159 1012 ut
1212 960 1303 1027 qui
1356 959 1512 1011 morti
1573 959 1782 1021 subsit,
1834 967 2063 1012 mortem

500 1051 709 1117 abolet;
760 1050 964 1104 idcirco
1024 1051 1349 1103 immortalis
1421 1049 1590 1104 Filius
1659 1050 1775 1114 Dei,
1823 1048 2060 1103 Verbum

500 1143 662 1196 simul
700 1151 753 1196 et
786 1142 947 1204 Deus,
975 1142 1077 1196 sibi
1109 1142 1208 1212 ipsi
1252 1142 1424 1195 univit
1454 1141 1507 1195 id
1549 1142 1693 1210 quod
1725 1142 1882 1194 morti
1934 1141 2066 1196 sub-

498 1242 601 1290 est.
626 1252 643 1282 ι
665 1241 723 1286 ιιι
747 1235 800 1286 ἱιι
827 1241 996 1287 morte
1013 1233 1249 1287 aboleret
1272 1249 1416 1294 eum,
1444 1234 1535 1303 qui
1558 1233 1748 1285 mortis
1779 1232 2060 1299 imperium

502 1324 662 1377 habet
683 1325 780 1378 ⁸⁸.»
809 1323 961 1378 Sicut
986 1324 1130 1379 enim
1169 1324 1459 1378 invisibilis
1482 1339 1606 1375 eum
1634 1324 1725 1385 sit,
1750 1322 1925 1377 videri
1951 1339 2058 1376 non

500 1425 690 1484 potu.t,
727 1417 830 1471 nisi
859 1432 924 1470 eo
965 1425 1267 1486 assumpto,
1315 1416 1463 1486 quod
1500 1416 1671 1469 videri
1726 1424 1908 1484 posset
1938 1434 1953 1469 τ
1990 1417 2064 1469 ita

500 1523 621 1562 cum
653 1510 723 1561 sit
766 1509 1111 1574 immortalis,
1162 1522 1270 1561 non
1307 1507 1480 1577 potuit
1529 1507 1686 1571 mori,
1731 1508 1836 1561 nisi
1871 1523 1936 1561 eo
1970 1522 2065 1561 as-

498 1608 733 1669 sumpto,
763 1599 904 1669 quod
936 1607 1079 1654 esset
1110 1599 1354 1652 inm-tale.

567 1691 619 1744 4.
661 1691 834 1759 Apotl.
865 1690 1058 1745 Omnis
1089 1691 1251 1746 h0m0
1293 1699 1376 1745 est
1407 1700 1678 1745 terrenus.
1710 1689 1779 1743 At
1810 1689 2064 1744 Christus

499 1800 604 1837 non
631 1791 713 1838 est
742 1793 1008 1848 terrenus,
1036 1784 1129 1839 sed
1162 1785 1421 1838 caelestis.
1449 1783 1564 1836 Non
1596 1791 1680 1838 est
1706 1782 1871 1852 igitur
1903 1782 2064 1835 homo
2098 1758 2136 1813 υ

496 1871 748 1927 Christus
777 1892 795 1926 τ
833 1872 938 1926 nisi
988 1874 1147 1926 homo
1180 1872 1250 1925 sit
1283 1871 1382 1925 hoc
1420 1873 1594 1940 ipsum
1641 1870 1881 1925 nominis
1916 1884 2067 1923 com-

501 1963 757 2017 munione
795 1972 1027 2017 tantum.
1076 1962 1228 2019 ΟνιΙι.
1276 1963 1527 2017 Erratis;
1564 1978 1665 2016 nec
1707 1962 1852 2015 enim
1887 1962 2068 2015 omnis

499 2053 661 2105 homo
689 2062 772 2105 est
814 2061 1084 2118 terrenus,
1114 2070 1238 2108 eum
1271 2055 1463 2107 doceat
1498 2069 1597 2107 nos
1631 2052 1937 2121 Scriptura,
1971 2051 2070 2105 ho-

501 2145 675 2198 mines
712 2147 871 2198 etiam
908 2145 1141 2214 aliquos,
1170 2146 1270 2199 etsi
1308 2160 1413 2197 non
1452 2152 1664 2204 natura.
1692 2151 1745 2195 at
1772 2151 1919 2196 certe
1951 2158 2069 2195 mo-

503 2236 654 2290 ribus
690 2237 939 2290 cmlestes
971 2251 1093 2291 esse
1119 2276 1134 2299 ,
1182 2236 1433 2306 inquiens
1473 2254 1486 2288 :
1528 2253 1545 2285 ι
1577 2234 1765 2300 Qualis
1813 2235 1903 2287 ille
1954 2248 2068 2287 cae-

500 2327 683 2390 lestis,
732 2330 873 2383 tales
917 2339 971 2383 et
1009 2330 1260 2384 caelestes
1285 2330 1352 2383 ⁸⁹.
1383 2348 1401 2379 ι
1451 2327 1561 2383 Nos
1607 2342 1737 2381 vero
1787 2326 2065 2380 Christum

500 2419 728 2473 univoce
760 2420 1031 2474 hominem
1075 2420 1309 2473 dicimus
1356 2419 1610 2472 humanae
1636 2425 1848 2471 natura:
1883 2432 2070 2486 respe-

498 2520 611 2565 ctu.
657 2510 783 2563 ltem
828 2509 1284 2578 quemadmodum
1341 2524 1465 2560 tum
1517 2507 1722 2560 homini
1771 2505 2067 2560 tribuimus

500 2600 753 2656 animalis
799 2616 1026 2661 nomen,
1061 2600 1248 2655 eadem
1285 2601 1489 2652 utimur
1522 2614 1674 2660 voce,
1723 2608 1885 2668 atque
1919 2597 1963 2653 si
2001 2598 2069 2651 de

494 2707 639 2762 equo
685 2698 766 2745 vel
809 2691 1064 2760 quopiam
1111 2691 1218 2744 alio
1253 2690 1473 2742 animali
1517 2703 1700 2742 sermo
1746 2695 1921 2750 esset,
1968 2702 2069 2740 nec

500 2792 678 2837 tamen
730 2783 977 2851 protinus
1020 2781 1253 2850 quodvis
1299 2781 1499 2835 animal
1546 2787 1629 2833 est
1672 2779 1835 2833 etiam
1894 2777 2070 2831 ratio-

497 2877 660 2933 nale:
695 2876 767 2930 ita
799 2875 961 2930 etiam
994 2874 1277 2929 Christum
1316 2873 1546 2926 univoce
1589 2873 1928 2943 appellamus
1971 2870 2071 2922 ho-

499 2967 720 3029 minem,
752 2979 858 3019 non
891 2975 1070 3019 tamen
1102 2963 1353 3033 protinus
1392 2962 1571 3032 quivis
1608 2963 1769 3014 homo
1799 2968 1883 3014 est
1908 2958 2070 3013 Clui-

2171 506 2398 574 κόσμου,
2434 503 2545 577 ἄρῃ
2572 503 2669 572 τὴν
2704 500 2975 571 ἁμαρτίαν
3002 499 3093 552 τοῦ
3125 499 3348 569 κόσμου,
3381 497 3457 560 ὡς
3480 497 3749 568 δημιουρ-

2166 598 2261 665 γὸς
2281 597 2372 649 τοῦ
2395 597 2620 665 κόσμου.

2241 690 2294 742 5.
2335 689 2579 741 Ἀπολλ.
2610 687 2723 750 Πᾶς
2769 684 3051 756 ἅνθρωπος
3088 684 3191 736 ὑπὸ
3233 682 3490 736 Θάνατον·
3526 680 3625 733 καὶ
3660 680 3752 732 οὖ-

2168 781 2299 844 δεὶς,
2335 780 2438 833 ὑπὸ
2467 779 2692 833 Θάνατον
2723 779 2819 839 ὢν,
2852 781 3118 849 καταργεῖ
3148 777 3393 830 θάνατον.
3429 773 3671 845 Χριστὸς
3694 774 3749 825 δὲ

2169 875 2464 943 καταργεῖ·
2499 871 2598 924 οὐκ
2645 872 2752 942 ἄρα
2785 869 3065 940 ἄνθρωπος
3097 872 3127 922 6
3159 869 3409 940 Χριστός.
3456 869 3612 934 Ὀρθ.
3651 865 3749 917 Διὰ

2168 962 2235 1031 γά
2247 980 2277 1033 ρ
2314 962 2487 1024 τοῦτο,
2524 962 2708 1032 ἐπειδὴ
2739 961 2912 1024 οὐδεὶς
2947 959 3245 1030 ἀνθρώπων
3287 961 3557 1030 καταργεῖ
3584 958 3750 1011 θάνα-

2167 1071 2279 1117 τον,
2316 1054 2419 1106 ὑπὸ
2444 1054 2669 1107 θάνατον
2697 1050 2792 1114 ὣν,
2826 1054 2854 1105 6
2878 1052 3139 1115 ἀθάνατος
3167 1052 3263 1105 τοῦ
3292 1051 3425 1104 Θεοῦ
3456 1051 3610 1114 Υἱὸς,
3642 1049 3748 1103 Λό-

2167 1163 2261 1215 γος
2287 1145 2361 1197 ὢν
2382 1147 2472 1198 καὶ
2496 1144 2647 1206 Θεὸς,
2675 1145 2880 1214 ἥνωσεν
2908 1143 3084 1214 ἑαυτῷ
3113 1143 3174 1196 τὸ
3202 1143 3306 1195 ὑπὸ
3331 1143 3584 1205 Θάνατον,
3615 1160 3636 1192 ι
3662 1142 3748 1193 ἵνα

2168 1240 2224 1289 ὲν
2248 1237 2323 1307 τῷ
2349 1237 2562 1306 Θανάτῳ
2582 1237 2671 1288 τὸν
2700 1236 2762 1289 τὸ
2792 1236 2989 1306 κράτος
3011 1235 3201 1305 ἔχοντα
3228 1234 3323 1287 τοῦ
3353 1234 3589 1287 Θανάτου
3617 1251 3749 1285 κατ-

2168 1334 2405 1400 αργήσῃ.
2438 1349 2456 1379 ι
2497 1329 2584 1392 Ὠς
2616 1328 2723 1399 γὰρ
2765 1329 2863 1381 οὐκ
2904 1327 3134 1397 ἠδύνατο
3175 1328 3402 1396 ἀόρατος
3432 1325 3507 1378 ὢν
3541 1325 3745 1396 ὀραθῆ-

2168 1438 2276 1482 ναι,
2317 1420 2389 1491 μὴ
2431 1420 2609 1474 λαϐὼν
2636 1421 2695 1473 τὸ
2734 1420 2927 1491 ὁρατόν
2949 1435 2963 1449 ·
2994 1419 3165 1481 οὕτως
3197 1418 3316 1471 οὐδὲ
3352 1418 3587 1486 ἠδύνατο
3622 1416 3747 1470 ἀθά-

2168 1528 2326 1574 νατος
2350 1509 2423 1563 ὢν
2452 1510 2761 1576 ἀποθανεῖν,
2800 1511 2874 1582 μὴ
2907 1508 3085 1563 λαὸὼν
3113 1509 3173 1562 τὸ
3200 1509 3404 1579 θνητόν.

2238 1684 2292 1740 4.
2341 1686 2585 1740 Ἀπολλ.
2617 1687 2732 1751 Πᾶς
2778 1685 3061 1759 ἄνθρωπος
3092 1686 3289 1756 χοϊκός.
3321 1686 3561 1756 Χριστὸς
3588 1686 3644 1739 δὲ
3683 1688 3743 1738 οὐ

2165 1776 2364 1846 χοῖκὸς,
2395 1775 2509 1828 ἀλλ’
2544 1776 2893 1848 ἐπουράνιοςο
2938 1778 3038 1830 οὐκ
3076 1775 3183 1845 ἄρα
3211 1774 3495 1846 ἄνθρωπος
3540 1777 3569 1827 ὁ
3614 1777 3745 1845 Χρι-

2168 1868 2327 1930 στός·
2374 1869 2422 1920 εί
2483 1867 2559 1938 μὴ
2602 1869 2908 1939 ὁμωνύμως
2952 1868 3013 1921 τὸ
3054 1869 3183 1922 αὐτὸ
3229 1867 3388 1921 τοῦτο
3431 1870 3741 1940 ἄνθρωπος.

2178 1958 2329 2023 Ὀρθ.
2356 1958 2664 2011 Πλανᾶσθεο
2695 1960 2754 2011 οὐ
2784 1959 2890 2031 γάρ
2918 1961 3022 2023 πᾶς
3050 1958 3331 2031 ἄνθρωπος
3370 1959 3574 2028 χοϊκός.
3614 1959 3746 2011 Ἐδίο

2164 2048 2285 2115 δαξε
2310 2049 2417 2122 γὰρ
2445 2052 2592 2121 ἡμᾶς
2620 2054 2652 2122 ἡ
2677 2052 2866 2124 Γραφὴ
2898 2055 2990 2105 καὶ
3024 2053 3373 2124 ὲπουρανίους
3399 2051 3745 2123 ἀνθρώπους,

2166 2143 2215 2194 εἰ
2243 2144 2335 2195 καὶ
2366 2145 2440 2215 μὴ
2463 2146 2528 2213 τῇ
2560 2144 2738 2213 φύσει,
2774 2145 2911 2199 ἀλλὰ
2935 2146 3013 2216 τῷ
3036 2146 3240 2216 τρόπῳ,
3282 2146 3517 2214 λέγουσα
3537 2162 3551 2175 ·
3592 2140 3748 2208 (Dio;

2167 2236 2195 2287 6
2225 2235 2567 2306 ἐπουράνιος,
2602 2236 2832 2290 τοιοῦτοι
2866 2238 3035 2291 καὶοὶ
3072 2239 3404 2310 ἐπουράνιοι.
3441 2258 3460 2290 ι
3499 2240 3751 2293 Συνωνύι

2172 2343 2286 2396 μως
2328 2325 2385 2378 δὲ
2425 2328 2585 2397 ἡμεῖς
2611 2327 2703 2381 τὸν
2737 2330 2970 2400 Χριστὸν
3009 2330 3294 2402 ἄνθρωπον
3336 2331 3577 2401 λέγομεν
3611 2334 3750 2385 κατὰ

2166 2417 2265 2488 τὴν
2307 2418 2718 2491 άνθρωπότητα.
2757 2422 2866 2474 Καὶ
2907 2421 3094 2494 ὥσπερ
3137 2420 3275 2486 ζῶον
3320 2422 3413 2475 τὸν
3460 2424 3749 2495 ἄνθρωπον

2167 2507 2436 2576 λέγοντες.
2475 2511 2801 2581 συνωνύμως
2824 2513 2901 2583 τῷ
2932 2514 3080 2583 ἵππῳ
3106 2513 3138 2584 ἢ
3175 2515 3266 2567 καὶ
3297 2513 3469 2585 ἑτέρῳ
3506 2515 3622 2568 τινὶ
3647 2514 3750 2567 τῶν

2170 2598 2322 2664 ζώων
2352 2600 2601 2671 λέγομεν,
2638 2604 2698 2655 οὐ
2736 2604 2951 2667 πάντως
2974 2605 3030 2657 δὲ
3059 2606 3153 2658 καὶ
3187 2604 3402 2672 λογικὸν
3432 2607 3543 2658 πᾶν
3577 2605 3746 2668 ζῶον·

2169 2691 2342 2756 οὕτως
2373 2694 2464 2746 καὶ
2497 2694 2590 2747 ἐὰν
2633 2694 2877 2766 εἴπωμεν
2903 2695 3230 2767 συνωνύμως
3262 2697 3352 2750 τὸν
3386 2698 3629 2767 Χριστὸν
3662 2698 3751 2751 ἇν-

2170 2781 2405 2852 θρωπον,
2456 2784 2516 2835 οὐ
2566 2785 2781 2848 πάντως
2838 2788 2947 2849 πᾶς
2995 2786 3277 2857 ἄνθρωπος
3332 2787 3591 2858 Χριστός.
3643 2791 3750 2841 Καὶ

2171 2873 2359 2946 ὥσπερ
2402 2876 2462 2929 τὸ
2501 2877 2918 2947 συνταττόμενον
2963 2878 3071 2949 (86)
3104 2879 3318 2947 λογικὸν
3359 2880 3437 2950 τῷ
3480 2880 3609 2951 Cv.ch
3655 2885 3748 2936 άνο

2173 2965 2387 3036 Θρωπός
2416 2970 2584 3031 ἐστιν,
2609 2969 2708 3021 οὐκ
2734 2970 3033 3041 ἀναιρεῖται
3058 2970 3195 3034 ζῶον
3220 2968 3388 3025 εἶναι’
3420 2972 3600 3036 οὕτως
3632 2990 3751 3026 συν-

498 3066 636 3111 stus.
663 3056 794 3111 Item
837 3055 980 3110 sicut
1018 3054 1282 3107 rationale
1305 3069 1428 3106 etun
1463 3052 1685 3105 animali
1715 3050 2067 3120 conjunctum

2179 3058 2496 3128 ταττόμενος
2532 3060 2682 3124 Θεὸς,
2713 3062 2806 3116 καὶ
2837 3063 3333 3132 συμπιπευόμενος
3365 3061 3575 3133 λογικῷ
3606 3062 3747 3133 ζώω,

500 3149 661 3201 homo
700 3146 945 3209 exs‘stit,
991 3160 1091 3199 nec
1145 3143 1379 3206 tollitur,
1416 3142 1559 3211 quod
1595 3143 1666 3197 sit
1717 3143 1963 3198 animal:
1995 3142 2069 3194 ita

2179 3148 2407 3218 Χριστὸς
2440 3150 2775 3219 ὁμολογεῖται
2817 3154 2909 3205 καὶ
2944 3152 3283 3207 πιστεύεται·
3313 3153 3407 3206 καὶ
3447 3155 3553 3206 οὐκ
3597 3156 3749 3206 avai-

499 3241 642 3296 Deus
691 3239 1019 3305 conjunctus
1062 3244 1115 3290 et
1150 3250 1256 3288 una
1288 3235 1526 3289 creditus
1559 3250 1682 3287 eum
1719 3234 1936 3287 animali
1982 3248 2072 3287 ra-

500 3331 690 3385 tionali
722 3329 1034 3398 agnoscitur
1060 3336 1113 3380 et
1146 3326 1391 3380 creditur
1419 3340 1542 3380 esse
1580 3325 1856 3387 Christus,
1897 3340 2072 3393 neque

2178 3240 2357 3313 ρεῖταο
2381 3240 2665 3311 ἄνθρωπος
2694 3238 2853 3308 εἶναι,
2892 3243 3005 3296 ἀλλ’
3035 3243 3181 3297 ἐστιν
3221 3246 3251 3297 6
3292 3243 3455 3308 αὐτὸς
3492 3243 3632 3308 Θεὸς
3661 3260 3750 3298 και

2178 3328 2271 3381 ἄνθ
2280 3347 2477 3400 ρωπος.

501 3422 729 3484 tillitur,
776 3418 919 3487 quod
981 3419 1052 3473 sit
1106 3419 1296 3473 inuno.
1343 3417 1436 3471 sed
1492 3416 1633 3470 idem
1687 3425 1771 3471 est
1820 3416 1964 3471 Deus
2007 3428 2060 3471 et
2090 3417 2270 3473 homo.

572 3514 624 3568 5.
663 3514 836 3581 Apoll.
867 3510 967 3577 Qui
1001 3511 1094 3562 dat
1135 3517 1465 3579 potestatem
1507 3518 1567 3562 ut
1594 3509 1718 3579 quis
1763 3510 1856 3563 ﬁat
1898 3509 2071 3565 Filius

502 3607 617 3669 Dei,
637 3618 972 3675 nequaquam
998 3609 1051 3655 et
1078 3603 1192 3670 ipse
1216 3601 1395 3655 factus
1416 3609 1498 3656 est
1522 3600 1710 3655 Filius.
1728 3601 1795 3654 At
1816 3601 2071 3656 Christus

500 3701 611 3755 dat.
647 3696 766 3751 Non
796 3704 880 3751 est
908 3695 1069 3764 igitur
1103 3693 1280 3747 factus
1318 3690 1508 3754 Filius,
1539 3692 1639 3747 sed,
1671 3700 1865 3745 natura
1895 3691 2067 3747 Filius

500 3800 605 3847 est.
639 3788 793 3846 Orth.
835 3786 955 3840 Non
998 3792 1083 3841 est
1133 3801 1266 3839 sane
1317 3783 1514 3845 lactus,
1562 3784 1657 3837 sed
1709 3793 1906 3838 natura
1956 3795 2074 3838 erat

502 3882 673 3937 Filius
710 3880 822 3936 Dei.
871 3877 1070 3932 Factus
1102 3886 1186 3931 est
1236 3884 1416 3931 autem
1466 3874 1636 3931 Filius
1674 3875 1933 3931 hominis.
1962 3875 2073 3930 Nec

501 3976 643 4030 enim
677 3972 728 4027 id
761 3981 898 4034 erat,
925 3977 979 4025 et
1026 3969 1201 4024 factus
1233 3977 1315 4023 est
1359 3966 1504 4036 quod
1536 3983 1644 4021 non
1688 3976 1840 4026 erat.
1884 3976 1941 4022 ut
1979 3983 2074 4037 per

501 4081 625 4120 eum
662 4065 713 4117 id
749 4062 1084 4119 eliiceremur
1114 4060 1380 4123 moribus,
1404 4059 1548 4128 quod
1581 4060 1695 4128 ipse
1723 4068 1806 4114 est
1836 4070 2027 4117 natura
2058 4078 2071 4113 :

501 4163 693 4224 estque
723 4152 864 4206 idem
898 4150 1036 4205 Deus
1064 4159 1117 4204 ct
1147 4149 1328 4208 homo.

574 4247 625 4298 ϋ.
659 4244 837 4313 Apoll.
888 4241 1083 4297 Nullus
1137 4242 1302 4299 homo
1353 4241 1572 4294 exsistit
1627 4249 1753 4295 ante
1801 4256 1928 4306 eos,
1981 4241 2073 4311 qui

499 4342 660 4390 mtate
710 4335 885 4402 ipsum
938 4332 1248 4402 praecedunt
1296 4330 1599 4387 :Cbristus
1647 4339 1826 4384 autem
1868 4333 2077 4389 exstitit

2250 3514 2303 3569 5.
2343 3515 2587 3575 Ἀπολλ.
2628 3520 2684 3573 Ὁ
2725 3519 2900 3582 διδοὺς
2944 3516 3188 3582 ἐξουσίαν
3219 3518 3380 3570 τέκνα
3421 3516 3563 3571 Θεοῦ
3606 3517 3757 3587 γερέ-

2181 3606 2323 3670 σοαι,
2350 3607 2470 3677 οὐχὶ
2496 3609 2589 3660 καὶ
2609 3607 2770 3671 αὐτὸς
2800 3608 3008 3676 γέγονε.
3038 3607 3269 3677 Χριστὸς
3293 3606 3351 3659 δὲ
3375 3606 3594 3659 δίδωσιν
3612 3625 3625 3637 ·
3656 3610 3757 3661 οὐχ

2178 3696 2288 3766 ἄρα
2324 3698 2544 3766 γέγονεν
2570 3699 2717 3762 Υἱὸς,
2764 3699 2876 3752 ἀλλ’
2918 3699 3034 3751 ἔστι
3075 3702 3139 3769 τῇ
3192 3697 3372 3767 φύσει.
3427 3698 3588 3766 Ὀρθ.
3630 3699 3758 3763 Υἱὸς

2178 3786 2312 3839 Θεοῦ
2346 3788 2406 3839 οὐ
2440 3787 2679 3855 γέγονεν,
2711 3787 2824 3845 ἀλλ’
2858 3783 2925 3857 ἦν
2964 3789 3031 3858 τῇ
3063 3786 3239 3855 φύσει.
3275 3786 3402 3849 Υἱὸς
3436 3786 3494 3839 δὲ
3542 3787 3758 3859 ἀνθρώ-

2178 3894 2280 3929 που
2333 3878 2573 3945 γέγονεν.
2613 3878 2687 3931 υὺ
2726 3878 2834 3948 γὰρ
2884 3873 2972 3948 ἦν,
3027 3878 3119 3929 καὶ
3165 3877 3382 3944 ἐγένετο
3433 3876 3463 3929 ὸ
3509 3878 3617 3931 οὐκ
3670 3874 3757 3947 ἦν,

2179 3970 2264 4021 ῖνα
2301 3971 2448 4039 ἡμᾶς
2487 3967 2563 4043 τῷ
2607 3969 2790 4039 τρόπῳ
2835 3969 3036 4041 ποιήσῃ
3086 3968 3358 4036 γενέσθαι,
3412 3968 3443 4019 ὃ
3494 3969 3663 4033 αὐτὸς
3694 3966 3759 4039 ἦν

2177 4063 2271 4115 καὶ
2300 4062 2412 4114 ἐστι
2444 4064 2521 4137 τῇ.
2550 4059 2709 4131 φύσει
2732 4076 2745 4089 ·
2783 4061 2877 4117 καὶ
2908 4059 3054 4113 ἐστιν
3096 4062 3125 4113 6
3155 4060 3315 4124 αὐτὸς
3361 4060 3495 4124 Θεὸς
3528 4061 3629 4113 καὶ
3671 4061 3761 4114 ἄν·

2178 4153 2206 4207 θ
2213 4170 2394 4225 ρωπος

2247 4243 2299 4296 6.
2373 4244 2617 4296 Ἀπολλ..
2671 4240 2858 4304 Οὐδεὶς
2899 4240 3199 4312 ἀνθρώπων
3244 4239 3595 4311 προῦπάρχει
3653 4240 3759 4293 τῶν

2181 4332 2566 4406 πρεσϐυτέρων
2609 4330 2806 4388 αὑτοῦ·
2859 4331 3090 4407 Χριστὸς
3144 4330 3202 4383 δὲ
3251 4330 3605 4400 προῦπάρχει
3655 4330 3763 4382 τῶν

504 4436 629 4481 ante
657 4441 775 4487 eos,
817 4426 908 4494 qui
943 4425 1241 4480 secundum
1276 4438 1497 4478 carnem
1541 4425 1719 4499 ipsum
1752 4432 1908 4479 aetate
1938 4440 2069 4493 pra:-

2180 4425 2319 4479 κατὰ
2351 4424 2526 4495 σάρκα
2551 4420 2935 4495 πρεσϐυτέρων
2959 4440 2972 4452 ·
3002 4423 3102 4477 οὐκ
3132 4423 3237 4493 ἄρα
3264 4420 3578 4491 ἄνθρωπος,
3609 4423 3659 4473 εἰ
3687 4420 3756 4489 μή

504 4524 810 4571 cesserunt.
858 4516 975 4570 Non
1023 4525 1107 4570 est
1161 4517 1326 4585 igitur
1370 4516 1561 4578 homo,
1616 4517 1720 4570 nisi
1773 4516 2075 4570 secundum

504 4626 747 4664 carnem.
774 4607 923 4664 Orth.
945 4610 1216 4669 Christus,
1246 4611 1289 4663 si
1323 4609 1617 4661 humanam
1664 4615 1915 4661 naluram
1962 4624 2079 4675 spe-

504 4711 639 4765 ctes,
668 4717 776 4755 non
799 4702 1014 4755 exsistit
1043 4710 1168 4754 ante
1193 4717 1306 4761 eos,
1334 4700 1424 4769 qui
1458 4699 1763 4754 secundum
1787 4698 2078 4755 humanam

504 4804 757 4852 naturam
791 4793 1009 4848 fuerunt
1054 4793 1172 4860 ipso
1206 4792 1487 4846 seniores:
1531 4791 1625 4844 sed
1658 4789 1802 4858 quod
1848 4790 1914 4843 ad
1958 4788 2078 4841 dei-

501 4895 671 4944 tatem
703 4888 924 4950 attinet,
958 4886 1167 4939 exstitit
1202 4900 1307 4937 non
1346 4884 1507 4937 modo
1539 4891 1665 4936 ante
1712 4897 1827 4946 eos,
1860 4882 1954 4950 qui
1990 4896 2077 4936 se-

503 4980 745 5038 cundum
797 4995 1017 5033 carnem
1090 4976 1312 5033 inerunt
1367 4976 1486 5044 ipso
1533 4976 1812 5041 seniores,
1858 4991 2077 5028 verum-

502 5075 665 5127 etiam
697 5082 823 5126 ante
863 5069 1049 5125 omnia
1079 5069 1300 5129 sarcina,
1342 5076 1399 5120 ut
1441 5067 1532 5135 qui
1568 5068 1639 5121 sit
1680 5082 1869 5121 eorum
1910 5065 2071 5119 Deus.

508 5167 651 5237 Ergo
676 5183 785 5221 non
815 5165 914 5218 fuit
942 5163 1195 5218 Christus
1234 5170 1360 5218 ante
1391 5160 1638 5221 Mariam,
1675 5160 1822 5229 quod
1856 5158 1921 5212 ad
1954 5174 2076 5211 car-

504 5275 631 5319 nem
661 5261 873 5314 attinet.
901 5254 1186 5323 Quomodo
1216 5254 1361 5308 enim
1392 5260 1518 5307 ante
1548 5253 1720 5322 ipsam
1768 5252 2074 5317 exstiterit,

577 5458 623 5497 so
662 5456 826 5513 ῃειη..
868 5464 940 5516 η,
980 5455 1066 5509 1.5,
1144 5455 1188 5484 ⁸³
1228 5452 1245 5506 Ι
1279 5453 1386 5507 (‘0?
1448 5468 1537 5519 xv,
1569 5452 1638 5507 48

581 5650 687 5720 (86)
719 5651 869 5705 Palat
898 5690 913 5715 ,
952 5652 1011 5705 τὸ
1044 5650 1231 5725 ὥσπερ
1269 5650 1708 5721 συνταττόμενον.

2177 4517 2319 4572 κατὰ
2352 4518 2551 4587 σάρκα.
2597 4517 2751 4583 Ὀρθ.
2783 4515 3016 4586 Χριστὸς
3053 4513 3193 4567 κατά
3232 4513 3331 4583 τὴν
3363 4512 3758 4584 ἀνθρωπότητα

2178 4611 2239 4662 οὑ
2279 4608 2620 4680 προῦπάρχει
2649 4606 2758 4659 τῶν
2792 4606 2930 4659 κατὰ
2963 4606 3059 4675 τὴν
3086 4605 3482 4675 ἀνθρωπότητα
3523 4605 3753 4676 πρεσϐυ-

2177 4704 2351 4774 τέρων
2398 4702 2596 4755 αὐτοῦ’
2632 4701 2979 4772 προῦπάρχει
3018 4700 3073 4757 δὲ
3119 4700 3261 4756 κατὰ
3290 4698 3386 4768 τὴν
3429 4698 3667 4770 θεότητα
3699 4698 3753 4751 οὗ

2179 4797 2285 4847 τῶν
2322 4796 2461 4848 κατὰ
2490 4795 2668 4866 σάρκα
2696 4793 3082 4865 πρεσϐυτέρων
3120 4792 3227 4861 (8Ἱ)
3272 4792 3458 4860 μόνον,
3496 4793 3635 4845 ἀλλὰ
3671 4792 3756 4843 καὶ

2180 4888 2396 4945 πάντων
2420 4887 2528 4939 τῶν
2567 4884 2799 4948 αἰώνων,
2831 4884 2962 4944 Θεὸς
2990 4884 3064 4937 ὢν
3095 4883 3294 4938 αὐτῶν.
3335 4883 3450 4940 Οὐκ
3489 4884 3603 4954 ἄρα
3632 4885 3755 4951 Χρι⁶

2181 4978 2303 5042 στὸς
2334 4977 2475 5031 κατὰ
2527 4977 2705 5048 σάρκα
2750 4977 2855 5048 πρὸ
2891 4976 2992 5043 τῆς
3027 4975 3263 5045 Μαρίας.
3300 4975 3426 5037 Πῶς
3459 4975 3575 5045 γάρ
3614 4976 3671 5027 τὸ
3706 4973 3759 5035 ἐξ

2178 5070 2344 5139 αὐτῆς
2381 5068 2460 5131 ὃν,
2494 5067 2599 5139 πρὸ
2632 5067 2801 5136 αὐτῆς
2831 5066 3097 5135 ὑπάρχεις
3133 5064 3482 5137 προϋπάρχει
3511 5065 3571 5118 δὲ
3601 5064 3756 5132 αὐτῆς

2180 5157 2397 5221 θεῖκῶς,
2432 5157 2565 5221 Θεὸς
2595 5157 2669 5209 ὢν
2714 5156 2884 5225 αὐτῆς
2902 5173 2916 5185 ·
2948 5156 3041 5208 καὶ
3066 5154 3212 5207 ἔστιν
3246 5157 3274 5207 6
3303 5155 3502 5221 αὐτὸς,
3527 5157 3606 5220 ὡς
3635 5155 3756 5214 Bal;

2182 5250 2571 5322 προῡπάρχων,
2603 5251 2695 5303 καὶ
2724 5249 2799 5313 ὡς
2822 5248 3107 5319 ἄνθρωπος
3135 5246 3197 5318 ἐξ
3216 5249 3408 5319 αὐτῆς,

2256 5648 2367 5717 (δέ)
2400 5644 2789 5718 Πρεσᾶυτέρων
2813 5644 2964 5700 abest
2992 5657 3021 5697 a
3050 5657 3189 5696 mss.
