3850 6226
162 366 189 419 1
202 366 305 423 239

1150 373 1238 430 DE
1277 375 1549 433 SANCTA
1589 378 1963 435 TlthlTATE
2003 378 2344 436 DIALOCUS
2384 379 2448 436 ν.

3265 380 3402 435 12Το

161 481 314 549 quod
342 496 409 535 ex
449 474 715 550 ipsa'est?
755 482 861 540 Sen
899 495 1172 556 quatenus
1206 490 1351 547 Deus
1374 503 1479 560 est,
1525 494 1734 549 exstitit
1771 502 1897 550 ante
1925 496 2120 566 ipsam,
2150 511 2273 551 eum
2304 496 2375 550 sit
2409 495 2582 565 ipsius
2612 493 2791 548 Deus:
2860 504 3051 564 estque
3114 490 3253 548 idem
3286 502 3410 547 ante

165 570 345 640 ipsam
375 578 435 623 ut
472 570 638 636 Deus,
667 580 722 627 et
752 589 818 628 ex
855 576 994 645 ipsa,
1021 586 1083 632 ut
1111 578 1296 635 homo.

244 666 297 721 7.
339 667 581 723 Ἀπολλ.
635 669 821 733 Οὐδεὶς
871 672 1174 744 ἀνθρώπων
1225 677 1333 747 πρὸ
1383 677 1491 731 τῶν
1535 678 1747 732 αἰώνων

1917 673 1972 729 7.
2016 672 2196 739 Apoll.
2228 671 2424 728 Nullus
2465 672 2629 726 homo
2676 672 2839 727 habet
2877 673 3103 744 gloriam
3148 683 3273 730 ante
3311 693 3414 733 sae-

168 756 285 829 ἔχει
322 756 498 824 δόξαν.
538 761 770 830 Χριστὸς
813 762 873 815 δὲ
915 762 1055 834 ἔχει’
1101 767 1202 820 οὐκ
1240 766 1351 837 ἄρα
1397 768 1682 839 ἄνθρωπος
1714 770 1744 822 6

168 848 425 919 Χριστός.
468 850 619 918 Ὀρθ.
647 852 836 916 Οὐδεὶς
872 852 979 925 γὰρ
1012 854 1312 926 ἀνθρώπων
1341 858 1446 929 πρὸ
1472 857 1581 911 τῶν
1611 857 1742 912 αἰώ-

168 955 282 992 νων
306 937 471 991 ἐστίν.
495 940 731 1011 Χριστὸς
758 941 817 994 δὲ
839 942 979 996 κατὰ
1000 943 1097 1014 τὴν
1120 944 1346 1016 θεότητα
1365 946 1472 1017 πρὸ
1491 945 1598 1000 τῶν
1623 945 1745 1000 αἰώ-

171 1048 302 1089 νων,
332 1029 459 1095 Υἰὸς
486 1030 561 1084 ὢν
608 1034 702 1088 καὶ
745 1034 879 1098 Θεὸς
925 1036 1018 1088 καὶ
1049 1037 1347 1109 Δεσπότης,
1389 1038 1611 1102 εἰκότως
1637 1038 1745 1110 πρὸ

152 1119 286 1174 τῶν
324 1120 532 1175 αἰώνων
563 1123 675 1193 ἔχει
708 1124 861 1189 δόξαν
892 1143 906 1157 ·
942 1126 1147 1197 Κύριος
1174 1127 1331 1200 δόξης
1357 1128 1432 1183 ὢν
1462 1130 1604 1183 κατὰ
1644 1129 1747 1198 φύ-

175 1230 285 1277 σιν,
330 1214 561 1282 Χριστὸς
592 1215 649 1268 δὲ
676 1215 913 1286 κληθεὶς,
955 1218 1045 1272 διὰ
1073 1219 1133 1273 τὸ
1178 1220 1389 1292 μορφὴν
1433 1222 1616 1276 δούλου
1652 1222 1748 1276 λα-

174 1303 317 1357 ῦεῖν.
347 1304 404 1358 Ὁ
431 1304 524 1357 νῦν
545 1302 639 1358 οὖν
668 1307 886 1377 κληθεὶς
916 1310 1169 1381 Χριστὸς,
1205 1314 1299 1365 καὶ
1327 1312 1492 1378 λίθος,
1514 1314 1608 1367 καὶ⁵
1636 1330 1748 1367 ποι-

180 1395 311 1466 μὴν,
334 1397 426 1449 καὶ
454 1397 670 1461 κόκκος,
704 1400 797 1451 καὶ
819 1398 977 1463 ἄνθος
1000 1401 1218 1473 ῥάϐδου,
1244 1403 1340 1457 καὶ
1380 1405 1435 1457 Ἐ
1444 1405 1743 1476 μμανουὴλ,

177 1486 278 1539 καὶ
312 1487 540 1557 Ἰησοῦς,
564 1488 657 1541 καὶ
677 1488 978 1561 ἄνθρωπος,
1002 1492 1095 1546 καὶ
1123 1496 1251 1557 παῖς
1279 1493 1632 1566 δωδεκαετὴς,
1658 1496 1752 1548 καὶ

178 1581 603 1651 τριακονταετὴς
629 1580 735 1651 (88)
767 1582 1005 1650 γεγονὼς
1031 1583 1119 1638 διὰ
1146 1585 1245 1657 τὴν
1272 1586 1407 1656 πρὸς
1435 1585 1752 1659 ἀνθρώπους

176 1670 515 1739 οἰκονομίαν,
550 1672 650 1724 καὶ
684 1672 790 1742 πρὸ
814 1673 922 1726 τῶν
946 1675 1156 1729 αἰώνων
1180 1676 1334 1741 Θεὸς,
1366 1679 1460 1732 καὶ
1482 1679 1578 1733 νῦν
1618 1679 1756 1750 μετὰ

177 1760 246 1812 τὸ
275 1760 447 1814 ταῦτα
475 1762 730 1829 γενέσθαι
770 1764 967 1834 μένων,
1003 1765 1032 1819 ὃ
1069 1763 1160 1838 ἦν,
1189 1767 1300 1838 ἔχει
1329 1768 1485 1834 δόξαν
1515 1770 1621 1841 πρὸ
1647 1770 1754 1824 τῶν

179 1849 418 1913 αἰώνων,
441 1852 573 1916 Θεὸς
599 1851 674 1907 ὣν
703 1856 766 1908 ὲκ
793 1848 958 1909 Θεοῦ,

1842 764 1965 818 cula
1994 782 2010 818 :
2044 764 2208 818 habet
2237 771 2417 819 autem
2449 763 2720 818 Christus.
2754 762 2874 817 Non
2920 770 3005 818 est
3049 763 3212 834 igitur
3248 765 3413 821 homo

1842 855 2113 910 Christus.
2147 852 2299 909 Orth.
2322 853 2516 910 Nullus
2536 856 2679 910 enim
2708 853 2871 908 homo
2901 852 3004 908 fuit
3033 861 3158 909 ante
3191 857 3409 911 saecula.

1843 944 2098 1000 Christus
2131 959 2278 1005 vero,
2322 943 2466 1013 quod
2501 942 2569 996 ad
2618 941 2874 997 deitatem
2916 943 3142 1006 attinet,
3186 960 3310 998 cum
3343 947 3416 1000 sit

1845 1044 1974 1092 ante
2017 1035 2200 1090 omnia
2236 1035 2435 1090 saecula
2465 1032 2668 1098 Filius,
2717 1041 2772 1089 et
2803 1032 2981 1098 Deus,
3026 1042 3080 1089 et
3126 1034 3413 1102 Dominus,

1847 1126 2044 1182 merito
2075 1127 2303 1197 gloriam
2333 1125 2522 1180 habuit
2551 1133 2678 1181 ante
2718 1125 2917 1180 saecula
2956 1144 2969 1180 :
3005 1125 3267 1182 Dominus
3299 1128 3416 1198 glo-

1844 1216 1941 1272 riae
1985 1217 2240 1271 nimirum
2285 1222 2502 1280 natura,
2550 1215 2805 1273 Christus
2836 1223 3015 1270 autem
3063 1225 3309 1280 vocatus,
3350 1232 3416 1272 eo
3470 1268 3477 1281 ,

1844 1307 1989 1379 quod
2021 1307 2163 1362 servi
2197 1305 2427 1361 formam
2461 1308 2746 1377 acceperit.
2777 1308 2963 1377 Itaque
3004 1307 3097 1377 qui
3136 1324 3282 1363 nunc
3315 1323 3415 1363 vo-
3460 1350 3463 1351 ν

1847 1405 2003 1453 catur
2022 1397 2273 1453 Christus
2294 1406 2348 1452 et
2366 1396 2524 1468 lapis,
2543 1403 2597 1451 et
2618 1404 2826 1468 pastor,
2842 1404 2897 1452 et
2917 1411 3165 1467 granum,
3183 1406 3237 1454 et
3254 1397 3423 1471 ιω

1848 1487 1949 1543 llos
1974 1489 2160 1558 virgae,
2181 1494 2237 1542 et
2258 1486 2607 1552 Emmanuel,
2628 1495 2682 1541 et
2708 1481 2888 1552 Jesus,
2908 1493 2963 1541 et
2988 1486 3171 1550 homo,
3201 1494 3254 1542 et
3281 1488 3420 1541 due-

1848 1578 2026 1635 decim
2051 1574 2319 1633 annorum
2348 1592 2502 1647 puer,
2527 1585 2583 1632 et
2612 1575 2840 1647 triginta
2868 1590 3138 1630 annorum
3166 1575 3258 1629 illa
3287 1589 3415 1646 qua

1848 1672 2100 1727 homines
2143 1668 2371 1739 respicit
2418 1668 2726 1723 meonomia
2775 1665 2989 1734 factus,
3033 1673 3117 1722 est
3164 1673 3219 1721 et
3268 1664 3415 1721 Deus
3492 1704 3497 1709 ι

1852 1770 1979 1817 ante
2006 1762 2244 1818 saecula:
2283 1768 2338 1816 et
2367 1776 2515 1816 nunc
2544 1767 2832 1831 postquam
2865 1759 2958 1813 illa
3004 1758 3189 1813 omnia
3235 1757 3416 1813 factus

1860 1859 1963 1916 est,
1999 1866 2323 1922 permanens
2352 1849 2407 1904 id
2453 1849 2598 1920 quod
2630 1856 2780 1909 erat,
2824 1847 2988 1903 habet
3033 1846 3263 1915 gloriam
3297 1854 3425 1901 ante

1863 1944 2083 2007 sascula,
2113 1949 2300 2012 utpote
2328 1940 2472 1999 Deus
2497 1956 2561 1996 ex
2592 1940 2722 1996 Deo.

256 2022 311 2077 8.
351 2024 595 2078 Ἀπολλ.
630 2019 832 2097 Εί’(89)
859 2029 886 2080 6
914 2028 1046 2093 Θεὸς
1076 2032 1133 2083 ὲν
1166 2030 1359 2102 Ἰησοῦ,
1399 2033 1460 2086 οῦ
1489 2032 1556 2085 δι’
1585 2033 1750 2086 αὑτοῦ

1920 2033 1973 2087 8.
2016 2031 2194 2101 Apoll.
2244 2030 2301 2084 Si
2350 2029 2496 2087 Deus
2543 2037 2628 2086 est
2680 2032 2734 2084 in
2768 2027 2935 2090 Jesu,
2983 2041 3093 2081 non
3144 2034 3273 2082 sunt
3326 2041 3426 2097 per

183 2114 259 2167 τὰ
295 2114 491 2180 πάντα,
526 2114 661 2169 ἀλλὰ
692 2117 780 2170 διὰ
824 2119 915 2171 τὸν
958 2121 1013 2172 ὲν
1052 2119 1219 2190 αὐτῷ.
1269 2123 1347 2173 Δι’
1382 2122 1545 2174 αὐτοῦ
1590 2124 1648 2176 δὲ
1687 2126 1758 2177 τὰ

187 2205 396 2259 σπάνι-α’
444 2207 543 2259 οὐκ
585 2209 693 2279 ἄρα
745 2210 877 2274 Θεὸς
919 2211 976 2271 ὲν
1018 2212 1211 2282 Ἰησοῦ,
1260 2213 1374 2266 ἀλλ’
1417 2215 1577 2278 αὐτὸς
1626 2215 1758 2280 Θεός

184 2296 357 2349 ἐστιν.
394 2297 547 2365 Ὀρθ.
593 2299 650 2351 Ὀ
687 2299 814 2365 Θεὸς
862 2301 1053 2369 Λόγος,
1101 2304 1457 2370 ὲνυπόστατος
1496 2304 1570 2358 ὣν
1604 2306 1757 2370 Θεὸς,

188 2387 479 2458 μετασχὼν
528 2390 965 2463 ἀνθρωπότητος,
1008 2394 1213 2463 Ἰησοῦς
1252 2396 1473 2467 ἐκλήθη.
1526 2396 1618 2467 Μὴ
1668 2393 1761 2450 οὖν

185 2478 340 2547 λέγε,
370 2480 501 2544 Θεὸς
529 2476 596 2551 ἦν
636 2484 692 2535 ὲν
740 2482 933 2554 Ἰησοῦ,
964 2485 1076 2538 ἀλλ’
1118 2487 1278 2550 αὐτὸς
1323 2489 1351 2540 ὁ
1389 2487 1521 2551 Θεὸς
1554 2488 1761 2558 Ἰησοῦς

184 2570 420 2642 ἐκλήθη.
446 2572 536 2625 Διὸ
558 2576 651 2627 καὶ
673 2576 832 2639 αὐτός
857 2577 1001 2629 ἐστιν
1040 2577 1263 2648 Ἰησοῦς,
1292 2578 1358 2632 δι’
1387 2572 1447 2631 οῦ
1471 2581 1540 2632 τὰ
1561 2581 1756 2635 πάντα.

201 2661 268 2713 Ὀ
307 2662 418 2733 γὰρ
457 2664 552 2717 νῦν
594 2664 813 2736 κληθεὶς
852 2666 1057 2738 Ἰησοῦς
1096 2668 1185 2721 διὰ
1211 2671 1309 2741 τὴν
1348 2671 1758 2742 ἁνθρωπότητα.

188 2750 329 2815 Θεὸς
375 2753 432 2806 δὲ
466 2754 578 2826 (90)
619 2757 790 2824 Λόγος
832 2756 906 2812 ὢν
950 2759 1045 2812 καὶ
1084 2760 1188 2830 πρὸ
1228 2761 1326 2831 τῆς
1364 2761 1458 2815 τοῦ
1504 2763 1763 2834 ὀνόματος

193 2844 460 2916 κλήσεως,
495 2849 590 2900 καὶ
631 2848 768 2918 μετὰ
796 2849 894 2920 τὴν
926 2849 1020 2903 τοῦ
1060 2852 1318 2922 ὀνόματος
1353 2853 1567 2924 κλῆσιν,
1603 2854 1763 2919 αὐτός

189 2938 346 2991 ἐστιν
377 2939 600 3010 Ἰησοῦς,
622 2941 687 2994 δι’
714 2939 773 2996 οῦ
798 2942 864 2996 τὰ
890 2943 1083 3004 πάντα,
1107 2944 1238 3007 Θεὸς
1258 2944 1331 2998 ὣν
1359 2946 1496 2999 κατὰ
1518 2945 1760 3016 Πνεῦμα,

189 3027 483 3098 ἄνθρωπος
506 3028 562 3082 δὲ
595 3030 680 3083 διὰ
703 3032 800 3101 τὴν
839 3032 930 3085 τοῦ
953 3033 1134 3086 δούλου
1162 3036 1401 3106 μορφήν·
1436 3035 1515 3089 διὸ
1545 3036 1639 3089 καὶ
1675 3036 1765 3089 αὺ-

191 3118 292 3182 τός
314 3119 459 3172 ἐστιν
492 3120 715 3191 Ἰησοῦς,
741 3123 806 3175 δι’
828 3117 887 3177 οὗ
908 3123 975 3176 τὰ
1009 3124 1204 3178 πάντα.

273 3293 325 3348 9.
369 3295 612 3350 Ἀπολλ.
648 3296 707 3349 '0
751 3296 812 3362 ἐξ
855 3298 1128 3370 ἁμαρτίας
1176 3298 1365 3362 σώζων
1412 3300 1552 3372 ὑπὲρ
1583 3302 1763 3373 ἁμαρ‹

1867 2122 2044 2193 ipsum
2094 2122 2311 2189 omnia,
2355 2122 2449 2177 sed
2487 2136 2585 2193 per
2629 2134 2788 2181 eum,
2836 2119 2929 2188 qui
2986 2119 3039 2172 in
3077 2117 3195 2187 ipso
3227 2123 3327 2172 est.
3359 2116 3430 2170 At

1865 2213 2049 2268 omnia
2100 2222 2230 2267 sunt
2273 2228 2373 2283 per
2410 2214 2586 2282 ipsum
2634 2230 2648 2266 :
2695 2226 2805 2265 non
2839 2218 2927 2265 est
2974 2208 3142 2278 igitur
3185 2207 3328 2263 Deus
3372 2209 3430 2263 in

1865 2302 2016 2367 Jesu,
2047 2302 2142 2359 sed
2174 2309 2263 2358 est
2292 2303 2409 2373 ipse
2437 2301 2600 2357 Deus.
2628 2300 2784 2357 Orth.
2807 2299 2951 2355 Deus
2980 2297 3217 2354 Verbum
3250 2299 3429 2368 reipsa

1868 2395 2176 2450 subsistens
2204 2393 2368 2458 Deus,
2393 2392 2668 2463 particeps
2695 2391 2944 2451 humana:
2966 2397 3175 2443 natura:
3204 2388 3427 2451 factum,
3452 2413 3478 2435 κ

1871 2494 2097 2542 vocatus
2130 2495 2214 2542 est
2260 2483 2441 2540 Jesus.
2472 2483 2551 2540 Ne
2595 2484 2759 2554 igitur
2791 2482 2978 2549 dicito,
3026 2480 3169 2536 Deus
3209 2488 3327 2534 erat
3374 2479 3428 2533 in

1866 2576 2017 2641 Jesu,
2044 2578 2138 2633 sed
2168 2578 2283 2647 ipse
2315 2575 2458 2631 Deus
2483 2582 2710 2630 vocatus
2737 2582 2823 2630 est
2853 2571 3035 2636 Jesus,
3065 2570 3294 2640 ideoque
3316 2570 3433 2639 ipse

1868 2675 1952 2723 est
1985 2666 2144 2723 Jesus
2177 2681 2273 2736 per
2321 2680 2482 2735 quem
2523 2665 2726 2718 omnia.
2767 2661 2901 2716 Nam
2937 2662 3030 2731 qui
3077 2677 3222 2716 nunc
3273 2661 3437 2715 Jesus

1868 2766 2089 2828 propter
2112 2758 2404 2812 humanam
2429 2764 2680 2811 naturam
2704 2761 2950 2816 vocatur,
2976 2761 3061 2808 est
3086 2759 3264 2808 autem
3290 2751 3435 2807 Deus

1868 2848 2107 2903 Verbum
2156 2857 2210 2903 et
2257 2861 2381 2902 ante
2416 2854 2471 2902 et
2507 2854 2631 2917 post
2676 2844 2821 2900 istud
2863 2853 3306 2911 cognomentum,
3350 2854 3436 2898 est

1870 2941 1987 3010 ipse
2015 2938 2176 2995 Jesus
2214 2955 2308 3009 per
2344 2954 2503 3009 quem
2543 2926 2762 2997 omnia;
2796 2943 2855 2989 ut
2896 2937 2989 3006 qui
3030 2936 3098 2991 sit
3144 2942 3198 2989 et
3240 2950 3436 2990 secun-

1869 3033 1999 3086 dum
2052 3030 2314 3101 Spiritum
2384 3028 2561 3094 Deus,
2602 3038 2657 3083 et
2709 3034 2930 3098 propter
2992 3026 3138 3082 servi
3204 3024 3434 3080 formam

1873 3123 2071 3189 homo;
2101 3121 2453 3192 quamobrem
2484 3120 2647 3175 etiam
2679 3119 2796 3189 ipse
2825 3124 2909 3172 est
2934 3115 3115 3180 Iesus,
3154 3131 3249 3185 per
3274 3131 3435 3185 quem

1871 3215 2071 3270 omnia.

1940 3310 1994 3363 9.
2037 3306 2208 3374 Apoll.
2241 3304 2341 3370 Qui
2369 3310 2551 3359 servat
2582 3318 2613 3357 a
2645 3309 2889 3372 peccato,
2916 3299 3164 3369 superior
3191 3305 3279 3353 est
3308 3313 3435 3380 pecf

198 3383 321 3436 τίαν
359 3385 522 3437 ἐστίν.
550 3386 659 3438 Καὶ
699 3385 859 3449 σώζει
897 3388 1150 3457 Χριστός.
1184 3390 1372 3452 Οὐδεὶς
1390 3390 1447 3442 δὲ
1470 3388 1763 3463 ἀνθρώπων

1871 3405 2013 3454 cato.
2043 3396 2237 3452 Servat
2273 3403 2456 3451 autem
2483 3394 2756 3456 Christus,
2783 3406 2838 3449 et
2867 3394 3052 3447 nullus
3085 3395 3248 3445 homo
3277 3405 3438 3459 supe-

202 3474 346 3543 ὑπὲρ
371 3474 644 3545 ἁμαρτίαν
662 3493 673 3504 ·
713 3476 812 3528 οὐκ
836 3475 943 3547 ἄρα
967 3477 1248 3549 ἄνθρωπος
1270 3480 1298 3530 6
1329 3479 1582 3549 Χριστός.
1617 3481 1759 3549 Ὀρθ.

200 3561 283 3615 υύ
305 3560 413 3634 γὰρ
441 3561 723 3635 ἄνθρωπος
751 3564 903 3634 ψιλὸς
922 3567 951 3618 6
970 3567 1200 3637 Χριστός
1224 3586 1235 3596 ·
1265 3568 1384 3621 οὐδὲ
1411 3569 1518 3639 γὰρ
1550 3565 1618 3640 ἦν
1638 3569 1774 3642 Χρι-

207 3653 332 3718 στὸς
379 3655 547 3727 αἴρων
587 3656 685 3728 τὴν
719 3659 991 3730 ἁμαρτίαν
1024 3658 1117 3713 τοῦ
1162 3660 1388 3730 κόσμου,
1421 3662 1471 3713 εἰ
1512 3660 1665 3730 ψιλὸς
1706 3657 1775 3733 ἦν

203 3744 510 3818 ἄνθρωπος.
541 3748 639 3801 Διὰ
679 3749 735 3803 δὲ
776 3751 932 3804 τοῦτο
977 3754 1006 3806 6
1049 3753 1219 3824 αἴρων
1249 3752 1347 3824 τὴν
1386 3753 1655 3825 ἁμαρτίαν
1680 3752 1774 3806 τοῦ

207 3835 417 3906 κόσμου
449 3839 697 3909 Χριστὸς,
728 3841 917 3913 ἐπειδὴ
952 3844 981 3895 6
1011 3842 1142 3907 Θεὸς
1189 3843 1380 3911 Λόγος,
1424 3844 1632 3915 μορφὴν
1657 3843 1776 3896 δού-

206 3926 303 3981 λου
327 3928 524 3994 λαϐὼν,
551 3932 765 4000 ἐγένετο
788 3934 1018 4004 Χριστὸς
1044 3934 1345 4006 ἄνθρωπος.
1371 3937 1479 3989 Καὶ
1507 3934 1594 3989 διὰ
1622 3934 1779 3989 τοῦτο

205 4019 238 4070 ὁ
283 4020 565 4091 προφήτης
611 4020 791 4090 λέγει’
844 4041 861 4073 ι
900 4023 1010 4076 Καὶ
1056 4023 1339 4095 ἄνθρωπός
1382 4023 1518 4087 ἐστι,
1567 4023 1657 4077 καί
1696 4025 1779 4088 τίς

208 4108 475 4177 γνώσεται
502 4112 661 4164 αὐτόν
686 4129 701 4178 ;
735 4132 754 4163 ι
792 4114 885 4166 καὶ
914 4114 1073 4178 αὐτὸς
1106 4117 1133 4168 6
1161 4115 1391 4185 Χριστός
1410 4131 1423 4144 ⁸
1456 4133 1480 4166 ι
1514 4114 1578 4167 Τί
1606 4131 1675 4185 με
1695 4113 1783 4184 ξη-

204 4203 354 4256 τεῖτε
390 4204 728 4269 ἀποκτεῖναι,
778 4205 1060 4277 ἄνθρωπον
1103 4206 1161 4271 ὃς
1203 4207 1304 4278 τὴν
1348 4206 1602 4278 ἀλήθειαν
1654 4207 1780 4276 ὑμῖν

206 4292 480 4363 λελάληκα
502 4311 516 4361 ;
547 4315 566 4347 ι
599 4297 687 4350 ἵνα
714 4298 992 4368 νοήσωμεν
1013 4297 1103 4351 τὸν
1132 4299 1365 4370 Χριστὸν
1392 4297 1673 4369 ἄνθρωπον
1695 4298 1782 4351 διὰ

203 4384 310 4456 τὴν
337 4385 747 4459 ἀνθρωπότητα,
781 4390 873 4441 καὶ
898 4389 1028 4443 Θεὸν
1056 4389 1146 4444 διὰ
1179 4392 1286 4462 τὴν,
1301 4390 1528 4462 Θεότητα
1548 4409 1562 4422 ο
1596 4392 1672 4455 ὡς
1690 4392 1779 4446 τὸν

207 4477 496 4549 ἄνθρωπον
544 4479 770 4551 νοοῦμεν
813 4481 1030 4550 λογικὸν
1074 4482 1164 4539 διὰ
1205 4483 1267 4535 τὸ
1314 4483 1639 4552 λογιστικὸν,
1686 4485 1779 4538 καὶ

207 4567 352 4633 ζῶον
383 4568 470 4622 διὰ
499 4570 558 4622 τὸ
591 4570 835 4634 ζωτικόν.

1873 3492 1986 3543 rior
2019 3495 2103 3544 est
2152 3495 2399 3557 peccato.
2448 3485 2566 3539 Non
2616 3493 2700 3539 est
2739 3484 2903 3554 igitur
2950 3482 3208 3537 Christus
3253 3483 3437 3535 inme.

1876 3578 2029 3635 Orth.
2074 3577 2194 3632 Non
2243 3584 2326 3633 est
2377 3592 2510 3633 sane
2564 3575 2818 3631 Christus
2867 3569 3076 3629 nudus’
3089 3583 3142 3627 et
3178 3572 3441 3633 duntaxat

1874 3672 2056 3727 homo.
2100 3669 2285 3741 Neque
2312 3670 2457 3725 enim
2495 3668 2542 3723 si
2576 3668 2840 3722 duntaxat
2871 3667 3034 3721 homo
3063 3664 3274 3728 fuisset,
3319 3680 3444 3719 ειιςιι

1877 3762 2090 3816 tulisset
2140 3771 2420 3830 peccatum
2460 3759 2668 3813 mundi.
2701 3756 2804 3812 Per
2835 3756 2938 3811 hoc
2974 3764 3153 3809 autem
3182 3754 3439 3808 Christus

1878 3851 2103 3906 sustulit
2138 3849 2326 3904 mundi
2372 3858 2687 3920 peccatum,
2731 3846 2874 3917 quod
2912 3845 3054 3900 Deus
3086 3843 3320 3899 Verbum
3354 3859 3446 3897 ac-

1878 3951 2035 4012 cepta
2070 3943 2215 3998 servi
2262 3941 2434 3997 forma
2475 3939 2653 3995 factus
2692 3940 2763 3995 sit
2806 3938 3060 3994 Christus
3096 3937 3278 3991 homo.
3319 3936 3443 3989 Ideo

1878 4035 2014 4089 dicit
2061 4034 2324 4104 propheta
2362 4051 2376 4087 :
2438 4050 2456 4083 ι
2493 4031 2670 4085 Etiam
2720 4030 2883 4085 homo
2928 4036 3045 4092 est,
3091 4041 3145 4083 et
3189 4026 3313 4098 quis
3348 4041 3443 4080 co-

1881 4130 2105 4192 gnoscet
2138 4122 2397 4191 ipsum?»
2446 4120 2698 4177 Christus
2741 4122 2899 4192 ipse:
2938 4138 2958 4170 ι
2987 4118 3127 4184 Quid
3168 4132 3255 4172 me
3301 4132 3448 4186 quae-

1883 4215 2002 4269 ritis
2044 4214 2351 4268 inter-licere
2388 4213 2664 4268 hominem
2702 4213 2795 4283 qui
2834 4213 3119 4266 veritatem
3163 4208 3320 4263 vobis
3371 4209 3449 4262 lo-

1882 4313 2044 4359 cutus
2069 4321 2188 4359 sum
2212 4305 2290 4358 9°?
2330 4323 2350 4357 ι
2386 4313 2445 4359 ut
2491 4303 2768 4359 Christum
2799 4302 3117 4358 noverimus
3172 4300 3479 4374 hominem_

1883 4405 2103 4466 propter
2152 4398 2440 4450 humanam
2498 4406 2771 4459 naturam,
2804 4404 2858 4449 et
2887 4393 3053 4449 Deum
3085 4401 3306 4462 prepter
3334 4390 3451 4446 dei-

1884 4495 2048 4541 tatem
2075 4504 2089 4539 :
2123 4485 2267 4541 sicut
2294 4484 2565 4539 hominem
2598 4484 2847 4540 novimus
2880 4483 3199 4538 rationalem
3230 4490 3451 4552 propter

1883 4578 2121 4631 animam
2152 4577 2595 4641 ratiocinantem,
2637 4583 2692 4632 et
2735 4576 2938 4630 animal
2987 4581 3207 4645 propter
3240 4574 3452 4628 anima-

1883 4669 2112 4724 litatem.

295 4747 375 4802 -d.
418 4748 656 4806 Ἀπολλ.
716 4753 830 4816 Πᾶς
875 4751 1158 4824 ἅνθρωπος
1189 4753 1468 4808 διάστασιν
1503 4755 1615 4827 ἔχει
1649 4774 1763 4829 σαρ-

1954 4761 2043 4816 lt).
2081 4761 2258 4830 Apoll.
2298 4762 2356 4815 In
2391 4762 2561 4830 omni
2634 4762 2854 4815 homine
2921 4758 3153 4815 dissidet
3215 4773 3369 4813 mens
3421 4772 3452 4811 a

212 4841 310 4904 κὸς
338 4843 471 4913 πρὸς
495 4844 646 4896 νοῦν*
674 4844 906 4914 Χριστὸς
938 4845 992 4899 δὲ
1023 4846 1123 4899 οὐκ
1150 4845 1263 4917 ἔχει
1282 4864 1294 4877 '
1321 4848 1420 4901 οὐκ
1441 4849 1549 4920 ἄρα
1574 4850 1782 4923 ἄνθρω-

206 4951 319 4997 πος
356 4937 386 4989 6
428 4934 678 5007 Χριστός.
717 4938 865 5005 Ὀρθ.
912 4938 976 4991 Εἰ
1023 4940 1131 5002 πᾶς
1173 4938 1458 5012 ἄνθρωπος
1505 4940 1781 4996 διάστασιν

208 5025 329 5098 ἔχει
375 5028 574 5098 σαρκὸς
615 5029 751 5099 πρὸς
800 5029 947 5096 νοῦν,
992 5024 1074 5093 εἷς
1105 5029 1164 5083 δὲ
1203 5029 1313 5083 τῶν
1356 5030 1656 5103 ἀνθρώπων
1690 5034 1777 5087 καὶ

226 5115 410 5180 Ἠλίας
438 5119 468 5169 6
518 5117 870 5189 ἀναληφθεὶς,
910 5120 1004 5173 καὶ
1049 5121 1435 5192 πιστευόμενος
1477 5123 1608 5195 παρ’
1650 5125 1782 5195 ἡμῖν

216 5209 379 5280 μέχρι
408 5209 503 5261 τοῦ
547 5211 812 5282 παρόντος
855 5213 914 5265 ὲν
960 5213 1140 5283 σαρκὶ,
1179 5212 1544 5269 διαστασιάσει
1572 5213 1716 5286 αὐτῷ
1746 5217 1779 5285 ή

285 5451 331 5484 ὀ
369 5448 528 5506 Joan.
564 5467 637 5506 vn
660 5493 675 5518 ,
708 5451 779 5507 20
803 5469 826 5517 ;⁴
850 5467 980 5520 vm,
1016 5454 1107 5510 40.

293 5651 404 5723 (88)
440 5651 871 5723 Τριακονταετὴς
898 5653 989 5707 νῦν
1024 5670 1143 5723 γεγ.
1173 5671 1306 5711 mss.

295 5720 407 5792 (89)
445 5720 509 5775 El
545 5723 698 5778 deest
729 5723 782 5776 in
813 5720 942 5779 mss.

1882 4868 2049 4907 carne
2074 4872 2088 4906 :
2118 4856 2173 4913 in
2205 4853 2424 4908 Christo
2452 4868 2578 4906 vero
2610 4867 2717 4905 non
2750 4850 2998 4906 dissidet.
3024 4848 3140 4902 Non
3172 4856 3255 4904 est
3288 4849 3455 4916 igitur

1878 4945 2047 4999 homo
2091 4945 2366 5000 Christus.
2401 4944 2552 5000 Orth.
2592 4944 2647 4998 Si
2683 4945 2739 4999 in
2792 4944 2940 4997 enini
2976 4942 3197 4995 homine
3224 4939 3450 4993 dissidet

1886 5050 2041 5088 mens
2069 5050 2101 5088 a
2136 5050 2324 5099 carne,
2356 5051 2498 5089 unus
2533 5043 2714 5088 autem
2756 5032 3038 5085 homimuh
3073 5037 3158 5084 est
3186 5029 3333 5083 Elias
3364 5028 3455 5081 ille

1887 5141 2106 5180 sursum
2156 5127 2435 5195 abreptus,
2482 5126 2575 5195 qui
2619 5139 2649 5178 a
2690 5123 2850 5178 nobis
2898 5120 3140 5177 creditur
3188 5121 3244 5174 in
3293 5134 3457 5174 carne

1887 5216 2151 5273 hactenus
2174 5233 2315 5283 esse,
2337 5218 2627 5272 dissidehit
2657 5216 2821 5271 etiam
2852 5213 2908 5266 in
2930 5226 2996 5267 eo
3024 5226 3180 5267 mens
3209 5227 3238 5265 a
3268 5224 3455 5266 carne.

1967 5657 2078 5727 (90)
2116 5655 2181 5708 Δέ
2208 5656 2360 5710 abest
2388 5670 2417 5707 a
2445 5651 2620 5708 Palat.
