3850 6226
480 348 605 402 12η

1601 344 1656 400 S.
1700 343 2156 398 ATHANASIL‘S.
2199 375 2266 385 —
2307 343 2576 402 SPUBIA.

3586 339 3731 395 1272

475 461 631 528 Quod
658 461 704 516 si
741 461 794 514 in
830 459 922 512 illo
964 472 1120 513 mens
1171 473 1200 512 a
1234 473 1399 512 carne
1441 471 1546 512 non
1589 456 1859 512 dissidet:
1893 462 2040 509 certe

2150 455 2279 524 σὰρξ
2330 458 2466 528 πρὸς
2513 457 2606 510 τὸν
2646 455 2787 510 νοῦν.
2831 457 2894 510 Εἰ
2936 455 2993 509 δὲ
3037 455 3110 526 μὴ
3151 454 3520 520 διαστασιάζει
3545 454 3628 525 τῷ
3660 456 3733 525 νῷ

478 571 586 610 non
615 555 668 608 in
697 553 840 607 omni
879 550 1097 605 homine
1127 565 1282 604 mens
1310 565 1338 602 a
1381 564 1544 604 carne
1581 549 1828 604 dissidet.
1873 545 2042 599 Multo

477 645 648 716 magis
696 643 862 713 igitur
906 641 1000 710 qui
1048 650 1132 695 est
1181 641 1355 710 ipsius
1402 641 1534 694 Elia:
1581 637 1884 700 Dominus,
1935 652 2044 691 non

478 737 636 790 habet
687 734 886 788 mentis
927 739 982 786 et
1025 731 1208 786 carnis
1258 731 1580 794 dissidium,
1631 730 1726 785 sed
1778 730 1938 783 nobis
1989 730 2042 782 in

473 825 747 886 omnibus,
788 821 933 893 quod
966 822 1032 875 ad
1068 830 1320 876 naturam
1365 821 1657 873 humanam
1692 821 1908 881 attinet,
1949 833 2045 873 ex-

473 925 631 986 cepto
662 923 908 986 peccato,
937 913 1156 977 similis,
1185 919 1238 966 et
1269 912 1586 966 misericors
1615 927 1677 965 ac
1713 912 1888 966 ﬁdelis
1914 925 2046 980 pon-

471 1013 604 1064 til'ex
638 1007 837 1074 factus,
861 1013 946 1062 est
976 1007 1116 1061 idem
1147 1021 1274 1060 vere
1304 1003 1447 1060 Deus
1475 1011 1530 1059 et
1560 1004 1743 1059 homo.

543 1190 630 1244 ll.
678 1187 853 1256 Apoll.
897 1184 1089 1241 Omnis
1149 1185 1312 1239 homo
1363 1193 1422 1238 ut
1471 1184 1674 1238 virtute
1732 1181 2048 1252 perﬁciatur

469 1295 688 1335 carnem
719 1278 1030 1332 mortiﬁcat.
1057 1277 1126 1330 At
1151 1275 1405 1332 Christus
1439 1291 1548 1329 non
1584 1274 1895 1328 mortiﬁeat.
1925 1271 2044 1326 Non

469 1377 551 1424 est
585 1369 748 1438 igitur
785 1367 947 1420 homo
976 1364 1250 1420 Christus.
1287 1363 1439 1419 Ortlt.
1469 1364 1585 1429 Qua
1621 1363 2046 1417 mortiﬁcatione

469 1461 707 1516 Joannes
755 1474 979 1513 carnem
1034 1473 1190 1513 suam
1243 1457 1588 1512 mortiﬁcavit
1651 1457 1944 1512 subsiliens
1991 1459 2044 1510 in

470 1562 646 1615 utero,
694 1562 747 1606 et
775 1552 1052 1606 exsultare
1094 1550 1283 1604 visus?
1323 1548 1476 1614 Quod
1509 1549 1554 1604 si
1589 1549 1749 1603 etiam
1780 1548 2048 1602 concede-

468 1654 620 1700 retur
647 1659 860 1698 omnem
907 1642 1205 1706 hominem,
1235 1649 1294 1696 ut
1325 1643 1524 1696 virtute
1555 1642 1890 1711 perﬁciatur,
1924 1656 2048 1696 car-

471 1754 592 1794 nem
635 1752 787 1793 suam
823 1734 1171 1800 mortiﬁcare,
1215 1745 1271 1790 at
1316 1743 1464 1790 certe
1501 1736 1612 1804 jam
1653 1735 1948 1806 perlectus,
1992 1741 2047 1789 et

2145 547 2309 600 αὑτοῦ
2341 551 2373 619 ἡ
2404 548 2560 620 σὰρξ,
2593 550 2693 602 οὐκ
2725 549 2832 621 ἁρα
2861 548 2967 612 πᾶς
2996 547 3282 619 ἄνθρωπος
3310 547 3591 600 διάστασιν
3620 546 3732 616 ἔχει

2147 640 2348 713 σαρκὸς
2371 640 2506 711 πρὸς
2534 639 2626 692 τὸν
2665 640 2809 692 νοῦν.
2836 637 3023 708 Πολλῷ
3057 634 3148 691 οὖν
3175 637 3344 690 πλείω
3371 638 3400 688 6
3432 636 3528 688 τοῦ
3578 637 3731 690 Ἠλία

2144 733 2422 802 Δεσπότης
2461 733 2562 785 οὐκ
2592 731 2702 802 ἔχει
2733 730 3220 794 διαστασιάζουσαν
3244 729 3342 800 τὴν
3373 728 3554 798 σάρκα
3596 729 3733 799 πρὸς

2143 824 2234 876 τὸν
2261 824 2385 877 νοῦν
2405 840 2418 853 ·
2453 824 2589 878 ἁλλὰ
2617 827 2674 877 ἐν
2701 825 2866 876 πᾶσιν
2891 825 3022 894 ἡμῖν
3047 824 3188 875 κατὰ
3209 822 3308 890 τὴν
3337 820 3733 892 ἀνθρωπότητα

2143 915 2430 984 όμοιωθε“ις
2457 915 2624 985 χωρὶς
2650 914 2938 984 ἁμαρτίας,
2982 913 3225 983 ἐλεήμων
3252 911 3346 963 καὶ
3379 909 3571 971 πιστὸς
3600 910 3733 979 ἁρχ-

2149 1007 2327 1075 ιερεὺς
2379 1005 2692 1077 γενόμενος.
2751 1006 2898 1059 ἐστιν
2946 1005 3157 1077 άληθῶς
3189 1007 3216 1057 6
3260 1001 3421 1065 αὐτὸς
3457 1001 3594 1062 Θεὸς
3640 1002 3733 1052 καὶ

2144 1095 2240 1150 ἁνθ
2250 1113 2446 1166 ρωπος.

2218 1191 2305 1244 il.
2373 1191 2618 1244 Ἀπολλ.
2671 1189 2786 1251 Πᾶς
2847 1187 3132 1259 ἄνθρωπος
3177 1191 3360 1260 νεκροῖ
3407 1188 3504 1260 τὴν
3551 1189 3732 1259 σάρκα

2146 1283 2281 1352 πρὸς
2306 1283 2366 1336 τὸ
2393 1281 2741 1351 τελειωθῆναι
2770 1281 2889 1334 κατ’
2914 1281 3112 1349 ἀρετήν
3131 1297 3146 1311 ο
3171 1281 3403 1351 Χριστὸς
3425 1281 3481 1332 δὲ
3500 1278 3564 1332 οῦ
3589 1296 3603 1309 ⁸
3631 1281 3732 1332 οὐκ

2147 1377 2253 1448 ἄρα
2285 1374 2570 1446 ἄνθρωπος
2606 1375 2634 1425 6
2663 1372 2918 1442 Χριστός.
2964 1370 3120 1439 Ὀρθ.
3170 1371 3306 1440 Ποία
3333 1370 3601 1442 νεκρὼσει
3647 1373 3730 1423 ὲν-

2147 1471 2387 1540 έκρωσεν
2431 1466 2625 1521 ἑαυτοῦ
2658 1469 2758 1536 τὴν
2803 1467 2982 1536 σάρκα
3013 1468 3040 1518 6
3084 1464 3355 1534 Ἰωάννης,
3403 1465 3645 1534 σκιρτᾶν
3673 1467 3728 1516 ὲν

2147 1558 2342 1627 κοιλία,
2373 1558 2466 1611 καὶ
2495 1557 2680 1627 ὀφθεὶς
2717 1559 2774 1610 ὲν
2811 1555 3169 1624 ἁγαλλιάσει;
3202 1556 3264 1607 El
3308 1555 3364 1607 δὲ
3393 1556 3487 1608 καὶ
3524 1555 3725 1624 δοθείη,

2146 1652 2228 1705 ὅτι
2255 1653 2361 1712 πᾶς
2393 1650 2677 1718 ἄνθρωπος
2709 1649 2892 1716 νεκροί
2918 1645 3015 1716 τὴν
3052 1646 3231 1717 σάρκα
3262 1645 3395 1716 πρὸς
3424 1645 3485 1697 τὸ
3507 1644 3728 1697 τελειω·

2149 1743 2308 1814 θῆναι
2337 1742 2478 1795 κατὰ
2507 1739 2724 1810 ἀρετὴν,
2769 1737 2904 1790 ἁλλὰ
2935 1735 3258 1800 τελειωθεὶς,
3289 1736 3382 1788 καὶ
3416 1737 3475 1787 ὲν
3511 1733 3728 1805 οὐρανῷ

468 1831 523 1884 in
560 1831 715 1884 CtBliS
747 1845 990 1893 versans,
1025 1827 1129 1895 ipsi
1172 1827 1594 1882 viviﬁcatiunem
1628 1833 1781 1895 parat
1822 1842 1918 1896 per
1961 1826 2040 1878 in-

2150 1835 2444 1903 πολίτευμα
2489 1832 2648 1902 ἔχων,
2685 1828 3060 1894 ζωοποιείσθαι
3105 1828 3266 1880 αὑτὸν
3319 1826 3727 1899 παρασκευάζει

472 1923 802 1978 habitantem
839 1924 893 1977 in
927 1923 1046 1992 ipso
1087 1919 1373 1990 Spiritum,
1418 1926 1478 1970 ut
1526 1925 1812 1987 postquam
1849 1917 2045 1971 virtute

472 2017 746 2084 perfectus
774 2015 956 2077 fuerit,
996 2013 1142 2067 dicat
1169 2031 1182 2066 :
1213 2032 1230 2061 ι
1259 2009 1494 2064 Cursum
1529 2008 1906 2064 consummavi
1936 2007 2040 2060 θ’.»

467 2109 735 2161 (ἶεὲιρι-ιιιη
779 2107 1030 2161 Christus
1061 2102 1337 2174 perlectus
1378 2118 1484 2155 non
1529 2101 1704 2155 evasit
1736 2101 1843 2153 ulla
1881 2115 2038 2154 exoro

467 2199 750 2260 citatione,
795 2196 891 2252 sed
924 2197 976 2249 in
1031 2196 1149 2264 ipso
1201 2201 1468 2262 conceptu
1509 2207 1574 2247 ex
1623 2194 1739 2261 ipsa
1775 2191 2040 2252 unitione,

470 2299 634 2344 natus
669 2288 1009 2349 Emmanuel,
1045 2285 1188 2341 Deus
1232 2294 1288 2341 et
1335 2285 1500 2340 homo
1531 2294 1654 2341 est:
1686 2283 2039 2354 quamobrem

468 2383 633 2436 etiam
665 2379 892 2449 Deipara
921 2389 1005 2434 est
1037 2377 1227 2431 Maria.

544 2472 626 2526 l2.
655 2471 827 2538 Apoll.
858 2468 1072 2524 Nullius
1103 2467 1341 2522 hominis
1371 2482 1501 2522 caro
1527 2465 1671 2520 dicta
1693 2474 1776 2521 est
1806 2481 1836 2521 e
1860 2465 1998 2520 caelo
2023 2482 2038 2518 :

469 2565 671 2618 Christi
705 2578 832 2617 vero
860 2578 989 2616 caro
1024 2562 1171 2615 dicta
1200 2567 1335 2614 este
1373 2559 1514 2613 cmlo
1543 2574 1686 2614 esse.
1717 2556 1900 2627 Itaque
1931 2572 2040 2610 non

468 2663 554 2709 est
597 2654 846 2708 Christus
877 2653 1038 2706 homo
1083 2650 1382 2705 secundum
1435 2648 1724 2714 deitatem,
1773 2664 1892 2718 qua:
1922 2663 2041 2702 car-

470 2763 591 2802 nem
628 2745 1004 2815 assumpserit.
1049 2743 1140 2798 Sic
1190 2758 1319 2811 ergo
1363 2743 1525 2796 etiam
1571 2758 1602 2797 e
1633 2743 1774 2797 cmio
1807 2757 1929 2796 esse
1957 2741 2040 2795 di—

471 2841 630 2901 citur,
658 2839 800 2908 quod
835 2839 984 2891 unita
1015 2837 1086 2891 sit
1127 2837 1177 2890 ei
1219 2835 1310 2904 qui
1341 2841 1426 2888 est
1452 2852 1483 2888 e
1513 2834 1673 2888 cosio.
1709 2833 1862 2888 Orth.
1896 2831 2039 2884 Nihil

473 2933 643 3002 potuit
675 2931 847 3000 magis
875 2928 1162 2983 ridiculum
1194 2925 1325 2980 dici.
1353 2923 1485 2978 Nam
1519 2925 1564 2980 si
1592 2938 1720 2978 caro
1755 2930 2040 2993 propterea

470 3023 672 3077 dicitur
701 3037 730 3076 e
766 3021 905 3074 coelo
951 3033 1106 3082 esse,
1167 3016 1308 3087 quod
1358 3017 1507 3070 unita
1558 3017 1627 3070 sit
1665 3015 1715 3070 ei
1773 3015 1865 3084 qui
1895 3025 1979 3069 est
2011 3029 2040 3068 e

469 3113 629 3175 cmlo,
661 3127 767 3164 non
793 3117 877 3165 est
907 3110 1026 3179 ipsa
1063 3123 1094 3164 e
1121 3108 1278 3162 caelo.
1313 3106 1467 3160 Sicut
1495 3122 1624 3176 ergo
1654 3121 1895 3168 carnem,
1919 3122 2039 3174 quae

470 3219 500 3258 e
537 3205 676 3259 caelo
707 3219 814 3257 non
864 3210 970 3269 est,
999 3201 1137 3256 dicis
1166 3217 1288 3256 esse
1321 3217 1352 3256 e
1387 3201 1548 3264 ccelo,
1583 3201 1658 3254 ita
1698 3200 1862 3255 etiam
1895 3199 2039 3253 Scri-

473 3303 630 3364 ptura
680 3293 926 3348 homines
973 3291 1224 3346 cmlestes
1273 3291 1406 3344 dicit
1453 3306 1482 3346 e
1519 3291 1661 3344 ccelo
1703 3305 1845 3353 esse,
1889 3291 2035 3360 quod

470 3384 713 3439 cutlestia
753 3383 990 3451 sapiant.
1022 3381 1199 3446 Audi,
1232 3387 1287 3434 et
1321 3383 1497 3436 soluta
1543 3380 1707 3435 fuerit
1751 3389 1843 3434 tua
1873 3381 2036 3452 467

472 3476 798 3548 propositio,
843 3475 958 3529 sive
995 3474 1400 3544 compendiaria
1444 3482 1660 3527 tuorum
1694 3485 2038 3543 argumento-

469 3585 590 3625 rum
645 3567 964 3629 suhductio,
1015 3581 1125 3636 quo
1177 3567 1395 3620 nomine
1447 3565 1824 3619 tractationem
1877 3567 2036 3620 istam

472 3659 818 3728 inscripsisti.
849 3659 1113 3712 Caeterum
1138 3655 1390 3710 Christus
1417 3655 1598 3709 dictus
1627 3656 1790 3708 homo
1817 3670 1847 3709 e
1871 3655 2034 3716 caelo,

471 3768 578 3805 non
612 3753 793 3806 dictus
821 3757 926 3813 est,
964 3756 1024 3801 ut
1061 3763 1251 3801 omnes
1299 3746 1566 3807 homines,
1601 3746 1860 3809 cmlestis,
1893 3746 2036 3814 quod

470 3841 712 3896 emlestia
769 3847 1013 3906 saperet,
1055 3837 1150 3891 sed
1199 3837 1271 3890 ob
1325 3836 1563 3890 divinam
1610 3843 1664 3889 et
1706 3836 2036 3890 adorandam

470 3934 770 3988 unitionem
819 3930 913 3985 Dei
960 3945 1083 3983 eum
1141 3930 1280 3984 servi
1339 3927 1534 3995 l'orma,
1575 3935 1635 3982 ut
1685 3928 1829 3983 idem
1872 3931 1944 3984 sit
1985 3936 2038 3982 et

470 4025 614 4080 Deus
640 4032 693 4079 et
727 4023 910 4077 homo.
1121 4089 1126 4097 Ι

543 4117 628 4170 l3.
659 4115 835 4184 Apoll.
871 4113 1061 4168 Nullus
1088 4114 1250 4167 homo
1277 4111 1515 4167 viviﬁcat
1541 4131 1554 4166 :
1585 4127 1685 4167 nec
1715 4111 1860 4166 enim
1889 4111 2038 4166 ullus

472 4209 634 4262 homo
663 4216 746 4261 est
775 4206 1030 4260 Christus
1062 4224 1074 4259 :
1117 4212 1172 4258 at
1201 4202 1460 4258 Christus
1497 4203 1757 4256 viviﬁeat.
1803 4201 1920 4255 Non
1953 4209 2039 4257 est

470 4299 640 4370 igitur
669 4299 834 4351 homo
882 4297 1155 4352 Christus.
1193 4293 1349 4350 Orth.
1401 4295 1470 4346 At
1522 4294 1778 4349 Christus
1833 4294 2040 4348 idcirco

470 4389 740 4450 viviﬁcat,
769 4389 896 4456 quia
942 4389 1084 4442 Deus
1112 4386 1347 4441 Verbum
1394 4393 1616 4457 accepta
1663 4386 1808 4440 servi
1842 4387 2036 4450 forma,

469 4489 697 4536 vocatus
733 4490 817 4534 est
842 4481 1119 4534 Christus.

545 4573 628 4626 Η.
661 4571 837 4640 Apoll.
868 4570 1011 4624 Nulli
1044 4573 1325 4625 hominum
1369 4570 1624 4625 convenit
1655 4585 1852 4624 nomen
1893 4569 2037 4640 quod

467 4673 552 4719 est
577 4678 743 4732 supra
783 4677 943 4717 oume
972 4677 1208 4726 nomen,
1258 4671 1311 4716 et
1361 4662 1531 4731 gloria
1575 4677 1696 4730 qua:
1745 4661 1915 4716 solius
1955 4670 2040 4715 est

471 4755 585 4809 Dei.
640 4753 710 4806 At
762 4753 984 4808 Christo
1044 4753 1302 4806 convenit
1369 4769 1478 4806 non
1532 4761 1617 4806 est
1666 4753 1828 4822 igitur
1876 4753 2039 4806 homo

469 4848 745 4902 Christus.
777 4845 930 4900 Orlh.
961 4845 1074 4900 Hoc
1109 4860 1328 4915 quoque
1354 4846 1560 4902 dixeris
1586 4846 1652 4901 de
1677 4846 1884 4915 virgine
1927 4845 2039 4898 Ma-

467 4941 573 4994 ria.
600 4937 746 4991 Nulli
773 4937 1053 4991 hominum
1078 4938 1358 5000 convenit,
1386 4945 1445 4991 ut
1474 4938 1634 5009 Virgo
1662 4939 1733 4992 sit
1761 4947 1815 4992 et
1839 4939 2034 5007 pariat.

469 5028 638 5082 Maria
673 5043 826 5091 vero,
857 5029 1021 5097 Virgo
1045 5043 1168 5082 cum
1205 5040 1372 5092 esset,
1406 5031 1653 5098 peperit:
1684 5029 1851 5082 Maria
1878 5029 2042 5098 igitur

467 5135 577 5173 non
605 5129 690 5175 est
725 5120 908 5174 homo.
957 5119 1063 5174 Sed
1098 5129 1152 5174 et
1183 5127 1338 5174 tuum
1383 5121 1663 5190 sophisma
1693 5123 1774 5176 sic
1815 5137 2040 5191 prorsus

469 5214 850 5281 redarguetur.
887 5211 1034 5265 Nulli
1092 5213 1294 5282 quippe
1351 5213 1560 5267 homini
1609 5230 1733 5268 vere
1781 5215 2042 5269 convenit

468 5318 688 5364 Manen,
715 5302 862 5372 quod
887 5312 970 5359 est
995 5320 1160 5373 super
1187 5321 1349 5358 omne
1378 5322 1598 5371 nomen,
1619 5316 1672 5359 et
1702 5306 1894 5376 gloria,
1919 5322 2038 5375 qua:

468 5395 640 5448 solius
672 5403 755 5449 est
786 5395 877 5449 Dei
907 5412 921 5448 :
959 5396 1219 5464 quoniam
1245 5398 1430 5452 nullus
1465 5400 1742 5451 hominum
1769 5406 1852 5452 est
1883 5399 2036 5453 Chri-

469 5495 609 5552 stus,
633 5501 699 5540 ex
733 5487 1116 5547 unitione.Dei
1158 5489 1316 5544 γυνδί
1350 5497 1404 5544 et
1435 5490 1618 5544 servili
1662 5490 1854 5545 forma.

533 5641 579 5672 "
626 5641 664 5694 ll
703 5640 843 5696 Titii.
881 5658 954 5704 IV,
994 5643 1045 5697 7.

542 5750 650 5818 t9!)
683 5750 834 5814 Mss,
867 5751 1046 5820 ἧτονν.

2143 1929 2230 1982 διὰ
2253 1927 2344 1981 τοῦ
2369 1925 2703 1988 ἐνοικοῦντος
2730 1925 2788 1976 ὲν
2820 1921 2966 1992 αὐτῷ
2996 1921 3331 1992 Πνεῦματος,
3363 1920 3440 1982 ὡς
3467 1921 3526 1971 ἐν
3557 1921 3725 1989 ἀρετῇ

2141 2018 2496 2072 τελειωθέντα
2537 2017 2746 2083 λέγειν’
2785 2034 2803 2065 ι
2839 2014 2942 2067 Τὸν
2976 2012 3172 2084 δρόμον
3205 2011 3482 2064 τετέλεκα.
3524 2029 3544 2061 ι
3595 2011 3730 2078 Χρι-

2145 2111 2267 2174 στὸς
2296 2111 2350 2163 δὲ
2385 2111 2486 2162 οὐκ
2526 2109 2585 2173 ἐξ
2609 2109 2895 2178 ἀσκήσεως
2935 2105 3298 2165 τετελείωται,
3333 2103 3444 2155 ἀλλ’
3494 2104 3553 2154 ὲν
3587 2102 3725 2171 αὐτῇ

2139 2205 2207 2272 τῇ
2261 2200 2514 2270 συλλήψει
2555 2201 2612 2266 ἐξ
2654 2195 2898 2258 ὲνὼσεως
2941 2192 3287 2264 Ἐμμανουὴλ
3332 2190 3572 2260 τεχθεὶς,
3598 2189 3730 2250 Θεός

2141 2294 2258 2345 ἐστι
2283 2293 2376 2344 καὶ
2407 2290 2721 2361 ἄνθρωπος’
2757 2286 2836 2339 διὸ
2859 2284 2951 2338 καὶ
2982 2283 3242 2344 Θεοτόκος
3269 2283 3302 2351 ἡ
3333 2279 3546 2349 Μαρία.

2213 2473 2299 2527 19...
2337 2473 2579 2524 Ἀπολλ.
2613 2466 2836 2528 Οὐδενὸς
2880 2460 3166 2531 ἀνθρώπου
3200 2463 3232 2530 ἡ
3271 2458 3406 2529 σὰρξ
3452 2457 3513 2522 ἐξ
3559 2458 3728 2526 οὐρα-

2141 2566 2230 2620 νοῦ
2259 2565 2538 2618 λέλεκται·
2589 2558 2824 2633 Χριστοῦ
2857 2557 2911 2609 δὲ
2958 2558 2991 2626 ἡ
3040 2553 3176 2625 σὰρξ
3208 2553 3266 2617 ὲξ
3307 2551 3543 2622 οὐρανοῦ
3580 2553 3732 2622 εἴρη-

2138 2675 2230 2711 ται
2248 2673 2261 2686 ⁸
2301 2657 2399 2708 οὐκ
2422 2654 2528 2725 ἁρα
2557 2651 2841 2721 ἄνθρωπος
2868 2649 2896 2699 6
2924 2644 3156 2718 Χριστὸς
3191 2643 3332 2696 κατὰ
3359 2642 3459 2712 τὴν
3493 2641 3729 2711 θεότητα

2139 2752 2237 2823 τὴν
2264 2746 2671 2821 προσλαϐοῦσαν
2698 2743 2796 2814 τὴν
2837 2741 3033 2812 σάρκα.
3079 2735 3264 2797 Οὕτως
3306 2731 3399 2786 οὖν
3429 2735 3525 2786 καὶ
3551 2733 3613 2797 ἐξ
3641 2734 3729 2785 οὑ-

2144 2842 2304 2916 ρανοῦ
2338 2841 2572 2908 λέγεται,
2601 2835 2690 2889 διὰ
2715 2834 2776 2886 τὸ
2807 2830 3046 2904 ἡνῶσθαι
3077 2827 3152 2897 τῷ
3186 2825 3249 2890 ἐξ
3272 2825 3526 2896 οὐρανοῦ.
3570 2826 3724 2892 Ὄρθ.

2141 2915 2306 2990 Οὐδὲν
2338 2931 2689 3002 γελοιάτςρον.
2721 2927 2782 2978 Ei
2824 2923 2934 2994 γὰρ
2973 2919 3061 2973 διὰ
3092 2917 3249 2970 τοῦτο
3287 2917 3347 2980 ἐξ
3376 2915 3618 2987 οὐρανοῦ
3645 2915 3730 2966 λέ-

2139 3044 2294 3097 γεται
2319 3024 2407 3078 διὰ
2429 3023 2488 3075 τὺ
2514 3019 2752 3092 ἡνῶσθαι
2785 3013 2862 3084 τῷ
2896 3013 2951 3080 ἐξ
2977 3010 3229 3084 οὐρανοῦ,
3265 3009 3364 3062 οῦκ
3396 3009 3456 3074 ἐξ
3489 3005 3726 3077 οὐρανοῦ

2066 3140 2107 3198 C
2141 3122 2174 3190 ἡ
2203 3115 2357 3188 σάρξ.
2386 3116 2592 3183 Ὥσπερ
2619 3107 2710 3164 οὖν
2743 3109 2841 3178 τὴν
2877 3105 2950 3176 μὴ
2981 3101 3147 3157 οὖσαν
3173 3103 3231 3166 ἐξ
3257 3098 3516 3172 οὐρανοῦ,
3545 3099 3727 3164 λέγεις

2145 3210 2202 3276 ἐξ
2233 3205 2460 3279 οὐρανοῦ
2484 3223 2496 3234 ·
2535 3204 2675 3256 οὕτω
2708 3201 2802 3254 καὶ
2829 3201 2953 3261 τοὺς
2979 3194 3296 3264 ἀνθρώπους
3328 3195 3458 3255 τοὺς
3495 3193 3727 3261 ὲπουρα·

2143 3299 2285 3362 νίους
2315 3301 2348 3368 ἡ
2375 3294 2564 3368 Γραφὴ
2599 3293 2745 3362 λέγει
2782 3291 2870 3344 διὰ
2900 3289 2960 3342 τὸ
2985 3289 3234 3360 οὐράνιον
3264 3284 3520 3354 φρόνημα
3551 3282 3613 3344 ἐξ
3641 3280 3726 3333 οὺ-

2149 3390 2328 3462 ρανοῦ.
2369 3388 2586 3449 Ἄκουε,
2619 3385 2712 3439 καὶ
2749 3383 2963 3436 λέλυται
3007 3398 3100 3433 σου
3144 3382 3176 3449 ἡ
3221 3377 3509 3449 πρότασις,
3559 3375 3725 3444 ἤγουν

2145 3482 2254 3554 (91)
2303 3477 2795 3547 ἁνακεφαλαίωσις,
2833 3474 2908 3538 ὡς
2950 3472 3110 3533 αὐτὸς
3154 3469 3446 3537 ὠνόμασας
3486 3465 3725 3535 ἐπιγρά-

2142 3553 2266 3645 ψας,
2307 3572 2536 3644 Χριστὸς
2567 3570 2644 3631 δὲ,
2675 3567 2733 3631 ἐξ
2754 3564 2983 3636 οὐρανοῦ
3010 3562 3296 3631 λεγόμενος
3325 3558 3638 3628 ἄνθρωπος,
3663 3553 3726 3610 οὐ

2141 3664 2228 3719 διὰ
2253 3663 2314 3716 τὸ
2347 3662 2617 3732 φρόνημα,
2649 3657 2900 3728 καθάπερ
2931 3653 3128 3714 πάντες
3155 3651 3448 3721 ἄνθρωποι.
3485 3647 3725 3719 ἐπουρά-

2143 3774 2253 3819 νιος
2279 3754 2558 3822 κέκληται,
2597 3749 2734 3804 ἀλλὰ
2760 3748 2846 3802 διὰ
2871 3749 2969 3818 τὴν
2996 3747 3146 3799 θείαν
3175 3743 3268 3795 καὶ
3305 3739 3724 3811 προσκυνουμέ-

2143 3865 2240 3919 νην
2270 3846 2461 3899 ἕνωσιν
2486 3842 2580 3896 τοῦ
2611 3841 2744 3896 Θεοῦ
2783 3841 2954 3908 Λόγου
2977 3837 3111 3908 πρὸς
3137 3835 3234 3907 τὴν
3257 3832 3351 3887 τοῦ
3377 3830 3569 3884 δούλου
3598 3844 3725 3900 μορ-

2145 3935 2272 4005 φὴν,
2308 3933 2384 3996 ὼς
2417 3929 2553 3986 εἶναι
2585 3931 2676 3984 τὸν
2701 3930 2862 3983 αὐτὸν
2899 3928 2992 3982 καὶ
3014 3926 3145 3980 Θεὸν
3179 3925 3272 3979 καὶ
3302 3922 3617 3994 ἄνθρωπον.

2221 4117 2306 4171 15.
2355 4115 2594 4168 Ἆπολλ.
2640 4109 2826 4171 Οὐδεὶς
2867 4104 3169 4177 ἀνθρώπων
3199 4101 3486 4169 ζωογονεῖ·
3520 4097 3582 4150 οῦ
3616 4095 3724 4164 γάρ

2145 4210 2261 4260 ἐστι
2291 4206 2548 4278 Χριστός·
2585 4201 2817 4273 Χριστὸς
2845 4199 2901 4252 δὲ
2932 4197 3221 4264 ζωογονεῖο
3253 4193 3353 4246 οὐκ
3377 4192 3486 4260 ἄρα
3513 4188 3726 4258 ἁνθρω·

2146 4315 2246 4362 πος
2274 4299 2301 4350 6
2327 4295 2576 4367 Χριστός.
2620 4293 2773 4359 Ὀρθ.
2803 4288 3032 4360 Χριστὸς
3063 4285 3118 4338 δὲ
3145 4283 3233 4338 διὰ
3260 4280 3420 4334 τοῦτο
3441 4278 3722 4346 ζωγονεί,

2146 4388 2333 4459 ἐπειδὴ
2362 4386 2494 4450 Θεὸς
2539 4383 2729 4452 Λόγος,
2779 4381 2992 4453 μορφὴν
3021 4377 3206 4432 δούλου
3252 4372 3435 4428 λαϐὼν
3457 4411 3473 4435 ,
3515 4368 3721 4440 ἐκλήθη

2071 4498 2115 4553 ι)
2146 4480 2399 4552 Χριστός.

2220 4573 2306 4627 14.
2347 4572 2584 4625 Ἀπολλ.
2624 4567 2814 4622 Οὐδενὶ
2846 4561 3148 4633 ἀνθρώπων
3195 4555 3429 4632 ἁρμόζει
3462 4556 3639 4626 όνομα
3667 4569 3723 4605 το

2145 4663 2284 4734 ὑπὲρ
2313 4663 2418 4714 πᾶν
2445 4661 2634 4730 ὄνομα,
2669 4659 2763 4712 καὶ
2791 4660 2822 4729 ἡ
2851 4657 2979 4720 δόξα
3005 4657 3039 4726 ἡ
3071 4653 3164 4707 τοῦ
3194 4651 3354 4722 μόνου
3378 4647 3517 4701 Θεοῦ
3543 4665 3555 4677 ·
3590 4647 3721 4716 Χρι-

2147 4755 2256 4824 στῷ
2281 4753 2336 4805 δὲ
2358 4751 2613 4822 ἁρμόζει·
2646 4750 2746 4802 οὐκ
2771 4749 2878 4817 ἄρα
2903 4745 2998 4800 ἄνθ
3010 4761 3189 4815 ρωπος
3215 4744 3243 4795 6
3273 4740 3531 4812 Χριστός.
3571 4741 3721 4805 Ὄρθ.

2143 4845 2314 4899 Τοῦτο
2360 4845 2426 4898 ἂν
2474 4845 2649 4904 εἴποις
2685 4842 2782 4893 καὶ
2830 4840 2958 4910 περὶ
2997 4837 3096 4907 τῆς
3148 4833 3428 4904 Παρθένου
3477 4831 3720 4900 Μαρίας.

2144 4937 2331 4990 (οὐδενὶ
2363 4933 2665 5006 ἀνθρώπων
2685 4929 2912 5002 ἁρμόζει
2933 4928 2994 4980 τὸ
3025 4925 3290 4997 παρθένον
3309 4918 3478 4976 οὖσαν
3505 4922 3720 4973 τεκεῖν·

2144 5027 2417 5098 Παρθένος
2443 5025 2498 5077 δὲ
2525 5019 2658 5076 οὖσα
2688 5021 2871 5073 ἔτεκεν
2900 5020 2933 5089 ἡ
2967 5017 3189 5088 Μαρία’
3222 5015 3323 5067 οῦκ
3362 5012 3474 5081 ἄρα
3515 5008 3725 5081 ἄνθρω-

2143 5133 2244 5179 πος
2276 5113 2541 5186 ήΜαρία.
2575 5113 2752 5174 Ὅλως
2778 5110 2834 5164 δέ
2867 5127 2958 5162 σου
2997 5108 3093 5160 καὶ
3123 5104 3295 5166 οὕτως
3329 5101 3720 5171 ἐλεγχθήσεται

2139 5208 2200 5260 τὸ
2228 5207 2488 5277 σόφισμα.
2522 5203 2712 5258 Οὑδενὶ
2739 5201 2847 5274 γὰρ
2875 5199 3090 5270 ἀληθῶς
3112 5195 3342 5267 ἁρμόζει
3365 5195 3475 5246 τῶν
3507 5189 3720 5262 ἀνθρώ-

2144 5318 2266 5376 πωνι
2311 5300 2482 5368 όνομα
2509 5299 2570 5351 τὸ
2605 5296 2745 5366 ὑπὲρ
2786 5297 2894 5348 πᾶν
2922 5293 3120 5362 ὄνομα.
3156 5290 3251 5342 καὶ
3296 5289 3331 5356 ἡ
3362 5286 3495 5352 δόξα
3548 5286 3582 5355 ὴ
3629 5279 3717 5376 τοῦ

2148 5370 2307 5464 μόνον
2358 5393 2490 5447 Θεοῦ
2511 5411 2524 5422 ·
2581 5389 2764 5460 ἐπειδὴ
2806 5388 2978 5450 οὐδεὶς
3022 5382 3323 5452 ἀνθρώπων
3372 5377 3615 5450 Χριστὸς
3661 5370 3720 5436 ἐξ

2145 5488 2392 5554 ὲνὼσεως
2427 5487 2561 5542 Θεοῦ
2584 5487 2757 5556 Λόγου
2791 5486 2887 5540 καὶ
2923 5481 3132 5555 μορφῆς
3157 5477 3430 5548 δουλικῆς.
