3850 6226
180 347 339 404 1275

1184 342 1274 397 DE
1313 341 1586 400 SANCTA
1629 340 2006 397 TRINITATE
2047 335 2395 392 DIALOGUS
2432 336 2498 392 V.

3318 330 3459 390 ηῖι

264 462 290 515 1
303 461 354 516 5.
371 462 617 515 Ἀπολλ.
644 461 708 514 Εἰ
728 462 757 514 6
777 460 909 525 Θεὸς
929 463 987 515 ὲν
1003 460 1099 515 ἀνθ
1109 460 1276 533 ρώπῳ
1305 460 1647 532 κατῴκησεν,
1672 459 1751 512 οὐκ

1947 456 2036 511 15.
2074 455 2257 526 Apoll.
2283 456 2342 510 Si
2378 454 2526 510 Deus
2553 451 2825 508 habitavit
2854 450 2910 506 in
2933 449 3175 513 homine,
3207 466 3317 504 non
3349 450 3458 506 fuit

177 551 456 623 ὲκενώθτγ
485 550 723 622 ὲκενώθη
738 552 795 605 δὲ
815 553 843 605 6
870 554 928 605 ὲν
959 554 1138 623 μορφῇ
1160 551 1322 616 Θεοῦ,
1344 551 1556 621 μορφὴν
1579 549 1766 603 δούλου

177 641 406 697 λαϐών·
446 643 546 696 οὐκ
573 642 682 714 ἄρα
727 643 787 694 ὲν
823 630 1102 713 ἀνθρώπω
1125 641 1467 711 κατῴκησεν.
1502 641 1653 708 Ὀρθ.
1690 639 1765 693 Οὐ

177 735 303 805 γὰρ
336 737 393 788 ὲν
423 733 696 806 ἀνθρώπῳ
742 733 929 797 anno;
978 733 1300 804 κατῴκησεν
1328 735 1356 786 6
1397 732 1528 796 Θεὸς
1573 734 1764 803 Λόγος,

180 825 332 879 ἀλλά
363 825 458 879 καὶ
484 825 699 894 ἐγένετο
730 824 1035 896 ἄνθρωπος,
1084 826 1367 895 μετασχὼν
1399 825 1630 895 αἵματος
1672 825 1767 877 καὶ

182 917 427 986 σαρκὸς,
475 915 755 970 τουτέστιν
802 915 1252 987 ἀνθρωπότητοςο
1300 915 1390 969 διὰ
1439 914 1597 970 τοῦτο
1632 917 1767 987 Χρι-

184 1008 320 1071 στὸς
369 1006 431 1060 οὐ
466 1006 620 1077 ψιλὸς
666 1005 950 1078 ἄνθρωπος
1036 1005 1150 1060 ἀλλ’
1206 1007 1235 1058 6
1280 1006 1443 1071 αὐτὸς
1496 1006 1628 1070 Θεὸς
1669 1008 1764 1061 καὶ

183 1096 291 1151 ἄνθ
302 1115 483 1169 ρωπος

262 1189 352 1243 16.
412 1190 648 1245 Ἀπολλ.
695 1189 860 1253 Θεὸς,
904 1190 964 1243 ὲν
1005 1189 1278 1261 ἀνθρώπῳ
1301 1190 1622 1254 κατοικῶν,
1662 1193 1762 1244 οὐκ

177 1280 336 1334 ἔστιν
365 1280 680 1352 ἄνθρωπος’
727 1281 951 1352 Πνεῦμα
996 1282 1073 1346 δὲ,
1108 1284 1270 1353 σαρκὶ
1297 1282 1407 1353 (92)
1461 1283 1758 1354 ἡνωμένον,

176 1372 489 1444 ἄνθρωπος.
518 1372 769 1444 Χριστὸς,
792 1372 868 1437 ὼς
890 1373 1126 1444 εἴρηται,
1165 1374 1472 1445 ὁμωνύμως
1492 1393 1505 1407 ’
1536 1374 1760 1447 Πνεῦμα

176 1461 295 1533 ἄρα
342 1461 484 1515 θεῖόν
518 1463 666 1515 ἐστιν
703 1464 975 1535 ἡνωμένον
1010 1463 1192 1536 σαρκί.
1243 1466 1413 1534 Ὀρθ.»
1443 1464 1761 1538 Ἦδολέσχη-

179 1568 308 1616 σας.
334 1553 407 1606 Οὐ
434 1552 546 1624 γὰρ
565 1551 788 1624 Πνεῦμα
813 1556 976 1626 σαρκὶ
1003 1555 1282 1627 ἡνωμένον
1307 1556 1524 1620 πάντως
1550 1556 1760 1628 ἀνθρω-

178 1644 291 1705 πός
319 1645 467 1697 ἐστιν
489 1661 502 1676 ⁸
535 1645 651 1698 ἀλλ’
676 1646 909 1717 ἐγχωρεῖ
938 1647 1033 1699 καὶ
1060 1646 1184 1716 βοῦν
1211 1643 1350 1701 εἶναι
1373 1648 1469 1702 καὶ
1493 1649 1632 1708 ὄνον.
1662 1648 1757 1702 καὶ

180 1733 299 1785 πᾶν
332 1733 466 1787 εἴτι
510 1733 696 1806 ἓτερον
741 1735 849 1789 τῶν
883 1736 1159 1804 σαρκικῶν
1208 1736 1383 1801 ζώων.
1432 1738 1548 1791 ’Ὶνα
1586 1738 1643 1792 δέ
1673 1756 1755 1792 σοι

1874 548 2212 604 exinanitus.
2269 546 2341 601 At
2388 545 2706 603 exinanitus
2757 552 2862 609 est,
2896 543 3078 613 quiin
3129 541 3303 596 forma
3357 541 3455 599 Dei

1874 640 2088 709 accepit
2134 640 2280 694 servi
2321 639 2574 692 formam.
2604 636 2723 691 Non
2767 636 2933 707 igitur
2966 633 3230 689 habitavit
3261 634 3314 687 in
3350 633 3454 688 ho-

1873 731 2038 784 mine.
2063 728 2218 784 Orth.
2239 727 2444 799 Nempe
2460 728 2606 783 Deus
2634 728 2864 783 Verbum
2887 741 2994 781 non
3014 720 3337 796 simpliciter
3353 725 3452 779 ha-

1870 822 2065 877 bitavit
2099 824 2153 877 in
2196 823 2436 887 homine,
2465 823 2559 879 sed
2591 822 2755 877 etiam
2789 810 2967 875 laetus
2988 828 3073 876 est
3095 820 3281 883 homo,
3321 835 3452 889 par-

1871 914 2044 984 ticeps
2085 914 2376 984 sanguinis
2401 921 2455 968 et
2484 913 2688 976 carnis,
2721 912 2774 966 id
2800 918 2884 966 est
2917 911 3169 965 humanae
3200 917 3443 963 naturai:

1869 1006 2109 1076 ideoque
2155 1005 2448 1067 Christus.
2506 1020 2616 1060 non
2653 1013 2742 1060 est
2789 1003 3058 1058 duntaxat
3103 1001 3301 1066 homo,
3347 1000 3446 1057 sed

1869 1096 2015 1152 idem
2054 1099 2196 1152 Deus
2226 1105 2281 1152 et
2311 1097 2493 1151 homo.

1940 1187 2025 1242 to.
2060 1188 2239 1255 Apoll.
2289 1188 2434 1243 Deus
2480 1186 2738 1242 habitans
2786 1184 2844 1239 in
2872 1182 3148 1248 .bomine,
3200 1196 3311 1238 non
3357 1188 3445 1238 est

1866 1278 2071 1335 homo:
2121 1281 2217 1337 sed
2255 1278 2499 1350 Spiritus
2545 1279 2739 1335 unitus
2771 1277 2963 1342 carni,
3015 1283 3102 1330 est
3139 1275 3325 1330 homo.
3373 1273 3444 1330 At

1865 1370 2124 1428 Christus
2171 1378 2257 1428 est
2315 1372 2480 1426 homo
2528 1371 2837 1441 aquivoce,
2894 1367 3037 1423 sicut
3080 1365 3288 1421 dictum
3332 1372 3438 1422 est.

1865 1460 2098 1518 Divinus
2129 1478 2262 1533 ergo
2310 1464 2554 1534 Spiritus
2587 1469 2674 1519 est
2703 1460 2858 1517 carni
2886 1457 3096 1513 unitus.
3129 1454 3283 1512 Orth.
3322 1455 3440 1512 Nu-

1863 1553 2035 1624 garis.
2067 1554 2178 1610 Nec
2205 1556 2351 1610 enim
2384 1556 2429 1610 si
2464 1553 2715 1625 Spiritus
2736 1550 2891 1607 carni
2923 1548 3165 1612 uniatur,
3194 1555 3281 1602 est
3312 1561 3441 1617 pro—
3501 1614 3509 1623 θ

1865 1646 2016 1700 tinus
2054 1645 2240 1707 homo,
2269 1633 2369 1701 sed
2410 1653 2592 1716 potest
2636 1645 2801 1700 etiam
2850 1656 2976 1697 esse
3000 1641 3104 1695 bos
3138 1646 3193 1691 et
3222 1639 3436 1703 asinus,

1862 1743 1920 1790 et
1956 1734 2190 1806 quodvis
2229 1736 2378 1791 aliud
2441 1750 2700 1791 carneum
2759 1735 2984 1789 animal.
3045 1739 3114 1795 Ui
3155 1743 3285 1783 vero
3337 1728 3439 1786 tibi

180 1824 316 1895 δοθῇ
345 1824 457 1895 (95)
483 1826 576 1879 καὶ
600 1826 661 1879 τὸ
692 1825 833 1884 θεῖον
866 1823 1005 1883 εἶναι
1029 1829 1254 1901 Πνεῦμα
1276 1831 1440 1901 σαρκὶ
1462 1831 1751 1903 ἡνωμένον,

1861 1828 2197 1883 concedatur
2216 1827 2461 1883 divinum
2488 1842 2708 1897 quoque
2732 1826 2996 1892 Spiritum
3025 1830 3241 1887 unitum
3268 1824 3438 1880 illis“

180 1916 400 1989 ἀνάγκη
434 1919 603 1981 πᾶσα,
633 1919 923 1992 γενόμενον
948 1922 1233 1994 ἄνθρωπον
1275 1923 1341 1976 ὲκ
1367 1923 1625 1992 γυναικὸς
1665 1923 1758 1977 τὸν

179 2007 322 2062 Θεὸν
344 2009 536 2079 Λόγον,
564 2011 843 2083 Πνεύματι
877 2014 1040 2084 σαρκὶ
1071 2013 1332 2086 ἡνωμένῳ
1354 2015 1640 2086 ἑνωθῆναι,
1670 2017 1771 2071 ἵνα.

181 2099 473 2172 ἄνθρωπος
503 2101 750 2173 γένηται.
778 2104 906 2169 Πῶς
928 2105 1038 2178 γὰρ
1061 2102 1153 2160 οὖν
1176 2106 1408 2176 ἠδύνατο
1435 2108 1509 2179 μὴ
1539 2108 1767 2173 ἑνωθεὶςη

182 2187 495 2261 ἀνθρώπῳ;
533 2191 868 2266 Ὀμωνύμως
910 2194 966 2248 δὲ
999 2197 1099 2250 οὐκ
1133 2196 1199 2251 ἂν
1230 2197 1476 2268 εἴποιμεν
1504 2198 1596 2252 τὸν
1624 2201 1758 2268 Χριι-

184 2278 316 2332 στὸν
337 2279 644 2353 ἄνθρωπον,
676 2284 762 2337 ἵνα
805 2285 1045 2357 μὴκατὰ
1070 2289 1371 2357 φαντασίαν
1403 2291 1631 2363 νομισθῇ
1664 2292 1779 2347 ἄνθ

180 2368 426 2442 θρωπος,
453 2374 611 2445 μόνον
638 2374 699 2428 τὸ
726 2374 897 2447 ὄνομα
917 2377 1093 2433 κοινὸν
1117 2379 1274 2450 ἔχων.

257 2552 345 2609 17.
383 2552 624 2610 Ἀπολλ.
660 2557 969 2629 Ἀνθρώπου
1005 2560 1067 2614 τὸ
1109 2561 1405 2633 ἀναστῆναι
1432 2564 1505 2617 ὲκι
1522 2565 1751 2635 νεκρῶν,

182 2644 323 2698 Θεοῦ
347 2643 403 2697 δὲ
426 2646 487 2699 τὸ
507 2647 838 2718 ἀναστῆσαι·
862 2648 1097 2724 ἑκάτερα
1121 2652 1176 2704 δὲ
1195 2653 1426 2725 Χριστός
1443 2671 1459 2686 ·
1489 2654 1619 2718 Θεὸς
1645 2655 1754 2725 ἄρα

184 2736 285 2790 καὶ
309 2737 591 2810 ἄνθρωπος
617 2741 646 2792 ὁ
670 2740 850 2806 αὑτός.
876 2743 1028 2811 Ὀρθ.
1062 2764 1079 2793 ι
1104 2744 1241 2811 Δόξα
1263 2747 1321 2798 ἐν
1345 2745 1595 2814 ὑψίστοις
1612 2746 1749 2818 Θεῷ,

184 2827 284 2880 καὶ
328 2829 420 2882 ἐπὶ
450 2829 552 2901 γῆς
593 2832 801 2903 εἰρήνη,
838 2851 859 2885 a
900 2835 981 2888 ὄτι
1023 2836 1118 2889 καὶ
1158 2836 1307 2890 ἄκων
1347 2836 1448 2909 τὴν
1494 2838 1758 2909 ἀλήθειαν.

184 2917 561 2989 ὡμολόγησας.
609 2923 755 2976 Ἔδει
806 2924 916 2997 γὰρ
942 2925 1034 2979 τὸν
1081 2927 1433 2997 ἀνιστάμενον
1481 2924 1618 2982 εἶναι
1661 2931 1753 2984 καὶ

181 3009 279 3062 τὸν
303 3010 620 3069 ἀνιστῶντα.
646 3014 756 3068 Καὶ
784 3015 970 3089 ὥσπερ
999 3017 1098 3071 οὐκ
1127 3017 1193 3072 ἂν
1219 3018 1302 3090 εἴη
1333 3019 1464 3080 Θεὸς
1491 3020 1584 3074 καὶ
1618 3020 1753 3093 σὰρξ

187 3101 265 3173 μὴ
298 3101 518 3168 ἑνωθεὶς
571 3106 767 3177 σαρκὶ,
817 3106 939 3164 οὐδὲ
991 3107 1125 3174 Θεὸς
1173 3109 1268 3164 καὶ
1315 3111 1628 3184 ἄνθρωπος,
1674 3113 1758 3185 μὴ

182 3189 406 3257 ἑνωθεὶς
438 3192 728 3265 ἀνθρώπω.

260 3362 341 3418 l8.
380 3363 625 3421 Ἀπολλ.
657 3366 722 3421 Ei
762 3367 921 3438 μόνον
947 3362 1019 3439 ἦν
1051 3368 1334 3443 ἄνθρωπος
1360 3373 1390 3425 ὁ
1429 3373 1681 3446 Χριστὸς,
1709 3374 1755 3447 ἢ,

179 3454 231 3507 εἰ
264 3454 421 3524 μόνον
449 3455 603 3522 Θεὸς,
639 3459 738 3512 οὐκ
761 3457 828 3513 ἂν
848 3455 918 3531 ἦν
949 3460 1109 3532 μέσος
1131 3461 1264 3515 Θεοῦ
1297 3464 1391 3517 καὶ
1422 3464 1741 3537 ἀνθρώπων.

181 3547 316 3611 Ορθ.
342 3544 640 3618 Εὐλογητὸς
662 3549 691 3602 6
722 3547 854 3612 Θεὸς
876 3551 934 3601 ὲν
965 3551 1101 3603 πᾶσι
1132 3549 1360 3614 τούτοις,
1397 3552 1586 3624 ὅτιπερ
1607 3553 1748 3623 ὠμο-

177 3636 413 3707 λόγησας
446 3639 580 3709 μήτε
635 3638 794 3710 μόνον
837 3639 1121 3711 ἄνθρωπον
1164 3642 1257 3696 τὸν
1298 3643 1532 3715 Χριστὸν
1572 3639 1743 3702 εἶναι’.

181 3728 317 3798 μήτε
354 3729 511 3799 μόνον
544 3730 693 3784 Θεόν.
732 3731 788 3784 ’0
829 3731 938 3804 γὰρ
969 3732 1101 3795 Θεὸς
1145 3733 1276 3796 Θεός
1324 3736 1459 3799 ἐστι,
1512 3736 1607 3788 καῖ
1644 3737 1745 3789 οὐκ

176 3817 322 3883 ἐστιν
361 3818 645 3892 ἄνθρωπος
676 3821 879 3885 κοινός·
922 3823 1016 3876 καὶ
1048 3822 1332 3896 ἅνθρωπος
1373 3828 1401 3879 6
1440 3827 1614 3888 κοινὸς
1650 3827 1743 3881 ἄν·

177 3910 391 3980 θρωπός
441 3914 606 3976 ἐστιν,
662 3914 754 3967 καὶ
776 3914 876 3968 οὐκ
920 3914 1035 3969 ἐστι
1088 3916 1241 3979 Θεός.
1294 3917 1425 3980 Θεὸς
1476 3917 1743 3990 ἀνθρώπῳ

174 4000 394 4066 ὲνωθεὶς
420 4005 650 4074 Χριστός
681 4007 818 4067 ἐστι,
859 4008 1083 4079 μεσίτης
1123 4007 1256 4061 Θεοῦ
1280 4009 1375 4062 καὶ
1419 4008 1741 4080 ἀνθρώπων,

176 4093 207 4145 6
240 4092 399 4154 αὐτὸς
425 4092 557 4157 Θεὸς
579 4094 674 4147 καὶ
697 4095 793 4149 ἀνθ
802 4113 1002 4167 ρωπος.

250 4185 332 4238 19.
371 4184 615 4238 Ἀπολλ.
651 4186 715 4239 Ei
768 4186 925 4258 μόνον
967 4187 1250 4259 ἄνθρωπος
1297 4189 1329 4240 6
1355 4187 1607 4262 Χριστὸς,
1640 4189 1741 4243 οὐκ

171 4273 240 4328 ἂν
266 4274 431 4340 ἔσωζε
468 4276 558 4329 τὸν
607 4277 808 4348 κόσμον
825 4294 838 4306 ο
868 4278 963 4331 καὶ
987 4280 1037 4331 εἰ
1073 4279 1232 4350 μόνον
1256 4280 1407 4344 Θεὸς,
1442 4281 1541 4335 οὐκ
1565 4281 1630 4334 ἂν
1651 4280 1740 4334 διὰ

176 4365 378 4431 πάθους
415 4367 646 4432 ἔσωζεν·
680 4369 918 4442 ἑκάτερα
945 4370 1000 4423 δὲ
1045 4371 1277 4443 Χριστός
1298 4388 1309 4404 ·
1343 4372 1437 4426 καὶ
1467 4372 1598 4435 Θεὸς
1630 4373 1738 4441 ἄρα

173 4460 291 4513 ἐστὶ
348 4460 441 4514 καὶ
499 4460 802 4533 ἄνθρωπος.
855 4464 1007 4531 Ὀρθ.
1063 4466 1173 4517 Καὶ
1218 4465 1312 4519 νῦν
1358 4466 1733 4537 εὐγνωμόνως.

1861 1920 2037 1983 carni,
2071 1919 2298 1976 omnino
2327 1928 2506 1973 tamen
2542 1933 2770 1974 necesse
2813 1919 2918 1974 fuit
2959 1919 3129 1975 Deum
3171 1922 3433 1986 Verbum,

1858 2027 1982 2066 cum
2027 2011 2102 2066 sit
2150 2011 2326 2066 factus
2377 2010 2542 2065 homo
2572 2025 2645 2064 es
2701 2011 2954 2076 muliere,
3005 2011 3232 2082 Spiritui
3279 2014 3434 2069 carni

1858 2103 2013 2156 unito
2056 2102 2232 2164 uniri,
2266 2109 2325 2155 ut
2375 2101 2542 2155 homo
2576 2100 2750 2156 ﬁeret.
2793 2100 3079 2168 Quomodo
3117 2104 3264 2159 enim
3316 2104 3435 2160 ﬁeri

1855 2193 2021 2249 homo
2043 2193 2314 2263 potuisset
2342 2208 2453 2248 non
2480 2192 2667 2248 unitos
2683 2194 2929 2247 homini?
2951 2195 3226 2250 Christum
3249 2204 3431 2252 autem

1855 2299 2202 2354 nequaquam
2236 2283 2540 2339 dixerimus
2575 2282 2856 2339 hominem
2884 2300 3010 2340 esse
3033 2288 3332 2356 mquivoce,
3362 2301 3434 2342 ne

1856 2374 2039 2444 specie
2088 2382 2145 2430 et
2192 2375 2470 2431 communi
2516 2374 2742 2431 nomine
2787 2382 2951 2432 tenus
2992 2377 3159 2433 homo
3204 2392 3431 2436 censea-

1854 2473 1978 2520 tur.

1924 2556 2012 2611 17.
2045 2555 2227 2625 Apoll.
2262 2556 2512 2613 Hominis
2543 2564 2629 2613 est
2659 2572 2948 2629 resurgere
2974 2573 3005 2612 a
3041 2560 3298 2627 mortuis,
3327 2559 3424 2617 Dei

1854 2661 1987 2703 vero
2008 2649 2253 2703 excitare
2276 2663 2307 2702 a
2339 2647 2593 2701 mortuis.
2635 2648 2940 2718 Utrumque
2979 2650 3239 2705 convenit
3268 2650 3430 2705 Chri‘

1854 2746 1962 2794 sto.
2004 2738 2147 2793 Idem
2190 2753 2324 2807 ergo
2366 2746 2453 2794 est
2492 2738 2635 2794 Deus
2672 2746 2728 2795 et
2780 2740 2963 2793 homo.
3004 2739 3157 2794 Orlh.
3184 2758 3204 2792 ι
3241 2739 3427 2796 Gloria

1852 2830 1909 2884 in
1943 2831 2180 2885 excelsis
2227 2829 2359 2891 Deo,
2392 2838 2447 2884 et
2480 2830 2712 2885 interra
2759 2846 2862 2900 pax
2888 2833 2958 2898 θ’,
3003 2850 3022 2884 a
3069 2832 3214 2901 quod
3261 2832 3426 2888 etiam

1853 2920 2063 2975 invitus
2106 2920 2394 2976 veritatem
2434 2921 2719 2991 professus
2759 2923 2949 2978 lueris.
2994 2925 3248 2993 Oportuit
3279 2925 3426 2981 enim

1851 3013 2131 3067 Christum
2166 3028 2292 3067 esse
2327 3021 2647 3082 utrumque,
2678 3013 2728 3068 id
2763 3021 2870 3080 est,
2895 3023 2948 3070 et
2969 3031 3091 3071 eum
3116 3017 3210 3086 qui
3240 3032 3428 3073 resur-

1852 3109 2024 3172 geret,
2056 3112 2109 3157 et
2129 3117 2254 3157 eum
2282 3102 2690 3173 quiescitaret.
2728 3102 2797 3159 Et
2825 3105 3284 3174 quemadmodum
3314 3120 3425 3162 non

1776 3197 1817 3253 C
1851 3205 1999 3251 esset
2033 3193 2176 3251 Deus
2198 3206 2253 3250 et
2285 3210 2438 3258 caro,
2470 3196 2578 3251 nisi
2607 3197 2797 3252 unitos
2824 3205 2970 3252 esset
2990 3198 3140 3252 carui
3166 3214 3181 3263 ;
3216 3198 3290 3253 ita
3313 3212 3427 3254 non

1848 3290 1998 3338 esset
2038 3284 2177 3338 Deus
2200 3291 2254 3337 et
2278 3283 2463 3346 homo.
2503 3285 2609 3341 nisi
2642 3286 2832 3341 unitus
2852 3295 3000 3342 esset
3030 3287 3259 3342 homini.

1918 3374 2006 3429 18.
2042 3375 2219 3444 Apoll.
2267 3377 2327 3431 Si
2366 3375 2623 3431 Christus
2666 3386 2816 3432 esset
2852 3383 3066 3433 tantum
3116 3378 3301 3441 homo,
3339 3380 3423 3436 vel

1846 3473 2060 3521 tantum
2095 3466 2262 3530 Deus,
2295 3484 2406 3522 non
2435 3476 2585 3524 esset
2606 3470 2820 3524 medius
2846 3469 2988 3524 inter
3023 3468 3192 3525 Deum
3228 3479 3281 3526 et
3318 3473 3422 3528 ho-

1845 3559 2043 3615 mines.
2076 3558 2230 3615 Orth.
2258 3559 2591 3615 Benedictus
2622 3561 2696 3616 sit
2738 3562 3004 3617 Dominus
3033 3562 3088 3616 in
3119 3563 3205 3619 his
3240 3565 3421 3618 omni-

1842 3650 1970 3715 bus,
1993 3652 2137 3721 quod
2168 3653 2333 3707 etiam
2358 3652 2439 3707 sis
2458 3652 2747 3708 confessus
2763 3653 3059 3719 Christum,
3081 3669 3183 3708 nec
3206 3661 3418 3710 tantum

1843 3757 1967 3798 esse
1999 3742 2191 3807 Deum,
2231 3759 2332 3798 nec
2367 3754 2577 3800 tantum
2610 3760 2733 3800 esse
2769 3745 3067 3800 hominem.
3103 3747 3243 3802 Deus
3271 3748 3415 3803 enim

1842 3843 1927 3890 est
1968 3834 2148 3901 Deus,
2199 3852 2380 3906 neque
2428 3838 2591 3892 homo
2638 3839 2948 3894 communis
2977 3852 3098 3894 est:
3150 3847 3205 3894 et
3254 3841 3418 3897 homo

1843 3929 2181 3990 Cﬂmlllllis,
2213 3937 2299 3983 est
2347 3930 2530 3990 homo.
2568 3940 2623 3984 at
2668 3947 2778 3984 non
2831 3929 2994 3986 Deus.
3048 3931 3243 3988 Unitus
3275 3935 3417 3989 Deus

1844 4017 2052 4070 homini
2101 4024 2186 4072 est
2238 4018 2512 4085 Christus,
2564 4021 2834 4075 mediator
2880 4020 2975 4075 Dei
3023 4028 3078 4075 et
3103 4021 3416 4088 hominum,

1841 4107 1969 4177 ipse
1991 4117 2045 4162 et
2078 4108 2223 4162 Deus
2244 4116 2304 4164 et
2322 4109 2488 4163 homo

1917 4196 2004 4253 £9.
2038 4199 2219 4266 Apoll.
2257 4200 2312 4253 Si
2345 4207 2555 4254 ιοηιιιιιι
2593 4200 2758 4257 homo
2787 4201 2977 4258 fuisset
3003 4203 3286 4271 Christus,
3301 4218 3417 4259 non

1840 4298 2122 4344 servasset
2152 4294 2437 4346 mundum.
2469 4292 2540 4345 A1
2572 4294 2618 4347 si
2649 4302 2856 4349 tantum
2886 4296 3079 4352 luisset
3111 4299 3274 4360 Deus,
3302 4312 3414 4351 non

1839 4394 2114 4436 servasset
2145 4397 2240 4452 per
2274 4384 2606 4451 passionem.
2642 4385 2943 4457 Utrumque
2973 4389 3230 4444 convenit
3251 4388 3419 4444 Chri-

1838 4478 1946 4525 sto.
1977 4471 2073 4528 Est
2104 4474 2272 4542 igitur
2308 4482 2363 4528 et
2403 4476 2547 4530 Deus
2575 4483 2629 4530 et
2658 4475 2842 4531 homo.
2875 4476 3025 4535 Orth.
3049 4480 3112 4533 Et
3143 4481 3248 4536 hoc
3272 4495 3412 4550 quo-

187 4552 419 4621 ’Λνάγκη
443 4551 552 4624 γὰρ
576 4554 653 4623 τῷ
674 4553 836 4607 πάθει
864 4554 1259 4628 ἀνθρωπὸτητα
1279 4558 1616 4622 ὑποκεῖσθαι,
1640 4560 1735 4612 καὶ

1859 4581 1948 4634 [ue
1982 4567 2173 4635 probe.
2216 4565 2340 4620 Fuit
2384 4567 2528 4622 enim
2574 4583 2800 4623 necesse
2835 4569 3129 4625 humanam
3160 4579 3416 4626 naturam

171 4643 272 4711 τῆς
302 4641 445 4713 ζωῆς
478 4642 707 4716 θεότητα
734 4645 981 4716 ἡγεῖσθαι
1033 4646 1169 4700 Οὔτε
1201 4644 1292 4702 ὠν
1322 4647 1623 4712 ὲζωοποίει,
1659 4650 1745 4720 μὴ,

171 4733 248 4785 ὣν
285 4734 433 4797 Θεὸς,
466 4733 588 4788 οὔτε
619 4735 854 4806 ἔπασχεν
886 4738 1149 4803 ἑκουσίως
1190 4739 1265 4811 μὴ
1293 4739 1371 4794 ὢν
1415 4740 1742 4813 ἅνθρωποςλ

171 4825 450 4896 ἀμφότερα
475 4826 531 4879 δὲ
552 4828 804 4898 Χριστὸς,
842 4830 938 4883 καὶ
962 4829 1130 4885 ἔπαθε
1164 4833 1259 4886 καὶ
1278 4830 1576 4897 ὲζωοποίεν
1602 4832 1739 4897 Θεὸς

176 4918 285 4986 ἄρα
317 4915 432 4969 ἐστὶ
461 4917 553 4970 καὶ
586 4917 891 4989 ἄνθρωπος.

238 5094 325 5151 20.
364 5096 598 5151 Ἆπολλ.
629 5098 692 5150 Εἰ
718 5098 875 5168 μόνον
900 5098 1184 5170 ἄνθρωπος
1207 5095 1275 5170 ἦν
1306 5103 1334 5155 6
1354 5101 1605 5173 Χριστὸς,
1632 5102 1732 5155 οὐκ

173 5185 240 5240 ἂν
272 5185 547 5249 ὲζωοποιει
572 5191 698 5253 τοὺς
730 5190 985 5262 νεκρούς·
1027 5191 1122 5245 καὶ
1148 5194 1196 5245 εἰ
1244 5194 1402 5263 μόνον
1435 5194 1587 5258 Θεὸς,
1629 5196 1731 5248 οὐκ

174 5277 240 5331 ἂν
271 5276 371 5347 ἰδίᾳ
415 5279 566 5350 παρά
592 5281 683 5334 τὸν
733 5281 952 5353 Πατέρα
998 5281 1277 5347 ὲζωοποίει
1306 5284 1458 5349 τινὰς
1502 5286 1611 5341 τῶν
1645 5303 1731 5341 νε-

172 5365 346 5438 κρῶψ
382 5368 619 5442 ἑκάτερα
648 5370 705 5424 δὲ
743 5373 975 5443 Χριστός
994 5389 1005 5398 ·
1033 5373 1164 5437 Θεὸς
1188 5375 1294 5446 ἄρα
1326 5376 1418 5428 καὶ
1446 5376 1728 5447 ἄνθρωπος

242 5479 284 5511 ⁹²
320 5479 452 5539 Luc.
489 5498 564 5545 ιι,
600 5483 687 5539 ﬂ.

242 5630 347 5707 (91.!)
376 5630 569 5707 Ralat,
598 5635 889 5707 ἡνωμένον
910 5638 1054 5707 ἐστὶν
1085 5637 1358 5707 ἡνωμένον
1393 5639 1572 5707 σαρκί.

1842 4657 2123 4713 substerni
2184 4658 2465 4727 passioni,
2512 4669 2566 4714 et
2613 4660 2871 4715 deitatem
2920 4661 3115 4717 ducem
3172 4678 3295 4718 esse
3342 4661 3414 4717 ad

1836 4749 2041 4803 vitam-
2073 4748 2264 4818 Itaque
2292 4750 2403 4805 nisi
2430 4749 2574 4805 Deus
2615 4760 2794 4818 esset,
2834 4768 2946 4808 non
2995 4753 3325 4818 viviﬁcaret,
3356 4760 3412 4808 et

1838 4838 1946 4894 nisi
1968 4838 2165 4896 fuisset
2188 4840 2369 4896 homo.
2397 4857 2506 4896 non
2531 4858 2728 4914 passus
2751 4845 2942 4901 fuisset
2968 4846 3173 4900 volens.
3191 4845 3413 4901 Utrum.

1837 4943 1944 4993 que
1982 4943 2112 4983 vero
2134 4930 2354 4986 Christo
2381 4935 2659 5000 convenit,
2685 4950 2808 4989 nam
2840 4951 3038 5006 passus
3066 4944 3152 4992 est
3186 4946 3240 4993 et
3272 4938 3411 4991 vivi-

1839 5017 2064 5073 ﬁcavit:
2097 5030 2184 5076 est
2217 5021 2386 5092 igitur
2413 5031 2468 5079 et
2501 5027 2643 5081 Deus
2664 5035 2719 5081 et
2747 5026 2933 5081 hamo.

1904 5107 2073 5180 468
2110 5110 2203 5166 20.
2251 5112 2426 5180 Apoll.
2459 5113 2517 5169 Si
2550 5114 2806 5172 Christus
2848 5116 3009 5170 homo
3035 5122 3243 5171 tantum
3273 5115 3411 5172 fuis-

1834 5211 1938 5263 set,
1980 5217 2086 5255 nun
2124 5203 2462 5260 vivillcasset
2506 5215 2787 5262 mortuos:
2819 5214 2874 5261 et
2917 5207 2965 5263 si
3013 5216 3225 5261 tantum
3263 5207 3406 5265 Deus

1835 5291 2062 5356 fuisset,
2122 5294 2306 5350 nullos
2386 5305 2635 5352 mortuos
2697 5297 2925 5354 seorsim
2982 5313 3012 5352 a
3060 5298 3223 5354 Patre
3270 5300 3405 5354 vivi»

1836 5385 2078 5441 ﬁcassct.
2114 5385 2421 5457 Utrumque
2451 5403 2580 5443 vero
2605 5388 2733 5445 ferit
2761 5388 3034 5445 Christus.
3064 5389 3209 5445 Idem
3241 5388 3412 5461 igitur

243 5703 348 5773 (95)
372 5702 504 5760 Mss.
532 5702 656 5777 δοθῇ
688 5702 780 5761 κάἰ
805 5702 1141 5778 ἀνθρώπινον
1162 5707 1300 5764 εἶναι
1326 5702 1571 5781 Πνεῦμα,
1596 5711 1711 5779 sed,
1738 5730 1751 5767 a

1859 5713 2010 5780 Θεὸν,
2048 5715 2286 5771 secunda
2321 5708 2505 5771 manu.
