3850 6226
426 297 561 353 1275
1551 292 1608 346 S.
1649 280 2046 345 ATHANASiU

2156 317 2221 329 -
2268 284 2538 341 SPL’RIA.
3535 274 3688 330 πετο

424 429 509 475 est
568 421 708 473 Deus
757 425 811 471 et
859 417 1038 471 homo.
1096 415 1248 471 Orth.
1298 416 1554 470 Christus
1603 413 1823 483 quidem
1884 420 2049 471 nonA

2156 409 2328 472 κύτός.
2374 412 2528 475 Ὀρο.
2577 406 2651 458 Οὐ
2696 403 2853 474 μόνον
2890 402 2988 472 μὲν
3037 395 3321 470 ἄνθρωπος
3357 391 3433 483 ᾖν
3464 398 3493 448 6
3533 397 3688 467 Χρι-

428 520 637 566 ιτιιιιιιιιι
668 509 769 561 luit
799 509 984 559 homo.
1004 505 1132 559 Nam
1167 520 1236 559 ne
1262 504 1516 559 Chrisms
1538 481 1758 573 quidem
1784 503 1996 565 luisset,

2156 500 2251 562 :6;'
2281 498 2400 552 οὐδὲ
2436 496 2541 569 γὰρ
2583 496 2650 548 ἂν
2680 490 2748 564 ἦν
2782 490 3035 563 Χριστὸς,
3066 491 3114 542 εἰ
3160 489 3319 558 μόνον
3350 481 3419 556 ἧν
3461 484 3687 555 ἀνθρω-

427 604 472 658 si
508 609 720 655 tantum
761 600 953 653 fuisset
982 599 1165 651 hamo.
1200 596 1493 651 Viviﬁcaus
1522 607 1705 650 tamen
1733 606 1999 654 mortuos,

2156 607 2228 653 ξς·
2266 588 2545 654 ζωοποιῶν
2585 586 2641 640 δὲ
2688 586 2813 649 τοὺς
2851 584 3096 652 νεκροὺς,
3129 580 3229 633 ούκ
3260 578 3363 648 ἰδίᾳ
3392 576 3551 647 παρὰ
3588 575 3689 627 τὸν

430 694 659 747 minime
691 693 841 760 ipsos
867 690 1154 743 viviticavit
1192 690 1421 743 Seorsim
1452 704 1481 741 a
1506 687 1686 743 Patre.
1720 685 2003 753 Quomodo

2156 681 2321 750 ατέρα
2374 680 2645 745 ζωοποιεῖ.
2682 676 2808 739 Πῶς
2863 675 2968 746 γὰρ
3000 672 3211 739 ἔλεγεν,
3249 688 3268 720 ι
3318 670 3376 721 Ὀ
3642 669 3693 760 Δὁ

430 784 576 839 enim
630 782 901 842 dixisset,
947 800 965 832 ι
1005 780 1164 836 Pater
1195 781 1251 834 in
1303 794 1388 834 me
1430 794 1679 843 manens,
1725 778 1843 847 ipse
1876 776 2004 830 facit

2156 787 2163 815 ν
2198 771 2319 840 ἐμοὶ
2374 770 2550 839 μένων
2616 769 2761 819 ποιεῖ
2804 766 2872 817 τὰ
2899 764 3035 835 ἔργα
3069 762 3260 824 αὐτὸς,
3305 778 3324 811 ι
3368 758 3532 828 εἰπερ
3581 756 3693 827 ἰδία

433 890 601 943 opera
626 876 671 907 ”
693 915 707 940 ,
742 893 759 924 ι
796 874 841 926 si
887 870 1116 927 seorsim
1151 887 1180 924 a
1227 871 1387 925 Patre
1423 871 1774 924 viviﬁcasset.
1820 868 2008 936 Itaque

2156 863 2257 932 ιρὰ
2305 861 2397 914 τὸν
2458 859 2679 930 Πατέρα
2744 857 3024 920 ζωοποιεῖ;
3104 853 3206 906 κᾶν
3264 851 3444 905 τοίνυν
3511 848 3690 919 λέγῃ,

433 965 649 1019 etiamsi
693 964 880 1027 dicat,
936 983 954 1014 ι
998 963 1153 1017 Sicut
1191 961 1352 1016 Pater
1401 964 1606 1015 excitat
1659 968 1906 1014 mortuos
1956 968 2009 1014 et

2162 953 2374 1023 Ὥσπερ
2399 953 2428 1005 6
2446 949 2635 1021 Πατὴρ
2662 948 2863 1019 ἐγείρει
2886 946 3010 1009 τοὺς
3033 945 3258 1015 νεκροὺς
3280 944 3373 996 καὶ
3402 945 3695 1010 ζωοποιεῖ,

438 1057 700 1127 virilicat,
734 1055 807 1107 ita
846 1062 899 1107 et
934 1053 1131 1117 Filius,
1164 1068 1301 1122 quos
1333 1054 1451 1106 vult
1484 1052 1724 1106 viviﬁca:
1747 1052 1815 1116 “,
1846 1070 1864 1103 ι
1899 1068 2008 1105 ιιοιι

2156 1043 2282 1106 ὅτως
2312 1042 2405 1094 καὶ
2432 1043 2461 1094 6
2499 1040 2649 1103 Υἱὸς,
2689 1038 2781 1102 οὒς
2809 1037 2950 1091 θέλει
2983 1034 3254 1100 ζωοποιεῖ,
3280 1055 3298 1086 ι
3342 1037 3406 1089 ού
3442 1054 3695 1107 κεχωρι-

437 1147 571 1200 dicit
605 1161 664 1201 se
696 1146 800 1198 hoc
843 1144 1022 1199 facere
1060 1145 1316 1213 quapiam
1352 1141 1591 1196 enicat-ia
1638 1142 1931 1213 separatim
1980 1157 2011 1194 a

2156 1134 2323 1204 μένως
2358 1134 2493 1202 (95’)
2530 1131 2624 1184 τοῦ
2647 1130 2861 1201 Πατρὸς
2883 1132 3003 1182 κατ’
3028 1129 3305 1199 ἐνέργειαν
3326 1127 3489 1181 τοῦτο
3511 1132 3698 1180 ποιεῖν

440 1236 624 1298 Patre,
666 1236 763 1290 sed
803 1236 877 1288 ita
925 1235 1191 1304 loquitur,
1230 1247 1290 1288 ut
1329 1251 1431 1289 nos
1473 1234 1669 1288 doceat
1698 1250 1811 1289 suae
1839 1234 2011 1305 hypo-

2156 1226 2278 1293 ἑγει,
2302 1224 2437 1277 ἀλλὰ
2464 1224 2524 1277 τὸ
2554 1222 2835 1285 αὐτοτελὲς
2860 1221 2959 1291 τῆς
2989 1219 3178 1274 ἑαυτοῦ
3218 1220 3577 1279 ὑποστάσεως
3613 1221 3698 1271 6:-

442 1340 658 1382 stascos
689 1326 1078 1395 perfectionem
1107 1325 1162 1378 in
1200 1340 1321 1379 sese
1357 1325 1687 1379 absolutam.
1733 1324 1843 1378 Nec
1869 1324 2013 1378 enim

2156 1317 2323 1370 ῑισκων
2362 1315 2528 1385 ἡμᾶς.
2563 1312 2637 1368 Οὐ
2687 1314 2796 1384 γὰρ
2828 1312 3020 1375 ἄλλους
3065 1310 3263 1380 ἐγείρει
3308 1311 3336 1361 6
3381 1309 3580 1380 Πατὴρ
3609 1325 3700 1360 νε-

442 1417 583 1471 alius
616 1417 837 1485 quidem
894 1425 1144 1470 mortuos
1180 1415 1384 1469 excitat
1414 1424 1469 1469 et
1523 1416 1765 1469 vivilicat
1812 1413 2012 1480 Pater,

2156 1410 2281 1481 ροὺς
2313 1411 2407 1462 καὶ
2440 1408 2707 1472 ζωοποιεῖ,
2733 1407 2826 1460 κατ⁹
2849 1406 3036 1470 ἄλλους
3062 1408 3091 1459 6
3125 1405 3251 1468 Υἱός

443 1506 583 1560 alios
618 1520 746 1559 vero
777 1506 971 1559 Filius.

516 1598 606 1651 21.
642 1597 819 1665 Apoll.
858 1597 1030 1652 llomo
1060 1606 1218 1653 actus
1252 1612 1281 1650 a
1321 1596 1430 1651 Deo
1462 1610 1573 1650 non
1607 1603 1691 1650 est
1725 1596 1888 1660 Deus,
1922 1597 2016 1653 sed

2187 1601 2278 1657 21.
2323 1601 2565 1655 Ἀπολλ.
2599 1601 2935 1672 Ἀνθρωπος,
2967 1599 3072 1652 ὑπὸ
3111 1597 3244 1651 Θεοῦ
3278 1597 3699 1668 ὲνεργούμενος,

446 1706 647 1759 corpus
682 1689 793 1744 Deo
832 1690 1192 1757 conjunctum
1223 1698 1310 1744 est
1340 1688 1507 1743 Deus.
1548 1688 1617 1742 At
1650 1689 1904 1743 Christus
1934 1697 2019 1744 est

2156 1693 2176 1745 ἰι
2207 1692 2357 1754 Θεός·
2379 1692 2533 1763 σῶμα
2553 1692 2611 1745 δὲ
2639 1690 2902 1760 συναφθὲν
2923 1690 3060 1760 Θεῷ,
3082 1689 3231 1752 85.6;-
3261 1689 3393 1751 Θεὸς
3418 1688 3477 1740 δὲ
3508 1690 3539 1739 6
3564 1687 3608 1740 Χ
3624 1705 3705 1757 ρι-

450 1781 615 1835 Deus.
650 1780 765 1833 Non
796 1790 879 1835 est
904 1781 1071 1850 igitur
1097 1782 1266 1835 homo
1288 1791 1444 1833 actus
1467 1794 1498 1832 a
1531 1778 1663 1843 Deo,
1694 1780 1790 1834 sed
1818 1796 2019 1850 corpus

2156 1781 2275 1842 τός’
2325 1782 2428 1833 οὐκ
2475 1781 2584 1850 ἄρα
2614 1780 2721 1832 ὑπὸ
2767 1777 2903 1832 Θεοῦ
2938 1778 3325 1850 ὲνεργούμενος
3372 1776 3700 1847 ἄνθρωπος,

450 1884 578 1922 cum
616 1869 726 1922 Deo
748 1871 1132 1938 compositum.
1164 1867 1316 1923 Orlh.
1350 1865 1467 1919 Non
1494 1874 1579 1920 est
1609 1865 1829 1933 quidem
1858 1865 2018 1919 Chri-

453 1967 576 2014 stus
610 1959 774 2013 homo
803 1973 956 2014 actus
987 1975 1016 2012 a
1044 1958 1172 2024 Deo,
1206 1960 1299 2014 sed
1328 1959 1469 2013 Deus
1492 1957 1722 2023 homini,
1748 1966 1808 2010 ut
1827 1964 1884 2011 tu
1908 1958 2022 2026 ipse

454 2048 773 2111 nominasti,
806 2048 1154 2128 conjunctus.
1188 2048 1322 2101 Nam
1363 2050 1409 2103 si
1457 2056 1634 2119 potest
1667 2062 1873 2117 corpus
1918 2048 2025 2100 Deo

455 2139 739 2209 conjungi,
768 2147 947 2209 potest
973 2139 1134 2193 etiam
1157 2146 1307 2194 totus
1341 2140 1504 2193 homo
1529 2139 1639 2193 Deo
1667 2137 1949 2207 conjungi,
1974 2146 2027 2190 et

459 2230 602 2287 idem
630 2246 754 2285 esse
785 2232 930 2286 Deus
965 2238 1020 2285 et
1070 2232 1254 2294 homo,
1290 2232 1432 2285 sicut
1473 2245 1602 2284 caro
1630 2238 1683 2284 et
1732 2230 1873 2284 Deus
1914 2229 2029 2298 ipse

457 2329 565 2379 est.
596 2319 739 2387 Quid
770 2336 934 2391 porro
965 2322 1147 2376 dicere
1166 2320 1391 2375 voluisti
1409 2335 1541 2374 cum
1559 2319 1795 2382 diceres,
1828 2330 2030 2386 corpus

462 2410 573 2465 Deo
607 2410 961 2479 conjunctum
1024 2412 1185 2475 Deus,
1221 2411 1430 2481 ignoro.
1447 2411 1660 2483 Corpus
1691 2409 1836 2463 enim
1869 2423 2032 2464 vocas

462 2504 910 2574 Deum,ideoque
952 2519 1163 2574 corpus-
1196 2517 1304 2558 nen
1339 2511 1426 2558 est
1451 2522 1475 2557 ξ
1498 2502 1587 2557 vel
1620 2501 1787 2556 Deum
1830 2515 2032 2571 corpus

462 2608 637 2648 vocas
664 2594 832 2649 Deum
864 2603 1087 2663 propter
1112 2592 1267 2659 illud,
1297 2591 1444 2663 quod
1475 2598 1560 2645 est
1587 2590 1637 2645 ei
1677 2589 2032 2659 conjunctum

466 2685 583 2738 sive
619 2686 1005 2753 compositum.
1039 2681 1325 2748 Quomodo
1367 2694 1498 2735 vero
1533 2679 1674 2733 Deus
1712 2677 1785 2733 sit
1816 2685 2033 2740 natura,

465 2774 563 2842 qui
611 2773 846 2841 alicujus
886 2788 1056 2827 causa
1101 2773 1243 2826 Deus
1293 2771 1401 2825 sit?
1451 2770 1559 2825 Nos
1592 2784 1725 2824 vero
1758 2769 2036 2823 Christum

468 2880 580 2920 non
604 2864 840 2920 dicimus
870 2880 993 2919 esse
1032 2862 1200 2918 Deum
1230 2863 1301 2917 ob
1328 2863 1473 2915 illam
1509 2876 1635 2914 cum
1668 2875 1895 2929 corpore
1927 2861 2039 2913 sive

467 2953 693 3008 homine
738 2954 1223 3023 conjunctioncm:
1268 2951 1367 3007 sed
1410 2952 1579 3004 Deum
1618 2958 1842 3021 pr0pter
1879 2958 2041 3003 natu-

2122 1872 2257 1926 ἀλλὰ
2281 1872 2438 1942 σῶμα
2457 1873 2609 1942 ,πρὸς
2632 1871 2765 1925 Θεὸν
2795 1871 3063 1925 συντεθέν.
3093 1872 3247 1938 Ὀρθ.
3265 1870 3379 1922 Ούκ
3410 1869 3705 1940 ἄνθρωπος

2128 1964 2225 2032 μὲν
2256 1964 2359 2016 ὑπὸ
2390 1963 2523 2016 Θεοῦ
2575 1963 2965 2035 ἐνεργούμενος
3004 1964 3032 2014 6
3072 1961 3334 2033 Χριστὸς,
3383 1960 3526 2014 ἀλλὰ
3570 1960 3709 2023 Θεὸς

2124 2053 2506 2125 ἁνθρὼπῳ,ὡς
2538 2055 2699 2117 αὐτὸς
2728 2053 3035 2125 ὠνόμασας,
3071 2051 3363 2114 συντεθεὶς,
3393 2052 3567 2122 ἤγουν
3595 2052 3710 2120 (94)

2128 2146 2367 2210 ἑνωθείς.
2401 2149 2463 2200 Εἰ
2487 2146 2595 2218 γὰρ
2626 2147 2846 2199 δύναται
2879 2146 3037 2216 σῶμα
3066 2145 3184 2215 Θεῷ
3223 2146 3511 2215 ὲνωθῆναι,
3540 2146 3712 2214 ἣγουν

2130 2238 2448 2307 συντεθῆναι
2482 2237 2722 2301 δύναται,
2771 2238 2864 2290 καὶ
2915 2237 3031 2299 ὅλος
3071 2235 3350 2306 ἄνθρωπος
3383 2235 3715 2304 συντεθῆναι

2129 2325 2268 2397 Θεῷ,
2298 2327 2391 2379 καὶ
2423 2324 2561 2381 εἶναι
2598 2326 2731 2389 Θεὸς
2764 2329 2858 2380 καί¹
2886 2326 3170 2399 ἄνθρωπος
3199 2327 3228 2378 6
3258 2325 3444 2387 αὐτὸς,
3470 2323 3553 2386 ὡς
3578 2323 3720 2394 σὰρξ

2132 2419 2225 2471 καὶ
2258 2418 2391 2482 Θεὸς
2416 2419 2444 2470 ὁ
2489 2419 2667 2481 αὑτός.
2702 2419 2767 2471 Τί
2798 2419 2854 2470 δὲ
2885 2418 2978 2470 καὶ
3006 2417 3182 2486 λέγειν
3212 2415 3510 2486 ἠθέλησας.
3554 2416 3720 2485 σῶμα

2132 2506 2251 2576 Θεῷ
2280 2506 2547 2576 συναφθὲν
2568 2507 2722 2572 Θεὸς,
2744 2507 2937 2574 λέγων,
2956 2505 3134 2575 ἀγνοῶ
3155 2504 3289 2575 (95).
3313 2504 3387 2556 Τὸ
3417 2504 3531 2574 γὰρ
3558 2505 3721 2574 σῶμα

2133 2598 2264 2651 Θεὸν
2293 2598 2492 2667 λέγεις,
2519 2599 2611 2652 καὶ
2638 2600 2738 2650 οὐκ
2763 2598 2878 2651 ἐστι
2905 2597 3061 2668 σῶμα
3078 2614 3093 2626 ο
3121 2597 3154 2667 ἦ
3177 2596 3268 2648 τὸν
3287 2594 3420 2648 Θεὸν
3439 2594 3531 2647 διὰ
3558 2595 3722 2647 τοῦτο

2134 2690 2268 2743 Θεὸν
2293 2729 2308 2754 ,
2348 2690 2446 2744 διὰ
2482 2690 2542 2742 τὸ
2590 2689 2860 2758 συναφθὲν
2885 2731 2899 2751 ,
2932 2690 3098 2759 ἤγουν
3136 2687 3245 2758 (96)
3288 2686 3567 2739 συντεθέν.
3608 2686 3722 2737 Καὶ

2138 2779 2255 2843 πῶς
2285 2779 2442 2850 φύσει
2477 2781 2628 2843 Θεὸς.
2658 2781 2686 2831 6
2714 2779 2803 2832 διά
2831 2797 2882 2832 τι
2913 2778 3075 2842 Θεός;
3105 2779 3296 2848 Ἡμεῖς
3324 2777 3381 2830 δὲ
3408 2777 3468 2829 ού
3504 2776 3598 2828 διὰ
3624 2775 3721 2846 τὴν

2138 2871 2274 2942 πρὸς
2294 2872 2356 2924 τὸ
2391 2871 2549 2942 σῶμα
2578 2869 2826 2923 σύνθεσιν
2863 2870 2993 2922 Θεὸν
3030 2869 3284 2939 λέγομεν,
3325 2867 3449 2920 οὔτε
3487 2868 3581 2921 διὰ
3626 2868 3722 2938 τὴν

2141 2962 2276 3034 πρὸς
2308 2962 2591 3034 ἄνθρωπον
2616 3005 2631 3025 ,
2667 2961 2802 3015 ἀλλὰ
2847 2960 2977 3014 Θεὸν
3024 2960 3113 3013 διὰ
3157 2961 3258 3031 τὴν
3296 2959 3459 3028 φύσιν
3503 2959 3604 3032 τὴν
3660 2962 3721 3011 ἐκ

469 3060 611 3108 ram,
638 3060 800 3114 quam
831 3061 899 3099 ex
935 3047 1093 3099 l'atre
1115 3045 1317 3098 habet:
1351 3042 1629 3096 Christum
1660 3056 1792 3095 vero
1820 3049 2042 3111 propter

2156 3055 2386 3123 [Ιατρὸςο
2442 3053 2677 3123 Χριστὸν
2725 3053 2782 3105 δὲ
2821 3051 2909 3106 διὰ
2954 3052 3052 3123 τὴν
3105 3051 3199 3104 τοῦ
3243 3050 3429 3103 δούλου
3480 3052 3719 3123 μορφὴν,

472 3137 620 3191 servi
651 3136 903 3201 formam,
932 3138 1212 3204 unionem,
1235 3136 1351 3191 sive
1389 3134 1867 3204 compositionem,
1899 3143 1959 3187 ut
1984 3141 2042 3185 tu

2156 3104 2353 3123 ψέγε,
2443 3104 2743 3123 ηνκηκ
3010 3104 3020 3123 ,
3480 3104 3495 3121 ,

2156 3143 2358 3208 ἕνωσιν,
2388 3143 2554 3214 ἤγουν
2593 3143 2860 3207 σύνθεσιν,
2894 3143 2969 3207 ὡς
2999 3142 3160 3205 αὐτὸς
3189 3141 3505 3213 ὠνόμασας.

474 3227 595 3298 ipse
624 3228 913 3297 appellasti

547 3320 636 3375 22.
669 3321 844 3390 Apoll.
879 3321 936 3374 Si
983 3320 1083 3375 Dei
1120 3321 1381 3390 templum
1412 3327 1599 3374 natum
1640 3326 1726 3373 est
1766 3333 1830 3372 ex
1858 3317 2047 3382 Maria,

477 3427 884 3483 supervacanea
933 3421 1019 3467 est
1066 3429 1209 3467 nova
1251 3413 1344 3466 illa
1380 3412 1640 3466 nativitas
1691 3426 1760 3465 ex
1807 3409 2050 3480 Virgine,

479 3519 606 3559 cum
639 3505 846 3575 absque
889 3504 1160 3573 ejusmodi
1214 3504 1502 3559 nativitate
1543 3502 1793 3557 homines
1834 3516 2054 3571 quoque

481 3597 595 3651 sint
621 3595 715 3651 Dei
745 3597 965 3665 templa.
1001 3596 1154 3651 Orlh.
1189 3594 1452 3665 Oppugna
1478 3609 1636 3650 sacra
1660 3594 1969 3664 Evangelia,
1998 3605 2057 3649 ut

482 3687 716 3742 audias:
768 3705 786 3737 ι
822 3688 1024 3741 Durum
1067 3698 1151 3742 est
1183 3689 1279 3742 tibi
1321 3695 1514 3742 contra
1564 3687 1848 3742 stimulum
1892 3689 2054 3741 calci-

482 3779 709 3833 trare".
735 3797 753 3830 ι
784 3777 923 3831 Audi
953 3778 1098 3833 enim
1130 3777 1418 3832 Dominum
1452 3778 1722 3832 dicentem
1751 3796 1764 3831 :
1807 3795 1825 3828 ι
1854 3778 2058 3833 Solvite

486 3871 747 3938 templum
778 3870 901 3933 hoc,
924 3877 978 3923 et
1009 3872 1065 3925 in
1092 3872 1269 3926 tribus
1295 3871 1489 3925 diebus
1518 3871 1768 3925 excitabo
1796 3870 1929 3925 illud
1945 3870 2010 3925 “.
2035 3891 2054 3921 ι

486 3957 716 4014 Etiamsi
756 3976 883 4013 vero
910 3961 1157 4014 nonnulli
1181 3961 1427 4015 homines
1460 3961 1569 4017 sint
1593 3961 1815 4030 templa,
1836 3975 1944 4013 non
1978 3967 2062 4013 ta-

487 4064 612 4103 men
647 4049 718 4102 ita
751 4058 879 4104 sunt
911 4054 1111 4120 templa
1133 4091 1147 4115 ,
1184 4063 1442 4121 tanquam
1476 4052 1639 4106 etiam
1674 4052 1877 4106 Christi
1906 4070 1919 4105 :
1960 4066 2061 4105 nec

488 4140 780 4208 quisquam
815 4156 1005 4195 eorum
1039 4153 1115 4197 est
1149 4143 1402 4197 Christus
1431 4142 1765 4212 conjunctus
1793 4160 1916 4197 cum
1952 4143 2062 4197 Deo

491 4229 707 4297 Verbo;
760 4234 887 4285 nolo
925 4234 1070 4288 enim
1108 4234 1392 4289 discedere
1421 4250 1450 4286 a
1483 4243 1578 4288 tuo
1603 4236 1889 4299 vovabulo,
1926 4242 1984 4288 ut
2014 4245 2065 4289 te

491 4338 558 4375 ex
605 4331 699 4376 tuo
740 4323 918 4393 ipsius
966 4338 1061 4378 ore
1091 4325 1148 4377 in
1195 4325 1523 4378 sententiam
1555 4340 1731 4378 meam
1776 4325 2061 4379 adducam.

2217 3324 2306 3378 22.
2338 3325 2594 3377 ·Ἀπο.1.ῑ.
2629 3324 2693 3376 Εἰ
2730 3321 2863 3375 Θεοῦ
2908 3320 3034 3383 ναὸς
3070 3319 3330 3391 ἐγεννήθη
3371 3321 3437 3373 ἐκ
3476 3320 3581 3390 τῆς
3609 3321 3724 3373 Μα-

2152 3413 2303 3485 ρίας,
2354 3415 2582 3485 περιττὴ
2609 3415 2642 3483 ἡ
2676 3413 2930 3482 καινότης
2974 3410 3072 3480 τῆς
3110 3415 3174 3464 ἐκ
3215 3410 3498 3481 Παρθένου
3538 3413 3723 3480 γεννή-

2153 3519 2321 3567 σεως’
2376 3503 2494 3556 ναοὶ
2526 3502 2634 3574 γὰρ
2675 3501 2810 3556 Θεοῦ
2870 3504 2963 3556 καὶ
3012 3504 3139 3557 ἄνευ
3172 3501 3379 3572 ταύτης
3424 3502 3721 3572 ἄνθρωποι.

2165 3596 2307 3664 Ὀρθ.
2341 3596 2531 3665 Μάχου
2573 3597 2686 3658 τοῖς
2728 3594 2890 3658 θείοις
2922 3594 3291 3663 Εὔαγγελίοις,
3328 3594 3417 3646 ἵνα
3451 3593 3723 3663 ἀκούσῃς·

2160 3709 2180 3741 ‹
2204 3689 2445 3757 Σκληρόν
2496 3705 2577 3741 σοι
2614 3688 2748 3759 πρὸς
2779 3688 2979 3760 κέντρα
3024 3686 3316 3751 λακτίζειν.
3342 3706 3360 3738 ι
3406 3689 3518 3740 Καὶ
3568 3687 3724 3739 ἄκουε

2154 3781 2247 3835 τοῦ
2276 3782 2482 3853 Κυρίου
2509 3781 2759 3849 λέγοντος
2779 3797 2793 3810 ο
2826 3800 2844 3832 ι
2867 3779 3079 3834 Λύσατε
3105 3779 3197 3832 τὸν
3231 3781 3357 3832 ναὸν
3395 3779 3611 3840 τοῦτον,
3639 3779 3726 3830 καὶ

2158 3875 2215 3926 ὲν
2238 3873 2414 3944 τρισὶν
2435 3873 2669 3943 ἡμέραις
2691 3873 2867 3943 εγερῶ
2901 3873 3085 3926 αὐτόν.
3107 3892 3124 3924 ι
3158 3872 3224 3925 Εἰ
3255 3871 3311 3924 δέ
3342 3888 3485 3933 τινες
3518 3870 3726 3940 ἄνθρωη

2158 3982 2249 4017 ποι
2281 3968 2420 4032 ναοὶ,
2448 3965 2561 4018 ἀλλ’
2590 3965 2689 4034 οὐχ
2726 3964 2898 4027 οὕτω,
2947 3965 3021 4029 ὼς
3054 3964 3148 4019 καὶ
3177 3963 3400 4036 Χριστοί
3422 3981 3434 3991 ·
3475 3962 3649 4024 οὐδεὶς
3675 3962 3727 4014 δὲ

2159 4058 2337 4112 αὐτῶν
2378 4057 2651 4120 συντεθεὶς
2696 4057 2773 4128 τῷ
2806 4057 2925 4128 Θεῷ
2956 4057 3113 4127 Λόγῳ
3154 4057 3421 4127 Χριστός·
3464 4054 3567 4106 ούκ
3608 4054 3729 4105 auo

2160 4148 2322 4220 χωρῶ
2371 4148 2479 4220 γὰρ
2522 4149 2620 4218 τῆς
2671 4148 2768 4219 σῆς
2813 4147 3124 4217 ὀνομασίας,
3165 4146 3251 4198 ἵνα
3294 4162 3354 4197 σε
3390 4146 3456 4197 ὲκ
3500 4143 3595 4196 τοῦ
3641 4141 3726 4196 σοῦ

2164 4241 2429 4310 στόματος
2474 4240 2677 4292 πείσω·
2734 4238 2968 4292 ἐνταῦθα
3005 4239 3063 4291 δὲ
3124 4236 3398 4299 συντεθεὶς
3436 4235 3566 4300 ναὸς
3620 4235 3729 4304 Θεῷ

2162 4331 2320 4401 Λόγῳ
2348 4331 2478 4401 (97),
2533 4328 2795 4401 ἐγεννήθη
2824 4328 3054 4400 Χριστὸς
3107 4325 3431 4398 θεοπρεπῶς
3481 4328 3549 4379 ὲκ
3594 4327 3730 4397 Παρ-

498 4410 595 4465 Ilic
625 4422 806 4466 autem
844 4414 1103 4482 templum
1153 4413 1511 4483 conjunctum
1550 4430 1675 4467 cum
1719 4413 1829 4469 Deo
1867 4416 2061 4477 Verbo,
2098 4450 2141 4504 ι)
2167 4421 2342 4477 θένου,

495 4503 750 4560 Christus
784 4504 1059 4569 videlicet,
1092 4515 1280 4560 natum
1310 4515 1395 4561 est
1426 4521 1494 4561 ex
1526 4506 1744 4578 Virgine
1784 4523 1849 4562 eo
1877 4505 2059 4572 modo,

496 4596 591 4666 qui
625 4595 790 4650 Deum
827 4596 1075 4651 decebat.

570 4687 661 4740 25.
690 4686 867 4754 Apoll.
914 4685 971 4740 Si
1002 4687 1129 4742 talis
1171 4695 1257 4741 est
1297 4694 1498 4741 natura
1544 4685 1774 4750 Christi,
1800 4686 1978 4755 qualis
2013 4694 2061 4739 et

502 4786 690 4833 nostra
720 4786 805 4833 est
833 4797 847 4833 :
880 4786 1037 4834 vetus
1066 4780 1228 4834 homo
1263 4787 1349 4834 est
1390 4780 1572 4833 anima
1623 4779 1834 4841 vivens,
1863 4786 1916 4833 et
1959 4793 2069 4831 non

503 4871 731 4940 spiritus
760 4871 1064 4934 viviﬁcans,
1100 4886 1200 4925 nec
1242 4871 1334 4940 qui
1372 4871 1498 4924 talis
1522 4877 1627 4933 est,
1657 4869 1973 4923 viviﬁcabit.
2002 4869 2074 4921 At

506 4961 761 5015 Christus
824 4962 1095 5026 viviﬁcat,
1129 4971 1324 5032 estque
1366 4962 1606 5031 Spiritus
1640 4961 1904 5015 viviﬁcus.
1954 4958 2071 5013 Non

507 5059 593 5105 est
621 5050 785 5118 igitur
815 5059 1018 5106 nostra:
1067 5064 1297 5107 naturae.
1344 5052 1497 5107 Orth.
1557 5052 1780 5117 Adhuc,
1824 5049 1957 5119 quid
2005 5052 2076 5104 sit

510 5142 764 5198 Christus
798 5143 1040 5212 ignoras.
1066 5144 1260 5200 Nescis
1299 5146 1445 5199 enim
1487 5144 1719 5199 duarum
1755 5151 2073 5197 naturarum

510 5248 633 5289 esse
666 5234 945 5299 unionem,
974 5243 1028 5290 et
1057 5251 1232 5307 neque
1261 5237 1439 5291 solum
1473 5236 1663 5301 Deum,
1695 5249 1872 5306 neque
1900 5235 2074 5291 solum

2247 4685 2336 4738 25.
2383 4685 2629 4739 Ἀπολλ.
2666 4683 2728 4737 Εἰ
2760 4686 2793 4755 ἡ
2819 4683 2953 4755 αὐτὴ
2981 4682 3141 4752 φύσις
3175 4681 3440 4754 Χριστοῦ,
3476 4684 3568 4737 οἷα
3597 4682 3732 4751 καὶὴ

2174 4776 2351 4848 ἡμῶν,
2381 4778 2410 4829 6
2440 4775 2668 4839 παλαιός
2700 4777 2851 4828 ἐστιν
2881 4775 3166 4845 ἄνθρωπος
3190 4772 3338 4844 ψυχὴ
3374 4774 3552 4838 ζῶσα,
3576 4776 3661 4828 καὶ
3685 4774 3734 4826 οὐ

2177 4869 2393 4940 πνεῦμα
2420 4867 2745 4932 ζωοποιοῦν·
2779 4868 2874 4921 καὶ
2903 4868 2931 4920 6
2962 4866 3203 4929 τοιοῦτος
3235 4865 3357 4918 οὐδὲ
3387 4865 3734 4936 ζωοποιήσειθ

2179 4958 2432 5024 ζωοποιεῖ
2459 4958 2515 5011 δὲ
2561 4956 2815 5027 Χριστὸς,
2847 4955 2943 5009 καὶ
2972 4953 3194 5024 Πνεῦμα
3237 4953 3546 5018 ζωοποιοῦν
3579 4958 3735 5007 ἐστιν·

2180 5052 2278 5105 ούκ
2318 5050 2426 5121 ἄρα
2472 5050 2571 5119 τῆς
2614 5049 2885 5120 ἡμετέρας
2934 5047 3048 5100 ἐστὶ
3080 5045 3314 5115 φύσεως.
3356 5047 3511 5114 Ὀρθ.
3546 5047 3659 5099 Ἔτι
3692 5043 3740 5094 τὸ

2181 5143 2417 5213 Χριστὸς
2455 5143 2515 5194 ού
2552 5141 2833 5208 νενόηκας.
2876 5142 2949 5193 Ού
2996 5140 3105 5209 γὰρ
3146 5139 3339 5206 ἔγνως,
3371 5139 3457 5193 ὅτι
3511 5140 3603 5192 δύο
3642 5136 3739 5189 ἐστὶ

2184 5234 2400 5305 φύσεων
2437 5234 2653 5297 ἓνωσις,
2687 5232 2783 5285 καὶ
2817 5232 2938 5286 οὔτε
2970 5232 3127 5302 μόνος
3158 5232 3187 5283 6
3222 5230 3358 5295 Θεὸς
3401 5231 3639 5302 Χριστὸς
3668 5227 3739 5281 λέ-

585 5351 631 5385 "
697 5350 854 5406 Joan.
890 5367 1003 5417 xw,
1036 5352 1122 5409 10.
1202 5353 1251 5386 ’⁸
1284 5351 1442 5409 Joan.
1477 5370 1529 5419 v,
1565 5353 1649 5414 2L
1729 5354 1776 5385 ’⁸
1816 5352 1935 5406 Act.
1974 5366 2049 5405 ix.

2227 5351 2273 5384 ⁹⁶
2311 5348 2468 5404 Joan.
2507 5364 2581 5413 ll,
2616 5347 2681 5402 19

583 5511 716 5584 (ηδ’)
741 5511 939 5584 Palat“
974 5515 1375 5584 κεχωρισμένος

592 5581 704 5651 (94)
740 5581 889 5651 Mss”
923 5581 1222 5651 ﬁtoum'hic
1257 5595 1310 5636 et
1340 5600 1460 5636 "HW

593 5649 704 5721 (93)
737 5650 884 5715 MSS”
914 5649 1042 5717 (θεὸς
1074 5652 1212 5706 ἑκὼν
1240 5655 1433 5722 Cir/Oti).

2159 5517 2166 5524 '
2269 5509 2380 5570 (μϐ)
2413 5508 2562 5569 Μες..
2602 5508 2781 5578 ﬁmus),
2818 5511 2873 5556 et
2902 5501 3039 5578 infra
3065 5502 3316 5556 similiter

2270 5579 2380 5647 (97)
2423 5579 2572 5640 Mssa,
2594 5573 2709 5647 Θεῷ
2743 5573 2977 5646 Χριστῷ.
