3850 6226
238 339 381 394 1⁵177

1233 349 1318 403 DE
1358 350 1634 406 SANCTA
1674 349 2049 408 TRINITATE
2088 355 2433 413 DIALOGUS
2472 357 2535 413 ν.

3354 362 3488 418 1278

233 471 418 523 γεται,
450 454 574 508 οὔτε
612 458 771 527 μόνος
805 458 1111 531 ἄνθρωπος.
1156 463 1216 516 Εἰ
1270 463 1377 534 γὰρ
1424 466 1580 519 τοῦτο
1624 464 1770 533 ἔγνω

1879 498 1890 520 ι
1921 464 2195 521 hominem
2231 467 2338 522 dici
2369 467 2671 522 Christum.
2702 468 2849 523 Nam
2869 470 2913 525 si
2940 470 3042 524 hoc
3072 469 3265 530 scires,
3290 486 3485 526 nosses

234 545 556 612 ἐγίνωσκες,
580 548 660 601 ὃτι
690 549 829 602 κατὰ
859 552 955 621 μὲν
981 552 1077 623 τὴν
1103 553 1198 606 ἀνθ
1209 557 1496 626 ρωπότητα
1520 557 1617 627 τὴν
1644 556 1812 627 αὐτὴν

234 637 373 704 ἡμῖν
411 635 572 704 φύσιν
605 637 738 709 ἔχει,
781 641 918 694 κατὰ
957 641 1013 695 δὲ
1041 643 1138 712 τὴν
1181 643 1410 714 θεότητα
1441 645 1520 715 τῷ
1567 646 1684 717 Θεῷ
1718 648 1810 700 καὶ

231 817 333 869 καὶ
362 817 662 886 δοξάζεται,
700 825 792 876 καὶ
831 824 919 877 διὰ
949 826 1106 880 τοῦτο
1139 827 1426 893 ζωοποιεῖ,
1466 833 1559 884 καὶ
1587 831 1809 903 Πνεῦμα

233 903 534 968 ζωοποιοῦν
564 912 730 974 ἐστιν,
763 913 839 983 τῷ
860 916 956 986 τῆς
977 917 1223 990 θεότητος
1248 921 1423 993 λόγῳκ
1443 921 1562 975 οὔτε
1592 923 1647 976 δὲ
1675 926 1806 994 ἡμῖν

231 998 380 1050 κατὰ
405 1000 465 1052 τὸ
494 1005 923 1077 συναμφότερον.

304 1172 392 1227 24.
444 1176 684 1233 Ἀπολλ.
720 1182 816 1235 Διὰ
846 1184 943 1256 τὴν
972 1187 1165 1241 ἑαυτοῦ
1194 1188 1357 1259 φύσιν
1388 1190 1454 1263 ζῇ
1484 1194 1735 1264 Χριστὸς,
1767 1196 1799 1266 ἢ

224 1258 319 1313 διὰ
346 1264 502 1335 χάριν
535 1267 691 1325 Θεοῦ.
734 1272 795 1323 Εἰ
835 1275 933 1342 μὲν
972 1277 1059 1330 διὰ
1087 1277 1186 1348 τὴν
1210 1258 1408 1333 ἑαυτοῦ
1429 1258 1635 1351 Περύέςιν,
1669 1258 1801 1347 Θεός

224 1352 410 1406 ἐστιν’
458 1360 504 1409 εἰ
537 1359 592 1411 δὲ
629 1360 716 1414 διὰ
749 1365 906 1436 χάριν
941 1367 1097 1433 Θεοῦ,
1122 1369 1244 1424 οὔτε
1269 1372 1404 1443 ὑπὲρ
1446 1368 1593 1445 ἡμᾶς
1629 1378 1797 1442 ἐστιν,

220 1440 350 1495 οὔτε
395 1443 716 1522 ζωοποιήσει
745 1458 910 1524 ἡμᾶς.
951 1460 1102 1526 Ὀρθ.
1134 1462 1364 1530 Χριστὸς
1408 1464 1465 1517 ἓν
1509 1468 1797 1538 πρόσωπόν

219 1535 372 1593 ἐστιν
409 1544 658 1596 συντεθὲν
691 1549 754 1599 ἐκ
796 1551 931 1603 Θεοῦ
959 1553 1063 1605 καὶ
1088 1553 1504 1627 ἁνθρωπότητος
1524 1599 1537 1623 ,
1565 1560 1641 1623 ὡς
1688 1565 1796 1627 πᾶς

215 1626 508 1699 ἄνθρωπος
543 1637 569 1688 6
601 1638 777 1703 κοινὸς
805 1643 869 1695 ἐκ
897 1643 1034 1707 ζῴου
1071 1647 1160 1699 καὶ
1189 1646 1424 1711 λογικοῦ.
1458 1652 1565 1704 Καὶ
1587 1652 1672 1708 διὰ
1693 1655 1793 1725 τὴν

214 1721 285 1772 ἐκ
319 1723 530 1794 Πατρός
558 1729 717 1794 φύσιν
741 1731 1064 1801 ζωοποιήσει
1094 1740 1260 1808 ἡμᾶς,
1292 1743 1476 1813 ἐπειδὴ
1508 1743 1619 1815 ζωή
1644 1747 1790 1800 ἐστιν

213 1813 582 1881 ὲνυπόστατος
617 1823 966 1893 μορφωθεῦῖα
1001 1830 1066 1899 τῇ
1098 1830 1190 1883 τοῦ
1221 1830 1408 1887 δούλου
1440 1841 1642 1911 μορςςνῆ.

282 2053 374 2107 25.
413 2058 651 2115 Ἄπολλ.
695 2063 760 2117 Εἰ
797 2066 896 2136 μὲν
921 2069 997 2133 ὡς
1021 2074 1336 2144 προαιρέσει
1362 2078 1599 2144 κάλλιθν,
1630 2082 1788 2135 τοῦτο

205 2142 489 2217 δεδύνηται
511 2150 661 2219 πῶς;
698 2157 1024 2229 Προαί-ρεσις
1054 2163 1162 2234 γὰρ
1189 2165 1476 2237 ἀνθρώπου
1513 2170 1785 2226 δικαιοσύ·

345 2237 602 2312 ἀληθινὴν
644 2245 705 2297 οὐ
761 2251 1030 2320 κατορθοῖ,
1065 2254 1127 2306 Εἰ
1155 2255 1208 2307 δὲ
1239 2272 1314 2319 ως
1346 2258 1504 2327 φύσει
1557 2262 1781 2328 δίκαιος,

204 2323 343 2388 Θεός
369 2329 549 2381 ἐστιν·
585 2334 633 2384 εἰ
679 2335 737 2387 δὲ
782 2336 859 2400 ὼς
905 2341 1154 2412 ἐνεργείᾳ
1202 2323 1577 2417 δικαιούμενος
1621 2355 1686 2422 τῇ

203 2415 363 2481 Θεοῦ,
393 2420 554 2485 αὐτὸς
582 2422 641 2476 δὲ
668 2426 1044 2499 ἁνενὲργητος,
1064 2432 1312 2499 καλλίους
1343 2438 1391 2488 οί
1411 2438 1778 2509 ἐνεργοῦντες.

216 2507 372 2576 Ὄρθ.
406 2513 515 2565 Καὶ
552 2515 670 2578 πῶς
697 2520 758 2571 οὐ
780 2520 1165 2593 κατώρθωσαν.
1187 2507 1556 2601 δικαιοσύνην
1589 2531 1780 2601 ἀληθι-

201 2602 304 2673 νὴν
338 2603 446 2674 (98)
479 2607 529 2658 οξ
554 2609 905 2677 ἀκούσαντες·
941 2633 958 2665 ι
996 2617 1300 2671 Καθίσεσθε
1360 2623 1458 2676 καὶ
1496 2625 1653 2694 ὑμεῖς
1685 2627 1778 2680 ἐπὶ

199 2692 410 2749 δώδεκα
444 2698 686 2769 θρόνους,
735 2705 1010 2775 κρίνοντες
1064 2711 1161 2775 τὰς
1206 2710 1413 2766 δώδεκα
1454 2692 1624 2784 φυλὰς
1683 2719 1775 2772 τοῦ

215 2785 460 2859 Ἰσραήλ;
490 2809 509 2841 ι
540 2792 656 2856 καὶ,
693 2813 711 2844 ι
756 2794 944 2867 Ὑμεῖς
977 2802 1099 2854 ἐστε
1120 2802 1181 2855 τὸ
1216 2804 1331 2872 φῶς
1352 2806 1444 2859 τοῦ
1473 2808 1710 2879 κόσμου;
1753 2831 1770 2862 ι

199 2875 314 2928 Καὶ
360 2879 410 2930 ει
439 2880 809 2952 κατώρθωσαν
836 2886 893 2942 δὲ
927 2887 1275 2963 δικαιοσύνην
1327 2875 1588 2968 ἀληθινὴν
1640 2899 1772 2971 (99),

196 2966 316 3020 ἀλλ’
359 2970 458 3022 οὐκ
500 2974 639 3026 εἰσιν
692 2977 1154 3054 αὐτοόικαιοσύνη.
1201 2985 1257 3038 '0
1300 2985 1357 3038 δὲ
1413 2966 1552 3054 Θεὸς
1582 2966 1770 3061 Λόγος,

194 3058 640 3136 αὑτοδικαιοσύνη
671 3064 766 3130 ὢν,
799 3072 1009 3144 μορφὴν
1034 3074 1220 3130 δούλου
1252 3079 1450 3145 λαϐὼν,
1499 3101 1516 3134 ι
1558 3086 1773 3153 ἐγένετο

195 3151 328 3220 ἡμῖν
358 3152 692 3229 δικαιοσύνη,
727 3161 818 3214 καὶ
847 3166 1135 3236 ἁγιασμὸς,
1171 3171 1265 3223 καὶ
1308 3174 1707 3247 ἀπολύτρωσις.
1745 3200 1763 3231 ›

206 3241 268 3296 '0
300 3244 376 3298 ὢν
400 3247 734 3323 δικαιοσύνη,
785 3255 1001 3323 ἐγένετο
1033 3260 1344 3335 δικαιοσύνη
1376 3268 1517 3322 κατὰ
1558 3270 1647 3325 τὸν
1673 3274 1770 3343 τῆς

192 3333 613 3409 ἀνθρωπότητος
661 3342 840 3413 λόγον,
880 3348 967 3401 ἵνα
1010 3353 1158 3421 ἡμᾶς
1206 3333 1342 3419 τοὺς.
1382 3359 1453 3428 μὴ
1499 3360 1658 3425 ὄντας
1691 3333 1769 3416 δὶζ

192 3428 506 3501 καιεσύνην,
540 3432 802 3508 δικαιώσῃ
834 3442 898 3509 τῇ
941 3441 1134 3496 ἑαυτοῦ
1178 3446 1380 3517 χάριτι.
1412 3452 1518 3505 Καὶ
1564 3453 1710 3509 ἐστιν
1738 3459 1765 3509 ό

189 3520 349 3582 αὐτὸς
373 3523 503 3587 Θεὸς
526 3527 618 3579 καὶ
655 3527 939 3600 ἄνθρωπος
989 3533 1063 3606 (Ι)
1090 3553 1103 3566 ·
1136 3537 1213 3600 ὡς
1245 3541 1344 3609 μὲν
1372 3542 1522 3609 Θεὸς,
1563 3545 1764 3601 δικαιο-

190 3609 322 3683 σύνη
351 3611 444 3667 ὤν’
480 3616 554 3680 ὡς
583 3618 637 3671 δὲ
663 3619 967 3692 ἄνθρωπος,
997 3628 1282 3700 γινόμενος
1315 3634 1648 3711 δικαιοσύνη,
1679 3642 1762 3695 ἵνα

188 3702 444 3778 πληρωθῇ
492 3709 550 3761 τὸ
578 3713 886 3782 εἰρημένον·
931 3737 948 3769 ι
993 3720 1155 3776 Ὅθεν
1182 3722 1379 3794 ὤφειλε
1417 3731 1559 3784 κατὰ
1583 3702 1760 3788 πάντα

186 3799 300 3860 τοῖς
328 3797 573 3869 ἀδελφοῖς
600 3804 945 3878 ὁμοιωθῆναι.
993 3831 1013 3863 ι

250 4053 340 4107 26.
384 4057 628 4115 Ἀπολλ.
660 4065 724 4117 Εἰ
760 4067 1175 4137 συμπέπλεκται
1217 4075 1333 4147 Θεῷ
1361 4077 1666 4151 ἄνθρωπος,
1697 4086 1755 4139 ἐν

180 4147 399 4219 Χριστῷ
423 4153 586 4217 αὐτὸς
606 4158 700 4209 καὶ
721 4159 812 4226 ἀφ’
835 4162 1026 4215 ἑαυτοῦ
1060 4167 1386 4236 ἐνομοθέτει,
1407 4172 1437 4240 ἢ
1466 4147 1566 4240 -οῦ;
1614 4178 1751 4232 Ἀλλ’

178 4241 228 4292 εί
254 4239 351 4310 μὲν
381 4243 473 4313 ἀφ’
509 4248 727 4312 ἑαυτοῦ,
756 4251 886 4317 Θεός
906 4269 919 4281 '
965 4257 1012 4308 εἰ
1038 4256 1094 4310 δὲ
1122 4260 1222 4313 οὐκ
1253 4262 1343 4329 ἀφ’
1373 4239 1593 4329 ἑαυτοῦ,
1635 4270 1751 4334 πῶς

176 4334 276 4387 οὐκ
326 4335 498 4405 ἔλεγε,
534 4357 552 4389 ι
584 4341 720 4394 Τάδε
746 4343 891 4413 λέγει
921 4347 1142 4420 Κύριος,
1174 4372 1190 4402 ι
1214 4353 1352 4423 ἀλλ’,
1387 4376 1404 4406 ι
1432 4357 1573 4426 Ἐγὼ
1605 4359 1749 4430 λέγω

1913 569 2062 618 eum,
2092 566 2363 625 quatenus
2394 559 2613 625 quidem
2653 558 2814 611 horno
2843 566 2948 619 est,
2977 559 3163 612 eadem
3190 570 3351 627 atque
3380 576 3480 613 nus

1912 652 2128 705 natura,
2178 655 2447 714 quatenus
2506 656 2686 703 autem
2740 650 2882 704 Deus
2933 658 3038 713 est,
3085 650 3271 705 eadem
3319 660 3483 719 alque

1914 733 2079 789 Deum
2103 735 2316 792 Patrem
2343 751 2537 792 natura
2563 739 2847 809 prmdilum
2872 756 3026 795 esse:
3051 748 3104 795 ct
3130 753 3249 810 post
3280 740 3480 795 lactant

1913 825 2216 880 unitionem
2252 826 2394 882 Deus
2441 830 2834 905 deelaratunet
2860 830 3214 901 glorificatur,
3249 832 3481 899 ideoque

1909 915 2224 977 vivilicare.
2265 925 2319 971 et
2373 921 2637 988 Spiritum
2691 936 2816 975 esse
2852 922 3251 988 viviﬁcantem,
3293 923 3476 976 habita

1906 1004 2123 1058 deitalis
2156 1006 2368 1061 ratione
2395 1024 2409 1060 :
2446 1023 2620 1075 neque
2652 1009 2811 1063 nobis
2860 1011 3091 1066 similem
3119 1027 3241 1067 esse
3273 1013 3477 1069 utrius-

1906 1109 2013 1163 que
2046 1103 2257 1149 naturae
2291 1097 2455 1150 simul
2485 1099 2845 1161 considerata:
2882 1112 3154 1170 respectu.

1974 1181 2064 1236 24.
2094 1183 2274 1251 Apoll.
2308 1185 2417 1238 Aut
2462 1202 2529 1240 ex
2575 1203 2672 1242 sua
2710 1188 2886 1257 ipsius
2926 1202 3119 1245 natura
3157 1191 3286 1245 vivit
3317 1192 3475 1247 Chri-

1903 1277 2044 1334 stus,
2080 1282 2175 1326 aut
2210 1291 2274 1327 ex
2312 1276 2402 1331 Dei
2438 1279 2633 1347 gratia.
2679 1279 2736 1333 Si
2785 1283 3004 1349 quidem
3061 1300 3127 1338 ex
3161 1300 3269 1339 sua
3296 1284 3472 1354 ipsius

1901 1375 2117 1429 natura,
2156 1368 2298 1422 Deus
2348 1376 2470 1423 est:
2524 1371 2610 1436 sin
2649 1387 2777 1425 vero
2815 1389 2878 1427 ex
2921 1374 3012 1428 Dei
3043 1376 3239 1444 gratia,
3294 1391 3473 1445 neque

1900 1471 2065 1525 supra
2091 1475 2190 1513 nos
2210 1461 2433 1521 eminet,
2467 1478 2645 1532 neque
2670 1479 2771 1519 nos
2799 1465 3114 1521 viviﬁcabit.
3141 1467 3294 1523 Orlh.
3314 1468 3473 1524 Chri-

1898 1556 2016 1601 stus
2048 1556 2132 1602 est
2165 1549 2325 1603 unica
2380 1567 2636 1620 persona,
2669 1556 2979 1625 composita
3012 1572 3079 1610 ex
3125 1559 3232 1613 Deo
3271 1568 3326 1614 et
3364 1559 3468 1619 hu-

1896 1656 2060 1694 mana
2089 1652 2308 1707 natura,
2342 1646 2485 1700 sicut
2519 1649 2703 1717 quivis
2730 1650 2890 1704 homo
2914 1650 3220 1704 communis
3248 1655 3468 1705 constat

1895 1746 1960 1785 ex
1990 1733 2212 1787 animali
2238 1743 2292 1789 et
2322 1738 2603 1792 rationali.
2650 1738 2840 1807 Itaque
2874 1749 3097 1809 propter
3123 1754 3266 1804 eam,
3298 1752 3464 1806 quam

1823 1801 1864 1854 Β
1893 1834 1923 1870 a
1952 1818 2113 1875 Patre
2165 1824 2345 1891 habet,
2380 1835 2657 1892 naturam,
2692 1829 2989 1884 vivilicabit
3031 1845 3158 1908 nos,
3198 1829 3459 1898 quoniam

1889 1925 1973 1966 est
2001 1915 2108 1967 vita
2130 1915 2186 1969 in
2214 1931 2334 1973 sese
2356 1920 2686 1985 subsistens,
2709 1938 2828 1991 quae
2854 1924 3027 1977 forma
3054 1922 3196 1978 servi
3225 1922 3458 1990 seipsam

1888 2004 2228 2061 informavit.

1957 2096 2124 2168 469
2146 2100 2240 2154 25.
2270 2100 2446 2169 Apoll.
2479 2101 2534 2156 Si
2566 2104 2785 2173 quidem
2817 2105 2864 2158 is
2891 2105 3131 2169 excellit,
3167 2105 3259 2174 qui
3290 2102 3458 2158 animi

1886 2192 2169 2259 preposito
2189 2200 2243 2246 et
2280 2194 2488 2248 delectu
2513 2195 2699 2264 justus
2733 2204 2837 2259 est,
2890 2197 3113 2266 quinam
3173 2197 3224 2251 id
3282 2198 3458 2266 putuit

1884 2280 2088 2334 homo?
2127 2282 2374 2340 Hominis
2420 2286 2617 2340 etenim
2677 2290 3013 2359 propositum
3073 2305 3253 2343 veram
3290 2290 3455 2356 justi-

1883 2373 2014 2428 tiam
2048 2374 2285 2443 perfecte
2320 2391 2425 2429 non
2466 2386 2707 2447 praestat.
2747 2379 2843 2432 Sin
2887 2395 3015 2434 vero
3048 2388 3241 2433 natura
3269 2381 3453 2447 justus

1881 2472 1985 2530 est,
2017 2464 2156 2520 Deus
2180 2474 2260 2521 est
2298 2482 2313 2516 :
2346 2468 2431 2521 sin
2484 2477 2664 2523 autem
2686 2470 3017 2538 justilicatus
3047 2485 3131 2526 εει
3153 2474 3329 2540 aliqua
3359 2471 3450 2525 Dei

1881 2556 1936 2610 in
1973 2557 2092 2626 ipso
2111 2559 2322 2628 agentis
2352 2560 2693 2627 cliicacitate,
2719 2563 2835 2631 ipse
2850 2563 3066 2617 interim
3098 2563 3234 2616 ninil
3259 2579 3448 2632 ageas.

1879 2647 1971 2716 qui
2010 2648 2226 2717 ipsimct
2271 2659 2459 2718 agunt,
2522 2662 2649 2705 sunt
2688 2667 2752 2707 eo
2813 2655 3244 2723 praestantiores.
3292 2653 3447 2710 Ortlt.

1878 2736 2103 2806 IqutIi
2140 2739 2411 2806 justitiam
2445 2758 2625 2795 veram
2678 2743 2713 2795 ii
2771 2759 2878 2796 non
2928 2745 3309 2813 impleverunt,
3352 2746 3445 2816 qui

1877 2826 2169 2881 audierunt
2202 2849 2216 2883 :
2252 2848 2270 2880 ι
2304 2830 2575 2886 Sedebitis
2604 2840 2657 2887 et
2696 2850 2792 2889 vos
2849 2850 3013 2903 super
3056 2837 3215 2890 sedes
3242 2837 3448 2889 duode-

1874 2916 2307 2985 cimjudicantes
2327 2921 2612 2976 duodecim
2650 2924 2827 2977 tribus
2864 2922 3028 2979 Israel
3055 2926 3099 2956 97
3131 2943 3149 2975 ι
3179 2935 3253 2988 et,
3285 2945 3302 2977 ι
3339 2926 3444 2979 Vos

1873 3008 2007 3062 estis
2036 3010 2128 3063 lux
2162 3011 2453 3066 mundi”?
2488 3032 2506 3063 ι
2539 3014 2768 3069 Etiamsi
2799 3023 2980 3069 tamen
3022 3016 3111 3070 isti
3145 3032 3324 3071 veram
3352 3018 3443 3083 jn-

1874 3098 2077 3153 stitiam
2108 3101 2631 3171 iuipleverunthnou
2664 3116 2793 3159 sunt
2829 3115 3008 3160 tamen
3050 3108 3164 3176 ipsa
3207 3108 3438 3175 justitia.

1873 3188 2017 3243 Deus
2050 3200 2230 3245 autem
2259 3191 2518 3258 Verbum,
2545 3195 2639 3264 qui
2674 3196 2792 3265 ipsa
2826 3205 2910 3252 est
2947 3198 3181 3264 justitia,
3218 3208 3442 3269 accepta

1870 3282 2032 3339 servi.
2054 3282 2229 3342 lautia
2262 3303 2274 3338 :
2325 3304 2342 3334 ι
2388 3284 2590 3340 Factus
2624 3296 2707 3341 est
2754 3288 3164 3357 nobisjustitia,
3202 3295 3441 3345 sanctili-

1868 3374 2013 3426 eatio
2041 3382 2095 3430 et
2115 3375 2416 3446 redemptio
2447 3378 2513 3429 ".
2544 3398 2561 3430 ι
2584 3377 2656 3442 ls,
2690 3380 2935 3449 inquam,
2957 3382 3050 3450 qui
3080 3382 3294 3450 justitia
3326 3391 3430 3446 est,

1868 3463 2046 3520 factus
2071 3476 2173 3529 est,
2210 3467 2255 3520 si
2281 3468 2574 3523 humanam
2604 3479 2852 3525 naturam
2880 3474 3162 3542 respicias,
3198 3474 3433 3542 justitia,

1867 3565 1923 3627 ut
1946 3572 2042 3610 uos
2072 3557 2164 3625 qui
2188 3557 2403 3625 justitia
2433 3576 2539 3613 non
2567 3577 2809 3628 eranus,
2843 3579 2940 3617 sua
2972 3566 3144 3633 gratia
3165 3565 3437 3633 justilica-

1865 3656 1963 3700 ret.
2004 3646 2207 3717 Estque
2243 3651 2384 3705 idem
2442 3651 2583 3707 Deus
2620 3661 2673 3706 et
2703 3653 2885 3718 homo,
2934 3656 3010 3709 ita
3053 3666 3109 3709 ut
3165 3665 3436 3726 quatenus

1862 3733 2080 3800 quidem
2129 3744 2213 3790 est
2272 3736 2436 3801 Deus,
2488 3740 2558 3793 sit
2601 3741 2836 3809 justitia,
2887 3752 3160 3813 quatenus
3188 3763 3318 3801 vero
3348 3759 3435 3803 est

1860 3820 2046 3883 homo,
2073 3824 2143 3875 sit
2184 3823 2365 3883 lactus
2409 3827 2649 3896 justitia,
2688 3843 2745 3884 ιιι
2793 3832 3112 3902 impleretur.
3137 3837 3283 3905 quod
3343 3841 3429 3893 di-

1858 3923 2004 3965 etum
2038 3922 2123 3968 est
2155 3930 2167 3965 :
2202 3934 2219 3966 ‹
2262 3915 2414 3979 Unde
2444 3936 2540 3988 per
2563 3923 2745 3976 munia
2777 3925 2972 3980 similis
3019 3929 3285 3983 lratrihus
3312 3930 3429 3988 ﬁeri

1856 4002 2041 4059 debuit
2067 4006 2102 4059 ¹.
2136 4026 2155 4058 ι

1925 4096 2014 4152 26.
2041 4100 2217 4167 Apoll.
2242 4099 2297 4155 Si
2329 4103 2382 4156 in
2413 4103 2633 4159 Christo
2664 4109 2951 4177 copulatus
2972 4118 3090 4164 erat
3114 4111 3276 4165 homo
3302 4128 3425 4167 cum

1854 4185 1986 4248 Deo.
2029 4192 2172 4260 leges
2203 4193 2316 4261 ipse
2344 4196 2426 4247 vel
2455 4212 2519 4249 ex
2546 4214 2667 4251 sese
2713 4200 2918 4254 terebat
2949 4203 3030 4255 vel
3054 4218 3159 4256 non
3196 4203 3422 4261 ferebat.

1852 4278 2008 4344 Quod
2037 4283 2081 4336 si
2114 4300 2175 4337 ex
2208 4302 2328 4339 sese
2350 4285 2574 4352 ferebat,
2601 4288 2741 4344 Deus
2772 4300 2908 4345 erat.
2944 4290 3037 4345 Sin
3073 4310 3200 4347 vero
3228 4311 3333 4355 non
3356 4312 3424 4350 ex

1851 4390 1991 4435 sese,
2019 4380 2290 4444 quomodo
2313 4395 2418 4433 uou
2451 4381 2649 4444 aiebat,
2680 4400 2698 4432 ι
2738 4383 2864 4438 Ηιυε
2892 4386 3025 4438 dicit
3076 4385 3360 4450 Dominus.
3397 4410 3415 4441 ι

174 4424 333 4494 ﬁll-Ni
374 4447 392 4478 ³
420 4429 536 4494 πῶς
572 4431 634 4493 δὲ,
662 4435 761 4486 οὐκ
786 4431 855 4506 ἦν
886 4443 1389 4512 κεχωρισμένοςτοῦ
1423 4447 1691 4518 λέγοντος
1717 4458 1744 4508 ὁ

178 4515 250 4546 ..3.
291 4516 495 4546 ὶλ.ο.....
526 4523 660 4546 ’Λ-η
715 4525 773 4546 πε
813 4527 868 4546 ,Α
937 4528 1013 4546 ρκκ
1181 4534 1192 4546 ι
1335 4538 1346 4546 .
1402 4541 1414 4546 -
1577 4545 1583 4546 ,
1629 4545 1633 4546 ,

1888 4424 1991 4435 η-.
2023 4424 2287 4444 ,νη----ων
2313 4424 2418 4433 --νη
2451 4424 2649 4444 -.-.,...,
2682 4424 2697 4432 -
2738 4424 2864 4438 ...νυ
2892 4424 3025 4438 ων..
3076 4424 3360 4450 “manus.
3397 4424 3415 4441 ι

1879 4466 1938 4520 ed
1975 4486 1991 4517 ι
2022 4469 2131 4538 Ego
2154 4470 2275 4522 dico
2307 4472 2479 4531 vobis.
2508 4492 2526 4524 ι
2548 4483 2601 4528 et
2621 4477 2896 4542 quomodo
2925 4478 3016 4546 qui
3044 4478 3156 4533 hinc
3191 4494 3299 4538 non
3332 4481 3419 4533 di-

175 4515 251 4586 μὴ
289 4516 496 4587 λέγων;
526 4523 682 4589 Ὀρθ.
713 4525 774 4577 Εἰ
809 4527 905 4596 μὲν
929 4528 1055 4583 ἄλλο
1089 4534 1378 4604 πρόσωπόν
1399 4515 1543 4595 ἐστιν
1563 4545 1592 4596 6
1615 4515 1749 4616 ρι-

172 4608 313 4672 στὸς,
341 4611 400 4662 οὐ
435 4614 847 4681 συμπέπλεκται
874 4618 1012 4691 Θεῷ,
1034 4623 1325 4694 ἠρώτηκας
1347 4630 1743 4703 ἀνακολούθως·

168 4702 219 4752 εί
243 4700 296 4752 δὲ
326 4702 486 4765 αὐτὸς
508 4707 535 4755 ὁ
562 4706 795 4776 Χριστός
818 4710 933 4763 ἐστι
965 4713 1096 4777 Θεὸς
1132 4717 1227 4769 καὶ
1261 4718 1565 4791 ἄνθρωπος,
1598 4729 1679 4791 τίς
1710 4732 1740 4801 ἡ

167 4793 451 4863 περισσεία
481 4795 573 4848 τοῦ
605 4800 805 4870 μόχοου
851 4803 949 4874 τῆς
994 4809 1352 4880 ἐρωτήσειι)ς;
1400 4817 1569 4872 Πόθεν
1595 4821 1653 4873 δὲ
1681 4823 1741 4876 τὸ

169 4882 579 4951 συμπέπλεκται
617 4887 818 4954 λαϐὼν,
868 4893 1178 4965 ἠρώτησας,
1203 4902 1578 4978 μηδαμοὺς-ἦς
1595 4911 1738 4981 Γρα-

166 4975 271 5045 φῆς
299 4975 523 5048 οὖτω(2)
540 4979 803 5051 λεγούσης
824 5001 846 5047 ;
866 4986 979 5039 Κᾶν
1003 5004 1060 5040 τε
1084 4988 1161 5051 δὲ,
1184 4992 1625 5065 Συμπὲπλεκται,
1650 5005 1738 5056 θέ-

162 5064 262 5136 λῃς
275 5065 467 5136 λέγειν,
491 5070 591 5123 κᾶν
614 5088 690 5136 τε,
719 5074 841 5145 ὼςὴ
864 5077 1053 5150 Γραφὴ
1067 5076 1241 5146 εἶπεν,
1265 5087 1512 5154 Ἔλαϐεν,
1534 5094 1634 5153 κᾶν
1650 5114 1729 5159 τε,

178 5158 435 5228 Ἐγένετο,
483 5163 613 5228 Θεὸς
666 5167 780 5220 ἐστι
825 5169 1020 5237 Λόγος,
1047 5176 1259 5247 μορφὴν
1309 5178 1492 5234 δούλου
1524 5183 1724 5251 λαϐὼν,

160 5250 389 5321 Χριστὸς
440 5254 859 5327 ὀνομαζόμενος,
903 5264 997 5315 καὶ
1030 5264 1128 5332 ὢν,
1159 5272 1252 5325 καὶ
1294 5276 1684 5346 πιστευόμενος
1711 5299 1723 5311 ·

228 5450 272 5484 ⁸⁷
310 5452 498 5510 Matth.
535 5473 659 5523 XIX,
694 5458 764 5513 28
860 5464 907 5495 ³⁸
945 5463 1134 5523 Matth.
1174 5485 1223 5533 ν,
1266 5472 1351 5528 Η.

150 5654 153 5657 ’
371 5665 755 5755 ἕατώρθςυσαν
789 5674 1103 5755 προαίρεσιν
1133 5679 1408 5755 ἀληθινήν,
1437 5705 1567 5744 mss.

226 5730 331 5805 (99)
358 5734 424 5786 Δὲ
459 5730 773 5811 προαῖρεσιν
794 5730 1069 5817 ἀληθινήν,
1103 5730 1231 5807 mss:

1426 5476 1471 5507 θ’
1511 5478 1529 5532 l
1563 5479 1688 5535 Cor.
1730 5500 1779 5546 ι,
1813 5486 1901 5541 30.

1848 4559 2023 4622 cellat,
2057 4577 2165 4613 non
2190 4569 2306 4614 eral.
2331 4564 2402 4621 ab
2427 4579 2513 4625 eo,
2543 4566 2635 4634 qui
2660 4567 2875 4621 dicebat
2907 4571 3229 4638 sejunetus?
3263 4570 3414 4626 Orth.

1851 4650 2132 4729 Siquidem
2155 4654 2411 4710 Christus
2441 4658 2545 4715 alia
2569 4668 2652 4714 est
2683 4676 2935 4729 persona,
2973 4680 3079 4716 non
3129 4667 3419 4734 copulatur

1844 4758 1969 4796 cum
2008 4743 2137 4808 Deo,
2172 4747 2476 4818 hociuepte
2535 4752 2857 4819 qumsivisti.
2921 4752 3016 4809 Sin
3063 4766 3240 4809 autem
3301 4757 3416 4825 ipse

1843 4834 2099 4889 Christus
2129 4845 2213 4889 est
2263 4836 2407 4893 Deus
2458 4851 2517 4894 et.
2549 4842 2731 4904 homo,
2773 4860 3035 4913 quorsum
3087 4862 3416 4915 supervaca-

1847 4942 1985 4981 neus
2016 4926 2119 4981 iste
2152 4929 2599 5000 interrogationis
2650 4936 2839 4989 labor?
2880 4915 3031 4991 Unde
3080 4955 3209 4992 vero
3241 4941 3408 5002 istud,

1843 5018 2132 5086 cnpulatus
2155 5028 2259 5081 est,
2309 5025 2585 5090 usurpasti
2641 5024 3046 5104 interrogando,
3076 5044 3200 5082 cum
3262 5027 3411 5083 Scri-

1840 5114 1998 5174 ptura
2032 5109 2255 5163 minime
2287 5111 2367 5164 sic
2400 5112 2685 5181 lquatur?
2718 5114 2841 5168 Sive
2894 5127 3074 5171 autem
3114 5119 3279 5181 istud,
3314 5135 3409 5172 c0-

1840 5200 2058 5267 pulatus
2082 5208 2185 5261 est,
2226 5218 2491 5271 usurpare
2514 5207 2708 5273 placet,
2737 5209 2870 5271 sive,
2905 5219 2962 5262 ut
3009 5210 3289 5281 Scriptura
3321 5211 3406 5264 in-

1833 5290 1971 5359 quit,
2025 5290 2209 5346 eicere
2269 5295 2447 5358 ululis,
2489 5298 2950 5367 Assumpsit,aut,
3004 5300 3230 5357 Factum
3291 5313 3408 5371 est.

1983 5488 1994 5518 ι
2043 5487 2201 5542 ιιυιηι.
2243 5505 2315 5557 ις,
2358 5491 2441 5543 ιγ.

1904 5695 1979 5773 (ι)
2007 5694 2210 5773 -Ρίιιιιιη
2243 5697 2336 5773 καὶ
2364 5698 2645 5773 ἅνθρωπος
2680 5699 2873 5772 ὤφειλε
2909 5708 3045 5762 κατὰ
3082 5709 3283 5773 πάντα.

1899 5765 1971 5833 (τὶ)
2006 5766 2197 5835 Ιίιῖίιι.,
2234 5767 2389 5821 τοῦτο
2429 5765 2476 5823 λζ
