3850 6226
437 325 591 406 ⁵ηιτεν

1614 325 1674 381 S.
1714 323 2183 381 ATIlANASlUS.
2215 353 2286 364 —
2318 322 2594 380 SPURIA.

3575 322 3724 378 {280

436 439 596 500 Deus
622 435 860 493 Verbum
911 435 960 491 is
989 442 1074 491 est
1119 435 1214 507 qui
1245 435 1388 492 servi
1429 434 1661 491 formam
1701 438 2022 509 assumpsit,

2138 436 2225 489 καὶ
2246 436 2532 507 χριόμενος
2551 435 2650 508 μὲν
2663 435 2738 500 ὡς
2753 434 2849 489 ἄνθ
2856 453 3039 507 ρωπος
3058 434 3137 506 τῷ
3152 434 3290 489 Πνεῦ
3300 453 3429 505 ματι
3458 436 3539 507 τῷ
3550 439 3718 512 ἁγίῳ·

452 533 545 602 qui
570 531 820 585 Christus
852 536 1225 598 nuncupatur,
1256 538 1362 591 est,
1394 537 1449 583 et
1480 530 1726 585 creditur
1766 549 1779 586 :
1823 539 2028 586 unctus

453 621 670 691 quidem
708 618 915 685 Spiritu
948 626 1165 681 sancto,
1209 628 1483 687 quatenus
1518 619 1680 673 homo
1726 629 1813 674 est
1846 636 1861 685 ;
1891 635 2030 691 qua-

454 720 615 766 tenus
653 719 835 764 autem
868 707 1010 763 Deus
1039 717 1144 770 est,
1176 707 1425 763 eumdem
1453 708 1522 764 iis
1550 708 1644 778 qui
1693 708 1848 778 digni
1901 718 2031 765 sunt

455 807 675 875 praebet.
726 802 805 857 lta
859 804 1024 859 etiam
1072 802 1215 858 Deus
1264 803 1409 872 leges
1448 804 1620 873 ponit,
1658 810 1713 858 et
1757 811 2030 873 quatenus

454 901 620 956 homo
655 907 740 955 est
785 897 844 951 fit
868 897 971 967 legi
1002 895 1293 951 obnoxius.
1320 894 1554 965 Ideoque
1576 911 1686 950 non
1718 896 1873 960 dicit,
1904 894 2031 952 llaec

453 991 590 1045 dicit
619 989 906 1054 Dominus,
940 988 1201 1059 quoniam
1231 987 1346 1057 ipse
1366 1002 1475 1042 non
1499 995 1587 1043 est
1648 987 1813 1041 homo
1861 988 2033 1059 parti-

453 1098 585 1155 ceps
612 1082 853 1146 deitatis,
888 1080 985 1137 sed
1017 1078 1159 1135 Deus
1182 1081 1457 1150 particeps
1506 1080 1692 1136 carnis
1720 1087 1773 1135 et
1807 1079 2033 1151 sangui-

452 1174 561 1240 nis,
587 1172 640 1227 id
668 1181 753 1229 est
782 1173 1032 1227 humana:
1060 1179 1287 1228 naturae.
1332 1169 1471 1224 Nam
1518 1170 1804 1241 Scriptura
1855 1170 2033 1225 homi-

454 1281 578 1322 nem
612 1271 773 1322 vocat
800 1279 1021 1319 carnem
1045 1271 1101 1319 et
1128 1265 1475 1335 sanguinem,
1501 1271 1703 1319 utcum
1733 1263 1868 1318 dicit
1887 1262 2034 1319 Pau-

452 1356 543 1411 lus
583 1372 596 1409 :
649 1375 668 1407 ι
707 1353 828 1409 Non
867 1354 1073 1409 contuli
1110 1368 1235 1408 cum
1258 1368 1425 1409 carne
1452 1363 1507 1409 et
1532 1354 1799 1425 sanguine
1821 1356 1864 1409 ³.
1908 1372 1928 1408 ι
1965 1351 2033 1408 Ει

452 1449 598 1505 sicut
632 1446 796 1501 homo
828 1450 892 1501 ex
918 1445 1140 1500 animali
1166 1452 1221 1500 et
1247 1445 1505 1501 rationali
1532 1446 1893 1516 compositus.
1922 1459 2033 1501 una

454 1545 539 1594 est
571 1552 803 1609 persona
831 1554 845 1593 :
884 1538 959 1590 ita
988 1536 1155 1590 etiam
1185 1551 1294 1590 una
1316 1549 1553 1605 persona
1573 1550 1642 1590 ex
1660 1534 1770 1590 Deo
1783 1543 1838 1590 et
1858 1535 2033 1590 forma

453 1625 600 1680 servi
634 1624 895 1679 exsistit:
926 1622 1157 1694 ideoque
1191 1638 1300 1678 non
1334 1622 1468 1678 dicit
1500 1662 1516 1687 ,
1554 1641 1575 1673 ι
1616 1622 1742 1678 Hac
1770 1623 1905 1678 dicit
1927 1623 2034 1679 Do-

454 1717 663 1779 minus,
706 1735 725 1768 i
765 1714 861 1769 sed
901 1733 919 1766 ι
950 1713 1065 1784 Ego
1104 1714 1230 1769 dico
1259 1715 1456 1770 vobis'
1489 1734 1502 1770 :
1544 1735 1562 1767 ι
1600 1723 1655 1769 et
1688 1732 1708 1766 ι
1747 1713 1859 1786 Ego
1908 1730 2030 1770 sum

453 1806 566 1859 vita
595 1815 650 1861 et
670 1808 875 1861 veritas
897 1805 939 1858 ⁵.
979 1825 997 1857 ι
1028 1804 1217 1876 Itaque
1243 1807 1410 1861 veluti
1435 1806 1481 1861 si
1513 1821 1641 1876 pars
1668 1785 1956 1862 rationalis
1975 1808 2030 1861 in
2061 1785 2104 1840 Β

454 1896 620 1951 nobis
665 1896 832 1965 dicat,
868 1896 981 1967 Ego
1020 1912 1141 1952 sum
1175 1896 1242 1950 ad
1279 1897 1568 1968 imaginem
1602 1898 1697 1953 Dei
1728 1897 1927 1962 factus,
1956 1898 2031 1953 ita

455 1996 830 2057 comparatus,
868 1997 927 2041 ut
979 1989 1202 2045 interire
1255 2005 1365 2045 non
1411 1991 1643 2061 possim,
1700 2006 2034 2062 rursumque

456 2091 589 2147 pars
613 2078 706 2132 illa
740 2078 1027 2135 rationalis
1055 2080 1223 2144 dicat,
1268 2079 1381 2152 Ego
1410 2096 1532 2136 sum
1577 2088 1724 2137 terra
1759 2091 1814 2138 et
1854 2083 2037 2151 cinis;

454 2185 567 2224 non
605 2171 850 2241 loquitur
877 2171 1036 2227 modo
1071 2172 1294 2234 animal,
1326 2173 1490 2227 modo
1521 2172 1574 2227 id
1619 2172 1765 2243 quod
1816 2175 2035 2230 ratioci-

454 2270 656 2326 natur;
693 2262 788 2318 sed
816 2262 1053 2332 idipsum
1085 2265 1375 2328 rationale,
1407 2264 1571 2320 modo
1593 2281 1717 2335 quae
1766 2266 1872 2323 sibi
1903 2282 2034 2337 pro-

453 2354 574 2424 pria
607 2361 758 2418 sunt,
795 2355 960 2410 modo
1000 2372 1122 2426 qua:
1158 2357 1384 2412 animali
1442 2358 1802 2423 conveniunt.
1855 2359 2035 2430 loqui-

453 2451 545 2498 tur
580 2464 593 2500 :
634 2444 706 2499 ita
737 2446 906 2501 homo
935 2454 990 2502 et
1037 2447 1181 2504 Deus
1211 2446 1477 2512 Verbum,
1536 2450 1700 2504 unica
1748 2463 1845 2521 per
1876 2451 2036 2504 unio-

454 2550 582 2590 nem
630 2536 906 2592 exsistens
936 2553 1191 2607 persona,
1243 2553 1367 2594 cum
1397 2539 1475 2593 ait
1506 2579 1525 2604 ,
1564 2557 1584 2590 ι
1614 2539 1719 2606 Qui
1759 2539 1898 2594 vidit
1928 2555 2032 2606 me,

453 2626 590 2681 vidit
618 2625 832 2682 Patrem
865 2647 884 2679 ι
918 2628 963 2691 ⁸,
1018 2628 1289 2707 significat
1315 2645 1430 2686 sua:
1458 2629 1679 2685 deitatis
1700 2631 2038 2701 contempla-

456 2718 681 2773 tionem.
726 2717 840 2774 Ncc
890 2720 1037 2775 enim
1090 2721 1342 2791 quisquis
1370 2737 1593 2778 carnem
1624 2723 1781 2787 vidit,
1817 2724 2033 2779 Patrem

453 2807 592 2861 vidit
615 2826 627 2859 :
654 2808 743 2863 sin
775 2808 980 2876 minus,
1004 2817 1059 2864 et
1087 2809 1342 2876 Pontius,
1368 2819 1425 2867 et
1447 2811 1715 2878 Herodes,
1741 2821 1797 2868 et
1822 2815 1915 2884 qui
1945 2830 2041 2870 co—

456 2898 651 2968 laphos
678 2899 729 2953 ei
758 2899 1125 2972 impegerunt,
1161 2911 1216 2958 et
1245 2904 1337 2974 qui
1373 2905 1544 2961 clavis
1578 2908 1756 2976 ipsum
1795 2906 2038 2962 conﬁxe-

457 2995 590 3041 runt
611 2988 924 3053 carniﬁces,
981 2993 1421 3062 comperirentur
1454 2995 1675 3049 Patrem
1707 2995 1939 3051 vidisse.
1972 2995 2038 3050 Et

2129 528 2207 592 ὼς
2221 528 2277 582 δὲ
2293 527 2445 593 Θεὸς,
2463 528 2717 600 παρέχων
2735 530 2897 594 αὐτὸς
2914 532 3027 592 τοῖς
3051 528 3239 595 ἀξίοις.
3259 528 3418 584 Οὕτω
3429 531 3529 585 καὶ
3543 532 3723 596 ὁΘεὺς

2129 618 2432 686 νομοθετεῖ,
2459 621 2552 673 καὶ
2572 620 2650 683 ὡς
2680 619 2968 691 ἄνθρωπος
2991 621 3097 674 ὑπὸ
3139 622 3303 692 νόμον
3350 623 3592 690 γίνεται,
3625 625 3721 678 καὶ

2129 710 2221 764 διὰ
2248 711 2406 766 τοῦτο
2440 712 2503 765 οὐ
2542 712 2710 782 λέγει,
2747 712 2889 767 Τάδε
2940 712 3090 781 λέγει
3126 714 3352 786 Κύριος,
3392 715 3586 787 ἐπειδὴ
3620 717 3719 769 οὐκ

2131 799 2419 871 ἄνθρωπός
2457 804 2573 855 ἐστι
2616 801 2902 872 μετασχὼν
2924 802 3201 873 θεότητος,
3233 804 3371 858 ἀλλὰ
3391 805 3527 868 Θεὸς
3558 824 3721 877 μεταο

2130 891 2276 962 σχὼν
2292 893 2521 964 αἵματος
2545 894 2638 947 καὶ
2659 892 2883 965 σαρκὸς,
2899 894 3176 948 τουτέστιν
3193 894 3289 947 ἀνθ
3296 896 3642 968 ρωπὸτητος.
3659 898 3720 950 Ἡ

2131 982 2323 1055 Γραφὴ
2351 983 2459 1055 γὰρ
2487 981 2576 1037 τδν
2613 983 2898 1057 ἄνθρωπον
2927 986 3106 1057 σάρκα
3134 986 3226 1040 καὶ
3251 981 3392 1058 αἷμα
3427 988 3613 1051 καλεῖ,
3646 989 3720 1052 ὡς

2131 1075 2261 1128 ὅταν
2285 1075 2417 1147 λέγῃ
2457 1075 2669 1140 Παῦλος
2686 1092 2701 1107 ·
2736 1095 2755 1128 ι
2797 1077 2872 1130 Οὐ
2902 1077 3315 1149 προσανεθέμην
3337 1081 3505 1150 σαρκὶ
3521 1082 3622 1134 καὶ
3640 1081 3722 1134 αῖ-

2135 1182 2295 1236 ματι·
2329 1185 2348 1216 ι
2374 1166 2468 1221 καὶ
2499 1166 2687 1241 ὥσπερ
2719 1166 2779 1220 ἓν
2808 1169 2924 1223 ἐστι
2950 1168 3239 1239 πρόσωπον
3262 1172 3291 1222 6
3312 1168 3627 1243 ἄνθρωπος,
3658 1174 3722 1225 ἐκ

2132 1255 2274 1321 ζώου
2291 1258 2384 1312 καὶ
2400 1257 2618 1326 λογικοῦ
2653 1258 3009 1329 συγκείμενος
3024 1275 3039 1289 θ
3062 1257 3204 1312 οὕτω
3220 1259 3315 1312 καὶ
3333 1258 3393 1312 ἓν
3424 1260 3723 1331 πρόσωπον

2131 1352 2367 1424 Χριστὸς
2399 1356 2463 1408 ἐκ
2489 1353 2626 1408 Θεοῦ
2650 1355 2743 1407 καὶ
2785 1353 3003 1426 μορφῆς
3037 1353 3287 1426 ὼυλικῆς
3321 1353 3608 1426 ὑπάρχων,
3628 1354 3725 1408 καὶ

2131 1444 2220 1498 διὰ
2262 1444 2420 1499 τοῦτο
2463 1445 2523 1498 οὐ
2562 1443 2746 1513 λέγει,
2808 1462 2827 1496 ι
2888 1443 3026 1497 Τάδε
3065 1442 3217 1509 λέγει
3266 1444 3493 1516 Κύριος.
3520 1462 3539 1495 ι
3578 1442 3720 1507 ἀλλ’,

2138 1535 2312 1605 ιἘγὼ
2338 1536 2482 1604 λέγω
2514 1537 2674 1601 ὑμῖν·
2700 1554 2720 1589 ι
2741 1536 2887 1601 καὶ,ι
2911 1533 3056 1604 Ἐγώ
3071 1537 3240 1607 είμιή
3271 1535 3384 1608 ζωὴ
3404 1536 3501 1589 καὶ⁵
3529 1539 3563 1606 ἡ
3590 1536 3725 1609 ἀλήο

2134 1627 2275 1681 θεια.
2315 1646 2335 1679 ι
2380 1627 2468 1690 Ὠς
2505 1621 2598 1680 οὖν
2651 1624 2727 1697 (5)
2753 1624 2849 1679 ἐὰν
2902 1624 3038 1696 λέγῃ
3078 1626 3139 1679 τὸ
3175 1628 3232 1679 ἐν
3273 1627 3405 1696 ἡμῖν
3450 1625 3674 1694 λογικόν
3701 1644 3718 1657 ·

2134 1717 2277 1787 Ἐγὼ
2308 1719 2425 1788 ειμι
2461 1718 2490 1770 6
2514 1720 2634 1771 κατ’
2687 1717 2873 1771 εἰκόνα
2928 1716 3066 1770 Θεοῦ
3122 1716 3382 1785 γεγονὼς,
3437 1717 3722 1789 ἄφθαρτος

2132 1806 2666 1878 κατεσκευασμένος⁸
2707 1807 2802 1860 καὶ
2834 1806 2993 1861 πάλιν
3011 1805 3074 1860 τὸ
3114 1805 3246 1861 αὐτὸ
3280 1806 3528 1875 λογικόν·
3579 1807 3725 1877 Ἐγώ

2133 1903 2250 1972 είμι
2279 1899 2352 1970 γῆ
2382 1899 2478 1953 καὶ
2512 1897 2723 1961 σποδός
2753 1898 2813 1950 οὐ
2836 1896 2967 1950 ποτὲ
3004 1897 3066 1950 τὸ
3094 1894 3231 1960 ζῶον
3260 1895 3431 1959 λαλεῖ,
3450 1896 3549 1949 καὶ
3592 1898 3727 1951 ποτὲ

2130 1985 2194 2039 τὸ
2225 1985 2463 2053 λογικόν⁹
2484 1983 2600 2038 ἀλλ’
2627 1983 2758 2037 αὐτὸ
2784 1983 2845 2037 τὸ
2874 1983 3116 2053 λογικὸν,
3146 1983 3275 2037 ποτέ
3298 1983 3366 2036 τὰ
3388 1985 3587 2038 ἐαυτοῦ
3617 1985 3727 2038 tam

2132 2073 2302 2144 λέγει,
2336 2074 2432 2128 καὶ
2464 2072 2595 2127 ποτὲ
2617 2073 2687 2126 τὰ
2725 2072 2820 2126 τοῦ
2856 2071 3029 2137 ζώου⁶
3061 2071 3237 2137 οὓτως
3271 2072 3332 2138 ἐξ
3385 2074 3640 2136 ἐνώσεως
3667 2073 3727 2126 ἓν

2134 2167 2425 2238 πρόσωπον
2459 2164 2535 2218 ὢν
2564 2167 2593 2219 6
2616 2166 2902 2235 ἄνθρωπος
2938 2166 3032 2219 καὶ
3053 2164 3187 2228 Θεὸς
3205 2166 3397 2233 Λόγος,
3426 2165 3517 2218 ὅτε
3549 2165 3725 2234 λέγει,

2138 2276 2157 2309 ι
2180 2258 2239 2311 Ὃ
2262 2255 2524 2329 ἑωρακὼς
2551 2258 2677 2327 ἐμὲ,
2708 2255 2924 2328 ἑώρακε
2963 2255 3056 2309 τὸν
3092 2256 3336 2328 Πατέρα,
3379 2275 3397 2306 ι
3428 2254 3533 2326 τὴν
3585 2255 3728 2310 θεω-

2135 2348 2257 2419 ρίαν
2280 2349 2379 2421 τῆς
2406 2348 2541 2411 ἰδίας
2561 2347 2815 2419 θεότητος
2844 2347 3014 2416 λέγει.
3044 2347 3119 2400 UO
3142 2346 3251 2417 γὰρ
3273 2349 3303 2400 6
3332 2344 3599 2414 éwpaxch;
3624 2346 3728 2417 τὴν

2136 2438 2336 2511 σάρκα,
2371 2438 2584 2511 ἑώρακε
2617 2438 2707 2492 τὸν
2739 2438 2993 2511 Πατέρα’
3038 2440 3086 2492 εί
3119 2437 3176 2491 δὲ
3218 2436 3312 2509 μὴ,
3338 2437 3434 2491 καὶ
3472 2437 3724 2503 Πόντιςς,

2134 2531 2230 2583 καὶ
2263 2529 2531 2601 Ἡρώδης,
2560 2530 2654 2583 καὶ
2677 2530 2727 2583 οἱ
2758 2529 3111 2601 ραπίσαντες,
3138 2530 3231 2582 καὶ
3249 2530 3297 2581 οἱ
3329 2526 3730 2600 προσηλώσειν-

2132 2638 2226 2684 τες
2254 2620 2460 2692 δήμιοι,
2493 2619 2881 2692 εὑρεθήσονται
2904 2620 3209 2693 ἑωρακότες
3231 2619 3321 2673 τὸν
3340 2619 3588 2691 Πατέρα.
3620 2620 3731 2672 Καὶ

2134 2714 2261 2767 ὅταν
2282 2712 2437 2785 λέγῃ,
2470 2712 2605 2766 «Τὸν
2628 2712 2798 2767 νῶτόν
2834 2730 2933 2785 μου
2967 2711 3175 2766 δέδωκα
3198 2713 3277 2775 είς
3308 2712 3640 2783 Marsyae,»
3670 2712 3728 2763 οὐ

2135 2805 2233 2874 τῆς
2288 2802 2542 2875 θεότητος
2600 2803 2749 2872 λέγει
2795 2803 2996 2857 νῶτον·
3052 2802 3161 2856 οὐδ’
3210 2803 3339 2855 ὅταν
3377 2800 3515 2874 λέγῃ
3543 2818 3560 2831 ο
3600 2802 3728 2864 Πῶς

2135 2894 2244 2966 γὰρ
2265 2895 2363 2965 τῆς
2395 2894 2648 2966 θεότητος
2678 2894 2854 2965 ήψατό
2889 2911 3007 2960 τις;
3057 2893 3196 2948 ἀλλὰ
3246 2891 3342 2946 τοῦ
3394 2892 3659 2963 σώματος
3701 2895 3731 2945 6

2140 2986 2418 3058 ἁψάμενος
2453 2987 2591 3058 μετὰ
2629 2986 2887 3051 πίστεως,
2943 2987 3039 3041 τοῦ
3080 2986 3497 3058 συναμφοτέρου
3527 2986 3728 3056 ἥψατο,

456 3094 581 3134 cum
603 3080 798 3150 inquit,
836 3101 855 3132 ι
889 3080 1122 3137 Dorsum
1149 3099 1328 3138 meum
1353 3083 1540 3154 ﬂagris
1572 3086 1839 3156 praebui“,
1880 3105 1898 3138 ι
1927 3102 2034 3140 nou

2140 3082 2207 3150 τῇ
2245 3080 2342 3149 μὲν
2358 3078 2504 3151 χειρὶ⁷
2526 3079 2604 3147 (4)
2622 3078 2716 3132 τοῦ
2742 3079 3012 3151 σώματος,
3043 3082 3110 3151 τῇ
3148 3079 3205 3132 δέ
3236 3077 3418 3132 πίστει
3478 3079 3585 3150 τῆς
3613 3079 3732 3132 θεό-

458 3169 728 3240 signiﬁcat
755 3170 977 3227 deitatis
1006 3172 1231 3228 dorsum
1263 3193 1277 3230 :
1304 3190 1481 3245 neque
1527 3191 1653 3230 cum
1690 3177 1806 3240 ait,
1855 3196 1874 3229 ι
1918 3177 2036 3231 Ali-

457 3262 585 3331 quis
617 3277 702 3317 me
726 3263 907 3333 tetigit
929 3263 949 3294 ⁷
980 3302 997 3328 ,
1043 3283 1063 3316 ι
1098 3264 1322 3322 deitatis
1350 3275 1666 3321 contactum
1719 3267 1872 3323 dicit.
1932 3268 2038 3336 Qui

457 3353 604 3407 enim
638 3351 896 3409 deitatem
918 3356 1213 3426 contigerit
1259 3356 1571 3427 quispiam?
1632 3356 1738 3413 Sed
1794 3359 1886 3428 qui
1936 3358 2040 3414 lide

459 3444 725 3514 praeditus
757 3460 960 3516 corpus
1000 3446 1132 3502 illud
1179 3448 1454 3520 tetigerat,
1503 3459 1800 3519 utrumque
1849 3449 2041 3519 tetige-

461 3541 567 3598 rat,
595 3550 758 3591 manu
779 3538 999 3606 quidem
1027 3554 1250 3609 corpus,
1286 3539 1391 3595 llde
1408 3556 1539 3595 vero
1563 3540 1843 3601 deitatem,
1867 3556 2041 3610 quan-

459 3625 756 3695 doquidem
791 3636 1085 3700 utrumque
1126 3632 1286 3685 unica
1324 3642 1410 3688 est
1450 3646 1706 3702 persona,
1737 3632 1992 3689 Christus
2023 3673 2040 3699 ,

465 3736 487 3767 ς
525 3716 724 3773 Omnia
781 3718 961 3775 factus
1013 3722 1290 3788 omnibus,
1351 3732 1410 3777 ut
1458 3721 1703 3776 omnium
1755 3722 2042 3777 miserere-

463 3816 553 3860 Iur
581 3807 624 3861 ⁸.
668 3826 688 3860 ι
725 3806 912 3879 Itaque
939 3824 1051 3863 non
1084 3808 1627 3879 loquiturinterdum
1665 3808 1826 3867 Deus.
1869 3807 2042 3861 inter-

2144 3186 2324 3239 τητος,
2365 3169 2552 3241 ἐπειδὴ
2591 3169 2652 3222 τὸ
2701 3170 3109 3240 συναμφότερον
3133 3170 3192 3223 ἐν
3221 3171 3339 3223 ἐστι
3371 3170 3675 3242 πρόσωπον
3702 3174 3732 3223 6

2145 3261 2399 3331 Χριστὸς,
2431 3280 2450 3311 ι
2484 3260 2513 3313 6
2556 3260 2730 3314 πάντα
2759 3263 2893 3315 πᾶσι
2919 3261 3221 3332 γινόμενος,
3257 3261 3343 3315 ἴνα
3365 3263 3497 3326 τοὺς
3519 3261 3731 3325 πάντας

2146 3352 2363 3424 ἐλεήσῃ.
2412 3372 2431 3405 ι
2464 3354 2626 3406 Ὥστε
2662 3355 2722 3407 οὐ
2766 3355 2897 3408 ποτὲ
2944 3354 3043 3426 μὲν
3069 3355 3098 3406 6
3130 3354 3263 3419 Θεὸς
3298 3354 3472 3419 λαλεῖ,
3508 3355 3646 3409 ποτὲ
3675 3355 3732 3408 δὲ

2146 3443 2462 3516 ἄνθρωπος’
2498 3445 2815 3518 ἐπειδήπερ,
2849 3446 2926 3509 ὼς
2948 3446 3291 3518 προείρηται,
3322 3446 3441 3501 οὐδὲ
3468 3450 3607 3502 ποτέ
3636 3447 3734 3521 μὲν

2145 3534 2206 3587 τὸ
2233 3532 2372 3597 ζῶον
2394 3534 2544 3588 λαλεῖ
2579 3535 2983 3608 κεχωρισμένον
3006 3535 3099 3590 τοῦ
3127 3535 3371 3604 λογικοῦ,
3400 3538 3534 3591 ποτὲ
3580 3538 3642 3593 δὲ
3676 3539 3737 3593 τὸ

2146 3624 2362 3694 λογικὸν
2383 3629 2791 3698 κεχωρισμένον
2818 3628 2913 3682 τοῦ
2939 3627 3079 3693 ζὼου
3100 3645 3115 3660 ·
3153 3629 3290 3683 ἀλλὰ
3308 3630 3368 3683 τὸ
3404 3631 3631 3699 λογικὸν
3679 3634 3737 3686 ἐν

2146 3716 2226 3787 τῷ
2253 3716 2398 3788 ζὼῳ,
2432 3719 2525 3773 καὶ
2555 3718 2645 3773 διὰ
2669 3720 2763 3773 τοῦ
2796 3719 2935 3785 ζὼου
2965 3720 3150 3774 λαλεῖ·
3176 3724 3243 3775 ἐκ
3274 3722 3630 3795 παραλλήλου
3678 3724 3738 3777 τὸ

2146 3809 2279 3862 αὐτὸ
2304 3809 2468 3879 λέγω.
2504 3810 2589 3864 ἵνα
2617 3812 2952 3884 πανταχόθεν
2972 3811 3114 3884 γνῷς
3129 3812 3227 3885 τήν
3252 3813 3467 3869 ἕνωσιν,
3505 3821 3515 3883 ξ

460 3900 589 3954 dum
619 3900 785 3955 homo
816 3918 831 3953 :
867 3918 1016 3970 nam,
1048 3910 1107 3956 ut
1142 3912 1301 3958 antea
1327 3904 1461 3969 dixi,
1488 3918 1554 3958 ne
1583 3902 1636 3956 id
1667 3897 1886 3973 quidem
1916 3900 2025 3955 diei
2067 3909 2265 3971 potest,
2290 3904 2450 3958 modo
2474 3903 2693 3973 quidem
2738 3903 2940 3958 animal
2974 3920 3003 3958 a
3040 3915 3193 3975 parte
3232 3906 3490 3959 rationali
3548 3905 3741 3974 sejun-

462 4001 644 4055 ctum,
681 3992 842 4047 modo
901 4010 1032 4049 vero
1086 3994 1251 4066 470
1306 4004 1515 4067 partem
1573 3995 1899 4051 rationalem
1944 3995 2012 4049 ab
2061 3996 2285 4050 animali
2333 4004 2641 4067 separatam
2666 3998 2853 4067 loqui:
2885 3998 2979 4054 sed
3017 4013 3147 4069 pars
3189 4000 3477 4054 rationalis
3514 3999 3570 4052 in
3602 3997 3743 4052 'ani-

462 4088 589 4141 mali
619 4098 672 4142 et
698 4104 793 4159 per
814 4090 1017 4144 animal
1043 4090 1306 4160 loquitur.
1331 4091 1476 4147 ldem
1527 4091 1691 4145 etiam
1722 4091 1851 4145 dico
1875 4089 1944 4144 de
2005 4105 2094 4155 eo,
2131 4089 2278 4161 quod
2319 4106 2445 4145 cum
2496 4091 2599 4147 hoc
2632 4092 2968 4162 comparari,
3010 4101 3070 4148 ut
3127 4092 3495 4165 undequaque
3532 4094 3744 4148 unitio—

462 4194 585 4233 nem
612 4193 783 4234 IIOI'IS.

531 4273 620 4327 27.
657 4232 833 4343 Apoll.
881 4232 1153 4328 Prmterea
1178 4288 1309 4327 vero
1335 4275 1417 4328 vel
1452 4274 1568 4344 ipse
1627 4276 1892 4347 prodigia
1928 4275 2030 4330 ede

2215 4270 2283 4324 2⁸7
2295 4308 2307 4321 .
2358 4272 2403 4323 Ἀ
2415 4270 2730 4324 πολλ.“Ἐτι
2749 4271 2803 4324 δέ
2825 4271 2855 4342 ἢ
2879 4271 3040 4336 αὐτὸς
3068 4272 3143 4344 (5)
3167 4274 3423 4328 ἐτέλειτὰ
3448 4278 3740 4349 τεράστια,

464 4364 577 4425 bat,
603 4374 696 4418 aut
718 4380 825 4418 non
860 4366 1075 4421 edebat.
1115 4364 1172 4419 Si
1204 4366 1424 4428 edebat,
1455 4383 1564 4421 non
1596 4378 1714 4423 erat
1747 4368 1912 4423 homo
1947 4388 1961 4423 :
1996 4369 2043 4423 si

2150 4361 2295 4433 ἥοῦ.
2341 4362 2482 4415 Ἀλλ’
2513 4363 2564 4416 εἰ
2601 4364 2699 4434 μὲν
2737 4364 2931 4427 ἐτέλει,
2981 4366 3081 4419 οὐκ
3122 4360 3189 4437 ἧν
3219 4365 3547 4437 ἄνθρωπος·
3596 4374 3650 4425 εἰ
3691 4373 3743 4427 δὲ

471 4469 583 4507 nou
615 4453 829 4517 edebat,
868 4455 1147 4524 quomodo
1172 4455 1307 4509 dicit
1336 4471 1396 4510 se
1423 4454 1622 4510 edere?
1663 4464 1717 4511 et
1768 4455 2045 4525 quomodo

2153 4455 2251 4526 μὴ,
2288 4454 2407 4519 πῶς
2433 4454 2583 4524 λέγει
2610 4455 2819 4517 τελεϊν;
2855 4456 2888 4527 ἢ
2925 4456 3042 4522 πῶς
3079 4457 3107 4509 6
3144 4458 3306 4522 αὐτὸς
3333 4458 3415 4528 τῷ
3454 4461 3740 4526 τελοῦντις

467 4544 615 4599 idem
643 4560 768 4599 esse
799 4554 977 4614 pctest
997 4555 1161 4615 atque
1190 4546 1237 4601 is
1269 4548 1363 4616 qui
1389 4547 1619 4602 edebat?
1679 4546 1836 4603 Orth.
1890 4546 2046 4601 Sicut

468 4650 597 4706 pars
632 4635 918 4690 rationalis
944 4651 1040 4690 sua
1067 4636 1241 4705 ipsius
1276 4652 1442 4707 opera
1472 4638 1552 4693 sic
1577 4638 1688 4693 edit
1720 4639 1773 4692 in
1801 4638 2047 4700 animali.

470 4737 530 4780 ut
563 4742 672 4781 non
699 4727 771 4781 sit
812 4734 1069 4795 separata
1114 4728 1181 4781 ab
1228 4728 1452 4781 animali
1489 4745 1501 4780 :
1536 4728 1609 4782 ita
1659 4728 1754 4785 Dei
1807 4728 2044 4783 Verbum

468 4818 683 4873 unitum
712 4817 1075 4877 homini.edit
1103 4816 1349 4888 prodigia
1378 4819 1602 4875 minime
1638 4830 1979 4891 segregatum
2020 4836 2050 4873 a

468 4920 670 4966 natura
701 4911 961 4974 humana,
986 4910 1133 4980 quod
1165 4911 1215 4966 ei
1257 4927 1355 4981 pro
1394 4928 1493 4967 sua
1543 4913 1745 4984 pietate
1786 4914 2053 4984 placuerit

2149 4547 2307 4614 Ὀρθ.
2329 4547 2543 4618 Ὥσπερ
2574 4547 2637 4601 τὸ
2658 4547 2872 4616 λογικὸν
2905 4550 2963 4601 ἐν
2990 4547 3069 4620 τῷ
3092 4550 3216 4620 ζὼῳ
3252 4550 3400 4605 τελεῖ
3427 4554 3499 4607 τὰ
3524 4557 3740 4619 ἑαυτοῦ,

2153 4636 2212 4689 οὐ
2241 4636 2651 4706 κεχωρισμένον
2673 4636 2732 4690 ὃν
2757 4635 2853 4690 τοῦ
2880 4636 3020 4703 ζὼου
3036 4654 3051 4667 ·
3073 4638 3214 4691 οὕτω
3241 4638 3374 4703 Θεὸς
3391 4642 3590 4711 Λόγος,
3618 4646 3743 4697 ἐνω-

2156 4729 2269 4794 θεῖς
2302 4727 2598 4800 ἀνθρώπῳ,
2624 4730 2771 4782 τελεῖ
2796 4728 2864 4782 τὰ
2896 4730 3178 4800 τεράστια,
3226 4731 3287 4784 οὐ
3334 4736 3742 4806 κεχωρισμένος

2156 4822 2257 4893 τῆς
2280 4820 2722 4893 ἀνθρωπότητος,
2758 4819 2826 4873 δι’
2854 4821 3046 4891 αὐτῆς,
3078 4822 3173 4875 καὶ
3203 4825 3261 4875 ἐν
3292 4824 3456 4896 αὐτῇ,
3495 4828 3594 4879 καὶ
3632 4830 3741 4897 μετ’

2157 4916 2349 4985 αὐτῆς,
2381 4914 2683 4983 εὐδοκήσας
2709 4914 2807 4984 τὴν
2823 4913 3019 4967 ἐαυτοῦ
3053 4912 3204 4967 θείαν
3223 4914 3457 4986 δύναμιν
3482 4920 3740 4989 ἐνεργεῖν.

468 5003 578 5055 vim
610 5016 765 5055 suam
789 5002 1028 5056 divinam
1059 5017 1157 5072 per
1184 5017 1328 5066 eam,
1358 5010 1412 5057 et
1466 5004 1521 5057 in
1572 5020 1657 5066 ea,
1715 5011 1770 5059 et
1813 5020 1938 5059 cum
1986 5020 2051 5059 ea

2156 5008 2268 5062 Καὶ
2292 5008 2482 5079 ὥσπερ
2516 5007 2564 5060 εἰ
2587 5006 2701 5077 δοίη
2718 5023 2802 5070 τις
2833 5005 2912 5077 τῷ
2940 5006 3085 5076 λόγῳ
3104 5006 3281 5075 ἣλιον,
3299 5007 3393 5060 τὸν
3421 5010 3600 5079 μέγαν
3630 5010 3743 5062 τοῦ-

471 5094 713 5164 operari.
749 5092 816 5147 Et
872 5094 1036 5149 veluti
1072 5093 1119 5150 si
1163 5092 1289 5165 quis
1334 5095 1669 5165 cogitatione
1717 5097 2052 5152 concesserit

2155 5111 2248 5148 τον
2280 5094 2508 5166 ἀστέρα,
2531 5094 2620 5148 διὰ
2653 5095 2871 5165 λύχνου,
2899 5096 2994 5148 καὶ
3022 5097 3081 5148 ἐν
3108 5094 3289 5166 λύχνῳ
3336 5097 3656 5170 ἐκπέμπειν
3688 5099 3743 5148 τὺ

472 5186 667 5247 solem,
695 5200 953 5257 magnum
990 5184 1138 5243 istud
1170 5186 1344 5250 sidus,
1367 5203 1465 5257 per
1493 5187 1774 5243 lucernam
1801 5195 1855 5242 et
1886 5191 1939 5242 in
1964 5188 2050 5242 lu—

2158 5186 2353 5242 ἑαυτοῦ
2410 5185 2525 5256 φῶς
2546 5203 2561 5217 ·
2615 5189 2681 5239 ἐκ
2734 5186 3079 5257 παραλλήλου
3138 5187 3248 5258 γὰρ
3303 5188 3473 5242 πάλιν
3513 5189 3576 5242 τὸ
3620 5187 3744 5243 αὐτὸ

473 5293 638 5332 cerua
677 5293 832 5333 suam
865 5279 1043 5335 lucem
1077 5281 1364 5347 emittere;
1399 5295 1621 5335 rursum
1645 5282 1792 5351 enim
1816 5281 1959 5336 idem
1982 5296 2049 5335 ex

2156 5279 2321 5333 ἄκουε
2343 5298 2356 5310 ·
2385 5279 2448 5331 οὐ
2468 5278 2561 5331 δύο
2594 5278 2748 5346 φῶτά
2776 5279 2934 5331 εἰσιν.
2968 5280 3042 5332 Οὐ
3064 5278 3171 5351 γὰρ
3195 5279 3377 5350 φαίνει
3407 5277 3604 5352 λύχνος
3620 5295 3743 5334 κατ-

580 5438 599 5466 ’
640 5434 815 5491 Galat.
850 5452 890 5500 ι,
936 5436 1024 5493 l6.

1130 5438 1152 5470 ³
1190 5435 1380 5493 Matth.
1419 5453 1475 5504 ν,
1526 5436 1626 5502 20,
1660 5434 1753 5490 εε,
1851 5441 1873 5474 ι
1910 5431 2069 5489 Joan.
2118 5448 2228 5496 xiv,
2264 5432 2319 5488 6.
2395 5434 2414 5464 ⁸
2456 5431 2588 5487 ibid.
2624 5429 2677 5486 9.

474 5505 496 5534 ιι
538 5504 554 5557 l
589 5506 717 5559 Cur.
757 5520 810 5559 ιι
831 5547 847 5573 ,
867 5506 971 5570 .22.

2792 5429 2814 5460 ⁸
2854 5428 2957 5485 lsa.
3000 5447 3067 5496 1.,
3102 5431 3157 5487 6.
3254 5433 3277 5465 '
3318 5430 3454 5490 Luc.
3492 5430 3739 5501 nu,“-

2251 5656 2328 5725 (6)
2360 5654 2513 5720 Mss.,
2539 5657 2602 5723 τῇ
2640 5656 2738 5725 μὲν
2767 5655 2968 5725 χάριτι.

551 5660 628 5726 (3)
665 5655 771 5738 05}
802 5660 955 5738 abest
981 5676 1011 5714 a
1040 5676 1174 5722 mss.
1199 5660 1373 5722 Paulo
1389 5667 1698 5727 nasuinss.
1715 5658 1963 5724 ἕεγονὼς
1979 5660 2052 5716 ἀνι

2251 5656 2328 5738 (ξ)
2360 5655 2513 5738 Mss:
2539 5657 2618 5738 ei.
2640 5656 2740 5738 μέ]
2767 5655 2968 5738 xilem.-
3032 5726 3042 5738 .

2253 5724 2329 5796 (5)
2365 5725 2473 5782 Mss
2504 5765 2526 5791 γ
2553 5724 2674 5779 Ἔτι
2696 5726 2752 5780 δέ
2792 5724 2884 5781 καὶ
2918 5728 2963 5779 εξ
2987 5724 3163 5788 αὑτός.

482 5730 693 5800 θρωπος
724 5729 1016 5799 ἄφθαρτος.
