3850 6226
449 276 588 332 1285
1583 277 1642 332 S.
1680 275 2140 333 ATHANASEUS.
2183 309 2253 320 —
2295 278 2545 335 SPURIA
3556 283 3698 340 i281

513 395 605 450 29.
646 393 819 465 Apoll.
859 394 916 450 Si
950 395 1116 450 homo
1141 394 1433 465 adjunctus
1463 403 1547 451 est
1575 395 1686 451 Deo
1705 435 1720 460 ,
1753 397 1893 451 alius
1921 405 2005 452 est

2177 396 2264 452 5'29.
2301 398 2546 454 Ἀπολλ.
2568 396 2889 468 Ἀνθρωπος
2920 397 3040 469 Θεῷ
3055 399 3476 472 παραζευχθεὶς,
3507 399 3697 472 ἔτερος

444 500 607 554 quam
653 485 816 549 Deus,
852 487 896 540 si
929 493 1044 540 tum
1077 493 1260 541 motus
1287 487 1548 541 animales
1577 487 1863 558 respicias,
1890 495 1964 540 tui

2173 491 2260 560 ιρὰ
2288 488 2377 543 τὸν
2409 489 2543 543 Θεόν
2566 489 2682 543 ἐστι
2709 493 2828 554 ταῖς
2848 490 3110 554 ζωτικαῖς
3141 493 3420 564 «κινήσεσι,
3453 491 3693 559 λογιετι-

443 574 817 638 rationabiles,
861 584 976 628 tum
1013 576 1308 644 patibiles;
1339 583 1390 630 et
1424 577 1659 645 patiens,
1708 577 1911 646 patitur
1949 593 1963 630 I

2176 584 2232 644 ίῖς
2279 598 2337 635 τε
2385 581 2478 634 καὶ
2527 579 2890 650 παθητικαῖς’
2949 583 3044 634 καὶ
3099 581 3344 652 πάσχων,
3377 583 3455 644 ὡς
3506 583 3696 656 ἔτερος

441 667 604 730 alius,
639 674 694 720 et
725 667 1008 729 adoratus,
1040 668 1305 722 aduratur
1341 676 1399 721 ut
1429 669 1590 723 alius.
1626 668 1698 722 At
1731 667 1822 722 Dei
1853 684 1961 722 cari

2173 669 2328 740 ἱσχει,
2359 671 2452 724 καὶ
2485 670 2975 742 προσκυνούμενος,
3019 670 3095 734 ὡς
3143 673 3332 742 ἔτερος
3365 675 3693 743 προσκυνεῖ-

439 758 568 810 vita:
603 763 688 811 est
733 755 1158 811 instrumentum
1201 759 1273 810 ita
1317 759 1665 827 passionibus
1701 759 1816 813 suis
1859 775 1959 813 con

2180 781 2216 818 ι.
2261 762 2406 835 Σὰρξ
2437 763 2494 815 δὲ
2535 762 2670 816 Θεοῦ
2718 762 2866 832 ζωῆς
2898 763 3128 834 ὖργανον
3167 764 3547 835 ἁρμοζόμενον
3579 767 3695 828 τοῖς

439 851 678 920 positum
701 890 716 912 ,
751 858 812 905 ut
843 851 1336 908 divinisconsiliis
1360 850 1610 920 quadret,
1647 867 1826 921 neque
1858 867 1957 922 cog

2172 853 2304 907 ἱθεσι
2355 854 2492 925 πρὸς
2542 853 2640 917 τάς
2687 852 2838 917 θείας
2886 854 3099 924 βουλάς,
3131 857 3222 908 καὶ
3261 856 3338 926 (9)
3365 854 3492 908 οὔτε
3545 855 3692 924 λόγοι

441 941 678 994 lationes
729 939 934 994 fuerint
977 942 1162 995 carnis
1207 945 1460 1011 propria,
1508 958 1684 1011 neque
1715 943 1959 998 actiones

2169 944 2308 1014 ιρκὸς
2337 945 2479 1006 ἴδιοι,
2526 942 2650 996 οὔτε
2699 944 2946 1015 πράξεις,
3002 947 3241 1009 καὶτοῖς
3277 947 3506 1000 πάθεσιν
3557 947 3689 1000 ὐπο-

437 1041 493 1084 et
539 1047 670 1085 caro
723 1033 841 1102 ipsa
899 1032 1251 1102 passionibus
1321 1041 1481 1101 prout
1537 1033 1688 1086 carni
1751 1049 1957 1088 conven

2159 1034 2445 1104 ιλ).ομένη·
2497 1033 2638 1088 κατὰ
2681 1033 2740 1086 τὸ
2785 1035 2948 1104 σαρκὶ
2981 1037 3274 1107 προσῆκον,
3309 1035 3486 1106 ἰσχύει
3533 1037 3679 1092 κατὰ

439 1125 706 1193 subjecta,
763 1126 872 1178 illis
927 1125 1176 1193 superior
1221 1125 1424 1184 evadit,
1475 1126 1732 1194 quoniam
1779 1133 1864 1181 est
1910 1125 1959 1178 Di

2158 1123 2212 1176 ὒν
2251 1123 2458 1186 παθῶν,
2487 1122 2575 1176 διὰ
2618 1123 2679 1176 τὸ
2709 1123 2844 1177 Θεοῦ
2887 1120 3024 1178 εἶναι
3065 1125 3220 1196 σὰρξ,
3248 1125 3387 1178 ὥστε
3420 1129 3516 1179 καὶ
3542 1143 3678 1180 κατ-

437 1232 592 1276 caro,
625 1217 761 1272 adeo
787 1223 845 1269 ut
878 1217 932 1269 in
964 1216 1290 1284 corporibus
1325 1233 1431 1270 non
1469 1217 1721 1271 similiter
1747 1217 1957 1286 quidem

2169 1212 2264 1278 ’ξαι
2311 1217 2410 1284 τῆς
2459 1213 2728 1278 ἀπαθείας
2755 1217 2868 1278 τοῖς
2895 1214 2994 1285 οὐχ
3033 1213 3232 1286 ὁμοίως
3267 1215 3386 1286 μὲν,
3422 1214 3689 1286 όμοζὼοις

435 1317 491 1362 at
532 1309 860 1362 animalibus
907 1315 1110 1367 tamen,
1146 1308 1219 1360 sit
1259 1307 1678 1376 impatibilitatis
1715 1315 1906 1361 auctor
1939 1323 1955 1360 ε

2207 1305 2420 1376 σώμασι
2450 1305 2599 1376 (10)”
2645 1308 2739 1360 καὶ
2784 1310 3167 1378 προσκυνεῖται
3208 1306 3285 1370 ὡς
3332 1307 3468 1360 Θεοῦ
3525 1305 3684 1380 σάρξ,

435 1399 761 1467 principium
819 1415 832 1451 :
884 1405 938 1450 et
989 1398 1250 1450 adoratur
1298 1407 1354 1450 ut
1404 1397 1497 1451 l)ei
1543 1403 1708 1462 caro,‘
1743 1399 1955 1466 «monia:

2167 1396 2237 1450 εοῦ
2264 1397 2418 1462 ὄντος
2441 1398 2583 1451 οὕτω
2609 1397 2704 1450 τοῦ
2739 1397 3212 1470 προσκυνουμένου
3231 1415 3246 1428 ’
3272 1399 3366 1451 καὶ
3385 1399 3687 1468 συνάφειαν

433 1489 535 1544 hac
564 1491 776 1542 ratione
808 1489 852 1543 is
885 1489 976 1558 qui
1005 1489 1264 1542 aduratur
1287 1495 1374 1542 est
1409 1487 1571 1550 Deus,
1598 1498 1651 1542 et
1683 1489 1840 1544 nobis
1866 1505 1953 1543 c0!

2159 1494 2232 1543 ιῖν
2269 1490 2501 1551 δίδωσιν,
2528 1483 2592 1542 οὗ
2637 1491 2754 1544 ἐστι
2785 1491 2970 1561 σῶμα·
3004 1492 3100 1544 καὶ¹
3130 1495 3544 1563 προσκυνεῖται,
3579 1493 3679 1562 οὐχ

427 1581 764 1648 junctionem
803 1595 926 1633 cum
969 1595 1034 1634 eo
1083 1581 1308 1649 przebcl,
1341 1579 1499 1646 cujus
1535 1589 1617 1633 est
1653 1594 1852 1649 corpus
1901 1599 1912 1632 :

2162 1581 2431 1652 ῖκτίσμα,
2468 1581 2550 1634 ὅτι
2592 1580 2756 1652 μηδὲν
2800 1581 3008 1651 κτίσμα
3043 1581 3207 1653 μέρος
3249 1581 3406 1634 Θεοῦ.
3455 1580 3524 1636 ΟΞ
3571 1582 3682 1653 ἄρα

429 1673 710 1736 adoratur,
739 1687 848 1725 non
883 1679 1062 1725 tamen
1095 1679 1151 1723 ut
1183 1687 1270 1724 res
1299 1679 1517 1732 creata,
1548 1672 1807 1740 quoniam
1861 1672 1949 1724 nili

2163 1690 2280 1742 ιρκα
2315 1671 2498 1725 λαϐεῖν
2538 1672 2629 1724 τὸν
2654 1671 2786 1725 Θεὸν
2811 1672 3222 1737 πιστεύσαντες,
3250 1675 3347 1728 καὶ
3377 1673 3487 1726 τῶν
3518 1675 3683 1746 εὐερ-

429 1764 572 1830 quod
605 1771 847 1816 creatum
889 1762 958 1817 sit
989 1769 1072 1815 est
1105 1761 1198 1815 Dei
1231 1763 1427 1830 portio.
1473 1760 1658 1831 Itaque
1700 1763 1791 1830 qui
1829 1761 1949 1816 Deu:

2168 1763 2297 1817 σιῶν
2326 1764 2671 1834 τυγχάνουσι,
2711 1765 2808 1818 καὶ
2849 1765 2948 1817 ούκ
2979 1767 3058 1829 εἰς
3093 1765 3278 1836 ἕτερον
3309 1765 3681 1834 μεταπίπτου-

428 1852 662 1906 credunt
708 1853 1078 1922 assumpsisse
1129 1869 1382 1914 carnem,
1437 1852 1558 1920 ejus
1611 1855 1948 1910 beneficiorul

2162 1872 2185 1907 ν
2201 1871 2214 1885 ·
2240 1849 2313 1908 ὧν
2339 1855 2408 1908 τά
2430 1855 2646 1909 ἐναντία
2673 1855 2888 1926 ἔχουσιν
2921 1859 2971 1909 οἱ
3003 1855 3287 1928 ἄνθρωπον
3309 1857 3682 1928 παρεζεῦχθαι

428 1945 568 1998 fiunt
597 1955 896 2014 compotes,
932 1961 1033 1998 nec
1057 1960 1122 1998 eo
1155 1944 1502 2008 delabuntur,
1536 1954 1594 1998 ut
1621 1947 1789 1998 alium
1817 1946 1948 2017 ipsa:

2162 1961 2343 2014 γοντες
2399 1945 2518 2016 Θεῷ
2569 1947 2703 2017 (Η).
2769 1948 2922 2014 Ὄρθ.
2987 1945 3366 2018 Ἀνεχὼρησας
3415 1949 3518 2019 τῆς
3561 1949 3682 2018 θεο-

425 2039 614 2090 dicant
669 2056 682 2090 :
735 2039 1070 2090 contrarium
1131 2052 1260 2090 vero
1322 2036 1390 2089 iis
1433 2037 1632 2094 evenit.
1671 2037 1764 2105 qui
1807 2039 1945 2091 volui

2159 2035 2360 2089 νεύστου
2393 2037 2636 2108 Γραφῆς,
2669 2037 2762 2090 καί⁸
2793 2037 2880 2090 διὰ
2907 2037 3066 2091 τοῦτο
3093 2039 3190 2108 τῆς
3219 2039 3442 2109 χάριτος
3481 2039 3679 2106 ἐξέπε-

424 2127 703 2182 hominem
753 2125 927 2182 fuisse
971 2125 1080 2180 Deo
1131 2127 1508 2194 conjunctum.
1563 2125 1720 2181 Orth.
1781 2127 1944 2184 Disce:

2163 2143 2207 2188 ςν
2224 2127 2322 2196 τῆς
2345 2125 2385 2178 Γ
2389 2127 2564 2196 ραφῆς
2591 2125 2854 2198 λεγούσης
2882 2129 2962 2192 τὸ,
2989 2147 3007 2179 ι
3035 2127 3255 2192 Ἔλαϐε,
3281 2147 3300 2179 ι
3325 2129 3438 2193 καὶ,
3464 2147 3485 2178 α
3528 2129 3683 2194 Ἐγέ-

423 2217 549 2272 sisti
593 2231 624 2270 a
669 2217 953 2286 Scriptura
1011 2218 1275 2271 divinitus
1326 2219 1614 2287 inSpirata,
1677 2218 1906 2289 ideoque

2161 2235 2214 2270 το
2231 2235 2245 2248 ·
2278 2237 2296 2270 ι
2333 2218 2394 2271 τὸ
2421 2218 2788 2290 παρεζεῦχθαι
2815 2220 2996 2291 σαυτῷ
3019 2219 3234 2291 ὢρυξας
3262 2220 3518 2292 καθάπερ
3545 2221 3681 2277 λάζε-

425 2309 598 2374 gratia
654 2308 927 2368 excidisti.
991 2316 1050 2360 ut
1097 2308 1189 2376 qui
1238 2323 1362 2361 cum
1430 2307 1714 2378 Scriptura
1767 2309 1916 2364 dicat

2155 2329 2186 2364 ην
2229 2313 2706 2384 συντετριμμένον,
2767 2311 2841 2382 μὴ
2885 2311 3180 2383 δυνάμενον
3215 2311 3362 2384 ὕδωρ
3405 2315 3675 2384 συνέχειν.

429 2419 448 2448 ι
471 2399 839 2468 Assumpsit,»
879 2409 934 2452 et
969 2418 988 2450 ι
1022 2397 1242 2452 Factum
1291 2405 1396 2463 est,
1431 2418 1449 2450 ι
1477 2399 1644 2463 istud,
1673 2400 1949 2469 adjunctui

2161 2401 2217 2465 ὗς
2249 2401 2305 2454 δὲ
2346 2403 2407 2455 οὐ
2442 2403 2616 2467 θέλεις
2649 2408 2771 2468 ταῖς
2799 2403 3056 2468 ζωτικαίς
3087 2405 3180 2458 καὶ
3213 2404 3552 2474 λογιπικαῖς
3584 2409 3681 2462 καὶ

421 2501 526 2551 est,
565 2491 680 2558 ipse
717 2491 817 2542 tibi
859 2489 1015 2558 quasi
1063 2491 1358 2544 cisternam
1405 2489 1742 2544 confractam
1787 2489 1941 2545 feciSI

2159 2493 2419 2564 ιθητικαῖς
2447 2497 2693 2566 κινήσεσι
2725 2494 3056 2567 χωρίζεσθαι
3100 2496 3192 2550 τὸν
3223 2497 3416 2564 Λόγον
3443 2501 3549 2568 τῆς
3575 2501 3679 2553 άν-

423 2597 544 2651 qtue
584 2597 691 2635 non
738 2581 912 2649 possit
959 2595 1130 2649 aquas
1177 2581 1481 2634 continere.
1527 2580 1812 2646 Quomodo
1861 2598 1943 2637 vel

2160 2583 2478 2652 ωπότητος;
2512 2580 2660 2655 τΑρ...
2700 2585 2811 2656 γὰρ
2855 2585 2949 2638 καὶ
2975 2582 3241 2652 αὐξάνων,
3269 2584 3425 2658 θεῖκῇ
3455 2591 3680 2658 κινήσει

423 2691 533 2728 non
569 2675 650 2728 vis
695 2673 928 2726 Verbum
971 2673 1040 2726 ab
1081 2672 1316 2725 humana
1357 2683 1548 2726 natura
1586 2676 1700 2730 suis
1743 2675 1939 2728 animal

2161 2671 2196 2724 ;ὸ
2219 2673 2436 2742 ἡλικίας
2477 2675 2556 2738 είς
2585 2675 2800 2744 ἡλικίαν
2829 2673 3028 2738 θεῖκῶς
3051 2673 3324 2744 ηὕξανενς
3354 2678 3469 2730 Καὶ
3511 2679 3681 2750 σοφίᾳ

423 2765 548 2828 bus,
609 2761 1032 2817 rationabilibus
1098 2767 1150 2815 et
1215 2762 1538 2831 patibilibus
1585 2764 1823 2818 motibus
1878 2781 1943 2818 no

2159 2762 2441 2826 loxdmwv,
2493 2761 2690 2826 θεῖκῶς
2736 2764 3139 2834 προσέκοπτεν;
3177 2765 3287 2818 Καὶ
3332 2765 3679 2838 λυπούμενος

421 2854 670 2910 secerni?
701 2853 837 2906 Num
863 2853 1008 2907 enim
1040 2852 1226 2906 divino
1255 2855 1492 2922 quodam
1526 2863 1674 2908 motu
1706 2869 1941 2911 crescen:

2158 2856 2184 2908 ,ι
2205 2854 2474 2923 ἀγωνιῶν,
2497 2854 2592 2908 καὶ
2622 2855 3040 2926 ταραττόμενος,
3072 2855 3270 2920 θεῖκῶς
3303 2856 3561 2912 ἐλυπεῖτο
3581 2861 3678 2913 καὶ

421 2963 451 2998 a
481 2953 686 2998 statura
717 2943 783 2996 ad
820 2950 1084 2996 staturam
1125 2942 1307 2996 divine
1328 2943 1604 2996 excrevit?
1631 2951 1684 2997 et
1719 2943 1941 3011 sapienti

2156 2947 2314 3009 ωνία,
2341 2946 2434 2999 καὶ
2456 2946 2797 3018 ἐταράττετο,
2822 2947 2917 3001 καὶ
2943 2947 3139 3002 ἐκοπία
3165 2949 3260 3002 καὶ
3286 2947 3526 3020 ἔπασχεν
3547 2967 3562 3016 ;
3582 2951 3676 3004 Mi-

419 3033 734 3102 proticiens,
779 3029 1018 3100 profecit
1059 3037 1116 3083 ut
1162 3028 1344 3084 Deus?
1391 3037 1444 3084 et
1489 3045 1614 3084 cum
1663 3032 1886 3084 tristitia
1933 3054 1939 3081 ι

2155 3037 2324 3090 νοιτοῙ
2362 3037 2500 3090 Ἀλλ’
2521 3036 2709 3110 ὥσπερ
2735 3038 2798 3091 τὸ
2832 3039 2994 3109 σῶμα
3020 3039 3081 3092 τὸ
3106 3040 3172 3092 ὲκ
3205 3039 3446 3112 Μαρίας,
3467 3043 3675 3096 ἑαυτοῦ

419 3137 623 3192 angore
676 3121 844 3174 animi
908 3119 1239 3181 afliceretur,
1279 3135 1402 3174 cum
1463 3120 1798 3183 turbaretur,
1856 3135 1939 3173 nn:

2155 3129 2252 3189 lita
2291 3127 2474 3196 ἔλεγεν
2515 3131 2542 3182 ὁ
2575 3128 2706 3191 Θεὸς
2736 3129 2926 3196 Λόγος,
2962 3129 3022 3182 οὐ
3051 3129 3152 3200 τῆς
3183 3131 3352 3201 αὐτῆς
3393 3132 3588 3196 οὐσίας
3615 3133 3675 3186 ὃν

418 3215 639 3267 tristitia
667 3220 721 3266 et
751 3227 952 3282 angore
996 3211 1363 3276 afﬁciebatur,
1402 3217 1456 3265 et
1492 3211 1817 3264 tunbabatnr
1863 3219 1935 3263 tan

2187 3218 2430 3290 θεότητιο
2467 3217 2608 3272 οὕτω
2639 3219 2734 3272 καὶ
2766 3218 2834 3272 τά
2867 3219 3013 3290 πάθη
3042 3221 3136 3273 καὶ
3165 3221 3264 3291 τὴν
3295 3216 3530 3293 αὔξησιν
3571 3223 3673 3296 τὴν

416 3316 580 3372 quam
612 3303 756 3356 Deus
795 3309 850 3355 et
881 3301 1163 3356 laborabat
1195 3309 1250 3355 et
1288 3301 1634 3370 patiebatur?
1664 3299 1838 3353 Absit.
1875 3299 1936 3353 lu:

2154 3309 2321 3380 ιτικὴν
2346 3311 2440 3362 καὶ
2471 3308 2781 3381 λογιστικὴν
2812 3310 3006 3363 ἑαυτοῦ
3039 3311 3208 3379 λέγει,
3245 3312 3674 3384 ίδιοποιούμενος

416 3387 583 3448 sicut'
608 3408 809 3462 corpus
849 3407 914 3446 ex
956 3391 1124 3445 Maria
1166 3391 1537 3461 desumptum,
1575 3391 1714 3445 Deus
1748 3391 1936 3446 Verba:

2150 3401 2266 3453 ὶντα
2307 3399 2408 3470 τῆς
2453 3400 2868 3474 άνθρωπότητος
2915 3405 2980 3473 τῇ
3022 3403 3240 3474 εύδοκίᾳ
3275 3403 3376 3474 τῆς
3408 3405 3670 3478 χάριτος·

415 3500 576 3539 suum
607 3499 729 3539 esse
758 3499 962 3554 corpus
994 3484 1153 3548 dixit,
1197 3483 1340 3553 quod
1371 3491 1552 3536 tamen
1587 3498 1696 3537 non
1729 3493 1814 3538 est
1839 3485 1935 3552 eju:

2155 3490 2347 3554 ῖαύτως
2379 3491 2474 3544 καὶ
2507 3492 2618 3562 (12)
2639 3493 2737 3564 τὴν
2773 3493 2952 3565 σάρκα
2991 3493 3139 3566 ζωῆς
3169 3495 3402 3566 ὄργανον
3431 3498 3675 3569 ἁρμοζό-

415 3578 537 3631 dem
571 3585 730 3646 atque
759 3577 936 3630 deitas
959 3575 1073 3646 ipso
1109 3585 1318 3630 naturae
1349 3593 1362 3628 ε
1397 3575 1472 3628 ita
1497 3576 1662 3628 etiam
1696 3590 1827 3629 suas
1854 3577 1935 3628 die

2152 3598 2246 3634 ,νον
2275 3581 2410 3652 πρὸς
2439 3583 2538 3646 τὰς
2580 3581 2730 3646 θείας
2771 3583 2988 3654 βουλάς.
3026 3584 3140 3638 Ἵνα
3182 3585 3293 3658 γάρ
3323 3587 3526 3660 πτύσῃ,
3561 3588 3672 3640 σώ-

417 3667 743 3738 passioucs,
775 3675 829 3720 et
867 3674 978 3719 tum
1018 3667 1306 3728 animalis,
1337 3673 1448 3718 tum
1485 3665 1658 3733 ipsius
1699 3665 1930 3718 rational

2153 3689 2219 3724 ιτι
2252 3673 2516 3744 κέχρηται
2556 3673 2804 3744 ὀργάνῳ·
2857 3675 2944 3728 ἵνα
2987 3677 3156 3746 ταφῇ,
3186 3677 3393 3746 ὁμοίως
3436 3678 3516 3748 τῷ
3559 3677 3673 3730 σώ-

414 3757 695 3810 l'acultatis
749 3756 1166 3818 incrementum,
1224 3771 1563 3826 quaecunque
1616 3763 1828 3810 naturae
1883 3757 1934 3810 bl

2157 3781 2218 3816 ιτι
2238 3781 2250 3793 ·
2283 3764 2370 3818 ἵνα
2402 3764 2456 3816 δὲ
2490 3765 2637 3838 πάθῃ
2668 3767 2947 3830 ἑκουσίως,
2980 3768 3076 3820 καὶ
3119 3768 3205 3820 ἵνα
3243 3768 3334 3821 τὸν
3369 3768 3505 3839 ᾅδην
3539 3786 3677 3822 σκυ-

415 3864 590 3904 mana:
611 3859 736 3905 sunt
756 3857 812 3903 ut
829 3849 930 3903 sibi
954 3850 1172 3918 propria
1192 3849 1497 3913 vindicans,
1517 3864 1613 3919 pro
1631 3849 1768 3904 bona
1793 3851 1930 3920 grati

2153 3851 2270 3924 ύσῃ,
2288 3855 2353 3924 τῇ
2374 3853 2542 3925 ψυχῇ,
2561 3854 2629 3923 ἢν
2660 3853 2811 3922 ἔλεγε
2843 3855 3046 3907 τιθέναι
3064 3855 3204 3928 ὑπὲρ
3225 3856 3333 3909 τῶν
3351 3855 3673 3927 προϐάτων.

412 3956 529 3996 suae
558 3942 853 3996 voluntate.
893 3939 986 3995 Sic
1031 3942 1176 3996 enim
1225 3955 1380 3994 suam
1411 3939 1544 3994 dicit
1583 3955 1824 4004 carnem,
1861 3941 1932 3994 vit

2151 3940 2192 3992 ti.
2232 3939 2356 3992 οὔτε
2401 3940 2689 4013 ἀνθρώπου
2737 3943 2884 4010 λόγοι
2937 3942 3078 4009 ἴδιοι,
3133 3943 3258 3997 οὕτε
3304 3945 3362 3998 αἱ
3399 3946 3671 4018 πράξεις·

413 4037 860 4101 instrumentum,
887 4036 1176 4094 idoneum,
1213 4043 1270 4088 ut
1295 4033 1496 4088 divinis
1528 4035 1777 4089 consiliis
1806 4049 1933 4104 eoa;

2157 4027 2222 4100 ρξ
2263 4029 2319 4082 δὲ
2361 4033 2472 4093 τοῖς
2522 4032 2750 4085 πάθεσιν
2789 4031 2922 4104 (15),
2958 4033 3370 4104 ὑποϐαλλομένη
3420 4039 3570 4089 κατά
3609 4035 3677 4090 τὸ

415 4137 584 4183 tetur.
627 4125 760 4180 Nam
789 4135 848 4180 ut
889 4132 1128 4196 spueret,
1173 4141 1310 4180 usus
1351 4133 1438 4180 est
1481 4125 1728 4194 corporis
1773 4125 1930 4180 instrl

2155 4119 2350 4192 θρὼπῳ
2381 4122 2678 4193 προσῆκον,
2712 4123 2886 4192 ἰσχύει
2915 4124 3055 4176 κατὰ
3087 4125 3194 4177 τῶν
3222 4125 3410 4178 παθῶν
3443 4125 3536 4180 διά
3570 4128 3675 4200 τὴν

411 4229 617 4281 mento,
670 4217 963 4287 itidemque
1011 4233 1272 4286 corpore,
1327 4227 1386 4271 ut
1428 4217 1772 4286 sepeliretur,
1819 4222 1874 4270 et
1925 4232 1931 4264 ι

2157 4212 2218 4276 ὸς
2249 4211 2338 4266 τὸν
2370 4213 2504 4266 Θεὸν
2530 4213 2746 4268 ἕνωσιν.
2787 4233 2806 4264 ι
2853 4215 3154 4287 Ἀμαρτίαν
3187 4216 3295 4286 γὰρ
3333 4219 3434 4270 οὐκ
3475 4220 3677 4292 ἐποίη-

412 4309 721 4363 voluntarie
753 4317 980 4362 mortem
1019 4308 1268 4374 subiret;
1311 4321 1376 4360 ac
1419 4315 1477 4361 ut
1513 4306 1718 4362 inferos
1768 4307 1932 4376 praed:

2156 4324 2196 4370 ν,
2223 4305 2343 4358 οὐδὲ
2373 4305 2569 4377 εὑρέθη
2595 4305 2744 4370 δόλος
2775 4308 2834 4361 ὲν
2861 4309 2941 4376 τῳ
2971 4308 3198 4378 στόματι
3240 4309 3430 4367 αὑτοῦ.
3471 4328 3491 4359 ι
3525 4310 3676 4364 ὥστε

409 4409 584 4462 retur,
634 4399 871 4451 animam
920 4399 1192 4458 adhibuit,
1229 4413 1390 4466 quam
1431 4414 1551 4452 sese
1575 4399 1710 4452 dixit
1736 4413 1834 4466 pro
1863 4413 1926 4452 su

2151 4396 2349 4468 ,τάρξαι
2391 4397 2490 4466 τῆς
2522 4397 2788 4461 ἀπαθείας
2820 4401 2934 4461 τοῖς
2972 4399 3194 4468 ὁμοίοις.
3242 4418 3260 4450 ι
3305 4400 3607 4470 Ὠμοίωται
3649 4421 3671 4454 δ

411 4490 608 4544 ovibus
655 4489 949 4558 deponere.
1001 4489 1188 4559 Neque
1237 4506 1521 4545 sermones
1566 4500 1697 4546 sunt
1744 4492 1926 4543 homin

2157 4506 2196 4560 Lp
2219 4507 2237 4538 ι
2268 4489 2409 4541 κατὰ
2440 4489 2614 4542 πάντα
2641 4491 2753 4552 τοῖς
2781 4489 3030 4558 ἀδελφοῖς
3057 4493 3085 4544 ὀ
3113 4491 3244 4553 Θεὸς
3265 4491 3460 4559 Λόγος,
3489 4513 3508 4543 ι
3537 4497 3677 4548 ἑνω-

411 4581 640 4651 proprii,
683 4597 858 4649 [neque
889 4581 1152 4634 actiones.
1185 4579 1328 4635 Caro
1367 4597 1518 4644 vero,
1565 4589 1727 4650 prout
1773 4581 1931 4634 homil

2161 4598 2200 4645 ις
2241 4579 2639 4652 ἅνθρωπότητι,
2673 4581 2768 4636 καὶ
2800 4585 3186 4654 προσκυνεῖται
3219 4582 3352 4646 Θεὸς
3397 4585 3681 4656 ὲνανθρω-

411 4672 689 4734 convenit,
749 4669 1202 4738 perpessionibus
1263 4671 1508 4740 subjecta
1561 4672 1812 4741 superior
1867 4672 1923 4725 il

2157 4691 2262 4744 ισας
2283 4689 2297 4704 ο
2339 4675 2433 4726 καὶ
2466 4674 2759 4743 συνάφειαν
2784 4676 2918 4744 ἡμῖν
2947 4673 3086 4745 πρὸς
3117 4674 3280 4746 αὐτὸν
3320 4674 3534 4741 δίδωσι,
3574 4695 3677 4746 με·

411 4759 592 4816 evadit
632 4768 854 4828 propter
895 4760 1038 4810 illam
1084 4775 1209 4812 cum
1247 4759 1352 4814 Deo
1399 4761 1723 4815 unitionem.
1765 4781 1784 4812 ‹
1840 4761 1931 4816 Nai

2161 4765 2293 4834 σχὼν
2319 4765 2548 4835 αἵματος
2579 4765 2674 4818 καὶ
2703 4765 2926 4836 σαρκὸς,
2961 4765 3056 4818 καὶ
3093 4768 3486 4836 προσκυνεῖται
3515 4769 3550 4820 ὁ
3577 4769 3681 4822 αὗ-

409 4858 690 4922 peccatum
733 4865 838 4903 non
881 4849 1025 4911 feeit,
1072 4867 1248 4920 neque
1281 4853 1333 4904 in
1369 4867 1464 4907 ore
1503 4855 1674 4922 ipsius
1721 4855 1928 4910 inventi

2159 4876 2190 4922 ;,
2207 4856 2398 4910 ὲνὼσει
2422 4859 2488 4928 τῇ
2521 4857 2822 4929 πρὸςήμᾶς
2845 4857 2920 4922 ὡς
2944 4857 3247 4929 ἄνθρωπος,
3281 4855 3449 4926 φύσει
3495 4857 3558 4910 δὲ
3581 4859 3679 4914 καὶ

408 4952 492 4998 est
523 4944 681 4996 dolus
711 4942 776 5004 “,
812 4960 829 4992 ι
862 4949 919 4993 ut
942 4941 1010 4996 sit
1044 4941 1127 4996 sui
1153 4943 1420 4998 similibus
1450 4953 1642 4998 aut-tor
1672 4960 1737 4999 ac
1770 4947 1925 5015 princ

2157 4949 2236 5018 ςίᾳ
2260 4947 2335 5000 ὢν
2350 4947 2502 5011 Θεός.
2519 4949 2654 5002 Τίδὲ
2681 4950 2775 5002 καὶ
2801 4949 2980 5018 λέγειν
3013 4949 3318 5019 ἐτόλμησας
3351 4949 3522 5019 μέρος
3538 4949 3677 5004 Θεοῦ

407 5037 556 5107 pium
587 5035 918 5091 indolentiaa.
956 5052 974 5084 ι
1005 5031 1098 5087 Est
1135 5053 1152 5084 ι
1190 5035 1357 5088 enim.
1379 5035 1520 5092 Deus
1550 5035 1785 5092 Verbum
1821 5057 1840 5089 ι
1878 5055 1927 5108 ρ(

2159 5059 2176 5091 ν
2203 5039 2379 5110 σάρκα
2401 5039 2500 5110 τὴν
2515 5041 2580 5093 ὲκ
2597 5040 2910 5112 σπέρματος
2923 5040 3104 5104 Δαϐὶδ,
3121 5041 3221 5111 τὴν
3250 5044 3316 5094 ὲκ
3338 5043 3566 5114 Μαρίας
3577 5043 3679 5112 τῆς

402 5127 590 5181 omnia
617 5127 877 5180 fratribus
899 5124 1014 5178 suis
1037 5125 1233 5178 similis
1257 5121 1520 5190 factus“,
1560 5145 1578 5178 ι
1613 5143 1735 5182 cum
1763 5137 1922 5182 natur

2157 5131 2358 5204 ιρθένου
2381 5171 2396 5196 ,
2419 5129 2518 5202 τὴν
2545 5132 2604 5184 οὐ
2632 5134 2902 5204 φαντασίᾳ
2937 5133 3135 5206 σάρκα,
3155 5133 3268 5188 ἀλλ’
3297 5133 3560 5206 ἀληθεία,
3582 5134 3677 5188 καὶ

477 5279 520 5310 ⁴¹
561 5281 666 5336 lsa.
703 5299 828 5346 Llll,
865 5282 935 5350 Ως
973 5281 988 5334 1
1023 5280 1167 5336 Pctr.
1208 5299 1278 5342 ιι,
1312 5281 1402 5336 2'2.
1483 5282 1525 5312 η
1564 5280 1728 5338 Ilebr.
1771 5297 1844 5348 ιι,
1886 5284 1971 5338 Π.

479 5437 556 5499 (9i
592 5439 683 5490 Sic.
710 5456 822 5494 mss
873 5440 928 5492 In
960 5439 1122 5495 alitis
1147 5457 1295 5499 vero,
1329 5439 1422 5492 καί
1453 5439 1629 5492 deest.

722 5456 822 5494 uss
873 5440 928 5492 In
960 5439 1122 5495 alitis
1147 5457 1295 5499 vero,
1329 5439 1422 5492 καί
1453 5439 1629 5492 deest.
2090 5433 2242 5490 Θεόν.

477 5505 590 5581 (ιο)
619 5508 770 5566 Mss.
791 5513 914 5581 soi;
937 5511 1135 5580 ὁμοίως
1169 5512 1287 5581 μὲν,
1321 5511 1421 5580 οὐχ
1453 5509 1716 5580 ὁμοζὼοις
1742 5509 1798 5562 δὲ
1833 5506 1977 5578 σὼμ.

1321 5511 1421 5580 οὐχ
1453 5509 1716 5580 ὁμοζὼοις
1742 5509 1798 5562 δὲ
1833 5506 1977 5578 σὼμ.
2159 5507 2270 5581 (ίὲ)
2293 5501 2412 5581 -Ιςαί
2446 5505 2599 5581 abest
2627 5520 2656 5581 a
2699 5519 2831 5581 mss.

407 5573 526 5652 Μιξτξ
559 5579 754 5652 l_’alat.,
774 5579 846 5642 ὡς
871 5573 1002 5642 (θεὸς
1034 5573 1188 5650 σάρξ.
1389 5573 1421 5580 Π
1487 5573 1498 5580 ’
1612 5647 1627 5652 Α
1919 5573 1927 5578 ’

2159 5575 2444 5652 (ιδιιιεξη
2464 5573 2589 5652 orare
2617 5577 2650 5646 ἠ
2682 5577 2879 5652 πρᾶξις
2905 5576 3016 5636 τοῖς
3052 5573 3300 5630 πάθεσιν.
3341 5576 3519 5634 Paulo
3544 5583 3673 5652 post

475 5647 592 5717 (ll)
624 5650 816 5714 l‘alat.,
855 5650 903 5702 oi
937 5645 1212 5721 ἄνθρωποι
1243 5651 1300 5703 τὸ
1327 5647 1696 5720 παρεζεῦχθαι
1727 5649 1979 5717 λέγοντες

1207 5672 1212 5704 ι
1243 5651 1300 5703 τὸ
1327 5647 1696 5720 παρεζεῦχθαι
1727 5649 1979 5717 λέγοντες
2087 5645 2259 5710 ωδε,
2282 5645 2452 5716 ἰσχύει
2484 5645 2542 5698 δὲ
2568 5645 2727 5701 κατά.
