3850 6226
138 278 272 335 ηδε

1121 275 1205 329 DE
1245 276 1515 334 SANCTA
1555 275 1925 332 TRiNlTA'l‘E
1963 276 2311 335 DIALOGUS
2355 278 2417 335 V.

3254 270 3393 327 1286

139 390 270 459 μετὰ
299 390 396 459 τὴν
425 389 716 443 ἀνάστασιν
739 394 1031 460 φανεῖσαν;
1064 393 1411 463 Νομιζὸντων
1444 394 1552 465 γὰρ
1597 393 1706 445 τῶν

1817 395 2059 446 humana-3
2076 395 2344 448 uniretur.
2363 401 2419 446 et
2440 382 2699 445 adoratur
2717 388 2858 446 Deus
2875 390 3038 445 homo
3062 391 3257 454 tactus,
3275 390 3386 446 sui-

138 479 389 550 μαθητῶν
414 481 701 551 φάντασμα
717 479 875 546 εἶναι,
892 483 971 535 ὅτι
986 483 1095 536 τῶν
1112 483 1287 555 θυρῶν
1304 484 1705 554 κεκλεισμένων

1817 500 1913 554 que
1931 485 2214 536 nobiscum
2232 483 2672 550 conjunctionem
2690 483 2850 538 nobis
2866 483 3088 552 praebet,
3111 483 3386 553 particeps

135 572 395 644 εἰσῆλθεν,
416 574 789 644 ὑπομνήσοητι
810 573 977 627 αὐτοῦ
998 573 1104 627 τῶν
1130 574 1321 642 λόγων,
1352 575 1439 628 ἵνα
1466 574 1706 643 ἀκούσῃς

132 659 226 714 τόο
266 680 284 712 t
315 660 686 733 Ψηλαφήσατέ
735 680 822 732 με,
858 664 953 716 καὶ
982 662 1139 727 ἴδετε,
1171 665 1250 716 ὅτι
1291 664 1505 733 πνεῦμα
1531 665 1708 732 σάρκα
1768 718 1778 727 ,

138 752 230 805 καὶ
257 751 418 803 ὀστέα
446 753 545 805 οὑκ
569 752 701 821 ἔχει,
720 752 901 816 καθὼς
921 754 1021 822 ἐμὲ
1044 754 1203 824 ὁρᾶτε
1239 753 1447 823 ἔχοντα.
1486 774 1502 801 ι
1521 754 1626 807 Τοῦ
1651 753 1707 806 δὲ

137 843 371 914 ἀμεροῦς
395 843 528 896 Θεοῦ
548 844 663 908 πῶς
681 841 789 897 οἷόν
804 845 864 897 τέ
880 847 993 897 ἐστι
1013 847 1175 916 μέρος
1194 847 1405 915 νοῆσαι,
1426 847 1519 899 καὶ
1535 845 1757 913 ταῦτα

1718 963 1735 975 ο
1818 939 1966 992 illam
2018 955 2139 1008 qua:
2193 955 2257 992 ex
2315 938 2525 992 semine
2574 937 2795 992 Davidis
2837 944 2943 999 est,
2976 945 3049 997 et
3094 952 3161 990 ex
3216 934 3389 988 Maria

140 936 335 1006 σάρκα,
356 937 454 1007 τῆς
470 939 567 1007 σῆς
592 938 706 989 ἐστι
729 936 916 1005 σοφίας
942 936 1332 1008 ἐξηγήσασθαι.

1754 588 1782 641 ς
1812 575 1993 629 factus
2024 575 2310 643 sanguinis
2339 582 2395 627 et
2431 573 2617 639 carnis
2663 592 2676 627 :

2723 573 2975 643 idemque
3009 572 3294 635 adoratur,
3322 582 3385 628 ut

1813 670 1905 735 qui
1960 667 2124 721 homo
2163 667 2379 736 quidem
2427 667 2520 728 sit,
2568 668 2825 735 quoniam
2874 666 3035 720 nobis
3065 664 3384 725 cstunitus.

1782 783 1787 788 -
1815 766 2012 810 natura
2045 774 2177 811 vero
2222 767 2277 813 et
2310 759 2614 812 substantia
2646 759 2718 811 sit
2749 756 2911 812 Deus.
2940 756 3213 823 Quorsum
3253 769 3388 811 vero

1816 866 1986 905 ausus
2010 850 2173 904 etiam
2201 866 2262 903 es
2293 850 2478 904 dicere
2518 849 2824 918 portionem
2861 847 2956 902 Dei
3000 862 3125 903 esse
3165 861 3386 900 carnem

139 1027 379 1097 Virgine,
430 1043 657 1098 quaeque
706 1043 828 1083 sese
901 1045 1005 1083 non
1055 1031 1376 1098 phantasia,
1446 1029 1543 1084 sed
1593 1032 1770 1099 reipsa
1808 1046 2029 1085 carnem
2074 1046 2219 1093 esse,
2268 1038 2391 1100 post
2434 1030 2609 1098 ipsam
2654 1044 2874 1099 quoque
2917 1028 3384 1083 resurrectionem

138 1121 567 1176 demonstravit?
607 1119 745 1175 Cum
803 1122 948 1175 enim
1006 1123 1386 1177 existimarent
1439 1123 1696 1190 discipuli
1774 1124 2097 1194 phantasma
2151 1140 2313 1186 esse,
2358 1124 2579 1192 quando
2620 1123 2805 1190 jauuis
2857 1124 3062 1177 clausis
3105 1126 3388 1192 ingressus

139 1222 242 1272 est,
276 1224 542 1266 memento
588 1226 777 1265 eorum
826 1228 947 1282 quae
978 1221 1091 1266 tum
1156 1214 1270 1282 ipse
1317 1214 1454 1267 dixit
1479 1254 1492 1274 ,
1533 1223 1591 1267 ut
1632 1215 1824 1268 audias
1859 1254 1873 1272 .

1962 1234 1981 1266 ι
2035 1214 2257 1283 Palpate
2324 1230 2408 1269 me
2475 1224 2530 1269 et
2574 1215 2781 1279 videte,
2814 1216 2939 1284 quia
2990 1216 3217 1285 spiritus
3259 1228 3385 1267 car-

142 1320 262 1358 nem
315 1310 370 1356 et
428 1317 554 1357 ossa
607 1319 716 1357 non
766 1302 968 1367 habet,
1023 1305 1167 1357 sicut
1218 1321 1302 1358 me
1363 1305 1556 1359 videtis
1608 1306 1807 1361 habere
1835 1307 1900 1361 ¹³.
1938 1325 1956 1356 ι
2020 1307 2287 1361 Caeterum
2361 1322 2485 1359 cum
2544 1305 2682 1360 Deus
2749 1306 2821 1359 sit
2860 1306 3039 1360 omnis
3074 1306 3388 1376 partitionis

140 1411 352 1467 expers,
379 1396 650 1465 quomodo
681 1396 1034 1467 intelligatur,
1061 1405 1118 1449 ut
1147 1398 1330 1467 aliqua
1376 1399 1546 1467 ipsius
1581 1400 1779 1469 portio,
1813 1415 1877 1453 ac
1924 1399 2219 1468 prmsertim
2264 1413 2384 1468 qua:
2440 1399 2512 1453 sit
2538 1413 2687 1462 caro,
2723 1407 2816 1452 tua
2883 1397 3057 1467 possit
3122 1397 3388 1466 sapientia

142 1487 422 1557 explicari.

211 1580 297 1634 50.
352 1581 594 1635 ’An'oJJ.
641 1581 705 1634 Ei
750 1580 903 1652 σὰρξ,
954 1580 1028 1645 ὡς
1088 1583 1582 1653 ἐπιστρατευομένη
1627 1582 1705 1654 τῷ

1888 1574 2051 1645 472
2096 1574 2182 1628 50.
2224 1573 2398 1641 Apoll.
2450 1572 2505 1626 Si
2555 1588 2683 1627 caro
2719 1579 2802 1626 est
2844 1571 3091 1640 seiuncta
3123 1586 3153 1626 a
3182 1582 3387 1637 mente.

138 1671 237 1742 νῷ,
269 1668 593 1741 κεχώρισται
627 1670 721 1723 τοῦ
751 1669 864 1732 νοῦ,
897 1671 1035 1724 κατὰ
1068 1672 1158 1724 τὸν
1196 1673 1534 1735 Ἀπόστολον,
1558 1675 1586 1726 ὀ
1611 1673 1709 1745 τὴν

142 1764 320 1833 σάρκα
344 1762 521 1814 λαϐὼν
547 1761 676 1825 Θεὸς
704 1761 810 1815 ἀπὸ
836 1762 1035 1831 ταύτης
1056 1762 1167 1833 ἔχει
1199 1764 1296 1827 τὰς
1329 1765 1709 1834 ἐπιστρατευο-

143 1856 311 1924 μὲνας
340 1854 430 1906 ἐπὶ
453 1853 576 1907 νοῦν
603 1854 865 1923 κινήσεις,
895 1853 1042 1924 αὐτῷ
1075 1854 1131 1906 δὲ
1161 1855 1234 1925 μὴ
1275 1857 1714 1926 ὑποταττομένας

138 1945 216 2007 ὼς
248 1946 619 2014 ἀνταγωνιστῇ
661 1943 738 2014 τῷ
784 1943 878 2014 νῷ.
928 1945 991 1998 Ei
1032 1944 1088 1998 δὲ
1126 1944 1301 2006 τοῦτο,
1332 1946 1432 1999 οὐκ
1478 1948 1640 2010 αὐτὸς
1686 1949 1715 2000 ὁ

138 2038 386 2106 πάσχων,
418 2034 551 2088 καθὸ
578 2035 729 2098 Θεός.
779 2037 930 2104 Ὀρθ.
974 2037 1091 2089 Τίνι
1130 2037 1234 2110 γὰρ
1263 2038 1370 2090 τῶν
1406 2039 1575 2106 ἁγίων
1617 2040 1716 2112 οὐχ

138 2127 494 2196 ὑπετάγησαν
537 2128 590 2178 αἱ
619 2126 1136 2196 ἐπιστρατευόμεναι
1162 2126 1238 2196 τῷ
1279 2126 1353 2197 νῷ
1378 2131 1654 2198 κινήσεις;
1680 2128 1713 2199 ἢ

137 2218 260 2280 πῶς
286 2218 450 2285 ἅγιοι,
482 2219 529 2269 εἰ
577 2215 652 2287 μὴ
680 2215 950 2280 ὑπέταξαν
978 2217 1179 2281 αὑτάς;
1208 2218 1270 2269 Εἰ
1312 2217 1369 2269 δὲ
1393 2217 1469 2286 τῷ
1497 2216 1571 2287 νῷ
1606 2217 1715 2271 τῶν

139 2307 315 2375 ἁγίων
344 2306 690 2378 ὑπετάγησαν
722 2308 776 2359 αἱ
816 2307 1362 2379 ἁντιστρατενόμεναι
1402 2306 1477 2377 τῷ
1519 2307 1593 2378 νῷ
1636 2326 1719 2362 κι-

136 2400 344 2469 νήσεις,
384 2398 499 2460 πῶς
520 2398 640 2468 οὐχὶ
676 2397 754 2467 τῷ
789 2396 906 2467 Θεῷ
929 2396 1085 2467 Λόγῳ
1110 2399 1219 2468 (Η)
1260 2399 1714 2469 ὑποταγήσονται,

136 2488 397 2541 ὲνωθέντι
434 2487 575 2559 ψυχῇ
617 2485 778 2559 νοερᾷ
812 2487 949 2558 μετὰ
992 2484 1210 2560 σαρκὸς,
1245 2490 1330 2541 ἵνα
1360 2490 1500 2543 κατὰ
1540 2490 1718 2543 πάντα

135 2581 256 2641 τοῖς
284 2578 531 2647 ἀδελφοῖς
555 2568 987 2650 ὀμοιωθῇ’χωρ“ις
1026 2578 1317 2651 ἁμαρτίας,
1357 2580 1448 2632 καὶ
1558 2580 1719 2644 αὐτὸς

134 2665 278 2728 Θεὸς
322 2666 416 2719 καὶ
459 2665 781 2736 ἄνθρωπος;
819 2664 883 2720 Τί
930 2667 986 2720 δὲ
1035 2663 1174 2720 εἶναι
1220 2667 1362 2721 θέλει
1404 2667 1495 2731 τὸ,
1525 2669 1610 2721 Εἰ
1662 2668 1717 2722 δὲ

134 2756 322 2819 τοῦτο,
356 2758 455 2810 οὐκ
486 2757 648 2821 αὐτὸς
691 2758 720 2809 ὁ
767 2759 1012 2829 πάσχων,
1044 2758 1178 2812 καθὸ
1225 2759 1377 2823 Θεὸς,
1419 2759 1566 2812 ἄλλοι
1593 2760 1719 2830 νοή-

136 2863 351 2909 cauam,
375 2850 425 2900 οἱ
451 2848 878 2920 ἐπιγραφόμενοι
932 2867 990 2902 σε
1025 2849 1363 2904 διδάσκαλον.

1814 1676 2000 1736 utpote
2047 1667 2309 1719 adversus
2360 1674 2596 1719 mentem
2657 1664 2856 1717 bellqu
2914 1679 3133 1733 gerens,
3193 1676 3251 1718 ut
3310 1668 3389 1719 ait

1814 1757 2132 1827 Apostolus,
2168 1754 2308 1809 Deus
2352 1765 2632 1824 assumpta
2677 1770 2865 1818 carne,
2897 1760 3079 1810 motus
3123 1756 3285 1809 etiam
3319 1759 3390 1810 ab

1815 1865 1878 1904 ea
1933 1848 2127 1917 recipit
2175 1847 2443 1902 adversus
2507 1858 2740 1900 mentem
2798 1847 3219 1917 belligerantes,
3283 1849 3389 1919 ipsi

1814 1959 1944 1997 vero
1979 1944 2165 2001 menti.
2201 1949 2260 1995 ut
2309 1941 2560 2011 opposito
2607 1940 2951 2005 adversario,
2992 1940 3215 1995 minime
3258 1942 3393 1995 subv-

1811 2036 2006 2105 jectas.
2055 2034 2210 2101 Quod
2258 2035 2301 2088 si
2344 2034 2418 2086 ita
2467 2043 2571 2095 est,
2622 2049 2730 2087 non
2774 2034 2820 2087 is
2866 2042 2949 2087 cst
3001 2034 3139 2103 ipse,
3178 2035 3268 2103 qui
3322 2034 3395 2088 sit

1816 2142 2033 2197 passus.
2097 2133 2368 2195 quatenus
2414 2133 2497 2178 est
2552 2123 2717 2178 Deus.
2774 2121 2929 2179 Orth.
2980 2123 3207 2178 Cuinam
3262 2140 3391 2178 vero

1816 2226 2131 2273 sanctorum
2183 2226 2362 2270 motus
2398 2216 2474 2268 illi
2509 2215 2774 2269 adversus
2806 2224 3039 2270 mentem
3083 2223 3392 2286 pugnantes

1826 2326 1933 2363 non
1969 2307 2190 2362 fuerunt
2219 2308 2462 2362 subditi?
2493 2314 2586 2359 aut
2608 2307 2877 2376 quomodo
2909 2309 3107 2370 sancti,
3143 2308 3247 2362 nisi
3285 2309 3392 2362 sibi

1819 2401 1945 2454 illos
1991 2398 2363 2467 subjecerint?
2403 2395 2559 2462 Quod
2606 2398 2654 2453 si
2701 2406 3019 2453 sanctorum
3057 2398 3222 2452 menti
3259 2399 3392 2452 Sub-

1815 2491 1945 2559 jecti
1982 2489 2133 2543 fuere
2180 2488 2348 2542 animi
2379 2497 2583 2551 motus,
2623 2487 2896 2558 quomodo
2948 2488 3113 2558 igitur
3160 2488 3393 2557 subjecti

1819 2597 1927 2634 non
1955 2578 2154 2632 fuerint
2196 2579 2297 2648 ipsi
2328 2576 2438 2632 Deo
2473 2577 2669 2642 Verbo,
2707 2578 2901 2633 anima:
2930 2579 3251 2649 iutelligenti
3282 2594 3393 2633 una

1826 2685 1950 2723 cum
1994 2685 2160 2723 carne
2194 2669 2363 2731 uuito,
2399 2676 2456 2722 ut
2502 2677 2730 2739 excepto
2780 2677 3003 2737 peccato
3055 2670 3237 2724 simile
3287 2685 3389 2738 per

1818 2762 2001 2815 omnia
2051 2760 2313 2815 fratribus
2348 2760 2437 2827 sit,
2476 2761 2729 2829 idemque
2775 2758 2917 2814 Deus
2970 2768 3024 2812 ct
3074 2760 3237 2814 homo
3283 2759 3395 2813 sit?

1820 2850 1957 2918 Quid
1995 2862 2156 2921 porro
2184 2850 2290 2906 sibi
2329 2851 2455 2905 velit
2484 2851 2650 2915 istud,
2687 2848 2840 2916 Quod
2872 2851 2916 2904 si
2953 2851 3027 2904 ita
3052 2860 3160 2916 est,
3192 2865 3302 2906 non
3344 2850 3393 2904 is

133 2948 231 2993 est
261 2941 353 3009 qui
387 2957 584 3010 passus
622 2950 727 3007 est,
763 2950 1030 3013 quatenus
1058 2943 1224 3007 Deus,
1252 2945 1339 2999 alii
1376 2944 1698 3017 intelligent,
1730 2946 1824 3002 uui
1856 2957 1907 3002 te
1937 2947 2259 3019 magistrum
2292 2946 2599 3001 inscribunt

217 3094 265 3126 “
293 3093 425 3149 Luc.
449 3110 598 3159 xxiv,
631 3094 720 3149 55.

211 3243 329 3324 (τη)
372 3252 462 3304 Sic
493 3262 622 3305 mss.
657 3249 736 3320 τῷ
774 3247 849 3320 νῷ
882 3249 1142 3320 κινήσεις,
1195 3249 1314 3312 πῶς
1358 3258 1449 3302 ‘ouv
1478 3249 1598 3318 οὐχὶ
1631 3247 1709 3319 τῷ

1823 3246 1866 3319 ᾧ
1892 3249 1956 3302 Λ.
1989 3249 2176 3305 multis
2207 3249 2450 3315 omissis,
2488 3250 2555 3303 δι’
2583 3249 3010 3321 ὁμοιοτέλευτον.

382 3565 510 3651 IN
582 3516 1517 3667 SUBSEQUENTIA'
1575 3561 1755 3648 xx
1826 3558 2441 3651 OPUSCULA
2516 3560 3145 3651 MONITUM.

215 3768 256 3821 Ι.
302 3763 366 3818 1η
409 3764 675 3835 sequentia
723 3759 975 3829 opuscula
1018 3759 1127 3813 hwc
1166 3758 1549 3813 Fetckmannus
1595 3759 1749 3813 habet
1789 3774 1809 3814 :
1847 3758 1923 3815 De
1956 3761 2043 3815 his
2078 3761 2223 3815 aliud
2256 3775 2478 3816 monere
2518 3778 2626 3817 non
2679 3762 2942 3817 habemus
2973 3776 3136 3831 quam
3172 3770 3397 3815 exstare

122 3877 202 3915 ea
252 3858 309 3910 in
351 3855 477 3909 eod.
512 3854 619 3907 illis
656 3868 932 3908 manuscr.
974 3850 1145 3905 Palat.
1188 3865 1320 3915 uno,
1354 3858 1409 3906 et
1436 3851 1668 3923 August.
1715 3852 1888 3906 altero
1925 3851 2180 3921 (quorum
2217 3853 2379 3921 paulo
2411 3861 2539 3908 ante
2584 3852 2811 3924 mentio)
2849 3853 2917 3907 ab
2950 3852 3137 3906 eodem
3173 3852 3392 3906 Andrea

123 3947 431 4005 Dennurio
476 3944 790 4015 Epidauria,
829 3944 1002 4000 Toleti
1036 3951 1090 3999 et
1114 3943 1353 3998 Venetiis
1387 3944 1628 4013 scriptis,
1656 3952 1711 3999 et
1743 3951 1803 3998 ut
1834 3945 2134 4000 verisimile
2163 3952 2269 4007 est,
2305 3961 2374 4000 ex
2419 3945 2610 4000 eodem
2653 3945 2860 4000 codice.
2903 3944 3052 3999 l'nde
3087 3945 3251 3998 etiam
3281 3951 3388 4004 est.

123 4044 292 4116 quod
320 4044 429 4097 duo
472 4043 561 4097 isti
601 4042 818 4096 codices
854 4055 979 4095 raro
1010 4039 1244 4104 variant,
1273 4048 1330 4093 ut
1363 4040 1417 4093 in
1448 4055 1738 4110 progressu
1776 4040 2070 4097 videbitur.
2104 4041 2308 4096 Auctor
2342 4058 2471 4097 vero
2503 4043 2693 4096 horum
2726 4042 2866 4096 idem
2895 4045 3119 4096 omnino
3151 4041 3390 4103 videtur,

120 4139 235 4211 qui
290 4145 348 4191 et
393 4132 849 4205 praecedentium,
903 4141 957 4186 et
1025 4131 1129 4185 nisi
1193 4146 1280 4185 me
1329 4131 1648 4199 conjectura
1700 4131 1873 4196 fallit,
1931 4133 2068 4186 vixit
2120 4140 2244 4203 post
2299 4143 2521 4187 exortas
2579 4134 2817 4188 luereses
2880 4133 3275 4201 Eutychiaoam
3335 4144 3392 4189 et

120 4226 618 4287 Monotlieleticam
679 4242 693 4277 :
742 4221 879 4277 adeo
938 4222 1144 4276 directe
1195 4236 1290 4276 eas
1343 4228 1678 4291 oppugnant.
1744 4220 1815 4273 At
1873 4230 2101 4291 uterque
2161 4220 2330 4275 codex
2382 4238 2504 4276 eum
2556 4223 2647 4291 qui
2707 4230 2792 4277 est
2840 4238 2894 4291 p.
2956 4222 3063 4277 225
3135 4223 3395 4294 (excepto

117 4323 290 4397 quod
342 4321 601 4373 omittunt
652 4319 871 4386 ἀρχιεπ.
943 4314 1139 4382 Ἀλεξ.)
1185 4315 1270 4369 his
1306 4315 1587 4384 opusculis
1640 4314 1714 4367 liti

1817 4329 1854 4366 ιι
1901 4316 2150 4385 praeﬁgit.
2201 4316 2330 4372 [hec
2384 4315 2811 4378 Felckmanuus,
2856 4315 3043 4385 quibus
3088 4317 3283 4386 liquet,
3334 4321 3394 4374 in

118 4416 521 4485 manuscriptis
571 4412 710 4466 unde
759 4412 869 4465 lucc
919 4412 1171 4480 opuscula
1210 4413 1478 4479 exscripta
1517 4421 1659 4471 sunt,
1713 4409 1878 4479 fuisse
1915 4411 2011 4464 illa
2046 4422 2415 4482 consequenter
2458 4413 2670 4480 posita,
2714 4413 2988 4480 praemisso
3030 4412 3387 4481 capitulorum

120 4510 372 4585 syllaba,
420 4524 568 4578 quem
603 4506 721 4577 jam
769 4524 861 4560 nos
908 4505 1224 4559 exhibemus.
1272 4504 1424 4571 Quod
1459 4507 1705 4573 opinatur
1743 4516 1919 4558 autem
1967 4504 2353 4561 Felchmannus
2394 4508 2504 4561 haec
2552 4508 2800 4576 opuscula
2844 4508 3077 4576 ejusdem
3118 4509 3392 4576 scriptoris

114 4623 249 4665 esse
279 4606 430 4672 cujus
459 4612 580 4658 sunt
606 4601 946 4672 pnecedentia
971 4642 986 4665 ,
1028 4600 1082 4653 id
1120 4617 1247 4653 sane
1278 4617 1378 4653 non
1419 4615 1708 4669 repugnare
1743 4598 1963 4663 videtur,
1993 4600 2118 4654 dum
2155 4601 2218 4655 de
2257 4601 2458 4654 duobus
2500 4609 2705 4654 tantum
2733 4603 2902 4671 primo
2943 4602 3129 4671 positis
3164 4602 3390 4672 dialogis

112 4703 185 4758 id
220 4697 573 4767 intelligatur;
600 4713 724 4750 nam
757 4696 924 4748 multa
968 4693 1051 4746 hic
1097 4703 1218 4747 sunt
1259 4709 1377 4764 qua:
1423 4695 1477 4746 in
1525 4694 1736 4763 dialogo
1779 4694 2091 4757 prwcetlemi
2142 4712 2261 4748 cum
2310 4694 2692 4751 Macedoniano
2737 4697 2924 4751 iisdem
2976 4697 3137 4766 ferme
3180 4698 3389 4750 vocibus

115 4798 406 4866 leguntur.
454 4790 558 4846 Sed
597 4806 714 4860 qua:
746 4797 862 4858 post
910 4787 1296 4857 subsequuntur
1341 4787 1410 4840 ad
1453 4786 1790 4841 Eustathium
1833 4800 2154 4857 nuncupata,
2200 4790 2349 4858 longe
2393 4791 2613 4843 acrioris
2657 4789 2851 4859 ingenii
2887 4803 3017 4853 opus
3057 4805 3187 4851 esse,
3226 4789 3388 4842 cuivis

107 4893 399 4945 emunctae
429 4883 574 4936 naris
604 4881 803 4934 homini
835 4878 1162 4933 videbuntur.
1204 4877 1392 4931 Verum
1419 4879 1528 4932 [rrec
1558 4880 1736 4932 omnia
1764 4878 1831 4931 ad
1858 4878 2207 4933 Athanasium
2240 4882 2446 4949 quidem
2477 4899 2578 4934 non
2606 4897 2757 4951 posse
2784 4882 3042 4948 pertinere
3080 4879 3387 4931 certissimis

109 4976 281 5037 notis
308 4971 607 5043 judicatur,
629 4985 694 5024 ex
720 4969 857 5039 stylo
886 4983 1084 5036 nempe,
1112 4977 1163 5021 et
1191 4970 1316 5037 quia
1344 4966 1428 5021 hic
1462 4968 1683 5022 hmrescs
1719 4969 2091 5037 impugnantur
2118 4970 2209 5022 diu
2236 4981 2352 5038 post
2400 4971 2751 5025 Athanasium
2780 4981 2998 5031 exorta',
3033 4970 3182 5036 cujus
3213 4977 3387 5020 autem

106 5068 416 5138 scriptoris
442 5066 569 5130 sint,
597 5081 702 5118 non
738 5062 949 5133 perinde
983 5072 1153 5115 tutum
1182 5071 1259 5116 est
1287 5061 1522 5131 deﬁnire.
1555 5061 1694 5128 Quid
1736 5063 1833 5116 hac
1873 5062 1937 5117 de
1969 5081 2023 5118 re
2058 5066 2274 5134 quidam
2316 5070 2595 5135 scriptores
2639 5065 2953 5119 a’stimarint
2982 5063 3064 5115 hic
3105 5064 3391 5130 eapendre

106 5178 311 5236 operte
341 5160 565 5230 pretium
592 5159 775 5228 fuerit.

200 5255 272 5307 ΙΙ.
308 5251 596 5305 Carnerius
645 5265 806 5317 supra
848 5248 1137 5313 laudatus,
1201 5249 1352 5304 Tom.
1408 5247 1450 5302 ι’
1492 5264 1705 5317 operum
1744 5248 2057 5304 Theodoreti
2110 5250 2246 5320 (15).
2301 5250 2433 5306 duos
2483 5253 2685 5320 priores
2737 5249 2977 5319 dialogos
3024 5254 3222 5318 pugnat
3274 5260 3390 5299 esse

108 5344 454 5405 Theodoreti
493 5359 511 5396 :
550 5343 605 5397 1⁸
656 5343 778 5413 quia
826 5341 1177 5397 Theodoretus
1219 5344 1295 5396 ait
1338 5359 1393 5396 se
1440 5352 1543 5396 tres
1583 5346 1953 5411 conscripsisse
1993 5345 2152 5398 libros
2195 5347 2259 5399 de
2295 5346 2499 5414 Spiritu
2535 5355 2741 5407 sancto,
2790 5345 3040 5396 adversus
3067 5341 3244 5411 gratia
3275 5339 3389 5407 ejus

94 5441 416 5501 destitutos
447 5437 736 5492 ha'reticos.
776 5435 940 5489 Porro
967 5433 1251 5491 Carnerius
1268 5437 1455 5506 juncta
1478 5436 1788 5505 pra’cedenti
1824 5439 2037 5510 dialogo
2074 5451 2257 5494 contra
2279 5439 2723 5495 Macedoniauum
2756 5456 2873 5492 cum
2906 5438 3045 5491 hisce
3074 5435 3300 5497 duobus,
3333 5450 3391 5489 se

92 5550 236 5595 gres
264 5535 388 5588 illos
416 5533 722 5587 Theodoreti
751 5533 913 5588 libros
940 5549 1071 5597 esse,
1097 5536 1403 5603 comperisse
1437 5536 1716 5590 contendit.
1742 5535 1800 5587 ‘2"
1843 5536 1924 5589 Ex
1970 5539 2146 5591 multis
2176 5539 2481 5592 Theodoreti
2509 5538 2659 5600 locis,
2695 5553 2811 5606 quo:
2843 5551 2957 5588 cum
2992 5534 3112 5587 aliis
3145 5531 3393 5587 horumce

198 5689 319 5763 (i5)
357 5686 415 5741 [ι.
446 5705 475 5743 ν
509 5687 701 5742 "mret.
733 5685 924 5741 FJ‘Jul.
961 5702 1010 5741 c.
1037 5688 1087 5741 5.
