3850 6226
470 216 610 274 1287
1627 195 1686 251 S.
1729 189 1990 247 ATIIANi

2304 221 2305 224 η
2347 182 2618 239 SPURIA.
3586 169 3729 226 1283
3823 239 3824 256 1

469 331 804 401 dialogorum
848 324 976 379 locis
1023 321 1247 375 multum
1317 317 1505 370 habent
1573 311 1843 382 aﬂ‘initatis
1900 307 2130 362 validum
2174 321 2228 358 se
2277 320 2370 372 pro
2416 299 2737 356 Theodoreto
2771 297 3141 365 argumentum
3177 287 3360 344 erant
3406 287 3730 341 arbitratur.
3823 273 3832 401 η

480 427 692 484 Verum,
717 433 771 476 ut
797 419 1126 488 exploratum
1151 425 1250 477 est,
1283 412 1658 466 Theodoretum
1682 418 1784 459 tres
1816 402 2190 470 conscripsisse
2220 399 2384 452 libros
2409 398 2657 449 adversus
2688 390 3120 446 Macedonianos,
3146 388 3220 438 ita
3260 385 3469 437 minime
3500 390 3732 440 constat,

473 518 582 572 haec
625 517 726 568 tria
765 509 1016 580 opuscula
1052 523 1138 560 eos
1184 506 1324 574 ipsos
1367 518 1479 555 esse
1519 499 1706 552 libros.
1743 495 1928 548 Primo
1963 493 2099 546 enim
2139 507 2172 543 a
2201 490 2357 542 veteri
2400 487 2603 540 nemine
2639 484 2962 538 Theodoreto
3014 477 3370 534 ascribuntur,
3403 490 3466 526 ac
3498 475 3552 525 in
3589 475 3734 526 nullo

473 610 609 676 quod
638 565 865 656 sciam'us
897 597 1072 650 codice
1099 591 1406 647 Theodoreti
1433 589 1641 642 nomine
1671 595 1994 652 comparent.
2027 583 2082 634 5°
2117 578 2183 632 In
2219 577 2365 632 nullo
2406 578 2587 628 itidem
2628 573 2806 627 codice
2843 570 2946 622 duo
2986 567 3184 635 dialogi
3223 565 3588 633 subsequentes
3621 580 3734 614 cum

2065 673 2074 676 -
2309 671 2338 676 --
2475 669 2485 676 .
2512 667 2521 676 ι
2622 667 2633 676 .
2679 667 2688 676 .
3036 669 3046 676 ρ
3111 657 3150 676 ιι
3213 674 3238 676 κ-
3290 673 3327 676 η-
3359 656 3414 676 _J
3457 659 3569 676 -.ιλ
3601 666 3640 676 ,ι
3677 653 3734 676 -.Ι

473 610 609 676 quod
638 605 865 656 sciamus
897 601 1072 650 codice
1099 601 1406 647 Theodoreti
1433 603 1641 642 nomine
1671 601 1994 652 comparent.
2027 601 2082 634 ον
2117 601 2183 632 ιη
2219 601 2365 632 nuuo
2406 601 2587 628 itidem
2628 601 2804 627 cuuue
2843 601 2946 622 uuu
2986 601 3181 635 umwg.
3223 601 3588 633 οιιυοιιμιυηησ
3621 601 3734 614 μυ..

473 693 785 760 ρι’ωεεάεηιὶ
821 692 1140 759 junguntur,
1186 701 1276 738 nec
1311 689 1518 735 constat
1551 677 1783 748 ejusdem
1815 691 1926 729 esse
1971 673 2266 740 scriptoris,
2303 671 2419 722 licet
2469 667 2521 720 id
2561 667 2774 720 minime
2804 669 3068 730 repugnet.
3101 657 3243 710 Nam
3279 656 3414 726 quod
3447 659 3640 708 attinet
3671 653 3736 705 ad
3817 601 3832 760 ς

475 788 627 840 illam
657 787 892 838 locorum
934 781 1240 849 adﬁnitatem
1289 792 1321 827 a
1365 771 1620 826 Garnerio
1663 769 1993 823 observatam
2037 766 2174 834 (qua:
2215 773 2388 814 tamen
2427 759 2541 812 loca
2583 755 2853 810 brevitatis
2893 768 3058 806 causa
3097 749 3284 817 afferre
3318 745 3736 813 supersedemus')

477 882 614 933 inter
645 879 798 931 hosce
823 875 1064 941 dialogos
1097 879 1277 924 mutuo
1300 867 1552 927 collatos,
1585 867 1708 917 item
1741 862 1948 916 eosdem
1977 863 2134 921 inter,
2159 866 2208 910 et
2237 856 2350 909 alia
2384 852 2694 908 Theodoreti
2720 865 2898 918 opera,
2929 864 3030 900 non
3053 854 3130 898 est
3163 843 3259 896 illa
3295 843 3428 894 tanti
3462 842 3736 901 momenti,

477 987 534 1028 ut
569 986 738 1028 tutum
772 988 837 1028 ea:
870 973 964 1026 illa
997 972 1259 1040 judicium
1301 968 1398 1019 hac
1443 967 1499 1016 in
1526 975 1674 1032 parte
1707 963 1835 1031 ferri
1865 961 2054 1029 possit.
2085 956 2228 1008 Nam
2261 955 2308 1008 si
2338 954 2458 1024 quis
2503 952 2831 1004 diversorum
2873 945 3098 999 Patrum
3148 957 3326 1010 opera,
3359 939 3421 992 de
3467 955 3524 992 re
3559 939 3741 990 eadem

478 1079 528 1122 et
577 1068 824 1122 adversus
861 1064 1072 1119 eosdem
1113 1060 1383 1115 haereticos
1419 1058 1744 1124 conscripta,
1793 1028 1976 1108 mutuo
2027 1048 2287 1116 conferat,
2321 1046 2366 1099 is
2398 1045 2568 1098 multa
2609 1040 2750 1094 haud
2789 1037 2945 1091 dubie
2993 1034 3190 1104 omnia,
3251 1029 3420 1084 multa
3460 1028 3742 1080 simillima

482 1170 787 1231 argumenta
844 1155 1207 1227 deprehendet.
1258 1153 1393 1208 Sunt
1440 1153 1578 1205 enim
1629 1149 1871 1220 quwdam
1929 1163 2022 1200 ceu
2064 1141 2366 1197 communia
2417 1139 2568 1200 loca,
2617 1136 2804 1204 cuique
2849 1130 3037 1193 obuia,
3084 1143 3202 1197 qua:
3254 1141 3287 1177 a
3343 1123 3526 1175 multis
3589 1137 3745 1172 usur-

481 1267 694 1326 pantur,
743 1265 898 1325 atque
931 1253 1129 1323 passim
1167 1260 1348 1304 nostro
1395 1263 1501 1301 arvo
1533 1247 1784 1306 ridemus,
1809 1244 1898 1312 qui
1931 1239 2140 1294 easdem
2177 1243 2501 1306 pertractant
2532 1230 2867 1299 qucestiones,
2899 1227 3079 1278 eadem
3120 1233 3377 1286 usurpare
3405 1223 3744 1284 argumenta,

483 1350 600 1402 licet
650 1350 715 1398 ab
769 1343 889 1396 aliis
937 1341 1149 1395 minime
1203 1345 1466 1391 mutuata.
1525 1332 1671 1388 Unde
1728 1330 1869 1385 haud
1938 1331 2070 1384 satis
2148 1328 2304 1396 ﬁrma
2371 1323 2481 1375 haec
2549 1319 2689 1372 ratio
2741 1324 2853 1378 est,
2892 1329 3011 1366 cum
3064 1321 3355 1378 praesertim
3410 1324 3473 1359 ne
3523 1321 3750 1358 minima

482 1436 689 1507 quidem
731 1443 958 1486 veterum
1003 1431 1266 1482 innitatur
1295 1423 1636 1477 auctoritate.
1671 1420 1770 1474 His
1821 1419 2067 1472 addimus
2117 1412 2400 1469 secundum
2439 1409 2727 1478 dialogum,
2760 1403 3042 1475 fragmenti
3075 1398 3317 1453 alicunde
3354 1397 3546 1451 divulsi
3576 1398 3750 1464 potius

485 1488 700 1598 ;pect'em
740 1525 1020 1594 pra'ferre,
1053 1537 1210 1592 quam
1253 1516 1484 1571 absoluti
1524 1512 1799 1583 cujusdam
1838 1511 2030 1580 operis.
2062 1506 2239 1572 Quare
2276 1504 2439 1559 donec
2477 1502 2670 1557 certius
2703 1496 2974 1568 quidpiam
3011 1494 3301 1555 emerserit,
3341 1489 3436 1544 sub
3457 1488 3648 1558 judice
3687 1491 3750 1541 lis

550 1621 730 1676 rideat.

486 1640 642 1768 pelli.
685 1709 837 1778 Quod
875 1714 1072 1776 spectat
1111 1713 1286 1757 autem
1322 1699 1600 1772 epistolam
1639 1694 2033 1764 subsequentem
2082 1689 2150 1743 ad
2192 1688 2555 1750 Eustathium,
2602 1699 2695 1739 nec
2740 1699 2844 1736 non
2889 1679 3170 1750 adjunctus
3208 1678 3347 1732 alias
3385 1676 3755 1745 septemdecim

486 1805 800 1877 qua‘slioues
834 1801 1015 1868 affert,
1049 1795 1318 1852 Mercator
1346 1793 1488 1848 haud
1519 1791 1781 1844 modicum
1814 1789 2165 1858 fragmentum
2209 1783 2448 1837 Eutherii
2478 1778 2770 1852 Tyanensis
2797 1776 3027 1842 nomine,
3060 1775 3136 1828 sic
3164 1772 3360 1826 habens
3390 1788 3408 1824 :
3433 1769 3479 1824 Ο
3510 1770 3757 1824 inconsi-

489 1863 676 1954 derata
719 1863 1021 1963 sapientia!
1069 1905 1103 1943 ο
1159 1888 1364 1941 lusoria
1425 1885 1718 1954 disciplina
1769 1879 2047 1935 aedilicans
2097 1877 2265 1932 simul
2317 1883 2373 1929 et
2420 1874 2736 1932 destruens,
2784 1870 2930 1923 sicut
2973 1865 3210 1920 infantes
3243 1864 3430 1918 ludere
3479 1863 3534 1915 in
3591 1877 3757 1915 arena

490 1989 883 2057 consplcimus,
937 1993 1041 2038 etc.
1107 1980 1253 2034 Unde
1311 1981 1678 2032 incunctanter
1725 1991 1822 2028 eas
1876 1973 2188 2043 quaestiones
2230 1968 2485 2023 Eutherio
2535 1965 2753 2020 ascribit
2790 1962 3082 2016 Gornerius
3125 1959 3427 2030 Tyanorum
3479 1955 3757 2032 episcopo,

496 2081 833 2149 Nestoriique
871 2077 1106 2131 asseclte.
1145 2075 1213 2128 Et
1253 2090 1379 2128 sane
1421 2091 1524 2127 non
1572 2069 1806 2125 invalido
1841 2079 2014 2122 motus
2054 2074 2401 2136 argumento;
2445 2063 2563 2116 licet
2602 2064 2833 2130 fortasse
2869 2076 2974 2112 non
3008 2055 3336 2127 hujusmodi,
3369 2063 3425 2106 ut
3462 2067 3673 2105 onmem
3708 2051 3759 2100 in

495 2177 766 2230 adversum
801 2175 924 2227 levet
953 2171 1319 2241 suspicionem.
1355 2169 1574 2222 Photius
1599 2181 1820 2236 namque
1843 2163 2026 2218 codice
2065 2177 2210 2224 sui,
2246 2160 2339 2212 hoc
2368 2174 2498 2227 opus
2536 2154 2857 2210 Theodoreto
2887 2152 3077 2206 diserte
3109 2149 3345 2203 ascribit.
3389 2142 3758 2213 Ἀνεγνώσθη,

496 2271 602 2330 ait,
643 2266 983 2336 Θεοδωρήτου
1022 2234 1322 2317 ἐπισκόπου
1357 2260 1540 2332 Κῦρου
1581 2234 1746 2326 λόγοιή
1771 2256 1875 2322 κζ’,
1917 2255 2050 2325 πρὸς
2088 2252 2380 2322 διαφόρους
2427 2249 2621 2310 θέσεις.
2662 2242 2762 2298 Ὧν
2795 2246 2824 2296 ὁ
2871 2243 2968 2314 μὲν
2998 2240 3212 2314 πρῶτος
3259 2238 3418 2306 λόγος
3458 2235 3600 2304 πρὸς
3638 2234 3762 2294 τοὺς

495 2359 772 2428 λέγοντας,
805 2335 904 2411 etc.
936 2357 1020 2410 Ibi
1051 2357 1267 2424 septimo
1299 2355 1412 2407 loco
1443 2353 1587 2423 ponit
1622 2350 1921 2419 epistolam,
1953 2364 2069 2418 qua:
2100 2347 2184 2400 hic
2246 2347 2414 2414 primo
2446 2343 2700 2411 ponitur;
2742 2355 2805 2392 ac
2839 2335 3025 2391 deinde
3064 2335 3247 2389 ordine
3272 2339 3547 2384 enumerat
3587 2342 3762 2379 omnes

497 2453 871 2522 propositiones
899 2465 1014 2519 qua:
1040 2449 1123 2501 hic
1156 2420 1521 2510 septemdecim
1552 2461 1767 2499 numero
1794 2441 2071 2506 habentur,
2101 2455 2318 2510 quotque
2347 2436 2598 2490 desinunt
2622 2433 2693 2486 ad
2725 2432 3027 2486 vicesimum
3052 2436 3301 2498 quartum
3331 2422 3548 2476 titulum
3594 2420 3762 2474 Ther-

499 2516 689 2597 dareti.
723 2516 921 2596 Postea
947 2542 1280 2612 subsequitur
1309 2545 1448 2609 apud
1481 2541 1751 2602 Photium,
1787 2539 1814 2590 ὁ
1859 2539 2019 2589 εἰκοσι

2240 2549 2402 2595 .πτος,
2435 2527 2905 2598 ἀνακεφαλαίωσις
2931 2525 3037 2578 τῶν
3082 2522 3223 2577 κατὰ
3251 2521 3416 2592 μέρος
3465 2516 3760 2590 ῥηθέντων·

499 2637 529 2688 ὁ
569 2635 816 2698 εἰκοσκὸς
853 2635 1010 2698 ἕκτος
1056 2635 1183 2706 περὶ
1216 2635 1314 2704 τῆς
1365 2633 1589 2703 ὕστερον
1632 2629 1964 2702 μηνυθείσης
2020 2626 2342 2689 συνθέσεως,
2383 2625 2504 2696 ἦτοι
2545 2621 2986 2682 συνουσιώσεως·
3017 2617 3049 2670 ὁ
3085 2613 3327 2676 εἰκοστὸς
3367 2610 3604 2680 ἕϐδομος
3644 2609 3766 2677 περὶ

499 2730 592 2783 τοῦ
644 2729 784 2783 κατὰ
835 2726 926 2784 ’ἱὸν
969 2717 1146 2783 κοινὸν
1199 2729 1483 2798 ἄνθρωπον
1533 2726 1950 2795 ὑποδείγματος.
2009 2722 2177 2792 Δῆλον
2214 2721 2272 2774 δὲ
2317 2721 2412 2774 καὶ
2449 2721 2514 2772 ἐκ
2555 2717 2722 2788 μόνης
2758 2714 2937 2770 αὐτῶν
2969 2712 3071 2782 τῆς
3105 2708 3438 2772 ὑποθέσεως,
3480 2708 3631 2757 ποῖοι
3667 2704 3767 2754 τῷν

504 2823 805 2893 εἰρημένων
841 2822 1013 2890 λόγων
1049 2821 1110 2874 τὸ
1148 2797 1426 2892 ὀρθὸδοξον
1465 2819 1791 2890 κρατύνουσι
1832 2816 2024 2887 φρόνηε

2282 2812 2425 2874 τινες
2462 2810 2823 2864 ἐκκλίνουσιν.
2860 2806 2987 2860 Herc
3034 2803 3261 2857 Photius
3315 2799 3506 2870 quibus
3565 2797 3766 2864 reponit

507 2913 886 2984 Garnerius,p.
911 2914 1013 2970 687
1049 2933 1065 2971 :
1093 2913 1303 2970 Fefellit
1337 2913 1590 2967 Photium
1623 2928 1757 2966 suus
1789 2911 1961 2964 codex
2001 2910 2179 2963 tribus
2203 2918 2470 2963 constans
2502 2906 2750 2976 partibus
2784 2921 2798 2957 :
2830 2916 3060 2972 quarum
3092 2899 3268 2970 prima
3301 2894 3771 2965 complectebatur

509 3027 603 3068 sex
635 3013 847 3083 priores
878 3013 1048 3067 libros
1081 3029 1096 3078 ;
1139 3012 1402 3074 secunda,
1450 3024 1618 3063 unum
1649 3018 1702 3061 et
1735 3007 1923 3077 viginti
1964 3020 2248 3061 sermones
2275 3023 2290 3070 ;
2325 3010 2624 3073 postrema,
2656 2999 2967 3059 Eranisten,
3003 3011 3102 3052 seu
3135 2991 3594 3064 Polymorphum.
3634 2985 3764 3040 Cum

507 3105 652 3159 enim
704 3104 878 3174 prima
920 3104 1169 3167 ettertia
1218 3101 1286 3156 ad
1319 3101 1722 3156 Theodoretum
1764 3099 1957 3168 procul
1999 3098 2166 3153 dubio
2206 3099 2534 3168 pertineant,
2574 3096 2804 3150 Photius
2846 3093 3078 3148 mediam
3096 3102 3337 3160 quoque
3376 3085 3481 3155 ipsi
3523 3083 3719 3135 tribuit
3755 3098 3765 3130 :

510 3197 691 3267 reipsa
731 3206 914 3252 tamen
964 3205 1048 3252 est
1094 3196 1341 3252 Eutherii
1375 3195 1680 3268 Tyanensis
1717 3196 1982 3266 episcopi,
2011 3193 2155 3266 quod
2185 3192 2475 3249 manifesta
2506 3192 2698 3263 probat
2728 3189 3026 3245 auctoritas
3055 3186 3210 3242 Marii
3246 3180 3599 3241 Maiestatis,
3633 3177 3767 3252 ul__iI_I

512 3289 772 3344 Eutherio
802 3290 1327 3345 demonstrabimus.

582 3385 745 3458 473
781 3385 869 3441 IV.
907 3382 1037 3441 [lato
1066 3385 1378 3450 Carnerius,
1413 3385 1626 3456 quicum
1673 3400 1771 3438 nos
1797 3383 2190 3446 existimamus,
2224 3395 2317 3435 sex
2348 3380 2551 3449 priores
2607 3378 2733 3432 illas
2780 3393 2814 3430 a
2872 3374 3066 3428 Photio
3101 3381 3422 3426 memoratas
3455 3367 3771 3424 Theodoreti

513 3481 849 3549 quwstiones,
874 3495 977 3532 non
1005 3495 1169 3533 unum
1199 3494 1326 3548 opus
1349 3494 1464 3532 cum
1489 3477 1714 3546 epistola
1746 3475 1813 3530 ad
1844 3474 2187 3529 Eustathium
2221 3483 2270 3528 et
2298 3469 2726 3542 subsequentibus
2770 3466 3219 3537 propositionibus
3253 3465 3533 3534 conﬁcere.
3571 3464 3766 3517 Palam

515 3573 656 3626 enim
701 3581 779 3627 est
808 3587 873 3626 ex
904 3571 1058 3625 modo
1083 3572 1251 3641 ipsius
1286 3569 1524 3641 epistola:
1557 3568 1846 3631 ordiendtr,
1870 3569 1937 3620 ibi
1965 3568 2173 3620 initium
2203 3566 2324 3619 duci
2358 3565 2516 3618 totius
2573 3565 2764 3632 operis.
2796 3566 2863 3616 At
2890 3559 3028 3630 quod
3078 3559 3152 3612 ait
3187 3558 3265 3611 uir
3300 3556 3489 3612 doctus
3543 3557 3773 3609 codicem

516 3658 682 3727 fuisse
705 3658 903 3712 Photio
936 3659 1134 3713 erroris
1167 3675 1411 3722 causam,
1436 3655 1489 3710 id
1525 3674 1653 3711 sane
1677 3675 1778 3710 non
1809 3666 2086 3724 conspecto
2123 3653 2301 3708 codice
2336 3654 2592 3723 aﬁirmari
2623 3653 2819 3723 nequit.
2861 3649 2986 3704 Non
3015 3658 3194 3718 peccat
3223 3649 3361 3702 enim
3395 3648 3586 3712 codex,
3645 3647 3774 3717 quod

518 3767 694 3804 rerum
715 3750 1115 3820 disparatarum
1144 3751 1326 3804 titulos
1357 3765 1694 3803 numerorum
1717 3751 1898 3803 ordine
1924 3747 2231 3817 conjungat,
2263 3762 2382 3799 cum
2421 3747 2465 3800 is
2495 3762 2604 3800 mos
2633 3746 2703 3798 sit
2735 3743 3040 3798 Grecorum
3090 3741 3456 3797 librariorum.
3489 3752 3549 3792 ut
3601 3757 3774 3794 omnes

521 3845 754 3897 auctoris
778 3843 1026 3914 cujusque
1051 3850 1314 3896 tractatus
1337 3844 1671 3913 quantumvis
1694 3841 1929 3896 diversos
1962 3840 2297 3910 consequenti
2327 3855 2665 3892 numerorum
2693 3837 2827 3892 serie
2857 3817 3144 3900 notent,'ut
3165 3850 3328 3903 supra
3363 3836 3426 3886 de
3450 3832 3776 3885 Athanasio-

523 3943 605 3996 nis
646 3939 912 3994 codicibus
937 3939 1210 4008 loquentes
1233 3938 1721 3993 animadvertimus.
1771 3939 1869 3992 Via;
1895 3938 2071 4008 itaque
2091 3936 2366 3990 credamus
2404 3935 2673 3994 Photium.
2713 3933 2768 3987 in
2815 3932 3082 3986 codicibus
3135 3930 3550 4001 pertractandis,
3585 3931 3637 3984 si
3668 3931 3775 3998 quis

521 4049 753 4104 unquam
793 4032 954 4094 alius,
996 4033 1436 4092 versutissimum,
1464 4030 1546 4084 hic
1580 4046 1756 4084 errore
1800 4031 2040 4098 lapsum:
2071 4027 2161 4083 sed
2197 4029 2313 4097 ejus
2355 4042 2535 4081 ret-era
2575 4025 2826 4087 codicem,
2883 4023 3205 4077 Theodoreto
3259 4023 3370 4076 haec
3414 4023 3775 4090 inscripsisse,

525 4126 733 4189 addita,
757 4125 836 4178 uti
861 4123 993 4178 solet
1023 4123 1160 4192 ﬁeri,
1187 4138 1306 4176 voce
1335 4120 1428 4174 τοῦ
1452 4118 1616 4174 αὐτοῦ
1653 4131 1770 4189 post
1797 4123 2024 4189 priorem
2061 4129 2348 4173 tractatum
2374 4136 2392 4176 :
2418 4116 2555 4187 quod
2583 4119 2743 4170 etiam
2763 4114 2936 4170 videre
2964 4125 3041 4170 est
3073 4116 3127 4168 in
3151 4114 3417 4168 codicibus
3445 4115 3540 4183 qui
3563 4131 3630 4166 ea
3657 4131 3781 4182 opu-

526 4217 675 4272 scula
708 4202 996 4270 Athanasio
1019 4217 1311 4269 ascribunt.
1348 4213 1475 4267 Haec
1495 4229 1653 4282 porro
1681 4230 1784 4267 non
1813 4230 1872 4266 eo
1921 4211 2145 4266 dicimus
2178 4210 2318 4282 quod
2368 4219 2565 4264 certum
2611 4218 2852 4277 putemus
2895 4224 3007 4262 esse
3051 4207 3146 4261 has
3190 4208 3507 4276 quwstiones
3554 4207 3781 4260 Theodo-

528 4308 660 4368 reti;
689 4305 908 4358 necdum
937 4305 1072 4358 enim
1108 4305 1186 4358 vel
1223 4302 1494 4369 Eutherio,
1531 4307 1606 4356 vel
1655 4301 1976 4357 Theodoreto
2027 4301 2186 4371 probe
2246 4299 2636 4367 adjudicandas
2694 4299 3042 4363 arbitramur,
3097 4297 3260 4350 donec
3320 4297 3446 4367 quid
3490 4298 3777 4352 evidentius

529 4404 857 4461 Compareat.

3823 441 3832 714 λ

3827 721 3832 852 l

3827 929 3832 1168 l

602 4486 861 4540 Ca’terum
925 4483 1062 4556 quod
1109 4485 1260 4538 aiunt
1302 4483 1543 4537 nonnulli
1598 4483 1734 4536 hunc
1783 4484 2092 4551 scriptorem
2138 4497 2250 4535 esse
2300 4479 2702 4542 Nestorianum,
2749 4477 2805 4530 id
2847 4495 2952 4532 non
2978 4477 3107 4530 mihi
3138 4476 3294 4545 plane
3318 4489 3654 4544 perspectum
3680 4494 3778 4534 esse

534 4581 724 4650 fateor.
765 4577 916 4643 Nihil
963 4578 1100 4631 enim
1158 4578 1287 4630 mihi
1342 4575 1655 4630 Nestoriani
1703 4577 1968 4646 dogmatis
2016 4579 2099 4630 hic
2147 4591 2260 4630 esse
2313 4573 2540 4637 videtur,
2599 4588 2773 4626 verum
2819 4573 2936 4624 licet
2968 4571 3036 4624 sit
3068 4571 3327 4638 quasdam
3374 4570 3460 4624 hic
3491 4575 3777 4642 oppugnari

470 4742 476 4746 Ι
533 4670 914 4740 propositiones
943 4683 1058 4736 qute
1083 4669 1128 4719 si
1164 4667 1321 4735 probe
1372 4667 1703 4734 accipiantur
1742 4667 2018 4720 catholica:
2061 4676 2203 4729 sunt,
2231 4674 2289 4718 ut
2321 4673 2398 4716 est
2455 4663 2591 4716 illud
2646 4681 2664 4716 :
2707 4661 2934 4717 Passum
2953 4670 3037 4717 est
3069 4660 3307 4717 Verbum
3343 4665 3774 4736 impassibiliter,

535 4772 589 4816 et
635 4776 853 4830 passum
920 4767 1004 4813 est
1049 4757 1286 4813 Verbum
1323 4774 1510 4820 carne,
1567 4775 1683 4828 qua:
1742 4768 1876 4812 recte
1924 4760 2213 4827 erplicanti
2263 4756 2562 4810 orthodoxa
2618 4756 2771 4822 plane
2818 4753 3150 4810 videbuntur.
3189 4754 3382 4810 Verum
3431 4759 3520 4813 hic
3563 4766 3779 4827 scriptor

538 4859 610 4910 ita
635 4857 741 4910 lucc
779 4855 1019 4925 loquendi
1041 4871 1226 4924 genera
1263 4853 1521 4922 confutat,
1564 4862 1619 4905 ut
1651 4869 1752 4905 non
1794 4852 2038 4905 videatur
2074 4851 2455 4906 Nestorianarn
2487 4849 2800 4903 sententiam
2853 4847 2935 4900 his
2966 4847 3123 4902 dictis
3159 4848 3437 4906 adversam
3530 4857 3774 4912 vidit-art-
