3850 6226
494 328 627 386 1201
1607 330 1666 389 S.
1707 330 2014 387 ATHANAE

2222 358 2282 371 —-
2324 327 2600 386 SPURIA.
3611 332 3742 390 ωε

873 443 1117 500 SANCTI
1145 442 1398 500 PATRIS
1427 442 1683 501 NOSTRI
2086 451 2137 507 Α

2086 451 2137 507 Α
2422 444 2580 498 ·ΤοΥ
2606 444 2699 498 ΕΝ
2726 443 2950 500 ΔΓιοίΣ
2982 443 3256 500 ΠΑΤΡΟΣ
3278 447 3475 501 ΗΜΩΝ

1087 534 1460 589 ATHANASII

2760 536 3151 591 ΔΘΔΝΑΣῙΟΥ

487 625 646 698 Liber
670 625 844 698 [arma
863 624 1075 696 Dialogi
1102 628 1532 698 conscriptustin
1567 643 1667 693 quo
1690 628 2007 698 colloquuntt

2215 628 2351 698 όγος
2404 628 2474 681 ἐν
2517 626 2662 683 εῖδει
2691 626 3030 693 διαλέξεως·
3060 696 3067 698 _
3076 625 3231 696 μετὰ
3286 627 3735 684 laxabat-(armi

575 696 910 751 Orthodoxus
932 706 981 749 et
1002 695 1412 751 Macedonia’nus
1442 695 1972 753 Pneumatomaéhus.

1689 695 1972 753 tomachus.
2254 695 2263 698 ⁷
2683 695 3209 766 Πνευματομάχου.

558 850 714 905 Hunc
736 850 934 904 librum
963 850 1030 904 ad
1062 849 1409 918 prudentiam
1469 858 1620 905 tuam
1662 851 1937 913 misimus,
1998 859 2061 907 ut

2245 854 2672 926 Ἀπεστειλαμεν
2702 859 2768 926 τῇ
2797 858 2864 926 σῇ
2904 860 3115 910 συνέσει
3148 857 3210 910 τὸ
3241 856 3417 928 παρὸν
3449 855 3734 927 σύνταγμα

487 956 555 995 εο
582 942 843 1010 perlecto,
893 941 1161 1010 judicium
1212 940 1357 995 ferre
1411 945 1593 1009 possis
1631 941 1698 996 de
1729 942 1797 996 iis
1829 957 1951 1012 qua:
1991 957 2007 995 ε

2213 940 2301 1011 τὲρ
2331 942 2424 994 τοῦ
2458 943 2758 1011 ἀναγνόντα
2790 960 2848 995 σε
2873 944 3166 1015 δοκιμάσαι
3197 947 3290 999 καὶ
3323 945 3394 999 τὰ
3444 945 3602 1016 παρὰ
3634 945 3733 997 τῶν

484 1030 757 1087 haereticis
788 1029 1094 1086 Macedonii
1131 1030 1384 1085 sectariis
1418 1029 1563 1083 dit-ta
1589 1038 1739 1093 sunt,
1777 1030 1954 1101 deque
1985 1031 2001 1085 i

2209 1034 2470 1106 ἱρετικῶν,
2496 1036 2603 1088 τῶν
2632 1036 2698 1089 τὰ
2717 1036 3048 1090 Μακεδονίου
3077 1037 3419 1107 φρονούντων
3446 1038 3729 1109 εἰρημένα,

484 1139 607 1194 qum
629 1140 730 1178 nos
762 1124 871 1179 illis
905 1124 1281 1193 opposuimus.
1324 1121 1449 1177 Haec
1477 1123 1643 1195 igitur
1685 1125 1740 1177 in
1796 1123 1999 1178 schedu

2211 1127 2251 1180 ιὶ
2287 1126 2353 1180 τὰ
2387 1129 2515 1199 παρ’
2554 1118 2712 1199 ἡμῶν
2773 1129 3140 1187 ἀντιτεθέντα.
3204 1130 3286 1184 Τὰ
3345 1131 3445 1200 μὲν
3494 1128 3592 1186 οὖν
3648 1133 3731 1185 ὑπ’

484 1215 562 1269 illi
596 1222 1002 1285 proposuerunt
1041 1235 1054 1270 :

2157 1219 2380 1273 ἐκείνων
2412 1220 2655 1284 τεθέντα,
2678 1223 2735 1274 ὲν
2754 1221 2832 1292 τῷ
2868 1222 3135 1294 σχεδαρίῳ
3151 1223 3324 1278 ταῦτά
3353 1225 3519 1277 εἰσιν·

555 1311 606 1364 1.
637 1308 693 1364 Si
723 1311 958 1379 Spiritus
991 1317 1214 1366 sanctus
1236 1321 1320 1368 est
1340 1312 1506 1378 Deus,
1526 1321 1620 1366 aut
1645 1311 1809 1367 Pater
1831 1318 1939 1375 est,
1963 1317 2057 1365 aut

2232 1314 2283 1365 1.
2314 1313 2377 1365 Ei
2402 1313 2517 1365 ἐστι
2542 1312 2673 1377 Θεὸς
2692 1314 2752 1367 τὸ
2783 1315 3004 1386 Πνεῦμα
3030 1315 3091 1367 τὸ
3108 1316 3283 1384 ἅγιον,
3306 1317 3422 1369 ἔστι
3456 1316 3658 1386 Πατὴρ
3699 1316 3728 1386 ἢ

482 1400 656 1456 Filius
691 1417 705 1452 :
747 1402 793 1456 si
848 1410 1065 1468 neuter,
1098 1404 1289 1473 utique
1321 1420 1425 1459 nec
1474 1405 1641 1460 Deus.
1680 1402 1791 1458 Nos
1813 1412 2002 1456 contra

2209 1404 2306 1469 ἰός·
2334 1405 2451 1458 εἰδὲ
2479 1405 2573 1477 μὴ,
2597 1407 2655 1457 οὐ
2680 1405 2832 1470 Θεός.
2849 1408 2958 1459 Καὶ
2980 1408 3138 1478 ἡμεῖς
3164 1407 3303 1478 πρὸς
3321 1408 3506 1461 αὐτόν·
3534 1408 3729 1475 Ἐδέξω

481 1491 538 1546 Id
580 1492 676 1547 tibi
708 1494 965 1552 assumis,
1001 1494 1049 1548 si
1077 1493 1316 1564 Spiritus
1347 1502 1572 1550 sanctus
1622 1493 1768 1549 Deus
1793 1501 1900 1558 est,
1960 1508 2001 1546 al

2205 1498 2337 1568 ιυτῷ
2361 1499 2421 1551 τό
2443 1516 2455 1528 ο
2488 1499 2550 1550 Εἰ
2582 1498 2697 1551 ἔστι
2734 1499 2868 1562 Θεὸς
2906 1500 2967 1552 τὸ
2998 1498 3244 1570 Πνεῦμα,
3294 1499 3409 1552 ἐστι
3467 1501 3666 1572 Πατὴρ
3697 1500 3725 1572 ἢ

479 1582 643 1639 Pater
673 1593 776 1649 est,
795 1592 890 1639 aut
910 1582 1115 1653 Filius;
1135 1587 1362 1656 perinde
1387 1602 1452 1641 ac
1475 1588 1521 1641 si
1544 1586 1665 1641 ideo
1688 1585 1853 1642 Pater
1884 1584 1994 1640 Deu

2207 1586 2299 1651 ἰὸς.
2324 1588 2400 1651 ὡς
2424 1587 2517 1641 τοῦ
2569 1588 2783 1660 Πατρὸς
2833 1589 2921 1642 διὰ
2952 1590 3110 1642 τοῦτο
3146 1590 3300 1650 ὄντος
3345 1590 3504 1653 Θεοῦ,
3541 1592 3727 1663 ἐπειδὴ

477 1678 606 1747 quia
638 1675 801 1731 Pater
829 1691 843 1728 :
869 1678 953 1730 vel
989 1671 1352 1743 Filiu's'Deus,
1400 1679 1552 1749 quia‘
1581 1677 1778 1733 Filius.
1839 1677 1994 1745 Quod

2205 1680 2339 1750 ατήρ
2372 1681 2509 1743 ἐστι,
2542 1680 2637 1732 καὶ
2661 1680 2736 1744 ὡς
2768 1680 2862 1733 τοῦ
2884 1680 3014 1733 Υἱοῦ
3041 1680 3127 1734 διὰ
3165 1680 3326 1734 τοῦτο
3373 1681 3529 1746 ὄντος
3568 1682 3725 1746 Θεοῦ,

476 1778 764 1839 propterea
793 1767 957 1823 Pater
978 1778 1061 1822 est
1089 1766 1256 1833 Deus,
1292 1771 1421 1839 quia
1471 1769 1672 1837 Pater;
1722 1769 1898 1827 Filius
1948 1772 1996 1842 ig

2208 1770 2337 1840 εειδὴ
2369 1773 2397 1824 6
2420 1771 2547 1834 Υἱός
2582 1772 2749 1825 ἐστιν.
2794 1773 2857 1826 Ei
2898 1768 2990 1827 οὖν
3027 1772 3115 1826 διὰ
3153 1772 3313 1826 τοῦτο
3354 1773 3488 1837 Θεός
3515 1777 3669 1827 ἐστιν
3702 1777 3728 1828 6

478 1867 590 1919 tur,
622 1861 749 1930 quia
781 1858 938 1913 Pater
968 1875 1078 1912 non
1106 1866 1213 1923 est,
1240 1876 1342 1914 nec
1380 1859 1523 1916 Deus
1556 1862 1683 1916 erit.
1721 1861 1786 1914 Et
1822 1862 1868 1917 si
1915 1878 1998 1932 ρι’(

2208 1860 2360 1933 ατὴρ,
2388 1861 2572 1932 ἐπειδὴ
2612 1862 2822 1934 Πατὴρ,
2849 1864 2908 1916 οὐ
2936 1863 3107 1927 Θεὸςὸ
3124 1863 3270 1927 Υἱὸς,
3300 1864 3488 1935 ἐπειδὴ
3514 1865 3578 1917 οὐ
3616 1867 3728 1920 Πα-

477 1960 663 2021 pterea
696 1950 867 2006 Filius
910 1959 993 2007 est
1022 1950 1187 2015 Deus,
1227 1953 1355 2022 quia
1409 1952 1582 2010 Filius
1629 1973 1642 2009 :
1676 1953 1855 2009 Pater.
1887 1956 1997 2025 igitt

2207 1959 2275 2027 πρ.
2314 1954 2420 2008 Καὶ
2444 1955 2490 2007 εἰ
2517 1954 2605 2008 διὰ
2636 1954 2791 2009 τοῦτό
2815 1958 2930 2010 ἐστι
2954 1956 3087 2019 Θεὸς
3116 1958 3145 2008 ὁ
3177 1955 3325 2020 Υίδῖν
3354 1957 3545 2028 ἐπειδὴ
3578 1958 3727 2024 Tib;

476 2044 604 2113 quia
636 2041 804 2098 Filius
830 2058 940 2097 non
962 2050 1067 2108 est,
1090 2058 1193 2097 nec
1217 2042 1360 2100 Deus
1390 2046 1516 2099 erit.
1576 2044 1923 2117 Quapropter
1984 2045 1996 2098 l

2204 2066 2210 2095 l
2237 2047 2366 2110 Θεὸς
2393 2050 2420 2100 6
2455 2047 2664 2119 Πατὴρ,
2694 2048 2880 2120 ἐπειδὴ
2913 2049 3010 2119 οὐχ
3041 2048 3170 2112 Υἱός
3197 2065 3211 2078 ·
3263 2050 3365 2102 οὐκ
3404 2050 3536 2120 ἄρα,
3560 2049 3662 2103 ἐὰν
3693 2045 3724 2122 ᾗ

475 2143 562 2189 cet
584 2133 728 2188 Deus
758 2135 828 2188 sit
856 2135 1119 2203 Spiritus,
1148 2153 1257 2191 non
1286 2138 1539 2207 protinus
1565 2138 1671 2192 erit
1722 2137 1806 2192 vel
1868 2137 1994 2191 Pate

2207 2137 2279 2202 εὸς
2314 2139 2376 2193 τὸ
2425 2138 2670 2210 Πνεῦμα,
2703 2141 2924 2204 πάντως
2984 2143 3100 2194 ἐστὶ
3140 2141 3349 2213 Πατὴρ,
3386 2142 3420 2212 ἦ
3452 2142 3608 2206 Υἱός.
3655 2142 3727 2195 Τὸ

472 2227 560 2282 vel
590 2225 781 2282 Filius.
801 2226 1014 2282 Etenim
1038 2231 1385 2297 vocabulum,
1410 2248 1428 2281 ι
1456 2229 1618 2293 Deus,
1658 2247 1677 2280 ι
1697 2236 1948 2283 naturam
1969 2245 1992 2284 ε

2206 2242 2256 2304 rp
2285 2251 2305 2284 ι
2334 2232 2467 2297 Θεὸς
2492 2252 2510 2284 ι
2534 2234 2727 2304 ὄνομα,
2746 2233 2962 2302 φύσεώς
2984 2236 3099 2288 ἐστι
3129 2234 3532 2307 θεωρουμένης,
3549 2236 3726 2290 sfw»

469 2317 692 2389 gniﬁcat
714 2318 897 2372 omnia
927 2320 1377 2389 contemplantem
1393 2330 1486 2375 aut
1502 2319 1989 2390 pervadentemJllt

2204 2323 2463 2394 αθεούσης
2478 2324 2548 2378 τὰ
2565 2325 2739 2378 πάντα
2754 2325 3073 2397 δηλωτικόν·
3087 2327 3149 2379 τὸ
3165 2327 3220 2380 δὲ
3239 2348 3254 2377 ι
3276 2327 3467 2398 Πατὴρ
3500 2346 3518 2378 ι
3545 2344 3724 2398 σχετι-

471 2418 675 2475 autem,
709 2430 728 2462 ι
754 2411 933 2476 Pater,
961 2430 980 2463 ι
1004 2412 1290 2467 relativum
1320 2421 1425 2478 cst,
1451 2419 1511 2466 ut
1533 2410 1735 2466 etillud
1758 2429 1776 2462 ι
1804 2408 1991 2466 Filius.

2204 2432 2259 2478 N,
2290 2414 2383 2468 xui.
2409 2414 2470 2467 τὸ
2502 2434 2521 2464 ι
2549 2413 2678 2478 Υἱὸς
2714 2435 2732 2466 ι
2765 2417 2985 2487 ὁμοίως.
3017 2413 3154 2469 Οὔτε
3184 2415 3241 2469 δὲ
3260 2415 3321 2469 τὸ
3350 2419 3450 2486 τῆς
3485 2416 3724 2486 σχέσεως

468 2502 540 2557 At
571 2518 673 2558 nec
699 2504 982 2558 relativum
1032 2518 1232 2559 nomen
1262 2511 1512 2557 naturain
1538 2502 1921 2571 pet-vadentem
1950 2518 1988 2555 at

2206 2524 2314 2577 ομα
2332 2507 2431 2577 τὴν
2452 2506 2797 2571 διαθέουσαν,
2811 2508 2845 2579 ἢ
2861 2506 2959 2578 τὴν
2976 2507 3359 2579 θεωρουμένην
3376 2526 3429 2561 τι
3441 2507 3608 2577 φύσιν
3632 2525 3724 2578 ση-

469 2595 928 2667 contemplantem
962 2594 1167 2666 aliquid
1214 2595 1465 2664 designat
1496 2613 1509 2649 :
1535 2610 1637 2649 nec
1665 2595 1989 2665 contemplat

2205 2600 2356 2653 κίνει·
2400 2599 2522 2653 οὔτε
2570 2601 2631 2653 τὸ
2664 2601 2764 2672 τῆς
2804 2617 2858 2654 τι
2907 2600 3283 2672 θεωρουμένης
3324 2602 3357 2671 ἦ
3407 2600 3725 2671 διαθεοῦσης

467 2687 618 2765 tisct
652 2688 1001 2757 pervadentis
1032 2685 1239 2756 aliquid
1271 2693 1484 2740 natura:
1514 2700 1736 2749 nomen,
1764 2684 1987 2741 Patris:

2204 2692 2360 2758 idem;
2382 2691 2574 2764 ὄνομα,
2609 2693 2709 2763 τὴν
2737 2692 2873 2764 πρὸς
2906 2692 3032 2746 Υἱὸν
3063 2692 3246 2763 σχέσιν
3290 2694 3522 2761 εἰσάγει.
3580 2694 3724 2765 Πρὸς

467 2763 666 2833 Filium
707 2780 1027 2833 relationem
1063 2776 1293 2832 inducit.
1330 2776 1469 2831 Tum
1521 2777 1826 2831 Ortbodoxi
1851 2792 1987 2848 pers«

2203 2785 2369 2850 ὑτοις,
2447 2763 2957 2857 προσποιησάμενος
3016 2783 3331 2854 Ὀρθοδόξου
3406 2763 3720 2855 πρόσωπον.

467 2872 595 2923 nat'n
631 2884 917 2924 assumens
946 2867 1392 2930 Macedonianus,
1438 2882 1561 2923 sese
1612 2867 1984 2938 interrogabat

2199 2877 2329 2931 ιυτὸν
2361 2875 2548 2949 ἠρώτα
2568 2893 2582 2907 ο
2612 2876 2686 2930 Οὐ
2713 2875 3086 2947 προσκυνητὸν
3110 2871 3233 2940 οῦν;
3268 2875 3363 2928 καὶ
3395 2875 3588 2929 ἔπειτα
3617 2875 3719 2928 πά-

465 2958 585 3015 Non
604 2961 917 3016 adorandus
944 2975 1074 3030 ergo
1099 2958 1360 3031 (Spiritus
1392 2958 1680 3031 sanctus)?
1705 2959 1769 3013 Et
1805 2975 1985 3030 respor

2203 2969 2408 3031 ναὺτὸς
2437 2966 2645 3039 ἑαυτῷ·
2691 2966 3069 3020 Ἀπολείπεται
3127 2967 3229 3037 τῆς
3278 2969 3539 3037 τοιαύτης
3566 2968 3723 3034 ἀξίας

464 3050 601 3107 dens
627 3052 733 3108 sibi
764 3053 882 3123 ipse
907 3067 921 3104 :
957 3049 1191 3122 Spiritus
1209 3058 1455 3115 sanctus,
1477 3051 1675 3120 inquit,
1698 3050 1859 3121 longe
1881 3051 1981 3105 abe

2197 3090 2198 3102 ι
2222 3058 2450 3130 Πνεῦμα
2470 3058 2532 3112 τὸ
2563 3056 2738 3126 ἅγιον.
2774 3055 2899 3120 Πῶς
2924 3056 3035 3129 γὰρ
3066 3058 3473 3129 προσκυνηῖὲον
3494 3057 3556 3112 τὸ
3582 3058 3717 3129 μήτε

466 3146 537 3200 ιι)
565 3146 668 3200 hac
720 3145 1004 3216 dignitate.
1063 3143 1349 3210 Quomodo
1398 3145 1546 3199 enim
1583 3143 1673 3199 ille
1702 3143 1980 3198 adorandu

1201 3143 1349 3198 nodo
1398 3145 1546 3199 enim
1583 3143 1673 3199 ille
1702 3143 2033 3210 adorandus,
2063 3127 2107 3185 (ἶ
2140 3148 2350 3220 Πατὴρ,
2375 3127 2529 3220 μήτε
2557 3147 2721 3212 Υἱὸς;

462 3239 559 3309 qui
591 3254 693 3294 nec
720 3238 879 3293 Pater
912 3244 1018 3300 est,
1045 3253 1145 3292 nec
1167 3235 1340 3292 Filius
1368 3237 1388 3289 ἓ

534 3331 592 3386 2.
644 3330 756 3386 Nos
815 3328 1142 3385 contra:Si
1199 3330 1319 3385 ideo
1355 3328 1552 3384 adoras
1611 3326 1850 3394 Patrem,
1906 3327 2036 3398 quia

2206 3329 2260 3383 2.
2303 3328 2493 3401 Ἡμεῖς
2524 3328 2580 3383 δὲ
2609 3328 2746 3402 πρὸς
2785 3327 2976 3382 αὐτόν·
3014 3329 3077 3382 Εἰ
3112 3325 3209 3399 μὲν
3238 3326 3327 3381 διὰ
3356 3325 3523 3380 τοῦτο
3550 3342 3718 3397 προσ-

461 3424 627 3480 Patcr
646 3432 730 3480 est
752 3464 767 3489 ,
796 3431 850 3478 et
879 3423 1101 3486 Filium,
1135 3424 1262 3492 quia
1292 3420 1464 3477 Filius
1498 3429 1581 3476 est
1608 3441 1620 3474 :
1649 3436 1839 3475 omnes
1872 3420 1981 3491 igitt

2198 3425 2319 3484 ινεῖς
2364 3422 2458 3476 τὸν
2511 3421 2767 3492 Πατέρα,
2821 3419 3009 3491 ἐπειδὴ
3070 3419 3261 3489 Πατήρ
3301 3419 3443 3479 ἐστι,
3486 3418 3585 3471 καὶ
3630 3416 3718 3470 τὸν

463 3526 668 3588 patres,
700 3531 894 3571 omnes
922 3515 1060 3570 ﬁlios
1085 3514 1301 3569 adoras.
1334 3513 1428 3568 Sin
1461 3530 1588 3568 vero
1615 3529 1723 3568 non
1753 3514 1876 3568 ideo
1904 3514 1983 3567 adt

2199 3516 2286 3581 ἱὸν,
2319 3515 2505 3585 ἐπειδὴ
2555 3513 2685 3577 Υἱός
2717 3515 2832 3567 ἐστι
2852 3528 2865 3542 ⁸
2894 3512 3218 3583 προσκυνεῖς
3248 3510 3336 3562 καὶ
3374 3509 3558 3563 πάντα
3612 3526 3719 3562 πα·-

464 3612 673 3666 randus
705 3610 889 3677 Pater,
924 3611 1052 3680 quia
1084 3607 1286 3675 Pater;
1323 3624 1424 3663 nec
1454 3606 1796 3677 Filius,quia
1824 3604 1984 3659 Filius

2204 3626 2291 3680 ρα,
2324 3609 2417 3660 mi.
2450 3606 2624 3659 πάντα
2663 3604 2778 3657 υἱόν
2805 3619 2819 3633 ’
2852 3605 2900 3656 ει
2924 3603 2980 3657 δὲ
3007 3603 3069 3656 οὐ
3093 3602 3182 3655 διὰ
3218 3601 3375 3654 τοῦτο
3408 3617 3722 3672 προσκυνηο

463 3702 559 3757 sed
592 3708 814 3772 propter
858 3700 1031 3771 ipsam
1093 3707 1366 3764 naturam,
1426 3697 1804 3768 investiganda
1873 3695 1983 3749 nob

2201 3719 2226 3766 ς
2239 3704 2268 3755 6
2283 3700 2492 3771 Πατὴρ,
2521 3697 2708 3769 ἐπειδὴ
2734 3696 2945 3767 Πατὴρ,
2969 3694 3091 3747 οὐδὲ
3120 3694 3210 3748 διὰ
3228 3693 3389 3746 τοῦτο
3403 3709 3721 3765 προσκυνηο

464 3795 557 3847 illa
589 3804 787 3847 natura
812 3800 918 3848 est.
944 3792 1022 3847 Ac
1053 3792 1098 3847 si
1129 3798 1469 3861 compertum
1534 3788 1723 3855 fuerit,
1785 3786 1984 3858 ejusde:

2197 3813 2225 3858 ς
2257 3796 2285 3847 ὁ
2322 3793 2471 3857 Υἱὸς,
2507 3791 2695 3862 ἐπειδὴ
2731 3790 2878 3854 Υἱὸς.
2914 3787 3050 3842 ἀλλὰ
3077 3787 3143 3840 δι’
3169 3788 3337 3859 αὐτὴν
3379 3789 3484 3856 τὴν
3509 3787 3674 3856 φύσιν
3702 3802 3716 3817 ⁸

462 3893 674 3939 naturae
693 3883 953 3955 Spiritum
976 3898 1195 3954 quoque
1214 3898 1335 3937 esse
1357 3892 1629 3945 sanctum,
1659 3880 1826 3935 adora
1848 3879 1980 3933 illun

2205 3886 2335 3956 ύτην
2356 3884 2633 3956 ζητητέον.
2666 3885 2774 3937 Καὶ
2802 3883 2850 3934 εἰ
2887 3881 2983 3957 μὲν
3008 3878 3256 3950 εὑρεθείη
3285 3880 3379 3933 καὶ
3408 3879 3467 3931 τὸ
3495 3877 3722 3949 Πνεῦμα

463 3974 552 4029 εἰη
582 3976 784 4038 minus,
820 3990 889 4030 ne
920 3975 1168 4027 adorato.
1206 3972 1392 4042 Neque
1421 3972 1566 4027 enim
1621 3971 1907 4040 quaeritur,
1964 3983 1983 4021 ε

2199 3994 2231 4038 ης
2245 3972 2410 4029 αὑτοῦ
2434 3973 2570 4045 (16‘)
2597 3971 2832 4041 φύσεως,
2856 3966 3149 4041 προσκύνει
3165 3984 3177 3996 ·
3198 3965 3316 4018 εἰδὲ
3337 3964 3414 4035 μὴ
3440 3963 3719 4035 εὑρεθείη,

464 4068 702 4140 Spiritus
736 4077 960 4124 sanctus
999 4069 1070 4122 sit
1098 4068 1200 4121 vel
1253 4064 1415 4120 Pater
1470 4065 1554 4118 vel
1587 4061 1799 4118 Filius:
1838 4062 1933 4117 sed
1963 4080 1984 4115 ε

2200 4067 2320 4136 ›ρίς.
2353 4068 2601 4137 Ζητεῖται
2623 4064 2731 4134 γὰρ
2754 4064 2894 4133 οὐχὶ,
2932 4065 2981 4115 εἰ
3007 4062 3199 4132 Πατήρ
3229 4063 3344 4113 ἐστι
3367 4061 3429 4113 τὸ
3464 4058 3720 4128 Πνεῦμα,

462 4159 708 4228 ejusdem
739 4174 802 4213 ac
828 4158 989 4213 Pater
1019 4165 1074 4213 et
1099 4156 1275 4211 Filius
1299 4157 1372 4210 sit
1402 4162 1631 4209 natura}.
1658 4152 1759 4208 Hic
1793 4153 1882 4208 ille
1929 4152 1982 4209 si?

2204 4157 2239 4210 δ’
2264 4159 2312 4210 εἰ
2343 4157 2472 4221 Υἱός
2495 4174 2510 4188 ο
2543 4154 2657 4209 ἀλλ’
2692 4156 2743 4208 εἱ
2770 4154 2868 4223 τῆς
2892 4153 3059 4222 αὐτῆς
3117 4152 3331 4222 φύσεώς
3386 4154 3505 4205 ἐστι
3544 4150 3724 4221 Πατρὶ

458 4266 676 4307 rursum
709 4250 898 4319 objicit
931 4248 1231 4303 Orthodoxi
1260 4247 1482 4302 nomine
1508 4265 1522 4301 :
1552 4246 1749 4300 Annon
1768 4246 1973 4314 scriptu

2203 4246 2378 4317 ὶΥἱῴ.
2414 4246 2560 4318 Πρὸς
2606 4244 2765 4298 τοῦτο
2807 4242 2967 4295 πάλιν
3006 4240 3193 4311 ,ἑαυτῷ
3235 4240 3597 4311 ἀντιτίθησιν,
3642 4240 3723 4302 ὡς

458 4353 543 4398 εει
574 4361 586 4395 :
617 4360 636 4393 ι
671 4340 910 4411 Spiritus
966 4348 1052 4396 est
1085 4339 1230 4394 Deus
1270 4337 1353 4392 “?
1399 4358 1417 4390 ι
1450 4338 1542 4392 llle
1585 4350 1806 4391 rursum
1840 4351 1854 4387 :
1888 4334 1978 4390 Det

2203 4337 2285 4409 ιρὰ
2339 4336 2652 4409 Ὀρθοδόξου
2721 4336 3030 4409 εἰρημένοψ
3094 4334 3167 4387 Οὐ
3226 4332 3570 4403 γέγραπται,
3634 4332 3723 4383 ὅτι

457 4444 543 4489 εει
584 4433 825 4505 Spiritus
853 4450 865 4484 :
899 4442 953 4487 at
985 4438 1093 4488 non
1128 4432 1369 4503 Spiritus
1400 4430 1492 4484 ille
1519 4439 1604 4485 cst
1636 4427 1781 4483 Deus
1817 4446 1830 4482 :
1868 4427 1977 4497 quit

2203 4429 2422 4498 Πνεῦμα
2476 4430 2505 4481 6
2559 4427 2725 4493 Θεός;
2769 4447 2787 4478 ι
2842 4424 2978 4480 Εἷτᾶ
3020 4441 3186 4496 φησιν
3239 4423 3442 4486 αὐτός’
3489 4421 3723 4492 11νεῦμά

453 4525 586 4595 quid
618 4526 761 4579 enim
813 4523 958 4580 Deus
1004 4532 1109 4590 est,
1153 4524 1288 4578 illud
1334 4530 1418 4579 est
1463 4521 1747 4592 Spiritus:
1788 4529 1846 4574 at
1916 4536 1973 4575 nt

2201 4537 2281 4573 τιν
2308 4523 2335 4573 6
2362 4512 2514 4583 Θεὸξ,
2540 4519 2633 4572 καὶ
2686 4517 2805 4588 οὐχὶ
2846 4518 2908 4571 τὸ
2969 4516 3195 4587 Πνεῦμα
3232 4515 3386 4577 Θεός.
3437 4516 3558 4568 Πᾶν
3610 4514 3721 4586 γὰρ

457 4610 724 4688 quidquid
754 4624 839 4672 εει
878 4617 1139 4687 Spiritus,
1171 4616 1305 4671 illud
1348 4623 1433 4670 est
1464 4615 1624 4670 Deus.
1656 4612 1758 4668 Cui
1784 4627 1885 4667 nos
1923 4630 1936 4666 :
1968 4611 1977 4661 ε

2224 4628 2277 4663 τι
2322 4609 2475 4674 Θεὸς,
2531 4608 2690 4662 τοῦτο
2723 4609 2814 4661 καὶ
2844 4605 3070 4676 Πνεῦμα
3095 4623 3109 4636 ·
3141 4605 3241 4658 οὐκ
3273 4605 3325 4657 εἴ
3380 4621 3434 4657 τι
3464 4605 3715 4675 Πνεῦμα,

455 4711 629 4766 scires
651 4711 853 4766 donum
884 4707 1000 4772 Dei,
1036 4717 1091 4764 et
1133 4707 1546 4779 Scripturarum
1584 4704 1901 4760 memoriam
1928 4704 1975 4757 h:

2200 4699 2291 4753 ῦτο
2332 4698 2395 4770 δὴ
2424 4699 2518 4752 καὶ
2546 4697 2698 4760 Θεός.
2745 4697 2934 4767 Ἡμεῖς
2962 4695 3021 4749 δὲ
3047 4695 3183 4766 πρὸς
3227 4694 3425 4747 αὐτόν’
3462 4695 3528 4746 Εἰ
3570 4695 3720 4764 ᾕδεις

452 4802 634 4866 heres,
682 4801 738 4856 id
763 4801 948 4871 utique
1002 4816 1113 4855 non
1138 4800 1372 4856 diceres.
1403 4799 1522 4853 Non
1555 4798 1701 4853 enim
1757 4795 1966 4867 quidth

2206 4809 2233 4842 ν
2257 4788 2465 4859 δωρεὰν
2484 4785 2576 4840 τοῦ
2607 4784 2764 4850 Θεοῦ,
2804 4786 2898 4838 καὶ
2924 4783 3023 4855 τὴν
3053 4781 3161 4836 τῶν
3192 4782 3430 4854 Γραφῶν
3465 4787 3720 4852 κατεῖχες

452 4905 537 4950 est
568 4893 732 4959 Deus,
767 4891 1004 4965 Spiritus
1034 4901 1137 4948 εει.
1170 4891 1307 4946 Nam
1335 4899 1389 4945 et
1449 4890 1664 4959 Moyses
1691 4888 1830 4944 deus
1860 4903 1972 4943 voc:

2198 4884 2378 4954 νήμην,
2427 4881 2527 4932 οὐκ
2570 4878 2639 4932 ἂν
2666 4879 2931 4949 ἀπεφήνω
2974 4874 3150 4930 τοῦτο.
3182 4875 3257 4928 Οὐ
3305 4878 3417 4927 πᾶν
3446 4876 3558 4946 γὰρ
3588 4877 3640 4926 εἴ
3664 4891 3718 4926 τι

449 4997 542 5044 tus
570 4995 656 5043 est
687 5004 701 5040 :
729 5006 749 5040 ι
781 4964 923 5041 Ecce
953 4992 1007 5039 te
1032 4983 1295 5040 constitui
1342 4982 1505 5037 deum
1541 4980 1844 5035 Pharaonis
1874 4980 1917 5011 "
1946 4997 1962 5046 ;

2199 4975 2284 5038 ;ὸς,
2312 4973 2469 5027 τοῦτο
2493 4972 2672 5026 καὶτὸ
2716 4970 2963 5042 Πνεῦμα.
2998 4968 3111 5022 Καὶ
3142 4966 3248 5037 γὰρ
3287 4968 3316 5018 6
3349 4966 3560 5036 Μωσῆς
3593 4964 3719 5027 θεὸς

451 5081 547 5138 sed
586 5080 750 5134 etiam
782 5077 1018 5132 Aaronis
1046 5075 1237 5130 fratris
1263 5074 1349 5130 sui
1378 5088 1391 5125 :
1418 5092 1437 5125 ι
1468 5071 1592 5128 Eris
1622 5071 1703 5145 illi
1736 5072 1794 5125 in
1838 5070 1971 5125 deun

2193 5061 2364 5135 ιλήθη-
2402 5082 2420 5114 ι
2466 5062 2596 5116 Ἰδοὺ
2645 5059 2756 5133 γὰρ
2800 5058 2993 5131 τίθημι
3026 5074 3086 5110 σε
3127 5056 3247 5109 θεὸν
3279 5056 3377 5109 τοῦ
3692 5073 3713 5107 ι

447 5180 503 5228 ει
530 5169 700 5227 frater
724 5179 853 5226 tuus
874 5169 981 5224 erit
1006 5167 1277 5239 propheta
1306 5172 1435 5220 tuus
1476 5165 1541 5218 “.
1581 5182 1601 5216 ι
1642 5163 1710 5216 Et
1747 5160 1926 5217 Filius

2198 5154 2268 5208 λὰ
2299 5155 2392 5208 καὶ
2440 5150 2652 5223 Ἀαρὼν
2708 5150 2803 5204 τοῦ
2852 5148 3018 5203 αὐτοῦ
3075 5146 3303 5216 ἀδελφοῦ
3335 5164 3350 5177 ·
3385 5166 3406 5198 ι
3442 5148 3580 5218 Ἐστι
3604 5145 3718 5216 γὰρ

446 5264 756 5337 Evangeliis
806 5264 883 5318 ait
929 5237 1258 5318 de_sanctis
1290 5277 1305 5315 :
1340 5277 1360 5311 ι
1403 5256 1462 5312 Si
1495 5256 1665 5328 igitur
1713 5256 1838 5309 illos
1886 5254 1966 5308 di:

2196 5243 2301 5316 ιτῷ,
2348 5245 2535 5315 φησὶν,
2595 5245 2675 5306 εἰς
2719 5241 2858 5298 θεὸν.
2912 5239 3006 5293 καὶ
3057 5237 3322 5310 Ἀαρὼνὸ
3356 5238 3585 5307 ἁδελφός
3617 5255 3716 5291 σου

447 5356 580 5412 deos
602 5331 669 5412 ad
696 5370 836 5426 quos
891 5369 1074 5411 sermo
1122 5350 1222 5408 Dei
1253 5350 1433 5406 factus
1463 5356 1571 5411 est,
1602 5358 1658 5403 et
1687 5363 1798 5402 non
1847 5355 1967 5417 pote

2201 5354 2286 5390 ται
2314 5353 2397 5390 σοι
2419 5337 2499 5400 εἰς
2533 5336 2839 5406 προφήτην.
2877 5352 2896 5384 ι
2929 5332 3038 5385 Καὶ
3060 5333 3091 5385 6
3119 5331 3250 5396 Υυιὸς
3262 5333 3325 5385 ὲν
3340 5334 3458 5396 τοῖς
3474 5332 3721 5426 ΕὐαγΪε-

447 5449 586 5504 solvi
625 5416 907 5518 Scriptura
948 5447 1029 5511 ";
1067 5464 1086 5497 ι
1116 5452 1196 5508 ει,
1234 5462 1252 5496 ι
1280 5442 1430 5498 Deus
1472 5441 1704 5496 deorum
1759 5416 1967 5492 Domini

2205 5445 2265 5491 ιις
2302 5426 2450 5495 λέγει
2494 5426 2622 5495 περὶ
2654 5424 2769 5478 τῶν
2793 5421 2962 5492 ἁγίων
2991 5439 3006 5452 ο
3042 5443 3062 5475 ι
3093 5422 3157 5477 Εἰ
3186 5419 3281 5479 οὖν
3314 5423 3560 5487 ἐκείνους
3589 5416 3725 5504 εἱειιι¹

446 5543 665 5597 locutus
700 5511 805 5604 est,
832 5546 888 5595 et
916 5538 1132 5594 vocavit
1175 5545 1379 5592 terram
1411 5535 1476 5590 ⁸⁸.
1516 5552 1535 5587 ι
1576 5530 1645 5586 Et
1703 5531 1833 5586 alibi
1886 5544 1966 5585 scr

2203 5521 2308 5585 οὺς,
2366 5519 2503 5591 πρὸς
2552 5517 2648 5581 οὓς
2678 5518 2710 5570 6
2757 5515 2917 5585 λόγος
2940 5513 3034 5569 ⁸εοῦ
3065 5514 3205 5571 Θεοῦ
3235 5516 3493 5586 ἐγένετο,
3526 5513 3621 5568 καὶ
3647 5511 3723 5568 οὗ

519 5654 566 5687 ⁸⁵
598 5653 756 5710 Joan.
792 5670 868 5718 Iv,
902 5654 993 5709 ΞΑ.
1107 5655 1150 5687 ³³
1189 5653 1361 5710 Exod.
1399 5669 1496 5719 vn,
1538 5652 1588 5706 Ι.
1669 5651 1712 5684 ⁸⁸
1750 5650 1883 5705 ibid.
1965 5649 2005 5680 "

1481 5692 1496 5719 ,
1538 5652 1588 5706 Ι.
1669 5651 1712 5684 ⁸⁸
1750 5650 1883 5705 ibid.
1965 5649 2005 5680 "
2044 5643 2201 5698 Joan.
2245 5658 2296 5708 ι,
2333 5641 2421 5696 55.
2501 5637 2545 5671 ¹⁶
2581 5636 2727 5694 Psal.
2765 5650 2912 5700 ιιιι,
2946 5634 2999 5689 ί.

522 5748 659 5817 (16⁸)
686 5745 868 5811 Forte,
892 5747 1083 5817 αὐτῆς.
1118 5745 1275 5800 Enn.

3130 5803 3137 5812 ,
3158 5800 3189 5811 -ν
3252 5792 3267 5806 I
3346 5794 3363 5807 ο
