3850 6226
195 366 336 428 Ιῖθΰ

1250 365 1533 424 CONTRA
1569 365 1923 424 MACEDON.
1964 362 2316 425 DIALOGUS
2346 368 2389 423 1.

3316 356 3454 429 mit

192 485 419 542 δύναται
451 487 484 548 ἠ
509 484 700 558 Γραφὴ
744 486 972 560 λυθῆναι
997 502 1011 517 ο
1038 506 1058 540 ι
1096 487 1214 551 καὶ,
1250 505 1269 538 ι
1312 487 1446 550 Θεὸς
1481 486 1620 540 θεῶν
1664 486 1765 540 Κύ-

1875 492 2028 555 ptum
2055 493 2140 542 est
2175 502 2189 538 :
2225 504 2244 537 ι
2275 468 2574 542 Videbitur
2610 485 2757 543 Deus
2788 485 3017 542 deorum
3047 487 3101 541 in
3133 484 3269 543 Sion
3301 490 3345 526 ι’
3371 506 3386 555 ;
3427 509 3447 543 ι

196 598 315 654 ριος
340 579 588 651 ὲλάλησε.
618 581 711 634 καὶ
734 580 959 634 ἐκάλεσε
984 579 1084 651 τὴν
1120 579 1224 650 γῆν
1244 596 1259 611 ·
1294 597 1314 631 ι
1347 579 1441 632 καὶ
1464 581 1519 631 ὲν
1545 579 1769 650 ἑτέρως’

201 689 222 724 ε
257 671 581 743 Ὀφθήσεται
615 673 643 724 6
666 671 796 735 Θεὸς
820 671 928 725 τῶν
955 670 1092 725 θεῶν
1122 662 1283 742 (16⁸⁸)
1308 673 1366 723 ὲν
1386 669 1524 724 Σιὼν
1543 687 1557 701 ·
1598 689 1618 724 ι
1659 671 1774 732 καὶ,

201 783 221 817 ι
260 766 320 818 Ὀ
343 765 474 828 Θεὸς
499 763 627 834 ἔστη
673 764 729 815 ἐν
764 765 1056 834 συναγωγῇ
1094 761 1258 825 Θεῶν,
1292 762 1388 815 καλ⁵
1420 762 1477 815 ὲν
1523 761 1674 832 μέσῳ
1718 761 1777 814 δὲ

194 855 351 919 θεοὺς
374 855 641 926 διακρινεῖ
663 870 678 886 ο
718 872 736 904 ι
777 854 894 917 καὶ,
928 872 946 900 ι
979 850 1149 916 Θεοῢς
1193 854 1255 906 ού
1310 851 1721 923 κακολογήσεις,
1752 871 1770 902 δ

192 948 522 1019 γέγραπται.
558 944 717 999 Κατὰ
758 943 888 1014 γοῦν
915 945 1015 1015 τὴν
1039 944 1138 1015 σὴν
1167 944 1377 1014 σοφίαν,
1402 946 1451 997 εἰ
1480 946 1588 998 πᾶν
1623 944 1677 997 εἴ
1721 962 1775 997 τι

193 1037 348 1102 Θεὸς,
384 1035 541 1089 τοῦτο
566 1036 659 1090 καὶ
687 1034 933 1105 Πνεῦμα,
967 1035 1165 1100 πάντες
1185 1037 1235 1087 οἱ
1259 1035 1647 1108 προειρημένοι
1684 1034 1778 1090 ἄν·

195 1126 403 1198 θρωποι
430 1127 523 1180 καὶ
553 1126 685 1189 θεοὶ,
712 1126 1004 1196 Πνεύματά
1027 1127 1183 1179 εἰσιν.
1204 1127 1267 1179 Εἰ
1305 1125 1362 1178 δὲ
1389 1125 1509 1189 θεὸς
1547 1126 1771 1197 Μωσῆς,

194 1218 291 1272 καὶ
315 1218 542 1282 ἕκαστος
557 1218 666 1271 τῶν
692 1216 1127 1290 προειρημένων,
1150 1218 1245 1271 xal
1261 1218 1320 1270 οὐ
1341 1217 1650 1287 Πνεύματα,
1675 1218 1775 1270 οὐκ

193 1307 304 1379 ἄρα
333 1308 439 1361 πᾶν
473 1309 524 1360 εί
556 1325 609 1361 τι
641 1308 794 1371 Θεὸς,
826 1307 985 1360 τοῦτο
1019 1309 1114 1361 καὶ
1152 1308 1378 1379 Πνεῦμα
1398 1325 1412 1339 ο
1442 1309 1562 1362 οὐδὲ
1592 1311 1700 1362 πᾶν
1725 1307 1780 1361 εί

193 1417 250 1454 τι
288 1399 537 1470 Πνεῦμα,
588 1397 746 1453 τοῦτο
789 1401 881 1454 καὶ
920 1399 1070 1464 Θεός.
1119 1400 1230 1453 Καὶ
1262 1400 1369 1471 γὰρ
1411 1399 1478 1454 τὰ
1523 1400 1775 1470 δαιμόνια

174 1493 348 1565 ὑμῶν
388 1492 497 1546 τῶν
530 1492 820 1565 αἱρετικῶν
867 1492 1154 1565 πνεύματά
1214 1496 1356 1559 εἰσι,
1408 1494 1503 1547 καὶ
1535 1492 1635 1547 οὐκ
1668 1492 1776 1546 εἰσὶ

194 1581 330 1636 θεοί.
1295 1610 1299 1615 -

262 1672 317 1727 5.
351 1672 469 1726 Ἔτι
502 1672 790 1745 πρόσωπον
838 1672 1145 1743 εἰσαγαγὼν
1187 1671 1523 1745 Ὀρθοδόξου,
1563 1672 1772 1745 Δῶμεν,

190 1764 376 1835 φησὶν,
403 1764 479 1829 ὡς
508 1765 571 1818 οὐ
622 1765 949 1834 θεολογεῖται
983 1765 1046 1820 τὸ
1075 1765 1321 1836 Πνεῦμα,
1353 1766 1504 1836 ὅμως
1530 1765 1774 1836 κυριολο-

1877 583 1962 641 et,
2012 595 2032 629 ι
2075 575 2221 634 Deus
2256 577 2408 633 stetit
2440 578 2496 633 in
2545 593 2824 650 synagoga
2853 578 3105 646 deorum,
3166 579 3223 634 in
3270 579 3456 635 medio

1877 676 2056 723 autem
2112 671 2246 726 deos
2279 671 2547 739 diiudicat
2577 673 2660 740 *°;
2695 691 2714 724 ι
2750 678 2827 739 et,
2857 689 2877 723 ι
2921 671 3034 725 Diis
3079 686 3190 726 non
3226 673 3459 728 maledi--

1875 778 1970 818 ces
1990 766 2056 816 ἰ.
2081 784 2099 815 ›
2121 763 2285 836 475
2314 763 2370 818 Si
2402 779 2533 834 ergo
2558 763 2715 832 juxta
2750 763 3074 833 sapientiam
3104 764 3251 818 illam
3281 772 3453 822 tuam.

1881 856 2152 926 quidquid
2189 866 2273 910 est
2304 855 2468 922 Deus,
2492 856 2627 910 illud
2654 863 2737 911 est
2762 854 3026 926 Spiritus,
3048 871 3179 911 sane
3205 855 3455 927 prasdiL-ti

1876 947 1954 1000 illi
1975 946 2225 1002 homines
2256 962 2320 1000 ac
2352 947 2452 1011 dii,
2501 946 2741 1017 Spiritus
2764 955 2914 1002 sunt.
2942 946 3097 1013 Quod
3132 947 3178 1002 si
3205 948 3343 1001 deus
3370 955 3456 1002 est

1876 1036 2114 1108 Moyses,
2162 1053 2379 1093 necnon
2416 1037 2620 1107 singuli
2643 1053 2710 1092 ex
2749 1053 2915 1107 supra
2947 1038 3109 1093 dictis
3136 1038 3454 1093 hominibus

1876 1130 1973 1200 (dii
2004 1129 2151 1202 sunt)
2176 1140 2229 1185 et
2265 1145 2374 1183 non
2407 1129 2662 1200 Spiritus,
2688 1131 2874 1200 utique
2907 1146 3016 1184 non
3059 1129 3326 1200 quidquid
3369 1135 3454 1184 est

1874 1222 2039 1287 Deus,
2077 1221 2210 1276 illud
2231 1228 2315 1277 est
2340 1218 2604 1290 Spiritus,
2632 1238 2808 1292 neque
2833 1221 3100 1291 quidquid
3139 1229 3224 1277 est
3275 1221 3452 1291 SpiriJ-

1875 1324 1988 1378 tus,
2021 1315 2156 1369 illud
2187 1322 2277 1370 est
2309 1314 2471 1369 Deus.
2504 1312 2642 1368 Nam
2676 1314 2947 1383 dat-monia
2976 1321 3219 1369 vestrum
3242 1314 3455 1369 haereti-

1875 1423 2065 1461 corum
2096 1408 2324 1478 spiritus
2356 1414 2505 1471 sunt,
2532 1421 2633 1462 nec
2663 1415 2844 1462 tamen
2879 1414 3009 1463 sunt
3035 1406 3138 1460 dii:

1944 1658 2000 1723 3.
2049 1665 2276 1721 Inducta
2310 1665 2507 1721 iterum
2557 1665 2648 1720 ille
2680 1664 2981 1719 Orthodoxi
3015 1677 3268 1734 persona,
3304 1662 3451 1717 Con-

1877 1757 2159 1820 cedamus,
2188 1756 2284 1822 ait,
2317 1755 2585 1826 Spiritum
2622 1762 2871 1810 sanctum
2901 1769 3011 1809 non
3042 1755 3223 1809 vocari
3254 1753 3448 1819 Deum,

189 1856 394 1923 γείταισ
446 1853 752 1926 γέγραπται
786 1854 926 1928 γάρ’
963 1875 982 1907 ί
1033 1856 1089 1909 Ὀ
1115 1856 1173 1908 δὲ
1204 1855 1408 1928 Κύριος
1447 1856 1507 1909 τὸ
1550 1854 1765 1925 Πνεῦμά

1873 1856 1928 1903 at
1971 1847 2233 1903 Dominus
2279 1848 2470 1903 saltem
2511 1852 2774 1912 vocatur;
2810 1845 3074 1915 scriptum
3126 1853 3211 1901 est
3250 1845 3394 1899 enim
3430 1861 3452 1901 ι

188 1938 358 1998 ἔστιν.
394 1963 413 1997 ι
453 1946 574 1998 Ἔτι
625 1945 824 2017 φησίνο
883 1947 1018 2000 Εἰπὲ
1072 1947 1231 2010 αὐτὸς
1285 1948 1348 2001 τὸ
1400 1947 1766 2018 ἐπαγόμενον·

193 2055 215 2087 ο
249 2031 324 2091 Οῦ
357 2037 413 2090 δὲ
444 2036 505 2090 τὸ
550 2037 775 2108 Πνεῦμα
817 2039 1045 2110 Κυρίου,
1088 2040 1204 2093 ἐκεῖ
1247 2039 1549 2110 ἐλευθερία.
1584 2059 1603 2093 ι
1635 2040 1771 2111 Περὶ⁸

185 2127 283 2181 τοῦ
331 2128 534 2200 Κυρίου
573 2128 740 2196 λέγει,
781 2130 964 2199 φησιν,
1014 2132 1095 2185 ὅτι
1141 2133 1169 2184 6
1213 2131 1415 2203 Κύριος
1447 2132 1507 2186 τὸ
1548 2132 1772 2201 Πνεῦμά

184 2209 357 2270 ἔστιν.
402 2217 588 2288 Ἡμεῖς
617 2216 673 2270 δὲ
702 2217 838 2290 πρὸς
865 2218 1023 2272 αὐτόν
1044 2235 1058 2249 ⁸
1102 2219 1341 2290 Ἀληθῶς
1368 2220 1447 2283 τὸ,
1482 2239 1501 2272 ι
1533 2220 1772 2274 Φάσκον-

184 2324 279 2372 τες
310 2304 447 2361 εἶναι
477 2309 630 2378 σοφοὶ
663 2309 1079 2381 ἐμωράνθησαν,
1115 2331 1133 2362 ι
1174 2313 1303 2383 περὶ
1346 2312 1498 2383 ὑμῶν
1533 2313 1767 2385 εἴρηται.

186 2391 296 2450 Τοῦ
343 2398 453 2470 γὰρ
506 2400 842 2470 ἐπαγομένου
897 2401 1144 2473 φανερῶς
1203 2401 1529 2469 δεικνύντος,
1577 2404 1659 2456 ὅτι
1711 2402 1773 2456 τὸ

185 2485 587 2558 Πνεῦμάὲστιν,
607 2486 786 2560 (16’“)
803 2479 865 2541 οῦ
882 2489 1144 2560 εῖρηται,‹
1168 2490 1295 2543 Ὁδὲ
1313 2489 1516 2562 Κύριος
1529 2488 1590 2544 τὸ
1602 2484 1742 2544 Πνεῦ
1759 2518 1774 2529 ·

189 2576 270 2647 μά
294 2576 462 2641 ἐστιν,
488 2596 506 2629 ι
526 2578 816 2649 ἠπάτησας
833 2579 993 2643 αὐτὸς
1013 2580 1227 2644 ἑαυτὸν,
1250 2581 1338 2635 ἵνα
1362 2583 1427 2634 ὲκ
1453 2581 1547 2634 τοῦ
1569 2582 1774 2653 στόμα-

183 2665 279 2727 τός
308 2682 400 2718 σ.υ
428 2664 646 2737 ἔλεγχος
669 2666 907 2739 προέλθῃ
928 2707 944 2732 ,
971 2669 1066 2723 καὶ
1089 2668 1353 2742 ἀκούσῃς,
1372 2671 1452 2725 ὅτι
1484 2690 1503 2722 ι
1546 2672 1643 2725 Ἐκ
1675 2671 1770 2725 τοῦ

186 2757 455 2828 στόματός
506 2775 597 2811 σου
650 2758 822 2831 κρινῶ
869 2777 963 2822 σε,
1027 2763 1233 2834 πονηρὲ
1275 2762 1447 2821 δοῦλε.
1494 2783 1513 2815 ι
1543 2758 1617 2817 T6
1663 2765 1773 2837 γὰρ

183 2850 521 2921 ἐπαγόμενόν
550 2853 731 2903 ἐστιν·
770 2870 789 2902 ι
830 2847 904 2906 Οῦ
931 2851 987 2905 δὲ
1033 2853 1091 2905 τὸ
1125 2852 1349 2925 Πνεῦμα
1385 2856 1622 2928 Κυρίου,
1658 2859 1775 2910 ἐκεῖ

181 2939 488 3012 ἐλευθερία.
530 2960 548 2991 ι
586 2941 659 2995 Τὸ
696 2941 753 2995 δὲ
791 2940 850 2995 ὃν
895 2943 1120 3015 Πνεῦμα
1148 2946 1377 3017 Κυρίου,
1421 2948 1628 3019 Κυρίου
1654 2948 1772 3001 ἐστὶ

180 3031 434 3102 Πνεῦμα,
467 3032 602 3105 ὅπερ
635 3032 850 3105 εἴρηται
880 3033 1104 3109 Κύριος.
1144 3036 1230 3101 Ὠς
1259 3037 1368 3110 γὰρ
1398 3038 1528 3102 Υἱὸς
1566 3038 1771 3111 Κύριος

180 3120 281 3190 ὢν,
315 3124 514 3197 Κύριός
539 3126 711 3178 ἐστιν·
746 3125 918 3191 οὕτως
951 3128 1012 3181 τὸ
1039 3128 1281 3199 Πνεῦμα,
1313 3123 1515 3200 Κύριος
1540 3128 1620 3194 ὃν,
1655 3129 1771 3182 Κύ-

182 3217 307 3288 ριός
330 3217 497 3270 ἐστιν.

258 3394 309 3448 4.
344 3396 452 3449 Καὶ
484 3394 643 3450 πάλιν
676 3394 851 3466 ἑαυτῷ
880 3394 1168 3468 πρόσωπον
1212 3396 1602 3468 ποιησάμενος,
1639 3400 1765 3452 ἐαυ-

177 3484 277 3539 τὸν
307 3485 492 3558 ἠρώτα
514 3503 529 3517 ⁸
561 3487 695 3540 Οὐδὲ
744 3488 1118 3559 προσκυνητόν
1151 3489 1330 3554 ὲστιν;
1373 3488 1563 3543 ἔπειτα
1604 3491 1764 3555 αὐτὸς

178 3577 363 3648 ἑαυτῷ
382 3595 395 3608 ·
431 3578 544 3632 Οὐκ
577 3578 723 3632 ἔστιν
743 3597 756 3610 ο
791 3578 909 3632 οὐδὲ
939 3579 1047 3650 γὰρ
1079 3578 1413 3651 γέγραπται.
1443 3578 1575 3635 Εἶτα
1603 3582 1763 3636 πάλιν

175 3668 363 3724 λαϐὼν
401 3669 709 3742 Ὀρθοδόξου
759 3673 1068 3743 πρόσωπον,
1117 3671 1291 3740 λέγει·
1345 3675 1409 3727 Ei
1458 3676 1765 3747 ἀνθρώποις

172 3761 940 3836 προσεκύνησαν“ἄνορωποι,
987 3765 1120 3837 φέρε
1161 3767 1358 3831 εἰπεῖν,
1402 3767 1478 3832 ὡς
1521 3769 1709 3823 Ναϐὰν
1735 3774 1763 3824 6

173 3855 467 3925 προφήτης
520 3854 596 3925 τῷ
655 3856 847 3910 Δαϐίδ’
903 3857 1210 3928 γέγραπται
1265 3860 1408 3930 γάρ·
1459 3879 1478 3911 ι
1531 3862 1761 3933 Εὶσῆλθε

170 3943 326 3997 κατὰ
370 3946 657 4016 πρόσωπον
695 3947 792 4000 τοῦ
833 3948 1095 4018 βασιλέως
1146 3950 1336 4004 Ναθὰν
1379 3950 1407 4002 ὀ
1455 3954 1759 4024 προφήτης,

170 4030 275 4091 καὶ
305 4039 706 4111 προσεκύνησεν
732 4041 891 4095 αὐτὸν
911 4043 1002 4094 ἐπὶ
1022 4042 1119 4115 τὴν
1148 4045 1250 4116 γῆν
1272 4061 1286 4074 θ
1322 4064 1341 4095 ι
1366 4043 1453 4098 διὰ
1482 4045 1534 4098 τί
1564 4045 1637 4116 μὴ
1669 4048 1763 4100 καὶ

166 4128 258 4200 τῷ
281 4128 557 4201 Πνεύματι
581 4136 1028 4205 προσκυνήσομεν
1057 4135 1162 4207 πρὸ
1186 4139 1402 4190 πάντων
1429 4135 1759 4209 ἀνθ“ρὼπων;

168 4224 290 4277 Καὶ
336 4222 495 4288 αὐτὸς
546 4225 722 4298 ἑαυτῷ
769 4228 929 4282 πάλιν
972 4229 1200 4297 ἐπάγει·
1240 4248 1257 4280 ι
1297 4229 1497 4300 Κυρίῳ
1518 4229 1594 4300 τῷ
1642 4230 1762 4301 Θεῷ

171 4321 275 4366 σου
330 4317 756 4386 προσκυνήσειςο
801 4336 819 4368 ι
863 4316 936 4388 μὴ
1002 4318 1095 4370 καὶ
1163 4315 1240 4387 τῷ
1313 4317 1623 4387 Πνεύματι;
1689 4316 1763 4370 Τὸ

168 4403 404 4477 Πνεῦμα
457 4407 660 4480 Κύριος
709 4410 810 4462 οὐκ
871 4408 1050 4462 ἔστιν’
1104 4409 1216 4463 ἀλλ’
1265 4407 1391 4463 οὔτε
1442 4410 1609 4473 Θεός·
1646 4407 1762 4472 πῶς

167 4493 271 4550 οὖν
309 4497 461 4552 ἔσται
506 4500 897 4572 προσκυνητὺν,
934 4501 1008 4573 μὴ
1030 4499 1089 4554 ὃν
1133 4503 1190 4554 ἐν
1215 4501 1291 4572 τῷ
1317 4500 1416 4571 τῆς
1452 4500 1760 4572 προσκυνή-
1790 4535 1834 4589 D

170 4607 318 4654 σεως
362 4591 504 4662 ὄρῳ;
544 4611 563 4643 ι
600 4592 789 4656 Οὐδεὶς
852 4593 959 4665 γὰρ
1031 4593 1251 4647 δύναται
1318 4596 1500 4647 εἰπεῖν
1554 4592 1759 4664 Κύριον

182 4681 419 4754 Ἰησοῦν,
450 4685 497 4736 εἰ
534 4683 607 4755 μὴ
639 4686 697 4737 ὲν
731 4685 1008 4757 Πνεύματι
1042 4686 1202 4757 ἁγίῳ.
1244 4702 1266 4737 ι
1294 4688 1383 4738 Δεῖ
1406 4684 1515 4755 γὰρ
1541 4684 1756 4755 ἀληθῶς

167 4772 267 4829 τὸν
301 4776 706 4846 προσαγόμενον
732 4776 871 4849 Θεῷ,
892 4778 959 4831 δι’
984 4778 1169 4849 ἑτέρου
1201 4776 1279 4848 τῷ
1310 4777 1452 4846 ἁγίῳ
1478 4775 1756 4845 Πνεύματι

167 4865 570 4938 προσάγεσθαι.
607 4868 669 4921 Ei
698 4871 1057 4942 προσκυνήσω
1090 4864 1275 4923 λοιπδν
1310 4867 1388 4939 τῷ
1417 4867 1557 4938 ἁγίῳ
1584 4867 1754 4920 Πνεύ-

169 4974 333 5030 ματι,
378 4956 466 5011 διὰ
502 4958 648 5023 τίνος
689 4958 722 5030 ἢ
773 4960 831 5012 ὲν
874 4960 978 5013 τίνι
1025 4962 1390 5033 προσκυνήσω
1428 4959 1754 5031 προσαχθεὶς

165 5048 363 5121 αύτῷ;
392 5049 456 5103 Τί
492 5046 586 5104 οῦν
627 5052 784 5122 ὑμεῖς
830 5053 965 5124 πρὸς
1001 5054 1207 5119 ταῦτα;
1255 5051 1545 5106 Δικάσεταί
1594 5068 1653 5105 σε
1696 5053 1754 5106 ειν

166 5129 362 5212 ἡμέρᾳ
389 5138 620 5215 κρίσεως
652 5141 839 5195 Ναθὰν
871 5145 900 5196 6
941 5144 1246 5216 προφήτης,
1275 5132 1350 5208 ὥς
1380 5132 1440 5195 ού
1480 5141 1633 5213 παρὰ
1663 5142 1753 5196 τὸν

166 5230 340 5301 νόμον
367 5232 678 5304 πεποιηκὼς
717 5234 811 5288 καὶ
844 5237 1227 5308 προσκυνήσας
1251 5234 1326 5305 τῷ
1363 5235 1548 5289 Δαϐίδ.
1579 5237 1753 5306 Προσ-

166 5323 380 5395 ήγαγες
402 5323 512 5395 γὰρ
534 5324 595 5378 τὸ
618 5324 802 5396 ῥητὸν,
828 5325 903 5390 ὡς
929 5327 1158 5396 ὀφείλων
1188 5326 1547 5381 καταδικάσαι
1587 5324 1750 5380 αὐτὸν

250 5541 296 5575 ⁸⁸
338 5539 483 5598 Psal.
517 5554 754 5611 ιικιιιε,
796 5541 848 5598 8.
952 5545 999 5578 ”
1039 5543 1186 5603 Psal.
1218 5561 1420 5609 um,
1455 5547 1508 5611 4,.

242 5764 407 5839 (ισσι)
447 5763 540 5823 Sic
578 5765 755 5824 Palat.
781 5767 848 5825 In
875 5769 1030 5840 prius
1058 5769 1218 5828 editis
1245 5770 1499 5843 quaedam
1520 5772 1735 5829 desunt.

1482 5587 1508 5611 ,.
1620 5546 1666 5581 ³⁸
1705 5534 1880 5604 Exod.
1918 5564 2068 5613 xm,
2102 5534 2196 5602 28—.

164 5613 216 5646 “
256 5614 393 5669 Luc.
430 5628 546 5679 xu,
578 5613 669 5668 24.
754 5614 802 5647 ⁸⁸
840 5612 906 5669 Ill
934 5611 1070 5686 Reg.
1105 5632 1159 5680 ι,
1193 5615 1285 5671 24.
1378 5617 1423 5649 ’⁸
1461 5616 1653 5673 Matth.
1688 5634 1763 5686 Iv,
1798 5620 1885 5674 10.

1878 1958 1897 1991 ι
1941 1937 2202 1993 Dominus
2257 1945 2439 1992 autem
2496 1935 2736 2008 Spiritus
2784 1944 2891 1991 est.
2930 1955 2949 1987 ι
2984 1935 3124 1990 Tum
3160 1935 3451 2007 subsequit

1870 2038 1962 2085 tur
1993 2049 2007 2085 :
2037 2030 2133 2085 Dic
2161 2030 2307 2101 quod
2338 2028 2609 2098 adjectum
2641 2036 2727 2084 est
2759 2048 2772 2083 :
2805 2047 2824 2079 ι
2859 2027 2959 2083 Ubi
2998 2040 3176 2085 autem
3208 2027 3454 2100 Spiritus

1871 2123 2110 2189 Domini,
2145 2122 2221 2177 ibi
2259 2121 2486 2176 libertas
2509 2122 2577 2175 ²’.
2616 2138 2634 2171 ι
2665 2118 2742 2175 De
2774 2120 3006 2175 Domino
3053 2121 3318 2191 loquitur,
3361 2122 3451 2176 in-

1871 2216 2021 2286 quit,
2071 2214 2198 2284 quia
2261 2211 2528 2268 Dominus
2575 2218 2660 2267 est
2714 2209 2975 2282 Spiritus.
3036 2211 3147 2267 Nos
3202 2221 3391 2268 contra
3424 2229 3446 2269 :-

1872 2302 2011 2359 Vere
2029 2306 2096 2359 de
2125 2303 2280 2358 vobis
2305 2302 2512 2357 dictum
2542 2309 2629 2357 est
2656 2321 2670 2357 :
2695 2320 2715 2353 ι
2743 2301 2994 2357 Dicentes
3010 2317 3069 2356 se
3093 2316 3215 2358 esse
3231 2301 3449 2371 sapien-

1875 2405 1980 2462 tes,
2028 2395 2179 2450 stulti
2216 2395 2344 2449 facti
2391 2401 2521 2450 sunt
2544 2393 2611 2449 ”.
2648 2412 2669 2446 ι
2702 2392 2837 2447 Cum
2887 2393 3033 2448 enim
3062 2392 3448 2464 subsequentia

1873 2495 2061 2558 aperte
2090 2487 2332 2543 indicent
2359 2502 2482 2543 esse
2514 2485 2777 2556 Spiritum
2824 2501 2947 2541 eum
2994 2486 3061 2541 de
3097 2502 3206 2556 quo
3240 2486 3447 2541 dictum

1872 2589 1977 2645 est,
2013 2600 2031 2632 ι
2068 2579 2331 2636 Dominus
2382 2586 2562 2634 autem
2616 2578 2855 2649 Spiritus
2891 2586 2997 2641 est,
3046 2597 3070 2631 ι
3120 2587 3179 2633 tu
3227 2587 3280 2634 te
3331 2579 3449 2649 ipso

1872 2671 2155 2742 decepisti,
2186 2679 2245 2727 ut
2275 2689 2342 2728 ex
2373 2688 2469 2728 ore
2516 2679 2610 2726 tuo
2655 2677 2708 2726 te
2746 2670 2862 2739 ipse
2887 2682 3234 2740 coargueres,
3261 2676 3318 2726 et
3349 2685 3451 2724 au-

1872 2759 2058 2816 dires:
2095 2779 2113 2811 c
2148 2759 2225 2815 De
2255 2776 2350 2815 ore
2380 2768 2476 2815 tuo
2516 2769 2567 2815 te
2592 2760 2803 2830 judico,
2838 2773 2994 2814 senve
3038 2774 3271 2830 nequam
3305 2759 3373 2815 “.
3423 2779 3447 2813 ι

1871 2850 2006 2906 Nam
2038 2851 2169 2906 illud
2210 2852 2607 2923 subsequitur:
2644 2869 2664 2903 ι
2703 2850 2805 2906 Ubi
2848 2859 3031 2907 autem
3068 2850 3308 2922 Spiritus
3334 2852 3448 2906 Do-

1872 2942 2027 3007 mini,
2064 2943 2138 2997 ibi
2169 2943 2413 2999 libertas.
2459 2963 2484 2996 ι’
2517 2944 2622 3011 Qui
2652 2959 2783 3000 vero
2816 2943 3058 3015 Spiritus
3084 2943 3300 2999 Domini
3339 2953 3445 3007 est,

1873 3028 1964 3084 ille
1996 3039 2079 3085 est
2114 3029 2328 3085 Domini
2383 3030 2643 3102 Spiritus,
2675 3035 2766 3104 qui
2817 3035 2996 3091 dictus
3042 3042 3128 3091 est
3159 3033 3445 3103 Dominus.

1873 3119 2339 3187 Quemadmodum
2378 3124 2523 3178 enim
2561 3123 2735 3181 Filius
2757 3140 2880 3181 cum
2926 3126 2998 3182 sit
3025 3126 3310 3192 Dominus,
3340 3128 3448 3181 Do-

1792 3194 1834 3251 C
1869 3215 2051 3271 minus
2075 3225 2159 3273 est
2184 3230 2204 3271 ε’
2231 3218 2303 3271 ita
2330 3224 2383 3271 et
2419 3216 2663 3287 Spiritus
2681 3235 2806 3274 cum
2842 3221 2911 3276 sit
2947 3219 3233 3285 Domi-nus,
3260 3220 3447 3277 Domi-

1864 3319 1970 3359 ιιιιε
2002 3313 2108 3362 est.

1933 3395 1987 3449 4.
2017 3397 2086 3450 At
2117 3392 2209 3453 ille
2252 3399 2449 3453 iterum
2496 3403 2779 3470 assumpta
2814 3400 2918 3456 sibi
2953 3416 3209 3471 persona,
3242 3399 3446 3471 seipse

1864 3489 2235 3559 interrogabat
2262 3509 2276 3546 :
2309 3489 2508 3545 Annon
2533 3490 2886 3548 adorandus?
2929 3493 3047 3563 ipse
3081 3493 3184 3549 sibi
3215 3507 3444 3563 respon-

1863 3580 1980 3638 dit:
2017 3581 2412 3653 Nequaquam;
2461 3584 2515 3639 id
2553 3584 2697 3639 enim
2730 3585 2993 3655 scriptum
3032 3600 3142 3640 non
3169 3593 3273 3641 est.
3300 3584 3438 3641 Rur.

1864 3685 1985 3728 sum
2052 3684 2315 3746 usurpata
2374 3676 2676 3732 O‘rthodoxi
2733 3690 2967 3747 persona
3012 3684 3033 3732 ε’
3081 3676 3139 3731 Si
3193 3677 3446 3734 homines

1863 3764 2014 3834 ipsos
2058 3764 2359 3821 adorarunt
2416 3768 2686 3832 homines,
2736 3775 2866 3839 puta
2917 3767 3131 3822 Nathan
3179 3768 3444 3840 propheta

1863 3856 2121 3911 Davidem
2151 3875 2165 3924 ;
2196 3859 2462 3929 scriptum
2513 3860 2656 3913 enim
2685 3867 2811 3914 est:
2850 3877 2869 3910 ι
2906 3857 3159 3914 Introivit
3208 3860 3265 3913 in
3310 3872 3445 3914 eon-

1864 3955 2109 4018 spectum
2158 3949 2303 4020 regis
2350 3947 2564 4003 Nathan
2617 3950 2901 4021 praphet'a,
2940 3957 2994 4005 et
3037 3950 3284 4005 adoravit
3317 3966 3442 4005 eum

1861 4045 2069 4112 prunus
2100 4042 2156 4096 in
2181 4049 2381 4097 terram
2402 4036 2487 4104 ἐς
2524 4063 2543 4095 ›
2577 4056 2747 4114 quare
2785 4058 2893 4098 non
2925 4057 3037 4114 prae
3065 4042 3319 4099 omnibus
3341 4042 3447 4098 ho-

1862 4133 2102 4188 minibus
2125 4132 2389 4205 Spiritum
2423 4139 2673 4189 sanctum
2696 4134 3085 4191 adorabimus?
3102 4134 3224 4206 Ipse
3246 4135 3442 4192 iterum

1863 4226 1967 4282 sibi
1993 4228 2210 4297 reponit
2238 4247 2253 4282 :
2291 4245 2311 4278 ι
2348 4225 2638 4281 Dominum
2662 4226 2830 4283 Deum
2859 4235 3013 4282 tuum
3044 4228 3300 4283 adorabis
3323 4228 3397 4293 “,
3420 4249 3438 4279 ι

1860 4326 1915 4374 et
1949 4334 2056 4372 non
2106 4317 2391 4389 Spiritum.
2432 4317 2670 4389 Spiritus
2722 4334 2831 4373 non
2885 4327 2971 4374 est
3014 4318 3302 4381 Dominus.
3347 4320 3444 4375 sed

1862 4424 2039 4479 neque
2072 4407 2217 4465 Deus
2242 4416 2264 4464 z‘
2288 4408 2565 4479 quomodo
2612 4408 2778 4479 igitur
2826 4408 3144 4464 adorandus
3193 4410 3319 4475 erit,
3347 4412 3441 4481 qui

1862 4516 1972 4554 non
2025 4499 2167 4553 intra
2207 4498 2612 4553 adorandorum
2666 4499 2864 4556 limites
2915 4499 3444 4571 comprehendatur?

1863 4590 2023 4652 Nam,
2056 4610 2074 4638 σ
2110 4589 2281 4645 Nemo
2319 4598 2499 4661 potest
2531 4589 2713 4645 dicere
2757 4589 3046 4645 Dominum
3078 4590 3286 4657 Jesum,
3332 4592 3439 4648 nisi

1864 4684 1918 4738 in
1973 4682 2185 4754 Splritu’
2221 4684 2490 4739 sancto.”
2521 4703 2540 4735 ι
2578 4682 2806 4754 Oportet
2851 4685 3004 4739 enim
3058 4699 3183 4740 eum
3228 4687 3321 4755 qui
3372 4686 3439 4741 ad

1862 4773 2032 4829 Deum
2080 4773 2314 4837 accedit,
2366 4786 2464 4844 per
2521 4774 2687 4828 alium
2748 4774 3011 4831 accedere
3055 4775 3124 4830 ad
3178 4774 3437 4845 Spiritum

1860 4874 2131 4922 sanctum.
2181 4864 2238 4920 Si
2289 4865 2456 4936 igitur
2505 4864 2767 4935 Spiritum
2815 4873 3064 4923 sanctum
3115 4865 3434 4923 adoravero.

1859 4973 1957 5028 per
1984 4972 2144 5027 quem
2184 4967 2239 5013 et
2267 4973 2297 5012 a
2331 4974 2441 5029 quo
2468 4959 2738 5015 adductus
2789 4960 3040 5014 accedam
3068 4958 3396 5015 adoraturus
3414 4959 3445 5013 τ

1859 5043 1999 5114 Quid
2032 5062 2128 5105 vos
2161 5048 2230 5103 ad
2271 5049 2428 5103 hac?
2467 5049 2528 5104 In
2573 5048 2667 5119 jus
2715 5056 2770 5104 te
2812 5047 3027 5104 vocabit
3057 5046 3271 5102 Nathan
3309 5062 3438 5117 pro-

1857 5140 2020 5212 pheta
2048 5140 2102 5194 in
2136 5141 2224 5196 die
2249 5140 2463 5211 judicii,
2506 5148 2567 5195 ut
2592 5140 2686 5211 qui
2719 5147 2910 5195 contra
2938 5138 3108 5210 legem
3150 5152 3262 5193 non
3292 5135 3439 5192 fece-

1854 5231 1951 5294 rit,
1983 5238 2107 5285 cu‘m
2136 5228 2395 5286 Davidem
2425 5230 2698 5286 adoraret.
2723 5229 2936 5286 Dictum
2958 5229 3102 5285 enim
3129 5228 3262 5283 illud
3291 5234 3440 5283 attu-

1856 5322 1989 5390 listi,
2023 5328 2081 5376 ut
2109 5322 2287 5393 ipsum
2317 5321 2540 5377 videare
2580 5322 3047 5391 transgressionis
3066 5333 3222 5376 reum
3252 5332 3433 5390 agere.

2316 5548 2362 5581 "
2404 5546 2447 5601 Η
2477 5546 2606 5603 Cor.
2646 5560 2741 5610 ιιι,
2779 5544 2865 5599 l7.
2974 5545 3022 5577 "
3057 5542 3218 5603 Rom.
3252 5560 3301 5609 ι,
3339 5542 3440 5599 εν.

1982 5620 2025 5649 ’⁷
2066 5618 2084 5672 l
2117 5618 2244 5674 Cor.
2280 5632 2393 5682 ιιι,
2426 5617 2480 5671 5.

1923 5772 2103 5846 (l6"')
2145 5771 2426 5830 Excidisse
2452 5772 2667 5829 videtur
2693 5770 2841 5845 περί.
2874 5769 3041 5827 Eon.
