3850 6226
406 362 541 418 12ἳ5

1531 357 1588 412 S.
1630 345 2092 411 ATHANASIUS.
2132 384 2202 395 -—
2248 351 2519 408 SPL‘RIA.

3516 341 3654 396 19.76

404 494 489 540 est
548 486 688 539 Deus
737 491 791 537 et
840 483 1018 537 homo.
1076 481 1228 536 Orth.
1278 481 1534 535 Christus
1583 478 1803 549 quidem
1864 493 2016 537 non;

2126 476 2308 538 αὑτός.
2354 478 2509 541 Ὄρθ.
2557 472 2631 525 Οὐ
2676 469 2833 541 μόνον
2870 469 2969 539 μὲν
3018 462 3301 537 ἄνθρωπος
3340 458 3415 549 ἦν
3445 465 3475 516 6
3514 463 3652 534 Χρι-

408 585 617 630 ta-itum
648 574 750 626 l'uit
780 574 964 625 homo.
984 570 1113 624 Nam
1147 587 1216 624 ne
1243 570 1496 625 Cltrisms
1518 570 1737 638 quidem
1764 568 1976 631 fuisset,

407 669 453 723 si
488 674 700 720 tantum
741 665 932 718 fuisset
961 664 1145 717 howo.
1180 662 1472 717 Vivillcans
1501 673 1685 715 tamen
1713 672 1979 720 mortuos.

410 759 639 812 minime
671 758 821 825 ipsos
847 756 1133 808 viviﬁcavit
1172 756 1401 809 Scorsint
1432 770 1461 807 a
1486 752 1665 808 Patre.
1700 751 1984 819 Quomodo

410 848 556 903 enim
610 847 840 900 dixisset
867 888 880 907 ,
926 865 945 897 ι
984 845 1143 901 Pater
1174 846 1231 899 in
1283 860 1368 900 me
1410 860 1659 909 manens,
1705 843 1823 913 ipse
1856 841 1985 896 facit

413 955 580 1008 opera
605 941 650 971 ”
673 979 687 1003 ,
721 957 739 989 ι
776 939 821 991 si
866 936 1096 993 seorsim
1130 952 1160 990 a
1206 936 1367 991 Patre
1403 936 1753 990 viviﬁcasset.
1800 934 1987 1002 Itaque

412 1030 629 1084 etiamsi
673 1029 860 1091 dicat,
915 1047 934 1079 ι
978 1029 1133 1082 Sicut
1171 1027 1332 1082 Pater
1381 1030 1585 1081 excitat
1639 1033 1886 1080 mortuos
1936 1035 1989 1080 et

417 1121 680 1181 virilicat,
713 1120 786 1172 ita
825 1127 879 1172 et
914 1118 1110 1182 Filius,
1144 1134 1281 1187 quos
1313 1119 1430 1171 vult
1463 1118 1703 1171 virilicat
1727 1117 1795 1182 ",
1825 1136 1843 1169 3
1879 1133 1987 1171 non

416 1211 550 1265 dicit
584 1226 643 1265 se
676 1210 779 1263 hoc
822 1209 1002 1264 facere
1040 1210 1296 1278 quapiam
1332 1208 1569 1261 elilcacia
1617 1207 1911 1278 separatim
1960 1223 1990 1260 a

419 1300 603 1363 Patre,
645 1301 742 1354 sed
782 1300 857 1353 ita
905 1301 1171 1370 loquitur,
1209 1311 1269 1353 ut
1308 1317 1411 1354 nos
1453 1300 1648 1354 doceat
1677 1315 1789 1355 sua:
1818 1301 1991 1370 hypo-

421 1405 637 1446 staseos
668 1391 1057 1460 perfectionem
1086 1390 1142 1444 in
1179 1406 1301 1444 sese
1336 1391 1667 1445 absolutam.
1713 1389 1822 1444 Nec
1849 1390 1992 1444 enim

422 1481 562 1536 alios
595 1481 816 1550 quidem
873 1490 1124 1535 mortuos
1159 1481 1363 1535 excitat
1393 1489 1448 1535 et
1503 1482 1745 1535 viviticat
1792 1479 1991 1546 Pater,

423 1571 562 1625 alios
597 1585 724 1624 vero
757 1570 950 1624 Filius.

495 1662 585 1715 2i.
622 1662 799 1730 Apoll.
838 1662 1009 1717 llomo
1039 1672 1197 1719 actus
1232 1677 1260 1715 a
1299 1661 1409 1716 Deo
1441 1675 1552 1715 non
1586 1669 1670 1715 est
1704 1662 1867 1727 Deus,
1901 1662 1997 1719 sed

2080 567 2231 628 στός·
2261 564 2380 618 οὑδέ
2416 563 2521 635 γὰρ
2563 562 2630 615 ἂν
2660 557 2728 631 ἦν
2762 556 3016 630 Χριστὸς,
3047 558 3096 609 εἰ
3141 555 3299 625 μόνον
3330 548 3401 623 ἦν
3443 551 3651 622 ἀνθρω-

2080 673 2207 719 πος’
2246 655 2525 720 ζωοποιῶν
2565 653 2621 706 δὲ
2667 652 2792 715 τοὺς
2830 651 3077 719 νεκροὺς,
3110 647 3209 700 οὐκ
3240 645 3344 715 ἰδίᾳ
3371 642 3531 714 παρὰ
3563 642 3652 695 τὸν

2081 747 2301 816 Πατέρα
2353 746 2624 811 ζωοποιεῖ.
2662 743 2788 806 Πῶς
2843 742 2949 813 γὰρ
2981 739 3191 806 ἔλεγεν,
3230 756 3249 787 ι
3298 737 3355 789 '0
3386 735 3585 805 Πατὴρ
3627 736 3654 787 6

2085 838 2143 887 ἐν
2178 837 2299 906 ἐμοὶ
2354 836 2530 905 μένων
2595 836 2741 885 ποιεῖ
2783 833 2852 884 τὰ
2879 830 3016 901 ἔργα
3050 828 3241 891 αὐτὸς,
3285 845 3305 878 3
3348 824 3514 895 εἴπερ
3557 823 3655 894 ἰδίᾳ.

2085 929 2237 998 παρᾶ
2285 927 2377 980 τὸν
2438 926 2659 996 Πατέρα
2724 923 3004 987 ζωοποιεῖς
3084 920 3187 973 κᾶν
3244 918 3426 971 τοίνυν
3492 914 3653 985 λέγῃ,

2091 1038 2110 1070 ι
2142 1019 2354 1089 Ὥσπερ
2379 1019 2407 1071 6
2426 1016 2615 1087 Πατὴρ
2642 1014 2844 1085 ἐγείρει
2866 1014 2991 1075 τοὺς
3014 1012 3238 1081 νεκροὺς
3259 1011 3354 1063 καὶ
3382 1012 3657 1077 ζωοποιεῖ.

2089 1109 2262 1172 οὓτως
2290 1108 2385 1160 καὶ
2412 1109 2440 1160 6
2478 1107 2628 1170 Υἱὸς,
2668 1104 2760 1168 οὒς
2789 1103 2931 1157 θέλει
2963 1101 3234 1167 ζωοποιεῖ,
3259 1122 3278 1153 3
3323 1104 3385 1156 οὐ
3422 1121 3658 1175 κεχωρι-

2091 1200 2303 1270 σμένως
2337 1200 2472 1268 (93’)
2509 1198 2604 1250 τοῦ
2627 1196 2841 1267 Πατρὸς
2864 1198 2983 1248 κατ’
3009 1195 3285 1266 ἐνέργειαν
3306 1194 3468 1248 τοῦτο
3490 1198 3663 1247 ποιεῖν

2089 1291 2258 1359 λέγει,
2281 1290 2416 1343 ἀλλὰ
2443 1290 2503 1343 τὸ
2533 1288 2815 1350 αὐτοτελὲς
2841 1288 2940 1357 τῆς
2969 1286 3159 1341 ἑαυτοῦ
3198 1287 3555 1346 ὑποστάσεως
3587 1287 3665 1338 δι-

2089 1383 2302 1436 δάσκων
2341 1381 2507 1451 ἡμᾶς.
2541 1378 2616 1434 Οὐ
2666 1381 2776 1450 γὰρ
2807 1378 3000 1441 ἄλλους
3045 1376 3244 1446 ἐγείρει
3288 1378 3316 1428 6
3361 1375 3557 1447 Πατὴρ
3584 1392 3667 1427 νε-

2093 1476 2260 1547 κροὺς
2293 1477 2385 1528 καὶ
2418 1474 2686 1538 ζωοποιεῖ,
2712 1474 2806 1527 καὶ
2828 1472 3016 1536 ἄλλους
3042 1474 3071 1525 6
3106 1472 3231 1534 Υἱός

2166 1667 2257 1722 21.
2302 1667 2544 1721 Ἀπολλ.
2578 1667 2916 1739 Ἀνθρωπος,
2947 1665 3051 1719 ὑπὸ
3092 1664 3224 1717 Θεοῦ
3258 1664 3671 1736 ἐνεργούμενος,

425 1771 627 1824 corpus
661 1754 773 1809 Deo
811 1756 1172 1823 conjunctum
1203 1764 1289 1809 est
1320 1753 1487 1809 Deus.
1528 1753 1596 1808 At
1629 1754 1883 1809 Christus
1913 1762 1998 1809 est

2123 1759 2155 1811 νύ
2186 1758 2336 1820 Θεός’
2358 1758 2512 1829 σῶμα
2532 1759 2589 1811 δὲ
2617 1756 2883 1827 συναφθὲν
2903 1756 3040 1827 Θεῷ,
3062 1756 3211 1819 Θεόςο
3241 1755 3372 1819 Θεὸς
3396 1756 3455 1808 δὲ
3487 1757 3515 1806 ό
3544 1754 3677 1825 Χρι-

430 1846 594 1900 Deus.
629 1845 744 1899 Non
774 1856 858 1901 est
883 1846 1050 1915 igitur
1077 1847 1245 1900 homo
1267 1856 1423 1899 actus
1446 1860 1479 1898 a
1512 1843 1642 1908 Deo,
1673 1846 1768 1900 sed
1797 1861 1998 1916 corpus

2123 1846 2255 1908 πός·
2304 1847 2407 1899 οὐκ
2454 1847 2563 1917 ἄρα
2593 1845 2700 1898 ὑπὸ
2746 1844 2883 1899 Θεοῦ
2918 1845 3304 1917 ἐνεργούμενος
3352 1844 3674 1914 ἄνθρωπος.

430 1949 557 1987 eum
596 1935 705 1987 Deo
726 1936 1111 2003 compositum.
1142 1932 1295 1989 Orth.
1329 1931 1446 1985 Non
1473 1939 1558 1986 est
1587 1931 1807 1999 quidem
1837 1931 1997 1985 Chri-

432 2032 555 2080 stus
590 2024 753 2078 homo
782 2037 935 2080 actus
965 2040 995 2077 a
1023 2023 1152 2089 Deo,
1185 2025 1278 2079 sed
1307 2025 1447 2079 Deus
1471 2022 1700 2088 homini,
1726 2031 1786 2076 ut
1805 2030 1862 2077 tu
1886 2024 2001 2093 ipse

434 2112 752 2176 nominasti,
785 2113 1134 2194 conjunctits.
1168 2113 1301 2167 Nam
1342 2115 1388 2169 si
1436 2121 1613 2184 potest
1645 2128 1849 2182 corpus
1897 2114 2003 2166 Deo

434 2204 718 2274 conjungi,
748 2212 927 2274 potest
952 2204 1112 2258 etiam
1136 2211 1286 2259 totus
1319 2206 1482 2259 homo
1507 2205 1618 2259 Deo
1646 2204 1927 2272 conjungi,
1952 2211 2005 2256 et

438 2295 581 2351 idem
609 2311 733 2350 esse
764 2297 908 2351 Deus
943 2303 999 2350 et
1048 2296 1233 2359 homo,
1268 2297 1412 2350 sicut
1451 2310 1580 2349 caro
1609 2304 1661 2349 et
1710 2295 1852 2350 Deus
1892 2295 2007 2364 ipse

436 2394 544 2443 est.
576 2384 717 2451 Quid
749 2401 912 2455 porro
944 2387 1125 2441 dicere
1145 2386 1369 2440 voluisti
1388 2385 1773 2447 cumdiceres,
1806 2396 2007 2452 corpus

441 2475 552 2529 Deo
586 2475 940 2544 conjunctum
1002 2477 1163 2540 Deus,
1199 2477 1408 2546 ignoro.
1426 2476 1639 2548 Corpus
1669 2475 1814 2529 enim
1847 2488 2011 2529 vocas

441 2569 639 2637 Deum,
657 2569 889 2639 ideoque
931 2584 1141 2639 corpus
1175 2583 1282 2623 non
1317 2576 1403 2623 est
1429 2587 1453 2623 ξ
1476 2567 1561 2622 vel
1599 2567 1765 2621 Deum
1809 2581 2010 2636 corpus

441 2672 616 2713 vocas
643 2658 811 2714 Deum
843 2668 1065 2729 propter
1090 2658 1244 2723 illud,
1275 2656 1421 2728 quod
1452 2663 1537 2711 est
1565 2656 1615 2711 ei
1655 2654 2010 2724 conjunctum

443 2749 560 2803 sive
597 2750 984 2817 compositum.
1017 2746 1302 2813 Quomodo
1346 2759 1476 2800 vero
1511 2744 1653 2798 Deus
1690 2743 1763 2799 sit
1794 2751 2010 2806 natura,

443 2838 542 2907 qui
590 2838 823 2906 alicujus
864 2852 1035 2892 causa
1079 2838 1221 2892 Deus
1271 2837 1379 2891 sit?
1429 2836 1537 2891 Nos
1570 2849 1704 2890 vero
1735 2834 2013 2888 Christum

446 2945 558 2985 non
582 2928 818 2984 dicimus
848 2945 971 2984 esse
1011 2927 1178 2983 Deum
1207 2928 1279 2982 ob
1306 2928 1452 2980 illam
1486 2941 1612 2980 cum
1646 2941 1873 2995 corpore
1904 2926 2017 2979 sive

445 3017 670 3072 homine
716 3019 1201 3088 conjunctionem:
1245 3017 1344 3072 sed
1387 3017 1556 3070 Deum
1596 3023 1820 3086 prOpter
1856 3024 2018 3068 natu-

2100 1937 2237 1992 ἀλλὰ
2260 1938 2417 2008 σῶμα
2435 1938 2588 2008 ,πρὸς
2611 1937 2744 1991 Θεὸν
2774 1938 3043 1991 συντεθέν.
3074 1939 3227 2005 Ὀρθ.
3246 1937 3357 1989 Οὐκ
3389 1936 3679 2007 ἄνθρωπος

2107 2029 2204 2097 μὲν
2234 2030 2338 2082 ὑπὸ
2368 2029 2502 2082 Θεοῦ
2554 2029 2945 2101 ἐνεργούμενος
2984 2031 3013 2081 6
3051 2028 3313 2100 Χριστὸς,
3362 2027 3503 2081 ἀλλὰ
3547 2027 3683 2090 Θεὸς

2103 2118 2485 2191 ἀνθρώπῳ,ὼς
2517 2121 2677 2183 αὐτὸς
2707 2120 3015 2191 ὠνόμασας,
3051 2118 3343 2181 συντεθεὶς,
3373 2119 3544 2188 ἦγουν
3572 2117 3683 2186 (96)

2106 2212 2345 2276 ἐνωθείς.
2380 2214 2442 2266 Εἰ
2466 2213 2574 2284 γὰρ
2605 2213 2825 2266 δύναται
2859 2212 3016 2283 σῶμα
3045 2211 3163 2282 Θεῷ
3200 2212 3488 2282 ἐνωθῆναι,
3515 2212 3686 2280 ἡγουν

2108 2304 2427 2372 συντεθῆναι
2461 2303 2701 2367 δύναται,
2749 2304 2843 2357 καὶ
2893 2303 3012 2366 ὅλος
3048 2302 3331 2373 ἄνθρωπος
3363 2302 3688 2371 συντεθῆναι

2107 2391 2247 2463 Θεῷ,
2276 2393 2370 2445 καὶ
2402 2390 2540 2447 εἶναι
2577 2393 2710 2456 Θεὸς
2743 2395 2837 2446 καὶ
2865 2393 3149 2466 ἄνθρωπος
3178 2394 3206 2445 6
3237 2391 3422 2454 αὐτὸς,
3449 2390 3527 2453 ὡς
3552 2389 3693 2460 σὰρξ

2110 2485 2203 2537 καὶ
2236 2484 2369 2547 Θεὸς
2394 2485 2422 2536 6
2467 2486 2646 2547 αὑτός.
2681 2485 2745 2537 Τί
2777 2485 2833 2537 δὲ
2865 2485 2957 2537 καὶ
2985 2484 3161 2552 λέγειν
3191 2482 3487 2552 ἠθέλησας,
3528 2482 3692 2552 σῶμα

2111 2572 2230 2642 Θεῷ
2258 2573 2525 2642 συναφθὲν
2548 2574 2701 2638 Θεὸς,
2723 2573 2917 2641 λέγων,
2935 2571 3113 2640 ἀγνοῶ
3133 2571 3267 2641 (95).
3292 2570 3366 2622 Τὸ
3396 2570 3507 2640 γὰρ
3531 2571 3695 2640 σῶμα

2111 2664 2242 2717 Θεὸν
2272 2664 2471 2733 λέγεις,
2497 2666 2590 2718 καὶ
2617 2666 2717 2717 οὐκ
2742 2664 2857 2717 ἔστι
2883 2663 3040 2734 σῶμα
3057 2680 3072 2693 °
3100 2663 3132 2733 ἢ
3155 2663 3246 2715 τὸν
3266 2662 3399 2715 Θεὸν
3417 2661 3506 2713 διὰ
3532 2661 3696 2713 τοῦτο

2112 2755 2246 2809 Θεὸν
2272 2795 2285 2820 ,
2325 2757 2413 2811 διὰ
2460 2757 2521 2809 τὸ
2568 2755 2839 2824 ωναφθέν
2863 2797 2877 2817 ,
2911 2755 3077 2825 ἤγουν
3114 2753 3223 2824 (96)
3266 2753 3540 2806 συντεθέν.
3582 2753 3697 2804 Καὶ

2116 2846 2233 2909 πῶς
2263 2846 2421 2916 φύσει
2455 2847 2606 2909 Θεὸς,
2637 2847 2665 2897 6
2692 2845 2781 2898 διά
2809 2863 2860 2898 τι
2891 2844 3053 2909 Θεός;
3084 2845 3275 2915 Ἡμεῖς
3303 2844 3360 2897 δὲ
3386 2843 3448 2896 ού
3480 2842 3571 2895 διὰ
3597 2841 3697 2912 τὴν

2116 2937 2252 3008 πρὸς
2274 2938 2334 2990 τὸ
2369 2937 2527 3008 σῶμα
2556 2936 2805 2989 σύνθεσιν
2840 2936 2972 2989 Θεὸν
3009 2936 3263 3006 λέγομεν,
3302 2933 3426 2987 οὔτε
3464 2934 3555 2987 διὰ
3598 2934 3699 3004 τὴν

2119 3028 2254 3100 πρὸς
2286 3028 2569 3100 ἄνθρωπον
2595 3070 2609 3091 ,
2645 3027 2780 3082 ἀλλὰ
2825 3027 2955 3081 Θεὸν
3002 3027 3092 3079 διὰ
3135 3028 3235 3097 τὴν
3274 3026 3437 3095 φύσιν
3479 3026 3577 3098 τὴν
3634 3027 3700 3079 ἐκ

448 3124 589 3172 ram,
615 3125 778 3178 quam
809 3125 877 3164 ex
913 3111 1070 3163 l'atre
1094 3110 1295 3163 habet:
1329 3107 1606 3162 Christum
1637 3122 1769 3162 vero
1798 3114 2016 3177 propter

2123 3120 2364 3189 Πατρός·
2420 3119 2655 3190 Χριστὸν
2703 3120 2760 3172 δὲ
2799 3118 2887 3172 διὰ
2932 3119 3031 3189 τὴν
3083 3117 3177 3170 τοῦ
3221 3117 3407 3169 δούλου
3458 3117 3697 3189 μορφὴν,

450 3201 598 3255 servi
628 3200 881 3265 formam,
910 3203 1190 3269 unionem,
1213 3201 1329 3256 sive
1367 3200 1844 3269 compositionem,
1876 3209 1936 3253 ut
1962 3207 2016 3252 tu

2123 3170 2331 3189 -πνγη
2608 3170 2646 3174 κ.
2713 3170 2753 3172 η
2976 3170 2999 3189 ν.
3458 3170 3472 3188 .

2124 3210 2336 3276 ἕνωσιν,
2366 3210 2532 3280 ἤγουν
2570 3210 2838 3274 σύνθεσιν,
2872 3209 2948 3273 ὡς
2977 3209 3138 3272 αὐτὸς
3167 3208 3481 3279 ὠνόμασας.

451 3291 572 3362 ipse
601 3292 892 3362 appellasti

524 3385 614 3440 22.
647 3386 822 3454 Apoll.
856 3386 914 3439 Si
961 3384 1060 3439 Dei
1098 3386 1358 3455 templum
1389 3392 1577 3440 natum
1617 3392 1703 3438 est
1743 3399 1807 3437 ex
1835 3382 2024 3449 Maria,

455 3492 861 3548 supervacanea
911 3486 996 3533 est
1044 3494 1186 3531 nova
1228 3478 1321 3531 illa
1358 3478 1618 3531 nativitas
1668 3492 1737 3531 ex
1785 3475 2027 3546 Virgine.

456 3583 583 3624 cum
616 3570 823 3640 absque
867 3569 1139 3639 ejusmodi
1191 3570 1479 3623 nativitate
1521 3567 1770 3622 homines
1811 3582 2031 3637 quoque

458 3661 573 3715 sint
598 3660 692 3715 Dei
722 3662 942 3730 templa.
979 3661 1132 3716 Orth.
1166 3660 1429 3731 Oppugna
1456 3674 1614 3715 sacra
1637 3659 1946 3729 Evangelia,
1975 3670 2034 3715 ut

459 3752 694 3807 audias:
745 3770 765 3802 ι
799 3753 1001 3806 Durum
1045 3764 1128 3807 est
1160 3754 1256 3807 tibi
1299 3760 1490 3807 contra
1542 3752 1824 3807 stimulum
1869 3754 2031 3806 calci-

461 3844 688 3897 trare".
712 3862 730 3894 3
760 3842 901 3896 Audi
930 3843 1075 3897 enim
1108 3842 1395 3897 Dominum
1429 3844 1699 3897 dicentem
1728 3861 1740 3896 :
1783 3861 1801 3892 ι
1830 3844 2034 3898 Solvite

463 3935 725 4003 templum
755 3935 878 3997 hoc,
900 3942 955 3988 et
987 3936 1042 3990 in
1069 3937 1246 3991 tribus
1272 3936 1465 3990 diebus
1495 3936 1745 3990 excitabo
1773 3936 1905 3990 illud
1921 3935 1986 3990 “.
2011 3955 2031 3987 3

463 4021 693 4078 Etiamsi
733 4040 861 4078 vero
887 4026 1134 4079 nonnulli
1158 4025 1405 4079 homines
1436 4026 1546 4082 sint
1570 4026 1791 4095 templa.
1813 4041 1920 4079 non
1953 4033 2039 4078 ta-

464 4128 589 4167 men
623 4114 696 4167 ita
727 4122 857 4169 sunt
888 4118 1088 4185 templa
1110 4156 1124 4179 ,
1160 4128 1418 4186 tanquam
1453 4117 1615 4171 etiam
1650 4117 1853 4172 Christi
1883 4136 1896 4171 :
1936 4132 2038 4171 nec

464 4204 757 4272 quisquam
793 4221 983 4259 eorum
1015 4218 1092 4261 est
1126 4208 1380 4261 Christus
1408 4207 1742 4277 conjunctus
1770 4225 1893 4263 cum
1928 4208 2038 4263 Deo

467 4293 683 4362 Verbo;
736 4298 864 4349 nolo
901 4298 1047 4351 enim
1085 4298 1369 4353 discedere
1398 4314 1427 4352 a
1460 4308 1555 4353 tuo
1580 4301 1865 4364 vorabulo,
1902 4307 1960 4353 ut
1990 4310 2040 4355 te

468 4402 535 4439 ex
581 4394 676 4440 tuo
718 4387 895 4457 ipsius
942 4403 1038 4442 ore
1068 4388 1125 4442 in
1172 4390 1499 4443 sententiam
1531 4405 1706 4443 meam
1753 4390 2037 4444 adducam.

2195 3390 2284 3445 22.
2314 3391 2571 3444 “Ἀπο.1.ϊ.
2607 3391 2671 3442 Εἰ
2707 3388 2841 3442 Θεοῦ
2886 3387 3013 3450 ναὸς
3048 3386 3308 3457 ἐγεννήθη
3348 3389 3414 3439 ἐκ
3455 3387 3552 3457 τῆς
3583 3388 3706 3439 Μα-

2130 3480 2281 3551 ρίας,
2332 3482 2559 3551 περιττὴ
2586 3482 2619 3549 ἡ
2653 3479 2908 3549 καινότης
2952 3477 3050 3547 τῆς
3086 3481 3151 3530 ἐκ
3193 3476 3475 3549 Παρθένου
3512 3479 3705 3547 γεννή-

2130 3584 2298 3633 σεως’
2354 3570 2471 3622 ναοὶ
2504 3569 2612 3640 γὰρ
2652 3568 2787 3622 Θεοῦ
2848 3571 2941 3623 καὶ
2990 3571 3117 3624 ἄνευ
3150 3569 3356 3639 ταύτης
3401 3568 3703 3639 ἄνθρωποι.

2143 3662 2284 3730 Ὀρθ.
2319 3662 2508 3731 Μάχου
2550 3663 2663 3724 τοῖς
2705 3660 2868 3724 θείοις
2900 3660 3269 3729 Εὔαγγελίοις,
3306 3661 3394 3713 ἵνα
3427 3660 3705 3730 ἀκούσῃς·

2137 3774 2157 3807 ι
2181 3755 2423 3823 Σκληρόν
2473 3771 2555 3807 σοι
2591 3754 2725 3825 πρὸς
2756 3754 2957 3827 κέντρα
3002 3752 3295 3817 λακτίζειν.
3320 3773 3337 3805 3
3383 3755 3495 3807 Καὶ
3542 3754 3709 3805 ἄκουε

2132 3847 2224 3900 τοῦ
2253 3848 2459 3918 Κυρίου
2487 3847 2737 3915 λέγοντος
2756 3864 2770 3877 ο
2803 3866 2821 3897 ι
2844 3845 3057 3900 Λύσατε
3082 3845 3175 3898 τὸν
3209 3847 3334 3899 ναὸν
3373 3845 3586 3906 τοῦτον,
3615 3846 3713 3897 καὶ

2135 3940 2192 3992 ἐν
2216 3939 2392 4010 τρισὶν
2413 3939 2647 4009 ἡμέραις
2668 3939 2844 4009 ἐγερῶ
2879 3939 3062 3993 αὐτόν.
3084 3958 3102 3990 3
3135 3939 3201 3991 Ei
3233 3938 3289 3990 δέ
3320 3954 3462 4000 τινες
3494 3936 3713 4007 ἀνθρωο

2135 4048 2227 4083 ποι
2258 4034 2397 4099 ναοὶ,
2426 4031 2538 4085 ἀλλ’
2567 4031 2666 4100 οὐχ
2703 4029 2843 4083 οῦτω
2862 4070 2875 4093 ,
2924 4031 2999 4095 ὼς
3032 4031 3125 4086 καὶ
3154 4029 3377 4102 Χριστοί
3398 4047 3409 4057 ·
3451 4028 3626 4090 οὐδεὶς
3656 4028 3715 4081 δὲ

2136 4124 2313 4177 αὐτῶν
2355 4124 2627 4186 συντεθεὶς
2674 4123 2750 4193 τῷ
2783 4123 2902 4195 Θεῷ
2933 4123 3090 4193 Λόγῳ
3132 4124 3397 4193 Χριστός·
3440 4121 3541 4173 οὐκ
3583 4120 3719 4171 6v:-

2136 4213 2299 4285 χωρῶ
2349 4214 2456 4286 γὰρ
2498 4215 2597 4284 τῆς
2648 4214 2745 4285 σῆς
2790 4213 3103 4283 ὀνομασίας,
3142 4213 3228 4265 ἵνα
3272 4229 3331 4263 σε
3365 4213 3429 4263 ἐκ
3474 4209 3570 4262 τοῦ
3618 4208 3717 4262 σοῦ

2140 4307 2406 4376 στόματος
2451 4306 2653 4358 πείσω·
2710 4305 2945 4358 ἐνταῦθα
2983 4305 3040 4358 δὲ
3101 4304 3373 4366 συντεθεὶς
3410 4302 3539 4365 ναὸς
3595 4301 3721 4371 Θεῷ

2138 4397 2296 4467 Λόγῳ
2324 4397 2454 4467 (97),
2509 4393 2771 4467 ἐγεννήθη
2800 4395 3033 4467 Χριστὸς
3084 4391 3404 4465 θεοπρεπῶς
3453 4393 3521 4445 ἐκ
3568 4392 3720 4463 Παρ-

474 4475 571 4529 llic
601 4486 783 4530 autem
821 4478 1081 4546 templum
1130 4478 1488 4547 conjunctum
1527 4495 1651 4532 cum
1695 4478 1805 4534 Deo
1843 4481 2037 4541 Verbo,
2074 4516 2118 4569 υ
2143 4487 2318 4542 θένου,

471 4567 726 4624 Christus
760 4568 1035 4633 videlicet,
1070 4580 1257 4625 natum
1287 4579 1372 4626 est
1403 4586 1470 4626 ex
1503 4571 1720 4643 Virgine
1760 4588 1825 4627 eo
1853 4570 2035 4637 modo,

472 4660 567 4730 qui
601 4660 766 4715 Deum
802 4660 1051 4716 decebat.

545 4751 636 4804 25.
665 4750 844 4819 Apoll.
890 4750 947 4805 Si
978 4752 1106 4807 talis
1148 4760 1234 4806 est
1274 4760 1474 4806 natura
1521 4751 1750 4815 Christi,
1776 4751 1954 4821 qualis
1988 4760 2037 4805 et

478 4850 666 4898 nostra
696 4851 823 4899 est:
857 4852 1013 4899 vetus
1042 4845 1205 4899 homo
1239 4852 1325 4899 est
1366 4845 1549 4898 anima
1599 4845 1810 4907 vivens,
1839 4851 1891 4898 et
1934 4859 2044 4897 non

479 4935 706 5004 spiritus
736 4936 1041 4999 viviﬁcans,
1076 4951 1176 4989 nec
1218 4936 1311 5005 qui
1347 4936 1475 4990 talis
1498 4943 1603 4998 est,
1632 4935 1949 4989 viviﬁcabit.
1979 4935 2049 4987 At

481 5026 737 5081 Christus
800 5027 1071 5091 viviﬁcat,
1106 5035 1301 5097 estque
1342 5027 1581 5096 Spiritus
1616 5027 1880 5080 vivilicus.
1929 5024 2047 5079 Non

482 5115 761 5183 estigitur
790 5124 994 5171 nostra:
1043 5129 1273 5172 naturae.
1320 5117 1473 5172 Orth.
1533 5117 1756 5183 Adhuc,
1800 5115 1933 5185 quid
1980 5118 2051 5170 sit

485 5207 739 5263 Christus
773 5208 1016 5277 ignoras.
1043 5209 1237 5265 Nescis
1275 5211 1421 5265 enim
1462 5209 1695 5264 duarum
1730 5216 2049 5262 naturarum

486 5313 608 5353 esse
643 5299 921 5363 unionem,
949 5308 1004 5355 et
1033 5317 1208 5372 neque
1237 5302 1415 5356 solum
1448 5302 1638 5366 Deum,
1670 5315 1847 5371 neque
1875 5300 2049 5355 solum

2222 4751 2312 4804 25.
2359 4751 2605 4805 Ἀπολλ.
2643 4749 2704 4803 Εἰ
2735 4752 2769 4821 ὴ
2795 4750 2930 4822 αὐτὴ
2958 4749 3117 4819 φύσις
3151 4747 3411 4821 Χριστοῦ,
3444 4749 3536 4802 οἶα
3566 4747 3665 4801 καὶ
3691 4748 3725 4818 ἡ

2151 4842 2328 4915 ἡμῶν,
2358 4845 2386 4896 6
2417 4841 2644 4906 παλαιός
2677 4843 2826 4894 ἐστιν
2857 4841 3142 4912 ἄνθρωπος
3167 4840 3313 4910 ψυχὴ
3347 4840 3519 4904 ζῶσα,
3544 4839 3637 4892 καὶ
3666 4839 3727 4891 οὐ

2153 4936 2368 5006 πνεῦμα
2396 4933 2721 4998 ζωοποιοῦν·
2754 4934 2850 4987 καὶ
2879 4935 2908 4986 6
2939 4932 3178 4996 τοιοῦτος
3211 4931 3331 4985 οὐδὲ
3361 4931 3726 5001 ζωοποιήσει·

2155 5024 2409 5090 ζωοποιεῖ
2434 5024 2491 5077 δὲ
2536 5022 2790 5093 Χριστὸς,
2822 5022 2919 5075 xui.
2949 5020 3171 5091 Πνεῦμα
3214 5020 3513 5084 ζωοποιοῦν
3546 5022 3728 5071 ἐστιν’

2155 5117 2255 5170 οὐκ
2293 5116 2401 5187 ἄρα
2448 5116 2547 5185 τῆς
2590 5115 2860 5185 ἡμετέρας
2909 5114 3025 5166 ἐστὶ
3057 5112 3290 5181 φύσεως.
3330 5113 3477 5180 Ὁρθ.
3512 5111 3634 5163 Ἔτι
3674 5109 3736 5161 τὸ

2156 5209 2393 5279 Χριστὸς
2430 5208 2490 5260 οὐ
2528 5208 2808 5273 νενόηκας.
2852 5208 2926 5259 Οὔ
2973 5207 3083 5276 γὰρ
3122 5205 3313 5273 ἔγνως,
3345 5206 3427 5258 ὅτι
3478 5204 3571 5257 δύο
3616 5203 3736 5254 ἐστὶ

2159 5299 2377 5371 φύσεων
2413 5300 2629 5362 ἓνωσις,
2663 5298 2758 5352 καὶ
2791 5298 2915 5351 οὗτε
2947 5298 3104 5369 μόνος
3134 5299 3163 5350 6
3199 5297 3332 5361 Θεὸς
3374 5295 3612 5367 Χριστὸς
3648 5292 3738 5348 λέ-

561 5415 606 5450 "
672 5415 830 5471 Joan.
866 5432 979 5481 xw,
1012 5416 1098 5473 10.
1179 5417 1226 5451 ³⁵
1261 5416 1418 5475 Joan.
1453 5435 1504 5484 ι’,
1540 5418 1625 5479 21,
1705 5419 1750 5450 ’⁵
1790 5417 1909 5471 Act.
1948 5432 1998 5470 ix

2123 5459 2126 5471 .
2202 5417 2248 5450 ’⁸
2286 5413 2444 5469 Joan.
2482 5430 2557 5477 ll,
2592 5413 2657 5468 l9

558 5575 690 5649 (ll-3')
715 5576 914 5649 Palat...
949 5580 1351 5649 κεχωρισμένος

568 5644 679 5715 (5)6)
715 5646 864 5707 Mss,
898 5644 1197 5715 ﬁtouufltic
1233 5659 1286 5700 et
1317 5665 1436 5701 mox

569 5713 679 5785 (93)
712 5715 859 5780 Μδδη
889 5713 1017 5782 (θεὸς
1048 5717 1187 5771 ἑκὼν
1214 5720 1409 5786 ἀγνοῶ.

2134 5583 2141 5590 '
2244 5575 2355 5637 (Oti)
2389 5574 2537 5634 Mss.,
2577 5573 2757 5643 ἧτουν,
2794 5577 2847 5622 et
2879 5568 3015 5643 intra
3042 5569 3291 5623 similiter

2245 5645 2355 5712 (97)
2398 5640 2685 5713 διδεηϐεῴ
2720 5640 2955 5712 Χριστῷ.
