3850 6226
240 349 376 404 12ῗῖ

1229 351 1313 405 DE
1353 350 1629 406 SANCTA
1669 346 2045 405 TRINITATE
2084 349 2427 406 DIALOGUS
2467 348 2529 404 V.

3348 346 3482 402 1278

236 480 413 534 γεται,
446 463 570 516 οὔτε
608 464 767 535 μόνος
801 464 1107 536 ἄνθρωπος.
1151 466 1212 519 Εἰ
1265 465 1372 535 γὰρ
1419 465 1576 519 τοῦτο
1620 463 1787 531 ἔγνως

1918 461 2191 516 hominem
2227 461 2334 514 dici
2364 460 2667 514 Christum.
2697 457 2843 512 Nam
2864 458 2908 513 si
2934 458 3037 511 hoc
3067 456 3260 515 scires.
3286 471 3480 510 nosses

238 554 552 622 ἐγίνωσκες,
577 556 656 608 ὃτι
687 556 826 608 κατὰ
856 557 952 626 μὲν
977 556 1074 627 τὴν
1100 556 1195 609 ἀνθ
1206 558 1493 628 ρωπότητα
1517 556 1614 626 τὴν
1641 554 1809 625 αὐτὴν

238 647 370 714 ἡμῖν
408 644 569 713 φύσιν
602 645 735 717 ἔχει,
777 646 915 700 κατὰ
955 646 1011 699 δὲ
1039 647 1135 716 τὴν
1179 646 1408 716 θεότητα
1438 645 1517 716 τῷ
1564 645 1682 715 Θεῷ
1715 645 1809 698 καὶ

238 736 412 807 Πατρί
432 753 444 763 ·
467 737 562 789 καὶ
585 737 682 807 τῆς
707 737 950 800 ἑνώσεως
972 737 1290 807 γενομένης,
1310 736 1441 800 Θεὸς
1464 737 1807 807 ὁμολογεῖται

237 828 332 879 καὶ
361 827 660 894 δοξάζεται,
697 831 791 882 καὶ
830 830 918 882 διὰ
947 830 1105 883 τοῦτο
1138 831 1426 895 ζωοποιεῖ,
1465 833 1558 884 καὶ
1586 830 1808 901 Πνεῦμα

238 914 533 978 ζωοποιοῦν
563 920 730 981 ἐστιν,
762 919 838 989 τῷ
860 922 955 991 τῆς
976 921 1222 993 θεότητος
1248 923 1423 994 λόγῳι
1442 922 1562 976 οὔτε
1591 922 1647 975 δὲ
1675 925 1806 993 ἡμῖν

237 1008 380 1060 κατὰ
406 1009 465 1061 τὸ
495 1011 924 1084 συναμφότερον.

305 1181 393 1237 24.
444 1185 686 1240 Ἀπολσῑ.
722 1188 818 1242 Διὰ
847 1189 944 1261 τὴν
974 1191 1168 1244 ἑαυτοῦ
1196 1191 1359 1262 φύσιν
1390 1192 1456 1264 ζῇ
1486 1193 1737 1264 Χριστὸς,
1769 1194 1802 1264 ἢ

232 1268 321 1323 διὰ
347 1274 505 1344 χάριν
537 1275 693 1332 Θεοῦ.
736 1278 797 1330 Εἰ
837 1280 935 1349 μὲν
975 1281 1062 1334 διὰ
1089 1281 1188 1352 τὴν
1220 1281 1411 1335 ἑαυτοῦ
1458 1282 1638 1351 φύσιν,
1672 1284 1804 1345 Θεός

232 1363 412 1415 ἐστιν·
461 1368 508 1418 εί
540 1367 596 1419 δὲ
632 1368 719 1421 διὰ
751 1372 909 1442 χάριν
945 1372 1100 1436 Θεοῦ,
1124 1372 1247 1428 οὔτε
1272 1374 1407 1445 ὑπὲρ
1449 1368 1596 1445 ἡμᾶς
1633 1376 1801 1439 ἐστιν,

229 1451 353 1505 οὔτε
398 1452 720 1529 ζωοποιήσει
748 1464 914 1530 ἡμᾶς.
954 1465 1106 1530 Ὀρθ.
1138 1465 1368 1534 Χριστὸς
1412 1465 1469 1518 ἒν
1513 1467 1801 1538 πρόσωπόν

229 1545 378 1598 ἐστιν
414 1551 663 1604 συντεθὲν
695 1556 758 1606 ὲκ
800 1556 936 1608 Θεοῦ
964 1558 1057 1609 καὶ
1093 1556 1508 1628 ἁνθρωπότητος
1529 1599 1542 1623 ,
1570 1560 1646 1623 ὡς
1693 1563 1801 1625 πᾶς

226 1637 513 1709 ἄνθρωπος
549 1645 575 1696 ὁ
607 1645 782 1709 κοινὸς
810 1649 874 1700 ὲκ
903 1648 1039 1712 gum
1077 1651 1167 1703 καὶ
1194 1649 1430 1714 λογικοῦ.
1463 1653 1571 1704 Καὶ
1592 1652 1678 1706 διὰ
1699 1653 1798 1723 τὴν

226 1731 292 1783 ἐκ
326 1732 536 1804 Πατρὸς
563 1736 724 1802 φύσιν
747 1738 1070 1806 ζωοποιήσει
1099 1743 1266 1812 ἡμᾶς,
1298 1744 1483 1814 ἐπειδὴ
1514 1743 1626 1815 ζωή
1651 1747 1796 1798 ἐστιν

224 1823 588 1889 ὲνυπόστατος
624 1829 973 1900 μορφωθεῖσα
1007 1834 1073 1902 τῇ
1105 1833 1197 1886 τοῦ
1228 1833 1414 1888 δούλου
1447 1840 1649 1909 μορφῇ.

292 2063 383 2118 23.
422 2067 660 2125 Ἀπολλ.
705 2071 769 2123 Εἰ
807 2072 904 2142 μὲν
930 2074 1005 2137 ὡς
1030 2076 1345 2147 προαιρέσει
1370 2078 1608 2143 κάλλιον,
1638 2081 1797 2133 τοῦτο

218 2152 499 2227 δεδύνηται
521 2158 671 2226 πῶς;
708 2163 1033 2234 Προαίρεσις
1063 2167 1172 2237 γὰρ
1198 2167 1486 2240 ἀνθρώπου
1523 2171 1795 2225 δικαιοσύ-

218 2262 320 2315 νην
356 2246 612 2321 ἁληθινὴν
654 2252 716 2304 οὐ
772 2255 1040 2325 κατορθοῖ.
1076 2257 1137 2309 Εἰ
1165 2258 1219 2310 δὲ
1250 2276 1324 2321 ως
1356 2259 1515 2329 φύσει
1567 2262 1792 2327 δίκαιος,

218 2334 354 2397 Θεός
381 2338 560 2390 ἐστιν·
596 2341 644 2392 εὶ
690 2342 748 2393 δὲ
793 2342 870 2406 ὡς
915 2345 1165 2415 ἐνεργείᾳ
1213 2346 1589 2417 δικαιούμενος
1632 2353 1697 2422 τῇ
1733 2352 1796 2404 ἐκ

217 2426 375 2491 Θεοῦ,
405 2428 566 2493 αὐτὸς
595 2430 653 2483 δὲ
679 2432 1056 2504 ἁνενέργητος,
1076 2435 1324 2500 καλλίους
1354 2439 1403 2490 οἱ
1423 2438 1790 2510 ἐνεργοῦντες.

231 2518 384 2586 Ὀρθ.
419 2521 527 2573 Καὶ
565 2522 682 2586 πῶς
709 2525 770 2577 ού
792 2525 1178 2597 κατώρθωσαν.
1199 2528 1543 2601 δικαιοσύνην
1602 2531 1791 2600 ἀληθι-

216 2612 316 2684 νὴν
351 2611 460 2683 (98)
493 2615 542 2666 οξ
567 2617 918 2682 ἀκούσαντες·
954 2638 971 2669 ι
1010 2620 1313 2674 Καθίσεσθε
1373 2623 1471 2677 καὶ
1509 2625 1666 2694 ὑμεῖς
1700 2626 1791 2678 ἐπὶ

214 2702 425 2758 δώδεκα
458 2706 700 2778 θρόνους,
749 2711 1024 2780 κρίνοντες
1077 2714 1174 2777 τὰς
1220 2712 1427 2768 δώδεκα
1468 2716 1638 2784 φυλὰς
1697 2716 1789 2770 τοῦ

231 2795 474 2868 Ἰσραήλ;
505 2817 523 2849 ι
555 2799 671 2863 καὶ,
709 2819 726 2851 ι
770 2801 960 2872 Ὑμεῖς
991 2807 1114 2858 ἐστε
1135 2805 1196 2858 τὸ
1230 2805 1345 2875 φῶς
1367 2807 1460 2860 τοῦ
1488 2808 1725 2878 κόσμους
1768 2829 1785 2860 ι

216 2885 330 2938 Καὶ
377 2888 425 2939 εί
455 2889 824 2959 κατώρθωσαν
852 2891 908 2946 δὲ
943 2892 1290 2965 δικαιοσύνην
1343 2895 1603 2968 ἀληθινὴν
1656 2898 1787 2969 (99),

213 2976 332 3030 ἀλλ’
376 2978 474 3031 οὐκ
517 2981 655 3033 εἰσὶν
708 2982 1170 3057 αὐτοδικαιοσύνη.
1217 2987 1274 3040 Ὁ
1317 2987 1373 3040 δὲ
1430 2988 1560 3054 Θεὸς
1599 2991 1787 3060 Λόγος,

212 3068 657 3143 αὑτοδικαιοσύνη
688 3071 783 3136 ὢν,
816 3076 1026 3148 μορφὴν
1051 3077 1237 3133 δούλου
1269 3080 1467 3145 λαϐὼν,
1516 3101 1533 3134 ι
1575 3085 1790 3152 ἐγένετο

213 3161 346 3230 ἡμῖν
376 3162 710 3236 δικαιοσύνη,
744 3168 837 3220 καὶ
865 3171 1153 3241 ἁγιασμὸς,
1188 3173 1282 3226 καὶ
1326 3175 1738 3247 ἀπολύτρωσις,
1763 3198 1781 3229 ›

224 3252 286 3306 '0
319 3254 395 3307 ὢν
419 3255 754 3329 δικαιοσύνη,
804 3261 1020 3329 ἐγένετο
1051 3264 1363 3337 δικαιοσύνη
1395 3268 1536 3321 κατὰ
1576 3270 1665 3324 τὸν
1691 3273 1788 3341 τῆς

210 3343 632 3417 ἀνθρωπότητος
680 3350 859 3419 λόγον,
899 3352 985 3406 ἵνα
1028 3357 1177 3425 ἡμᾶς
1225 3357 1351 3421 τοὺς
1401 3360 1472 3430 μὴ
1519 3360 1677 3424 ὄντας
1710 3362 1788 3414 δι-

210 3437 526 3509 καιοσύνην,
560 3439 823 3513 δικαιώσῃ
854 3447 918 3514 τῇ
961 3445 1154 3499 ἑαυτοῦ
1198 3449 1399 3519 χάριτι.
1432 3452 1538 3504 Καὶ
1584 3452 1731 3507 ἐστιν
1757 3457 1785 3507 ό

208 3530 370 3592 αὐτὸς
394 3531 524 3595 Θεὸς
547 3534 640 3586 καὶ
676 3534 959 3605 ἄνθρωπος
1009 3536 1083 3610 (Ι)
1111 3556 1123 3569 ·
1157 3540 1234 3602 ὡς
1266 3542 1365 3610 μὲν
1393 3543 1543 3609 Θεὸς,
1584 3545 1785 3600 δικαιο-

208 3619 343 3692 σύνη
373 3620 466 3675 ὧν·
502 3623 576 3688 ὡς
605 3625 659 3677 δὲ
685 3625 988 3697 ἄνθρωπος.
1018 3632 1303 3703 γινόμενος
1336 3635 1671 3710 δικαιοσύνη,
1701 3640 1785 3693 ἵνα

206 3713 467 3785 πληρωθῇ
514 3717 573 3769 τὸ
601 3720 908 3789 εἰρημένονο
953 3742 971 3773 ι
1014 3724 1178 3778 Ὅθεν
1205 3724 1402 3796 ὤφειλε
1439 3731 1582 3784 κατὰ
1606 3733 1782 3786 πάντα

203 3809 322 3870 τοῖς
351 3806 597 3878 ἀδελφοῖς
623 3811 968 3883 ὁμοιωθῆναι.
1017 3834 1036 3867 ι

272 4063 364 4117 26.
409 4066 653 4122 Ἀπολλ.
687 4071 750 4123 Εἰ
786 4072 1200 4142 συμπέπλεκται
1242 4077 1359 4148 Θεῷ
1386 4078 1691 4152 ἄνθρωπος,
1723 4085 1780 4137 ἐν

198 4157 425 4229 Χριστῷ
448 4160 612 4224 αὐτὸς
632 4164 726 4216 καὶ
746 4165 838 4232 ἀφ’
860 4167 1052 4219 ἑαυτοῦ
1086 4170 1412 4239 ἐνομοθέτει,
1433 4172 1464 4241 ἢ
1501 4172 1592 4240 οὗ;
1640 4176 1777 4229 Ἀλλ’

198 4251 252 4302 εἰ
277 4250 377 4320 μὲν
408 4253 499 4321 ἀφ’
535 4254 753 4318 ἑαυτοῦ,
782 4256 913 4321 Θεός
932 4273 946 4285 '
992 4262 1038 4312 εἰ
1065 4259 1121 4313 δὲ
1149 4262 1249 4315 οὐκ
1280 4262 1370 4330 ἀφ’
1399 4265 1621 4329 ἑαυτοῦ,
1662 4268 1778 4332 πῶς

196 4344 300 4397 οὐκ
353 4343 525 4414 ἔλεγε,
561 4365 579 4396 ι
612 4348 747 4400 Τάδε
773 4349 918 4417 λέγει
948 4351 1171 4424 Κύριος,
1201 4374 1217 4405 ι
1242 4355 1380 4424 ἀλλ’,
1414 4376 1431 4406 ι
1459 4358 1600 4426 Ἐγὼ
1632 4358 1776 4429 λέγω

1910 566 2058 613 eum,
2089 560 2359 619 quatenus
2390 551 2609 617 quidem
2650 548 2811 601 homo
2838 555 2944 607 est,
2973 546 3160 600 eadem
3186 555 3346 612 atque
3377 559 3477 596 nas

1911 648 2125 700 natura,
2175 648 2444 708 quatenus
2503 647 2683 694 autem
2738 639 2879 693 Deus
2930 646 3035 700 est,
3081 636 3268 690 eadem
3316 644 3480 702 atque

1912 730 2078 785 Deum
2101 730 2314 785 Patrem
2341 742 2536 784 natura
2561 729 2845 800 praeditum
2870 743 3024 783 esse:
3049 735 3102 782 et
3128 739 3247 796 post
3278 725 3477 779 factam

1911 821 2215 875 unitiouem
2250 821 2393 876 Deus
2439 822 2832 895 declaratur_et
2858 817 3213 889 gloriﬁcatur,
3248 817 3479 883 ideoque

1908 912 2224 970 vivilicare.
2264 919 2319 965 et
2372 913 2637 980 Spiritum
2691 926 2815 965 esse
2852 910 3250 973 viviﬁcantem,
3292 907 3475 961 habita

1906 1000 2124 1055 deitatis
2158 1000 2368 1054 ratione
2396 1017 2409 1053 :
2446 1014 2632 1071 neque
2652 999 2812 1053 nobis
2861 999 3092 1054 similem
3119 1014 3241 1053 esse
3273 998 3477 1053 utrius-

1907 1106 2014 1160 que
2046 1099 2258 1144 natura:
2291 1089 2456 1143 simul
2486 1090 2846 1151 considerata:
2883 1098 3155 1159 respectu.

1975 1177 2066 1231 24.
2096 1178 2275 1246 Apoll.
2310 1178 2419 1231 Aut
2464 1194 2531 1233 ex
2577 1194 2673 1233 sua
2711 1179 2887 1248 ipsius
2927 1189 3120 1232 natura
3159 1178 3288 1231 vivit
3318 1177 3477 1231 Chri—

1906 1275 2046 1330 stus,
2083 1277 2177 1320 aut
2212 1285 2277 1322 ex
2314 1270 2405 1324 Dei
2441 1270 2635 1339 gratia.
2681 1269 2738 1324 Si
2787 1271 3006 1338 quidem
3063 1287 3129 1325 ex
3164 1286 3262 1326 sua
3299 1269 3475 1339 ipsius

1905 1371 2120 1425 natura,
2160 1362 2302 1417 Deus
2351 1369 2472 1416 est:
2527 1362 2613 1427 sin
2652 1377 2780 1415 vero
2817 1378 2881 1416 ex
2924 1362 3015 1417 Dei
3046 1362 3242 1432 gratia,
3297 1376 3476 1429 neque

1904 1468 2069 1521 supra
2096 1470 2194 1507 nos
2214 1454 2438 1514 eminet.
2471 1470 2649 1524 neque
2674 1469 2775 1510 nos
2802 1455 3117 1509 viviﬁcahit.
3144 1452 3477 1509 Gri/LChlfi-

1903 1553 2021 1597 stus
2053 1550 2137 1597 est
2170 1543 2329 1597 unica
2385 1558 2641 1613 persona,
2673 1544 2976 1614 composita
3016 1560 3083 1598 ex
3129 1546 3236 1600 Deo
3275 1553 3330 1599 et
3369 1544 3474 1602 hu-

1903 1653 2065 1690 mana
2094 1647 2314 1700 natura,
2347 1640 2491 1694 sicut
2524 1640 2708 1708 quivis
2735 1640 2895 1693 hon.o
2919 1636 3225 1692 communis
3253 1641 3473 1690 constat

1901 1743 1966 1782 ex
1996 1728 2218 1782 animali
2244 1736 2298 1783 et
2329 1730 2608 1783 rationali.
2656 1728 2846 1797 Itaque
2881 1736 3102 1798 propter
3128 1740 3272 1789 eam,
3305 1736 3470 1790 quam

1831 1798 1870 1852 Β
1900 1830 1930 1866 a
1960 1815 2119 1870 Patre
2171 1819 2352 1884 habet,
2388 1827 2664 1882 naturam,
2699 1819 2995 1872 viviﬁcahit
3038 1832 3165 1896 nos,
3205 1814 3466 1884 quoniam

1897 1921 1981 1963 cst
2009 1910 2115 1962 vita
2138 1911 2193 1963 in
2221 1926 2342 1967 sese
2364 1913 2693 1975 subsistens,
2716 1927 2836 1981 quae
2862 1913 3035 1965 forma
3062 1909 3204 1965 servi
3233 1908 3466 1975 seipsam

1896 2001 2236 2055 informavit.

1966 2093 2133 2164 469
2155 2094 2249 2148 ‘25.
2280 2094 2455 2162 Apoll.
2488 2093 2543 2148 Si
2575 2095 2795 2164 quidem
2826 2095 2873 2147 is
2900 2092 3140 2157 excellit,
3176 2091 3268 2160 qui
3299 2088 3467 2143 animi

1896 2188 2179 2255 proposito
2199 2194 2253 2240 et
2289 2187 2497 2241 delectu
2524 2187 2709 2255 justus
2742 2194 2847 2248 est.
2900 2186 3123 2255 quinam
3183 2183 3234 2237 id
3293 2182 3468 2251 potuit

1895 2277 2099 2331 homo?
2138 2277 2384 2333 lloniinis
2431 2278 2628 2332 etenim
2688 2279 3023 2348 prOpositum
3084 2292 3264 2331 veram
3300 2275 3465 2341 justi-

1895 2370 2026 2424 tiam
2059 2369 2297 2439 perfecte
2331 2384 2436 2422 non
2478 2377 2718 2438 praestat.
2758 2368 2854 2421 Sin
2898 2383 3026 2422 vero
3060 2375 3252 2420 natura
3280 2366 3464 2433 justus

1893 2468 1997 2527 est,
2029 2460 2168 2515 Deus
2193 2468 2273 2515 est
2310 2476 2322 2510 :
2358 2461 2443 2514 sin
2496 2468 2676 2514 autem
2699 2460 3029 2529 justiiicatus
3059 2471 3142 2513 εει
3165 2460 3340 2526 aliqua
3372 2456 3462 2510 Dei

1894 2554 1949 2606 in
1986 2554 2104 2623 ipso
2125 2552 2335 2622 agentis
2365 2553 2705 2618 eiiicacitate,
2732 2552 3078 2621 ipseinterim
3111 2550 3248 2603 niuil
3272 2564 3460 2618 agens.

1892 2643 1985 2713 qui
2023 2644 2239 2712 ipsimet
2284 2652 2472 2711 agunt,
2535 2653 2663 2697 sunt
2702 2657 2766 2697 eo
2827 2643 3258 2713 praestantiores.
3306 2638 3461 2694 Orm.

1892 2732 2117 2801 Iqulti
2154 2733 2425 2801 justitiam
2460 2750 2639 2787 veram
2693 2733 2728 2786 ii
2787 2749 2893 2786 nou
2943 2734 3323 2801 impleverunt,
3366 2731 3459 2801 qui

1891 2822 2184 2876 audierunt
2217 2843 2231 2877 :
2267 2843 2285 2874 ι
2319 2823 2589 2878 Sedebitis
2619 2832 2673 2879 et
2711 2841 2807 2878 vos
2864 2839 3028 2891 super
3071 2823 3230 2876 sedes
3257 2823 3462 2874 duode-

1889 2913 2322 2981 cimjudicantes
2343 2914 2628 2969 duodecim
2666 2915 2842 2967 tribus
2880 2911 3044 2967 Israel
3071 2913 3115 2944 ⁹⁷
3146 2931 3165 2962 ι
3196 2921 3269 2974 et,
3299 2930 3317 2962 ι
3354 2910 3460 2964 Vos

1890 3004 2024 3058 estis
2052 3005 2145 3058 lux
2179 3005 2469 3058 mundi”?
2505 3025 2522 3056 ι
2556 3005 2785 3059 Etiamsi
2815 3012 2997 3057 tamen
3038 3004 3127 3057 isti
3161 3018 3340 3057 veram
3368 3003 3460 3068 ju-

1816 3131 1857 3185 α
1892 3096 2094 3149 stitiam
2126 3097 2649 3166 ilnpleverunttnon
2682 3105 2811 3149 sunt
2846 3104 3025 3149 tamen
3067 3096 3182 3163 ipsa
3224 3094 3455 3162 justitia.

1890 3185 2035 3240 Deus
2069 3195 2248 3240 autem
2277 3185 2537 3251 Verbum,
2563 3186 2657 3256 qui
2692 3187 2810 3255 ipsa
2843 3194 2928 3241 est
2965 3186 3199 3253 justitia,
3235 3193 3458 3253 accepta

1889 3278 2051 3335 servi.
2074 3278 2248 3337 farina
2281 3297 2293 3332 :
2344 3297 2361 3328 ι
2406 3276 2608 3331 Factus
2643 3286 2725 3331 est
2772 3277 3182 3346 nobisjustitia,
3220 3279 3459 3331 sanctiti-

1887 3370 2033 3422 catio
2061 3378 2115 3426 et
2134 3370 2435 3439 redemptio
2466 3370 2532 3421 9°.
2563 3390 2580 3420 ι
2604 3369 2676 3433 is,
2709 3370 2954 3439 inquam,
2976 3370 3068 3438 qui
3099 3369 3314 3438 justitia
3345 3376 3448 3430 est,

1889 3460 2066 3516 factus
2092 3471 2194 3523 est,
2231 3462 2275 3514 si
2302 3462 2594 3517 humanam
2624 3470 2872 3515 naturam
2900 3461 3182 3531 respicias,
3218 3460 3453 3528 justitia,
3517 3463 3520 3466 ’

1888 3561 1944 3602 ut
1967 3568 2063 3606 nos
2093 3552 2185 3620 qui
2209 3552 2424 3619 justitia
2454 3568 2560 3605 non
2588 3568 2829 3618 eramus,
2864 3568 2960 3607 sua
2993 3553 3165 3621 gratia
3186 3551 3456 3619 justilica-

1887 3651 1985 3697 ret.
2027 3642 2228 3712 Estque
2265 3644 2406 3698 idem
2462 3644 2604 3698 Deus
2641 3652 2695 3697 et
2725 3644 2906 3707 homo,
2956 3645 3031 3698 ita
3074 3653 3131 3697 ut
3186 3651 3457 3712 quatenus

1884 3730 2102 3797 quidem
2151 3739 2236 3785 est
2294 3729 2459 3795 Deus,
2510 3732 2580 3785 sit
2623 3731 2858 3800 justitia,
2909 3740 3182 3802 quatenus
3210 3748 3340 3787 vero
3370 3742 3457 3787 est

1884 3818 2070 3878 homo,
2095 3819 2166 3870 sit
2208 3817 2388 3874 factus
2433 3819 2672 3888 justitia.
2711 3832 2768 3875 ut
2816 3821 3135 3891 impleretur.
3160 3823 3307 3892 quod
3366 3825 3452 3878 di-

1882 3920 2028 3961 Clum
2062 3917 2146 3962 est
2178 3925 2191 3960 :
2226 3929 2243 3960 ‹
2286 3909 2438 3971 Unde
2468 3928 2563 3980 per
2586 3913 2769 3966 omnia
2801 3914 2996 3969 similis
3042 3915 3307 3969 iratribus
3336 3915 3453 3971 ﬁeri

1880 3999 2127 4073 debuit‘.
2161 4021 2179 4053 ›

1950 4092 2038 4147 26.
2066 4095 2242 4162 Apoll.
2268 4093 2323 4149 Si
2356 4095 2407 4149 in
2438 4096 2658 4150 Christo
2689 4098 2975 4167 copulatus
2997 4105 3115 4151 erat
3139 4097 3300 4151 homo
3326 4113 3450 4152 cum

1881 4182 2012 4244 Deo,
2056 4187 2198 4255 leges
2229 4187 2342 4255 ipse
2368 4189 2453 4241 vel
2481 4204 2544 4240 ex
2572 4204 2693 4241 sese
2738 4189 2944 4242 lerehat
2975 4191 3056 4242 vel
3080 4205 3185 4242 non
3223 4189 3447 4244 ferebat.

1879 4275 2035 4342 Quod
2064 4279 2107 4332 si
2140 4295 2202 4331 ex
2235 4295 2355 4333 sese
2377 4279 2600 4343 ferebat,
2628 4280 2768 4334 Deus
2799 4288 2934 4333 erat.
2970 4278 3064 4333 Sin
3100 4296 3226 4333 vero
3253 4296 3360 4339 non
3383 4296 3450 4334 ex

1879 4387 2019 4431 sese,
2047 4373 2317 4440 quomodo
2341 4388 2445 4425 non
2478 4373 2677 4435 aiebat,
2708 4391 2725 4423 ‹
2766 4372 2892 4427 Haec
2920 4374 3052 4426 dicit
3104 4371 3388 4434 Dominus,
3424 4393 3442 4424 ο

195 4434 362 4504 ὑμίν”;
402 4455 420 4487 ο
448 4437 564 4501 πῶς
601 4438 663 4499 δὲ,
690 4441 789 4493 οὐκ
814 4437 883 4512 ἦν
914 4445 1418 4515 κεχωρισμένοςτοῦ
1451 4448 1698 4518 λέγοντος
1745 4456 1772 4505 ὀ

1895 4463 1966 4516 ‘ed
2003 4482 2019 4513 ι
2051 4465 2159 4533 Ego
2182 4464 2304 4516 dico
2336 4465 2508 4523 vobis,
2537 4484 2554 4516 ι
2577 4474 2630 4519 et
2649 4466 2925 4534 quomodo
2954 4465 3045 4534 qui
3072 4465 3185 4520 hinc
3219 4480 3326 4523 non
3359 4465 3447 4517 di-

197 4525 276 4597 μὴ
317 4525 525 4594 λέγων;
555 4530 710 4596 Ὄρθ.
741 4531 803 4583 ΕΞ
838 4532 935 4602 μὲν
958 4533 1084 4586 ἄλλο
1118 4536 1407 4607 πρόσωπόν
1427 4541 1572 4594 ἐστιν
1593 4544 1621 4595 ὁ
1644 4545 1778 4616 Χρι-

194 4618 342 4681 στὸς,
371 4620 429 4670 οὐ
465 4620 877 4689 συμπέπλεκται
904 4622 1042 4695 Θεῷ,
1064 4625 1355 4697 ἠρώτηκας
1377 4631 1772 4701 ἁνακολούθως·

191 4712 244 4763 εί
268 4710 325 4762 δὲ
356 4710 517 4774 αὐτὸς
538 4714 566 4764 ὁ
592 4714 826 4783 Χριστός
849 4715 964 4767 ἐστι
996 4717 1127 4779 Θεὸς
1162 4719 1258 4772 καὶ
1292 4720 1595 4792 ἄνθρωπος,
1629 4727 1710 4790 τίς
1740 4731 1771 4799 ἡ

190 4803 482 4873 περισσεία
512 4802 605 4856 τοῦ
637 4806 837 4876 μόχθου
882 4808 980 4878 τῆς
1026 4812 1383 4881 ἐρωτήσεως;
1432 4817 1684 4872 moues
1712 4822 1772 4873 τὸ

192 4892 611 4962 συμπέπλεκται
649 4895 850 4959 λαϐὼν,
900 4897 1211 4968 ἠρώτησας,
1235 4903 1485 4972 μηδαμοῦ
1514 4908 1610 4977 τῆς
1627 4910 1770 4979 Γρα-

190 4986 300 5055 φῆς
330 4984 555 5056 οὖτω(2ὶ
572 4986 835 5057 λεγούσης
857 5006 880 5053 ;
898 4990 1011 5043 Κᾶν
1036 5008 1092 5043 τε
1117 4991 1193 5054 δὲ,
1218 4994 1658 5064 Συμπέπλεκται,
1683 5002 1771 5054 θέ-

187 5074 291 5146 λης
304 5075 500 5145 λέγειν,
524 5077 625 5131 κᾶν
647 5096 723 5142 τε,
753 5080 875 5150 ὁ)ςὴ
897 5082 935 5131 Γ
939 5082 1087 5153 pagi;
1101 5079 1276 5148 εἶπεν,
1298 5087 1546 5154 Ἔλαϐεν,
1568 5092 1667 5144 κᾶν
1684 5112 1763 5157 τε,

201 5168 469 5237 Ἐγένετο,
517 5171 647 5234 Θεός
700 5173 815 5225 ἐστι
859 5174 1053 5241 Λόγος,
1081 5178 1294 5248 μορφὴν
1343 5179 1526 5234 δούλου
1558 5182 1758 5249 λαϐὼν,

186 5260 424 5331 Χριστὸς
476 5263 894 5334 ὀνομαζόμενος,
938 5269 1032 5319 καὶ
1064 5267 1162 5335 ὢν,
1193 5274 1287 5328 καὶ
1330 5275 1719 5346 πιστευόμενος
1745 5297 1757 5309 ο

258 5460 304 5493 ’⁷
346 5462 535 5518 Matth.
572 5480 695 5529 xux,
731 5465 801 5519 28
897 5468 943 5499 ⁸⁸
982 5467 1170 5525 Matth.
1209 5487 1260 5535 ν,
1302 5473 1388 5529 Η.

409 5674 794 5755 ξςατώρθςοσαν
827 5678 1141 5755 προαίρεσιν
1171 5681 1446 5755 ἀληθινήν,
1475 5705 1605 5743 mss.

257 5739 370 5814 (99)
398 5742 463 5795 Δὲ
498 5739 811 5817 προαίρεσιν
833 5739 1108 5821 ἀληθινήν,
1142 5739 1270 5808 mss:

1463 5476 1508 5507 ⁹⁹
1548 5477 1567 5532 l
1600 5478 1724 5534 Cor.
1767 5497 1816 5543 I,
1850 5483 1937 5537 30,

1877 4555 2053 4618 cchat,
2087 4572 2194 4607 non
2219 4564 2335 4609 erat
2361 4557 2431 4613 ah
2456 4571 2542 4617 eo.
2572 4556 2663 4625 qui
2690 4557 2904 4610 dicebat
2936 4557 3257 4625 sejunctus?
3292 4555 3443 4610 Ortla.

1881 4647 2162 4724 Siquidem
2185 4649 2440 4704 Christus
2470 4650 2574 4707 alia
2599 4658 2682 4705 est
2712 4665 2965 4719 persona,
3003 4667 3109 4703 non
3158 4650 3449 4719 copulatur

1875 4754 1999 4792 cum
2038 4739 2168 4803 Deo,
2202 4741 2304 4794 hoc
2329 4741 2507 4810 inepte
2565 4742 2888 4810 quaasivisti.
2952 4740 3046 4796 Sin
3093 4750 3271 4795 autem
3331 4741 3446 4809 ipse

1874 4831 2131 4885 Christus
2161 4838 2244 4885 cst
2296 4830 2437 4886 Deus
2490 4843 2547 4886 et
2581 4833 2763 4894 homo,
2803 4848 3067 4902 quorsum
3118 4847 3446 4901 supervaca-

1879 4938 2017 4977 neus
2048 4922 2151 4976 iste
2184 4923 2630 4993 interrogationis
2682 4925 2871 4977 labor?
2912 4903 3063 4979 Unde
3112 4940 3241 4978 vero
3273 4925 3440 4986 istud,

1876 5014 2165 5082 copulatus
2187 5022 2292 5075 est,
2342 5016 2618 5083 usui-pasti
2674 5015 3079 5093 interrogando,
3109 5030 3233 5068 cum
3294 5012 3442 5068 Scri-

1874 5111 2033 5171 ptura
2066 5104 2289 5156 minime
2321 5104 2401 5156 sic
2433 5105 2719 5172 loquatur?
2751 5103 2875 5158 Sive
2927 5114 3108 5158 autem
3147 5105 3312 5166 istud,
3347 5118 3442 5156 co-

1874 5196 2093 5264 pulatus
2116 5202 2220 5256 est,
2260 5211 2525 5263 usurpare
2548 5198 2742 5264 placet,
2771 5198 2904 5259 sive,
2939 5207 2996 5249 ut
3043 5196 3322 5266 Scriptura
3355 5196 3440 5248 in-

1868 5286 2006 5355 quit,
2060 5285 2244 5340 uicere
2304 5288 2482 5350 malis,
2522 5288 2985 5357 Assumpsit,aut,
3039 5287 3265 5342 Factum
3325 5297 3443 5355 est.

2019 5484 2031 5513 ι
2079 5482 2237 5536 nam.
2279 5499 2352 5549 ις,
2394 5483 2478 5536 n.

1943 5691 2018 5749 (li
2055 5689 2248 5751 Palat.,
2281 5689 2374 5761 καὶ
2402 5690 2683 5761 ἄνθρωπος
2718 5688 2912 5761 ὤφειλε
2947 5695 3084 5749 κατέι
3120 5695 3321 5757 πάντα.

1938 5761 2010 5829 (‘2)
2044 5761 2237 5829 l'afat.,
2272 5759 2427 5814 τοῦτο
2467 5759 2516 5815 λζ
