3850 6226
420 322 575 404 ⁸ιιιτιι

1597 323 1657 379 S.
1697 321 2165 378 ATllANASlUS.
2198 350 2269 361 —
2301 320 2576 377 SPURIA.

3556 318 3701 375 {230

420 437 579 498 [Deus
605 432 843 491 Verbum
894 433 944 489 is
972 440 1057 489 est
1102 432 1197 505 qui
1228 432 1371 490 servi
1412 432 1643 488 formam
1684 435 2005 506 assumpsit,

2124 434 2208 486 ιιαὶ
2229 433 2515 504 χριόμενος
2535 433 2633 505 μὲν
2646 432 2721 497 ὼς
2736 431 2832 487 ἄνθ
2839 450 3022 504 ρωπος
3041 432 3119 503 τῷ
3134 432 3273 486 Πνεύ
3283 450 3411 503 ματι
3442 432 3522 505 τῷ
3534 435 3693 508 ἁγίῳ·

436 531 529 600 qui
554 528 803 583 Christus
836 533 1209 595 nuncupatur,
1239 534 1345 588 est,
1377 534 1432 580 et
1463 527 1709 581 creditur
1749 546 1762 583 :
1806 536 2011 583 unctus

436 618 654 688 quidem
692 616 898 681 Spiritu
931 622 1148 677 sancto,
1192 624 1466 684 quatenus
1501 616 1663 670 homo
1709 626 1797 672 est
1830 633 1844 682 ;
1874 633 2013 688 qua—

437 718 599 763 tenus
637 716 818 762 autem
851 704 993 759 Deus
1022 713 1127 767 est,
1159 703 1407 759 eumdem
1436 705 1505 761 iis
1533 705 1628 775 qui
1677 705 1831 775 digni
1884 714 2014 762 sunt

439 804 659 873 praebet.
709 799 787 854 Ita
843 801 1007 855 etiam
1055 799 1199 855 Deus
1248 800 1393 869 leges
1432 801 1604 870 ponit,
1642 808 1696 855 et
1741 808 2013 871 quatenus

437 899 603 953 homo
638 904 723 952 est
769 895 826 949 lit
851 894 954 964 legi
985 892 1276 949 obnoxius.
1304 891 1538 963 Ideoque
1560 908 1671 948 non
1702 893 1857 957 dicit,
1887 892 2015 949 Haec

436 988 573 1043 dicit
601 986 889 1051 Dominus,
922 984 1185 1055 quoniam
1214 985 1329 1054 ipse
1349 1000 1459 1039 non
1484 993 1571 1040 est
1632 985 1796 1039 homo
1844 987 2017 1056 parti-

437 1096 567 1152 ceps
594 1079 836 1143 deitatis,
871 1077 968 1134 sed
1000 1076 1142 1132 Deus
1166 1078 1441 1147 particeps
1490 1077 1676 1134 carnis
1704 1085 1757 1132 et
1791 1077 2017 1149 sangui-

435 1171 544 1237 nis,
570 1169 623 1224 id
652 1178 737 1226 est
765 1170 1016 1223 humanae
1044 1176 1271 1226 naturae.
1316 1167 1455 1222 Nam
1501 1167 1787 1238 Scriptura
1840 1167 2017 1223 homi-

437 1278 561 1319 nem
595 1269 757 1319 vocat
783 1277 1005 1317 carnem
1029 1268 1085 1316 et
1112 1262 1458 1332 sanguinem,
1486 1269 1687 1316 utcum
1717 1260 1851 1316 dicit
1871 1260 2017 1316 Pau-

436 1353 527 1409 lus
566 1370 580 1406 :
632 1373 651 1404 ι
691 1350 812 1406 Non
850 1352 1059 1407 contuli
1094 1367 1219 1405 cum
1242 1366 1408 1406 carne
1437 1360 1490 1406 et
1516 1351 1847 1423 sanguine’.
1891 1370 1912 1405 ι
1949 1349 2017 1405 Et

435 1447 581 1502 sicut
615 1443 780 1499 homo
811 1448 876 1499 ex
903 1443 1125 1498 animali
1150 1451 1205 1498 et
1231 1442 1490 1498 rationali
1516 1444 1877 1513 compositus,
1906 1457 2016 1499 una

438 1542 523 1592 est
555 1549 787 1606 persona
815 1552 829 1590 :
868 1535 943 1588 ita
972 1533 1139 1587 etiam
1169 1548 1278 1588 una
1300 1547 1536 1603 persona
1558 1547 1626 1588 ex
1644 1531 1754 1587 Deo
1767 1540 1821 1588 et
1842 1532 2016 1588 forma

437 1622 583 1677 servi
618 1620 838 1677 exsistit
866 1639 879 1675 :
910 1620 1141 1691 ideoque
1175 1636 1284 1676 non
1318 1620 1451 1676 dicit
1484 1660 1500 1684 ,
1538 1638 1559 1671 ι
1600 1619 1726 1676 Haec
1754 1620 1889 1676 dicit
1911 1620 2017 1676 Do-

438 1715 647 1776 minus,
690 1732 709 1765 ι
749 1712 844 1767 sed
885 1730 904 1764 ι
935 1711 1049 1782 Ego
1089 1712 1214 1766 dico
1243 1713 1440 1767 vobis'
1472 1731 1486 1767 :
1527 1732 1546 1765 ι
1583 1720 1639 1767 et
1672 1730 1692 1763 ι
1731 1711 1843 1783 Ego
1892 1727 2014 1767 sunt

437 1805 551 1857 vita
579 1812 634 1858 et
655 1806 859 1859 veritas
881 1802 923 1856 ⁸.
962 1822 982 1855 ι
1012 1802 1201 1874 Itaque
1227 1804 1394 1858 veluti
1419 1803 1466 1857 si
1498 1819 1625 1874 pars
1652 1782 1940 1860 rationalis
1959 1806 2014 1859 in
2045 1782 2088 1837 Β

438 1894 604 1949 nobis
648 1894 816 1962 dicat,
852 1893 964 1965 Ego
1003 1910 1124 1950 sum
1159 1893 1226 1948 ad
1263 1894 1552 1965 imaginem
1587 1895 1681 1951 Dei
1712 1895 1911 1959 factus,
1940 1896 2015 1950 ita

439 1993 813 2055 comparatus,
852 1994 911 2039 ut
963 1986 1186 2042 interire
1239 2002 1349 2041 non
1395 1988 1626 2058 possim,
1684 2003 2018 2059 rursumque

440 2088 572 2144 pars
596 2076 690 2130 illa
723 2076 1011 2133 rationalis
1039 2077 1207 2142 dtcat,
1252 2076 1365 2149 Ego
1395 2093 1517 2133 sum
1561 2086 1709 2133 terra
1742 2088 1798 2135 et
1838 2080 2021 2149 cinis;

437 2183 550 2222 non
589 2168 834 2239 loquitur
861 2169 1021 2224 modo
1055 2169 1279 2231 animal.
1310 2170 1474 2225 modo
1505 2170 1559 2224 id
1603 2170 1751 2240 quod
1800 2172 2019 2228 ratioci-

437 2268 640 2324 natur;
677 2259 772 2315 sed
800 2260 1038 2330 idipsum
1070 2263 1359 2326 rationale,
1392 2261 1556 2318 modo
1577 2278 1701 2333 quae
1750 2263 1856 2320 sibi
1887 2279 2018 2335 pro-

436 2352 558 2422 pria
591 2359 742 2415 sunt,
779 2352 944 2408 modo
984 2369 1106 2424 qua:
1143 2354 1369 2410 animali
1427 2356 1787 2420 conveniunt,
1839 2356 2019 2427 loqui-

438 2449 529 2496 tur
564 2462 577 2498 :
618 2442 690 2497 ita
721 2443 890 2499 homo
919 2452 975 2500 et
1021 2444 1166 2501 Deus
1195 2444 1461 2511 Verbum,
1521 2448 1685 2502 unica
1732 2461 1829 2518 per
1860 2448 2020 2502 unio-

438 2548 566 2588 nem
616 2533 890 2590 exsistens
920 2550 1175 2605 persona,
1228 2550 1351 2591 cum
1381 2536 1459 2590 ait
1490 2577 1507 2601 ,
1549 2555 1569 2588 ι
1599 2536 1705 2604 Qui
1743 2537 1882 2592 vidit
1912 2553 2016 2604 me,

437 2624 575 2678 vidit
602 2622 817 2680 Patrem
849 2645 869 2677 ι
902 2626 947 2690 ⁸,
1001 2625 1274 2705 signiﬁcat
1300 2642 1415 2683 suae
1442 2627 1664 2683 deitatis
1685 2628 2022 2698 contempla-

440 2716 665 2770 tionem.
712 2715 824 2772 Ncc
875 2717 1022 2773 enim
1074 2718 1327 2789 quisquis
1355 2734 1577 2775 carnem
1608 2720 1765 2784 vidit,
1801 2721 2017 2777 Patrem

438 2806 577 2859 vidit
600 2824 611 2857 :
639 2806 727 2861 sin
760 2806 965 2874 minus,
988 2815 1043 2861 et
1071 2806 1327 2874 Pontius,
1353 2817 1409 2865 ct
1432 2809 1700 2876 Herodes,
1725 2818 1782 2865 et
1806 2812 1899 2881 qui
1929 2827 2029 2867 σοο-

440 2896 635 2966 laphos
663 2897 714 2951 ei
742 2897 1110 2969 impv'gerunt,
1145 2908 1201 2955 et
1229 2901 1321 2971 qui
1358 2902 1529 2958 clavis
1562 2906 1741 2973 ipsum
1779 2903 2022 2959 conﬁxe-

442 2993 574 3038 runt
595 2985 908 3051 carniﬁces,
966 2990 1406 3059 comperirentur
1439 2992 1659 3046 Patrem
1691 2992 1923 3048 vidisse.
1957 2992 2023 3047 Et

2112 526 2190 590 ὡς
2204 525 2261 579 δέ
2276 525 2428 590 Θεὸς,
2446 526 2700 597 παρέχων
2718 527 2879 591 αὐτὸς
2896 529 3010 590 τοῖς
3034 525 3222 591 ἀξίοις.
3242 525 3400 581 Οὕτω
3412 528 3511 582 καὶ
3526 529 3700 593 ὁΘεὺς

2112 615 2416 683 νομοθετεῖ,
2442 618 2535 670 καὶ
2554 617 2633 681 ὡς
2663 616 2951 689 ἄνθρωπος
2974 618 3080 671 ὑπὸ
3122 618 3287 688 νόμον
3334 620 3573 688 γίνεται,
3605 621 3696 674 καὶ

2112 707 2204 762 διὰ
2231 708 2388 763 τοῦτο
2424 709 2485 762 οὐ
2524 709 2693 779 λέγει.
2730 709 2871 764 Τάδε
2922 709 3073 779 λέγει
3109 711 3336 783 Κύριος,
3375 712 3568 784 ἐπειδὴ
3601 713 3696 766 οὐκ

2114 797 2402 869 ἄνθρωπός
2441 802 2556 852 ἐστι
2598 798 2884 869 μετασχὼν
2906 799 3184 869 θεότητος,
3216 801 3354 854 ἀλλὰ
3373 802 3509 865 Θεὸς
3543 820 3697 874 μετα-

2114 888 2259 960 σχὼν
2275 891 2505 961 αἵματος
2528 891 2620 944 καὶ
2642 890 2866 962 σαρκὸς,
2882 891 3159 945 τουτέστιν
3176 891 3624 965 ἀνθρωπότητος.
3639 894 3696 947 Ἡ

2114 980 2305 1052 Γραφὴ
2334 980 2442 1053 γὰρ
2470 978 2559 1035 τδν
2596 980 2881 1054 ἄνθρωπον
2910 983 3089 1054 σάρκα
3116 983 3210 1036 καὶ
3233 978 3376 1055 αἷμα
3410 985 3596 1047 καλεῖ,
3629 985 3698 1049 ὡς

2114 1072 2244 1125 ὅταν
2268 1073 2401 1144 λέγῃ
2440 1072 2652 1138 Παῦλος
2669 1090 2684 1104 ·
2718 1093 2738 1125 ι
2780 1074 2856 1127 Οὐ
2885 1075 3298 1147 προσανεθέμην
3320 1077 3487 1147 σαρκὶ
3504 1078 3606 1131 καὶ
3623 1078 3701 1131 αῖ-

2118 1179 2278 1233 ματι·
2312 1182 2331 1214 ι
2358 1164 2451 1218 καὶ
2482 1163 2670 1239 ὥσπερ
2702 1164 2761 1217 ἓν
2792 1166 2907 1219 ἐστι
2932 1165 3222 1235 πρόσωπον
3245 1168 3275 1219 6
3295 1166 3610 1239 ἄνθρωπος,
3641 1170 3701 1221 ἐκ

2115 1252 2257 1318 ζώου
2275 1254 2367 1309 καὶ
2383 1254 2601 1323 λογικοῦ
2636 1255 2993 1326 συγκείμενος
3007 1272 3021 1286 ·
3045 1255 3186 1308 οὕτω
3203 1256 3298 1309 καὶ
3317 1255 3376 1309 ἓν
3406 1257 3702 1327 πρόσωπον

2114 1351 2350 1421 Χριστὸς
2382 1353 2446 1405 ἐκ
2472 1350 2609 1406 Θεοῦ
2633 1351 2727 1404 καὶ
2767 1350 2986 1423 μορφῆς
3020 1350 3271 1423 δουλικῆς
3304 1351 3593 1422 ὑπάρχων,
3613 1350 3705 1405 καὶ

2115 1442 2204 1495 διὰ
2245 1441 2403 1496 τοῦτο
2446 1442 2507 1494 οὐ
2546 1440 2730 1510 λέγει,
2791 1458 2811 1492 ι
2872 1440 3009 1494 Τάδε
3048 1440 3199 1507 λέγει
3249 1440 3476 1512 Κύριος.
3502 1459 3522 1491 ι
3564 1439 3701 1502 ἀλλ’,

2122 1533 2295 1602 ιἘγὼ
2321 1533 2466 1602 λέγω
2497 1534 2657 1599 ὑμῖν·
2683 1551 2703 1586 ι
2725 1532 2870 1598 καὶ,ι
2894 1530 3223 1604 Ἐγώεῐμιή
3254 1532 3367 1604 ζωὴ
3387 1532 3484 1585 καὶ
3512 1535 3549 1603 ἠ
3574 1532 3707 1605 ἀλή-

2117 1624 2260 1679 θεια.
2299 1644 2318 1676 ι
2364 1624 2451 1688 Ὠς
2488 1618 2581 1677 οὖν
2635 1621 2710 1695 (3)
2737 1621 2833 1677 ἐὰν
2885 1621 3021 1693 λέγῃ
3060 1623 3122 1675 τὸ
3158 1625 3216 1676 ἐν
3256 1624 3388 1693 ἡμῖν
3435 1621 3657 1690 λογικόν
3682 1640 3698 1654 ο

2118 1714 2261 1784 Ἐγὼ
2291 1716 2408 1785 ειμι
2444 1715 2474 1767 6
2497 1716 2617 1768 κατ’
2671 1714 2857 1768 εἰκόνα
2912 1712 3049 1767 Θεοῦ
3106 1712 3365 1782 γεγονὼς,
3419 1713 3705 1785 ἄφθαρτος

2116 1803 2617 1875 κατεσκευασμένος
2636 1819 2649 1834 ·
2691 1803 2786 1857 καὶ
2818 1802 2977 1857 πάλιν
2994 1802 3057 1856 τὸ
3096 1802 3229 1857 αὐτὸ
3264 1802 3511 1871 λογικόν·
3563 1803 3709 1873 Ἐγὼ

2117 1900 2234 1969 εἰμι
2262 1896 2336 1967 γῆ
2366 1896 2462 1950 καὶ
2495 1894 2706 1958 σποδόςο
2736 1895 2796 1947 οὐ
2819 1893 2952 1947 ποτὲ
2988 1894 3048 1947 τὸ
3077 1891 3215 1957 ζῶον
3243 1892 3413 1956 λαλεῖ,
3433 1892 3532 1946 καὶ
3576 1894 3710 1947 ποτὲ

2114 1983 2177 2036 τὸ
2208 1982 2446 2051 λογικόν·
2467 1980 2583 2035 ἀλλ’
2610 1980 2742 2034 αὐτὸ
2767 1980 2828 2034 τὸ
2858 1980 3099 2050 λογικὸν,
3128 1980 3259 2034 ποτὲ
3281 1981 3348 2033 τὰ
3370 1981 3570 2034 ἑαυτοῦ
3601 1982 3710 2035 ἴδια

2116 2070 2285 2140 λέγει,
2320 2071 2415 2125 καὶ
2448 2070 2579 2124 ποτέ
2601 2070 2669 2123 τά
2708 2069 2804 2123 τοῦ
2839 2068 3012 2134 ζὼου·
3043 2068 3220 2133 οὕτως
3254 2069 3315 2135 ἐξ
3367 2070 3623 2133 ἐνώσεως
3651 2069 3710 2121 ἓν

2117 2164 2408 2235 πρόσωπον
2442 2161 2519 2215 ὢν
2547 2164 2576 2216 6
2600 2162 2885 2233 ἄνθρωπος
2921 2163 3017 2215 καὶ
3036 2161 3170 2224 Θεὸς
3189 2162 3379 2230 Λόγος,
3408 2162 3501 2215 ὅτε
3533 2161 3707 2231 λέγει,

2122 2273 2142 2306 ι
2164 2255 2223 2307 ⁸0
2246 2253 2507 2326 ἑωρακὼς
2535 2255 2661 2325 ἐμὲ,
2692 2252 2907 2325 ἑώρακε
2946 2252 3039 2306 τὸν
3076 2252 3319 2324 Πατέρα,
3362 2272 3379 2303 ι
3410 2250 3516 2322 τὴν
3569 2251 3711 2306 θεω-

2119 2345 2241 2416 ρίαν
2263 2346 2362 2417 τῆς
2390 2345 2524 2408 ιδίας
2544 2344 2799 2415 θεότητος
2827 2343 2997 2413 λέγει.
3027 2344 3102 2396 υῦ
3124 2342 3233 2414 γὰρ
3257 2344 3286 2395 6
3314 2341 3584 2410 ἑωρακὼς
3610 2343 3711 2413 τήν

2120 2436 2320 2508 σάρκα,
2356 2434 2567 2508 ἑώρακε
2600 2435 2690 2489 τὸν
2723 2434 2976 2506 Πατέρα’
3021 2436 3069 2488 ει
3102 2433 3159 2487 δὲ
3201 2433 3296 2505 μὴ,
3322 2434 3418 2487 καὶ
3456 2433 3707 2499 Πόντιίς,

2118 2528 2214 2580 καὶ
2247 2525 2515 2598 Ἡρώδης,
2544 2526 2636 2579 καὶ
2660 2527 2711 2579 οἱ
2742 2525 3094 2597 ραπίσαντες,
3120 2526 3214 2578 καὶ
3233 2526 3281 2577 οἱ
3312 2522 3714 2596 προσηλώσαν-

2116 2635 2210 2681 τες
2238 2617 2444 2688 δήμιοι,
2477 2616 2863 2689 εὑρεθήσονται
2886 2617 3192 2690 ἑωρακότες
3214 2615 3305 2669 τὸν
3324 2616 3571 2687 Πατέρα.
3602 2615 3714 2668 Καὶ

2118 2711 2245 2764 ὅταν
2266 2709 2421 2782 λέγῃ,
2454 2708 2588 2762 «Τὸν
2612 2708 2781 2763 νῶτόν
2817 2726 2915 2781 μου
2950 2708 3158 2762 δέδωκα
3180 2710 3262 2771 εἰς
3291 2708 3622 2779 μάστιγας,ι
3651 2708 3712 2759 οὐ

2119 2802 2216 2871 τῆς
2272 2799 2526 2872 θεότητος
2583 2799 2732 2869 λέγει
2777 2799 2979 2853 νῶτοψ
3035 2798 3143 2852 οὐδ’
3193 2799 3322 2852 ὅταν
3359 2797 3499 2870 λέγῃ
3526 2814 3545 2827 ο
3583 2798 3713 2860 Πῶς

2119 2890 2228 2963 γὰρ
2249 2891 2347 2962 τῆς
2380 2890 2631 2963 θεότητος
2660 2891 2837 2962 ήψατό
2873 2907 2989 2957 τις;
3041 2889 3179 2944 ἀλλὰ
3229 2888 3324 2942 τοῦ
3378 2888 3641 2958 σώματος
3684 2890 3716 2942 6

2124 2983 2403 3055 ἁψάμενος
2437 2984 2575 3054 μετὰ
2612 2982 2870 3047 πίστεως,
2926 2983 3022 3037 τοῦ
3063 2983 3481 3055 συναμφοτέρου
3512 2984 3712 3053 ἥψατο,

440 3092 565 3131 cum
587 3077 783 3148 inquit,
821 3098 839 3129 ι
873 3077 1106 3134 Dorsum
1132 3096 1313 3135 meum
1338 3081 1524 3151 ﬂagris
1556 3083 1824 3152 praebui“,
1864 3102 1883 3134 ι
1911 3098 2019 3137 non

2124 3078 2191 3147 τῇ
2229 3077 2326 3146 μὲν
2342 3075 2487 3148 χειρὶ
2510 3075 2587 3144 (4)
2605 3074 2699 3129 τοῦ
2725 3074 2995 3147 σώματος,
3026 3079 3094 3148 τῇ
3131 3075 3188 3129 δὲ
3220 3073 3402 3129 πίστει
3464 3075 3569 3147 τῆς
3597 3075 3717 3129 θεό-

442 3166 713 3237 signiﬁcat
740 3167 962 3225 deitatis
990 3169 1216 3225 dorsum
1248 3191 1262 3227 :
1289 3188 1465 3242 neque
1511 3187 1637 3226 cum
1674 3174 1790 3237 ait,
1840 3192 1859 3225 ι
1902 3175 2021 3227 Ali-

442 3259 569 3328 quis
601 3273 687 3314 me
711 3260 934 3330 tetigit"
965 3298 982 3325 ,
1028 3279 1047 3313 ι
1083 3261 1307 3318 deitatis
1334 3272 1650 3318 contactum
1703 3264 1857 3320 dicit.
1917 3265 2022 3332 Qui

442 3350 588 3405 enim
623 3349 881 3405 deitatem
903 3353 1198 3423 contigerit
1243 3353 1556 3425 quispiam?
1616 3353 1723 3410 Sed
1779 3355 1871 3425 qui
1921 3356 2025 3411 lide

444 3441 709 3511 praeditus
742 3458 945 3514 corpus
984 3443 1117 3499 illud
1164 3445 1438 3517 tetigerat,
1488 3456 1784 3516 utrumque
1834 3446 2026 3515 tetige-

446 3539 552 3597 rat,
579 3548 743 3588 manu
763 3535 984 3603 quidem
1012 3551 1234 3606 corpus,
1271 3536 1376 3591 lide
1392 3552 1523 3592 vero
1547 3538 1828 3599 deitatem,
1852 3552 2026 3606 quan-

444 3623 741 3693 doquidem
776 3633 1069 3697 utrumque
1110 3629 1271 3682 unica
1309 3638 1395 3685 est
1436 3643 1690 3699 persona,
1722 3628 1977 3685 Christus
2008 3670 2025 3695 ,

449 3734 472 3766 ι
510 3713 709 3771 Omnia
766 3715 945 3773 factus
998 3719 1275 3785 omnibus,
1335 3728 1395 3774 ut
1443 3718 1688 3773 omnium
1739 3719 2027 3774 miserere—

448 3814 538 3857 lur
566 3804 609 3859 ⁸.
653 3823 673 3857 ι
711 3803 897 3876 Itaque
924 3821 1035 3860 non
1069 3806 1312 3876 loquitur
1335 3805 1611 3861 interdum
1650 3805 1810 3864 Deus.
1853 3804 2026 3858 inter-

2128 3183 2307 3235 τητος,
2349 3165 2535 3237 ἐπειδὴ
2575 3166 2636 3219 τὸ
2684 3166 3093 3237 συναμφότερον
3116 3166 3176 3220 ἓν
3204 3168 3323 3219 ἐστι
3356 3167 3659 3238 πρόσωπον
3685 3170 3718 3220 6

2130 3257 2383 3327 Χριστὸς,
2415 3277 2433 3308 ι
2468 3257 2497 3309 6
2540 3257 2714 3311 πάντα
2743 3259 2876 3311 πᾶσι
2901 3257 3204 3328 γινόμενος,
3240 3257 3328 3311 ἵνα
3350 3259 3483 3323 τοὺς
3505 3258 3718 3322 πάντας

2131 3348 2347 3421 ἐλεήσῃ.
2396 3368 2415 3402 ι
2448 3351 2610 3403 ’Ὥστε
2645 3351 2705 3404 οὐ
2749 3351 2881 3404 ποτὲ
2928 3351 3027 3422 μὲν
3052 3352 3082 3403 6
3114 3350 3247 3415 Θεὸς
3282 3351 3457 3416 λαλεῖ,
3494 3353 3630 3405 ποτε
3659 3351 3719 3405 δὲ

2131 3440 2415 3512 ἄνθρωπος
2433 3456 2445 3469 ·
2482 3441 2799 3514 ἐπειδήπερ,
2833 3441 2909 3505 ὼς
2931 3443 3274 3515 προείρηται.
3304 3443 3427 3497 οὐδὲ
3455 3446 3592 3499 ποτέ
3619 3443 3721 3517 μὲν

2130 3531 2191 3583 τὸ
2218 3529 2357 3594 ζῶον
2378 3531 2527 3584 λαλεῖ
2563 3531 2967 3605 κεχωρισμένον
2989 3532 3084 3586 τοῦ
3111 3532 3356 3602 λογικοῦ,
3385 3536 3520 3588 ποτὲ
3565 3535 3625 3589 δὲ
3658 3536 3723 3589 τὸ

2130 3620 2346 3691 λογικὸν
2368 3625 2775 3695 κεχωρισμένον
2802 3624 2896 3678 τοῦ
2923 3623 3063 3689 ζώου
3085 3642 3099 3656 ·
3137 3626 3273 3679 ἀλλὰ
3291 3627 3352 3680 τὸ
3387 3628 3616 3696 λογικὸν
3662 3630 3724 3682 ἐν

2131 3713 2211 3783 τῷ
2237 3712 2382 3785 ζὼῳ,
2416 3716 2509 3768 καὶ
2539 3714 2628 3768 διὰ
2652 3715 2746 3769 τοῦ
2779 3716 2920 3781 ζώου
2949 3716 3101 3770 λαλεῖ
3121 3733 3135 3747 ⁸
3161 3720 3226 3771 ἐκ
3257 3719 3614 3791 παραλλήλου
3661 3720 3726 3773 τὸ

2131 3805 2263 3859 αὑτό
2288 3805 2451 3876 λέγω.
2487 3807 2573 3860 ἵνα
2600 3808 2937 3880 πανταχόθεν
2956 3808 3099 3881 γνῷς
3114 3809 3211 3881 τὴν
3236 3809 3453 3865 ἕνωσιν.
3491 3817 3500 3879 i

444 3898 574 3951 dum
604 3897 770 3953 homo
802 3916 815 3950 :
851 3915 1000 3967 nam,
1033 3907 1092 3954 ut
1126 3909 1286 3955 antea
1312 3901 1445 3966 dixi,
1473 3915 1539 3955 ne
1567 3898 1621 3953 id
1652 3893 1871 3969 quidem
1901 3896 2010 3952 diei
2051 3906 2249 3967 potest,
2274 3901 2433 3954 modo
2458 3900 2676 3970 quidem
2722 3900 2923 3954 animal
2958 3916 2988 3955 a
3025 3912 3177 3971 parte
3215 3902 3476 3956 rationali
3533 3902 3730 3971 sejun-

446 3998 629 4051 ctum,
666 3990 827 4045 modo
887 4007 1017 4046 vero
1071 3991 1236 4063 5.70
1291 4000 1500 4064 partem
1558 3992 1883 4047 rationalem
1928 3992 1997 4046 ab
2045 3992 2270 4047 animali
2317 4001 2625 4064 scparatam
2650 3994 2837 4064 loqui:
2869 3994 2964 4050 sed
3002 4010 3131 4065 pars
3173 3996 3461 4050 rationalis
3499 3996 3556 4049 in
3585 3994 3731 4047 'ani-

447 4085 574 4139 mali
604 4096 657 4139 et
683 4102 777 4156 per
799 4087 1002 4141 animal
1028 4088 1291 4157 loquitur.
1316 4088 1460 4143 Idem
1512 4089 1677 4143 etiam
1707 4088 1837 4142 dico
1860 4086 1929 4141 de
1989 4101 2078 4151 eo,
2116 4086 2262 4158 quod
2304 4102 2429 4142 cum
2480 4087 2583 4143 hoc
2615 4088 2952 4158 comparavi,
2994 4097 3055 4144 ut
3112 4088 3478 4161 uudequaque
3516 4090 3733 4145 unitio—

447 4191 571 4230 nem
597 4190 768 4231 I'IOI'IS.

515 4270 605 4324 27.
642 4270 818 4341 Apoll.
866 4230 1138 4325 Prmterea
1163 4285 1293 4324 vero
1319 4272 1402 4325 vel
1436 4272 1553 4341 ipse
1611 4273 1877 4343 prodigia
1913 4271 2015 4327 ede

2200 4266 2292 4321 27.
2343 4266 2714 4321 Ἂπολλ.”Ετι
2733 4267 2787 4320 δὲ
2809 4267 2839 4338 ἦ
2863 4268 3025 4333 αὐτὸς
3053 4269 3128 4341 (5)
3152 4270 3407 4324 ἐτέλειτὰ
3433 4274 3730 4345 τεράστια,

448 4361 562 4423 bat,
588 4371 681 4415 aut
703 4377 810 4415 non
845 4363 1059 4417 edebat.
1101 4361 1157 4416 Si
1189 4363 1409 4425 edebat.
1440 4380 1549 4418 non
1581 4375 1699 4419 erat
1731 4364 1899 4419 homo
1932 4384 1946 4419 :
1981 4365 2023 4420 si

2134 4358 2279 4430 ῆοῦ.
2326 4359 2466 4412 Ἀλλ’
2497 4361 2548 4412 εἰ
2585 4360 2683 4430 μὲν
2720 4361 2915 4423 ἐτέλει,
2965 4362 3066 4415 οὐκ
3107 4357 3174 4434 ἦν
3203 4362 3529 4434 ἄνθρωπος’
3578 4370 3631 4422 εἰ
3674 4370 3733 4423 δὲ

455 4466 567 4505 nou
600 4450 814 4514 edebat,
854 4452 1132 4521 quomodo
1157 4452 1292 4505 dicit
1321 4467 1381 4507 se
1407 4451 1607 4507 edere?
1648 4460 1702 4507 et
1752 4451 2030 4522 quomodo

452 4541 599 4597 idem
628 4557 754 4597 esse
784 4551 962 4612 p0test
982 4552 1146 4613 atque
1175 4543 1221 4598 is
1254 4544 1347 4613 qui
1374 4544 1603 4599 edebat?
1664 4543 1821 4600 Orth.
1875 4542 2031 4597 Sicut

452 4648 582 4703 pars
617 4633 903 4687 rationalis
929 4648 1026 4687 sua
1052 4633 1226 4702 ipsius
1260 4649 1427 4704 opera
1456 4635 1536 4690 sic
1561 4635 1673 4689 edit
1705 4635 1758 4688 in
1785 4635 2032 4696 animali.

454 4735 514 4777 ut
548 4740 656 4777 non
684 4724 756 4778 sit
798 4731 1053 4793 separata
1098 4724 1165 4779 ab
1213 4725 1437 4778 animali
1473 4741 1486 4776 :
1521 4725 1594 4779 ita
1644 4725 1738 4781 Dei
1791 4724 2029 4781 Verbum

452 4816 668 4870 unitum
697 4814 1059 4875 homini,edit
1088 4814 1333 4886 prodigia
1362 4816 1587 4872 minime
1623 4826 1964 4888 segregatum
2004 4832 2035 4870 a

454 4917 655 4963 natura
685 4907 946 4972 humana,
971 4907 1118 4978 quod
1150 4908 1199 4963 ei
1242 4924 1340 4978 pro
1379 4925 1477 4964 sua
1528 4910 1730 4980 pietate
1770 4910 2038 4980 placuerit

452 5000 562 5053 vim
595 5014 750 5052 suam
774 4998 1013 5053 divinam
1044 5014 1142 5069 per
1169 5014 1313 5064 eam,
1342 5006 1396 5054 ct
1451 5000 1506 5054 in
1556 5016 1641 5062 ea,
1700 5008 1755 5055 et
1797 5016 1923 5055 cum
1971 5015 2037 5055 ea

456 5090 698 5161 cperari.
734 5089 801 5144 Et
857 5091 1021 5146 veluti
1057 5089 1104 5146 si
1148 5089 1274 5162 quis
1318 5091 1653 5162 cogitatione
1702 5094 2038 5148 concesserit

457 5184 651 5245 solem,
680 5197 938 5253 magnum
976 5181 1123 5239 istud
1155 5183 1329 5247 sidus,
1351 5199 1450 5254 per
1478 5183 1759 5239 lucernam
1785 5192 1840 5239 et
1872 5188 1924 5239 in
1950 5184 2036 5239 lu—

458 5290 623 5329 cerna
662 5290 816 5330 suam
851 5276 1027 5332 lucem
1062 5278 1349 5343 emittere;
1383 5292 1605 5332 rursum
1630 5278 1777 5347 enim
1801 5277 1945 5333 idem
1968 5293 2035 5333 ex

565 5435 585 5463 ’
624 5431 800 5487 Galat.
835 5449 875 5497 ι,
921 5433 1009 5490 l6.

1115 5434 1137 5467 ⁸
1175 5431 1364 5489 Matth.
1404 5449 1460 5500 ν,
1512 5432 1612 5498 20,
1645 5431 1738 5487 9.2.

459 5501 481 5531 ⁸
523 5501 539 5554 Ι
574 5503 703 5556 Cor.
743 5503 956 5570 “"22.

535 5657 613 5723 (ὅ)
650 5651 756 5708 υῦν
787 5657 939 5720 abest
966 5673 995 5711 a
1025 5673 1158 5719 mss.
1185 5656 1358 5719 Paulo
1374 5663 1683 5723 nasutuss.
1701 5655 1949 5720 ,γεγονὼς
1965 5656 2056 5712 άν-

467 5726 679 5797 θρωπος
709 5725 1001 5796 ἄφθαρτος.

1836 5438 1858 5471 ι
1896 5428 2054 5485 Joan.
2103 5445 2214 5493 xw,
2249 5428 2303 5484 6.
2380 5430 2400 5461 ⁸
2440 5427 2572 5483 ibid.
2609 5426 2662 5482 9.

2138 4451 2237 4523 μὴ,
2273 4450 2392 4515 πῶς
2417 4450 2567 4520 λέγει
2594 4451 2804 4514 τελεῖνς
2839 4452 2873 4523 ἥ
2909 4453 3027 4518 πῶς
3064 4455 3093 4506 6
3129 4454 3291 4519 αὐτὸς
3317 4456 3399 4524 τῷ
3439 4457 3730 4525 τελοῦντις

2134 4543 2291 4610 Ὀρθ.
2314 4543 2528 4614 Ὥσπερ
2558 4544 2621 4597 τὸ
2643 4544 2857 4613 λογικὸν
2889 4546 2948 4597 ἐν
2975 4544 3053 4617 τῷ
3077 4546 3201 4617 ζώω
3236 4547 3384 4603 τελεῖ
3411 4550 3483 4603 τά
3506 4552 3731 4617 ἑαυτοῦ,

2138 4633 2197 4685 οὐ
2226 4633 2635 4703 κεχωρισμένον
2657 4632 2716 4687 ὂν
2742 4632 2838 4687 τοῦ
2865 4633 3005 4699 ζώου
3021 4650 3035 4663 °
3058 4635 3199 4688 οὕτω
3225 4635 3358 4700 Θεὸς
3375 4638 3573 4707 Λόγος,
3599 4641 3733 4694 ἐνω-

2140 4726 2254 4791 θεῖς
2287 4725 2582 4797 ἀνθρώπῳ,
2607 4726 2755 4779 τελεῖ
2782 4725 2849 4779 τὰ
2880 4727 3163 4796 τεράστια,
3210 4728 3272 4781 οὐ
3318 4733 3733 4802 κεχωρισμένος

2140 4819 2242 4889 τῆς
2265 4817 2706 4889 άνθρωπότητος,
2743 4816 2811 4870 δι’
2839 4817 3032 4888 αὐτῆς,
3064 4818 3158 4872 καὶ
3189 4821 3246 4872 ἐν
3277 4821 3442 4892 αὐτῇ,
3479 4823 3578 4875 καὶ
3617 4828 3732 4895 μετ’

2142 4913 2334 4982 αὐτῆς,
2367 4910 2667 4980 εὐδοκήσας
2693 4910 2791 4980 τὴν
2808 4910 3005 4963 ἐαυτοῦ
3037 4909 3188 4964 θείαν
3208 4911 3442 4983 δύναμιν
3465 4915 3732 4986 ἐνεργεῖν.

2140 5005 2253 5059 Καὶ
2277 5004 2467 5075 ὥσπερ
2501 5004 2549 5056 εἰ
2571 5002 2685 5073 δοίη
2703 5020 2788 5066 τις
2818 5002 2897 5073 τῷ
2924 5002 3070 5072 λόγῳ
3090 5002 3266 5073 ἥλιον,
3283 5003 3377 5057 τὸν
3404 5006 3584 5075 μέγαν
3615 5007 3735 5060 τοῦ·

2140 5108 2232 5145 τον
2266 5092 2493 5163 ἀστέρα,
2517 5091 2605 5145 διὰ
2638 5091 2855 5162 λύχνου,
2884 5092 2979 5144 καὶ
3008 5094 3066 5145 ἐν
3094 5092 3272 5163 λύχνῳ
3319 5093 3642 5167 ἐκπέμπειν
3675 5096 3735 5147 τὸ

2143 5183 2339 5238 ἐαυτοῦ
2395 5183 2510 5253 φῶς
2532 5200 2546 5214 ·
2600 5185 2666 5235 ἐκ
2719 5182 3064 5253 παραλλήλου
3123 5184 3231 5255 γὰρ
3287 5184 3456 5239 πάλιν
3495 5186 3560 5239 τὸ
3606 5186 3736 5240 αὐτὸ

2141 5275 2306 5330 ἄκουε
2328 5295 2341 5307 ·
2371 5276 2433 5329 οὐ
2453 5274 2546 5328 δύο
2579 5274 2733 5343 φῶτά
2762 5276 2919 5328 εἰσιν.
2953 5276 3027 5329 οὐ
3049 5275 3156 5347 γάρ
3180 5276 3361 5346 φαίνει
3390 5274 3589 5348 λύχνος
3606 5294 3735 5332 κατ-

2778 5426 2799 5458 ⁶
2838 5424 2941 5482 lsa.
2985 5444 3052 5494 ι,
3088 5428 3143 5483 6.
3239 5430 3261 5462 "
3302 5426 3438 5486 Luc.
3476 5447 3616 5499 νιιι,
3644 5429 3733 5493 (Α.

2237 5652 2313 5721 (ι)
2346 5650 2499 5722 Mss,
2524 5654 2587 5721 τῇ
2625 5653 2724 5722 μὲν
2753 5653 2953 5722 χάριτι.

2238 5722 2315 5792 (5)
2350 5721 2459 5779 Mss
2490 5763 2512 5788 γ
2539 5721 2659 5776 Ἔτι
2682 5721 2870 5777 δεῖκαὶ
2903 5726 2948 5776 εἰ
2972 5722 3149 5786 αὑτός.
