3850 6226
204 314 337 367 1281

1187 304 1274 359 DE
1313 302 1583 359 SANCTA
1624 302 2000 357 TRINITATE
2041 298 2390 361 DIALOGUS
2434 302 2500 361 ν.

3319 298 3461 358 ηεξ

203 429 386 481 ἔναντι
430 423 582 494 ἡλίου
611 440 624 453 ·
684 422 747 476 οὐ
769 420 878 494 γὰρ
908 418 1173 474 κωλύεται
1206 414 1345 472 εἶναι
1371 417 1564 489 λύχνος
1591 435 1604 448 ·
1646 416 1782 471 ἀλλὰ

1887 415 1988 469 alia
2021 414 2431 484 comparatione
2459 412 2653 469 audias
2683 412 2880 479 velim;
2917 425 3025 467 non
3056 418 3184 468 sunt
3210 409 3331 466 duae
3374 413 3460 466 lu-

207 518 359 588 μένει
384 516 481 586 μὲν
513 515 612 586 τὴν
648 513 786 567 ίδίαν
825 512 1108 583 ὲνέργειαν
1136 511 1233 563 καὶ
1270 511 1484 581 κίνησιν
1515 509 1653 580 ἔχων
1673 526 1686 540 ·
1719 510 1778 562 οὐ

204 609 384 677 φαίνει
405 608 460 660 δὲ
481 606 576 659 τοῦ
607 606 758 677 ἡλίου
789 605 863 675 (6)
897 606 954 658 ὲν
981 603 1127 673 αὐτῷ
1145 604 1239 656 καὶ
1277 602 1344 656 δι’
1366 603 1532 656 αὑτοῦ
1561 602 1780 672 φαίνον-

201 716 315 762 τυς,
347 699 439 752 καὶ
468 695 936 768 κατακρατοῦντος
959 694 1053 748 τοῦ
1091 694 1305 763 λύχνου,
1326 696 1420 747 καὶ
1457 694 1783 764 ἱδιοποιησα-

208 787 372 858 μένου
404 786 584 849 αὐτὸν,
640 786 714 846 ὼς
743 785 836 838 καὶ
887 784 1078 853 λύχνον
1123 784 1454 853 χρηματίσαι
1475 783 1565 835 τὸν
1598 783 1776 853 ἡλιον·

204 879 351 934 οὕτω
383 878 515 942 Θεὸς
554 879 744 946 Λόγος,
773 879 830 929 ὲν
869 875 1073 946 λογικῷ
1112 876 1207 928 καὶ⁸
1247 875 1334 928 διὰ
1383 873 1603 943 λογικοῦ
1641 872 1780 938 ζὼου

204 977 306 1049 τὴν
331 975 463 1028 ἰδίαν
496 972 723 1043 δύναμιν
747 971 1004 1042 ἐνεργῶν,
1057 970 1152 1023 καὶ
1182 969 1322 1042 ὑπὲρ
1354 969 1451 1041 τὴν
1484 967 1647 1037 φύσιν
1678 969 1781 1038 τὴν

210 1069 349 1123 ίδίαν
405 1065 657 1120 ἀποτελεῖ
702 1064 764 1118 τὺ
812 1063 949 1128 ζῶον
1005 1063 1223 1134 εὐδοκία
1246 1065 1314 1133 τῇ
1357 1061 1573 1128 ἑαυτοῦ,
1600 1061 1783 1114 καὶτὸ

206 1159 346 1222 ζῶον
377 1152 513 1210 εἶναι
533 1153 748 1221 λογικόν
769 1154 870 1206 ούκ
892 1151 1134 1206 ἐκώλυσε
1164 1170 1177 1184 ο
1207 1152 1303 1205 καὶ
1330 1154 1358 1205 ό
1387 1151 1549 1215 αὐτὸς
1575 1149 1784 1221 ἄνθρω-

207 1266 309 1312 πος
351 1246 708 1319 χρηματίζειν
742 1246 804 1297 οὐ
835 1244 1159 1315 κατηξίωσε,
1197 1243 1290 1296 καὶ
1316 1243 1484 1296 τελῶν
1515 1241 1588 1295 τὰ
1620 1241 1784 1312 τερά-

208 1359 331 1396 στια
363 1341 424 1394 ού
454 1338 780 1410 κεχώρισται
829 1336 922 1390 τοῦ
954 1335 1263 1399 ὲνωθέντος,
1309 1335 1477 1403 ἡγουν
1520 1336 1781 1407 (ηπροσ-

205 1434 523 1506 ληφθέντος,
578 1430 692 1486 ἀλλ’
726 1430 802 1493 ὡς
834 1425 927 1483 οῦν
969 1428 1032 1480 τὺ
1081 1426 1289 1480 ἐκείνου
1320 1424 1538 1494 γεγονὸς
1572 1426 1786 1496 ἐνεργεῖ

205 1527 277 1579 τὰ
299 1525 506 1579 πάντα*
544 1525 638 1576 καὶ
666 1522 753 1575 διὰ
771 1521 950 1586 τοῦτο,
984 1539 1003 1574 ι
1036 1521 1096 1574 '0
1119 1519 1292 1589 Λόγος
1318 1519 1455 1590 σὰρξ
1488 1518 1724 1586 ἐγένετο,
1757 1536 1777 1569 ι

206 1616 443 1687 εἴρηται,
489 1614 585 1667 καὶ
611 1615 711 1666 οὐκ
738 1616 796 1666 ὲν
841 1611 1025 1684 σαρκὶ,
1057 1611 1146 1665 ἵνα
1179 1609 1397 1681 γνῶμεν
1421 1609 1520 1680 τὴν
1550 1607 1609 1672 ἐξ
1636 1608 1785 1661 εύδο-

207 1706 331 1770 κίας
363 1705 574 1771 ἕνωσιν,
605 1704 700 1758 καὶ¹
738 1703 896 1756 τοῦτο
927 1702 1266 1773 διδαχθέντες
1298 1699 1533 1773 Χριστὸν
1560 1700 1656 1752 ἕνα
1690 1700 1782 1753 καὶ

204 1800 299 1852 τον
319 1798 477 1853 αὐτὸν
505 1795 863 1867 γνωρίζωμεν
884 1794 1016 1848 Θεὸν
1039 1794 1134 1847 καὶ
1166 1792 1474 1864 ἄνθρωπον.

1887 524 1999 564 ces.
2031 507 2141 563 Nec
2172 508 2316 563 enim
2340 509 2564 577 lucerna
2598 507 2698 561 soli
2725 506 2975 576 opposita
3030 505 3310 575 splendet,
3357 521 3461 560 nec

1887 609 2066 654 tamen
2100 605 2281 653 cessat
2310 614 2432 654 esse
2474 599 2732 665 lucerna;
2793 598 2887 652 sed
2948 599 3003 652 in
3038 614 3135 653 sua
3179 606 3461 668 permanet

1886 692 2124 745 ellicacia
2158 699 2322 760 atque
2346 698 2494 744 ιιιοιιι
2537 701 2629 743 :at
2660 705 2771 743 non
2803 690 3040 759 Splende-
3078 692 3195 747 sole
3237 692 3291 745 in
3340 694 3459 762 ipsa

1887 792 1939 838 et
1962 799 2059 853 per
2080 784 2254 852 ipsam
2284 783 2626 852 splendente,
2651 791 2704 837 et
2727 784 2829 853 ipsi
2846 784 3091 837 lucernae
3116 783 3454 844 dominante.

1886 888 2116 942 eamque
2147 880 2206 926 ut
2237 873 2342 927 sibi
2405 874 2684 943 pr0priam
2734 873 3071 935 vindicante,
3125 874 3262 928 adeo
3293 883 3349 927 ιιι
3377 875 3458 928 sol

1885 965 2052 1017 etiam
2085 963 2318 1032 accipiat
2339 963 2511 1032 ipsius
2539 962 2775 1016 lucerna:
2800 979 3000 1017 nomen
3030 983 3042 1017 :
3065 964 3137 1016 ita
3165 962 3305 1018 Deus
3330 963 3461 1017 Ver—

1887 1052 2015 1107 bum
2045 1054 2155 1106 vim
2187 1068 2342 1107 suam
2365 1053 2419 1106 in
2453 1053 2729 1116 rationali,
2761 1062 2815 1107 et
2845 1068 2940 1124 per
2969 1054 3235 1108 rationale
3259 1054 3461 1106 animal

1885 1159 2170 1209 exercens,
2204 1144 2335 1199 facit
2361 1160 2463 1215 pro
2490 1161 2588 1201 sua
2620 1147 2761 1201 bona
2794 1146 3075 1201 voluntate
3124 1145 3324 1198 animal
3362 1161 3459 1198 su-

1887 1253 1985 1308 pra
2020 1253 2183 1308 quam
2223 1237 2358 1292 ferat
2406 1243 2625 1310 propria
2662 1240 2978 1293 animalium
3027 1248 3224 1294 natura
3281 1238 3462 1309 perfe-

1889 1338 2035 1383 ctum
2055 1371 2071 1395 ,
2120 1344 2298 1398 neque
2345 1337 2527 1384 tamen
2557 1332 2805 1401 prohibet
2835 1333 3129 1401 quominus
3155 1332 3226 1385 sit
3258 1333 3461 1385 animal

1887 1422 2100 1476 ratione
2157 1420 2445 1491 praeditum
2487 1441 2499 1476 :
2548 1424 2800 1492 idemque
2857 1439 2965 1476 non
3018 1422 3340 1492 dedignatus
3376 1433 3463 1478 est

1889 1513 2051 1566 homo
2068 1513 2277 1573 vocari,
2310 1527 2486 1582 neque
2516 1514 2643 1566 dum
2673 1515 2855 1567 ederet
2883 1513 3149 1583 prodigia,
3181 1514 3460 1583 sejunctus

1888 1601 1992 1656 fuit
2020 1603 2088 1656 ab
2117 1616 2204 1665 co,
2246 1603 2468 1672 quicum
2520 1610 2604 1656 est
2638 1604 2845 1664 unitus,
2880 1604 2994 1658 sive
3031 1619 3189 1672 quem
3240 1619 3457 1658 assum-

1889 1696 2017 1764 psit,
2047 1695 2141 1748 sed
2179 1695 2341 1748 homo
2373 1694 2549 1749 factus
2583 1696 2766 1749 omnia
2801 1694 2963 1749 eﬂicit
3002 1711 3015 1747 :
3048 1695 3278 1765 ideoque
3323 1696 3461 1749 dici-

1806 1780 1849 1833 Β
1878 1798 1967 1842 tur
1994 1808 2008 1842 :
2047 1808 2064 1839 ι
2093 1785 2332 1843 Verbum
2374 1803 2504 1841 caro
2535 1785 2737 1842 factum
2769 1797 2853 1843 est
2886 1789 2931 1854 ',
2975 1807 2993 1840 ι
3024 1805 3132 1842 non
3173 1802 3353 1842 autem
3404 1791 3458 1842 in

206 1904 394 1951 carne,
427 1896 486 1941 ut
511 1884 1183 1959 cognoscamusunionem
1229 1895 1350 1950 quae
1395 1895 1463 1935 ex
1509 1878 1853 1949 beneplacito
1897 1877 2042 1930 facta
2103 1885 2209 1940 est,
2256 1882 2311 1930 et
2340 1876 2421 1930 sic
2449 1875 2650 1942 edocti,
2688 1891 2854 1932 unum
2906 1877 3273 1949 eamdemque
3307 1872 3462 1932 Εἱιιιο

207 1993 354 2048 stuvn
382 1990 439 2036 ut
470 1981 636 2037 Deum
665 1989 719 2036 et
745 1981 1020 2034 hominem
1051 1991 1442 2048 agnoscamus.

275 2044 363 2133 ἕξ.
413 2080 658 2133 Ἀπολλ.
688 2044 1223 2149 Προσκυνεῖται-ὑπδ
1251 2071 1494 2142 ἀγγέλων
1516 2072 1545 2124 ό
1576 2068 1784 2140 ἄνθρω-

208 2184 328 2230 πος,
364 2165 504 2238 ἧοῦ.
547 2165 686 2219 Ἀλλ’
734 2167 784 2217 εί
820 2165 917 2236 μὲν
950 2164 1010 2217 οὐ
1055 2164 1463 2234 προσκυνεῖται,
1499 2159 1616 2224 πῶς
1639 2159 1782 2229 ἥνω-

204 2273 316 2319 ται,
350 2256 445 2310 καὶ
479 2255 795 2308 ἀποστέλλει
823 2257 851 2307 ό
886 2253 1012 2316 Υἱὸς
1041 2254 1165 2316 τοὺς
1195 2251 1459 2320 ἀγγέλους
1490 2248 1688 2334 αὑρτοῦς
1732 2248 1781 2300 εί

205 2347 263 2400 δὲ
286 2348 669 2417 προσκυνεῖται
691 2345 780 2398 διὰ
800 2345 861 2397 τὸ
888 2346 947 2397 ὲν
972 2342 1120 2413 αὐτῷ
1146 2342 1295 2395 θείαν
1326 2341 1604 2410 ἐνοικῆσαι
1625 2339 1785 2394 δύνα-

210 2456 323 2509 μιν,
362 2440 476 2500 πῶς
510 2438 615 2490 ὑπὸ
641 2436 750 2489 τῶν
776 2436 863 2488 ἀεὶ
908 2434 1058 2487 θείαν
1107 2434 1338 2505 ἐχόντων
1369 2432 1597 2502 δύναμιν
1647 2431 1785 2483 ὲνοι-

208 2527 443 2592 κοῦσαν;
480 2525 583 2579 Καὶ
614 2527 772 2597 ἡμεῖς
799 2525 857 2577 δὲ
887 2525 1334 2595 προσκυνήσομεν
1368 2521 1443 2592 (8)
1462 2520 1550 2574 τὸν
1572 2519 1783 2591 ἄνθρω-

209 2620 377 2690 πον.ἡ
393 2618 476 2674 οῦ.
503 2618 640 2672 Ἀλλ’
654 2619 702 2670 εί
728 2617 827 2687 μὲν
845 2617 905 2669 οὐ
930 2617 1398 2688 προσκυνήσομεν,
1418 2612 1534 2674 πῶς
1546 2612 1782 2684 ἡνῶσθαι

208 2711 502 2781 νομιοῦμεν
527 2710 707 2772 αὐτὸν,
747 2709 842 2761 καὶ
884 2707 997 2770 πῶς
1024 2709 1103 2771 είς
1135 2707 1227 2760 τὸν
1262 2705 1487 2758 θάνατον
1503 2703 1665 2757 αὑτοῦ
1690 2701 1785 2772 βα-

210 2800 514 2870 πτιζόμεθα
538 2817 554 2866 ;
581 2803 628 2854 εί
664 2800 720 2853 δὲ
764 2800 1235 2871 προσκυνήσομεν,
1284 2796 1473 2868 ῶσπερ
1502 2796 1590 2849 τὸν
1626 2795 1779 2859 Θεὸν,

210 2890 354 2945 οὕτω
380 2892 473 2944 καὶ
505 2892 597 2944 τὸν
620 2891 923 2961 ἄνθρωπον,
953 2890 1293 2961 ἀσεϐἡσομεν
1343 2889 1553 2959 κτίσμα
1590 2887 1782 2961 κτίστῃ

212 2982 271 3033 ἐν
298 2981 396 3051 ἴσῳ
422 2979 679 3043 τιθέντες.
704 2981 811 3034 Καὶ
832 2983 878 3033 εί
918 2981 1109 3052 κριτὴν
1146 2980 1535 3052 προσδοκῶμεν
1580 2980 1671 3032 τὸν
1687 2980 1781 3033 ἄν·

214 3068 430 3141 θρωπον
465 3070 602 3141 μετὰ
647 3069 740 3122 τοῦ
771 3069 906 3122 Θεοῦ
956 3070 1258 3138 φωτίζοντα
1313 3069 1383 3122 τὰ
1440 3068 1657 3142 κρυπτὰ
1685 3068 1780 3122 τοῦ

214 3161 457 3223 σκότοπ,
489 3160 588 3233 τὴν
612 3158 704 3212 τοῦ
732 3159 864 3212 Θεοῦ
889 3159 1068 3230 κρίσιν
1093 3161 1437 3231 ἀναθήσομεν
1469 3159 1743 3231 ἀνθρώπῳ
1763 3176 1777 3189 ·

212 3253 262 3305 εί
287 3249 342 3303 δὲ
364 3251 460 3322 μὴ,
496 3251 610 3314 πῶς
651 3270 669 3301 ι
697 3251 892 3304 ἔδωκεν
909 3250 1055 3321 αὐτῷ
1079 3252 1107 3304 ό
1133 3250 1320 3324 Πατὴρ
1342 3251 1588 3315 ἐξουσίαν
1604 3249 1781 3320 κρίσιν

1949 2061 2038 2118 28.
2070 2063 2241 2130 Apoll.
2273 2063 2356 2117 Ab
2392 2063 2602 2133 angelis
2632 2064 2715 2118 vel
2756 2063 3036 2128 aduratur,
3070 2067 3152 2120 vel
3186 2084 3294 2122 non
3324 2069 3458 2123 adu-

1881 2164 2033 2209 ratur
2081 2155 2264 2210 homo.
2297 2156 2365 2208 At
2393 2156 2438 2210 si
2472 2171 2581 2209 non
2641 2157 2925 2219 aduratur,
2960 2160 3235 2225 quomodo
3269 2162 3460 2215 unitus

1882 2240 2139 2305 fuerit,et
2165 2243 2334 2296 mittit
2365 2243 2590 2314 angelos
2613 2259 2744 2298 suos
2772 2242 2982 2299 Filius?
3025 2243 3119 2299 Sin
3152 2262 3279 2302 vero
3323 2249 3458 2303 ado-

1881 2343 2033 2387 ratur
2062 2343 2282 2404 pr0pter
2311 2333 2551 2387 divinam
2581 2340 2836 2389 virtutem
2866 2335 2920 2389 in
2951 2335 3071 2404 ipso
3095 2338 3456 2404 habitantem,

1882 2424 2155 2495 quomodo
2222 2424 2485 2477 aduratur
2535 2424 2604 2478 ab
2648 2426 2717 2479 iis
2763 2425 2856 2494 qui
2904 2428 3162 2481 virtutem
3219 2429 3456 2483 divinam

1882 2533 2097 2587 semper
2121 2517 2322 2571 habent
2344 2517 2397 2569 in
2434 2512 2556 2571 sese
2590 2515 2957 2570 habitantem?
2983 2517 3087 2573 Sed
3122 2528 3176 2573 et
3210 2536 3308 2573 nos
3334 2522 3461 2575 ado-

1882 2610 2126 2662 raliitnus
2145 2608 2441 2670 hominem,
2459 2607 2544 2662 vel
2567 2623 2673 2660 non
2697 2609 3072 2665 adorabimus.
3098 2609 3255 2676 Quod
3276 2613 3322 2666 si
3347 2629 3459 2667 non

1882 2697 2254 2759 adorabimus,
2279 2696 2555 2766 quomodo
2587 2697 2763 2766 ipsum
2799 2699 3009 2752 unitum
3041 2715 3163 2754 esse
3205 2702 3458 2755 censebi—

1880 2803 2024 2850 mus,
2045 2796 2098 2841 et
2124 2787 2398 2857 quomodo
2427 2788 2480 2840 in
2513 2786 2685 2857 ipsius
2706 2798 2931 2844 mortem
2966 2791 3338 2861 baptizamur?
3363 2794 3460 2849 Sin

1882 2893 2012 2932 vero
2043 2879 2124 2932 sic
2152 2879 2428 2933 hominem
2466 2880 2760 2938 adoremus
2788 2895 2847 2937 ut
2871 2882 3062 2950 Deum,
3105 2887 3270 2958 impie
3296 2890 3463 2944 facie-

1881 2986 2023 3033 mus,
2042 2986 2154 3025 rcm
2187 2981 2427 3026 creatam
2447 2985 2797 3044 exaequantes
2823 2975 3090 3032 Creatori.
3112 2978 3380 3037 Praeterea
3413 2983 3461 3039 si

1881 3064 2155 3118 hominem
2187 3073 2568 3134 exspectemus
2601 3075 2659 3119 ut
2687 3066 2947 3135 judicem,
2972 3071 3065 3139 qui
3085 3070 3333 3139 adjutore
3350 3066 3463 3126 Deo

1882 3153 2146 3207 illuminet
2167 3153 2484 3207 abscondita
2504 3158 2870 3221 tenebrarum,
2890 3159 3181 3228 judicium.
3201 3162 3344 3232 quod
3367 3161 3461 3217 Dei

1882 3252 1984 3303 est,
2018 3243 2222 3297 homini
2257 3246 2579 3301 tribuemus.
2612 3245 2707 3301 Sin
2743 3249 3244 3320 minus:quomodo
3266 3271 3285 3304 ι
3313 3255 3464 3308 dedit

214 3345 407 3405 ποιεῖν,
440 3343 520 3394 ὅτι
546 3342 673 3406 Υἱὸς
697 3342 981 3414 ἀνθρώπου
1012 3344 1162 3411 ent;
1210 3362 1229 3395 ι
1274 3345 1368 3397 καὶ
1395 3343 1512 3407 πῶς
1574 3344 1780 3413 ἥνωται

1887 3336 1931 3389 ei
1958 3334 2118 3389 Pater
2140 3344 2462 3406 potestatem
2492 3339 2684 3408 judicii
2710 3338 2976 3396 faciendi:
3011 3344 3137 3414 quia
3167 3341 3339 3400 Filius
3366 3346 3464 3398 ho—

211 3431 292 3503 τῷ
318 3432 552 3502 κρίνοντι
579 3453 594 3498 ;
622 3434 775 3503 ’ορ6.
803 3434 902 3487 Διὰ
925 3435 1035 3507 γὰρ
1090 3434 1249 3488 τοῦτο
1286 3433 1444 3487 ἔλαϐε
1488 3434 1639 3506 παρὰ
1686 3433 1780 3486 τοῦ

213 3519 348 3574 Θεοῦ
378 3520 623 3585 ἐξουσίαν
647 3522 826 3592 κρίσιν
861 3526 1052 3585 ποιεῖν,
1098 3522 1302 3593 Κύριος
1351 3520 1427 3574 ὣν
1475 3521 1572 3592 τῆς
1625 3521 1784 3591 δόξης

215 3612 310 3664 καὶ
334 3612 514 3683 πάσης
541 3612 806 3678 ἐξουσίας,
833 3613 1047 3685 ἐπειδὴ,
1069 3613 1203 3677 θεὸς
1235 3613 1407 3681 Λόγος
1441 3610 1538 3680 ὢν,
1567 3612 1785 3680 ἐγένετο

214 3702 518 3775 ἄνθρωπος,
546 3703 673 3775 ὅλην
693 3704 1086 3776 ἀνθρωπότητα
1118 3703 1314 3759 λαϐὼν.
1365 3705 1428 3756 Ἡ
1455 3704 1565 3774 γὰρ
1601 3702 1783 3775 μορφὴ

213 3795 308 3850 τοῦ
338 3796 522 3849 δούλου
553 3796 647 3867 ὅλη
681 3798 826 3849 ἐστὶν
867 3796 1238 3868 ἀνθρωπότης,
1287 3794 1420 3866 ὼςὴ
1462 3795 1642 3866 μορφὴ
1687 3794 1782 3847 τοῦ

215 3886 350 3940 θεοῦ
377 3885 470 3957 ὅλη
508 3885 715 3956 θεότης.
746 3886 856 3939 Καὶ
876 3888 1034 3958 ἡμεῖς
1057 3887 1149 3939 κοιλ⁹
1182 3885 1403 3955 ἄγγελοι
1438 3883 1774 3957 προσκυνοῦ-

219 3993 318 4046 μεν
350 3976 498 4046 αὑτῴ
511 3974 586 4046 τῷ
610 3975 728 4047 Θεῷ
753 3976 928 4047 Λόγῳ,
962 3976 1172 4049 μορφὴν
1197 3975 1384 4029 δούλου
1421 3974 1658 4029 λαϐόντιο
1692 3975 1785 4028 καὶ

214 4068 314 4119 οὐκ
335 4067 392 4118 ὲν
426 4065 582 4136 μέρει
617 4065 708 4119 τὸν
741 4066 873 4118 Θεὸν
920 4065 1350 4136 προσκυνοῦμεν,
1378 4056 1499 4118 ’καὶ
1527 4067 1584 4118 ὲν
1623 4066 1783 4136 μέρει

215 4159 309 4211 τὸν
336 4155 618 4228 ἄνθρωπον
644 4172 658 4184 ·
682 4155 802 4208 οὐδὲ
830 4156 1034 4227 κτίσμα
1061 4158 1154 4210 καὶ
1181 4157 1405 4226 κτίστην
1435 4159 1492 4210 ὲν
1522 4157 1621 4228 ίσῳ
1638 4156 1784 4210 τιθέ-

221 4249 360 4321 μεθα
380 4266 393 4279 ·
421 4248 534 4302 ἀλλ’
549 4248 736 4320 ὥσπερ
760 4249 845 4310 σὺ,
875 4248 928 4301 εἰ
942 4265 1005 4317 γε
1036 4248 1316 4319 ὁμολογεῖς
1334 4247 1436 4301 κᾶν
1458 4248 1589 4317 γοῦν
1608 4249 1786 4321 σάρκα

217 4340 501 4410 ὁμοούσιον
547 4342 677 4411 ἡμῖν
726 4339 887 4393 αὑτὸν
944 4338 1174 4393 λαϐόντα
1221 4341 1286 4393 ἐκ
1343 4342 1441 4413 τῆς
1486 4340 1781 4411 Παρθένου,

219 4434 543 4501 προσκυνεῖς
572 4431 732 4485 αὑτὸν
758 4430 1106 4503 σαρκωθὲντα
1138 4432 1274 4502 μετὰ
1301 4433 1399 4502 τῆς
1430 4431 1651 4502 σαρκός,
1684 4433 1786 4485 οὐκ

220 4525 279 4576 ἐν
312 4525 409 4593 ι’σῳ
430 4522 596 4586 τιθεὶς
615 4522 713 4593 τὴν
743 4523 919 4592 σάρκα
948 4522 1041 4575 καὶ
1069 4520 1165 4594 τὴν
1195 4521 1442 4592 θεότητα,
1476 4521 1595 4575 οὐδὲ
1616 4522 1781 4593 χωρί-

220 4614 330 4680 ζων
360 4617 459 4687 τὴν
511 4617 707 4686 σάρκα,
760 4614 852 4669 καὶ
908 4616 965 4667 ὲν
1023 4614 1177 4686 μέρει
1222 4614 1541 4685 προσκυνῶν
1594 4612 1782 4684 αὐτὴν,

221 4707 356 4761 ἀλλὰ
406 4709 505 4778 τὴν
564 4707 791 4778 θεότητα
853 4705 990 4778 μετὰ
1042 4706 1142 4777 τῆς
1175 4705 1378 4778 σαρκὸς
1431 4707 1750 4778 προσκυνεῖς
1769 4720 1783 4734 ·

217 4797 363 4852 οὕτω
379 4800 469 4852 καὶ
492 4801 655 4871 ἡμεῖς
683 4801 782 4872 τὴν
812 4799 1040 4870 θεότητα
1100 4798 1595 4870 ὲνανθρωπὴσασαν
1613 4812 1785 4868 προσ-

218 4891 510 4964 κυνοῦμεν,
552 4894 613 4946 ού
658 4894 981 4965 χωρίζοντες
1007 4893 1174 4962 αὐτὴν
1215 4891 1314 4961 τῆς
1346 4891 1781 4963 ἀνθρωπότητος.

219 4985 332 5038 Καὶ
359 4984 581 5053 φωτίζει
606 4985 675 5038 τὰ
694 4985 911 5055 κρυπτά
926 4984 1020 5038 τοῦ
1051 4984 1275 5047 σκότους
1304 4984 1562 5056 Χριστὸς,
1600 4978 1678 5047 εἷς
1708 4981 1785 5035 ὢν

218 5075 250 5125 ό
274 5073 434 5136 αὐτὸς
456 5074 585 5138 Θεὸς
605 5076 699 5127 καὶ
717 5074 1019 5146 ἄνθρωπος,
1050 5072 1125 5138 ὡς
1151 5072 1262 5145 πῦρ
1311 5074 1369 5127 ὲν
1407 5072 1510 5145 ὕλῃ
1537 5071 1786 5141 φωτίζων

218 5168 348 5230 τοὺς
370 5166 691 5237 προσιόντας
706 5166 873 5220 αὐτοῦ
910 5166 989 5238 τῷ
1014 5167 1174 5236 φωτὶ,
1196 5168 1258 5220 οὐ
1289 5164 1660 5238 χωριζόμενον
1686 5164 1787 5233 τῆς

218 5258 514 5329 ἐνωθείσης
537 5257 688 5329 ὕλης,
715 5258 836 5312 οὐδὲ
867 5258 1298 5331 ἀναλισκομένης
1328 5259 1427 5330 τῆς
1465 5256 1619 5328 ῦλης,
1650 5255 1785 5309 καθ-

218 5348 366 5419 άπερ
396 5348 571 5422 οὐδὲὴ
606 5348 756 5419 παρὰ
774 5350 945 5421 Μωσῇ
970 5348 1150 5420 βάτος.

294 5503 317 5535 ⁵
352 5502 508 5561 Joan.
547 5518 600 5572 l,
636 5505 724 5560 14.
800 5506 844 5539 ⁸⁸
877 5504 1038 5562 Joan.
1071 5523 1127 5574 ν,
1161 5505 1228 5561 27

293 5660 496 5738 fﬂiSic
525 5678 657 5738 mss.
688 5662 830 5738 Εόίιὶ
853 5680 1004 5738 vero,
1032 5665 1314 5723 κατέναντι
1335 5664 1506 5738 ἡλίου·
1527 5663 1704 5735 φαίνει
1726 5662 1783 5718 δὲ

215 5732 317 5788 τοῦ
344 5733 457 5800 ᾐλ.,
488 5735 672 5791 multis
703 5735 942 5792 omissis.

1888 3428 2053 3481 minis
2083 3438 2166 3483 est
2202 3429 2278 3482 '°?
2312 3449 2331 3481 ι
2363 3439 2417 3485 et
2453 3431 2726 3500 quomodo
2758 3442 2843 3487 est
2878 3433 2978 3503 ipsi
3032 3434 3206 3504 judici
3240 3435 3464 3489 unitus?

1893 3517 2045 3573 ΟνιΙι.
2070 3519 2172 3586 Qui
2199 3520 2461 3577 Dominus
2484 3531 2567 3578 est
2594 3524 2781 3594 gloriae
2809 3526 3101 3596 omnisque
3152 3528 3460 3596 potestatis,

1886 3612 2092 3667 idcirco
2131 3615 2339 3682 accepit
2364 3615 2558 3684 judicii
2604 3618 2893 3671 exercendi
2939 3627 3284 3688 potestatem,
3312 3619 3460 3689 quod

1886 3721 2010 3759 cum
2050 3707 2190 3763 Dens
2221 3721 2366 3762 esset
2400 3707 2656 3771 Verbum,
2704 3711 2882 3764 lactus
2935 3710 3006 3764 sit
3052 3711 3235 3771 homo,
3291 3717 3460 3765 totam

1887 3808 2138 3851 naturam
2184 3814 2473 3852 assumens
2516 3798 2829 3853 humanam.
2880 3797 3077 3852 Forma
3123 3801 3269 3855 enim
3315 3801 3459 3855 servi

1884 3900 1968 3945 est
2001 3898 2109 3943 tota
2135 3889 2375 3943 humana
2408 3899 2625 3953 natura,
2652 3899 2711 3944 ιιι
2748 3892 2918 3944 forma
2959 3890 3052 3945 Dei
3085 3899 3169 3946 est
3207 3899 3317 3945 tota
3345 3890 3451 3946 dei-

1884 3988 1988 4035 tas.
2019 3979 2083 4033 Et
2121 3995 2244 4046 nos,
2273 3992 2328 4036 et
2363 3981 2540 4052 angeli
2572 3981 2749 4051 ipsmu
2795 3980 2963 4037 Deum
2994 3980 3233 4037 Verbum
3264 3981 3463 4036 adora-

1885 4087 2027 4136 mus,
2078 4072 2171 4140 qui
2203 4070 2432 4124 formam
2485 4072 2628 4126 servi
2661 4072 3000 4141 assumpsit:
3039 4087 3220 4143 neque
3250 4072 3452 4141 partim

1885 4163 2075 4228 Deum,
2097 4163 2294 4233 partim
2320 4164 2593 4219 hominem
2612 4163 2930 4228 adoramus,
2955 4179 3132 4233 neque
3161 4179 3274 4219 rem
3303 4177 3462 4218 crea-

1883 4265 1992 4309 tam
2021 4253 2269 4309 Creatori
2297 4256 2701 4325 zequiparamus
2727 4274 2739 4310 :
2779 4256 2870 4311 sed
2895 4263 2952 4308 ut
2986 4264 3040 4309 tu
3095 4254 3232 4324 ipse,
3263 4255 3306 4309 si
3339 4255 3463 4324 qui-

1885 4344 2006 4399 dem
2028 4360 2151 4399 eum
2179 4345 2459 4401 conﬁteris
2507 4361 2730 4400 carnem
2783 4346 2973 4400 saltem
3027 4345 3188 4399 nobis
3220 4346 3462 4400 consub-

1885 4437 2193 4492 stantialem
2218 4452 2284 4491 ex
2312 4435 2535 4507 Virgine
2573 4437 2874 4507 accepisse,
2897 4437 3093 4493 adoras
3146 4437 3322 4508 ipsum
3376 4438 3462 4492 in-

1884 4537 2166 4582 carnatum
2202 4544 2326 4583 cum
2357 4543 2544 4594 carne,
2574 4544 2750 4598 neque
2790 4540 2969 4583 tamen
3000 4544 3220 4583 carnem
3273 4528 3457 4583 deitati

1887 4635 2165 4690 exaequas,
2192 4635 2368 4689 neque
2390 4635 2610 4675 carnem
2633 4635 2908 4691 segregas,
2929 4629 2984 4674 et
3013 4629 3219 4690 partem
3240 4621 3456 4685 adoras,

1892 4712 1986 4766 sed
2019 4713 2275 4768 deitatem
2312 4728 2435 4767 cum
2468 4728 2633 4767 carne
2667 4714 2865 4768 adoras
2900 4733 2913 4768 :
2949 4714 3020 4767 ita
3072 4720 3127 4768 et
3161 4728 3261 4768 nos
3289 4713 3460 4767 deita-

1889 4811 2162 4874 tem,qnae
2197 4804 2434 4874 seipsam
2486 4804 2692 4858 homini
2732 4804 2925 4870 univit,
2990 4804 3304 4867 adoramus,
3361 4818 3460 4857 nec

1889 4909 2008 4948 eam
2025 4894 2093 4948 ab
2119 4894 2356 4949 humana
2388 4905 2583 4949 natura
2615 4896 2977 4966 sejungimus.
3007 4894 3260 4950 Christus
3295 4908 3460 4963 porro
3496 4928 3503 4966 _-

1889 4985 2160 5039 illuminat
2188 4987 2504 5042 abscondita
2535 4988 2904 5050 tenebrarmu,
2930 4985 3074 5057 quod
3095 4987 3166 5040 sit
3188 4988 3301 5056 ipse
3317 4984 3458 5041 Deus

1890 5087 1946 5131 et
2003 5077 2189 5139 homo,
2235 5078 2692 5147 quemadmodum
2729 5078 2870 5148 ignis
2915 5077 2969 5132 in
3011 5077 3237 5131 materia
3280 5077 3456 5131 lucem

1892 5167 2142 5238 praebens
2199 5166 2267 5222 iis
2298 5165 2457 5240 47],
2507 5169 2607 5238 qui’
2641 5168 2706 5221 ad
2740 5169 2916 5221 lucem
2958 5166 3249 5230 accedunt,
3293 5166 3367 5220 ita
3399 5174 3458 5221 ut

1891 5274 2069 5329 neque
2105 5273 2136 5313 a
2179 5261 2404 5312 materia
2457 5266 2792 5328 segregetur,
2833 5258 2922 5311 cui
2959 5257 3146 5311 uuitus
3199 5262 3303 5320 est,
3356 5272 3458 5311 nec

1895 5351 2123 5405 materia
2152 5349 2269 5420 ipsa
2294 5358 2671 5411 consumatur,
2698 5350 2841 5403 sicut
2873 5362 2973 5403 nec
2995 5347 3171 5402 rubus
3219 5346 3331 5412 ille,
3362 5362 3461 5402 cu-

1899 5437 1986 5510 ius
2011 5448 2097 5495 est
2136 5437 2277 5509 apud
2305 5437 2523 5509 Moysen
2551 5438 2776 5492 mentio.

1963 5663 2041 5730 (7)
2072 5659 2227 5721 Mss.,
2260 5660 2420 5730 ἡτουν

1965 5727 2042 5799 (8)
2072 5727 2392 5800 Palat.,'hic
2422 5738 2475 5788 et
2509 5728 2672 5799 infra,
2705 5727 3186 5800 προσκυνήσωμεν.
