3850 6226
407 209 546 265 ιεεδ

1542 208 1600 263 S.
1638 205 2098 263 ATllANASIUS.
2141 238 2210 249 —
2253 208 2502 264 SPURIA

3516 209 3659 265 i284

472 328 563 383 29.
605 326 777 398 Apoll.
817 326 874 382 Si
908 327 1072 382 homo
1099 326 1391 396 adjunctus
1422 334 1505 382 est
1533 326 1644 381 Deo
1663 367 1678 390 ,
1711 327 1850 381 alius
1879 336 1952 381 est

2132 326 2221 381 29.
2259 328 2504 382 Ἀπολλ.
2526 325 2847 397 Ἀνθρωπος
2878 324 2998 396 Θεῷ
3013 327 3436 399 παραζευχθεὶς,
3467 326 3659 398 ἕτερος

403 434 565 488 quam
611 418 774 481 Deus,
810 420 854 473 si
889 426 1002 472 tum
1035 425 1218 473 motus
1245 418 1507 472 animales
1536 418 1821 488 respicias.
1848 425 1963 470 tum

402 507 776 571 rationabiles,
820 517 934 561 tum
971 508 1265 576 patibiles;
1297 514 1347 561 et
1384 508 1618 576 patiens,
1666 508 1869 576 patitur
1907 513 1966 559 ut

401 600 562 663 alius,
598 607 652 653 et
685 600 966 660 adoratus,
998 600 1263 652 aduratur
1300 607 1358 652 ut
1387 600 1548 653 alius.
1585 599 1657 652 At
1690 598 1781 652 Dei
1811 614 1963 664 caro,

399 691 525 743 vitaz
562 696 647 744 est
693 689 1116 743 instrumentum
1160 690 1232 743 ita
1276 690 1623 758 passionibus
1660 690 1775 743 suis
1817 705 1966 743 cum-

399 786 637 853 positum
660 823 675 845 ,
711 791 770 837 ut
802 783 1296 837 divinisconsiliis
1319 781 1569 851 quadret,
1606 798 1784 851 neque
1817 782 1967 851 cogi-

400 874 638 926 lationes
689 873 893 926 fuerint
936 874 1120 926 carnis
1168 877 1419 942 propria},
1468 889 1642 942 neque
1674 875 1961 938 actiones;

397 974 453 1018 et
499 980 629 1018 caro
683 966 799 1034 ipsa
858 964 1210 1035 passionibus
1280 972 1441 1032 prout
1496 965 1647 1017 carni
1711 965 1965 1018 conVenit

398 1058 666 1126 subjccm,
722 1058 831 1110 illis
887 1058 1135 1125 superior
1180 1056 1384 1114 evadit.
1434 1057 1692 1125 quoniam
1738 1063 1823 1111 est
1871 1055 1963 1110 Dei

397 1166 551 1210 caro,
585 1150 720 1203 adeo
747 1156 805 1202 ut
838 1150 892 1201 in
923 1148 1250 1216 corporibus
1285 1164 1390 1201 non
1429 1148 1680 1201 similiter
1707 1148 1951 1217 quidem,

395 1250 451 1294 at
492 1242 820 1294 animalibus
867 1248 1070 1299 tamen.
1106 1240 1179 1292 sit
1220 1238 1638 1307 impatibilitatis
1675 1247 1866 1291 auctor
1900 1250 1995 1291 ae‘

394 1332 722 1400 principium
780 1349 792 1383 :
845 1338 898 1382 et
949 1330 1209 1382 adoratur
1258 1338 1315 1381 ut
1365 1327 1456 1381 Dei
1503 1336 1667 1392 caro,‘
1704 1329 1961 1396 quoniam

393 1423 495 1477 hac
526 1423 736 1475 ratione
769 1422 813 1475 is
846 1422 936 1490 qui
966 1421 1224 1474 aduratur
1250 1427 1334 1473 est
1370 1418 1531 1480 Deus,
1559 1428 1611 1473 et
1643 1419 1801 1474 nobis
1827 1435 1962 1473 con-

386 1516 725 1581 junctionem
764 1528 887 1565 cum
930 1527 994 1565 eo
1044 1512 1267 1581 praebet,
1301 1511 1459 1577 cujus
1495 1519 1577 1564 est
1614 1525 1813 1579 corpus
1861 1528 1873 1563 :
1907 1516 1961 1563 et

390 1606 671 1670 aduratur,
701 1620 809 1658 non
845 1612 1023 1657 tamen
1056 1611 1112 1654 ut
1145 1619 1230 1656 res
1259 1611 1477 1664 creata,
1509 1603 1768 1671 quoniam
1823 1602 1959 1654 nihil

390 1698 533 1763 quod
567 1705 808 1749 creatum
850 1695 919 1749 sit
949 1702 1032 1747 cst
1066 1692 1158 1746 Dei
1192 1694 1388 1762 portio,
1435 1692 1620 1762 itaque
1662 1694 1752 1761 qui
1791 1691 1956 1746 Deum
1991 1671 2032 1725 Β

390 1785 624 1839 credunt
669 1785 1039 1854 assumpsisse
1090 1800 1343 1845 carnem,
1398 1784 1518 1852 ejus
1572 1785 1956 1839 beneficiorum

390 1879 529 1932 fiunt
559 1888 857 1947 compotes,
893 1892 994 1930 nec
1018 1892 1084 1929 eo
1116 1876 1463 1939 delabuntur,
1497 1885 1555 1928 ut
1582 1877 1751 1929 alium
1780 1877 1956 1947 ipsum

388 1972 575 2023 dicant
630 1989 643 2023 :
696 1971 1031 2022 contrarium
1094 1984 1221 2021 vero
1284 1967 1351 2019 iis
1394 1968 1594 2025 evenit.
1633 1967 1727 2036 qui
1769 1969 1959 2021 volunt

386 2061 664 2116 hominem
715 2058 889 2114 fuisse
933 2058 1042 2112 Deo
1093 2058 1469 2126 conjunctum.
1525 2056 1683 2111 Ortlt.
1744 2057 1958 2113 Disces-

387 2151 510 2204 sisti
555 2164 585 2203 a
630 2150 914 2218 Scriptura
973 2150 1237 2202 divinitus
1288 2149 1576 2217 inSpirata,
1639 2148 1869 2218 ideoque
1924 2165 1954 2203 a

388 2242 560 2307 gratia
616 2241 890 2300 excidisti.
953 2248 1011 2292 ut
1059 2240 1151 2308 qui
1199 2255 1324 2293 cum
1392 2238 1676 2308 Scriptura
1729 2239 1879 2294 d.cat
1937 2258 1951 2294 :

392 2352 410 2382 ι
435 2332 802 2401 Λεςιιιιιρείῐ,ι
842 2341 895 2385 et
932 2350 950 2382 ι
984 2328 1205 2383 Factum
1254 2337 1359 2393 est,
1394 2349 1411 2381 ι
1439 2330 1606 2394 istud,
1634 2330 1953 2398 adjunctum

385 2434 489 2484 est,
528 2424 642 2491 ipse
680 2424 780 2475 tibi
822 2422 977 2491 quasi
1026 2423 1321 2474 cisternam
1368 2420 1704 2474 confractam
1750 2420 1950 2483 fecisti,

386 2531 507 2583 quo:
547 2530 653 2567 nun
701 2514 874 2581 possit
922 2527 1093 2581 aquas
1140 2512 1443 2566 continere.
1490 2511 1775 2577 Quomodo
1824 2528 1953 2567 vero

387 2624 496 2661 non
533 2609 613 2661 vis
658 2605 891 2659 Verbum
935 2605 1003 2657 ab
1045 2604 1280 2657 humana
1320 2614 1511 2657 natura
1550 2606 1663 2660 suis
1707 2605 1954 2658 animali-

387 2699 511 2761 bus,
573 2694 995 2749 rationabilibus
1061 2699 1113 2747 et
1180 2694 1501 2763 patibilibus
1549 2695 1786 2749 motibus
1842 2711 1951 2749 non

386 2786 633 2843 secerni?
666 2786 801 2839 Num
827 2786 972 2839 enim
1004 2785 1189 2838 divino
1220 2786 1456 2853 quodam
1490 2795 1638 2838 motu
1670 2801 1950 2849 crescens,

385 2896 415 2931 ιι
445 2887 650 2931 statura
682 2875 747 2928 ad
784 2883 1048 2928 staturam
1088 2874 1271 2927 divine
1292 2875 1568 2927 excrevit?
1594 2882 1648 2928 et
1684 2875 1951 2942 sapientia

383 2966 698 3035 proticieus,
744 2962 982 3033 profecit
1023 2970 1081 3014 ut
1127 2960 1309 3015 Deus?
1356 2969 1408 3015 et
1454 2977 1578 3015 cum
1627 2963 1849 3015 tristitia
1897 2972 1951 3016 et

384 3070 587 3124 angore
641 3054 808 3106 animi
873 3051 1204 3113 afliceretur,
1243 3067 1366 3106 cum
1428 3052 1762 3113 turbaretur,
1820 3066 1949 3103 num

382 3147 604 3199 tristitia
632 3153 685 3198 et
716 3159 918 3215 angore
962 3143 1328 3208 afficiebatur,
1367 3149 1420 3196 et
1457 3142 1780 3194 tutbabatur
1827 3150 1949 3194 tan-

380 3249 544 3305 quam
577 3236 721 3288 Deus
760 3242 814 3287 ct
846 3234 1127 3287 laborabat
1160 3240 1215 3287 et
1254 3232 1599 3301 patiebatur?
1629 3231 1802 3283 Absit.
1839 3230 1949 3285 Ιιιιο

381 3321 547 3381 sicut'
574 3341 774 3395 corpus
813 3340 880 3378 ex
922 3323 1089 3376 Maria
1132 3323 1502 3391 desumptum,
1541 3321 1679 3374 Deus
1713 3322 1948 3376 Verbum

381 3434 541 3472 suum
572 3434 694 3471 esse
723 3432 928 3486 corpus
959 3416 1119 3480 dixit,
1163 3414 1305 3484 quod
1336 3422 1517 3467 tamen
1554 3429 1660 3467 non
1695 3423 1779 3467 est
1804 3415 1951 3482 ejus-

380 3512 502 3563 dem
536 3519 695 3578 atque
725 3509 901 3563 dcitas
925 3509 1038 3578 ipsa
1075 3517 1285 3561 natura:
1315 3525 1327 3559 :
1363 3507 1436 3558 ita
1463 3507 1627 3559 etiam
1661 3521 1792 3559 suas
1819 3507 1952 3558 dicit

384 3600 709 3670 passiones,
741 3608 795 3652 et
833 3607 945 3651 tum
984 3599 1271 3659 animalis,
1303 3604 1413 3649 tum
1452 3596 1624 3664 ipsius
1666 3596 1950 3649 rationalis

381 3690 661 3744 facultatis
715 3689 1131 3750 incrementum,
1190 3702 1529 3757 quaecunque
1582 3694 1793 3740 natura:
1848 3686 1951 3738 bu-

381 3797 556 3836 mana‘.
577 3792 702 3838 sunt
723 3790 778 3836 ut
795 3783 895 3836 sibi
920 3782 1137 3851 propria
1158 3780 1462 3844 vindicans,
1483 3795 1579 3850 pro
1597 3781 1735 3834 bona
1759 3780 1947 3849 gratiae

379 3889 495 3928 siue
524 3875 820 3928 voluntate.
860 3872 952 3927 Sic
998 3875 1142 3927 enim
1192 3887 1346 3926 suam
1377 3870 1509 3925 dicit
1549 3885 1791 3933 carnem,
1827 3871 1951 3923 vitat

381 3970 826 4033 instrumentum,
854 3968 1105 4022 idoneum
1129 4008 1142 4027 .
1179 3975 1236 4019 ut
1262 3966 1462 4019 divinis
1495 3965 1743 4019 consiliis
1773 3979 1944 4033 coap-

383 4070 552 4116 tetur.
594 4058 727 4112 Nam
756 4068 815 4113 ut
856 4064 1095 4128 spueret,
1140 4073 1275 4112 usus
1318 4064 1405 4111 est
1448 4055 1695 4125 corporis
1739 4056 1947 4109 instru-

379 4162 584 4215 mento,
637 4151 930 4219 itidemque
978 4164 1238 4218 corpore,
1294 4158 1352 4202 ut
1395 4148 1739 4217 sepeliretur,
1786 4153 1841 4201 et
1892 4154 1951 4199 ut

380 4242 688 4295 voluntarie
720 4250 947 4293 mortem
986 4240 1234 4305 subiret;
1278 4253 1343 4291 ac
1386 4247 1444 4292 ut
1481 4238 1685 4293 inferos
1736 4237 1946 4306 prrrda-

2067 421 2219 489 παρά
2246 418 2335 472 τὸν
2368 419 2500 472 Θεόν
2524 419 2639 471 ἐστι
2667 421 2786 482 ταῖς
2806 418 3068 482 ζωτικαῖς
3102 420 3378 490 κινήσεσι,
3412 419 3655 486 λογιστι-

2067 514 2190 573 καῖς
2237 528 2295 564 τε
2343 510 2436 564 καὶ
2485 509 2847 579 παθητικαῖς’
2907 511 3002 561 καὶ
3057 510 3302 580 πάσχων,
3336 510 3414 571 ὼς
3466 510 3654 582 ἕτερος

2068 599 2286 670 πάσχει,
2318 601 2411 653 καὶ
2443 598 2933 670 προσκυνούμενος,
2977 599 3053 662 ὡς
3102 600 3290 669 ἕτερος
3324 602 3652 670 προσκυνεῖ-

2064 710 2174 747 ται.
2220 692 2364 764 Σάρξ
2395 692 2452 744 δὲ
2495 691 2629 744 Θεοῦ
2677 691 2824 761 ζωῆς
2856 691 3086 762 ὄργανον
3125 692 3505 762 ἁρμοζόμενον
3541 693 3653 754 τοῖς

2067 783 2263 837 πάθεσι
2314 783 2450 854 πρὸς
2501 783 2599 846 τὰς
2647 781 2797 845 θείας
2845 782 3058 852 βουλάς,
3090 785 3181 835 καὶ
3221 784 3296 852 (ιι)
3325 782 3452 836 οὔτε
3503 782 3651 850 λόγοι

2067 873 2268 942 σαρκὸς
2297 874 2439 936 ἴδιοι,
2485 871 2608 925 οὔτε
2658 873 2905 943 πράξεις,
2960 875 3056 925 καὶ
3088 877 3200 936 τοῖς
3236 874 3465 927 πάθεσιν
3516 875 3648 926 ύπο-

2067 964 2404 1033 ϐαλλομένηο
2456 962 2597 1016 κατὰ
2640 962 2699 1015 τὸ
2745 964 2907 1032 σαρκὶ
2939 964 3233 1034 προσῆκον,
3270 962 3445 1033 ἰσχύει
3492 963 3637 1017 κατά

2064 1052 2171 1105 τῶν
2210 1053 2417 1115 παθῶν,
2447 1052 2534 1104 διά
2577 1052 2638 1104 τὸ
2668 1052 2803 1104 Θεοῦ
2847 1048 2983 1105 εἶναι
3024 1052 3179 1123 σὰρξ,
3207 1052 3347 1106 ὥστε
3380 1054 3475 1106 καὶ
3500 1070 3637 1106 κατ-

2063 1142 2223 1217 άρξαι
2271 1146 2369 1213 τῆς
2420 1143 2687 1205 ἀπαθείας
2716 1145 2827 1205 τοῖς
2855 1142 2953 1212 οὐχ
2993 1141 3192 1213 ὁμοίως
3227 1142 3347 1212 μὲν,
3380 1141 3650 1211 ὁμοζώοις

2062 1236 2118 1288 δὲ
2167 1235 2379 1306 σώμασι
2410 1236 2558 1305 (10)·
2605 1236 2699 1288 καὶ
2744 1238 3127 1306 προσκυνεῖται
3169 1234 3246 1297 ὡς
3292 1235 3429 1287 Θεοῦ
3484 1232 3645 1305 σάρξ,

2062 1327 2196 1380 Θεοῦ
2225 1328 2376 1390 ὄντος
2402 1327 2542 1379 οὕτω
2570 1325 2663 1379 τοῦ
2699 1325 3172 1399 προσκυνουμένου
3193 1343 3205 1353 ·
3232 1326 3325 1378 καὶ
3346 1325 3647 1394 συνάφειαν

2063 1423 2192 1491 ἡμῖν
2229 1420 2461 1479 δίδωσιν,
2488 1411 2551 1471 οῦ
2597 1420 2713 1472 ἐστι
2745 1419 2931 1489 σῶμα’
2964 1420 3059 1471 καὶ
3091 1422 3501 1490 προσκυνεῖται,
3540 1419 3641 1488 οὐχ

2060 1511 2135 1574 ὡς
2166 1510 2392 1580 κτίσμα,
2428 1510 2510 1562 ὅτι
2552 1509 2716 1580 μηδὲν
2761 1510 2968 1579 κτίσμα
3003 1509 3168 1580 μέρος
3209 1507 3366 1561 Θεοῦ.
3415 1506 3483 1563 Οἱ
3531 1508 3645 1579 ἄρα

2064 1604 2241 1671 σάρκα
2275 1601 2459 1654 λαϐεῖν
2499 1601 2589 1654 τὸν
2614 1601 2746 1653 Θεὸν
2773 1600 3182 1664 πιστεύσαντες,
3210 1603 3307 1655 καὶ
3338 1600 3448 1653 τῶν
3478 1601 3645 1672 εὐερ-

2061 1693 2258 1761 γεσιῶν
2286 1693 2632 1763 τυγχάνουσι,
2672 1693 2768 1745 καὶ⁵
2809 1693 2909 1745 οὐκ
2940 1695 3019 1756 εἰς
3053 1692 3238 1763 ἕτερον
3270 1691 3645 1762 μεταπίπτου-

2063 1802 2175 1837 σινο
2201 1778 2274 1838 ὧν
2301 1784 2368 1836 τὰ
2391 1784 2607 1837 ὲναντία
2634 1784 2848 1854 ἔχουσιν
2882 1786 2932 1836 οἱ
2964 1783 3248 1856 ἄνθρωπον
3270 1784 3644 1856 παρεζεῦχθαι

2058 1874 2304 1943 λέγοντες
2360 1874 2479 1945 Θεῷ
2529 1874 2664 1945 (li).
2730 1876 2883 1941 Ὀρθ.
2948 1874 3326 1945 Ἀνεχώρησας
3376 1876 3477 1945 τῆς
3521 1877 3644 1928 θεο-

2059 1965 2321 2018 πνεύστου
2354 1965 2596 2036 Γραφῆς,
2630 1965 2723 2018 καὶ
2753 1965 2841 2019 διά
2869 1965 3027 2019 τοῦτο
3053 1967 3151 2035 τῆς
3181 1967 3402 2036 χάριτος
3444 1966 3642 2032 ἐξέπε-

2060 2072 2168 2117 σες,
2187 2057 2284 2124 τῆς
2306 2055 2526 2125 Γραφῆς
2552 2054 2816 2126 λεγούσης
2844 2056 2925 2121 τὸ,
2951 2074 2969 2106 ι
2998 2055 3215 2118 Ἔλαϐε,
3243 2075 3261 2106 ι
3285 2056 3399 2119 καὶ,
3425 2074 3446 2105 ι
3488 2057 3645 2120 Ἐγέ-

2056 2165 2177 2200 νετο
2194 2164 2207 2177 ·
2240 2166 2258 2198 ι
2296 2147 2355 2200 τὸ
2383 2147 2749 2219 παρεζεῦχθαι
2777 2147 2959 2218 σαυτῷ
2982 2146 3195 2218 ὥρυξας
3224 2147 3479 2219 καθάπερ
3503 2148 3644 2202 λάξι-

2056 2257 2148 2292 κον
2192 2242 2668 2312 συντετριμμένον,
2728 2240 2803 2311 μὴ
2847 2240 3142 2311 δυνάμενον
3177 2239 3324 2312 ὕδωρ
3366 2242 3639 2311 συνέχειν.

2056 2330 2179 2394 Πῶς
2211 2331 2268 2383 δὲ
2309 2332 2369 2384 ού
2405 2332 2578 2396 θέλεις
2611 2336 2732 2397 ταῖς
2761 2332 3018 2396 ζωτικαῖς
3050 2333 3142 2385 καὶ
3175 2332 3513 2400 λογιστικαῖς
3547 2336 3643 2388 καὶ

2055 2423 2382 2493 παθητικαῖς
2411 2425 2656 2495 κινήσεσι.
2688 2422 3019 2495 χωρίζεσθαι
3064 2424 3155 2477 τὸν
3205 2424 3377 2491 Λόγον
3405 2428 3508 2495 τῆς
3538 2428 3640 2479 άν-

2058 2511 2441 2583 θρωπότητοςς
2475 2509 2622 2584 *Αρυι
2663 2513 2774 2584 γὰρ
2818 2513 2911 2566 καὶ
2937 2510 3203 2579 αὐξάνων,
3231 2512 3387 2584 θεῖκῇ
3418 2516 3641 2584 κινήσει

2053 2601 2159 2654 ἀπὸ
2183 2602 2398 2671 ἡλικίας
2441 2604 2519 2665 είς
2548 2603 2762 2673 ἡλικίαν
2793 2602 2990 2666 θεῖκῶς
3014 2602 3287 2672 ηὖξανενς
3318 2605 3432 2657 Καὶ
3473 2606 3642 2676 σοφίᾳ

2054 2691 2404 2761 προκόπτων,
2457 2691 2653 2754 θεῖκῶς
2699 2691 3102 2763 προσέκοπτεν;
3140 2693 3250 2746 Καὶ
3295 2692 3640 2764 λυπούμενος

2053 2787 2147 2837 κα)⁸
2169 2784 2437 2852 ἀγωνιῶν.
2462 2783 2556 2837 καὶ
2586 2783 3003 2854 ταραττόμενος,
3036 2782 3233 2847 θεῖκῶς
3266 2783 3523 2838 ἐλυπεῖτο
3544 2787 3641 2839 καὶ

2052 2876 2277 2945 ἠγωνία,
2305 2876 2397 2928 καὶ
2420 2874 2761 2947 ἐταράττετο,
2786 2875 2881 2929 καὶ
2907 2874 3102 2929 ἐκοπία
3130 2876 3223 2929 καὶ
3250 2875 3488 2945 ἔπασχεν
3508 2894 3524 2942 ;
3545 2878 3640 2931 Μὶν

2054 2967 2288 3035 γένοιτοί
2326 2966 2463 3019 Ἀλλ’
2485 2965 2673 3038 ὥσπερ
2700 2966 2761 3019 τὸ
2796 2967 2957 3037 σῶμα
2984 2966 3044 3020 τὸ
3070 2968 3135 3019 ὲκ
3169 2967 3409 3039 Μαρίας,
3435 2970 3638 3022 ἑαυτοῦ

2056 3058 2216 3118 σῶμα
2255 3056 2438 3125 ἔλεγεν
2479 3059 2507 3110 ὁ
2539 3057 2669 3119 Θεὸς
2700 3056 2889 3125 Λόγος,
2926 3057 2985 3109 ού
3015 3057 3116 3127 τῆς
3148 3058 3316 3127 αὐτῆς
3357 3059 3552 3123 οὐσίας
3579 3060 3639 3112 ὃν

2052 3152 2115 3218 τῇ
2150 3148 2393 3218 θεότητι·
2431 3146 2573 3201 οὕτω
2603 3148 2698 3200 καὶ
2731 3147 2798 3200 τά
2831 3147 2976 3217 πάθη
3006 3148 3100 3201 καὶ
3130 3147 3228 3218 τὴν
3261 3145 3493 3220 αὔξησιν
3535 3150 3636 3221 τὴν

2052 3236 2285 3309 ζωτικὴν
2310 3240 2404 3291 καὶ
2436 3237 2745 3309 λογιστικὴν
2777 3238 2969 3291 ἑαυτοῦ
3004 3238 3173 3306 λέγει,
3210 3239 3638 3311 ίδιοποιούμενος

2051 3331 2230 3383 πάντα
2272 3329 2371 3399 τῆς
2418 3329 2832 3403 ἀνθρωπότητος
2879 3333 2944 3401 τῇ
2987 3330 3205 3401 εύδοκίᾳ
3241 3330 3342 3399 τῆς
3373 3333 3633 3405 χάριτος·

2050 3420 2312 3483 ὡσαύτως
2345 3421 2439 3474 καὶ
2472 3421 2582 3491 (1‘2)
2604 3423 2702 3492 τὴν
2737 3422 2917 3493 σάρκα
2954 3420 3103 3493 ζωῆς
3134 3422 3366 3493 δργανον
3396 3425 3638 3496 ἁρμοζό-

2053 3528 2211 3581 μενον
2240 3511 2375 3581 πρὸς
2404 3512 2503 3575 τὰς
2545 3510 2695 3574 θείας
2736 3511 2951 3581 βουλάς.
2991 3512 3105 3565 ’Ὶνα
3148 3513 3258 3585 γάρ
3288 3514 3490 3586 πτύσῃ,
3526 3514 3636 3567 σώ-

2054 3619 2184 3672 ματι
2218 3602 2481 3673 κέχρηται
2521 3602 2770 3673 ὀργάνῳ·
2822 3603 2908 3655 ἵνα
2951 3606 3120 3673 ταφῇ,
3155 3605 3357 3674 ὁμοίως
3401 3605 3481 3674 τῷ
3524 3604 3635 3657 σώ-

2054 3710 2183 3761 ματι
2203 3710 2216 3722 ·
2249 3693 2335 3746 ἵνα
2368 3693 2421 3745 δὲ
2456 3694 2603 3766 πάθῃ
2634 3695 2913 3758 ἑκουσίως,
2946 3696 3040 3748 καὶ
3085 3695 3171 3747 ἴνα
3209 3696 3299 3748 τὸν
3334 3696 3470 3766 ᾅδην
3502 3713 3640 3748 σκυ-

2047 3780 2235 3853 λεύσῃ,
2254 3784 2319 3852 τῇ
2341 3782 2508 3853 ψυχῇ,
2528 3782 2595 3852 ἢν
2625 3782 2776 3849 ἔλεγε
2808 3782 3011 3835 τιθέναι
3030 3782 3170 3855 ὑπὲρ
3191 3783 3298 3835 τῶν
3316 3782 3635 3853 προϐάτων.

2048 3869 2157 3923 Καὶ
2198 3868 2322 3921 οὔτε
2367 3869 2655 3941 ἀνθρώπου
2702 3870 2849 3938 λόγοι
2903 3870 3045 3936 ἴδιοι,
3099 3870 3224 3923 οὔτε
3270 3872 3327 3925 αἱ
3366 3872 3634 3943 πράξεις’

2049 3957 2187 4029 σάρξ
2230 3958 2285 4011 δὲ
2327 3962 2439 4022 τοῖς
2488 3961 2716 4013 πάθεσιν
2755 3959 2888 4031 (l5),
2924 3961 3337 4032 ὑποῦαλλομένη
3386 3965 3533 4015 κατά
3574 3962 3641 4014 τὸ

2048 4049 2317 4121 ἀνθρώπῳ
2347 4051 2644 4121 προσῆκον,
2679 4051 2852 4121 ἰσχύει
2881 4052 3020 4104 κατά
3053 4052 3161 4104 τῶν
3188 4052 3375 4105 παθῶν
3406 4052 3499 4106 διὰ
3534 4055 3638 4126 τὴν

2048 4142 2184 4213 πρὸς
2215 4141 2306 4194 τὸν
2338 4142 2470 4195 Θεὸν
2497 4142 2713 4196 ἕνωσιν.
2754 4161 2773 4192 ι
2819 4143 3119 4214 Ἀμαρτίαν
3154 4144 3261 4214 γάρ
3299 4145 3399 4197 ούκ
3442 4146 3640 4217 ἐποίη-

2049 4253 2163 4298 σεν,
2190 4234 2310 4288 οὐδὲ
2340 4234 2536 4305 εὑρέθη
2561 4234 2710 4298 δόλος
2741 4237 2800 4288 ὲν
2828 4238 2907 4304 τῳ
2938 4236 3165 4305 στόματι
3206 4236 3395 4293 αὑτοῦ.
3436 4255 3455 4285 ι
3488 4236 3639 4289 ὥστε

378 4342 551 4395 retur,
602 4333 838 4384 animam
887 4331 1158 4390 adhibuit,
1196 4345 1356 4398 quam
1398 4344 1518 4383 sese
1542 4330 1678 4382 dixit
1704 4343 1801 4397 pro
1831 4327 1946 4381 suis

2058 4325 2316 4396 κατάρξαι
2358 4326 2458 4394 τῆς
2490 4326 2756 4389 ἀπαθείας
2788 4329 2901 4389 τοῖς
2939 4327 3161 4396 ὁμοίοις.
3208 4345 3228 4377 ι
3272 4327 3572 4396 Ὠμοίωται
3615 4347 3637 4380 ι

379 4424 576 4477 ovibus
622 4422 916 4491 deponere.
968 4422 1154 4491 Neque
1205 4437 1488 4477 sermones
1534 4431 1665 4477 sunt
1712 4423 1948 4474 hominis

380 4515 607 4585 proprii,
650 4530 825 4582 neque
856 4514 1120 4566 actiones.
1152 4513 1295 4567 Caro
1336 4528 1486 4575 vero,
1532 4520 1695 4581 prout
1740 4511 1947 4565 homini

379 4605 656 4666 convenit,
718 4602 1171 4671 perpessionibus
1231 4603 1475 4672 subjecta
1529 4602 1780 4672 superior
1835 4603 1946 4656 ilis

379 4692 561 4749 evadit
600 4701 821 4761 propter
862 4693 1006 4742 illam
1052 4707 1177 4744 cum
1215 4690 1320 4745 Deo
1368 4693 1691 4746 unitionem.
1733 4711 1752 4742 ι
1808 4691 1943 4747 Nam

377 4792 657 4856 peccatum
701 4798 806 4836 non
849 4781 993 4844 feeit,
1041 4799 1216 4852 neque
1249 4784 1300 4836 in
1337 4800 1432 4838 ore
1471 4786 1642 4853 ipsius
1691 4785 1945 4840 inventus

377 4886 461 4931 est
492 4877 649 4929 dolus
679 4875 743 4937 “,
780 4893 797 4925 ι
829 4882 887 4925 ut
910 4874 978 4927 sit
1012 4874 1095 4927 sui
1122 4876 1389 4928 similibus
1419 4884 1610 4928 auctor
1641 4890 1705 4929 ac
1740 4877 1944 4945 princi-

376 4972 525 5039 pium
555 4968 887 5023 indoleutiaa.
925 4984 942 5015 ι
973 4964 1066 5019 Est
1103 4985 1120 5016 ι
1158 4967 1323 5020 enim,
1348 4967 1488 5022 Deus
1520 4966 1752 5022 Verbum
1790 4987 1808 5018 ι
1846 4984 1943 5038 per

371 5060 559 5114 onunia
585 5059 845 5113 fratribus
867 5056 981 5110 suis
1006 5056 1202 5111 similis
1228 5052 1489 5121 factus",
1529 5077 1547 5108 ι
1581 5074 1703 5112 cum
1731 5068 1943 5115 natura:

447 5212 489 5243 “
531 5213 634 5268 lsa.
672 5230 797 5277 ιιιι,
835 5214 904 5281 9;
943 5212 957 5265 l
992 5212 1136 5267 Pctr.
1178 5230 1247 5274 ιι,
1281 5212 1370 5267 22.
1452 5213 1494 5243 ¹¹
1534 5211 1697 5268 Ilehr.
1740 5227 1813 5277 tt,
1855 5214 1940 5268 Π.

449 5370 525 5430 (9i
562 5372 653 5422 Sic
680 5388 791 5425 mss
843 5371 898 5423 In
930 5372 1092 5427 «ditis
1117 5388 1264 5429 vero,
1299 5369 1391 5423 καί
1422 5370 1598 5422 deost.

448 5438 559 5507 (i0)
589 5440 739 5497 Mss.
774 5446 883 5494 τοῖ;
906 5444 1104 5511 ὁμοίως
1139 5444 1256 5511 μὲν,
1291 5442 1389 5510 οὐχ
1423 5440 1685 5510 ὁμοζωοις
1711 5439 1766 5491 δὲ
1803 5436 1945 5509 σώμ.

378 5505 496 5581 Matt
530 5511 723 5581 Palat.,
744 5511 816 5573 ὡς
842 5505 971 5573 Θεὸς
1004 5505 1157 5581 σάρξ.

445 5578 561 5649 (ll)
595 5582 786 5644 l'alat.,
826 5582 873 5633 οἱ
907 5578 1182 5651 άνίιριιέποι
1212 5580 1269 5633 τὸ
1297 5578 1665 5650 παρεζεῦχθαι
1697 5578 1948 5647 λέγοντες

2053 4419 2163 4489 γάρ
2187 4437 2204 4467 ι
2235 4417 2376 4469 κατά
2408 4418 2581 4469 πάντα
2608 4420 2720 4480 τοῖς
2749 4418 2996 4486 ἀδελφοῖς
3024 4420 3051 4471 ὁ
3079 4418 3210 4480 Θεὸς
3231 4418 3426 4485 Λόγος,
3455 4439 3472 4468 ι
3500 4421 3645 4474 ἑνω-

2055 4510 2167 4573 θεὶς
2209 4509 2607 4580 ἀνθρωπότητι,
2641 4510 2736 4562 καὶ
2769 4513 3153 4581 προσκυνεῖται
3187 4510 3319 4572 Θεὸς
3363 4510 3649 4581 ὲνανθρω-

2053 4605 2229 4675 πήσας
2250 4619 2265 4632 ·
2307 4604 2401 4655 καὶ
2434 4602 2728 4671 συνάφειαν
2754 4604 2884 4672 ἡμῖν
2914 4601 3053 4672 πρὸς
3085 4601 3247 4673 αὑτὸν
3287 4601 3498 4665 δίδωσι,
3539 4622 3645 4672 με-

2050 4694 2260 4764 τασχὼν
2287 4693 2515 4763 αἵματος
2548 4693 2641 4745 καὶ
2672 4692 2894 4764 σαρκὸς,
2929 4693 3023 4745 καὶ
3061 4695 3453 4763 προσκυνεῖται
3482 4695 3513 4745 ὁ
3545 4696 3648 4746 αύ-

2047 4788 2157 4851 τὸς,
2176 4785 2365 4839 ἐνὼσει
2390 4788 2456 4856 τῇ
2490 4786 2789 4856 πρὸςήμᾶς
2813 4785 2887 4848 ὡς
2912 4784 3214 4856 ἄνθρωπος,
3251 4782 3414 4851 φύσει
3462 4784 3520 4835 δὲ
3547 4787 3647 4839 καὶ

2048 4879 2205 4948 οὐσίᾳ.
2228 4877 2303 4929 ὣν
2318 4877 2469 4939 Θεός.
2486 4877 2622 4929 Τίνδὲ
2649 4878 2744 4930 καὶ
2770 4876 2948 4945 λέγειν
2981 4876 3285 4946 ἐτόλμησας
3319 4876 3488 4945 μέρος
3503 4876 3645 4930 Θεοῦ

2048 4969 2143 5039 τὴν
2171 4968 2346 5038 σάρκα
2370 4968 2468 5037 τὴν
2484 4970 2548 5021 ὲκ
2565 4968 2877 5039 σπέρματος
2890 4968 3073 5032 Δαϐὶδ,
3090 4968 3189 5038 τὴν
3218 4971 3285 5022 ὲκ
3306 4969 3531 5039 Μαρίας
3544 4969 3646 5038 τῆς

2048 5059 2327 5133 Παρθένου
2349 5100 2364 5124 ,
2388 5058 2486 5130 τὴν
2513 5061 2572 5113 ού
2600 5061 2869 5132 φαντασίᾳ
2906 5060 3104 5134 σάρκα,
3124 5060 3237 5115 ἀλλ’
3266 5059 3525 5131 ἀληθείᾳ,
3549 5061 3647 5114 καὶ

2059 5363 2212 5419 Θεόν.

2129 5436 2239 5499 (1:2)
2272 5430 2382 5487 Καί
2416 5433 2568 5488 abest
2597 5449 2625 5486 a
2669 5447 2801 5489 mss.

2128 5507 2238 5576 (15)
2253 5504 2413 5579 βεδε,
2434 5503 2558 5579 οῦτε
2587 5505 2619 5573 ἡ
2652 5506 2848 5579 πρᾶξις
2874 5505 2986 5565 τοῖς
3022 5502 3269 5557 πάθεσιν.
3309 5503 3488 5560 Patth
3513 5510 3645 5579 post

2058 5574 2228 5639 mss,
2251 5575 2422 5644 ἰσχύει
2454 5574 2511 5626 δὲ
2538 5574 2697 5629 κατά.
