3850 6226
121 246 263 303 1285

1113 242 1196 297 DE
1237 244 1507 301 SANCTA
1547 242 1915 299 TRlNlTATE
1953 243 2302 302 DIALOGUS
2345 246 2408 302 V.

3246 238 3384 294 1236

124 358 261 426 μετὰ
290 356 388 427 τὴν
418 355 708 410 ἀνάστασιν
731 361 1023 428 φανεῖσαν;
1056 360 1402 430 Νομιζὸντων
1435 362 1543 433 γὰρ
1589 360 1697 413 τῶν

1808 363 2049 414 humanae
2067 362 2334 418 uniretur.
2355 368 2409 414 et
2431 349 2691 412 adoratur
2708 355 2850 413 Deus
2866 357 3029 413 homo
3054 357 3249 421 factus,
3266 357 3377 413 sui-

124 447 380 518 μαθητῶν
404 449 692 518 φάντασμα
708 446 867 514 εἶναι,
883 451 963 502 ὅτι
978 450 1086 503 τῶν
1104 450 1279 523 θυρῶν
1296 452 1696 521 κεκλεισμένων

1808 466 1904 521 que
1922 452 2204 504 nobiscum
2223 451 2664 518 conjunctionem
2681 450 2841 505 nobis
2857 450 3079 519 praebet,
3102 450 3378 520 particeps

120 540 386 611 εἰσῆλθεν,
408 541 780 611 ὑπομνήσθητι
803 540 968 594 αὐτοῦ
990 541 1096 594 τῶν
1121 541 1314 609 λόγων,
1343 543 1430 594 ἵνα
1458 543 1698 611 ἀκούσῃς
1745 554 1749 575 ί

116 627 216 681 τόο
258 647 276 679 ι
307 628 678 700 Ψηλαφήσατέ
726 647 813 699 με,
850 632 944 683 καὶ
974 629 1131 693 ἴδετε,
1163 632 1242 683 ὃτι
1283 632 1496 700 πνεῦμα
1523 632 1699 700 σάρκα

123 719 220 777 καὶ
248 719 409 771 ὀστέα
437 721 537 772 οὐκ
560 718 692 788 ἔχει,
711 718 892 782 καθὼς
913 721 1012 789 ἐμὲ
1035 721 1194 791 ὁρᾶτε
1230 721 1438 789 ἔχοντα.
1477 742 1494 767 ι
1513 721 1617 773 Τοῦ
1642 720 1698 773 δὲ

121 811 363 881 ἀμεροῦς
386 810 519 864 Θεοῦ
540 812 655 875 πῶς
673 808 780 865 οἷόν
796 812 855 863 τέ
871 814 985 864 ἐστι
1004 814 1166 883 μέρος
1186 813 1397 882 νοῆσαι,
1418 813 1511 866 καὶ
1526 812 1716 874 ταῦτα,

124 902 326 973 σάρκα,
347 904 445 974 τῆς
461 906 559 974 σῆς
584 905 698 956 ἐστι
720 903 907 973 σοφίας
933 903 1324 974 ἐξηγήσασθαι.

1804 542 1983 596 lactus
2015 542 2302 610 sanguinis
2330 549 2386 595 et
2422 541 2608 607 carnis
2655 560 2668 595 :
2714 540 2966 610 idemque
3000 539 3285 601 adoratur,
3314 548 3377 594 ut

1760 637 1895 702 ,qui
1951 634 2114 688 homo
2153 634 2370 704 quidem
2419 633 2511 695 sil,
2559 635 2817 702 quoniam
2865 633 3026 687 nobis
3056 630 3375 693 estunitus.

1773 752 1778 756 -
1806 733 2003 777 natura
2037 741 2168 778 vero
2213 735 2268 780 et
2301 726 2605 780 substantia
2637 725 2709 778 sil.
2741 723 2903 779 Deus.
2932 723 3204 789 Quorsum
3245 736 3381 777 vero

1807 833 1977 872 ausus
2001 818 2164 871 etiam
2192 833 2253 871 es
2285 818 2470 871 dicere
2511 815 2815 885 portionem
2852 814 2948 869 Dei
2992 829 3117 869 esse
3157 828 3377 867 carnem

1710 929 1726 941 -
1810 906 1957 958 illam
2009 922 2131 975 quae
2184 922 2248 959 ex
2306 905 2516 959 semine
2565 903 2787 959 Davidis
2828 911 2935 966 cst,
2985 911 3040 957 et
3086 919 3153 957 ex
3208 900 3380 955 Maria

124 994 371 1065 Virgine,
421 1010 649 1064 quaeque
697 1010 819 1050 sese
892 1011 996 1050 non
1047 997 1368 1065 phantasia,
1438 997 1535 1050 sed
1585 998 1761 1066 reipsa
1799 1013 2021 1052 carnem
2065 1013 2210 1060 esse,
2259 1006 2383 1067 post
2426 997 2600 1066 ipsam
2646 1012 2865 1066 quoque
2909 995 3376 1049 resurrectionem

121 1088 558 1143 demonstravit?
599 1087 736 1142 Cum
795 1089 939 1142 enim
997 1089 1378 1143 existimarent
1431 1089 1687 1157 discipuli
1766 1091 2089 1160 phantasma
2143 1106 2305 1154 esse,
2349 1092 2571 1159 quando
2612 1090 2797 1158 jauuis
2849 1090 3054 1143 clausis
3096 1092 3380 1158 ingressus

122 1189 233 1239 est.
268 1191 533 1233 memento
579 1193 768 1232 eorum
817 1195 938 1249 quae
970 1187 1082 1232 tum
1147 1182 1262 1249 ipse
1309 1181 1484 1240 dixit,
1525 1190 1582 1233 ut
1624 1182 1816 1235 audias
1850 1220 1865 1239 ς

1954 1201 1972 1232 ι
2026 1181 2248 1251 Palpate
2316 1198 2400 1236 me
2467 1191 2521 1236 et
2565 1182 2772 1245 videte,
2805 1184 2931 1251 quia
2981 1183 3209 1252 spiritus
3251 1195 3377 1233 car-

125 1287 254 1324 nem
306 1276 362 1323 et
419 1284 545 1324 ossa
598 1286 707 1324 non
758 1270 959 1334 habet,
1015 1272 1158 1324 sicut
1210 1288 1294 1324 me
1355 1272 1547 1327 videtis
1601 1273 1799 1328 habere
1828 1274 1892 1328 ¹³.
1929 1293 1948 1323 ι
2011 1274 2279 1328 Caeterum
2353 1289 2477 1326 cum
2536 1272 2674 1327 Deus
2740 1273 2813 1326 sit
2851 1273 3030 1327 omnis
3066 1273 3380 1343 partitionis

123 1378 344 1434 expers,
370 1362 641 1432 quomodo
671 1363 1025 1434 intelligatur,
1053 1372 1109 1417 ut
1139 1364 1322 1434 aliqua
1368 1366 1539 1433 ipsius
1573 1367 1771 1436 portio,
1805 1382 1868 1420 ac
1916 1366 2211 1435 prmscrtim
2255 1380 2375 1435 quae
2432 1366 2503 1420 sit
2530 1380 2678 1429 caro,
2714 1374 2808 1419 tua
2874 1365 3049 1434 possit
3114 1365 3380 1433 sapientia

125 1454 413 1524 explicari.

201 1547 290 1601 50.
343 1548 584 1601 Ἀπολλ.
632 1548 696 1600 Εἰ
740 1546 894 1620 σὰρξ,
945 1547 1020 1611 ὡς
1080 1549 1574 1620 ὲπιστρατευομένη
1619 1549 1697 1621 τῷ

1881 1541 2042 1612 472
2087 1541 2173 1595 ⁵50.
2215 1540 2389 1609 Apoll.
2442 1538 2499 1593 Si
2547 1555 2675 1594 caro
2711 1546 2793 1593 cst
2836 1539 3082 1607 sejuncta
3115 1554 3145 1593 a
3174 1549 3378 1604 mente,

123 1637 228 1709 νῷ,
261 1635 583 1707 κεχώρισται
618 1636 711 1690 τοῦ
741 1637 855 1699 νοῦ,
888 1638 1026 1691 κατὰ
1059 1639 1150 1691 τὸν
1189 1639 1527 1703 Ἀπὸστολον,
1551 1642 1579 1693 ὁ
1603 1640 1701 1712 τὴν

126 1731 312 1801 σάρκα
335 1729 512 1781 λαϐὼν
538 1728 666 1792 Θεὸς
695 1729 801 1783 ἀπὸ
828 1729 1026 1798 ταύτης
1048 1729 1159 1800 ἔχει
1190 1731 1287 1794 τὰς
1321 1732 1703 1802 ἐπιστρατευο-

128 1822 302 1892 μὲνας
332 1821 421 1873 ἐπὶ
444 1820 567 1874 νοῦν
593 1821 856 1890 κινήσεις,
886 1820 1034 1891 αὐτῷ
1066 1821 1123 1874 δὲ
1152 1823 1226 1893 μὴ
1267 1823 1706 1893 ὑποταττομένας

124 1912 207 1974 ὡς
240 1913 610 1982 ἀνταγωνιστῇ
652 1910 728 1981 τῷ
775 1911 870 1981 νῷ.
919 1911 982 1965 Εἰ
1023 1911 1080 1965 δὲ
1117 1910 1292 1974 τοῦτο,
1324 1914 1424 1966 οὐκ
1469 1915 1633 1976 αὐτὸς
1678 1916 1707 1967 ὁ

124 2005 378 2073 πάσχων,
410 2001 542 2055 καθὸ
569 2002 720 2066 Θεός.
770 2004 922 2071 Ὀρθ.
965 2004 1083 2057 Τίνι
1121 2005 1226 2077 γὰρ
1254 2005 1362 2058 τῶν
1398 2006 1568 2074 ἁγίων
1609 2008 1708 2079 οὐχ

125 2094 486 2164 ὑπετάγησαν
528 2095 581 2145 αἱ
610 2094 1128 2164 ἐπιστρατευόμεναι
1153 2095 1230 2164 τῷ
1271 2093 1345 2165 νῷ
1370 2099 1645 2165 κινήσεις;
1672 2095 1706 2167 ἢ

126 2185 251 2247 πῶς
279 2185 441 2253 ἅγιοι,
472 2185 521 2236 εἰ
568 2182 643 2254 μὴ
671 2183 942 2247 ὑπέταξαν
969 2185 1171 2249 αὐτάς;
1200 2186 1262 2237 Ei
1305 2185 1361 2237 δὲ
1386 2184 1461 2254 τῷ
1489 2184 1563 2254 νῷ
1598 2185 1708 2237 τῶν

127 2274 307 2343 ἁγίων
336 2273 681 2345 ὑπετάγησαν
713 2275 767 2326 αἱ
807 2275 1354 2346 ἀντιστρατευόμεναι
1394 2274 1469 2345 τῷ
1511 2275 1586 2345 νῷ
1628 2294 1711 2329 κι-

125 2368 337 2436 νήσεις,
376 2365 489 2428 πῶς
511 2366 631 2435 οὐχὶ
667 2364 745 2434 τῷ
780 2363 897 2434 Θεῷ
922 2364 1077 2435 Λόγῳ
1102 2366 1210 2436 (id)
1253 2367 1705 2437 ὑποταγήσονται,

127 2455 389 2508 ἑνωθέντι
426 2455 566 2526 ψυχῇ
608 2452 770 2527 νοερᾷ
804 2454 941 2525 μετὰ
983 2452 1202 2527 σαρκὸς,
1238 2457 1323 2509 ἵνα
1352 2457 1492 2510 κατὰ
1532 2457 1710 2510 πάντα

126 2549 246 2609 τοῖς
276 2546 521 2614 ἀδελφοῖς
546 2535 978 2618 ὀμοιωθῇ’χωρὶς
1017 2546 1309 2618 ἁμαρτίας,
1349 2547 1441 2600 καὶ
1549 2548 1710 2611 αὐτὸς

125 2633 269 2696 Θεὸς
313 2634 407 2686 καὶ
451 2632 771 2703 ἄνθρωπος;
811 2633 875 2687 Ti
921 2635 978 2687 δὲ
1027 2631 1166 2688 εἶναι
1212 2634 1354 2688 θέλει
1396 2635 1486 2698 τὸ,
1540 2637 1602 2688 Εἰ
1653 2636 1709 2689 δὲ

126 2723 314 2786 τοῦτο,
349 2726 447 2777 οὐκ
478 2724 638 2789 αὐτὸς
683 2726 711 2777 ὁ
758 2726 1004 2796 πάσχων,
1035 2726 1171 2779 καθὸ
1217 2726 1369 2791 Θεὸς,
1411 2726 1558 2780 ἄλλοι
1585 2726 1711 2797 νοή-

129 2830 343 2877 σουσιν,
368 2817 416 2867 οἱ
443 2816 870 2887 ὲπιγραςρόμενοί
924 2834 982 2870 σε
1017 2817 1355 2871 διδάσκαλον.

1806 1643 1992 1704 utpote
2039 1635 2301 1687 adversus
2353 1641 2587 1686 mentem
2649 1632 2847 1685 bellum
2905 1646 3124 1701 gerens,
3185 1643 3243 1685 ut
3302 1635 3382 1687 ait

1806 1725 2123 1794 Apostolus,
2158 1721 2300 1777 Deus
2344 1732 2624 1791 assumpta
2668 1737 2856 1784 carne,
2888 1728 3070 1777 motus
3115 1723 3277 1776 etiam
3311 1726 3381 1777 ab

1807 1833 1870 1872 ea
1925 1816 2119 1884 recipit
2167 1814 2435 1869 adversus
2500 1825 2732 1867 mentem
2790 1814 3210 1884 belligerantes,
3275 1816 3381 1885 ipsi

1806 1926 1936 1964 vero
1971 1911 2157 1968 menti.
2193 1916 2252 1962 ut
2300 1908 2552 1978 opposito
2598 1907 2943 1973 adversario,
2983 1908 3207 1963 minime
3250 1909 3385 1962 subn

1804 2004 1999 2072 jectas.
2047 2001 2202 2068 Quod
2250 2002 2292 2055 si
2336 2001 2409 2053 ita
2459 2010 2563 2062 est,
2614 2016 2721 2053 non
2766 2001 2812 2055 is
2858 2009 2941 2054 est
2992 2002 3130 2070 ipse,
3171 2002 3260 2071 qui
3313 2001 3387 2055 sit

1809 2109 2025 2164 passus,
2090 2100 2360 2162 quatenus
2406 2099 2489 2145 est
2545 2090 2709 2145 Deus.
2767 2088 2921 2146 Orth.
2971 2090 3200 2145 Cuinam
3253 2107 3383 2145 vero

1808 2193 2123 2241 sanctorum
2175 2193 2354 2237 motus
2391 2183 2466 2235 illi
2501 2182 2766 2236 adversus
2797 2192 3031 2237 mentem
3075 2191 3383 2253 pugnantes

1816 2293 1925 2330 non
1960 2275 2182 2329 fuerunt
2211 2274 2455 2328 subditi?
2485 2281 2577 2326 aut
2599 2274 2869 2342 quoruodo
2901 2276 3098 2337 sancti,
3135 2275 3238 2329 nisi
3277 2276 3384 2329 sibi

1811 2368 1936 2421 illos
1983 2365 2355 2434 subjccerint?
2395 2362 2550 2429 Quod
2598 2365 2646 2419 si
2693 2373 3011 2419 sanctorum
3048 2365 3213 2419 nzenti
3251 2366 3385 2419 sith-

1807 2459 1937 2526 jccti
1973 2457 2124 2509 fuere
2172 2454 2341 2508 animi
2371 2464 2574 2517 motus,
2615 2454 2888 2524 quomodo
2941 2455 3106 2525 igitur
3153 2455 3385 2523 subjecti

1810 2564 1918 2601 non
1947 2546 2146 2599 fuerint
2187 2546 2289 2615 ipsi
2320 2543 2430 2599 Deo
2464 2544 2662 2609 Verbo,
2699 2545 2893 2600 anima:
2922 2546 3243 2616 intelligenti
3274 2562 3385 2599 una

1818 2652 1943 2690 cum
1985 2652 2151 2690 carne
2185 2637 2355 2698 unito,
2391 2643 2448 2688 ut
2494 2643 2721 2706 excepto
2771 2644 2996 2704 peccato
3047 2636 3229 2691 simile
3279 2651 3381 2704 per

1810 2729 1992 2782 omnia
2042 2727 2305 2781 fratribus
2340 2728 2429 2794 sit,
2468 2727 2720 2796 idemque
2768 2725 2909 2781 Deus
2962 2734 3016 2779 et
3067 2727 3229 2781 homo
3275 2726 3387 2780 sit?

1812 2817 1949 2885 Quid
1986 2830 2148 2889 porro
2176 2817 2282 2873 sibi
2321 2819 2447 2872 velit
2476 2818 2642 2882 istud,
2678 2815 2832 2883 Quod
2864 2818 2908 2872 si
2945 2817 3019 2871 ita
3044 2826 3152 2882 est,
3185 2833 3294 2872 non
3335 2816 3384 2870 is

127 2916 222 2960 est
251 2908 345 2976 qui
380 2924 576 2978 passus
613 2918 718 2975 est,
754 2918 1022 2981 quatenus
1050 2911 1216 2975 Deus,
1244 2913 1331 2966 alii
1368 2912 1690 2984 intelligent,
1721 2914 1815 2969 oui
1847 2923 1899 2970 te
1929 2914 2250 2985 magistrum
2283 2913 2591 2967 inscribunt

208 3062 254 3094 "
284 3060 419 3116 Luc.
440 3078 589 3127 xxiv,
622 3061 711 3117 '55.

201 3210 321 3292 (Ἠ)
363 3219 454 3272 Sic
484 3230 614 3272 mss.
648 3217 727 3288 τῷ
765 3215 841 3287 νῷ
874 3217 1134 3288 κινήσεις,
1187 3216 1306 3280 πῶς
1350 3226 1441 3269 ονν
1469 3215 1591 3286 οὐχὶ
1623 3214 1700 3287 τῷ

1808 3214 1859 3286 ᾧ
1883 3217 1947 3269 Δ.
1980 3216 2167 3272 multis
2199 3216 2441 3282 omissis,
2480 3217 2546 3270 δι’
2575 3216 3002 3288 ὁμοιοτέλευτον.

374 3532 501 3618 ΙΝ
574 3525 1484 3635 SUBSEQUENTIA
1566 3528 1747 3615 ΧΧ
1818 3525 2433 3619 OPUSCULA
2508 3527 3137 3619 MONITUM.

206 3734 249 3788 Ι.
293 3730 358 3785 1η
401 3730 667 3802 sequentia
715 3726 966 3796 opuscula
1009 3726 1119 3781 lucc
1158 3725 1541 3781 Felckmannus
1586 3726 1740 3781 habet
1780 3742 1801 3781 :
1839 3725 1915 3782 De
1948 3728 2034 3782 his
2069 3728 2214 3782 aliud
2247 3743 2469 3783 monere
2509 3745 2618 3784 non
2670 3729 2934 3785 habemus
2965 3744 3128 3798 quam
3164 3737 3388 3782 exstare

122 3842 194 3882 ea
244 3825 301 3877 in
344 3822 469 3877 cod.
504 3821 611 3875 illis
648 3836 923 3875 manuscr.
966 3818 1137 3873 Palat.
1180 3833 1311 3883 uno,
1346 3825 1401 3873 et
1429 3818 1659 3890 August.
1706 3819 1879 3873 altero
1917 3817 2171 3889 (quorum
2208 3821 2371 3889 paulo
2402 3827 2531 3875 ante
2575 3819 2803 3891 mentio)
2840 3820 2908 3873 ab
2941 3819 3129 3873 eodem
3164 3819 3383 3874 Andrea

123 3915 424 3972 Dermario
468 3912 782 3983 Epidaurio,
820 3912 994 3967 Toleti
1027 3919 1082 3967 et
1108 3910 1345 3966 Venetiis
1378 3912 1619 3981 scriptis,
1648 3918 1702 3966 et
1734 3918 1794 3965 ut
1825 3912 2125 3967 verisimile
2154 3919 2260 3976 est,
2296 3929 2365 3967 ex
2410 3913 2602 3967 eodem
2645 3912 2852 3967 codice.
2894 3911 3044 3967 l‘mie
3079 3912 3242 3965 etiam
3272 3918 3380 3971 est,

125 4011 284 4081 quod
312 4011 422 4064 duo
464 4010 555 4064 isti
593 4010 810 4063 codices
846 4022 971 4061 raro
1002 4006 1236 4071 variant,
1265 4015 1322 4060 ut
1355 4008 1409 4060 in
1441 4022 1730 4077 progressu
1767 4006 2061 4064 videbitur.
2095 4009 2299 4063 Auctor
2333 4025 2463 4063 vero
2495 4010 2685 4063 horum
2718 4010 2858 4064 idem
2887 4011 3110 4063 omnino
3143 4009 3382 4071 videtur,

124 4106 228 4177 qui
282 4111 341 4157 et
386 4099 840 4172 prmeedentium,
894 4108 948 4153 et
1017 4098 1120 4152 nisi
1184 4113 1272 4152 me
1321 4098 1640 4166 conjectura
1691 4098 1864 4163 fallit,
1923 4101 2060 4153 vixit
2112 4107 2236 4171 post
2291 4111 2513 4155 exortus
2572 4102 2808 4156 lucreses
2872 4101 3267 4168 Eutychianam
3328 4111 3383 4156 et

124 4192 611 4251 Monotheleticam
672 4209 686 4243 :
734 4188 870 4243 adeo
930 4189 1135 4243 directe
1187 4202 1281 4242 eas
1334 4194 1669 4258 oppugnant.
1736 4187 1806 4240 At
1864 4197 2093 4258 uterque
2152 4187 2320 4243 codex
2373 4206 2495 4243 eum
2547 4191 2639 4259 qui
2699 4197 2783 4244 est
2833 4205 2885 4258 p.
2948 4190 3055 4245 £25
3127 4190 3387 4262 (excepto

120 4290 282 4362 quod
335 4287 593 4341 omittunt
644 4286 862 4353 ἀρχιεπ.
934 4281 1131 4349 Ἀλεξ.)
1176 4282 1262 4336 bis
1298 4282 1579 4350 opusculis
1631 4281 1847 4334 titulum
1893 4283 2141 4352 przeligit.
2192 4283 2321 4339 [hoc
2376 4283 2802 4346 Felckmannus,
2847 4282 3034 4351 quibus
3079 4285 3274 4354 liquet,
3326 4289 3386 4342 in

122 4383 512 4451 manuscriptis
563 4379 702 4433 unde
750 4378 860 4431 hwc
910 4378 1163 4447 opuscula
1202 4379 1470 4446 exscripta
1509 4388 1650 4439 sunt,
1705 4377 1870 4446 fuisse
1906 4379 2002 4432 illa
2038 4389 2406 4450 consequenter
2449 4380 2662 4447 posita,
2707 4381 2981 4447 prtemisso
3022 4381 3379 4448 capitulorum

123 4477 364 4549 syllaba,
412 4490 560 4545 quem
596 4473 714 4543 jam
761 4490 854 4527 nos
899 4472 1216 4526 exhibemus.
1264 4471 1416 4538 Quod
1451 4473 1696 4540 opinatur
1735 4484 1911 4526 autem
1958 4472 2344 4528 Felchmannus
2386 4476 2497 4529 ha’c
2544 4475 2792 4544 opuscula
2836 4475 3069 4544 ejusdem
3110 4477 3383 4543 scriptoris

117 4589 243 4628 esse
273 4572 422 4638 cujus
451 4578 572 4623 sunt
598 4568 939 4638 prreceden-tia
963 4609 978 4631 ,
1020 4567 1073 4620 id
1111 4582 1239 4620 sane
1270 4583 1370 4619 non
1412 4582 1700 4636 repugnare
1735 4566 1955 4631 videtur,
1985 4567 2110 4621 dum
2146 4569 2210 4622 de
2249 4568 2450 4622 duobus
2492 4577 2698 4622 tantum
2725 4570 2894 4639 primo
2935 4570 3120 4638 positis
3156 4569 3382 4640 dialogis

117 4667 187 4723 id
215 4664 566 4733 intelligatur;
592 4679 716 4717 nam
750 4663 917 4715 multa
959 4659 1043 4713 hic
1089 4669 1210 4714 sunt
1251 4676 1368 4730 qua:
1415 4662 1468 4713 in
1517 4660 1728 4730 dialogo
1772 4661 2083 4724 prwcedenti
2134 4680 2252 4715 cunt
2302 4662 2684 4719 Macedoniano
2730 4665 2916 4718 iisdem
2967 4664 3129 4733 ferme
3172 4665 3380 4718 vocibus

119 4762 399 4830 leguntur.
445 4757 550 4813 Sed
589 4772 706 4826 qua:
739 4764 855 4825 post
902 4753 1288 4824 subsequuntur
1333 4754 1402 4807 ad
1444 4753 1782 4808 Eustathium
1825 4766 2146 4824 nuncupata,
2192 4757 2341 4825 longe
2385 4758 2605 4810 acrioris
2649 4757 2843 4826 ingenii
2879 4771 3009 4820 opus
3048 4772 3179 4818 esse,
3218 4756 3381 4810 cuivis

114 4860 389 4909 emunctae
421 4849 566 4903 naris
597 4847 795 4901 homini
827 4844 1153 4900 videbuntur.
1197 4844 1384 4898 Verum
1411 4846 1521 4899 haec
1550 4847 1729 4899 omnia
1756 4844 1823 4898 ad
1849 4845 2199 4900 Athanasium
2232 4849 2438 4916 quidem
2469 4866 2571 4902 non
2598 4864 2749 4918 posse
2776 4850 3034 4915 pertinere
3072 4846 3379 4899 certissimis

118 4943 274 5000 notis
300 4938 599 5010 judicatur,
622 4952 687 4991 ex
713 4936 849 5006 stylo
879 4949 1076 5003 nempe,
1104 4944 1154 4988 et
1183 4936 1307 5004 quia
1336 4933 1421 4988 hic
1455 4935 1675 4989 Itwreses
1711 4935 2083 5003 impugnantur
2110 4937 2201 4990 ditt
2229 4948 2345 5005 post
2392 4938 2744 4992 Athanasium
2772 4948 2990 4998 exortus,
3025 4937 3174 5003 cujus
3205 4944 3379 4987 autem

114 5035 407 5103 scriptoris
434 5033 561 5096 sint,
591 5048 695 5085 non
731 5029 941 5100 perinde
976 5039 1145 5083 tutum
1175 5038 1251 5083 est
1278 5027 1514 5098 deﬁnire.
1547 5028 1686 5094 Quid
1728 5030 1825 5083 hac
1864 5028 1930 5083 de
1961 5048 2014 5085 re
2051 5034 2267 5101 quidam
2308 5038 2588 5103 scriptores
2631 5032 2946 5087 a'slimarint
2974 5030 3057 5083 hic
3097 5032 3305 5098 expend.
3326 5044 3385 5083 re

116 5145 303 5199 operte
333 5127 557 5196 pretium
585 5126 768 5196 fuerit.

204 5219 267 5271 ΙΙ.
301 5218 588 5271 Carnerius
638 5231 799 5284 supra
841 5215 1130 5279 laudatus,
1192 5216 1344 5271 Tom.
1400 5214 1441 5269 Υ
1484 5231 1697 5283 operum
1736 5215 2049 5271 Theodoreti
2102 5218 2238 5288 (15).
2294 5218 2425 5272 duos
2475 5220 2677 5287 priores
2730 5216 2970 5286 dialogos
3016 5221 3213 5284 pugnat
3265 5227 3381 5266 esse

119 5311 447 5367 Theodoreti
486 5326 503 5362 :
543 5310 598 5363 1⁸
649 5310 770 5380 quia
817 5308 1169 5363 Theodoretus
1212 5310 1287 5363 ait
1330 5325 1384 5363 se.
1433 5318 1535 5362 tres
1575 5313 1945 5378 conscripsisse
1986 5312 2144 5365 libros
2188 5313 2252 5366 de
2288 5312 2491 5381 Spiritu
2527 5322 2734 5375 sancto,
2783 5312 3032 5364 adversus
3059 5308 3235 5378 gratia
3266 5306 3381 5373 ejus

109 5407 408 5463 destitutas
440 5404 729 5458 Ita'reticos.
769 5402 932 5457 Porro
960 5400 1243 5457 Carnerius
1261 5404 1448 5472 juncta
1471 5403 1781 5472 praecedenti
1817 5406 2029 5477 dialogo
2066 5418 2249 5461 contra
2271 5406 2716 5461 Hoccduniauum
2749 5423 2865 5460 cum
2898 5405 3037 5457 hisce
3067 5402 3293 5465 duobus,
3324 5416 3382 5455 se

110 5513 233 5557 tres
259 5501 381 5554 illos
410 5499 715 5554 Theodoreti
744 5500 904 5554 libros
933 5516 1064 5564 esse,
1089 5502 1396 5571 comperisse
1429 5502 1709 5557 contendit.
1735 5501 1792 5554 2°
1835 5503 1916 5556 Ex
1963 5506 2139 5558 multis
2168 5505 2474 5558 Theodoreti
2501 5505 2652 5567 locis,
2689 5520 2803 5573 quo:
2835 5517 2949 5555 cum
2984 5500 3104 5553 aliis
3137 5498 3384 5554 horumce

200 5655 313 5727 (i5)
352 5652 409 5707 [ι.
439 5671 469 5708 v
503 5653 695 5708 iteret.
727 5652 917 5708 Falml.
953 5670 1002 5707 c.
1030 5655 1078 5708 5.
