3850 6226
445 258 585 317 1287
1602 237 1662 292 S.
1704 227 2168 289 ATIIANASIUS.
2215 260 2279 268 —
2322 223 2593 280 SPURIA.
3562 209 3714 266 i283

444 374 778 442 dialogorum
823 367 952 420 locis
998 363 1222 417 multum
1293 359 1480 412 habent
1548 352 1818 424 aﬁinitatis
1876 349 2106 403 validum
2148 363 2203 400 se
2252 361 2345 412 pro
2391 341 2712 396 Theodoreto
2747 338 3116 406 argumentum
3155 327 3336 385 είδετε
3383 328 3717 380 arbitratur.

455 469 666 526 Verum,
692 475 747 518 ut
772 461 1101 530 exploratum
1127 466 1224 519 est,
1257 453 1633 508 Theodoretum
1657 460 1760 500 tres
1791 443 2164 512 conscripsisse
2194 441 2359 493 libros
2383 439 2632 491 adversus
2664 431 3096 488 Hacedonianos,
3122 429 3196 479 ita
3236 427 3446 478 minime
3476 430 3718 482 constat,

447 561 557 614 hwc
600 559 700 611 tria
741 552 991 622 opuscula
1027 565 1113 602 eos
1159 548 1300 615 ipsos
1342 559 1454 598 esse
1495 541 1681 594 libros.
1719 537 1902 590 Primo
1938 535 2073 587 enim
2115 549 2147 584 a
2176 531 2332 584 veteri
2375 529 2579 582 nemine
2614 525 2938 578 Theodoreto
2990 519 3346 574 ascribuntur.
3380 531 3442 566 ac
3475 516 3528 565 in
3564 515 3720 566 nullo

448 653 584 718 quod
613 647 840 699 sciamus
873 639 1047 693 codice
1075 633 1382 689 Theodoreti
1409 631 1616 684 nomine
1647 636 1970 694 comparent.
2002 623 2058 675 5°
2093 619 2158 673 In
2195 619 2340 672 nullo
2382 619 2562 670 itidem
2603 615 2781 668 codice
2818 611 2922 662 duo
2961 608 3159 676 dialogi
3198 607 3563 674 subsequentes
3597 620 3720 654 cum

2041 715 2050 718 _
2284 712 2313 718 ..
2450 710 2461 718 .
2487 709 2497 718 .
2597 708 2608 718 .
2653 707 2663 717 ι
2991 711 3023 718 κ.
3087 698 3126 718 ιτ
3146 715 3214 718 ad-
3264 696 3391 718 __.-.l
3432 699 3617 718 -.a:__--
3655 693 3720 718 ,Α

449 693 760 802 prwcedenti
796 734 1116 802 junguntur,
1162 743 1251 780 nec
1286 731 1494 777 constat
1525 719 1758 790 ejusdem
1791 733 1902 770 esse
1946 715 2241 781 scriptoris,
2278 712 2395 763 licet
2445 709 2497 761 id
2537 707 2750 760 minime
2779 711 3044 772 repugnet.
3078 698 3219 750 Nam
3254 696 3391 766 quod
3424 699 3617 748 attinet
3650 693 3722 744 ad

449 783 757 802 r--'""'"--
796 783 927 802 ,πρυ
1104 783 1114 791 .
1547 783 1562 790 ,

434 831 603 882 illam
633 829 867 881 locorum
909 823 1215 891 aﬁ'iuitatem
1264 834 1296 869 a
1340 813 1596 867 Gornerio
1638 811 1968 865 observatam
2012 807 2150 875 (qua:
2191 814 2363 855 tamen
2403 801 2516 853 loca
2559 796 2828 850 brevitatis
2869 809 3034 846 causa
3073 790 3260 858 afferre
3295 783 3720 854 supersedemus)

452 925 588 976 inter
620 922 773 973 hosce
797 917 1040 984 dialogos
1073 921 1254 966 mutuo
1281 909 1527 968 collatos,
1561 909 1684 959 item
1717 904 1924 958 eosdem
1953 905 2110 962 inter,
2135 908 2184 952 et
2213 898 2325 950 alia
2360 893 2669 949 Theodoreti
2696 906 2874 958 opera,
2905 904 3005 940 non
3029 894 3106 939 est
3139 884 3235 937 illa
3270 883 3405 934 tauti
3437 881 3720 940 momenti,

452 1029 508 1072 ut
544 1029 713 1070 tutum
748 1030 812 1070 ex
846 1015 939 1068 illa
973 1014 1234 1082 judicium
1276 1010 1374 1061 hac
1419 1009 1475 1058 in
1501 1017 1650 1074 parte
1683 1004 1811 1073 ferri
1841 1003 2029 1071 possit.
2060 997 2204 1050 Nam
2237 997 2284 1049 si
2314 995 2434 1064 quis
2479 994 2807 1046 diversorum
2849 986 3076 1040 Patrum
3123 998 3302 1051 opera,
3335 979 3398 1033 de
3442 995 3499 1032 re
3532 979 3725 1030 eadem

453 1123 503 1164 et
552 1111 800 1164 adversus
837 1106 1048 1162 eosdem
1088 1103 1359 1158 htereticos
1399 1069 1719 1167 conscripta,
1769 1069 1951 1150 mutuo
2002 1089 2264 1157 conferat,
2297 1088 2342 1140 is
2374 1086 2544 1139 multa
2585 1081 2726 1134 haud
2765 1078 2922 1132 dubie
2969 1075 3165 1146 omnia,
3227 1070 3396 1124 multa
3435 1069 3724 1121 sinullima

457 1213 763 1273 argumenta
819 1197 1184 1269 deprehendet.
1233 1196 1368 1250 Sunt
1415 1195 1554 1247 enint
1605 1191 1846 1262 quaedam
1904 1205 1997 1242 ceu
2039 1183 2342 1239 communia
2393 1181 2545 1241 loca,
2593 1177 2780 1246 cuique
2825 1172 3013 1234 obvia,
3060 1183 3178 1238 qua:
3231 1182 3263 1218 a
3320 1163 3500 1216 multis
3560 1175 3727 1213 usur-

456 1309 670 1369 pentur,
719 1306 873 1368 atque
907 1297 1104 1366 passim
1143 1303 1324 1346 nostro
1370 1305 1477 1343 aevo
1509 1288 1760 1349 videmus,
1785 1286 1873 1354 qui
1906 1281 2115 1336 easdem
2153 1284 2478 1349 pertractant
2509 1271 2843 1341 quaestiones,
2875 1267 3056 1319 eadem
3097 1274 3352 1326 usurpare
3382 1263 3724 1352 argumenta,

458 1339 670 1369 l’""""9
719 1339 870 1368 "'1'"
907 1339 1104 1366 ιη’-νυν*
1143 1339 1317 1346 --νν--ν
1372 1339 1464 1343 vv
1516 1339 1523 1340 ί
1601 1339 1610 1340 ί
1722 1339 1760 1349 “1
1797 1339 1809 1354 σ
2153 1339 2164 1349 .
2519 1339 2528 1341 ἡ

458 1392 575 1444 licet
625 1392 691 1441 ab
745 1386 865 1439 aliis
913 1384 1125 1437 minime
1178 1387 1442 1433 mutuata.
1500 1375 1647 1429 Unde
1704 1372 1845 1427 haud
1914 1373 2045 1426 satis
2123 1370 2280 1438 ﬁrma
2347 1364 2457 1417 ha-c
2525 1360 2665 1414 ratio
2717 1365 2829 1420 est,
2868 1370 2987 1406 cum
3041 1351 3332 1420 pra’scrtim
3387 1365 3447 1400 ne
3497 1339 3729 1398 minima

458 1479 665 1550 quidem
707 1485 933 1528 veterum
978 1473 1242 1524 innitatur
1272 1465 1612 1519 auctoritate.
1647 1461 1746 1515 His
1797 1460 2043 1514 addimus
2093 1436 2376 1511 secundum
2415 1450 2704 1519 dialogum,
2736 1443 3019 1516 fragmenti
3051 1438 3293 1494 alicunde
3331 1438 3520 1491 divulsi
3547 1436 3730 1504 potius

2057 1548 2072 1550 _
2276 1545 2286 1550 -
2570 1544 2580 1550 .
2759 1537 2805 1550 ..
2849 1538 2860 1548 .
3223 1534 3255 1550 ..
3328 1529 3411 1550 “et
3446 1528 3621 1550 _--_J.-_-
3667 1529 3730 1550 ..--

461 1528 676 1641 lécjem
717 1568 996 1637 pravferre,
1028 1579 1186 1634 quam
1229 1557 1460 1613 absoluti
1499 1553 1775 1625 cujusdam
1814 1552 2005 1622 operis.
2038 1548 2216 1614 Quare
2251 1545 2415 1601 donec
2452 1544 2646 1598 certius
2679 1537 2950 1609 quidpiam
2989 1534 3277 1595 emerserit,
3318 1529 3413 1585 sub
3433 1528 3621 1598 judice
3663 1529 3730 1581 lis

462 1664 706 1736 pendeat.

531 1757 618 1811 Ill.
661 1751 812 1821 Quod
851 1756 1049 1818 spectat
1088 1755 1262 1799 autem
1298 1741 1576 1813 epistolam
1615 1737 2008 1806 subsequentem
2057 1731 2126 1785 ad
2169 1729 2531 1792 Eustathium,
2579 1741 2672 1780 nec
2716 1739 2821 1778 non
2866 1720 3147 1790 adjunctas
3184 1718 3322 1772 alias
3360 1715 3733 1784 septemdecim

462 1848 776 1920 quaestiones
811 1843 991 1911 aﬂ'ert,
1025 1837 1294 1894 Mercator
1323 1835 1463 1890 haud
1496 1833 1756 1886 modicum
1790 1831 2141 1900 fragmentum
2185 1825 2424 1879 Eutherii
2453 1819 2747 1892 Tyanensis
2774 1817 3004 1882 nomine,
3037 1815 3112 1868 sic
3140 1813 3336 1866 habens
3365 1827 3382 1865 :
3410 1810 3453 1864 0
3484 1810 3737 1863 inconsi-

465 1902 652 1996 derata
695 1934 998 2006 sapientia!
1045 1947 1079 1985 o
1136 1930 1340 1984 lusoria
1401 1927 1694 1996 disciplina
1746 1922 2023 1977 aulilicans
2073 1919 2241 1974 simul
2293 1924 2349 1971 et
2396 1915 2712 1973 destruens,
2761 1910 2907 1964 sicut
2950 1906 3186 1961 infantes
3219 1904 3406 1958 ludere
3452 1902 3507 1955 in
3562 1916 3737 1954 arena

465 2031 860 2099 conspicimus,
913 2036 1016 2080 etc.
1083 2023 1230 2076 Unde
1287 2023 1655 2074 incunctanter
1702 2033 1798 2070 eas
1852 2014 2164 2084 qua’stiones
2206 2009 2461 2064 Eutherio
2512 2005 2729 2061 ascribit
2769 2002 3060 2057 Garnerius
3101 1999 3402 2069 Tyanorum
3452 1995 3735 2071 episcopo,

472 2124 809 2191 Nestoriique
848 2119 1082 2173 asseclte.
1121 2117 1190 2170 Et
1229 2133 1356 2170 sane
1398 2133 1500 2169 non
1548 2111 1783 2167 invalido
1817 2121 1990 2164 motus
2030 2115 2376 2178 argumento;
2421 2104 2539 2157 licet
2579 2104 2809 2170 fortasse
2846 2116 2950 2152 non
2985 2095 3313 2167 hujusmodi,
3345 2104 3401 2146 ut
3437 2107 3646 2145 omnem
3682 2090 3739 2141 in

471 2219 742 2273 adversum
777 2217 900 2269 levet
930 2213 1296 2282 suspicionem.
1331 2211 1550 2264 Photius
1576 2223 1797 2277 namque
1819 2205 2002 2260 codice
2041 2218 2186 2264 xm,
2221 2201 2315 2254 hoc
2344 2215 2474 2268 opus
2512 2195 2833 2251 Theodoreto
2863 2193 3054 2246 diserte
3086 2189 3321 2243 ascribit.
3365 2181 3736 2253 Ἀνεγνὼσθη,

472 2313 578 2372 ait,
619 2308 960 2379 Θεοδωρήτου
998 2273 1299 2359 ὲΙπισκὸπου
1334 2303 1516 2374 Κῦρον
1557 2273 1723 2368 λόγοι-
1747 2298 1852 2363 κζ’,
1892 2297 2026 2367 πρὸς
2064 2293 2356 2364 διαφόρους
2403 2289 2597 2351 θέσεις.
2639 2283 2739 2338 Ὧν
2771 2287 2800 2337 ὁ
2847 2284 2945 2356 μὲν
2975 2280 3189 2354 πρῶτος
3237 2279 3395 2346 λόγος
3434 2276 3570 2344 πρὸς
3611 2273 3741 2333 τοὺς

471 2402 749 2470 λέγοντας,
781 2375 880 2454 etc.
913 2399 997 2452 Ibi
1028 2399 1243 2466 septimo
1276 2397 1389 2450 loco
1420 2395 1563 2464 ponit
1599 2392 1897 2461 epistolam,
1929 2405 2045 2458 quae
2076 2388 2160 2440 hic
2222 2387 2391 2454 primo
2422 2383 2677 2452 ponitur;
2719 2396 2782 2432 ac
2816 2375 3002 2431 deinde
3041 2375 3224 2429 ordine
3248 2378 3522 2426 enumerat
3558 2381 3740 2419 omnes

473 2495 847 2564 propositiones
876 2508 991 2562 qua:
1017 2491 1100 2544 hic
1133 2488 1498 2552 septemdecim
1528 2459 1742 2540 numero
1770 2483 2048 2548 habeatur,
2077 2496 2294 2552 quaeque
2323 2477 2574 2532 desinunt
2599 2473 2669 2528 ad
2702 2473 3005 2527 vicesimum
3029 2477 3278 2540 quartum
3309 2462 3522 2518 titulum
3564 2459 3738 2514 Thec-

475 2584 665 2640 doreti.
699 2556 898 2638 Postea
924 2585 1257 2655 subsequitur
1286 2587 1424 2651 apud
1458 2582 1727 2643 Photium,
1763 2581 1791 2632 ὁ
1836 2581 1995 2631 εἰκοσ·

2217 2589 2379 2637 πτας,
2411 2567 2882 2638 ἀνακεφαλαίωσις
2908 2565 3016 2618 τῶν
3060 2563 3201 2617 κατὰ
3228 2561 3394 2632 μέρος
3439 2556 3737 2629 ῥηθέντων·

476 2679 505 2731 ὁ
545 2678 792 2741 εἰκοσκδς
829 2677 986 2757 ἕκτος
1032 2678 1159 2748 περὶ
1193 2677 1290 2746 τῆς
1342 2676 1566 2745 ὕστερον
1609 2671 1940 2744 μηνυθείσης
1995 2668 2319 2730 συνθέσεως,
2359 2666 2480 2737 ἦτοι
2522 2661 2962 2722 συνουσιώσεως’
2993 2658 3026 2710 ὀ
3063 2654 3305 2716 εἰκοστὸς
3344 2650 3574 2720 ’ἐϐδομος
3613 2647 3741 2717 περὶ

476 2773 569 2826 τοῦ
621 2772 761 2825 κατὰ
812 2769 903 2826 ἐὸν
946 2772 1123 2826 κοινὸν
1175 2771 1459 2841 ἄνθρωπον
1509 2768 1928 2837 ὑποδείγματος.
1985 2763 2153 2833 Δῆλον
2191 2762 2249 2815 δὲ
2295 2762 2388 2815 καὶ
2425 2761 2491 2812 ἐκ
2531 2758 2699 2829 μόνης
2735 2754 2914 2810 αὐτῶν
2946 2753 3049 2823 τῆς
3083 2749 3415 2811 ὑποθέσεως,
3455 2747 3600 2797 ποῖοι
3635 2743 3744 2794 τῶν

481 2865 782 2936 εἰρημένων
818 2864 990 2932 λόγων
1026 2863 1087 2916 τὸ
1125 2836 1402 2934 ὀρθὸδθξον
1441 2861 1768 2932 κρατύνουσι
1808 2857 2001 2929 φρόνηξ

2258 2853 2400 2916 τίνες
2439 2851 2799 2904 ἐκκλίνουσιν.
2836 2847 2964 2900 lia’c
3011 2843 3238 2898 Photius
3290 2839 3480 2911 quibus
3539 2836 3744 2903 reponit

483 2955 793 3023 Garnerius,
812 2973 863 3026 p.
887 2957 990 3012 687
1026 2976 1041 3014 :
1070 2933 1280 3013 Feiellit
1313 2954 1567 3010 Photium
1600 2969 1734 3008 suus
1765 2952 1937 3006 codex
1978 2951 2155 3005 tribus
2179 2959 2446 3004 constans
2479 2947 2727 3016 partibus
2761 2962 2775 2998 :
2807 2957 3037 3013 quarum
3069 2940 3245 3010 prima
3278 2933 3747 3004 complectebatur

485 3070 580 3110 sex
612 3055 824 3125 priores
855 3055 1025 3110 libros
1058 3071 1072 3120 ;
1116 3054 1380 3117 secunda,
1427 3066 1595 3105 llllllm
1626 3059 1679 3103 ct
1712 3049 1899 3119 viginti
1940 3061 2266 3111 sermones;
2301 3051 2600 3114 postrema,
2633 3040 2944 3099 Eranisten.
2980 3052 3079 3092 seu
3113 3031 3564 3104 Polymorphum.
3603 3024 3738 3079 Cum

485 3146 630 3201 enim
680 3147 855 3216 prima
897 3146 1145 3208 ettertia
1195 3143 1263 3198 ad
1296 3143 1698 3198 Theodoretum
1740 3141 1934 3210 procul
1976 3140 2142 3194 dubio
2183 3140 2511 3210 pertineant,
2551 3137 2781 3191 Photius
2823 3133 3054 3189 mediam
3073 3142 3314 3200 quoque
3352 3125 3456 3194 ipsi
3497 3121 3691 3175 tribuit
3728 3137 3740 3170 :

487 3239 668 3309 reipsa
709 3249 890 3294 tamen
941 3247 1025 3294 est
1071 3238 1318 3294 Eutherii
1351 3237 1657 3310 Tyanensis
1694 3237 1959 3308 cpisc0pi,
1988 3235 2131 3307 quod
2161 3233 2451 3290 manifesta
2483 3233 2675 3304 probat
2705 3230 3004 3286 auctoritas
3032 3226 3186 3282 Marii
3223 3219 3569 3283 hiematuris,
3602 3216 3744 3292 “11'!

489 3331 750 3387 Eutherio
779 3332 1304 3388 demonstrabimus.

559 3427 722 3500 473
758 3427 846 3484 IV.
884 3425 1014 3484 Htec
1043 3427 1355 3492 Garnerius,
1390 3428 1602 3498 quicum
1649 3442 1748 3480 nos
1774 3425 2166 3487 existimamus,
2201 3436 2294 3476 sex
2324 3421 2528 3491 priores
2584 3418 2710 3473 illas
2757 3434 2790 3470 a
2849 3414 3043 3469 Photio
3079 3422 3399 3466 memoratas
3431 3407 3745 3465 Theodoreti

490 3523 826 3592 qua-stiones,
851 3537 954 3575 non
983 3538 1145 3575 unum
1176 3537 1303 3590 opus
1326 3536 1441 3574 cum
1467 3519 1692 3588 epistola
1722 3517 1790 3571 ad
1821 3515 2164 3570 Eustathium
2197 3525 2248 3569 et
2274 3511 2703 3583 subsequentibus
2747 3506 3196 3577 propositionibus
3231 3505 3507 3574 conficere.
3546 3503 3740 3556 Palam

493 3615 633 3668 enim
679 3623 756 3669 est
785 3629 850 3669 ex
881 3613 1035 3668 modo
1060 3614 1228 3683 ipsius
1263 3612 1502 3684 epistola:
1535 3609 1823 3672 ordiendw,
1847 3610 1914 3661 ibi
1941 3610 2151 3661 initium
2179 3607 2300 3660 duci
2334 3607 2493 3659 totius
2549 3605 2741 3673 operis.
2773 3607 2840 3656 At
2867 3599 3005 3671 quod
3055 3599 3129 3652 ait
3164 3599 3242 3652 vir
3277 3597 3464 3652 doctus
3518 3595 3749 3648 codicem

494 3701 660 3770 fuisse
684 3701 880 3755 Photio
913 3701 1111 3755 erroris
1144 3717 1388 3764 causam,
1413 3697 1466 3752 id
1503 3715 1629 3753 sane
1653 3716 1754 3752 non
1787 3707 2062 3765 conspecto
2100 3695 2278 3749 codice
2312 3695 2569 3764 offirmari
2600 3694 2796 3763 nequit.
2839 3690 2964 3744 Non
2992 3699 3171 3759 peccat
3199 3690 3334 3742 enim
3370 3687 3559 3752 codex,
3614 3686 3749 3757 quod

495 3810 672 3846 rerum
693 3793 1092 3862 disparatarum
1121 3793 1302 3846 titulos
1334 3807 1671 3845 numerorum
1693 3792 1876 3844 ordine
1901 3788 2208 3858 conjungat,
2239 3803 2359 3840 cum
2398 3788 2442 3841 is
2471 3803 2581 3840 mos
2610 3787 2680 3840 sit
2712 3784 3017 3839 Graecorum
3067 3782 3434 3838 librariorum.
3465 3791 3525 3832 ut
3573 3797 3749 3834 omnes

499 3887 732 3940 auctoris
755 3885 1003 3956 cujusque
1029 3892 1290 3938 tractatus
1315 3886 1648 3956 quantumvis
1671 3883 1905 3937 diversos
1939 3881 2273 3951 consequenti
2303 3896 2642 3934 numerorum
2670 3879 2805 3933 serie
2834 3857 3120 3940 notent,‘ut
3141 3890 3305 3943 supra
3340 3877 3403 3926 de
3427 3872 3753 3926 Athanasio-

499 3986 583 4039 nis
623 3981 890 4036 codicibus
924 3981 1186 4051 loquentes
1210 3979 1698 4035 animadvertimus.
1749 3980 1845 4032 Via:
1871 3979 2048 4049 itaque
2067 3977 2342 4031 credamus
2381 3976 2650 4035 Ph’otium.
2689 3974 2746 4028 in
2793 3972 3060 4027 codicibus
3112 3970 3526 4041 pertractandis,
3559 3969 3606 4023 si
3635 3971 3750 4038 quis

499 4091 731 4146 unquam
771 4074 932 4136 alius,
973 4075 1413 4134 versutissimum,
1442 4072 1524 4125 hic
1557 4088 1734 4125 errore
1777 4071 2018 4139 lapsum:
2049 4069 2138 4124 sed
2173 4070 2290 4138 ejus
2332 4083 2511 4122 ret-era
2551 4065 2803 4128 codicem,
2860 4064 3182 4118 Theodoreto
3236 4063 3345 4116 lucc
3390 4061 3749 4129 inscripsisse,

502 4168 710 4231 addita,
735 4167 814 4251 uti
839 4164 969 4220 solet
1001 4165 1138 4234 fieri,
1165 4179 1282 4218 voce
1313 4162 1406 4216 τοῦ
1429 4159 1593 4216 αὐτοῦ
1630 4173 1747 4230 post
1774 4163 2001 4230 priorem
2039 4170 2325 4213 tractatum
2351 4177 2368 4217 :
2395 4157 2532 4228 quod
2560 4159 2720 4211 etiam
2741 4155 2913 4210 videre
2941 4165 3018 4209 est
3051 4157 3104 4208 in
3128 4154 3394 4208 codicibus
3425 4155 3516 4223 qui
3539 4171 3601 4206 ea
3626 4170 3756 4221 opu-

503 4259 653 4314 scula
685 4246 974 4311 Athanasio
997 4258 1289 4311 ascribunt.
1325 4255 1452 4308 Haec
1472 4271 1630 4324 porro
1658 4272 1762 4308 non
1789 4271 1849 4308 eo
1897 4253 2122 4307 dicimus
2155 4250 2294 4322 quod
2345 4261 2541 4304 certum
2588 4259 2829 4318 putemus
2871 4265 2984 4303 esse
3028 4247 3124 4301 has
3168 4249 3483 4316 quaestiones
3530 4246 3757 4299 Theodo-

505 4350 638 4410 reti;
667 4346 885 4400 necdum
915 4347 1050 4400 enim
1086 4347 1163 4400 vel
1201 4343 1472 4410 Eutherio,
1509 4348 1584 4398 vel
1633 4343 1952 4398 Theodoreto
2004 4342 2163 4412 probe
2223 4340 2613 4408 adjudicandas
2671 4341 3020 4404 arbitramur,
3075 4337 3237 4391 donec
3296 4337 3424 4407 quid
3466 4338 3753 4391 evidentius

507 4446 835 4502 cmnpareat.

580 4528 839 4582 therum
903 4525 1040 4597 quod
1087 4527 1237 4579 aiunt
1280 4524 1521 4578 nonnulli
1575 4524 1712 4578 hunc
1760 4525 2069 4592 scriptorem
2115 4538 2226 4576 esse
2277 4519 2679 4583 Nestorianum,
2727 4517 2783 4571 id
2823 4535 2928 4572 non
2955 4517 3085 4570 mihi
3115 4517 3272 4586 plane
3295 4529 3622 4586 perspectum
3650 4535 3755 4574 esse

511 4623 702 4692 fateor.
743 4619 894 4696 Nihil
940 4621 1077 4673 enim
1135 4619 1265 4672 mihi
1319 4617 1632 4672 Nestor-iani
1681 4618 1945 4688 dogmatis
1993 4620 2075 4671 hic
2125 4632 2238 4671 esse
2289 4613 2516 4678 videtur,
2576 4628 2750 4666 verum
2797 4613 2914 4664 licet
2945 4611 3014 4665 sit
3045 4611 3304 4679 quasdam
3351 4609 3438 4664 hic
3467 4617 3754 4682 oppugnari

449 4783 452 4789 ι
511 4712 892 4782 propositiones
921 4724 1034 4778 quae
1061 4709 1105 4760 si
1141 4707 1299 4776 probe
1349 4709 1680 4776 accipiantur
1719 4708 1995 4762 catholica!
2038 4717 2180 4771 sunt,
2209 4715 2265 4758 ut
2298 4714 2375 4757 est
2431 4703 2566 4756 illud
2623 4721 2640 4756 :
2683 4701 2913 4758 Passum
2931 4711 3014 4757 est
3046 4701 3284 4756 Verbum
3323 4705 3752 4775 impassibililer,

513 4814 568 4859 et
613 4818 830 4872 passum
897 4809 982 4855 est
1028 4799 1264 4854 Verbum
1301 4815 1488 4862 carne,
1545 4817 1660 4870 qua:
1719 4810 1853 4854 recte
1902 4801 2190 4868 explicanti
2241 4797 2539 4851 orthodoxa
2595 4796 2750 4863 plane
2796 4794 3128 4851 videbuntur.
3168 4795 3359 4850 Verum
3407 4798 3494 4851 hic
3540 4805 3758 4866 scriptor

515 4901 588 4953 ita
613 4899 719 4952 hazc
757 4897 997 4967 loquendi
1019 4913 1204 4966 genera
1241 4894 1499 4964 confutet,
1541 4903 1596 4946 ut
1629 4910 1730 4946 non
1771 4894 2015 4947 videatur
2052 4892 2432 4947 Nestorianarn
2463 4889 2779 4944 sententiam
2831 4887 2913 4940 his
2944 4888 3101 4943 dictis
3137 4889 3414 4945 adversam
3505 4895 3752 4951 sidiam.
