3850 6226
1588 331 1648 389 S.
1689 329 2153 388 ATHANASIUS.
2193 358 2264 371 —
2305 327 2582 386 SPURIA.
3589 332 3731 391 ιω

855 442 1099 501 SANCTI
1128 443 1380 501 PATRIS
1408 443 1665 502 NOSTRI

2404 444 2563 498 ⁸ΤΟΥ
2588 444 2681 498 ΕΝ
2708 443 2932 499 ΔΓΙΟΙΣ
2964 443 3238 500 ΠΑΤΡΟΣ
3261 447 3458 501 ΗΜΩΝ

1069 534 1442 590 ATHANASII

2742 536 3134 591 ΔΘΔΝΑΣΙΟΥ

468 626 627 698 Liber
651 625 825 698 [arma
845 625 1058 696 Dialogi
1084 629 1514 698 conscriptumin
1548 643 1648 693 quo
1671 628 2028 698 colloquuntm

2142 629 2333 698 Λόγος
2386 628 2456 681 ἐν
2499 626 2644 683 εἴδει
2673 626 3012 693 διαλέξεω(
3041 696 3050 698 _
3059 626 3213 696 μετὰ
3267 627 3725 684 laudor-(arci

557 696 892 751 (lrtltodoxus
913 706 963 749 et
984 695 1394 751 Macedoniam;
1424 695 1954 753 Pneumatomachus.

2236 695 2246 698 ’
2665 695 3128 766 Πνευματομάχο
3137 716 3191 751 υ.

476 328 608 386 HM

539 850 695 905 Hunc
717 851 915 905 librum
945 850 1011 904 ad
1045 848 1391 918 prudentiam
1451 858 1602 905 tuam
1644 851 1918 913 misimus,
1980 859 2043 906 ut

469 957 536 996 eo
564 943 825 1010 perlecto,
875 941 1143 1010 judicium
1196 940 1339 995 ferre
1393 945 1574 1009 possis
1612 941 1681 996 de
1711 942 1779 996 iis
1811 957 1932 1011 qua:
1972 944 2042 997 ab

466 1031 739 1087 haereticis
769 1029 1077 1086 Macedonii
1113 1030 1366 1085 sectariis
1400 1030 1544 1083 dicta
1570 1039 1721 1094 sunt,
1759 1031 1935 1101 deque
1967 1031 2038 1085 iis

466 1140 589 1194 quae
610 1141 711 1179 nos
744 1125 852 1179 illis
886 1124 1264 1194 opposuimus.
1306 1121 1431 1177 Haec
1459 1124 1624 1195 igitur
1666 1124 1722 1178 in
1778 1122 2039 1178 schedula

466 1215 545 1269 illi
578 1222 984 1286 proposuerunt
1023 1236 1036 1272 :

537 1311 588 1365 1.
619 1308 675 1364 Si
704 1311 939 1379 Spiritus
973 1317 1196 1367 sanctus
1218 1321 1302 1368 est
1322 1312 1488 1378 Deus,
1508 1321 1601 1366 aut
1626 1311 1791 1367 Pater
1813 1318 1921 1375 est,
1945 1317 2038 1365 aut

464 1399 638 1456 Filius
673 1417 686 1452 :
729 1402 776 1456 si
830 1410 1045 1468 neuter,
1079 1405 1271 1473 utique
1303 1420 1407 1460 nec
1456 1405 1622 1461 Deus.
1662 1403 1773 1459 Nos
1795 1413 1988 1457 contra
2020 1420 2033 1455 :

463 1492 521 1546 ῙιΙ
562 1492 659 1546 tibi
689 1494 947 1553 assumis,
983 1494 1030 1548 si
1059 1493 1298 1564 Spiritus
1329 1502 1553 1551 sanctus
1604 1494 1750 1549 Deus
1775 1502 1881 1559 est,
1941 1499 2036 1547 aut

462 1583 625 1639 Pater
654 1592 758 1649 est,
777 1593 873 1639 aut
890 1583 1064 1640 Filius
1083 1603 1097 1653 ;
1117 1587 1344 1656 perinde
1369 1603 1435 1641 ac
1457 1588 1503 1641 si
1526 1587 1647 1641 ideo
1669 1585 1835 1642 Pater
1865 1585 2031 1651 Deus,

459 1678 588 1746 quia
621 1675 783 1731 Pater
811 1691 825 1729 :
851 1677 936 1731 vel
970 1671 1334 1741 Filiu‘s'Deus,
1381 1679 1534 1749 quia,
1563 1678 1760 1734 Filius.
1820 1677 2028 1745 Quodsi

2142 1679 2321 1750 Πατήρ
2354 1681 2491 1743 ἐστι,
2524 1680 2620 1732 καὶ
2643 1681 2719 1745 ὼς
2750 1680 2844 1733 τοῦ
2867 1680 2997 1733 Υἱοῦ
3022 1680 3109 1733 διὰ
3147 1680 3308 1734 τοῦτο
3354 1681 3511 1745 ὕντος
3552 1682 3716 1746 Θεοῦ,

458 1778 745 1838 propterea
776 1767 939 1823 Pater
960 1778 1043 1823 est
1071 1766 1238 1833 Deus,
1274 1771 1403 1839 quia
1453 1769 1654 1837 Pater;
1704 1769 1880 1827 Filius
1930 1772 2028 1843 igi-

2142 1771 2319 1840 ὲπειδὴ
2350 1773 2378 1824 6
2402 1771 2529 1834 Υἱός
2564 1773 2730 1826 ἐστιν.
2776 1773 2839 1826 Εἰ
2879 1769 2972 1827 οὖν
3009 1773 3098 1826 διὰ
3136 1772 3295 1826 τοῦτο
3335 1772 3471 1837 Θεός
3498 1777 3650 1827 ἐστιν
3687 1776 3720 1828 6

460 1867 572 1919 tur.
605 1860 732 1931 quia
762 1858 920 1914 Pater
950 1875 1059 1913 non
1089 1866 1195 1923 est,
1222 1876 1324 1914 nec
1362 1860 1505 1916 Deus
1538 1862 1665 1917 erit.
1703 1861 1769 1915 Et
1804 1863 1849 1918 si
1897 1878 2028 1933 pro-

2142 1861 2341 1933 Πατὴρ,
2369 1862 2555 1932 ἐπειδὴ
2595 1863 2805 1934 Πατὴρ,
2831 1864 2891 1916 οὐ
2918 1864 3089 1928 Θεὸςὸ
3106 1864 3253 1927 Υἱὸς,
3280 1864 3470 1935 ἐπειδὴ
3498 1865 3562 1918 οὐ
3599 1867 3719 1919 Πα-

459 1960 645 2021 pterea
678 1950 849 2005 Filius
892 1959 975 2006 est
1004 1951 1169 2015 Deus,
1209 1953 1337 2021 quia
1392 1952 1564 2010 Filius
1611 1974 1624 2009 :
1658 1953 1837 2009 Pater.
1868 1956 2028 2026 igitur

2142 1956 2257 2027 τήρ.
2294 1954 2401 2008 Καὶ
2426 1956 2471 2007 εἰ
2499 1954 2587 2009 διὰ
2618 1954 2773 2009 τοῦτό
2797 1959 2913 2010 ἐστι
2937 1956 3070 2020 Θεὸς
3098 1958 3127 2009 6
3159 1956 3307 2021 Υἱὸς,
3336 1958 3530 2029 ἐπειδὴ
3562 1958 3718 2026 Υἱὸς,

458 2044 587 2113 quia
618 2041 785 2099 Filius
813 2058 921 2097 non
944 2050 1049 2108 est,
1072 2058 1175 2097 nec
1199 2042 1342 2100 Deus
1372 2046 1497 2099 erit.
1558 2044 1905 2116 Quapropter
1966 2045 2028 2099 li-

2142 2046 2192 2100 οὐ
2219 2046 2349 2110 Θεὸς
2374 2050 2402 2100 6
2436 2047 2646 2119 Πατὴρ,
2677 2048 2863 2120 ἐπειδὴ
2895 2049 2992 2119 οὐχ
3023 2049 3151 2113 Υἱός
3179 2066 3192 2078 ·
3245 2050 3347 2104 οὐκ
3385 2050 3521 2121 ἄρα,
3546 2050 3644 2103 ἐὰν
3677 2045 3715 2122 ᾗ

457 2143 545 2188 εει
567 2133 710 2188 Deus
740 2135 810 2188 sit
839 2134 1101 2203 Spiritus,
1131 2152 1239 2191 non
1268 2138 1521 2207 protinus
1547 2138 1653 2192 erit
1704 2137 1789 2191 vel
1849 2136 2028 2201 Pater,

2142 2137 2261 2202 Θεὸς
2296 2138 2358 2193 τὸ
2407 2138 2652 2211 Πνεῦμα,
2686 2141 2906 2204 πάντως
2966 2143 3082 2195 ἐστὶ
3122 2141 3331 2214 Πατὴρ,
3369 2142 3402 2213 ἢ
3435 2142 3591 2206 Υἱός.
3638 2142 3718 2196 T6

454 2227 542 2282 vel
572 2225 763 2282 Filius.
783 2226 996 2282 Etenim
1020 2231 1367 2295 vocabulum,
1392 2248 1411 2280 ς
1438 2229 1600 2293 Deus,
1640 2247 1658 2280 ι
1679 2236 1930 2283 naturam
1951 2230 2028 2284 si-

2142 2232 2238 2304 γὰρ
2268 2251 2287 2283 ‹
2316 2232 2449 2296 Θεὸς
2474 2252 2492 2284 ι
2517 2234 2709 2305 ὄνομα,
2729 2233 2944 2302 φύσεώς
2966 2236 3081 2288 ἐστι
3110 2235 3718 2307 θεωρουμένης,εἷτουν

452 2318 674 2389 gniﬁcat
696 2319 879 2372 omnia
908 2321 1359 2390 contemplantem
1374 2329 1467 2374 aut
1483 2320 2028 2390 pervadentem.lllud

2142 2323 2446 2395 5ιαθεούσης
2460 2324 2530 2379 τὰ
2547 2325 2722 2378 πάντα
2736 2326 3055 2397 δηλωτικόνο
3070 2326 3132 2379 τὸ
3147 2327 3203 2380 δὲ
3221 2348 3237 2377 σ
3259 2327 3450 2398 Πατὴρ
3484 2347 3503 2378 ι
3529 2344 3715 2398 σχετι-

454 2418 658 2476 autem,
691 2430 710 2462 ι
737 2411 914 2477 Pater,
944 2431 962 2463 ι
986 2413 1272 2467 relativum
1301 2421 1406 2479 εει,
1433 2418 1493 2465 ut
1515 2410 1717 2465 etillud
1740 2428 1758 2462 ‹
1787 2409 1975 2466 Filius.
2002 2430 2022 2462 ι

2142 2415 2241 2479 τὸν,
2272 2414 2365 2468 καὶ
2391 2414 2452 2467 τὸ
2484 2433 2503 2465 ι
2531 2413 2659 2479 Υἱὸς
2696 2435 2713 2466 ι
2747 2416 2966 2487 ὁμοίως.
2999 2413 3136 2468 Οὔτε
3166 2415 3224 2469 δὲ
3242 2415 3304 2468 τὸ
3333 2418 3432 2486 τῆς
3468 2416 3715 2486 σχέσεως

450 2502 522 2557 Δι
553 2519 656 2559 nec
682 2504 964 2558 relativum
1014 2518 1214 2559 nomen
1244 2511 1494 2557 naturam
1520 2502 1903 2571 pel-vadentem
1932 2510 2027 2556 aut

2142 2508 2296 2577 5νομα
2315 2507 2413 2578 τὴν
2434 2507 2827 2579 διαθέουσαν,ἢ
2843 2507 2941 2578 τὴν
2957 2507 3341 2579 θεωρουμένην
3358 2526 3411 2561 τι
3423 2508 3593 2577 φύσιν
3616 2524 3715 2579 ση-

451 2596 910 2668 contemplantem
944 2595 1148 2666 aliquid
1196 2595 1446 2664 designat
1478 2613 1491 2649 :
1517 2610 1618 2649 nec
1647 2595 2027 2665 contemplan-

2142 2600 2338 2653 ιαίνει⁸
2382 2599 2504 2654 οὔτε
2552 2601 2613 2654 τὸ
2646 2601 2746 2672 τῆς
2787 2617 2839 2654 τι
2887 2600 3263 2672 θεωρουμένης
3306 2601 3339 2672 ἦ
3389 2600 3717 2671 διαθεούσης

450 2688 600 2765 tiset
634 2689 984 2758 pervadentis
1014 2686 1221 2757 aliquid
1253 2694 1465 2741 naturae
1496 2701 1718 2750 nomen,
1746 2685 1930 2741 Patris
1956 2685 2023 2741 ad

2142 2692 2343 2762 ρύσεως
2365 2691 2556 2764 ὄνομα,
2591 2694 2692 2763 τὴν
2719 2692 2855 2764 πρὸς
2887 2691 3014 2746 Υἱὸν
3045 2693 3227 2763 σχέσιν
3271 2694 3506 2761 εἰσάγει.
3564 2694 3715 2765 Πρὸς

448 2777 648 2833 Filium
689 2780 1010 2834 relationem
1045 2777 1274 2832 inducit.
1312 2776 1451 2831 Tum
1502 2777 1808 2832 Ortbodoxi
1833 2792 2025 2848 perso-

2142 2785 2351 2851 τούτοις,
2429 2785 2939 2857 προσποιησάμενος
2998 2782 3311 2854 Ὀρθοδόξου
3387 2785 3710 2855 πρόσωπον,

449 2872 578 2924 nam
612 2885 900 2924 assumens
928 2868 1374 2930 Macedonianus,
1421 2882 1542 2923 sese
1594 2867 1967 2938 interrogabat
2001 2885 2016 2922 :

2142 2876 2311 2931 ὶαυτὸν
2343 2875 2531 2948 ἠρώτα
2550 2893 2564 2906 ⁸
2594 2876 2669 2930 Οὐ
2695 2874 3067 2947 προσκυνητὸν
3092 2871 3215 2940 οὗν;
3250 2876 3346 2928 καί
3376 2875 3573 2928 ἔπειτα
3600 2875 3709 2928 πά-

447 2958 568 3016 Non
587 2961 900 3016 adorandus
926 2976 1056 3031 ergo
1081 2958 1342 3031 (Spiritus
1373 2958 1662 3031 sanctus)?
1687 2960 1752 3013 Et
1787 2975 2017 3031 respon—

2142 2986 2201 3023 »ιν
2229 2969 2390 3032 αὐτὸς
2419 2967 2627 3038 ἑαυτῷο
2672 2966 3051 3020 Ἀπολείπεται
3109 2967 3209 3036 τῆς
3260 2969 3523 3037 τοιαύτης
3551 2968 3711 3035 ἀξίας

447 3051 583 3108 dens
609 3052 715 3108 sibi
746 3053 865 3123 ipse
889 3068 904 3104 :
939 3050 1173 3122 Spiritus
1191 3058 1437 3115 sanctus,
1459 3051 1658 3120 inquit,
1681 3050 1841 3121 longe
1864 3051 2018 3105 abest

2142 3059 2181 3112 πὸ
2205 3058 2432 3130 Πνεῦμα
2453 3059 2514 3112 τὸ
2545 3058 2720 3126 ἅγιον.
2756 3055 2881 3120 Πῶς
2906 3055 3016 3129 γὰρ
3048 3058 3455 3129 προπυνηῖὲον
3476 3057 3539 3112 τὸ
3567 3058 3706 3129 μήτε

448 3146 651 3200 abhac
702 3145 986 3217 dignitate.
1044 3143 1331 3210 Quomodo
1380 3145 1528 3199 enim
1564 3143 1654 3199 ille
1683 3143 2016 3210 adorandus,

2142 3148 2332 3221 ἰατὴρ,
2358 3127 2510 3220 *μήτε
2540 3147 2669 3210 Υἱός
2689 3163 2705 3212 ;

444 3239 541 3309 qui
573 3254 675 3294 nec
702 3238 861 3293 Pater
895 3244 999 3299 est,
1026 3253 1127 3291 nec
1148 3235 1322 3292 Filius
1350 3237 1370 3289 ξ

517 3332 574 3386 2.
626 3330 739 3387 Nos
797 3337 1031 3385 contra:
1067 3328 1124 3383 Si
1181 3330 1301 3384 ideo
1337 3328 1535 3384 adoras
1593 3326 1833 3394 Patrem,
1889 3327 2018 3398 quia

2188 3329 2242 3383 2.
2285 3328 2476 3401 Ἡμεῖς
2506 3328 2562 3383 δὲ
2591 3329 2727 3402 πρὸς
2767 3327 2958 3382 αὐτόν·
2996 3328 3059 3382 Εἰ
3094 3325 3191 3399 μὲν
3220 3325 3309 3380 διὰ
3338 3325 3506 3380 τοῦτο
3532 3342 3707 3397 προσ-

443 3424 609 3480 Patcr
629 3433 713 3480 est
734 3464 749 3489 ,
778 3430 832 3478 et
860 3422 1083 3486 Filium,
1117 3423 1244 3491 quia
1274 3420 1446 3477 Filius
1480 3429 1563 3476 est
1590 3440 1602 3474 :
1630 3436 1821 3476 omnes
1854 3420 2020 3492 igitur

2142 3425 2302 3484 ιυνεῖς
2347 3422 2440 3476 τὸν
2493 3421 2749 3492 Πατέρα,
2802 3420 2991 3491 ἐπειδὴ
3051 3419 3243 3488 Πατήρ
3282 3419 3423 3479 ἐστι,
3467 3418 3569 3470 καὶ
3614 3416 3707 3470 τὸν

445 3526 650 3588 patres,
682 3531 875 3571 omnes
904 3515 1041 3570 ﬁlios
1067 3515 1283 3569 adoras.
1316 3512 1410 3568 Sin
1440 3530 1570 3568 vero
1596 3529 1705 3568 non
1735 3514 1857 3568 ideo
1886 3514 2020 3567 ado-

2142 3516 2268 3580 Γὶὸν,
2302 3515 2487 3585 ἐπειδὴ
2538 3514 2667 3576 Υἱός
2698 3515 2814 3566 ἐστι
2834 3528 2849 3541 ⁸
2876 3512 3200 3582 προσκυνεῖς
3230 3509 3317 3562 καὶ
3356 3508 3540 3562 πάντα
3598 3526 3707 3563 πα-

446 3612 655 3666 randus
688 3610 872 3677 Pater,
906 3611 1034 3680 quia
1065 3607 1227 3663 Pater
1253 3627 1268 3675 ;
1304 3623 1406 3663 nec
1436 3606 1778 3677 Filius.qltia
1807 3603 2016 3671 Filius;

2142 3610 2274 3679 τέρα,
2306 3608 2398 3660 καὶ
2431 3605 2607 3659 πάντα
2645 3604 2759 3657 υἱόν
2787 3618 2801 3633 ⁸
2834 3603 2963 3656 εἰδὲ
2989 3602 3051 3656 οὐ
3074 3601 3164 3654 διὰ
3200 3600 3357 3653 τοῦτο
3388 3617 3710 3672 προσκυνη-

446 3703 541 3758 sed
575 3708 796 3772 propter
840 3701 1013 3771 ipsam
1074 3706 1349 3764 naturam,
1406 3698 1786 3768 investiganda
1855 3695 2017 3749 nobis

2142 3702 2250 3765 rbq6
2265 3700 2474 3771 Πατὴρ,
2503 3697 2690 3768 ἐπειδὴ
2715 3696 2927 3767 Πατὴρ,
2951 3693 3073 3747 οὐδὲ
3102 3694 3191 3747 διὰ
3211 3693 3370 3746 τοῦτο
3384 3709 3709 3764 προσκυνη-

447 3794 539 3847 illa
571 3804 770 3848 natura
795 3800 900 3848 est.
925 3792 1003 3846 Ac
1035 3792 1081 3847 si
1110 3798 1451 3861 compertum
1517 3788 1705 3854 fuerit,
1766 3786 2016 3858 ejusdem

445 3894 656 3939 naturae
675 3884 935 3954 Spiritum
958 3898 1177 3954 quoque
1196 3898 1317 3937 esse
1338 3891 1611 3945 sanctum,
1641 3880 1808 3934 adora
1830 3880 2013 3933 illum:

445 3974 533 4029 sin
564 3976 767 4038 minus,
802 3989 871 4030 ne
903 3975 1151 4027 adorato.
1187 3972 1375 4042 Neque
1403 3972 1548 4027 enim
1603 3971 1890 4041 quaeritur,
1946 3984 2016 4023 an

446 4068 684 4139 Spiritus
718 4076 942 4124 sanctus
981 4069 1051 4123 sit
1097 4068 1182 4122 vel
1234 4064 1396 4120 Pater
1452 4064 1536 4118 vel
1570 4061 1782 4118 Filius:
1820 4062 1915 4117 sed
1945 4079 2015 4117 an

444 4159 690 4228 ejusdem
721 4174 785 4214 ac
810 4158 971 4213 Pater
1000 4165 1055 4213 et
1081 4156 1258 4211 Filius
1281 4157 1353 4211 sit
1383 4162 1613 4209 naturas.
1639 4152 1740 4207 Hic
1774 4153 1864 4208 ille
1912 4152 2015 4209 sibi

2227 854 2654 926 Ἀπεστείλαμεν
2684 858 2751 927 τῇ
2780 858 2846 926 σῇ
2886 860 3097 910 συνέσει
3131 856 3192 910 τὸ
3222 856 3399 928 παρὸν
3432 855 3727 926 σύνταγμα

2142 940 2283 1011 ὑπὲρ
2312 942 2406 994 τοῦ
2440 942 2741 1011 ἀναγνόντα
2773 960 2830 995 σε
2855 944 3148 1015 δοκιμάσαι
3179 947 3273 998 καὶ
3305 945 3376 999 τὰ
3425 945 3581 1016 παρὰ
3612 943 3723 997 τῶν

2140 1033 2452 1107 αἱρετικῶν,
2478 1036 2585 1089 τῶν
2614 1036 2680 1089 τὰ
2699 1036 3030 1090 Μακεδονίου
3058 1037 3401 1108 φρονούντων
3428 1038 3720 1109 εἰρημένα,

2140 1127 2335 1181 καὶτὰ
2369 1129 2498 1199 παρ’
2536 1118 2694 1199 ἡμῶν
2755 1128 3122 1187 ἀντιτεθέντα.
3187 1129 3267 1184 Τὰ
3327 1131 3427 1200 μὲν
3476 1128 3573 1185 οὖν
3627 1132 3722 1185 ὑπ’

2138 1219 2361 1273 ἐκείνων
2394 1220 2637 1284 τεθέντα,
2660 1223 2717 1274 ὲν
2735 1220 2814 1291 τῷ
2850 1221 3118 1294 σχεδαρίῳ
3133 1222 3306 1277 ταῦτά
3335 1224 3502 1277 εἰσιν

2214 1314 2264 1365 1.
2297 1314 2359 1365 El
2384 1312 2499 1365 ἐστι
2523 1312 2655 1377 Θεὸς
2675 1314 2734 1367 τὸ
2765 1315 2987 1386 Πνεῦμα
3011 1315 3073 1367 τὸ
3090 1315 3265 1383 ἅγιον,
3288 1317 3404 1369 ἔστι
3439 1316 3636 1387 Πατὴρ
3683 1316 3719 1387 ἢ

2139 1404 2288 1469 Υἱός·
2316 1405 2433 1458 εἰδὲ
2461 1405 2556 1476 μὴ,
2579 1407 2637 1458 οὑ
2661 1405 2815 1470 Θεός.
2831 1407 2941 1459 Kal
2962 1408 3121 1478 ἡμεῖς
3147 1407 3285 1477 πρὸς
3303 1407 3489 1461 αὐτόν’
3517 1408 3721 1475 Ἐδέξω

2138 1499 2318 1570 σαυτῷ
2343 1499 2403 1552 τό
2424 1516 2437 1529 ⁸
2470 1499 2532 1551 ΕΞ
2564 1498 2679 1552 ἐστι
2717 1499 2849 1563 Θεὸς
2888 1500 2950 1553 τὸ
2980 1498 3225 1570 Πνεῦμα,
3275 1499 3391 1553 ἐστι
3449 1501 3646 1572 Πατὴρ
3679 1500 3715 1572 ἢ

2135 1587 2281 1652 Υἱὸς,
2306 1589 2382 1652 ὡς
2405 1588 2498 1641 τοῦ
2550 1588 2765 1661 Πατρὸς
2815 1589 2903 1642 διὰ
2934 1590 3092 1642 τοῦτο
3128 1590 3281 1651 ὄντος
3327 1590 3487 1653 Θεοῦ,
3524 1591 3719 1663 ἐπειδὴ

2118 3796 2207 3859 τὸς
2239 3796 2267 3847 6
2304 3793 2453 3857 Υἱὸς,
2489 3790 2677 3861 ἐπειδὴ
2712 3791 2860 3854 Υἱὸς,
2896 3787 3032 3843 ἀλλὰ
3058 3787 3124 3840 δι’
3150 3788 3318 3859 αὐτὴν
3360 3788 3465 3855 τὴν
3489 3786 3659 3855 φύσιν
3689 3802 3704 3816 ⁸

2115 3886 2318 3956 ταύτην
2339 3884 2615 3957 ζητητέον.
2648 3885 2756 3936 Kal
2784 3883 2832 3935 εἰ
2870 3881 2965 3957 μὲν
2991 3878 3239 3950 εὑρεθείη
3267 3880 3361 3932 καὶ
3389 3878 3448 3931 τὸ
3475 3877 3710 3949 Πνεῦμα

2115 3977 2213 4047 τῆς
2227 3972 2393 4029 αὐτοῦ
2416 3973 2552 4045 (16‘)
2578 3971 2814 4041 φύσεως.
2837 3966 3131 4041 προσκύνει
3146 3984 3159 3996 ⁸
3180 3965 3298 4018 εἰδὲ
3318 3963 3395 4035 μὴ
3420 3962 3705 4036 εὑρεθείη,

2115 4067 2301 4138 χωρίς.
2335 4068 2583 4137 Ζητεῖται
2604 4064 2713 4135 γὰρ
2736 4064 2877 4133 οὐχὶ,
2914 4064 2962 4115 εἰ
2988 4061 3181 4132 Πατήρ
3211 4063 3326 4113 ἐστι
3348 4061 3409 4112 τὸ
3445 4058 3709 4128 Πνεῦμα,

2114 4157 2221 4210 οὐδ’
2246 4159 2294 4210 εἰ
2325 4156 2453 4220 Υἱός
2477 4174 2491 4188 ⁸
2525 4154 2639 4209 ἀλλ’
2675 4156 2724 4207 εἰ
2751 4154 2850 4224 τῆς
2874 4154 3040 4223 αὐτῆς
3099 4151 3312 4221 φύσεώς
3367 4153 3485 4204 ἐστι
3524 4151 3710 4221 Πατρὶ

441 4266 658 4307 rursum
692 4250 879 4319 objicit
913 4248 1212 4303 Orthodoxi
1242 4247 1464 4302 nomine
1490 4265 1504 4301 :
1534 4246 1731 4300 Annon
1750 4245 2013 4314 scriptum

2142 4248 2209 4301 :al
2228 4246 2361 4317 Υἱῴ.
2396 4246 2542 4317 Πρὸς
2587 4244 2747 4297 τοῦτο
2789 4242 2949 4295 πάλιν
2987 4240 3175 4311 ,ἑαυτῷ
3217 4240 3579 4310 ἁντιτίθησιν,
3624 4240 3710 4303 ὡς

441 4353 525 4398 εει
556 4361 569 4395 :
600 4361 618 4393 ι
653 4340 892 4411 Spiritus
947 4348 1034 4396 est
1065 4338 1212 4394 Deus
1252 4337 1335 4391 “l
1381 4357 1399 4390 ι
1432 4337 1524 4392 llle
1566 4350 1789 4391 rursum
1822 4351 1837 4387 :
1870 4335 2015 4390 Deus

2142 4337 2267 4410 παρὰ
2321 4336 2634 4409 Ὀρῦοδόξου
2703 4335 3011 4409 εἰρημένον·
3076 4333 3149 4386 Οὐ
3207 4332 3551 4402 γέγραπται,
3615 4331 3709 4383 ὅτι

440 4444 525 4489 est
566 4433 807 4505 Spiritus
835 4449 847 4484 :
881 4442 935 4487 at
966 4448 1074 4488 non
1110 4431 1351 4503 Spiritus
1382 4430 1474 4485 ille
1501 4438 1586 4484 est
1619 4427 1763 4484 Deus
1800 4447 1811 4481 :
1850 4427 2010 4498 quid-

2180 4428 2403 4499 Πνεῦμα
2458 4430 2487 4481 6
2541 4427 2707 4493 Θεός;
2751 4446 2769 4478 ι
2824 4423 2960 4480 Εἶτά
3002 4440 3167 4496 φησιν
3220 4423 3422 4485 αὐτὸς·
3470 4421 3710 4492 Πνεῦμά

436 4526 568 4596 quid
600 4526 744 4580 enim
794 4522 939 4579 Deus
985 4532 1090 4589 est,
1135 4524 1270 4578 illud
1315 4530 1401 4579 est
1444 4521 1728 4592 Spiritus:
1771 4529 1827 4574 at
1897 4536 2007 4575 non

2142 4536 2263 4572 στιν
2290 4522 2317 4573 6
2344 4512 2496 4583 Θεὸξ,
2522 4519 2614 4572 καὶ
2667 4517 2787 4588 οὐχὶ
2828 4518 2890 4571 τὸ
2952 4515 3176 4586 Πνεῦμα
3213 4514 3367 4577 Θεός.
3418 4515 3537 4567 Πᾶν
3591 4514 3709 4586 γὰρ

438 4617 707 4689 quidquid
736 4625 821 4672 est
860 4617 1121 4687 Spiritus,
1153 4616 1286 4671 illud
1330 4623 1415 4670 est
1445 4615 1606 4669 Deus.
1638 4612 1739 4669 Cui
1765 4626 1867 4666 nos
1905 4631 1917 4666 :
1950 4610 2010 4665 Si

2149 4611 2171 4663 ῐ
2206 4628 2259 4662 τι
2304 4609 2456 4674 Θεὸς,
2513 4608 2672 4662 τοῦτο
2704 4609 2797 4661 καὶ
2827 4606 3052 4676 Πνεῦμα
3076 4622 3090 4636 ⁸
3122 4605 3222 4658 οὐκ
3255 4604 3306 4656 εἴ
3360 4620 3414 4656 τι
3446 4605 3703 4674 Πνεῦμα.

437 4711 610 4767 scires
633 4711 834 4765 donum
866 4708 981 4772 Dei,
1017 4717 1072 4765 et
1114 4707 1528 4778 Seripturarum
1566 4704 1882 4760 memoriam
1910 4704 2007 4757 ha-

2142 4699 2273 4753 :oﬁro
2314 4698 2378 4769 δὴ
2406 4699 2500 4752 καὶ
2528 4697 2680 4760 Θεός.
2726 4696 2917 4767 Ἡμεῖς
2944 4694 3003 4748 δὲ
3029 4694 3164 4766 πρὸς
3209 4694 3373 4746 αὐτόν
3392 4709 3405 4722 ⁸
3442 4693 3506 4745 Εἰ
3551 4693 3706 4763 ᾕδεις

434 4802 615 4866 heres,
664 4801 720 4856 id
745 4801 930 4871 utique
983 4816 1094 4855 non
1120 4801 1353 4855 diceres.
1384 4798 1504 4853 Non
1537 4798 1683 4852 enim
1739 4794 2010 4867 quidquid

2142 4791 2215 4861 τὴν
2239 4788 2447 4858 δωρεὰν
2466 4785 2558 4840 τοῦ
2588 4783 2745 4850 Θεοῦ,
2786 4786 2881 4838 καὶ
2906 4783 3004 4855 τὴν
3034 4782 3143 4836 τῶν
3174 4782 3410 4854 Γῳφῶν
3445 4786 3708 4852 κατεῖχες

434 4905 519 4950 est
550 4894 714 4959 Deus,
748 4892 986 4965 Spit-itus
1015 4901 1119 4947 est.
1150 4890 1289 4945 Nam
1316 4899 1371 4944 et
1431 4890 1646 4958 Moyses
1673 4888 1811 4944 deus
1842 4902 2008 4942 voca-

2142 4883 2360 4953 ινήμην,
2408 4880 2508 4932 οὐκ
2552 4878 2621 4932 ἂν
2649 4878 2914 4949 ἀπεφήνω
2955 4874 3131 4930 τοῦτο.
3165 4875 3240 4927 Οὐ
3286 4876 3396 4927 πᾶν
3425 4874 3537 4945 γὰρ
3570 4876 3623 4926 εἰ
3646 4891 3705 4927 τι

431 4997 524 5043 tus
552 4995 638 5043 est
669 5004 683 5040 :
711 5006 730 5039 ι
762 4964 905 5040 Ecce
935 4993 989 5039 te
1014 4983 1277 5039 constitui
1324 4981 1486 5036 deum
1523 4979 1826 5034 Pharaonis
1856 4979 1899 5011 ¹⁸
1927 4996 1944 5046 ;
1982 4996 2002 5030 ο

2142 4975 2265 5038 θεὸς,
2294 4971 2451 5026 τοῦτο
2475 4971 2653 5025 καὶτὸ
2698 4969 2945 5041 Πνεῦμα.
2980 4968 3093 5021 Καὶ
3123 4966 3230 5037 γὰρ
3268 4967 3297 5017 6
3328 4965 3540 5036 Μωσῆς
3575 4964 3707 5029 θεὸς

432 5080 529 5137 sed
568 5079 731 5135 etiam
764 5077 1000 5132 Aaronis
1029 5074 1219 5130 fratris
1245 5073 1331 5130 sui
1359 5088 1373 5125 :
1400 5091 1419 5124 ι
1449 5071 1574 5128 Eris
1604 5070 1685 5135 illi
1719 5072 1775 5125 in
1820 5069 2006 5133 deum,

2146 5061 2346 5134 κλήθη·
2385 5082 2402 5114 ι
2447 5062 2578 5115 Ἰδοὺ
2626 5059 2738 5132 γὰρ
2783 5058 2975 5130 τίθημι
3008 5074 3068 5110 σε
3109 5056 3229 5109 θεὸν
3260 5055 3356 5108 τοῦ
3391 5054 3627 5127 ⁴ιιαρςιώ·
3676 5074 3699 5108 ι

429 5180 485 5227 ει
512 5168 681 5227 Irater
706 5178 835 5226 tuus
856 5170 963 5224 erit
988 5166 1258 5238 propheta
1288 5172 1417 5221 tuus
1458 5164 1523 5217 ¹⁶.
1564 5182 1583 5216 ι
1625 5162 1692 5216 Ει
1730 5161 1909 5217 Filius
1951 5160 2008 5215 in

2142 5154 2250 5207 ιλλὰ
2280 5154 2373 5207 καὶ
2422 5149 2634 5222 Ἀαρὼν
2691 5150 2785 5204 τοῦ
2835 5148 3001 5203 αὐτοῦ
3057 5146 3285 5215 ἀδελφοῦ
3314 5163 3330 5177 ⁸
3365 5164 3385 5196 ε
3419 5146 3563 5218 Ἐσῃ
3588 5144 3705 5217 γὰρ

428 5264 737 5336 Evangelii:
789 5263 865 5318 ait
911 5237 1240 5318 deisanctis
1271 5276 1287 5314 :
1321 5276 1341 5310 ‹
1385 5256 1445 5312 Si
1477 5256 1648 5327 igitur
1695 5255 1820 5309 illos
1868 5254 2006 5308 dixit

2142 5243 2283 5315 ιὺτῷ,
2330 5244 2518 5315 φησὶν,
2576 5244 2657 5305 εἰς
2701 5241 2840 5298 θεὸν.
2895 5239 2989 5293 καὶ
3039 5237 3302 5310 Ἀαρὼνὸ
3336 5237 3569 5306 ἁδελφός
3603 5254 3702 5291 σου

429 5357 562 5412 deos
584 5331 651 5411 ad
678 5370 818 5426 quos
873 5368 1056 5411 sermo
1105 5350 1204 5408 Dei
1235 5349 1415 5406 factus
1446 5357 1553 5411 est,
1585 5358 1640 5403 et
1669 5363 1780 5402 non
1829 5351 2008 5417 potest

2146 5354 2268 5390 σται
2296 5353 2378 5389 σοι
2401 5336 2481 5398 εἰς
2514 5335 2822 5406 προφήτην.
2860 5352 2879 5384 ι
2911 5332 3020 5385 Kal
3042 5333 3073 5385 6
3101 5331 3231 5395 Υ-ῑὸς
3244 5333 3304 5384 ὲν
3320 5334 3436 5395 τοῖς
3452 5331 3705 5400 Euan:-

429 5449 567 5505 solv'i
606 5416 889 5517 Scriptura
930 5447 1010 5511 ";
1048 5464 1067 5496 ι
1098 5452 1178 5509 et,
1215 5461 1234 5495 ι
1263 5441 1412 5497 Deus
1454 5441 1686 5496 deorum
1742 5416 2008 5491 Dominus

2148 5426 2246 5490 ίοις
2283 5426 2431 5496 λέγει
2474 5426 2604 5494 περὶ
2636 5423 2749 5478 τῶν
2775 5421 2944 5491 ἁγίων
2973 5439 3001 5452 ⁸η
3024 5442 3043 5475 ι
3074 5422 3139 5476 Εἰ
3167 5418 3262 5478 οὖν
3293 5421 3541 5486 ἐκείνους
3575 5416 3702 5475 εἶτε

429 5542 647 5596 locutus
682 5496 787 5603 esrt,
814 5546 870 5595 et
897 5537 1114 5594 vocavit
1156 5544 1361 5592 terram
1393 5535 1459 5590 ⁸⁸.
1498 5553 1518 5587 ι
1559 5530 1627 5586 Et
1685 5530 1815 5586 alibi
1868 5529 2007 5584 scri-

2142 5521 2290 5584 ιεοὺς,
2348 5519 2485 5591 πρὸς
2534 5517 2630 5580 οὓς
2661 5517 2690 5569 6
2738 5515 2900 5584 λόγος
2922 5514 3016 5569 τοῦ
3047 5514 3185 5571 Θεοῦ
3215 5514 3473 5585 ἰγὲνετο,
3507 5514 3609 5567 καὶ
3631 5496 3709 5568 οὗ

500 5655 548 5687 ⁸⁵
580 5653 738 5709 Joan.
774 5669 850 5716 Iv,
884 5653 974 5708 ΞΔ.
1089 5655 1132 5687 ⁸³
1171 5652 1344 5709 Exod.
1381 5668 1478 5718 vn,
1520 5651 1569 5705 l.
1651 5650 1694 5683 ¹⁶
1732 5649 1865 5704 ibid.
1947 5648 1987 5679 ’τ
2026 5683 2028 5692 ς

2142 5658 2183 5696 a.
2226 5658 2277 5708 ι,
2315 5640 2402 5695 35.
2483 5637 2526 5671 "
2563 5636 2708 5693 Psal.
2746 5650 2895 5700 xm,
2928 5634 2982 5689 1.

504 5746 642 5816 (16³)
668 5744 849 5810 Forte,
874 5746 1064 5815 αὐτῆς.
1099 5744 1256 5799 Ευιτ.

3111 5802 3118 5812 ι
3140 5798 3171 5811 .»
3233 5789 3246 5805 ⁸
3325 5792 3342 5806 ο

3847 148 3850 291 l

3846 686 3850 779 ι
