3850 6226
124 5452 139 5507 ί

100 5700 128 5737 ,ιι

176 363 318 425 1295

1232 362 1514 420 CONTRA
1552 362 1905 421 MACEDON.
1945 359 2298 422 DIALOGUS
2327 365 2370 420 Ι.

3297 352 3436 426 last

173 482 400 539 δύναται
434 484 467 546 ἠ
491 482 681 556 Γραφὴ
724 483 993 557 λυθῆναι·
1021 503 1039 537 ι
1078 484 1197 548 καὶ,
1232 503 1251 535 ι
1294 484 1428 548 Θεὸς
1463 483 1602 538 θεῶν
1645 483 1748 537 Κύ-

1856 489 2010 552 ptum
2036 489 2122 539 est
2156 499 2170 535 :
2207 500 2226 534 ι
2256 465 2555 539 Videbitur
2592 481 2739 540 Deus
2769 483 2998 539 deorum
3028 484 3082 538 in
3114 481 3248 540 Sion
3283 488 3326 522 ι’
3352 502 3368 552 ;
3408 506 3429 540 ι

178 595 297 652 ριος
322 576 570 648 ὲλάλησε.
600 578 693 632 καὶ
716 577 941 632 ἐκάλεσε
966 576 1065 648 τὴν
1101 577 1207 647 γῆν
1226 592 1242 608 ο
1276 595 1296 628 ι
1328 576 1423 628 καὶ
1446 577 1501 629 ὲν
1527 576 1750 647 ἑτέροις·

183 686 204 721 ι
238 669 563 740 Ὀφθήσεται
597 671 625 721 6
647 669 777 732 Θεὸς
802 668 909 722 τῶν
936 668 1074 722 θεῶν
1104 658 1265 739 (16⁸³)
1290 670 1348 720 ὲν
1368 666 1506 720 Σιών
1525 683 1538 698 ·
1579 686 1600 721 ι
1640 668 1756 728 καὶ,

182 780 203 814 ι
242 763 302 815 Ὀ
325 762 455 825 Θεὸς
481 760 608 831 ἔστη
654 762 711 813 ἐν
746 762 1038 831 συναγωγῇ
1076 758 1239 822 θεῶν,
1274 759 1370 812 καὶ
1401 759 1459 812 ὲν
1505 758 1655 830 μέσῳ
1699 757 1758 811 δὲ

177 852 333 916 θεοὺς
356 852 623 924 διακρινεῖ
645 868 660 883 ο
699 869 718 902 ι
759 850 876 915 καὶ,
910 869 927 897 ο
961 848 1131 913 Θεοῦς
1175 851 1236 903 οὐ
1292 848 1702 920 κακολογήσεις,
1734 868 1752 899 δ

174 945 505 1016 γέγραπται.
539 941 698 997 Κατὰ
739 941 870 1012 γοῦν
897 942 997 1012 τὴν
1021 942 1119 1013 σὴν
1149 942 1359 1010 σοφίαν,
1383 943 1433 994 εί
1462 943 1569 995 πᾶν
1605 941 1660 993 εἴ
1703 959 1757 995 τι

175 1035 331 1098 Θεὸς,
366 1032 523 1087 τοῦτο
548 1033 640 1087 καὶ
668 1032 916 1103 Πνεῦμα,
948 1032 1147 1097 πάντες
1167 1034 1216 1085 οί
1241 1032 1629 1105 προειρημένοι
1666 1031 1760 1087 ἄν·

177 1124 385 1194 Θρωποι
412 1125 505 1178 καὶ
535 1123 667 1186 θεοὶ,
694 1123 986 1193 ΙΙνεύματά
1008 1125 1165 1176 εἰσιν.
1186 1124 1249 1176 El
1287 1122 1343 1176 δὲ
1370 1122 1491 1186 θεὸς
1528 1124 1753 1194 Μωσῆς,

176 1216 272 1269 καὶ
296 1215 524 1279 ἕκαστος
539 1215 647 1268 τῶν
674 1214 1109 1287 προειρημένων,
1132 1215 1226 1267 καὶ
1242 1215 1302 1267 ού
1323 1214 1632 1284 Πνεύματα,
1657 1216 1757 1268 οὐκ

176 1305 286 1377 ἄρα
315 1307 421 1358 πᾶν
455 1307 506 1358 εἴ
538 1323 590 1359 τι
623 1305 775 1369 Θεὸς,
807 1304 966 1358 τοῦτο
1000 1306 1096 1358 καὶ
1135 1305 1359 1376 Πνεῦμα
1380 1322 1394 1335 ο
1424 1306 1544 1360 οὐδὲ
1574 1308 1682 1360 πᾶν
1708 1305 1762 1358 εῐ

175 1415 231 1451 τι
269 1396 519 1468 Πνεῦμα,
570 1394 727 1451 τοῦτο
770 1398 863 1451 καὶ
902 1396 1052 1461 Θεός.
1101 1398 1213 1450 Καὶ
1244 1397 1350 1469 γὰρ
1393 1396 1461 1452 τὰ
1505 1397 1756 1467 δαιμόνια

176 1490 330 1562 ὐμῶν
370 1490 479 1544 τῶν
511 1490 802 1563 αἱρετικῶν
849 1490 1136 1563 πνεύματά
1196 1493 1338 1556 εἰσι,
1390 1491 1485 1545 καὶ
1517 1490 1617 1544 οὐκ
1650 1489 1758 1544 εἰσὶ

177 1578 312 1633 Θεοί.
1278 1608 1282 1612 -

244 1669 299 1724 5.
333 1670 451 1723 Ἔτι
484 1670 772 1742 πρόσωπον
819 1670 1127 1742 εἰσαγαγὼν
1169 1668 1504 1743 Ὀρθοδόξου,
1545 1669 1754 1742 Δῶμεν,

172 1761 360 1833 φησὶν,
386 1761 461 1826 ὡς
491 1762 552 1815 οὐ
603 1763 931 1832 θεολογεῖται
965 1763 1028 1818 τὸ
1058 1763 1302 1834 Πνεῦμα,
1334 1763 1484 1834 ὅμως
1512 1762 1756 1833 κυριολο-

1858 580 1945 638 et,
1995 583 2018 626 ι·
2057 573 2203 630 Deus
2238 575 2390 630 stetit
2423 576 2477 629 in
2527 589 2805 647 synagoga
2835 575 3087 643 deorum,
3147 576 3204 630 in
3252 576 3437 633 medio

1858 674 2038 720 autem
2094 668 2228 723 deos
2261 668 2529 737 dijudicat
2559 670 2642 736 ²⁰;
2677 687 2696 721 ι
2732 676 2808 736 et,
2839 686 2858 720 ι
2903 667 3016 722 Diis
3060 683 3171 723 non
3207 670 3441 725 maledi»

1857 775 1952 815 ces
1972 763 2038 813 “.
2063 780 2081 812 )
2103 760 2266 833 475
2297 760 2351 814 Si
2383 775 2514 831 ergo
2539 760 2697 830 juxta
2732 759 3056 830 sapientiam
3086 761 3233 815 illam
3261 769 3435 819 tuam.

1863 852 2134 922 quidquid
2170 863 2255 907 est
2287 852 2449 918 Deus,
2473 853 2609 908 illud
2636 860 2719 908 cst
2743 851 3008 923 Spiritus,
3030 867 3161 908 sane
3187 852 3436 924 praedicti

1858 944 1936 997 illi
1956 943 2207 999 homines
2238 959 2303 997 ac
2334 944 2433 1008 dii,
2483 943 2723 1014 Spiritus
2746 953 2896 999 sunt.
2924 943 3080 1010 Quod
3114 944 3160 1000 si
3187 945 3324 998 deus
3352 952 3438 999 est

1858 1033 2096 1105 Moyses,
2143 1050 2360 1090 necnon
2397 1034 2601 1104 singuli
2625 1050 2692 1089 ex
2731 1050 2897 1104 supra
2928 1035 3091 1090 dictis
3118 1034 3436 1089 hominibus

1858 1128 1955 1196 (dii
1986 1127 2133 1199 sunt)
2158 1137 2211 1181 et
2246 1142 2356 1181 non
2389 1125 2644 1197 Spiritus,
2670 1128 2856 1197 utique
2889 1143 2999 1181 non
3042 1126 3309 1197 quidquid
3351 1132 3436 1181 est

1855 1219 2021 1285 Deus,
2058 1218 2192 1273 illud
2213 1225 2297 1274 est
2322 1216 2586 1287 Spiritus,
2613 1234 2791 1289 neque
2814 1218 3082 1288 quidquid
3121 1226 3206 1274 est
3257 1217 3434 1288 Spirid-

1857 1321 1969 1375 tus,
2003 1312 2138 1366 illud
2168 1319 2258 1367 est
2292 1311 2453 1366 Deus.
2486 1309 2624 1365 Nam
2658 1311 2929 1366 daemonia
2958 1318 3201 1366 vestrum
3224 1311 3437 1366 haereti-

1857 1421 2047 1459 corum
2078 1405 2306 1475 spiritus
2339 1411 2488 1468 sunt,
2514 1419 2615 1459 nec
2645 1412 2826 1459 tamen
2860 1411 2991 1460 sunt
3016 1402 3119 1457 dii:

1926 1656 1982 1720 3'.
2030 1662 2258 1718 Inducta
2292 1662 2489 1717 iterum
2538 1662 2630 1717 ille
2662 1661 2963 1715 Orthodoxi
2996 1674 3250 1731 persona,
3285 1659 3433 1714 Con~

1859 1754 2141 1817 cedamus,
2169 1753 2266 1819 ait,
2299 1752 2567 1823 Spiritum
2604 1759 2853 1807 sanctum
2884 1767 2994 1806 non
3024 1752 3204 1806 vocari
3235 1750 3430 1816 Deum,

170 1853 376 1920 γεῖται·
429 1851 735 1924 γέγραπται
768 1852 908 1925 γάρ·
945 1872 965 1904 ι
1015 1854 1072 1907 ’0
1097 1854 1155 1906 δὲ
1186 1853 1389 1926 Κύριος
1428 1853 1489 1907 τὸ
1532 1851 1748 1922 ﬁve-Gud

1855 1854 1910 1900 at
1952 1844 2215 1900 Dominus
2260 1845 2452 1900 saltem
2492 1850 2755 1909 vocatur;
2791 1842 3056 1912 scriptum
3108 1849 3193 1897 est
3232 1842 3376 1897 enim
3412 1858 3433 1898 ι

169 1936 340 1996 ἐστιν.
377 1960 395 1994 ι
435 1943 556 1996 Ἔτι
607 1942 805 2014 φησίνο
865 1945 1000 1997 Εἰπὲ
1054 1945 1213 2008 αὐτὸς
1267 1946 1329 1999 τὸ
1382 1945 1748 2015 ἐπαγόμενονο

175 2052 196 2085 ε
231 2029 307 2088 OT)
338 2034 394 2087 δὲ
426 2034 486 2087 τὸ
533 2035 757 2106 Πνεῦμα
799 2036 1027 2107 Κυρίου,
1070 2037 1186 2090 ἐκεῖ
1229 2037 1531 2107 ἐλευθερία.
1567 2058 1585 2090 ι
1617 2037 1753 2108 Περὶ
1814 2100 1819 2103 γ

167 2124 265 2178 τοῦ
313 2126 516 2197 Κυρίου
555 2125 722 2193 λέγει,
763 2128 947 2197 φησὶν,
997 2129 1077 2182 ὅτι
1123 2131 1152 2181 6
1196 2128 1398 2200 Κύριος
1429 2130 1489 2183 τὸ
1530 2129 1754 2200 Πνεῦμά

166 2207 338 2267 ἐστιν.
384 2214 571 2285 Ἡμεῖς
598 2214 655 2267 δὲ
684 2214 820 2287 πρὸς
847 2215 1004 2268 αὐτόν
1027 2232 1041 2246 °
1084 2216 1323 2287 Ἀληθῶς
1350 2218 1430 2281 τὸ,
1465 2237 1483 2270 ι
1515 2218 1753 2272 Φάσκον-

165 2321 261 2369 τες
293 2301 429 2359 εἶναι
460 2306 612 2375 σοφοὶ
644 2307 1062 2378 ἐμωράνθησαν,
1097 2328 1115 2360 ι
1156 2310 1286 2381 περὶ
1329 2310 1480 2381 ὑμῶν
1515 2310 1749 2382 εἴρηται.

167 2388 278 2448 Τοῦ
325 2395 435 2467 γὰρ
487 2397 824 2466 ἐπαγομένου
879 2397 1127 2470 φανερῶς
1186 2398 1511 2466 δεικνύντος,
1560 2401 1641 2453 ὅτι
1692 2400 1754 2453 τὸ

165 2482 569 2556 Πνεῦμάὲστιν,
589 2483 768 2557 (16“¹)
786 2477 847 2538 οὗ
865 2486 1126 2557 εῖρηται,ι
1151 2487 1278 2541 ’θ’δὲ
1295 2486 1498 2559 Κύριος
1511 2486 1573 2541 τὸ
1584 2482 1724 2542 Πνεῦ
1740 2516 1756 2527 -

170 2574 251 2644 μά
275 2574 445 2638 ἐστιν,
470 2594 488 2626 ι
508 2575 799 2646 ήπάτησας
815 2576 974 2640 αὐτὸς
995 2577 1209 2641 ἑαυτὸν,
1233 2578 1321 2631 ἵνα
1345 2580 1409 2631 ὲκ
1436 2578 1530 2631 τοῦ
1552 2580 1755 2650 στόμα-

164 2662 259 2724 τός
289 2679 382 2715 anu
410 2662 629 2734 ἐλεγχος
651 2664 889 2737 προέλθῃ
910 2704 926 2731 ,
953 2667 1048 2720 καὶ
1071 2665 1335 2739 ἀκούσῃς,
1354 2667 1435 2722 ὅτι
1467 2686 1486 2718 ι
1529 2669 1625 2722 Ἐκ
1658 2668 1753 2722 τοῦ

167 2754 437 2826 στόματός
489 2773 580 2808 σου
633 2756 804 2829 κρινῶ
851 2775 945 2819 σε,
1009 2760 1214 2831 πονηρὲ
1257 2760 1429 2818 δοῦλε.
1476 2780 1495 2813 ι
1526 2754 1599 2814 T6
1646 2761 1755 2834 γὰρ

165 2848 503 2919 ἑπαγόμενόν
532 2851 712 2901 ἐστιν·
752 2868 771 2900 ι
813 2845 886 2904 Οῦ
913 2849 970 2903 δὲ
1015 2851 1073 2902 τὸ
1107 2850 1331 2923 Πνεῦμα
1368 2853 1604 2925 Κυρίου,
1640 2856 1757 2907 ἐκεῖ

164 2938 470 3010 ἐλευθερία.
512 2959 530 2990 ι
568 2939 641 2992 Τὸ
678 2939 735 2993 δὲ
774 2939 833 2992 ὃν
877 2940 1102 3012 Πνεῦμα
1130 2943 1359 3015 Κυρίου,
1404 2945 1610 3017 Κυρίου
1636 2945 1755 2998 ἐστὶ

164 3028 416 3099 Πνεῦμα,
450 3031 585 3103 ὅπερ
617 3030 833 3103 εἴρηται
863 3031 1086 3106 Κύριος.
1127 3034 1212 3099 Ὠς
1242 3035 1351 3107 γὰρ
1381 3035 1510 3100 Υἱὸς
1548 3036 1754 3108 Κύριος

165 3118 262 3187 ὢν,
297 3121 496 3194 Κύριός
521 3125 693 3176 ἐστιν·
728 3123 901 3189 οὕτως
933 3126 995 3178 τὸ
1021 3125 1263 3196 Πνεῦμα,
1295 3120 1498 3198 Κύριος
1522 3125 1602 3191 ὃν,
1638 3126 1753 3179 Κύ-

166 3214 289 3286 ριός
313 3214 479 3268 ἐστιν.

241 3391 291 3446 4.
325 3393 434 3446 Καὶ
466 3392 625 3447 πάλιν
658 3392 834 3463 ἐαυτῷ
862 3392 1151 3465 πρόσωπον
1194 3393 1585 3465 ποιησάμενος,
1621 3397 1747 3448 ἐαυ-

164 3482 259 3537 τὸν
288 3482 474 3555 ἠρώτα
496 3500 511 3514 ·
543 3484 678 3537 Οὐδὲ
726 3486 1100 3556 προσκυνητόν
1133 3486 1313 3551 ὲστιν;
1356 3485 1545 3541 ἔπειτα
1586 3489 1747 3553 αὐτὸς

164 3574 346 3645 ἑαυτῷ
364 3592 377 3605 ·
414 3576 527 3628 Ούκ
559 3575 705 3629 ἔστιν
725 3594 738 3607 ο
773 3576 892 3629 οὐδὲ
921 3575 1030 3648 γὰρ
1062 3575 1395 3649 γέγραπται.
1425 3574 1557 3633 Εἶτα
1585 3580 1746 3634 πάλιν

162 3665 345 3722 λαϐὼν
383 3667 691 3739 Ὀρθοδόξου
741 3670 1051 3740 πρόσωπον,
1099 3669 1274 3737 λέγει’
1328 3672 1392 3725 El
1441 3672 1746 3744 ἀνθρώποις

161 3759 922 3833 προσεκύνησαν’ἅνορωποι,
968 3763 1101 3834 φέρε
1143 3765 1340 3828 εἰπεῖν,
1385 3765 1460 3829 ὠς
1503 3766 1691 3820 Ναϐὰν
1718 3771 1746 3822 6

162 3852 449 3923 προφήτης
502 3852 578 3923 τῷ
637 3854 829 3906 Δαϐίδ·
885 3855 1192 3925 γέγραπται
1248 3858 1391 3927 γάρ’
1441 3876 1459 3909 ι
1513 3859 1743 3929 Είοῆλθε

161 3941 308 3994 κατὰ
352 3944 639 4014 πρόσωπον
677 3944 774 3998 τοῦ
816 3946 1078 4015 βασιλέως
1129 3947 1318 4001 Ναθὰν
1361 3948 1390 3999 6
1438 3951 1742 4021 προφήτης,

160 4028 258 4087 καὶ
286 4036 688 4109 προσεκύνησεν
714 4039 873 4093 αὐτὸν
893 4040 985 4092 ἐπὶ
1003 4040 1101 4112 τὴν
1130 4042 1232 4112 γῆν
1255 4058 1268 4072 ο
1305 4061 1323 4092 ι
1348 4041 1435 4095 διὰ
1465 4043 1516 4095 τί
1547 4042 1620 4113 μὴ
1652 4046 1745 4096 καὶ

156 4125 241 4197 τῷ
264 4124 540 4197 Πνεύματι
563 4134 1010 4203 προσκυνήσομεν
1039 4133 1145 4205 πρὸ
1168 4136 1385 4188 πάντων
1411 4132 1741 4205 ἀνθρώπωνς

157 4212 273 4274 Καί
318 4219 477 4284 αὐτὸς
528 4222 705 4294 ἐαυτῷ
751 4225 911 4279 πάλιν
953 4226 1182 4295 ὲπᾶγει·
1222 4247 1240 4277 ι
1280 4226 1480 4297 Κυρίῳ
1500 4226 1577 4297 τῷ
1625 4226 1745 4298 Θεῷ

161 4324 256 4362 σου
312 4314 739 4384 προσκυνήσεις·
784 4334 802 4365 ι
845 4314 919 4385 μὴ
984 4316 1078 4368 καὶ
1146 4313 1223 4384 τῷ
1295 4314 1605 4385 Πνεύματι;
1672 4314 1745 4367 Τὸ

158 4400 387 4474 Πνεῦμα
440 4404 643 4478 Κύριος
692 4407 793 4459 οὐκ
854 4406 1033 4460 ἔστιν·
1087 4407 1199 4460 ἀλλ’
1248 4404 1374 4460 οὔτε
1425 4407 1592 4470 Θεός·
1628 4405 1745 4469 πῶς

157 4489 253 4547 οὖν
292 4495 445 4549 ἔσται
489 4497 880 4571 προσκυνητὸν,
917 4498 990 4570 μὴ
1012 4497 1072 4552 ὃν
1116 4501 1172 4551 ὲν
1198 4497 1274 4569 τῷ
1300 4498 1398 4568 τῆς
1435 4498 1742 4570 προσκυνή-
1773 4533 1817 4586 D

159 4604 300 4651 σεως
345 4588 488 4660 ὄρῳ;
528 4609 546 4639 ι
583 4590 772 4654 Οὐδεὶς
835 4591 942 4663 γὰρ
1013 4590 1234 4645 δύναται
1301 4593 1471 4644 εἰπεῖν
1537 4589 1741 4661 Κύριον

171 4678 402 4750 Ἰησοῦν,
434 4683 480 4733 εἰ
518 4680 591 4753 μὴ
623 4684 680 4734 ὲν
714 4683 991 4754 Πνεύματι
1024 4684 1184 4754 ἁγίῳ.
1227 4700 1249 4735 ι
1277 4685 1365 4735 Δεῖ
1389 4681 1498 4752 γὰρ
1524 4681 1740 4753 ἀληθῶς

156 4768 252 4826 τὸν
284 4773 689 4844 προσαγόμενον
715 4773 853 4845 Θεῷ,
875 4776 941 4828 δι’
966 4775 1152 4847 ἐτέρου
1184 4773 1262 4846 τῷ
1293 4774 1434 4844 ἁγίῳ
1462 4772 1739 4843 Πνεύματι

155 4863 554 4935 προσάγεσθαι.
591 4865 653 4917 Εἰ
682 4868 1040 4939 προσκυνήσω
1073 4866 1257 4920 λοιπὸν
1293 4865 1370 4937 τῷ
1400 4865 1539 4936 ἁγίῳ
1567 4863 1736 4918 Πνεύ-

156 4971 316 5026 ματι,
362 4954 450 5008 διὰ
486 4956 632 5019 τίνος
673 4956 706 5027 ἢ
757 4958 814 5010 ὲν
857 4957 961 5011 τίνι
1008 4961 1372 5031 προσκυνήσω
1411 4956 1737 5029 προσαχθεὶς

153 5045 346 5117 αὺτῷ;
375 5047 440 5100 Τί
476 5043 570 5102 οὖν
611 5049 767 5119 ὑμεῖς
813 5050 946 5121 πρὸς
983 5050 1190 5116 ταῦτα;
1237 5049 1528 5104 Δικάσεταί
1576 5066 1636 5101 σε
1679 5050 1737 5103 ἐν

154 5126 346 5209 ἡμέρᾳ
372 5134 603 5211 κρίσεως
636 5138 823 5193 Ναϐὰν
854 5142 883 5193 6
923 5141 1228 5213 προφήτης,
1257 5130 1333 5204 ὡς
1362 5129 1422 5192 οὗ
1463 5139 1616 5210 παρὰ
1646 5139 1735 5193 τὸν

154 5226 324 5298 νόμον
351 5229 662 5302 πεποιηκὼς
701 5232 794 5285 καὶ
827 5234 1209 5305 προσκυνήσας
1234 5231 1309 5302 τῷ
1346 5231 1530 5286 Δαῦίδ.
1562 5234 1736 5303 Προσ-

153 5318 364 5391 ἠγαγες
386 5319 495 5392 γὰρ
518 5321 579 5375 τὸ
603 5321 786 5393 ῥητὸν,
811 5322 887 5388 ὡς
912 5324 1140 5393 ὀφείλων
1170 5323 1529 5378 καταδικάσαι
1570 5321 1732 5377 αὐτὸν

237 5536 282 5570 ⁸⁸
322 5536 466 5594 Psal.
501 5551 738 5607 ιιιιιι-ι,
779 5538 831 5594 8.
935 5541 982 5574 ³⁸
1021 5540 1168 5599 Psal.
1200 5557 1402 5606 Lxxxt,
1438 5543 1491 5607 4,.

229 5760 392 5835 (16⁸⁵)
432 5760 524 5819 Sic
562 5761 739 5821 Palat.
765 5764 831 5822 in
859 5765 1013 5837 prius
1042 5766 1201 5825 editis
1228 5767 1482 5841 quadam
1502 5769 1719 5826 desunt.

1603 5543 1649 5578 ”
1687 5531 1863 5601 Exod.
1901 5562 2014 5600 χιιι
2036 5585 2051 5610 ,
2084 5532 2178 5599 εδ.

153 5608 205 5641 ⁸⁵
241 5610 377 5665 Luc.
414 5625 530 5676 xu,
562 5610 654 5665 ει.
738 5610 786 5644 ⁸⁸
822 5609 889 5666 ιιι
918 5608 1053 5683 Reg.
1088 5628 1141 5677 ι,
1175 5612 1267 5668 24.
1361 5614 1406 5646 ⁸⁸
1445 5613 1635 5669 Matth.
1671 5631 1746 5682 tv,
1782 5617 1868 5672 l0.

1860 1955 1879 1987 ι
1923 1934 2183 1990 Dominus
2239 1942 2422 1989 autem
2478 1932 2718 2005 Spiritus
2766 1941 2873 1988 est.
2912 1953 2931 1984 ι
2966 1931 3105 1987 Tum
3142 1932 3432 2004 subsequivs

1852 2035 1944 2081 tur
1975 2046 1988 2082 :
2019 2027 2115 2082 Dic
2143 2027 2289 2098 quod
2320 2025 2591 2095 adjectum
2623 2033 2709 2081 est
2740 2045 2754 2080 :
2787 2044 2806 2077 ι
2842 2024 2942 2080 Ubi
2980 2036 3158 2081 autem
3190 2024 3435 2097 Spiritus

1853 2120 2092 2186 Domini,
2127 2119 2202 2174 ibi
2241 2118 2467 2173 libertas
2490 2119 2559 2172 ”.
2597 2135 2616 2169 ι
2647 2116 2724 2173 De
2756 2117 2988 2172 Domino
3036 2119 3300 2188 loquitur,
3343 2118 3430 2173 iub

1853 2213 2003 2282 quit,
2053 2211 2181 2282 quia
2243 2209 2510 2265 Dominus
2556 2215 2642 2264 est
2696 2207 2957 2279 Spiritus.
3017 2208 3128 2265 Nos
3184 2219 3372 2265 contra
3407 2226 3427 2266 :

1853 2300 1993 2356 Vere
2011 2303 2079 2356 de
2107 2300 2262 2356 vobis
2288 2300 2494 2354 dictum
2524 2307 2611 2354 est
2638 2318 2652 2353 :
2677 2317 2696 2350 ι
2725 2298 2976 2353 Dicentes
2992 2314 3052 2354 se
3075 2313 3197 2355 esse
3213 2298 3431 2368 sapien-

1857 2402 1962 2459 tes,
2010 2392 2161 2447 stulti
2198 2392 2326 2447 facti
2373 2397 2503 2448 sunt
2526 2391 2593 2446 ”.
2631 2409 2651 2443 ›
2684 2389 2819 2444 Cum
2869 2391 3014 2445 enim
3043 2389 3430 2460 subsequentia

1856 2492 2042 2556 aperte
2072 2484 2314 2539 indicent
2341 2499 2465 2540 esse
2496 2482 2759 2554 Spiritum
2806 2498 2929 2539 eum
2975 2483 3043 2539 de
3078 2498 3188 2553 quo
3222 2483 3429 2538 dictum

1853 2585 1959 2642 est,
1996 2597 2013 2629 ι
2050 2576 2313 2633 Dominus
2364 2583 2545 2631 autem
2599 2574 2837 2646 Spiritus
2874 2583 2979 2639 est,
3028 2594 3051 2629 ν
3102 2584 3161 2630 ιιι
3209 2584 3261 2631 te
3312 2575 3432 2645 ipse

1854 2669 2137 2740 decepisti,
2167 2677 2228 2724 ut
2258 2685 2324 2725 ex
2355 2685 2451 2725 ore
2498 2676 2592 2722 tuo
2637 2674 2690 2723 te
2729 2668 2844 2736 ipse
2870 2678 3216 2738 coargueres,
3243 2674 3299 2723 et
3330 2682 3433 2721 au-

1855 2757 2040 2813 dires:
2077 2776 2095 2809 ‹
2130 2756 2206 2813 De
2237 2773 2332 2812 ore
2363 2765 2458 2812 tuo
2498 2766 2549 2812 te
2575 2757 2785 2827 judico,
2820 2770 2976 2811 ser.ve
3020 2772 3253 2827 nequam
3286 2756 3354 2812 “.
3405 2776 3427 2810 ›

1853 2847 1988 2903 Nam
2020 2849 2151 2903 illud
2192 2849 2589 2919 subsequitur:
2627 2866 2647 2901 ι
2685 2847 2788 2904 Ubi
2830 2857 3012 2904 autem
3050 2847 3290 2919 Spiritus
3316 2848 3430 2903 Do-

1855 2939 2009 3004 mini,
2047 2939 2121 2994 ibi
2152 2940 2396 2996 lihertas.
2441 2960 2467 2993 ι⁸
2500 2941 2604 3008 Qui
2635 2956 2765 2997 vero
2799 2940 3039 3012 Spiritus
3065 2939 3281 2996 Domini
3320 2949 3427 3005 est,

1856 3025 1946 3081 ille
1978 3037 2062 3082 est
2098 3026 2309 3082 Domini
2365 3027 2625 3099 Spiritus,
2657 3031 2749 3101 qui
2799 3031 2978 3088 dictus
3024 3039 3110 3088 est
3141 3030 3427 3099 Dominus.

1855 3116 2322 3184 Quemadmodum
2361 3121 2505 3175 enim
2543 3120 2718 3179 Filius
2740 3138 2862 3177 cum
2908 3124 2980 3179 sit
3007 3122 3291 3189 Dominus,
3321 3126 3430 3179 Do-

1774 3191 1816 3248 C
1851 3212 2033 3268 minus
2058 3221 2141 3269 est
2166 3226 2186 3268 :‘
2214 3215 2286 3269 ita
2312 3221 2365 3268 et
2401 3213 2645 3284 Spiritus
2664 3232 2788 3271 cum
2824 3218 2893 3273 sit
2930 3216 3215 3283 Dominus,
3242 3217 3429 3274 Domi-

1847 3316 1952 3356 nus
1985 3310 2090 3359 66L

1915 3393 1970 3447 4.
1999 3393 2068 3447 At
2100 3389 2191 3449 ille
2235 3396 2432 3450 iterum
2479 3400 2761 3467 assumpta
2797 3397 2901 3453 sibi
2935 3413 3192 3468 persona,
3224 3396 3427 3468 seipse

1847 3486 2217 3557 interrogabat
2244 3507 2259 3543 :
2291 3487 2491 3542 Annon
2516 3487 2869 3544 adorandus?
2912 3490 3029 3560 ipse
3063 3489 3167 3546 sibi
3198 3503 3426 3559 respon-

1845 3577 1962 3635 dit:
2000 3578 2394 3651 Nequaquam;
2443 3581 2498 3637 id
2535 3581 2680 3636 enim
2712 3582 2976 3652 scriptum
3014 3597 3125 3637 non
3152 3589 3255 3638 est.
3282 3580 3420 3637 Buro

1847 3682 1968 3726 sum
2035 3682 2296 3744 usurpata
2356 3672 2657 3730 Orthodoxi
2716 3687 2949 3744 persona
2994 3680 3017 3729 :'
3064 3673 3121 3728 Si
3175 3674 3429 3730 homines

1846 3760 1997 3832 ipsos
2041 3762 2342 3818 adorarunt
2398 3765 2668 3829 homines,
2719 3771 2849 3835 puta
2899 3764 3114 3819 Nathan
3162 3764 3426 3836 propheta

1846 3853 2103 3909 Davidem
2133 3871 2147 3921 ;
2178 3855 2444 3926 scriptum
2496 3856 2638 3910 enim
2667 3864 2793 3911 est:
2832 3874 2851 3907 ι
2888 3854 3139 3911 Introivit
3190 3856 3247 3910 in
3291 3868 3427 3910 con-

1846 3953 2092 4015 spectum
2140 3946 2286 4017 regis
2332 3944 2546 4000 Nathan
2600 3947 2884 4018 propheta,
2923 3954 2976 4002 et
3019 3946 3266 4001 adoravit
3299 3962 3424 4002 eum

1844 4052 2052 4108 pronus
2082 4039 2139 4093 in
2163 4046 2362 4094 terram
2385 4032 2469 4101 ἐς
2506 4059 2525 4092 ›
2559 4054 2729 4111 quare
2766 4055 2875 4095 non
2908 4054 3019 4111 pra:
3046 4038 3301 4095 omnibus
3323 4038 3429 4094 hoc

1845 4129 2084 4185 minibus
2108 4129 2372 4201 Spiritum
2406 4136 2656 4186 sanctum
2678 4130 3067 4188 adorabimus?
3083 4130 3206 4203 Ipse
3228 4131 3424 4188 iterum

1846 4224 1950 4279 sibi
1976 4224 2193 4294 reponit
2221 4243 2235 4279 :
2273 4242 2293 4275 ι
2330 4223 2620 4278 Dominum
2644 4223 2813 4279 Deum
2841 4230 2994 4279 tuum
3026 4224 3283 4280 adorabis
3305 4225 3379 4289 “,
3402 4245 3420 4276 ι

1843 4323 1897 4371 et
1930 4331 2039 4369 non
2088 4314 2374 4385 Spiritum.
2415 4314 2652 4385 Spiritus
2704 4329 2813 4369 non
2867 4323 2953 4371 est
2997 4314 3284 4378 Dominus.
3329 4316 3425 4372 sed

1844 4421 2022 4477 neque
2055 4405 2199 4462 Deus
2225 4416 2246 4461 :‘
2270 4405 2547 4475 quomodo
2594 4405 2760 4475 igitur
2808 4404 3126 4461 adorandus
3175 4407 3301 4472 erit,
3330 4408 3423 4477 qui

1844 4514 1954 4551 non
2008 4496 2149 4550 intra
2190 4494 2594 4550 adorandorum
2648 4495 2846 4552 limites
2896 4496 3426 4568 comprehendatur?

1846 4587 2005 4649 Nam,
2038 4606 2056 4635 ο
2091 4587 2263 4661 Nemo
2302 4594 2481 4658 potest
2513 4586 2695 4642 dicere
2739 4586 3029 4642 Dominum
3060 4587 3275 4654 Jesum,
3314 4589 3421 4644 nisi

1846 4680 1901 4735 in
1955 4678 2167 4751 Spiritu
2203 4680 2473 4736 sancto.”
2503 4699 2522 4732 ι
2561 4679 2788 4750 Oportet
2834 4682 2987 4736 enim
3041 4695 3165 4737 eum
3211 4683 3304 4752 qui
3354 4683 3421 4737 ad

1845 4770 2015 4826 Deum
2063 4770 2296 4833 accedit,
2348 4785 2447 4841 per
2503 4770 2669 4825 alium
2730 4771 2993 4827 accedere
3038 4772 3106 4827 ad
3160 4771 3420 4842 Spiritum

1843 4871 2113 4919 sanctum.
2163 4860 2220 4916 Si
2272 4862 2438 4933 igitur
2487 4860 2749 4932 Spiritum
2798 4870 3046 4919 sanctum
3097 4862 3417 4920 adoravero.

1842 4970 1940 5025 per
1966 4969 2126 5024 quem
2167 4963 2222 5010 et
2249 4969 2280 5009 a
2314 4970 2423 5025 quo
2451 4956 2721 5011 adductus
2771 4957 3023 5011 accedam
3051 4955 3378 5011 adoraturus
3397 4955 3427 5008 ?

1842 5039 1981 5111 Quid
2014 5060 2110 5102 vos
2143 5045 2213 5100 ad
2254 5045 2410 5101 haec?
2450 5046 2511 5100 In
2556 5045 2649 5116 jus
2698 5052 2752 5100 te
2794 5044 3009 5100 vocabit
3040 5042 3253 5098 Nathan
3291 5057 3421 5113 pro-

1839 5137 2003 5209 pheta
2031 5137 2085 5192 in
2118 5138 2206 5192 die
2230 5137 2446 5208 judicii,
2489 5144 2549 5191 ut
2575 5137 2668 5207 qui
2702 5143 2894 5191 contra
2920 5134 3091 5206 legem
3132 5148 3245 5188 non
3274 5130 3421 5187 fece-

1836 5228 1934 5292 rit,
1965 5236 2090 5282 cu‘m
2120 5226 2377 5283 Davidem
2407 5227 2680 5283 adoraret.
2706 5225 2918 5281 Dictum
2941 5224 3084 5281 enim
3111 5224 3245 5278 illud
3274 5229 3422 5278 attu-

1838 5319 1971 5387 listi,
2005 5325 2063 5373 ut
2092 5319 2269 5390 ipsum
2300 5318 2522 5374 videare
2562 5317 3029 5387 transgressionis
3048 5329 3205 5371 reum
3234 5327 3416 5385 agere.

2298 5544 2344 5577 ”
2386 5543 2430 5598 ll
2460 5543 2588 5599 Cor.
2628 5556 2723 5606 ιιι,
2760 5540 2848 5596 i7.
2957 5541 3004 5574 “
3040 5538 3200 5599 Rom.
3234 5555 3283 5604 ι,
3321 5537 3423 5594 29η

1965 5617 2008 5646 ’⁷
2048 5615 2068 5668 1
2100 5616 2226 5671 Cor.
2262 5629 2375 5679 ιιι,
2410 5615 2462 5668 5.

1905 5768 2086 5841 (ισω)
2127 5768 2408 5826 Ειοίόὶεεθ
2434 5768 2650 5825 videtur
2676 5766 2824 5840 περί.
2856 5766 3025 5824 Eutr.
