3842 6210
473 383 611 438 1295

1578 378 1636 434 S.
1676 377 2141 434 ATHA‘NASIUS.
2187 406 2250 420 —
2291 374 2563 434 SPURIA.

3610 380 3722 435 1296

467 498 602 553 Nam
631 496 678 554 si
705 498 797 553 ille
822 495 1080 553 Davidem
1111 496 1436 561 adoraverit,
1470 510 1594 552 cum
1629 496 1901 568 scriptum
1934 498 2005 552 sit
2030 516 2043 553 :

2147 498 2630 569 παρανομήσαντα.
2666 496 2729 550 El
2760 495 2871 569 γὰρ
2898 499 3107 562 ἐκεῖνος
3134 498 3210 570 τῷ
3248 497 3413 552 Δαϐὶδ
3460 499 3725 569 προσεκύ-

470 608 493 643 ε
528 589 820 648 Dominum
850 588 1020 645 Deum
1059 597 1213 644 tuum
1250 588 1525 653 adorabis,
1572 596 1626 643 et
1670 589 1748 643 illi
1789 590 1892 646 soli
1926 605 2042 646 ser-

468 681 584 738 vies
608 681 656 714 ⁸⁸
684 698 699 736 :
738 699 758 733 ι
790 688 844 736 te
872 686 1167 736 accusante
1212 694 1340 735 reus
1370 688 1456 737 est
1491 680 1703 735 violata:
1735 681 1889 750 legis.
1930 680 2042 737 Nos

467 786 633 844 porro
654 772 975 844 prophetam
1029 769 1253 849 minime
1304 771 1642 837 incusamus,
1675 772 1846 827 absit!
1883 770 2043 843 quin-

464 865 579 921 imo
621 878 688 920 ea
732 863 1078 935 potissimum
1132 861 1199 916 de
1255 876 1422 917 causa
1473 860 1736 931 Spiritum
1794 869 2042 917 sanctum

467 954 703 1010 dicimus
729 952 1085 1009 adorandum.
1111 950 1296 1022 Neque
1319 938 1488 1006 'enim
1521 948 1779 1005 Davidem
1812 940 2041 1005 adoras;

468 1053 553 1105 set
606 1048 891 1120 propheta,
945 1046 992 1103 si
1038 1044 1245 1101 nudum
1287 1044 1565 1101 hominem
1615 1045 1945 1116 agnovisset.
1974 1046 2044 1101 At

466 1139 697 1197 edoctus
734 1141 887 1195 illum
932 1153 1057 1195 esse
1095 1137 1375 1194 Christum
1408 1136 1646 1203 Domini,
1686 1139 1808 1195 oleo
1849 1145 2042 1196 sancto

468 1231 754 1288 inunctum
798 1229 1061 1285 adorabat
1111 1229 1305 1296 illum,
1350 1229 1421 1285 ob
1472 1227 1708 1301 Spiritus
1761 1231 1936 1286 sancti
1985 1230 2041 1285 in

466 1330 589 1388 oleo
616 1329 930 1387 eﬂicaciam.

536 1507 589 1562 5.
633 1504 772 1573 Quid
814 1519 979 1575 porro
1023 1519 1203 1561 causa:
1240 1511 1325 1559 est
1368 1502 1535 1573 quod,
1584 1521 1603 1555 ι
1644 1502 1788 1558 sicut
1836 1500 2041 1572 aspidis

464 1597 648 1653 surdae
671 1604 727 1653 et
755 1595 1072 1651 obturantis
1112 1611 1275 1650 aures
1304 1610 1456 1660 suas,
1490 1608 1611 1665 quas
1651 1609 1758 1647 non
1790 1593 2042 1649 exaudiet

466 1704 651 1745 vocem
702 1688 1101 1745 incantantium
1139 1689 1206 1750 ”,
1272 1706 1291 1740 ι
1344 1702 1466 1742 cum
1531 1686 1767 1741 audieris
1845 1685 1978 1741 illud
2024 1703 2037 1740 :

472 1800 492 1832 ι
526 1780 819 1836 Dominum
848 1779 1018 1836 Deum
1046 1787 1199 1835 tuum
1225 1778 1517 1845 adorabis;
1557 1797 1575 1829 ι
1612 1778 1754 1848 quod
1798 1779 2041 1849 sequitur

2144 606 2272 659 νησε
2306 588 2634 660 (γέγραπται
2676 589 2734 643 δέ
2758 606 2772 620 ο
2804 608 2823 641 ι
2863 590 3053 662 Κυρίῳ
3081 589 3159 661 τῷ
3196 589 3314 661 Θεῷ
3356 607 3451 643 σου
3494 607 3724 662 προσκν.
3804 588 3805 637 7

2148 682 2352 752 νήσεις,
2385 682 2480 734 καὶ
2511 680 2659 752 αὐτῷ
2695 681 2841 753 μόνῳ
2864 680 3186 753 λατρεύσεις
3222 684 3290 751 ι),
3325 681 3484 752 παρά
3519 682 3619 735 τὸν
3654 683 3723 735 v6-

2147 789 2245 843 μον
2284 771 2549 843 πεποίηκε
2579 772 2720 826 κατὰ
2753 773 2852 844 τὴν
2901 770 2998 844 σὴν
3047 774 3401 844 κατηγορίαν.
3437 774 3646 844 Ἡμεῖς
3679 773 3723 825 δέ

2142 865 2203 916 ού
2252 863 2667 937 κατηγοροῦμεν
2709 865 2804 919 τοῦ
2855 867 3134 939 προφήτου
3160 885 3172 897 ·
3210 867 3285 939 μὴ
3318 867 3573 936 γένοιτοί
3607 867 3724 920 ἀλλὰ

2142 955 2230 1009 διὰ
2269 955 2425 1008 τοῦτο
2482 957 2716 1025 μάλιστα
2763 957 2995 1027 λέγομεν
3045 959 3422 1030 προσκυνητδν
3462 958 3532 1011 τὸ
3583 959 3723 1026 ἅγιον

2143 1048 2387 1121 Πνεῦμα.
2412 1050 2525 1102 Οὐκ
2556 1049 2621 1104 ἂν
2648 1048 2755 1122 γὰρ
2781 1050 2859 1121 τῷ
2902 1049 3064 1104 Δαεὶδ
3104 1050 3516 1122 προσεκύνησεν
3546 1053 3577 1103 ὁ
3603 1067 3723 1121 προ-

2143 1142 2339 1212 φήτης,
2368 1143 2416 1194 εί
2450 1141 2604 1211 ψιλὸν
2648 1139 2932 1215 ἄνθρωπον
2962 1141 3286 1210 ἐγίνωσκεν·
3318 1141 3459 1194 ἀλλά
3496 1142 3724 1212 Χριστὸν

2142 1232 2346 1302 Κυρίου
2389 1231 2654 1302 διδαχθεὶς
2702 1232 2862 1285 αὐτὸν
2911 1228 3069 1297 εἶναι,
3116 1235 3173 1286 ἐν
3221 1231 3387 1302 ἐλαίῳ
3427 1233 3579 1302 ἁγίῳ
3618 1249 3723 1302 χρι-

2145 1320 2359 1385 σθέντα,
2388 1321 2711 1393 προσεκύνει
2756 1322 2919 1376 αὐτὸν
2959 1322 3046 1375 διὰ
3078 1321 3175 1392 τὴν
3206 1322 3264 1376 ἐν
3310 1322 3392 1393 τῷ
3434 1322 3610 1392 ἐλαίῳ
3639 1321 3722 1374 τοῦ

2143 1410 2458 1480 Πνεύματος
2490 1411 2771 1480 ἐνέργειαν

2210 1501 2264 1555 5.
2301 1502 2424 1566 Πῶς
2451 1502 2526 1565 δὲ,
2560 1520 2579 1553 ι
2620 1502 2751 1555 ὡσεὶ
2782 1502 3006 1566 ἀσπίδος
3031 1502 3219 1571 κωφῆς
3262 1503 3356 1555 καὶ
3392 1500 3639 1572 βυούσης
3662 1499 3722 1552 τὰ

2142 1589 2255 1648 ὦτα
2280 1596 2469 1666 αὐτῆς,
2492 1596 2612 1667 ἥτις
2632 1596 2732 1649 οὐκ
2754 1596 3129 1649 εἰσακούσεται
3150 1594 3331 1665 φωνῆς
3362 1595 3680 1664 ἐπᾴδοντος,
3703 1614 3717 1643 ι

2142 1688 2222 1749 τὸ,
2251 1707 2270 1739 ‹
2302 1688 2492 1759 Κυρίῳ
2519 1686 2597 1758 τῷ
2644 1685 2763 1758 Θεῷ
2817 1703 2911 1739 σου
2953 1688 3377 1759 προσκυνήσεις,
3412 1706 3433 1738 ι
3465 1687 3722 1749 ἀκούσας.

2144 1780 2235 1833 τοῦ
2263 1779 2388 1850 ἑξῆς
2418 1781 2515 1834 οὐκ
2548 1781 2880 1851 ἐπήκουσας,
2910 1778 3025 1843 τοῦ,
3059 1799 3079 1830 4
3114 1780 3222 1833 Καὶ
3269 1778 3433 1849 αὐτῷ
3462 1781 3621 1851 μόνῳ
3649 1778 3727 1832 3.:-

466 1888 576 1930 non
628 1871 830 1928 audisti
868 1890 883 1928 :
919 1889 938 1923 ι
986 1871 1053 1926 Et
1095 1870 1174 1925 illi
1224 1870 1327 1926 soli
1371 1868 1613 1925 servies?
1652 1890 1669 1921 ο
1704 1868 1763 1923 ld
1792 1870 2043 1923 nimirum

2149 1868 2431 1941 τρεύσεις;
2474 1889 2491 1920 ι
2520 1869 2690 1922 Τοῦτο
2742 1868 2799 1922 δὲ
2830 1872 3031 1933 ποιεῖς,
3089 1869 3174 1922 ἵνα
3217 1870 3292 1941 μὴ
3324 1870 3588 1942 ἀκούσῃς
3638 1870 3723 1933 τὺ,

468 1967 585 2035 agis
628 1972 688 2020 ut
733 1978 803 2019 ne
852 1962 1083 2019 audias:
1120 1980 1139 2014 ι
1179 1960 1292 2017 Soli
1334 1963 1558 2018 servies.
1594 1981 1612 2014 ι
1640 1961 1776 2016 Cui?
1824 1961 2041 2016 Patrine

468 2070 536 2108 an
565 2052 746 2108 Filio?
776 2052 956 2123 Ecqua
1000 2053 1211 2106 ratione
1255 2052 1357 2106 soli
1382 2052 1569 2107 dices?
1608 2050 1665 2105 Si
1696 2050 2040 2107 Christianus

466 2158 564 2207 es,
613 2142 728 2197 aies
781 2141 852 2197 ob
897 2148 1108 2198 natum
1136 2141 1492 2198 identitstem.
1530 2141 1686 2207 Quod
1734 2143 1779 2198 si
1812 2141 2039 2197 demon-

468 2242 674 2290 stretur
728 2231 990 2304 Spiritum
1045 2242 1294 2289 sanctum
1336 2234 1582 2303 ejusdem
1632 2248 1755 2289 esse
1808 2241 2037 2297 naturae,

466 2326 601 2383 illud
650 2345 663 2380 :
717 2344 737 2377 ι
783 2325 1072 2380 Dominum
1117 2323 1286 2381 Deum
1335 2332 1487 2379 tuum
1537 2323 1813 2387 adorabis,
1863 2330 1916 2378 et
1961 2324 2038 2378 illi

468 2417 572 2474 soli
601 2417 831 2481 servies.
872 2434 891 2469 ι
925 2415 992 2472 de
1019 2414 1204 2480 Patre,
1229 2413 1370 2470 Filio
1396 2422 1449 2470 et
1488 2413 1695 2485 Spiritu
1736 2425 1925 2470 sancto
1950 2414 2038 2469 di-

466 2510 631 2573 citur,
663 2507 736 2563 ob
778 2515 989 2563 naturae
1022 2506 1382 2562 identitatem.
1418 2504 1514 2560 Sin
1563 2506 1766 2569 minus,
1803 2506 2037 2575 COgeris,

468 2617 594 2657 cum
618 2600 687 2657 de
718 2600 879 2656 unica
915 2614 1150 2672 persona
1195 2598 1329 2655 illud
1375 2598 1613 2669 accipias
1644 2618 1657 2653 :
1696 2617 1715 2650 ε
1752 2597 2037 2653 Dominum

467 2690 641 2747 Deum
675 2697 829 2747 tuum
859 2689 1148 2754 adorabis,
1178 2697 1233 2746 et
1266 2691 1343 2745 illi
1373 2691 1475 2745 soli
1500 2691 1746 2759 servies;
1783 2708 1802 2743 ι
1837 2698 1929 2745 aut
1952 2687 2042 2745 Fi-

469 2783 603 2837 lium
647 2782 938 2852 repudiare
986 2789 1082 2835 aut
1132 2780 1353 2849 Patrem
1402 2795 1732 2851 expungere.
1795 2779 1853 2834 Si
1913 2795 2043 2852 ergo

468 2880 958 2930 commoustratum
989 2871 1173 2938 fuerit,
1206 2871 1470 2943 Spiritum
1492 2913 1508 2938 ,
1544 2873 1638 2943 qui
1661 2886 1724 2926 ex
1756 2871 1918 2926 Patre
1947 2887 2043 2942 per

471 2962 666 3019 Filium
688 2962 1001 3028 eﬂunditur,
1033 2962 1277 3034 ejusdem
1309 2977 1432 3018 esse
1463 2972 1675 3017 naturas
1724 2976 1787 3017 ac
1828 2962 2044 3017 deitatis

471 3067 633 3127 atque
662 3054 834 3127 Filius
868 3062 923 3110 et
952 3053 1130 3116 Pater,
1177 3068 1309 3109 sane
1336 3052 1650 3109 adorandus
1693 3067 1814 3108 esse
1854 3068 1919 3107 ac
1950 3067 2045 3107 co-

469 3148 666 3204 lendus
709 3146 1045 3203 ostendetur.
1095 3144 1261 3217 476
1301 3143 1558 3214 Ejusdem
1600 3158 1765 3214 porro
1808 3140 2044 3212 Spiritus

2148 1978 2165 2009 ι
2201 1961 2362 2031 Move)
2385 1959 2720 2033 λατρεύσεις.
2751 1981 2768 2012 ι
2797 1961 2916 2014 Τίνι
2939 1978 2954 2026 ;
2976 1960 3055 2030 τῷ
3078 1960 3320 2031 Πατρὶ,ἣ
3350 1961 3434 2031 τῷ
3450 1961 3607 2032 req);
3628 1963 3727 2014 Καὶ

2142 2051 2287 2115 πῶς·
2301 2054 2469 2121 μόνῳ
2511 2055 2689 2123 ἐρεῖς;
2730 2053 2854 2106 Ἐὰν
2899 2049 2966 2127 ᾖς
3013 2053 3359 2124 Χριστιανὸς,
3407 2055 3496 2108 ὅτι
3540 2056 3632 2108 διὰ
3673 2054 3727 2106 τὸ

2140 2142 2335 2196 ταυτὸν
2368 2142 2469 2213 τῆς
2512 2142 2745 2212 φύσεως.
2789 2144 2914 2196 Ἐὰν
2939 2144 3121 2215 δειχθῇ
3159 2139 3252 2197 οῦν
3282 2145 3381 2197 καὶ
3413 2146 3478 2198 τὸ
3510 2147 3729 2216 Πνεῦμα

2140 2234 2238 2304 τῆς
2283 2234 2453 2306 αὐτῆς
2497 2234 2728 2304 φύσεως,
2778 2237 2857 2302 τὸ,
2896 2256 2914 2288 ‹
2952 2238 3141 2312 Κυρίῳ
3167 2238 3247 2308 τῷ
3276 2237 3401 2308 Θεῷ
3432 2238 3535 2292 δον
3565 2258 3727 2312 προσ-

2141 2327 2414 2396 κυνήσεις,
2441 2327 2535 2380 καὶ
2571 2327 2721 2398 αὐτῷ
2757 2328 2903 2400 μόνῳ
2931 2328 3267 2400 λατρεύσεις,
3309 2349 3329 2382 ι
3363 2330 3597 2403 Πατέρα
3641 2334 3730 2385 καὶ

2143 2414 2292 2480 Υἰὸν,
2332 2418 2428 2470 καὶ
2467 2417 2618 2486 ἅγιον
2657 2418 2881 2490 Πνεῦμα
2927 2419 3094 2488 λέγει,
3136 2421 3223 2474 διὰ
3272 2422 3335 2475 τὸ
3385 2425 3594 2476 ταυτὸν
3634 2425 3729 2495 τῆς

2143 2504 2376 2574 φύσεως.
2408 2506 2470 2558 Εἰ
2502 2506 2557 2559 δὲ
2587 2506 2683 2579 μὴ,
2710 2509 3100 2583 ἀναγκασθήσῃ
3136 2512 3228 2565 ἐπὶ
3272 2512 3393 2576 ἐνὸς
3431 2513 3729 2585 προσώπου

2140 2596 2443 2670 δεχόμενος,
2460 2598 2660 2674 τῷίιῗ)
2683 2621 2701 2653 ‹
2722 2602 2911 2674 Κυρίῳ
2939 2602 3017 2674 τῷ
3040 2604 3159 2675 Θεῷ
3184 2621 3275 2657 σου
3300 2608 3725 2677 προσκυνήσεις,

2143 2690 2235 2743 καὶ
2279 2691 2427 2763 αὐτῷ
2474 2694 2619 2764 μόνῳ
2648 2694 2984 2767 λατρεύσεις,
3020 2715 3039 2747 ι
3074 2697 3107 2767 ἢ
3156 2697 3245 2749 τὸν
3286 2697 3414 2749 Υίὸν
3448 2698 3731 2770 παρακού-

2144 2781 2359 2848 σασθαι,
2382 2785 2418 2855 ἢ
2441 2785 2531 2838 τὸν
2554 2786 2775 2858 Πατέρα
2815 2788 3299 2860 παραγράψασθαι.
3342 2790 3472 2845 Ἐὰν
3501 2776 3597 2845 οὖν
3627 2793 3732 2845 δει-

2143 2873 2245 2944 χθῇ
2284 2875 2381 2945 τῆς
2428 2877 2597 2948 αὐτῆς
2644 2872 2783 2931 εἶναι
2817 2877 3033 2948 φύσεως
3081 2882 3176 2933 καὶ
3210 2880 3467 2953 θεότητος
3502 2884 3581 2955 τῷ
3616 2885 3733 2956 Υἰῷ

2143 2965 2239 3017 καὶ
2269 2964 2347 3035 τῷ
2379 2966 2574 3037 Πατρὶ,
2606 2968 2701 3020 καὶ
2741 2968 2802 3021 τὸ
2834 2968 3056 3040 Πνεῦμα
3085 2970 3146 3022 τὸ
3187 2971 3245 3036 ἐξ
3286 2971 3454 3024 αὐτοῦ
3495 2973 3587 3026 τοῦ
3620 2975 3732 3027 Πα-

2142 3057 2270 3127 τρὸς
2306 3057 2394 3111 διὰ
2435 3058 2529 3111 τοῦ
2580 3059 2712 3112 Τίοῦ
2767 3060 3014 3131 ἐκχυθὲν,
3069 3063 3163 3115 καὶ
3213 3066 3599 3135 προσκυνητὺν
3637 3066 3731 3119 καὶ

2143 3146 2434 3219 λατρευτὸν
2473 3150 2939 3224 ἀποδειχθήσεται.
2982 3153 3365 3225 Πειρασὸμεθα
3406 3156 3466 3209 δὲ
3504 3157 3603 3209 σὺν
3650 3160 3733 3211 εύο

470 3240 667 3309 gratia,
699 3254 820 3296 eam
859 3241 1031 3307 ipsam
1067 3245 1319 3293 naturam
1370 3252 1438 3292 ex
1478 3236 1680 3291 divinis
1721 3235 2043 3291 conabimur

2148 3240 2336 3308 μενείᾳ
2397 3237 2561 3290 αὐτοῦ
2628 3238 2720 3292 τοῦ
2796 3240 3109 3313 Πνεύματος
3155 3242 3325 3309 δεῖξαι
3375 3245 3581 3316 ταύτὴν
3632 3248 3732 3317 τὴν

470 3330 710 3388 oraculis
749 3330 1048 3385 declarare.
1106 3328 1172 3384 Et
1219 3344 1347 3384 vero
1402 3328 1536 3383 illud
1578 3347 1592 3383 :
1630 3346 1649 3380 ι
1680 3326 1851 3383 Nemo
1898 3327 2043 3383 enim

471 3432 652 3496 potest
674 3423 855 3478 dicere
886 3421 1175 3477 Dominum
1204 3420 1412 3486 Jesum,
1448 3420 1556 3475 nisi
1585 3419 1640 3474 in
1681 3418 1888 3490 Spiritu
1917 3433 2046 3473 san-

468 3525 581 3580 cto,
631 3535 652 3570 ι
694 3514 832 3570 nihil
876 3513 1070 3585 probat
1127 3523 1318 3568 contra
1373 3512 1745 3568 adorationem
1806 3511 2046 3580 Spiritus

471 3606 670 3665 sancti.
712 3605 868 3660 Sicut
914 3604 1061 3660 enim
1112 3620 1236 3658 cum
1281 3605 1461 3674 ipsum
1515 3603 1683 3658 Deum
1731 3601 1947 3657 Patrem
1988 3602 2045 3656 in

472 3699 678 3771 Spiritu
706 3706 762 3754 et
789 3696 1020 3753 veritate
1047 3696 1363 3758 adoramus,
1391 3688 1504 3750 non
1539 3694 1881 3750 excludimus
1906 3695 2044 3748 veri-

469 3788 599 3844 tatis
655 3787 1066 3853 adorationem,
1129 3784 1224 3841 sed
1285 3786 1492 3841 scimus
1534 3786 1815 3841 veritatem
1867 3786 2042 3854 ipsum

469 3894 593 3936 esse
623 3877 839 3944 Filium,
871 3885 1034 3948 atque
1076 3877 1131 3931 in
1161 3875 1366 3947 Spiritu
1413 3884 1468 3932 et
1496 3877 1725 3932 veritate
1755 3876 2045 3931 adorantes

470 3970 664 4036 Deum,
699 3971 990 4027 adoramus
1023 3970 1197 4040 ipsam
1237 3968 1520 4024 veritatem
1548 3986 1563 4037 ;
1605 3968 1679 4022 ita
1702 3975 1755 4023 et
1784 3966 2046 4038 Spiritum

471 4065 793 4130 adoramus,
841 4060 1311 4133 quemadmodum.
1356 4066 1411 4115 et
1453 4059 1757 4114 veritatem.
1794 4057 1946 4125 Quod
1975 4058 2043 4123 si,

471 4160 730 4229 quoniam
756 4157 812 4211 in
837 4154 1044 4226 Spiritu
1066 4153 1380 4219 adoramus,
1410 4151 1532 4206 ideo
1560 4167 1670 4206 non
1698 4150 1895 4206 adoras
1931 4149 2049 4221 Spi-

472 4252 637 4306 ritum
658 4270 671 4305 :
689 4259 741 4306 et
774 4248 843 4310 si,
861 4247 1116 4319 quoniam
1135 4246 1191 4300 in
1214 4245 1443 4299 veritate
1465 4242 1773 4305 adoramus,
1793 4257 1901 4295 non
1920 4243 2050 4297 ado-

470 4357 563 4397 ras
586 4342 866 4397 veritatem
892 4383 908 4407 ,
950 4337 1342 4405 arbitrarisque
1384 4334 1551 4389 minui
1597 4332 1833 4403 Spiritus
1873 4333 2048 4389 sancti

471 4434 810 4504 dignitatem,
839 4430 1056 4502 quodin
1085 4430 1204 4498 ipso
1225 4425 1421 4481 Filium
1453 4425 1741 4480 Dominum
1775 4440 1899 4480 esse
1916 4440 2049 4479 con-

366 4532 367 4535 ‘
472 4527 747 4588 titeamur,
779 4524 995 4578 minues
1023 4528 1172 4577 certe
1202 4526 1257 4574 et
1285 4517 1462 4575 Patris
1503 4517 1843 4587 dignitatem,
1876 4517 2047 4588 siqui-

471 4616 595 4672 dem
646 4634 665 4667 ι
710 4628 876 4670 nemo
928 4612 1077 4668 venit
1128 4611 1194 4667 ad
1246 4608 1478 4674 Filium,
1524 4608 1631 4664 nisi
1676 4623 1836 4679 quem
1882 4606 2045 4663 Pater

472 4708 713 4763 caelestis
738 4704 965 4760 traxerit
995 4706 1064 4759 ad
1095 4703 1274 4774 ipsum
1303 4700 1371 4755 '°.
1409 4718 1428 4753 ι
1460 4698 1575 4754 Hoc
1606 4699 1751 4754 enim
1787 4698 1844 4753 in
1878 4698 2048 4753 Evan-

471 4798 615 4870 gelio
643 4797 907 4865 scriptum
935 4804 1059 4848 est:
1091 4792 1495 4863 Apostolusque
1540 4790 1741 4844 clamat
1773 4809 1785 4844 :
1822 4808 1841 4841 ι
1883 4788 2045 4845 Fide-

471 4892 542 4947 lis
573 4889 740 4955 Deus,
770 4903 866 4959 per
917 4901 1078 4957 quem
1122 4883 1301 4941 vocati
1334 4883 1467 4938 estis
1513 4882 1579 4936 ad
1611 4881 2047 4937 communionem

470 4978 596 5035 Filii
622 4980 744 5049 ejus
771 4978 838 5034 “.
876 4997 896 5033 ι
929 4977 995 5031 Et
1024 4975 1189 5032 Pater
1218 4976 1335 5045 ipse
1362 4975 1419 5028 in
1450 4973 1732 5045 prophetis
1766 4975 1834 5029 ad
1865 4973 2046 5044 ipsum

470 5072 607 5127 dicit
630 5071 828 5127 Filium
863 5089 877 5126 :
918 5088 939 5122 ι
976 5068 1117 5125 Ecce
1172 5066 1434 5138 proselyti
1479 5066 1546 5120 ad
1589 5072 1645 5120 te
1689 5066 1909 5121 venient
1951 5080 2049 5135 per

470 5180 560 5220 me
587 5164 654 5218 ³⁸.
690 5182 709 5215 ι
752 5162 908 5230 Quod
941 5162 989 5216 si
1028 5175 1127 5230 per
1166 5158 1384 5212 Patrem
1427 5157 1493 5212 ad
1526 5155 1723 5212 Filium
1761 5171 2044 5223 vocamur,

470 5269 583 5310 non
615 5252 824 5309 idcirco
856 5250 1119 5323 dignitate
1164 5248 1344 5304 minor
1389 5254 1473 5303 est
1514 5245 1752 5317 Spiritus
1796 5257 2042 5303 sanctus.

469 5344 906 5407 lntroducimur,
961 5343 1082 5405 ais,
1143 5340 1398 5411 Spiritu:
1436 5339 1552 5409 lege
1615 5336 1928 5408 Scripturas
1992 5347 2047 5394 et

468 5438 618 5494 disce
644 5437 810 5508 quod,
846 5434 1300 5508 quemadmodum
1331 5443 1426 5501 per
1466 5416 1681 5487 Patrem
1720 5429 1787 5485 ad
1820 5429 2042 5495 Filium,

468 5529 542 5582 ita
571 5543 666 5597 per
691 5525 885 5583 Filium
933 5525 999 5579 ad
1036 5523 1275 5578 Patrem.
1312 5522 1452 5577 Sunt
1483 5522 1627 5577 enim
1669 5522 1802 5585 haec,
1833 5522 1914 5576 uti
1949 5538 2043 5577 su-

468 5631 565 5690 pra
594 5616 797 5671 dictum
851 5623 957 5680 est,
995 5616 1295 5685 reciproca.
1349 5613 1817 5681 Quemadmodum
1857 5613 2043 5684 itaque

2146 3327 2306 3395 φύσιν
2332 3329 2396 3381 ἐκ
2418 3329 2526 3382 τῶν
2552 3329 2709 3384 θείων
2740 3330 2956 3400 λογίων.
2995 3335 3104 3388 Καὶ
3123 3334 3202 3398 τὸ,
3233 3355 3251 3386 ‹
3291 3335 3483 3399 Οὐδεὶς
3508 3338 3620 3409 γὰρ
3644 3339 3733 3392 δύο

2145 3439 2299 3475 ναται
2323 3423 2495 3477 εἰπεῖν
2522 3424 2723 3495 Κύριον
2739 3424 2946 3496 Ἰησοῦν
2966 3427 3014 3478 εἰ
3036 3425 3108 3497 μὴ
3131 3428 3188 3478 ἐν
3210 3427 3492 3498 Πνεύματι
3515 3429 3679 3500 ἁγίῳ,
3708 3449 3726 3480 ι

2145 3514 2204 3566 ού
2227 3514 2367 3567 κατά
2394 3513 2494 3584 τῆς
2520 3513 2615 3569 τοῦ
2638 3514 2955 3587 Πνεύματός
2989 3518 3100 3570 ἐστι
3152 3520 3600 3589 προσκυνήσεως.
3648 3521 3735 3582 Ὧς

2145 3605 2253 3675 γὰρ
2282 3603 2443 3657 αὑτὸν
2476 3605 2567 3658 τὸν
2618 3605 2749 3659 Θεὸν
2793 3606 3009 3679 Πατέρα
3036 3609 3093 3660 ἐν
3138 3608 3416 3677 Πνεύματι
3464 3610 3563 3663 καὶ
3594 3611 3733 3681 ἁλη-

2146 3694 2268 3767 θείᾳ
2319 3694 2787 3767 προσκυνοῦντες,
2836 3698 2936 3751 ούκ
2993 3697 3400 3768 ἀποστεροῦμεν
3446 3700 3555 3769 τῆς
3607 3702 3743 3772 dir,-

2146 3785 2295 3850 θείας
2322 3788 2420 3859 τὴν
2454 3788 2842 3860 προσκύνησιν,
2879 3787 2990 3841 ἀλλ’
3041 3790 3218 3858 ἴσμεν,
3265 3789 3345 3841 ὅτι
3380 3789 3550 3854 αὐτός
3583 3793 3733 3845 ἐστιν

2146 3881 2174 3931 ὀ
2208 3879 2331 3941 Υἱὸς
2377 3882 2409 3949 ἡ
2463 3866 2710 3951 ἀλήθεια,
2764 3882 2859 3936 καλ⁸
2911 3882 2968 3933 ἐν
3021 3879 3297 3949 Πνεύματι
3348 3883 3443 3933 καὶ
3504 3882 3737 3955 ἀληθείᾳ

2150 3970 2581 4040 προσκυνοῦντες
2602 3972 2692 4024 τὸν
2713 3971 2865 4034 Θεὸν,
2886 3970 3294 4042 προσκυνοῦμεν
3313 3970 3412 4043 τὴν
3434 3973 3731 4044 ἀλήθειαν

2147 4059 2289 4113 οὓτω
2320 4061 2384 4131 δὴ
2418 4061 2511 4114 καὶ
2538 4062 2600 4116 τὸ
2630 4062 2852 4133 Πνεῦμα
2890 4060 3319 4133 προσκυνοῦμεν,
3361 4062 3437 4126 ὡς
3469 4063 3571 4135 τὴν
3600 4066 3737 4136 ἀλή-

2149 4151 2318 4207 θειαν.
2358 4153 2422 4205 Εί
2463 4152 2540 4216 δὲ,
2572 4154 2759 4225 ἐπειδὴ
2800 4156 2859 4207 ἐν
2887 4154 3165 4226 Πνεύματι
3193 4155 3637 4228 προσκυνοῦμεν,
3673 4159 3735 4210 οὗ

2149 4246 2475 4315 προσκυνεῖς
2499 4244 2560 4298 τὸ
2589 4244 2831 4319 Πνεῦμα,
2867 4246 2960 4299 καὶ
2993 4246 3177 4317 ἐπειδὴ
3203 4249 3259 4299 ἐν
3288 4245 3521 4318 ἀληθείᾳ
3548 4263 3737 4318 προσ-

2149 4335 2439 4406 κυνοῦμεν,
2475 4336 2536 4388 οὐ
2578 4339 2898 4406 προσκυνεῖς
2927 4338 3026 4409 τὴν
3053 4336 3323 4407 ἀλήθειαν,
3361 4338 3457 4390 καὶ
3488 4339 3736 4409 νομίζεις

2149 4427 2203 4481 δὲ
2237 4428 2586 4481 ἐλαττοῦσθαι
2624 4427 2723 4500 τὴν
2762 4428 2854 4482 τοῦ
2892 4429 3203 4501 Πνεύματος
3242 4429 3417 4495 ἀξίαν,
3456 4431 3651 4502 ἐπειδὴ
3681 4434 3735 4484 ἐν

2150 4518 2297 4590 αὐτῷ
2323 4519 2415 4573 τὸν
2442 4519 2571 4572 Υίὸν
2598 4518 2800 4591 Κύριον
2827 4518 3196 4589 ὁμολογοῦμεν
3215 4538 3227 4548 ·
3264 4518 3597 4584 ἐλαττώσεις
3627 4522 3733 4591 ἄρα

2149 4612 2242 4665 καὶ
2267 4612 2364 4682 τὴν
2406 4612 2499 4666 τοῦ
2539 4612 2751 4685 Πατρὸς
2795 4611 2982 4678 ἀξίαν,
3026 4612 3209 4683 ἐπειδὴ
3243 4631 3261 4663 ς
3292 4612 3473 4677 οὐδεὶς
3517 4614 3731 4685 ἔρχεται

2149 4702 2284 4774 πρὸς
2319 4703 2409 4756 τὸν
2430 4704 2579 4767 Υἱὸν,
2607 4700 2703 4757 ἐὰν
2751 4704 2825 4774 μὴ
2867 4704 2896 4755 ὁ
2932 4702 3124 4775 Πατὴρ
3159 4702 3187 4753 ὁ
3232 4703 3486 4773 οὐράνιος
3529 4705 3737 4776 ἐλκύσῃ

2148 4794 2310 4848 αὐτὸν
2340 4794 2475 4865 πρὸς
2498 4794 2678 4866 αύτόν.
2716 4812 2734 4846 ι
2771 4793 2942 4848 Τοῦτο
2966 4795 3074 4865 γὰρ
3099 4797 3157 4848 ἐν
3181 4793 3259 4864 τῷ
3286 4795 3613 4866 Εὐαγγελίῳ
3642 4798 3731 4865 γέ-

2148 4860 2421 4954 γραπταί·
2473 4860 2567 4938 καίι
2606 4886 2635 4937 ὁ
2688 4860 3009 4948 Ἀπὸστολος
3046 4860 3183 4956 βοᾷ·
3287 4860 3543 4949 Πιστὺςό
3578 4860 3733 4949 ὸεδςι

2149 4975 2215 5028 δι’
2248 4970 2309 5028 οῦ
2340 4974 2604 5047 ἐκλήθητε
2636 4976 2715 5039 εἰς
2750 4975 3029 5029 κοινωνίαν
3056 4975 3150 5029 τοῦ
3181 4974 3310 5028 Υίοῦ
3337 4975 3531 5031 αὐτοῦ.
3569 4998 3588 5029 ι
3627 4979 3735 5031 Καὶ

2148 5064 2310 5128 αὐτὸς
2337 5066 2367 5118 ὁ
2412 5066 2601 5138 Πατὴρ
2633 5067 2690 5119 ἐν
2732 5070 2849 5131 τοῖς
2893 5067 3221 5139 προφήταις,
3260 5066 3396 5138 πρὸς
3435 5068 3607 5123 αὑτὸν
3648 5068 3733 5121 τὸν

2147 5156 2275 5211 Υίὸν
2333 5157 2516 5227 λέγει’
2555 5177 2574 5210 ε
2626 5159 2757 5212 Ἰδοὺ
2824 5160 3154 5230 προσήλυτοι
3216 5158 3586 5212 διελεύσονταί
3654 5176 3733 5211 σοι

2143 5247 2210 5300 δι’
2241 5246 2397 5317 ἐμοῦ.
2437 5267 2454 5299 ι
2489 5249 2552 5301 Et
2581 5247 2637 5301 δὲ
2671 5249 2765 5301 καὶ
2803 5249 2891 5303 διὰ
2936 5249 3030 5302 τοῦ
3063 5249 3275 5320 Πατρὸς
3306 5249 3448 5319 πρὸς
3481 5250 3574 5302 τὸν
3607 5249 3733 5302 re»

2146 5338 2486 5409 καλούμεθα,
2525 5341 2625 5392 οὐκ
2652 5340 3001 5394 ἐλαττοῦσθαι
3032 5338 3167 5410 (17⁸)
3193 5340 3302 5411 ἄρα
3330 5339 3525 5392 τούτου
3551 5340 3735 5392 ἕνεκεν

2141 5428 2241 5499 τῆς
2254 5429 2408 5497 ἀξίας
2422 5431 2485 5484 τὺ
2500 5429 3140 5503 Πνεῦμα.Προσαγύμεθα
3154 5431 3231 5503 τῷ
3244 5432 3552 5490 Πνεύιιστι.
3583 5431 3737 5485 Ἀνά-

2147 5521 2312 5588 γνωθι
2351 5522 2451 5585 τὰς
2498 5522 2721 5593 Γραφάς
2765 5522 2861 5576 καὶ
2907 5523 3065 5595 μάθε,
3114 5524 3233 5587 ὃτι,
3275 5522 3470 5596 ὥσπερ
3508 5522 3601 5576 διὰ
3642 5521 3734 5574 τοῦ

2148 5613 2357 5685 Πατρὸς
2394 5613 2529 5684 πρὸς
2573 5613 2663 5667 τὸν
2704 5614 2853 5679 Υίδν,
2905 5615 2999 5667 καὶ
3026 5614 3114 5668 διὰ
3152 5613 3247 5667 τοῦ
3289 5608 3424 5667 Υἱοῦ
3478 5614 3619 5685 πρὸς
3650 5611 3737 5664 τὶν

536 5727 582 5759 ³³
621 5725 775 5781 Deut.
808 5743 896 5811 vi,
935 5728 1021 5781 15.
1097 5728 1143 5758 ⁸⁹
1180 5727 1326 5782 Psal.
1362 5742 1505 5794 Lvu,
1543 5727 1609 5788 5,
1644 5726 1698 5781 6.
1774 5727 1818 5758 ³⁸
1856 5724 2014 5782 Joan.

2178 5727 2266 5782 Η.
2346 5727 2387 5759 ³¹
2428 5726 2604 5783 lCor.
2644 5743 2698 5795 ι,
2733 5727 2789 5782 9.
2869 5728 2915 5760 ³³
2956 5726 3061 5783 Isa.
3094 5743 3207 5791 LIV,
3244 5727 3331 5781 15.

540 5840 647 5911 (17)
669 5838 826 5895 Forte
845 5841 945 5911 leg.
962 5841 1249 5911 δεχόμενος
1264 5841 1340 5905 τὸ,
1354 5862 1371 5891 ‹
1386 5840 1593 5912 Κυρίῳ,
1612 5849 1716 5897 etc.
1736 5839 1833 5897 En.
1854 5840 2033 5898 Pun.

2211 5842 2346 5911 (17')
2379 5843 2516 5915 Lege
2544 5842 2880 5899 ἐλαττοῦται,
2922 5842 3072 5898 lusu.
