3842 6210
177 178 319 249 i297

1234 192 1519 249 CONTRA
1558 192 1907 250 MACEDON.
1950 195 2300 252 DIALOGUS
2339 196 2382 253 Ι.

3298 198 3437 253 1298

171 304 417 376 Πατέρα.
462 307 827 378 Ἀντιστρέιρει
887 309 1017 380 γὰρ,
1072 312 1252 376 καθὼς
1311 314 1754 385 προαποδέδοται.

1862 332 1957 385 per
1982 315 2198 371 Patrem
2228 316 2297 371 ad
2324 315 2547 379 Filium,
2579 316 2653 370 ita
2690 332 2784 383 per
2817 314 3034 370 Patrem
3062 320 3116 368 et
3148 311 3342 369 Filium
3373 314 3441 366 ad

184 396 278 460 Ὣς
318 393 412 450 οὖν
454 397 541 450 διὰ
582 399 676 452 τοῦ
699 401 911 472 Πατρδς
973 402 1108 474 πρὸς
1156 405 1247 459 τὸν
1291 404 1440 470 Υίὸν,
1469 405 1640 470 οὕτως
1677 407 1766 461 διὰ

169 485 269 538 τοῦ
325 487 539 559 Πατρὸς
604 491 697 543 καὶ
747 490 841 545 τοῦ
912 493 1043 546 Υἱοῦ
1090 496 1225 566 πρὸς
1275 497 1337 550 τὸ
1391 498 1634 568 Πνεῦμα.
1686 498 1760 551 Οὐ

170 578 286 650 γὰρ
341 580 604 652 πρότερον
669 583 1048 654 ὲνοικήσαντος
1107 574 1221 650 τοῖς
1279 589 1599 653 ἀποστόλοις
1668 588 1762 642 τοῦ

172 669 408 741 Πατρὸς,
444 671 686 745 ἐγνώσθη
715 677 743 728 ὁ
772 675 898 738 Υἱός
916 696 928 708 ·
961 677 1095 730 ἀλλά
1120 679 1383 751 πρότερον
1412 680 1590 733 αὐτῶν
1611 680 1765 748 γνόν-

170 778 283 815 των
324 761 414 816 τὸν
455 762 604 829 Υἱὸν,
644 766 736 820 καὶ
785 767 1247 837 μαθητευθέντων,
1300 772 1394 824 καὶ
1430 772 1761 825 ἀποσταλέν-

168 870 283 906 των
328 852 421 906 δύο
461 854 573 921 δύο,
616 857 692 921 ὡς
734 858 1060 928 γέγραπται.
1090 861 1182 914 καὶ
1214 863 1533 933 γραφέντων
1580 863 1759 917 αὐτῶν

168 947 282 999 τῶν
314 946 592 1016 ὀνομάτων
625 951 683 1002 ὲν
737 952 848 1014 τοῖς
880 953 1145 1023 οὐρανοῖς,
1185 955 1279 1007 καὶ
1316 954 1757 1022 καταξιωθέντων

170 1036 274 1107 τῆς
317 1036 466 1102 θείας
514 1038 795 1104 θεοπτείας
843 1043 901 1094 ὲν
955 1045 1022 1115 τῇ
1074 1044 1310 1115 ὀπτασίᾳ
1363 1045 1464 1115 τῆς
1516 1048 1752 1101 ἀναστά-

171 1146 335 1193 σεως,
371 1129 494 1183 τότε
537 1130 747 1185 δέδοται
800 1133 982 1197 αὐτοῖς
1022 1134 1083 1187 τὸ
1125 1135 1351 1207 Πνεῦμα
1381 1136 1442 1189 τὸ
1469 1137 1621 1206 ἅγιον
1646 1139 1753 1193 ἀπὸ

166 1219 265 1273 τοῦ
295 1220 451 1284 Θεοῦ,
480 1221 797 1290 ὀδηγοῦντος
839 1224 1032 1288 αὐτοὺς
1065 1226 1202 1298 πρὸς
1236 1228 1335 1299 τὴν
1368 1227 1461 1280 τοῦ
1500 1228 1752 1299 Πνεῦμα-

164 1330 262 1377 τος
297 1315 472 1386 χάριν.
526 1316 635 1368 Καὶ
690 1316 878 1390 ὥσπερ
915 1318 1162 1387 λέγοντες
1186 1320 1388 1393 Κύριον
1430 1320 1654 1392 Ἰησοῦν,
1686 1325 1750 1377 ὲκ

163 1406 271 1476 τῆς
321 1406 540 1478 ὁδηγίας
588 1408 752 1462 αὐτοῦ
810 1409 904 1463 τοῦ
960 1400 1276 1491 Πνεύματος
1327 1413 1483 1466 τοῦτο
1535 1414 1753 1483 γνόντες

1872 405 2154 476 Spiritum.
2185 405 2373 477 Neque
2404 406 2549 461 enim
2589 407 2742 476 prius
2789 407 2845 459 in
2878 406 3140 477 apostolis
3178 404 3443 459 habitavit

1867 493 2029 550 Pater
2078 510 2242 565 quam
2294 495 2369 550 sit
2415 496 2633 566 agnitus
2679 492 2885 561 Filius;
2924 493 3020 549 sed
3065 508 3189 547 cum
3240 490 3441 547 Filium

1868 589 2019 658 prius
2047 587 2452 659 cognovissent,
2481 602 2606 641 cum
2638 584 2817 642 edocti
2857 599 2923 639 ac
2955 585 3069 639 bini
3112 585 3266 641 missi
3301 583 3442 639 fuis-

1869 685 2013 746 sent,
2038 678 2116 732 uti
2145 681 2412 748 scriptum
2437 684 2553 746 est;
2581 692 2704 733 cum
2729 691 2919 733 eorum
2950 676 3169 748 nomina
3200 675 3257 729 in
3286 675 3443 731 caelis

1867 772 2071 840 scripta
2106 768 2370 835 fuissent;
2398 784 2522 823 cum
2569 768 2627 823 in
2668 767 2879 823 visione
2914 766 3331 823 resurrectionis
3353 767 3441 820 di-

1865 860 1991 914 vino
2017 867 2316 931 conspectu
2340 859 2488 930 digni
2523 859 2692 914 habiti
2720 858 2975 920 fuissent,
3006 865 3123 913 tum
3148 858 3310 913 datus
3333 857 3441 912 illis

1863 952 1968 1008 fuit
2006 950 2245 1023 Spiritus
2288 958 2512 1007 sanctus
2547 967 2578 1005 a
2614 949 2747 1013 Deo,
2790 947 3173 1005 introducente
3215 946 3341 1004 illos
3374 947 3443 1002 ad

1865 1044 2103 1115 Spiritus
2136 1044 2386 1115 gratiam.
2421 1043 2490 1097 Et
2522 1041 2985 1114 quemadmodum
3024 1038 3313 1094 Dominum
3349 1035 3442 1092 Je-

1860 1137 2279 1200 sum.dicentes,
2314 1135 2555 1206 Spiritus
2594 1133 2770 1189 sancti
2799 1132 2989 1198 ductu,
3026 1129 3081 1186 id
3111 1130 3266 1202 gnari
3307 1130 3445 1184 dieiu-

1856 1245 1978 1284 mus
2000 1270 2015 1297 ,
2043 1229 2120 1283 ita
2148 1242 2180 1281 a
2218 1226 2355 1283 Filio
2377 1228 2445 1282 ad
2475 1225 2712 1297 Spiritus
2737 1224 2984 1279 notitiam
3017 1223 3238 1279 deducti
3267 1222 3445 1292 bapti—

1856 1321 1961 1376 zati
1980 1335 2171 1376 sumus
2193 1319 2247 1373 in
2264 1318 2480 1374 Patrem
2500 1328 2553 1374 et
2573 1316 2769 1372 Filium
2790 1326 2845 1372 et
2861 1315 3127 1386 Spiritum
3155 1324 3440 1371 sanctum:

1860 1411 2133 1466 revelante
2158 1409 2369 1464 scilicet
2388 1406 2529 1461 Filio
2552 1407 2913 1461 initiationem
2934 1405 3001 1459 ad
3032 1403 3317 1475 Spiritum.

164 1499 501 1569 εἰρήκαμεν*
562 1497 733 1561 οὕτως
780 1499 1132 1572 ὁδηγούμενοι
1182 1501 1327 1574 παρὰ
1375 1501 1469 1556 τοῦ
1502 1503 1632 1556 Υἱοῦ
1667 1504 1747 1567 εἰς
1769 1500 1866 1573 τὴν
1889 1501 1982 1555 τοῦ
2026 1497 2344 1570 Πνεύματος
2383 1496 2603 1567 γνῶσιν,
2646 1495 3052 1567 ἐϐαπτίσθημεν
3088 1494 3166 1559 εἰς
3200 1493 3440 1566 Πατέρα,

164 1593 265 1646 καὶ
294 1592 420 1645 Υἰὸν
463 1593 556 1646 καὶ
576 1592 729 1661 ἆγιον
760 1594 1019 1665 Πνεῦμα·
1054 1595 1293 1666 δηλονότι
1329 1596 1782 1666 ἀποκαλύψαντος
1810 1596 1906 1650 τοῦ
1932 1594 2064 1648 Υίοῦ
2091 1594 2189 1665 τὴν
2222 1595 2302 1656 εἰς
2331 1592 2393 1645 τὺ
2424 1592 2647 1665 Πνεῦμα
2683 1591 3092 1663 μυσταγωγίαν.

240 1682 296 1736 6.
327 1681 465 1745 Πῶς.
485 1680 541 1735 δὲ
571 1683 632 1735 οὐ
674 1683 847 1747 θέλεις
879 1686 1297 1758 προσκυνεῖσθαι
1333 1688 1394 1742 τὸ
1437 1689 1660 1761 Πνεῦμα
1687 1690 1749 1743 τὸ

1919 1688 1973 1743 6.
2001 1686 2114 1742 Cur
2153 1694 2334 1741 autem
2389 1685 2534 1741 nolis
2589 1683 2813 1739 adorari
2864 1680 3132 1753 Spiritum
3166 1687 3442 1746 sanctum,

167 1773 348 1841 ἀγιον,
401 1775 482 1839 είς
528 1773 557 1827 ὃ
600 1774 968 1848 ὲϐαπτίσθης;
1021 1779 1085 1831 Τί
1113 1778 1221 1851 γὰρ
1250 1778 1358 1850 ἄρα
1393 1778 1573 1850 μεῖζόν
1608 1782 1746 1846 ἐστι,

167 1863 542 1935 προσκύνησις
567 1864 600 1936 ἢ
631 1864 948 1936 βάπτισμα;
976 1868 1102 1932 Πῶς
1132 1869 1189 1923 δὲ
1235 1871 1333 1940 οὐχ
1381 1870 1750 1943 ὁμολογούμε-

166 1957 260 2009 νόν
296 1957 465 2035 ἐστιν,
517 1956 600 2009 ὅτι
636 1958 733 2028 τῆς
773 1960 1196 2031 προσκυνήσεως
1234 1960 1294 2014 τὸ
1321 1962 1601 2033 βάπτισμα
1630 1965 1750 2034 μεῖ-

168 2045 285 2112 ζον,
318 2049 450 2101 ὅπου
483 2065 547 2118 γε
581 2050 672 2102 καὶ
706 2051 1102 2122 κατηχούμενοι
1137 2054 1504 2124 προσκυνοῦσι
1534 2056 1754 2128 Πατέρα

168 2144 267 2195 καὶ
292 2141 442 2207 Υἰὸν,
478 2144 578 2197 οὐκ
613 2143 796 2214 ἔχουσι
843 2143 900 2196 δὲ
949 2144 1284 2216 τελειότητα,
1326 2146 1420 2200 ὲάν
1452 2146 1525 2217 μὴ
1562 2146 1754 2219 βαπτι-

170 2232 375 2288 σθῶσιν
399 2237 478 2299 εἰς
508 2237 571 2289 τὸ
609 2236 780 2307 ὄνομα
807 2236 900 2290 τοῦ
934 2237 1169 2308 Πατρδς,
1208 2238 1300 2291 καὶ
1343 2237 1435 2291 τοῦ
1478 2238 1631 2303 Υίοῦ,
1662 2240 1756 2293 καὶ

169 2325 265 2382 τοῦ
293 2327 451 2396 ἁγίου
475 2327 822 2400 Πνεύματος;
849 2329 912 2382 Εἰ
938 2329 996 2382 δὲ
1033 2330 1106 2400 μή
1139 2330 1244 2382 εἰσι
1270 2327 1466 2382 τέλειοι
1491 2330 1755 2401 Χριστια-

169 2421 252 2473 νοὶ
284 2420 334 2472 οί
367 2421 763 2493 κατηχούμενοι
815 2421 943 2492 πρὶν
972 2419 1006 2491 ἦ
1047 2420 1407 2490 βαπτισθῶσι,
1439 2420 1759 2491 βαπτισθέν-

168 2526 264 2573 τες
294 2508 352 2562 δὲ
394 2510 756 2564 τελειοῦνται·
808 2510 867 2562 τὸ
916 2509 1199 2581 βάπτισμα
1244 2511 1353 2582 ἄρα
1404 2508 1586 2581 μεῖζόν
1642 2513 1759 2564 ἐστι

99 2674 104 2677 _
168 2597 272 2669 τῆς
320 2598 815 2671 προσκυνήσεως,ὂ
843 2600 942 2671 τὴν
986 2598 1301 2671 τελειότητα
1351 2600 1599 2673 παρέχει.
1647 2600 1759 2654 Καὶ

166 2688 330 2743 τοῦτό
364 2692 510 2744 ἐστιν
548 2709 566 2741 ι
607 2694 641 2762 ή
670 2691 865 2762 λογικὴ
896 2692 987 2745 καὶ
1013 2690 1161 2757 ζῶσα
1184 2690 1405 2763 λατρεία
1438 2693 1616 2764 ἡμῶν,
1642 2712 1659 2744 ι
1693 2693 1758 2762 ἣν

168 2777 199 2828 ὁ
227 2775 548 2841 Ἀπόστολος
578 2777 757 2847 λέγει·
798 2800 814 2830 ι
854 2780 1245 2851 Παραστήσατε
1261 2780 1329 2833 τὰ
1349 2780 1574 2851 σώματα
1606 2782 1759 2852 ὑμῶν

170 2865 365 2920 θυσίαν
390 2866 590 2935 ζῶσαν,
637 2869 820 2938 ἁγίαν,
851 2872 1141 2940 εὐάρεστον
1177 2872 1256 2943 τῷ
1293 2872 1432 2943 Θεῷ,
1472 2873 1569 2944 τὴν
1610 2874 1758 2943 λογι-

170 2959 276 3029 κὴν
333 2959 585 3033 λατρείαν
637 2963 811 3034 ὑμῶν.
854 2984 872 3016 ι
908 2967 1339 3039 Παρεστήσαμεν
1392 2968 1448 3021 δὲ
1500 2967 1570 3022 τά
1619 2967 1760 3022 αὐτὰ

1852 1781 1910 1835 in
1951 1794 2114 1850 quem
2165 1778 2479 1848 baptizatus
2533 1776 2633 1832 es?
2687 1774 2884 1830 Utrum
2923 1775 3070 1830 enim
3119 1772 3299 1843 majus
3331 1780 3442 1839 est,

1853 1870 2099 1926 adoratio
2125 1884 2193 1923 an
2222 1868 2567 1938 baptismus?
2587 1866 2787 1921 Annon
2824 1867 2880 1921 in
2914 1864 3169 1921 confesso
3199 1872 3307 1928 est,
3345 1861 3445 1916 ad-

1853 1961 2153 2017 orationem
2201 1975 2326 2015 esse
2366 1958 2643 2030 baptismo
2686 1956 2994 2028 majorem?
3036 1953 3318 2026 Siquidem
3351 1967 3444 2007 ca-

1854 2053 2167 2109 techumeni
2206 2052 2440 2107 adorant
2484 2051 2704 2106 Patrem
2757 2058 2812 2106 et
2865 2047 3087 2115 Filium,
3118 2063 3221 2102 nec
3257 2054 3442 2100 tamen

1855 2142 2081 2216 perfecti
2112 2149 2264 2208 sunt,
2294 2142 2402 2198 nisi
2448 2140 2712 2211 baptizati
2740 2138 2946 2195 fuerint
2979 2139 3035 2193 in
3086 2137 3310 2194 nomine
3336 2133 3442 2188 Pa-

1856 2238 1976 2301 tris,
2010 2242 2066 2291 et
2107 2233 2256 2300 Filii,
2283 2240 2337 2289 et
2390 2231 2627 2303 Spiritus
2659 2231 2855 2288 sancti.
2908 2229 3067 2297 Quod
3105 2232 3153 2284 si
3182 2228 3443 2283 catechu-

1858 2329 2004 2384 meni
2059 2343 2170 2383 non
2218 2333 2348 2382 sunt
2386 2324 2612 2396 perfecti
2658 2317 2960 2381 Christiani
2990 2323 3310 2393 priusquam
3344 2321 3442 2375 ba-

1857 2422 2169 2493 ptizentur,
2203 2420 2462 2491 baptizati
2512 2427 2693 2475 autem
2733 2418 3130 2489 perficiuntur:
3162 2418 3439 2487 baptisma

1858 2514 2046 2584 utique
2082 2513 2433 2584 praestantius
2471 2518 2556 2566 est
2592 2509 2931 2575 adoratione,
2966 2508 3113 2580 quod
3144 2507 3439 2579 perfectio-

1858 2621 1983 2661 nem
2013 2606 2237 2661 tribuat.
2268 2603 2335 2660 Et
2365 2604 2470 2660 hoc
2490 2611 2575 2660 est
2597 2622 2616 2656 ι
2648 2602 2973 2659 rationabile
2992 2610 3045 2658 et
3066 2603 3255 2659 vivens
3281 2602 3442 2658 obse-

1859 2695 2047 2766 quium
2086 2702 2361 2757 nostrum,
2391 2715 2409 2747 ι
2441 2694 2510 2750 de
2541 2710 2649 2765 quo
2694 2694 3030 2764 Apostolus:
3070 2711 3088 2745 ι
3125 2693 3443 2749 Exhibeatis

1859 2799 2092 2857 corpora
2115 2792 2296 2843 vestra
2319 2785 2554 2840 hostiam
2577 2785 2872 2852 viventem,
2897 2791 3166 2851 sanctam,
3190 2783 3302 2840 Deo
3321 2787 3441 2855 pla-

1860 2884 2097 2942 centem,
2146 2877 2471 2932 rationabile
2509 2876 2833 2947 obsequium
2866 2884 3109 2932 vestrum
3129 2876 3195 2930 ³³.
3237 2896 3257 2928 ι
3278 2876 3444 2932 Exhi-

1862 2966 2080 3021 buimus
2100 2982 2265 3036 porro
2280 2966 2604 3023 rationabile
2619 2968 2942 3039 obsequium
2957 2968 3263 3039 consepulti
3283 2968 3444 3024 Chri-

168 3049 394 3123 λογικὴν
448 3053 725 3126 λατρείαν,
782 3058 1144 3127 συνταφέντες
1193 3058 1271 3130 τῷ
1316 3058 1538 3131 Χριστῷ
1574 3060 1632 3113 ἐν
1683 3059 1754 3131 τῷ

1863 3064 1949 3114 sto
1974 3058 2032 3112 in
2047 3058 2341 3128 baptismo.
2360 3058 2497 3114 Illud
2513 3074 2665 3131 ergo,
2700 3078 2720 3112 ι
2757 3059 3048 3115 Dominum
3088 3059 3441 3117 Deunituum

171 3141 535 3215 βαπτίσματι.
567 3146 641 3199 Τὸ
675 3147 805 3219 ἄρα,
841 3166 860 3199 ι
900 3149 1091 3220 Κυρίῳ
1123 3148 1202 3222 τῷ
1241 3149 1360 3222 Θεῷ
1393 3168 1484 3204 σου
1521 3167 1759 3223 προσκυ-

168 3238 378 3306 νήσεις,
398 3238 495 3290 καὶ
523 3239 673 3311 αὐτῷ
706 3241 853 3311 μόνῳ
878 3240 1216 3313 λατρεύσεις,
1255 3261 1273 3293 ι
1301 3242 1399 3313 τὴν
1439 3242 1531 3297 τοῦ
1567 3243 1761 3314 βαπτί-

172 3343 382 3398 σματος
432 3330 641 3399 εἰσάγει
693 3330 1060 3386 διδασκαλίαν.
1109 3333 1253 3405 Πρὸς
1312 3333 1522 3399 τούτοις
1581 3336 1758 3406 ἑαυτῷ

170 3421 477 3495 ἐπήγαγεν,
537 3422 614 3487 ὡς
668 3423 826 3496 ἡμῶν
878 3425 1207 3497 εἰρηκότωνο
1257 3425 1319 3478 Εἰ
1370 3426 1504 3496 μήτε
1554 3425 1758 3497 Κύριός

170 3515 312 3577 ἐστι,
353 3515 488 3584 μήτε
539 3514 696 3585 Θεὸς,
747 3518 883 3587 μήτε
922 3517 1327 3588 προσκυνητὸς,
1388 3517 1506 3580 πῶς
1540 3534 1758 3589 συναρι-

166 3604 393 3674 θμεῖται
434 3607 500 3677 τῇ
528 3606 750 3678 Τριάδι,
795 3608 905 3661 Καὶ
939 3608 1062 3661 τότε
1092 3608 1154 3662 τὸ
1191 3606 1384 3661 ἑαυτοῦ
1412 3607 1619 3679 τίθησι*
1664 3609 1756 3681 Τῷ

168 3695 397 3767 ὀνόματι
458 3697 898 3770 συναριθμεῖται,
946 3700 1109 3769 φησὶ,
1157 3698 1235 3769 τῷ
1279 3698 1371 3752 τοῦ
1419 3699 1752 3771 Πνεύματος,

170 3787 253 3858 μὴ
285 3786 364 3858 τῷ
399 3786 491 3841 τοῦ
542 3789 776 3863 Πατρὸς,
832 3790 866 3862 ἢ
918 3790 1075 3856 Θεοῦ,
1104 3790 1138 3862 ἢ
1169 3789 1301 3842 Υίοῦ
1346 3791 1755 3863 συναριθμεῖται

169 3878 419 3950 ὀνόματι.
456 3877 642 3945 Οὖτως
672 3881 847 3948 κάλει,
891 3883 1029 3953 μήτε
1072 3881 1254 3935 πλεῖον
1286 3873 1347 3935 οὗ
1388 3879 1533 3952 ἔχει·
1570 3884 1755 3954 ἀρκεῖ-

169 3987 265 4024 ται
320 3970 422 4043 γάρ
468 3973 545 4042 τῷ
592 3973 778 4044 οἰκείῳ
831 3973 1120 4045 ἀξιώματι.
1173 3974 1291 4028 Κάν
1334 3993 1394 4029 τε
1433 3974 1543 4047 γάρ
1596 3974 1755 4047 θέλῃς

170 4058 357 4112 πλεῖον
399 4053 461 4114 οὗ
503 4061 614 4133 ἔχει
659 4061 990 4134 προσθεῖναι,
1048 4064 1142 4117 δὺκ
1194 4065 1434 4132 ἐφίεται·
1466 4066 1527 4117 οὑ
1558 4064 1667 4135 γὰρ
1695 4064 1753 4130 ἐξ

170 4144 249 4204 ὧν
306 4151 371 4204 σὺ
419 4151 661 4217 δοξάζεις
706 4154 1184 4225 προσλαμϐάνεται
1234 4155 1309 4227 τῷ
1350 4157 1461 4229 ὅρῳ
1499 4157 1590 4210 τοῦ
1646 4157 1752 4228 πρὸ

170 4243 355 4313 πάσης
403 4242 632 4309 κτίσεως
673 4246 1018 4315 τιμήσαντος.
1068 4248 1259 4318 Ἡμεῖς
1295 4247 1352 4300 δὲ
1393 4248 1527 4320 πρὸς
1555 4249 1747 4302 αὐτόν·

170 4333 584 4405 Συναρίθμησον
627 4337 723 4390 καὶ
775 4337 980 4402 πάντας
1028 4339 1293 4406 ἀγγέλους
1323 4339 1402 4410 τῷ
1438 4340 1615 4412 Πατρὶ
1656 4341 1750 4394 καὶ

169 4423 250 4496 τῷ
272 4424 405 4497 Υίῷ,
436 4426 675 4491 ἀκούσας
708 4431 834 4498 παρ’
865 4429 1029 4483 αὐτοῦ
1048 4432 1138 4483 τοῦ
1169 4431 1301 4484 Θεοῦ
1325 4449 1337 4461 ·
1368 4450 1386 4482 ι
1427 4431 1568 4499 Ἐγὼ
1595 4430 1743 4486 εἶπα·
1780 4407 1825 4462 θ

168 4516 294 4569 Θεοί
354 4518 509 4585 ἐστε,
570 4520 663 4572 καὶ
728 4520 833 4573 υἱοὶ
879 4519 1133 4590 Ὑψίστου
1194 4522 1414 4586 πάντες.
1464 4542 1481 4573 ι
1533 4524 1639 4577 Καὶ
1691 4524 1752 4577 τὸ

169 4606 397 4678 Πνεῦμα
426 4609 489 4663 τὸ
534 4610 686 4679 ἅγιον
733 4611 827 4665 καὶ
870 4612 1074 4682 ἀγαθὸν
1108 4615 1170 4666 οὐ
1214 4614 1490 4679 καταξιοῖς
1526 4615 1627 4685 τῆς
1658 4615 1751 4669 τοῦ

167 4696 431 4768 ὀνόματος
460 4700 938 4773 συναριθμήσεως’
981 4706 1109 4768 τοὺς
1156 4705 1212 4758 δὲ
1251 4705 1567 4777 ἀνθρώπους
1596 4708 1756 4775 ἀναγ-

170 4789 442 4861 κασθήσῃ,
486 4790 546 4856 ἐξ
580 4786 656 4846 ὧν
707 4794 966 4860 δέδωκας,
1021 4797 1418 4870 συναριθμήσαι
1470 4798 1549 4870 τῷ
1595 4800 1747 4871 Θεῷ,

180 4880 374 4952 Ἡμεῖς
410 4882 466 4935 δὲ
497 4884 558 4936 οὐ
590 4883 668 4954 τῷ
711 4885 932 4956 ὀνόματι
965 4887 1405 4960 συναριθμοῦμεν
1435 4890 1603 4961 (οὐδὲν
1641 4891 1750 4962 γὰρ

169 4969 329 5025 τοῦτο
364 4974 547 5045 μέγα),
576 4976 689 5030 ἀλλ’
728 4978 865 5050 αὐτῇ
895 4982 960 5050 τῇ
997 4980 1176 5048 φύσει,
1206 4980 1279 5045 ὡς
1307 4980 1528 5053 ὕστερον
1543 4980 1751 5034 ἀποδεί-

169 5060 353 5132 ξομεν,
388 5065 647 5138 πρότερον
677 5068 994 5138 ὲλέγξαντες
1020 5070 1118 5141 τὴν
1151 5073 1209 5125 ἐν
1245 5073 1324 5143 τῷ
1357 5074 1623 5146 σχεδαρίῳ
1651 5091 1745 5128 σου

172 5154 407 5222 ματαίαν
452 5157 785 5230 ἀδολεσχίαν.
825 5160 1064 5232 Ἀληθῶς
1113 5161 1190 5226 δὲ,
1225 5162 1408 5227 καθὼς
1460 5166 1553 5218 καὶ
1599 5166 1747 5220 ἄκων

166 5245 545 5317 ὡμολόγησας,
591 5250 696 5304 κᾶν
748 5251 908 5325 θέλῃς
955 5252 1104 5323 αὐτῷ
1143 5271 1194 5307 τι
1238 5255 1571 5324 προσθεῖναι,
1606 5256 1748 5325 λέγω

167 5336 232 5409 δὴ
260 5336 340 5408 τῷ
368 5338 509 5410 ἁγίῳ
531 5341 832 5412 Πνεύματι,
860 5345 960 5398 οὐκ
990 5345 1231 5415 ἐφίεται·
1273 5346 1373 5400 κᾶν
1396 5346 1627 5422 θελήσῃς
1657 5350 1751 5418 ὑφ-

168 5427 344 5491 ελεῖν,
396 5431 620 5484 σεαυτὸν
672 5434 912 5499 ἀδικεῖς·
968 5437 1217 5507 ἀρκεῖται
1275 5437 1383 5508 γὰρ
1431 5438 1510 5510 τῷ
1564 5439 1749 5509 οἰκείῳ

248 5587 291 5623 ³³
333 5586 489 5645 llom.
534 5604 606 5645 xu
635 5631 649 5657 ,
692 5592 737 5647 l.
816 5591 860 5624 ³⁸
902 5591 1041 5649 Psal.
1080 5607 1279 5660 Lxxxi,
1314 5593 1364 5649 6.

1860 3148 2138 3217 adorabis,
2174 3157 2228 3205 et
2272 3150 2351 3206 illi
2381 3152 2483 3206 soli
2523 3152 2753 3217 servies,
2793 3172 2813 3205 ι
2844 3151 3103 3222 baptismi
3131 3151 3439 3207 doctrinam

1861 3240 2091 3297 inducit.
2132 3240 2215 3296 Ad
2264 3242 2381 3297 haec
2424 3249 2615 3299 nostro
2654 3243 2876 3299 nomine
2917 3242 3021 3299 sibi
3055 3243 3160 3315 ipsi
3191 3243 3438 3315 objecit:

1861 3332 1917 3387 Si
1949 3350 2124 3405 neque
2154 3333 2418 3391 Dominus
2438 3344 2545 3400 est,
2573 3351 2751 3407 neque
2789 3334 2957 3401 Deus,
2980 3351 3159 3407 neque
3204 3335 3441 3390 adoran-

1857 3426 1997 3490 dus,
2043 3443 2150 3497 qua
2208 3416 2439 3483 ratione.
2477 3427 2732 3482 Trinitati
2790 3428 3253 3483 connumeratur?
3298 3426 3437 3484 Tum

1858 3515 1963 3570 sibi
1989 3517 2204 3586 reponit
2234 3535 2247 3570 :
2276 3516 2719 3573 Connumeratur
2764 3517 2987 3572 nomine
3031 3517 3290 3587 Spiritus,
3327 3535 3439 3573 non

1857 3605 2058 3671 Patris,
2089 3622 2199 3661 non
2247 3606 2363 3672 Dei,
2413 3624 2523 3663 non
2556 3607 2702 3663 Filii.
2744 3607 2821 3663 ita
2871 3617 2925 3665 et
2970 3620 3029 3664 tu
3072 3610 3306 3681 appella,
3337 3627 3439 3666 nec

1858 3697 1982 3766 plus
2038 3712 2198 3767 quam
2266 3697 2427 3754 habet
2483 3698 2713 3754 tribuas.
2777 3696 2885 3753 Sua
2952 3698 3043 3754 ille
3114 3696 3218 3755 srbi
3261 3700 3440 3770 digni-

1855 3797 1968 3845 tate
1995 3796 2289 3844 contentus
2331 3798 2436 3845 est.
2491 3788 2558 3843 Et
2593 3790 2845 3861 quamvis
2872 3789 2998 3860 plus
3036 3789 3274 3860 adjicere
3304 3793 3439 3847 velis

1857 3898 2017 3953 quam
2045 3883 2162 3953 ipse
2192 3882 2409 3947 habeat,
2442 3896 2550 3937 non
2600 3883 2655 3936 id
2697 3883 2788 3938 ille
2820 3883 3078 3938 admittit.
3126 3882 3246 3937 Non
3291 3885 3437 3939 enim

1855 3990 1922 4029 ex
1967 3974 2055 4038 iis,
2103 3973 2304 4044 quibus
2356 3981 2412 4027 tu
2456 3974 2752 4044 glorificas,
2797 3976 3004 4046 aliquid
3052 3976 3159 4032 sibi
3205 3979 3440 4033 assumit

1853 4073 2049 4134 prazter
2102 4065 2248 4120 illius
2293 4065 2712 4133 praescriptum,
2768 4066 2862 4137 qui
2920 4081 2982 4121 se
3023 4080 3135 4137 prae
3180 4067 3437 4122 omnibus

1855 4155 2123 4210 creaturis
2160 4155 2466 4209 honoravit.
2514 4154 2618 4208 Cui
2668 4170 2816 4211 nos:
2848 4154 3196 4211 Connumera
3246 4171 3437 4212 omnes

1854 4247 1981 4302 item
2031 4248 2255 4318 angelos
2297 4245 2448 4301 Patri
2500 4253 2664 4318 atque
2711 4245 2872 4312 Filio,
2908 4241 3032 4302 cuni
3068 4247 3310 4304 audieris
3367 4250 3437 4303 ali

1854 4339 1975 4409 ipso
2018 4339 2166 4394 Deo:
2201 4356 2220 4390 ε
2253 4336 2366 4409 Ego
2414 4337 2525 4392 dixi
2568 4357 2581 4393 :
2624 4337 2928 4406 Dii,estis,
2968 4345 3023 4394 et
3073 4337 3169 4392 filii
3222 4336 3435 4394 Excelsi

1852 4446 2043 4486 omnes
2064 4431 2128 4485 ³⁸.
2162 4449 2182 4483 ›
2214 4429 2296 4484 An
2337 4428 2601 4500 Spiritum
2639 4437 2889 4485 sanctum
2920 4439 2974 4484 et
3001 4430 3206 4485 bonum
3241 4429 3297 4484 in
3337 4446 3438 4485 no-

1853 4524 2016 4580 minis
2051 4524 2489 4578 communionem
2528 4536 2729 4577 vocare
2775 4536 2880 4576 nOn
2921 4521 3195 4593 dignaris,
3231 4523 3323 4592 qui
3367 4538 3437 4577 ex

1852 4615 2134 4671 concessis
2164 4614 2415 4669 homines
2449 4613 2662 4684 cogeris
2705 4612 2817 4667 Deo
2843 4613 3286 4669 connumerare?
3322 4611 3453 4672 Nos.

1854 4716 2034 4763 autem
2067 4723 2177 4762 non
2209 4705 2420 4761 nomini
2454 4720 2920 4762 connumeramus
2948 4725 2962 4760 :
2999 4705 3138 4760 nihil
3166 4705 3222 4760 id
3251 4706 3434 4776 magni

1851 4809 2017 4863 esset,
2051 4800 2147 4855 sed
2196 4800 2302 4869 ipsi
2346 4807 2578 4865 naturae,
2623 4807 2683 4853 ut
2738 4798 3000 4868 deinceps
3057 4797 3430 4864 ostendemus,

1852 4897 2139 4960 postquam
2175 4890 2360 4946 futiles
2393 4890 2666 4945 schedulte
2709 4898 2815 4945 tuae
2852 4905 3028 4958 nugas
3062 4888 3433 4944 confutaveri-

1851 4997 1992 5038 mus.
2010 4980 2148 5037 Vere
2176 4990 2237 5036 ut
2252 4983 2336 5038 vel
2360 4983 2564 5038 invitus
2584 4982 2868 5038 confessus
2886 4997 2965 5048 es,
2985 4981 3030 5036 si
3057 4982 3192 5036 velis
3226 4981 3432 5054 aliquid

1850 5074 1975 5144 ipsi,
2011 5074 2221 5129 scilicet
2257 5074 2483 5145 Spiritui
2525 5083 2749 5136 sancto,
2806 5073 3074 5143 adjicere,
3108 5072 3162 5127 id
3197 5068 3288 5127 ille
3320 5088 3431 5126 non

1853 5166 2126 5235 admittit;
2151 5168 2196 5223 si
2227 5167 2465 5230 demere,
2488 5176 2542 5223 te
2560 5167 2856 5240 477ipse
2884 5166 3056 5221 laedis:
3091 5163 3201 5219 Sua
3230 5164 3433 5235 quippe

1853 5258 2115 5329 dignitate
2144 5266 2435 5314 contentus
2464 5266 2582 5325 est;
2607 5260 2652 5314 si
2680 5266 2865 5313 tamen
2897 5256 3177 5326 dignitatis
3207 5269 3428 5320 nomen,

1853 5366 1976 5405 cum
2027 5350 2094 5406 de
2144 5350 2352 5421 Spiritu
2400 5351 2709 5421 loquimur,
2761 5365 3041 5420 usurpare.
3069 5348 3217 5404 licet.
3272 5344 3432 5412 Quod

1856 5441 2035 5513 ipsum
2070 5441 2137 5498 de
2178 5440 2338 5497 Patre
2384 5449 2438 5498 et
2491 5439 2628 5496 Filio
2668 5439 2774 5496 dici
2810 5447 3006 5510 potest.
3056 5436 3241 5508 Neque
3282 5436 3429 5491 enim
