3850 6226
417 250 551 306 1299

1540 252 1603 308 S.
1643 250 2110 311 ATHANASIUS.
2153 286 2223 299 -
2256 254 2531 315 SPURIA.

3542 266 3690 323 1⁸590

414 368 560 423 Patri
592 374 686 422 aut
732 365 870 427 Filio
922 366 1130 437 aliquid
1190 365 1393 421 addere
1430 374 1607 437 potes,
1645 376 1739 421 aut
1786 367 1991 438 aliquid

2105 368 2385 441 ὶξιὼματι,
2419 373 2575 444 εἴπερ
2596 372 2743 427 ἔστιν
2774 374 2866 426 ἐπὶ
2900 372 3040 427 Πνεύ
3049 389 3218 446 ματος
3240 372 3457 446 ἀξίωμα
3478 374 3688 446 λέγειν.

415 460 548 530 ipsis
579 459 819 522 demere,
856 458 960 514 etsi
993 459 1215 514 demere
1246 459 1382 514 velis
1409 446 1433 513 εΔ
1460 466 1513 512 te
1556 459 1700 513 enim
1744 457 1863 528 ipse
1904 459 1996 513 la:-

413 551 520 606 dis.
549 548 742 606 Omnia
771 549 1041 621 siquidem
1086 550 1328 625 perfecta
1377 550 1432 604 in
1474 549 1637 605 Patre
1676 559 1732 605 et
1770 538 1913 605 Filio
1942 557 1996 604 et

416 641 620 713 Spiritu
654 650 870 706 sancto,
907 641 1155 712 nihilque
1197 641 1600 712 imperfectum,
1631 652 1690 696 ut
1730 641 1861 711 quid
1900 657 1997 695 ex-

413 733 684 788 trinsecus
711 740 1064 798 assumatur;
1100 747 1165 786 ex
1196 732 1513 802 praescripto
1550 733 1696 786 enim
1740 732 1861 801 ejus
1900 732 1995 801 qui

410 833 541 892 ante
566 840 760 892 omnes
807 831 1090 886 creaturas
1123 832 1207 879 est
1236 824 1560 888 honoratur,
1594 830 1656 877 ut
1694 823 1812 894 ipse
1858 824 1995 878 scri-

408 917 590 988 psisti,
644 931 710 971 eo
753 917 937 971 animo
986 923 1045 970 ut
1098 916 1459 987 signiﬁcares,
1500 931 1607 970 non
1644 931 1766 971 esse
1814 916 1994 985 ipsum

410 1006 533 1077 ejus
563 1004 825 1077 Spiritum
862 1007 915 1059 in
960 1006 1038 1061 rei
1081 1005 1331 1071 veritate,
1360 1006 1454 1061 sed
1483 1005 1695 1076 gratia;
1736 1005 1995 1075 quemad-

412 1098 633 1152 modum
663 1104 718 1152 et
759 1097 848 1152 alii
893 1112 1085 1152 omnes
1129 1096 1582 1152 administratorii
1626 1097 1867 1168 quidem,
1899 1098 1994 1152 sed

413 1206 522 1245 non
549 1198 766 1254 natura,
798 1189 916 1260 ejus
935 1189 1159 1259 spiritus
1191 1196 1341 1244 sunt.

485 1368 534 1420 7.
578 1366 709 1421 Post
737 1366 853 1421 haec
884 1382 1103 1423 rursum
1149 1382 1251 1422 nos
1291 1382 1357 1422 ex
1391 1383 1449 1422 se
1496 1374 1804 1437 quaerentes
1840 1367 1996 1421 indu-

411 1460 487 1513 cit
513 1479 525 1513 :
555 1460 678 1514 Non
720 1468 805 1515 est
827 1475 957 1531 ergo
981 1460 1265 1530 aequaliter
1295 1461 1649 1516 honorandus
1678 1475 1801 1515 cum
1832 1458 1996 1515 Patre

410 1562 465 1607 et
496 1549 631 1605 Filio
649 1550 890 1621 Spiritus
918 1553 1186 1608 sanctus?
1214 1551 1566 1622 Rursumque
1599 1552 1703 1607 sibi
1736 1551 1949 1621 reponit
1977 1570 1989 1605 :

411 1638 768 1711 Nequaquam
813 1648 920 1695 est.
970 1640 1159 1712 Neque
1210 1643 1356 1696 enim
1411 1644 1674 1711 scriptum
1738 1642 1842 1697 hoc
1886 1650 1989 1697 est.

411 1730 548 1786 Nam
584 1732 653 1788 de
688 1730 851 1789 Patre
893 1710 1116 1803 quidem
1149 1743 1203 1789 et
1230 1732 1373 1789 Filio
1418 1710 1684 1805 scriptum
1717 1742 1841 1790 est:
1871 1752 1888 1785 ‹
1922 1732 1992 1788 Ut
2028 1710 2066 1763 Β

411 1824 783 1880 honoriﬁcent
810 1824 1033 1891 Filium,
1066 1827 1211 1882 sicut
1240 1827 1608 1882 honoriﬁcant
1637 1826 1851 1882 Patrem
1879 1826 1942 1878 ³⁸.
1968 1846 1987 1879 ι

414 1913 600 1985 Neque
640 1915 861 1977 dicitur,
904 1924 957 1971 et
1013 1916 1297 1986 Spiritum.
1336 1916 1477 1971 Tum
1529 1932 1630 1973 nos
1682 1917 1749 1971 ad
1793 1916 1989 1969 illum:

413 2004 594 2060 Beata:
629 2020 792 2060 aures
826 2022 947 2074 qua:
993 2021 1091 2060 vos
1130 2022 1241 2061 non
1278 2008 1521 2068 audiere,
1564 2019 1616 2062 et
1651 2007 1847 2061 anima:
1874 2022 1995 2076 qua:

413 2113 445 2151 a
490 2098 689 2160 vestris
739 2100 1088 2153 sermonibus
1116 2101 1417 2171 vulnerata:
1449 2116 1557 2154 non
1606 2099 1777 2155 fuere.
1808 2099 1995 2171 Ecqua

412 2204 544 2255 vero
572 2190 807 2254 ratione,
840 2189 886 2244 si
918 2206 1029 2257 non
1060 2192 1311 2246 eumdem
1348 2200 1509 2262 putas
1547 2191 1855 2246 habendum
1895 2191 1997 2245 ho-

413 2297 603 2352 norem
633 2281 861 2363 Spiritui
886 2289 1099 2348 sancto,
1129 2300 1291 2354 quem
1325 2283 1475 2339 Patri
1499 2293 1665 2355 atque
1685 2284 1849 2346 Filio,
1874 2285 1994 2355 pari

413 2390 539 2430 cum
565 2373 827 2447 (Spiritus
873 2377 1075 2447 sancti)
1113 2377 1345 2441 honore,
1391 2378 1446 2432 in
1483 2379 1635 2432 illum
1681 2378 1994 2447 baptizatus

411 2467 512 2522 es?
538 2466 732 2519 Annon
774 2466 870 2520 tibi
894 2465 1056 2521 Pater
1091 2474 1256 2537 atque
1282 2465 1454 2520 Filius
1489 2467 1834 2536 baptismatis
1862 2482 1998 2521 con—

415 2554 657 2612 fessione
685 2557 942 2611 videntur
968 2557 1268 2611 honorari?
1299 2557 1355 2611 Si
1393 2558 1569 2611 honor
1598 2573 1661 2612 ea
1698 2557 1752 2612 in
1783 2574 1843 2613 re
1872 2558 1997 2611 nul-

416 2648 523 2711 lus,
546 2663 810 2718 quorsum
838 2649 1219 2717 baptizamur?
1247 2648 1428 2713 Quare
1460 2647 1692 2718 singulis
1723 2647 1874 2704 horis
1906 2663 1998 2718 pe—

416 2740 744 2803 riclitamur,
777 2748 837 2792 ut
866 2738 1199 2807 baptismum
1248 2752 1529 2792 servemus
1562 2737 1994 2800 immaculatum,

417 2830 708 2897 adversum
736 2828 941 2883 diaboli
973 2828 1203 2883 insidias
1230 2826 1595 2881 dimicantes?
1622 2824 1734 2880 Cur
1766 2841 1873 2881 non
1901 2825 1996 2879 tibi

417 2921 632 2989 videtur
674 2935 1004 2990 quacunque
1043 2919 1223 2973 hostia
1269 2919 1618 2988 priestantior
1658 2918 1751 2971 illa
1799 2931 1996 2986 corpo-

2098 459 2268 515 Τοῦτο
2291 462 2348 516 δὲ
2378 464 2472 516 καὶ
2505 464 2596 517 ιέπλ⁵
2630 465 2723 518 τοῦ
2755 466 2969 537 Πατρὸς
2997 468 3092 520 καὶ
3121 466 3213 518 ἐπὶ
3245 465 3339 518 τοῦ
3367 465 3521 519 Υίοῦ.
3544 466 3691 522 Οὔτε

2095 551 2203 624 γὰρ
2237 553 2551 624 προσθεῖναί
2582 572 2634 608 τι
2662 554 2794 627 δύνῃ
2819 555 2899 626 τῷ
2930 557 3105 626 Πατρὶ
3144 555 3240 608 καὶ
3287 556 3364 626 τῷ
3387 557 3527 628 Υίῴ,
3560 556 3691 613 οὔτε

2096 643 2312 712 ὑφελεῖν
2334 661 2407 707 τι,
2435 644 2540 699 κᾶν
2584 644 2745 717 θέλῃς
2770 646 2984 714 ὑφελεῖν
3005 664 3017 676 ·
3054 648 3279 701 σεαυτὸν
3304 648 3413 719 γὰρ
3442 649 3688 712 ἀδικεῖς·

2096 735 2217 787 ἐπεὶ
2250 735 2427 789 πάντα
2456 736 2642 789 τέλεια
2672 737 2763 789 ἐπί
2792 738 3025 809 Πατρὸς,
3068 739 3163 791 καὶ
3191 738 3345 801 Υἱοῦ,
3382 740 3477 793 καὶ
3529 741 3691 808 ἁγίου

2097 824 2432 895 Πνεύματος,
2468 827 2562 880 καὶ
2592 828 2742 881 οὐδὲν
2771 828 2978 892 ἀτελὲς,
3026 830 3112 883 ἵνα
3163 831 3258 883 καὶ
3307 832 3693 902 προσλάϐηται

2096 914 2313 979 ἔξωθεν,
2334 917 2484 987 Ὀρῳ
2511 915 2619 987 γὰρ
2640 916 2734 971 τοῦ
2770 919 2876 989 πρὸ
2904 919 3086 989 πάσης
3114 921 3344 984 κτίσεως
3366 922 3689 992 τετίμηται,

2088 1004 2171 1068 ὼς
2209 1005 2372 1069 αὐτὸς
2422 1007 2725 1079 γέγραφας,
2756 1008 2845 1062 διὰ
2894 1008 3083 1062 τούτου
3125 1012 3479 1082 παραστῆσαι
3516 1011 3692 1066 θέλων

2098 1097 2174 1168 μὴ
2201 1095 2338 1153 εἶναι
2384 1101 2515 1153 αὐτὸ
2563 1101 2728 1154 αὐτοῦ
2777 1101 3003 1172 Πνεῦμα
3039 1106 3107 1173 τῇ
3157 1102 3405 1174 ἀληθεία,
3438 1103 3579 1157 ἀλλὰ
3616 1106 3689 1174 τῇ

2096 1190 2298 1262 χάριτι,
2338 1191 2586 1263 καθάπερ
2634 1193 2728 1246 καὶ
2782 1192 2851 1246 τά
2900 1192 3037 1248 ἄλλα
3090 1193 3270 1247 πάντα
3307 1193 3689 1266 λειτουργικὰ,

2097 1281 2190 1333 καὶ
2219 1282 2280 1333 οὐ
2313 1281 2475 1350 φύσει
2508 1283 2644 1335 εἰσὶν
2678 1282 2846 1335 αὑτοῦ
2869 1283 3174 1354 πνεύματα.

2166 1372 2217 1426 7.
2254 1373 2399 1441 Πρὸς
2418 1372 2626 1436 τούτοις
2660 1373 2821 1429 πάλιν
2863 1375 3039 1445 ἐαυτῷ
3081 1377 3379 1447 ἐπήγαγεν,
3417 1376 3496 1439 ὡς
3554 1376 3691 1447 παρ’

2094 1467 2253 1536 ἡμῶν
2292 1466 2439 1537 αὐτῷ
2480 1468 2799 1538 εἰρημένον·
2842 1469 2956 1523 Οὐκ
2991 1468 3138 1521 ἔστιν
3183 1465 3277 1521 οῦν
3314 1469 3580 1538 ὁμότιμον
3608 1467 3691 1540 τῷ

2095 1559 2271 1629 Πατρὶ
2303 1557 2500 1629 καὶτῷ
2528 1558 2646 1630 Υίῷ
2683 1560 2743 1613 τὸ
2779 1560 2997 1630 Πνεῦμα
3049 1560 3107 1612 τὸ
3142 1560 3328 1627 artos};
3363 1560 3476 1613 Kal
3519 1559 3691 1613 πάλιν

2096 1649 2272 1719 ἑαυτῴ
2292 1651 2685 1721 ἀποφαίνεται·
2710 1653 2825 1704 Οὐκ
2858 1650 3005 1705 ἔστιν
3025 1668 3039 1679 ·
3082 1652 3270 1723 ἐπειδὴ
3311 1652 3434 1704 οὐδὲ
3476 1651 3690 1721 γέγρα-

2097 1759 2246 1797 πται.
2282 1744 2355 1795 Πε
2367 1744 2418 1812 pl
2448 1743 2547 1813 μὲν
2575 1742 2684 1814 γὰρ
2711 1742 2805 1809 τοῦ
2835 1744 3048 1813 Πατρὸς
3077 1745 3171 1796 καὶ
3200 1742 3292 1796 τοῦ
3322 1742 3454 1796 Υἱοῦ
3485 1745 3691 1815 γέγρα-

2097 1850 2259 1886 πται·
2292 1853 2310 1884 ι
2346 1835 2461 1886 Ἵνα
2513 1833 2712 1904 τιμῶσι
2767 1833 2859 1886 τὸν
2892 1833 3057 1895 Υἱδν,
3100 1832 3282 1897 καθὼς
3341 1833 3547 1904 τιμῶσι
3593 1833 3691 1887 τὸν

2096 1926 2333 1996 Πατέρα.
2360 1944 2378 1975 ι
2400 1927 2489 1994 Μὴ
2512 1922 2654 1988 εἶπε,
2678 1925 2772 1978 καὶ
2800 1924 2861 1977 τὸ
2882 1924 3127 1995 Πνεῦμα.
3159 1925 3304 1996 Πρὸς
3325 1925 3501 1978 ταῦτα
3523 1927 3690 1996 ἡμεῖς

2096 2017 2233 2089 πρὸς
2252 2018 2413 2070 αὐτόν
2429 2035 2440 2047 ·
2471 2019 2732 2089 Μακάρια
2755 2017 2823 2070 τὰ
2845 2011 2958 2070 ὦτα
2979 2015 3048 2068 τὰ
3068 2016 3141 2087 μὴ
3170 2016 3479 2069 ἀκούσαντα
3505 2017 3537 2070 ὖ
3546 2015 3690 2086 μῶν,

2096 2110 2187 2162 καὶ
2214 2109 2384 2180 ψυχαὶ
2406 2111 2462 2163 αἱ
2486 2108 2845 2180 φυλαχθεῖσαι
2867 2110 3098 2180 ἄτρωτοι
3129 2109 3237 2161 ἀπὸ
3264 2109 3374 2162 τῶν
3401 2109 3691 2180 ὑμετέρων

2096 2202 2285 2270 λόγων.
2323 2202 2431 2254 Kal
2462 2202 2614 2265 πῶς,
2645 2203 2704 2255 οὐ
2753 2201 3103 2271 λογιζόμενος
3137 2201 3397 2270 ὁμότιμον
3434 2195 3580 2253 εἶναι
3627 2194 3695 2253 τό

2097 2293 2320 2364 Πνεῦμα
2352 2293 2429 2364 τῷ
2457 2294 2632 2365 Πατρὶ
2665 2293 2760 2347 καὶ
2794 2292 2873 2364 τῷ
2927 2292 3061 2363 Υίῷ,
3115 2292 3391 2363 ὁμοτίμως
3437 2294 3519 2355 είς
3553 2291 3693 2345 αὐτὸ

2099 2386 2371 2460 βαπτίζῃ;
2414 2389 2487 2440 Ἢ
2523 2388 2584 2440 οὐ
2622 2386 2771 2441 δοκεῖ
2800 2404 2881 2440 σοι
2912 2385 3178 2457 τιμᾶσθαι
3210 2386 3302 2439 τὸν
3334 2385 3563 2456 Πατέρα
3595 2385 3693 2439 καὶ

2096 2478 2187 2533 τὸν
2214 2478 2343 2533 Υἰδν
2378 2482 2443 2551 τῇ
2486 2478 2581 2532 τοῦ
2623 2480 2998 2550 βαπτίσματος
3041 2476 3340 2548 ὁμολογίας
3368 2477 3481 2529 Kal.
3516 2477 3569 2528 εί
3617 2476 3693 2547 μὴ

2098 2572 2253 2627 τοῦτό
2287 2573 2434 2625 ἐστιν
2483 2573 2516 2642 ἡ
2576 2570 2732 2642 τιμὴ,
2791 2570 2843 2624 τί
2892 2570 2986 2624 καὶ
3036 2567 3445 2639 βαπτιζόμεθας
3481 2569 3552 2620 Τί
3599 2569 3695 2621 καὶ

2100 2662 2479 2734 κινδυνεύομεν
2523 2665 2702 2717 πᾶσαν
2730 2662 2879 2735 ὥραν
2906 2664 2998 2716 ἐπὶ
3026 2663 3104 2733 τῷ
3136 2662 3368 2731 φυλάξαι
3395 2662 3459 2716 τδ
3503 2662 3696 2733 βάπτι-

2101 2772 2213 2825 σμα
2243 2755 2502 2821 ἄσπιλον,
2532 2754 2922 2826 ἀγωνιζόμενοι
2958 2753 3097 2825 πρὸς
3135 2753 3240 2818 τὰς
3293 2754 3555 2825 μεθόδους
3599 2752 3691 2807 τοῦ

2098 2846 2377 2921 διαϐόλου;
2407 2846 2533 2910 Πῶς
2561 2847 2616 2900 δέ
2646 2848 2708 2901 οὐ
2731 2849 2878 2900 δοκεῖ
2902 2864 2985 2900 σοι
3008 2847 3189 2917 πάσης
3213 2846 3407 2909 θυσίας
3438 2845 3695 2913 άνωτέρα

2101 2932 2297 3009 εἶναιῆ
2332 2938 2442 2992 τῶν
2470 2938 2738 3009 σωμάτων
2782 2938 2938 3009 ἡμῶν
2977 2939 3354 3009 παράστασις,
3388 2936 3487 2990 τοῦ
3534 2937 3697 2988 Ἀπο-

419 3027 538 3067 rum
588 3020 908 3069 nostrorum
960 3011 1247 3075 exhibitio,
1295 3010 1510 3065 dicente
1540 3008 1804 3080 Apostolo
1833 3028 1846 3063 :
1877 3026 1896 3060 ι
1929 3007 1999 3062 Ut

2105 3007 2295 3084 στόλου
2330 3007 2595 3098 λέγοντος·
2637 3050 2655 3081 ι
2708 3007 2894 3094 Ὅπως
2928 3007 3315 3101 παραστήσητε
3348 3028 3419 3081 τὰ
3463 3026 3695 3098 σώματα

416 3107 722 3177 οξῐιίϋεοιίε
768 3122 1000 3177 corpora
1044 3112 1225 3160 vestra
1258 3103 1492 3157 hostiam
1525 3103 1818 3167 viventem,
1867 3116 1998 3157 san-

416 3203 586 3257 ctam,
632 3197 742 3250 Deo
793 3196 1096 3265 placentem
1114 3195 1194 3246 3"‘l
1223 3213 1241 3245 ι
1281 3192 1472 3247 Omnis
1516 3207 1681 3262 porro
1721 3191 1903 3247 hostia
1946 3191 2000 3245 in

419 3288 515 3344 Dei
550 3288 815 3343 honorem
861 3287 1112 3343 oilertur.
1145 3284 1299 3340 Hanc
1340 3300 1472 3339 vero
1501 3283 1647 3337 Patri
1679 3291 1733 3338 et
1769 3282 1910 3337 Filio
1946 3291 2001 3337 et

421 3382 647 3454 Spiritui
695 3387 887 3437 sancto
929 3381 986 3434 in
1038 3379 1312 3448 baptismo
1344 3377 1508 3432 etiam
1555 3378 1855 3432 obtulimus
1902 3376 2002 3430 ho-

422 3475 607 3541 stiam,
640 3490 747 3529 non
785 3472 1007 3541 diverso
1037 3472 1179 3536 loco,
1218 3487 1329 3526 non
1362 3470 1473 3525 alio
1514 3470 1676 3525 modo
1708 3469 2003 3524 honoravi-

421 3584 545 3638 inus
579 3566 798 3622 Patrem
826 3573 882 3621 et
917 3563 1116 3619 Filium
1148 3572 1202 3620 et
1226 3564 1491 3635 Spiritum
1517 3570 1792 3618 sanciunt.

493 3658 547 3714 8.
586 3656 819 3712 Perinde
865 3672 995 3711 vero
1019 3671 1081 3710 ac
1107 3656 1153 3711 si
1183 3652 1380 3710 fuisset
1421 3669 1451 3707 τι
1499 3654 1661 3709 nobis
1697 3655 2005 3724 interroga—

422 3761 531 3817 tus,
561 3764 621 3804 se
653 3750 771 3818 ipse
801 3746 983 3803 denuo
1030 3747 1366 3816 interrogat:
1404 3744 1553 3811 Quid
1582 3743 1753 3813 ergo?
1781 3751 2007 3798 creatuo

424 3856 613 3895 ramne
644 3840 783 3895 dicis
813 3837 1077 3908 Spiritum
1102 3838 1398 3893 sanctum?
1426 3837 1557 3907 Erit
1578 3836 1744 3907 igitur
1772 3837 1864 3892 ille
1896 3851 2005 3890 una

423 3950 490 3989 ex
530 3930 844 3988 creaturis?
875 3930 1014 3985 Tum
1073 3931 1178 3985 sibi
1222 3931 1340 4000 ipse
1399 3929 1731 4000 respondet:
1760 3928 1818 3983 Si
1866 3928 2008 3984 scri-

424 4034 580 4098 ptum
626 4033 732 4089 est,
767 4024 924 4086 dico;
979 4024 1024 4079 si
1067 4039 1176 4078 non
1225 4032 1310 4077 est
1361 4024 1652 4093 scriptum,
1702 4038 1809 4076 non
1857 4022 2001 4076 dico.

428 4122 624 4174 lterum
677 4125 858 4172 autem
904 4117 957 4171 id
994 4117 1097 4172 sibi
1141 4116 1352 4185 objicit,
1384 4116 1544 4186 quasi
1596 4130 1626 4167 a
1667 4115 1827 4171 nobis
1874 4115 2007 4168 alla-

426 4220 544 4265 tum
580 4230 593 4264 :
626 4210 903 4278 Scriptum
948 4216 1052 4272 est,
1094 4208 1290 4277 inquit,
1333 4226 1351 4258 ι
1382 4206 1442 4260 1η
1482 4207 1602 4275 ipso
1644 4214 1829 4260 creata
1877 4211 2007 4259 sunt

426 4300 632 4354 omnia.
668 4319 686 4351 ι
738 4299 877 4370 Tum
932 4300 1035 4353 sibi
1073 4299 1189 4368 ipse
1230 4296 1560 4367 respondet:
1594 4296 1663 4348 At
1708 4310 1815 4348 non
1855 4309 2007 4347 com-

2104 3124 2257 3194 ὑμῶν
2293 3122 2484 3175 θυσίαν
2539 3122 2754 3188 ζῶσαν,
2785 3121 2975 3191 ἁγίαν.
3030 3123 3322 3192 εὐάρεστον
3366 3119 3448 3189 τῷ
3478 3118 3638 3190 Θεῷε
3668 3138 3688 3171 ι

2102 3210 2257 3267 Πᾶσα
2284 3213 2341 3265 δὲ
2389 3213 2547 3267 θυσία
2601 3216 2683 3275 είς
2725 3214 2890 3284 τιμὴν
2935 3212 3070 3266 Θεοῦ
3096 3213 3327 3281 γίνεται.
3365 3209 3591 3280 Ταύτην
3636 3208 3693 3262 δὲ

2102 3302 2297 3376 Πατρὶ,
2330 3305 2424 3357 καὶ
2454 3303 2568 3375 Υίῷ
2591 3345 2605 3368 ,
2640 3306 2735 3358 καὶ
2776 3304 2917 3375 ἁγίῳ
2945 3303 3222 3375 Πνεῦματι
3263 3302 3694 3373 προσηγάγομεν

2103 3394 2203 3446 κάν
2232 3392 2310 3463 τῷ
2360 3392 2714 3463 βαπτίσματι,
2750 3393 2851 3446 οὐκ
2900 3393 2958 3445 ἐν
2994 3391 3238 3462 διαφόρῳ
3263 3392 3440 3458 τόπῳ,
3481 3389 3610 3444 οὐδὲ
3637 3389 3694 3441 ἐν

2101 3484 2246 3554 ἄλλῳ
2279 3484 2466 3557 τρόπῳ
2497 3486 2828 3556 τιμήσαντες
2848 3483 3088 3554 Πατέρα,
3108 3483 3205 3537 καὶ
3234 3482 3384 3545 Υἱδν,
3415 3482 3513 3535 καὶ
3543 3483 3693 3550 ἆγιον

2108 3576 2348 3648 Πνεῦμα.

2172 3668 2225 3722 8.
2259 3669 2367 3722 Kal.
2400 3667 2478 3722 ἔτι
2514 3666 2707 3722 ἑαυτὸν
2731 3669 2930 3739 ἐρωτᾷ,
2964 3667 3041 3731 ὡς
3072 3669 3203 3736 παρ’
3224 3665 3382 3737 ἡμῶν
3403 3662 3693 3736 ἐπερωτώ-

2109 3777 2301 3830 μενος·
2337 3762 2401 3813 Τί
2427 3758 2520 3814 οὖν
2546 3777 2561 3825 ;
2597 3761 2777 3829 λέγεις
2806 3759 2868 3813 τὸ
2913 3758 3138 3831 Πνεῦμα
3186 3759 3392 3828 κτίσμα
3418 3774 3433 3821 ;
3482 3753 3693 3809 Οὐκοῦν

2106 3845 2257 3901 ἔσται
2293 3847 2401 3902 τῶν
2431 3849 2744 3920 κτισμάτων
2786 3849 2863 3901 ἐν.
2899 3845 3033 3902 Εἶτα
3059 3849 3220 3911 αὐτὸς
3246 3845 3460 3916 ἐαυτῷ·
3508 3847 3574 3899 El
3602 3845 3693 3913 γέο

2105 3955 2387 4010 γραπται,
2421 3939 2563 4008 λέγω
2584 3956 2599 3971 ·
2650 3941 2698 3992 εί
2732 3938 2788 3993 δὲ
2821 3939 2881 3991 οὐ
2920 3939 3251 4009 γέγραπται,
3282 3939 3343 3990 οὐ
3372 3937 3539 4005 λέγω.
3585 3934 3692 3988 Kal

2108 4032 2267 4085 πάλιν
2291 4031 2470 4102 ἐαυτῷ
2499 4031 2884 4104 ἀνθυποφέρει,
2920 4031 2996 4094 ὡς
3028 4034 3160 4102 παρ’
3198 4031 3355 4102 ἡμῶν
3401 4028 3692 4098 ἐπενεχθὲν

2108 4125 2277 4196 αὐτῷ,
2304 4126 2397 4179 καί
2420 4139 2588 4197 φησι·
2619 4124 2957 4195 Γέγραπται,
2995 4124 3079 4176 ὅτι
3105 4143 3126 4174 ι
3176 4125 3262 4175 Ἐν
3294 4121 3444 4194 αὐτῷ
3467 4120 3691 4191 ἐκτίσθη

2107 4218 2176 4271 τά
2207 4219 2404 4274 πάντα.
2450 4237 2468 4270 ι
2502 4219 2613 4271 Kal
2637 4217 2798 4281 αὐτὸς
2828 4216 3004 4286 ἐαυτῷ
3025 4234 3038 4246 ·
3066 4216 3204 4269 Ἀλλ’
3219 4215 3281 4268 οὐ
3309 4217 3693 4268 κοινοποιεῖται

2108 4310 2220 4370 τοῖς
2270 4309 2403 4361 πᾶσι
2434 4306 2716 4377 μοναδικὸν
2747 4306 2806 4361 ὃν
2832 4306 2893 4360 τὸ
2925 4307 3080 4375 ἆγιον
3127 4306 3371 4376 Πνεῦμα.
3405 4304 3482 4357 Οὔ
3518 4305 3630 4375 γὰρ
3662 4306 3694 4374 ἡ

423 4393 747 4465 munionem
792 4392 954 4445 habet
1002 4381 1129 4445 cum
1171 4390 1428 4445 omnibus
1469 4388 1710 4458 Spiritus
1752 4393 2000 4455 sanctus,

2110 4401 2356 4472 κοινότης
2384 4401 2491 4453 τῶν
2530 4400 2727 4466 λέξεων
2763 4402 3147 4453 κοινοποιεῖται
3174 4397 3273 4460 τὰς
3310 4396 3506 4466 φύσεις
3529 4414 3541 4425 ·
3580 4396 3697 4448 ἐπεὶ

428 4500 553 4556 cum
591 4483 664 4538 sit
698 4483 917 4552 unicus,
958 4480 1144 4552 Neque
1183 4483 1328 4536 enim
1364 4482 1648 4535 nominum
1692 4479 2000 4547 communio

2110 4494 2217 4563 ἄρα
2256 4492 2517 4564 ὁμοτιμία
2564 4495 2620 4545 ἐν
2666 4495 2779 4555 τοῖς
2833 4491 3147 4562 κτίσμασιν.
3202 4491 3392 4559 Ἡμεῖς
3446 4488 3505 4541 δὲ
3539 4487 3698 4541 πάλιν

428 4577 871 4632 communionem
919 4576 1077 4630 allert
1118 4584 1479 4645 naturarum:
1522 4573 1765 4642 alioquin
1816 4586 2000 4627 omnes

2111 4585 2247 4656 πρὸς
2270 4584 2479 4638 ταῦτα·
2514 4584 2578 4637 Ei
2607 4582 2770 4651 φόϐον
2810 4581 2946 4634 Θεοῦ
2997 4577 3140 4651 εἶχεν
3173 4581 3206 4649 ἡ
3240 4579 3439 4649 καρδία
3480 4595 3579 4631 σου
3600 4618 3614 4639 ,
3637 4578 3695 4631 οὗ

396 4674 698 4739 ‘creatura:
742 4666 987 4738 ejusdem
1039 4675 1225 4723 essent
1267 4667 1573 4736 dignitatis.
1620 4664 1702 4719 Ad
1747 4666 1862 4719 haec
1906 4678 2008 4718 nos

431 4765 626 4833 iterum
658 4762 750 4819 :Si
784 4763 1036 4834 timorem
1069 4759 1163 4815 Dei
1196 4776 1291 4831 cor
1327 4769 1480 4813 tuum
1511 4758 1759 4822 haberet,
1801 4772 2010 4826 nequa-

430 4873 594 4929 quam
626 4856 944 4925 scripsisset
995 4852 1282 4921 malitiam,
1317 4851 1411 4906 sed
1456 4851 1671 4906 sincere
1700 4848 1832 4920 quid
1882 4864 2008 4904 sen—

431 4953 535 5019 tias
578 4949 809 5004 diceres.
859 4945 978 5001 Non
1031 4945 1201 5008 audes
1246 4959 1411 5015 porro
1453 4944 1659 5006 dicere,
1708 4958 1817 4996 non
1864 4940 2011 5010 quod

429 5040 625 5113 Deum,
667 5040 761 5093 sed
805 5038 950 5108 quod
1001 5037 1217 5091 turbam
1264 5047 1495 5095 metuas.
1551 5031 2011 5105 quemadmodum

432 5132 714 5205 Pharisaei,
748 5131 840 5201 qui
878 5128 1145 5198 baptisma
1167 5127 1397 5195 Joannis
1435 5127 1709 5180 undenam
1754 5132 1901 5181 esset
1929 5125 2014 5178 di-

432 5241 560 5282 cere
584 5241 692 5280 non
723 5223 1018 5279 audebant.
1045 5220 1126 5275 Tu
1159 5235 1288 5275 vero
1320 5229 1568 5274 metuens
1593 5233 1703 5272 non
1732 5218 1883 5279 siles,
1917 5216 2013 5272 sed

433 5320 640 5386 clamas
678 5317 792 5371 :ad
835 5330 932 5370 eos
978 5328 1144 5392 porro
1189 5312 1396 5366 clamas
1432 5310 1525 5381 qui
1575 5310 1743 5380 probe
1789 5314 2012 5378 norunt,

435 5410 568 5482 quid
621 5413 693 5477 sit
754 5428 775 5461 ι
837 5423 1106 5481 venenum
1178 5407 1431 5472 aspidum
1511 5407 1617 5463 sub
1677 5406 1837 5462 labiis
1916 5420 2015 5461 eo-

2110 4678 2355 4748 γέγραφε
2377 4674 2662 4745 πονηρίαν,
2688 4673 2802 4726 ἀλλ’
2825 4672 2883 4738 ἐξ
2906 4670 3119 4734 εὐθείας
3142 4671 3346 4733 ἔλεγες,
3369 4669 3398 4723 δ
3426 4670 3692 4740 ἐφρόνεις.

2110 4768 2251 4838 Φοϐᾕ
2282 4768 2338 4819 δὲ
2374 4767 2585 4828 εἰπεῖν,
2622 4766 2684 4818 οῦ
2723 4764 2815 4818 τὸν
2842 4763 2974 4817 Θεὸν
3016 4762 3374 4833 φοϐούμενος,
3422 4760 3563 4813 ἀλλὰ
3606 4760 3693 4813 τὸν

2110 4860 2288 4930 ὄχλον,
2323 4859 2398 4922 ὡς
2421 4861 2469 4911 οἱ
2491 4859 2772 4928 Φαρισαῖοι
2822 4856 2882 4909 τὸ
2913 4855 3194 4926 βάπτισμα
3236 4854 3491 4907 Ἰωάννου
3527 4852 3693 4922 φοϐη-

2114 4949 2297 5012 θέντες
2320 4950 2513 5012 είπεῖν,
2545 4947 2706 5000 πόθεν
2736 4942 2822 5015 ἦν.
2860 4945 2970 4998 Kal
3001 4944 3333 5013 φοϐούμενος
3366 4943 3430 4995 οὑ
3468 4944 3693 5014 σιωπᾷς.

2113 5041 2249 5095 ἀλλὰ
2287 5040 2440 5111 βοᾷς·
2480 5039 2608 5110 βοᾷς
2645 5039 2702 5092 δὲ
2729 5041 2840 5101 τοῖς
2864 5037 3050 5099 εἰδόσι,
3086 5036 3137 5088 τί
3158 5038 3326 5095 ἐστιν,
3362 5053 3381 5086 ι
3424 5034 3505 5097 ἰὸς
3537 5034 3695 5088 ἀσπί-

2114 5134 2219 5186 δων
2264 5132 2368 5185 ὑπὸ
2393 5132 2460 5184 τὰ
2484 5130 2637 5202 χείλη
2685 5128 2885 5182 αὐτῶν.
2932 5147 2948 5177 ι
2980 5127 3089 5180 Kal
3121 5125 3231 5197 γὰρ
3254 5125 3630 5193 διελογίσαντο
3653 5124 3698 5177 oi

2115 5226 2392 5296 Φαρισαῖοι
2416 5241 2429 5254 ·
2463 5242 2480 5273 ι
2525 5221 2649 5275 Ἐὰν
2676 5221 2941 5290 εἴπωμεν,
2959 5218 3049 5283 Ἐξ
3068 5216 3319 5290 οὐρανοῦ,
3350 5219 3487 5286 ἐρεῖ·
3515 5216 3620 5269 Διὰ
3652 5213 3699 5267 τί

2116 5312 2208 5369 οὖν
2235 5315 2334 5369 οὐκ
2355 5312 2705 5368 ἐπιστεύσατε
2730 5310 2905 5381 αὐτῷς
2933 5311 3025 5364 καὶ
3061 5310 3157 5362 ἐάν
3197 5310 3465 5373 εἴπωμεν,
3495 5307 3588 5373 Ἐξ
3614 5306 3699 5359 ἀν-

2118 5406 2373 5479 θρώπων,
2397 5403 2561 5475 φοϐοῦ
2571 5403 2707 5475 μεθα
2728 5403 2819 5457 τὸν
2847 5402 3023 5473 ὄχλον.
3058 5421 3076 5453 ι
3098 5399 3269 5453 Τοῦτο
3287 5400 3385 5452 καὶ
3410 5397 3578 5461 αὐτὸς
3597 5397 3699 5450 6w.-

437 5492 559 5559 rum
580 5503 647 5558 ⁸⁷.
679 5522 699 5554 ρ
740 5500 997 5557 Pharisaei
1025 5509 1205 5556 autem
1238 5500 1321 5555 sic
1351 5499 1494 5570 apud
1528 5514 1588 5556 se
1609 5499 2000 5556 ratiocinaban-

2118 5497 2340 5581 λογίζῃ·
2387 5497 2511 5561 Ἐὰν
2554 5495 2835 5569 εἴπωμεν,
2881 5496 2994 5549 Οὐκ
3044 5494 3160 5548 ἔστι
3200 5492 3439 5565 κτίσμα,
3480 5490 3692 5571 ἐροῦσι·

512 5655 555 5700 9³
592 5651 729 5721 ,ίοονι
787 5669 837 5720 ν,
870 5652 959 5717 33.
1039 5648 1255 5706 "Rom.
1290 5668 1387 5717 xu,
1414 5652 1460 5706 ι.
1542 5652 1585 5684 ³⁷
1625 5650 1777 5707 Psal.
1814 5652 2010 5718 xm,5..
