3842 6210
114 265 249 321 1301

1168 258 1451 317 comas
1489 242 1840 317 MACEDON.
1878 256 2226 316 DIALOGUS
2260 259 2306 316 ι.

3230 262 3367 320 1302

110 382 211 437 Διά
229 382 284 436 τί
312 378 407 437 οὖν
432 381 494 435 ού
524 381 847 452 προσκυνεῖς
875 378 1060 450 αὐτῷ;
1109 378 1233 434 Ἐἀν
1259 376 1420 444 εἴπω,
1448 378 1687 450 Κτίσμα,

1814 393 1886 432 .ur
1921 397 1935 433 :
1984 397 2003 429 ι
2034 374 2093 432 Si
2132 376 2453 442 dixerimus,
2486 376 2530 431 Ε
2573 377 2735 444 caelo,
2761 380 2905 435 dicet
2954 379 3113 436 nobis
3142 400 3156 437 :
3189 380 3370 448 Quare

110 477 386 548 φοϐοῦμαι
417 477 511 531 καὶ⁸
548 477 639 530 τὸν
671 475 845 547 δχλον.
907 477 964 530 '0
1001 476 1111 548 γάρ
1146 476 1273 541 λαὸς
1306 477 1451 540 ἀπας
1481 473 1690 529 λιθοδο-

110 572 266 643 λησει
294 571 462 642 ἡμᾶς,
487 567 896 639 ἀποταξάμενος
922 572 988 641 τῇ
1020 568 1216 632 κτίσει,
1246 567 1342 622 καὶ
1363 567 1692 638 συνταξάμε-

112 678 203 725 νος
250 661 568 731 Πατρὶ,καὶ
621 657 757 729 Υίῷ.
805 659 899 713 καὶ¹
943 659 1086 730 ἀγίῳ
1141 658 1442 730 Πνεύματι.
1487 657 1553 712 Τί
1599 654 1690 712 οὖν

114 757 324 820 ποιεῖς;
355 754 575 824 Κτίσμα
606 752 778 820 λέγων
806 751 1068 824 κρύπτεις
1104 750 1194 805 τὸν
1220 750 1368 805 δόλον
1387 792 1402 816 ,
1431 752 1528 804 καὶ
1561 751 1692 804 αὐτὸ

111 843 547 907 κατασκευάζεις
574 843 809 915 εἰρηκώς
831 859 844 874 ο
889 842 1026 896 Ἀλλ’
1071 843 1132 896 ού
1172 844 1549 896 κοινοποιεῖται
1581 846 1694 907 τοῖς

113 939 273 1003 πᾶσι,
314 935 597 1007 μοναδικὸν
626 934 707 998 ὃν,
740 935 801 988 τὸ
826 934 980 1004 ἅγιον
1020 932 1264 1006 Πνεῦμα.
1291 934 1364 988 Ού
1394 934 1503 1006 γὰρ
1526 934 1559 1004 ή
1583 951 1694 987 κοι-

112 1030 280 1098 νότης
324 1027 432 1080 τῶν
479 1026 676 1091 λέξεων
718 1027 1101 1081 κοινοποιεῖται
1139 1025 1238 1089 τὰς
1277 1025 1485 1095 φύσεις.
1542 1026 1694 1079 Ἐπεὶ

114 1122 227 1193 ἀρα
249 1119 401 1174 ἔσται
429 1119 689 1190 ὁμοτιμία
712 1120 768 1170 ἐν
790 1120 901 1181 τοῖς
926 1119 1219 1188 κτίσμασιν
1237 1135 1249 1147 ·
1266 1118 1293 1170 ὅ
1320 1119 1454 1171 ἐστι·
1475 1117 1695 1188 Κτίσμα

120 1211 221 1282 μέν
253 1213 420 1275 ἐστιν,
452 1212 551 1264 οὐκ
587 1211 701 1263 ἔστι
725 1210 781 1264 δέ
813 1210 1072 1282 ὁμότιμον
1096 1212 1210 1273 τοῖς
1254 1209 1567 1280 κτίσμασιν.
1607 1211 1696 1274 Ὡς

116 1302 167 1355 εί
202 1300 356 1369 ἔλεγέ
376 1318 496 1364 τις·
537 1301 594 1353 '0
635 1300 786 1370 ἥλιος
824 1300 1107 1372 μοναδικόν
1144 1301 1289 1353 ἐστιν
1332 1302 1559 1373 ἄστρον,
1601 1301 1695 1354 καὶ

117 1395 219 1447 ούκ
250 1393 393 1446 ἐστιν
432 1393 694 1464 ὁμότιμον
721 1396 832 1456 τοῖς
861 1393 1115 1463 ἀστράσι.
1167 1393 1281 1445 Πᾶν
1317 1392 1511 1461 ἄστρον
1548 1391 1695 1450 ἐστὶν

115 1488 228 1555 ἡμε
238 1485 484 1557 ροφανές,
514 1484 615 1538 κᾶν
631 1484 704 1556 μὴ
724 1484 1098 1554 κοινοποιῆται
1117 1486 1227 1548 τοῖς
1256 1482 1433 1548 ἄλλοις
1455 1483 1694 1554 ἄστροις.

117 1577 231 1630 Καὶ
257 1575 311 1627 τί
343 1578 491 1629 ἐστιν
518 1575 872 1648 ἀσεϐέστερον
902 1577 993 1629 τοῦ
1018 1578 1191 1629 εἰπεῖν
1215 1575 1420 1648 κτίσμα
1442 1576 1502 1630 τὸ
1529 1575 1698 1631 Πνεῦ-

124 1685 201 1736 μα
241 1668 303 1719 τὸ
352 1667 543 1736 ἅγιον,
582 1668 831 1737 λέγοντος
875 1666 970 1720 τοῦ
1007 1667 1166 1732 Υίοῦ,
1212 1668 1292 1721 ὄτι
1355 1687 1374 1719 t
1417 1670 1532 1723 Οὐκ
1574 1669 1697 1721 ἐστέ

1797 485 1926 541 ergo
1966 485 2078 525 non
2114 469 2428 525 credidistis
2459 469 2578 524 illi?
2612 467 2669 524 Si
2721 478 2901 525 autem
2934 470 3256 539 dixerimus,
3288 473 3365 529 Ex

1799 560 2147 616 hominibus:
2177 560 2432 616 timemus
2457 561 2673 616 turbam
2694 560 2762 616 ³⁸.
2789 581 2809 615 ι
2842 562 2919 617 lta
2933 578 3062 618 vero
3087 571 3203 619 tute
3225 564 3367 634 apud

1800 660 1853 707 te
1878 652 2223 707 ratiocinaris
2249 671 2263 707 :
2295 651 2351 707 Si
2377 651 2698 720 dixerimus,
2723 652 2842 709 Non
2864 664 2946 710 est
2980 662 3251 721 creatura,
3282 655 3368 709 di-

1799 751 1922 796 cent
1948 760 1961 797 :
1987 742 2167 808 Quare
2215 758 2343 814 ergo
2383 758 2493 798 non
2536 745 2735 800 adoras
2784 745 2980 800 illum?
3019 745 3114 801 Sin
3157 748 3367 814 dixero,

1800 833 2065 891 Creatura
2093 845 2175 891 est
2194 837 2394 902 ,timeo
2424 846 2478 892 et
2506 851 2606 908 ego
2640 837 2879 893 turbam.
2917 836 3106 895 Omnis
3137 855 3370 911 namque

1802 930 2036 1000 populus
2087 928 2349 998 lapidabit
2399 944 2524 995 nos,
2566 931 2660 1000 qui
2702 938 2966 987 creaturae
3014 933 3367 1001 renuntiavit,

1802 1020 2146 1089 adhaeretque
2166 1018 2334 1085 Patri,
2352 1018 2493 1076 Filio
2514 1033 2568 1076 et
2596 1020 2822 1091 Spiritui
2841 1031 3050 1080 sancto.
3076 1023 3217 1091 Quid
3242 1040 3371 1096 ergo

1802 1111 1977 1167 facis?
2017 1111 2337 1167 Creaturam
2380 1127 2504 1166 cum
2554 1113 2715 1179 dicis,
2766 1115 2949 1169 dolum
2994 1118 3261 1181 occultas,
3306 1117 3373 1171 il-

1801 1202 2004 1273 ludque
2030 1218 2263 1273 apparas
2297 1219 2421 1258 cum
2461 1204 2599 1259 dicis
2628 1224 2640 1259 :
2667 1204 2735 1259 At
2778 1223 2885 1263 non
2932 1210 3371 1263 communionem

1802 1292 1964 1347 habet
1989 1306 2114 1345 cum
2147 1292 2402 1346 omnibus
2443 1291 2679 1363 Spiritus
2708 1302 2954 1361 sanctus,
2995 1310 3117 1351 cum
3147 1297 3217 1352 sit
3245 1297 3372 1351 uni-

1802 1398 1921 1439 cus.
1952 1382 2139 1452 Neque
2181 1383 2326 1438 enim
2353 1384 2635 1438 nominum
2675 1387 2988 1442 communio
3040 1389 3372 1443 communio-

1803 1489 1927 1533 nem
1973 1472 2129 1528 aﬂ‘ert
2172 1482 2512 1531 naturarum.
2556 1475 2708 1533 Alias
2745 1478 2944 1548 quippe
2980 1492 3170 1534 omnes
3214 1494 3371 1535 crea-

1803 1571 1939 1619 tura:
1978 1565 2256 1634 dignitatis
2304 1566 2550 1637 ejusdem
2599 1577 2785 1624 essent
2816 1589 2828 1623 :
2854 1570 2958 1625 hoc
2986 1579 3091 1637 est,
3121 1581 3371 1626 creatura

1803 1656 2021 1727 quidem
2046 1665 2129 1712 est
2149 1700 2164 1723 ,
2198 1673 2307 1713 non
2352 1666 2531 1713 autem
2562 1663 2787 1731 aequalis
2819 1671 3084 1718 creatura:
3114 1672 3240 1718 sunt
3274 1663 3373 1718 bo—

119 1758 284 1828 ὑμεῖς
307 1757 355 1809 ot
379 1756 688 1821 λαλοῦντες,
734 1756 870 1811 ἀλλά
892 1758 953 1811 τὸ
994 1758 1218 1829 Πνεῦμα
1267 1757 1360 1813 τοῦ
1396 1761 1607 1830 Πατρὸς
1644 1760 1704 1813 τὸ

1814 1751 1976 1806 noris.
2024 1753 2102 1805 Ac
2165 1752 2211 1806 si
2268 1751 2472 1807 diceret
2535 1753 2732 1823 aliquis
2766 1773 2779 1809 :
2813 1751 2907 1809 Sol
2963 1756 3236 1826 singulare
3289 1764 3373 1812 est

119 1847 321 1902 λαλοῦν
368 1850 424 1901 ἐν
480 1849 629 1919 ὑμῖν.
669 1868 687 1900 ι
727 1847 901 1901 Αὐτοῦ
946 1848 1197 1916 λέγοντος
1233 1850 1295 1903 τὸ
1341 1850 1566 1921 Πνεῦμα
1603 1849 1697 1904 τοῦ

123 1939 343 2012 Πατρὸς
371 1935 530 2003 εἶναι,
577 1937 640 1992 σὺ
693 1939 806 2002 πῶς
842 1940 1045 2009 κτίσμα
1075 1939 1204 1994 αὐτὸ
1227 1940 1437 2009 λέγεις;
1472 1942 1595 2005 Πῶς
1645 1942 1701 1996 δὲ

122 2031 228 2084 οὐκ
256 2029 475 2099 ἀκούεις
514 2029 608 2084 τοῦ
639 2030 850 2101 Πατρὸς
888 2031 1166 2099 λέγοντος·
1208 2050 1226 2083 ι
1262 2033 1354 2088 Ἐν
1385 2036 1504 2096 ταῖς
1544 2034 1704 2104 ἐσχά-

124 2141 248 2188 ταις
277 2116 513 2202 ἡμέραις
538 2122 711 2194 ἐκχεῶ
743 2122 851 2176 ἀπὸ
884 2122 975 2176 τοῦ
1003 2124 1318 2195 Πνεύματός
1352 2143 1450 2196 μου
1480 2125 1573 2178 ἐπὶ
1601 2127 1705 2181 πᾶ-

130 2232 232 2269 σαν
268 2215 477 2289 σάρκα·
513 2234 532 2267 ι
561 2216 657 2268 καὶ
682 2213 762 2266 ἔτι
780 2230 795 2246 ·
833 2232 852 2264 ι
878 2212 1006 2267 Ἰδοὺ
1038 2216 1066 2266 6
1088 2216 1224 2278 Παῖς
1248 2232 1350 2285 μου
1371 2217 1398 2268 6
1430 2214 1700 2279 ἐκλεκτὸς,

128 2307 211 2369 είς
242 2304 303 2358 ὃν
344 2304 635 2375 εὐδόκησεν
663 2306 696 2376 ἡ
720 2304 870 2374 ,ψυχή
900 2321 999 2375 μου
1021 2321 1034 2334 ·
1061 2304 1213 2377 θήσω
1244 2304 1305 2358 τὸ
1336 2304 1560 2375 Πνεῦμά
1603 2322 1702 2373 μου

129 2394 218 2448 ἐπ’
273 2394 468 2460 αύτόν;
509 2414 526 2446 ι
565 2394 675 2447 Καὶ
732 2394 869 2465 πρὸς
918 2394 1126 2459 τούτοις
1183 2396 1212 2448 ό
1262 2395 1467 2467 Πέτρος
1520 2395 1701 2463 λέγει·

137 2504 159 2537 ι
180 2484 371 2556 Ὑμεῖς
399 2483 693 2539 ἐπίστασθε
718 2484 780 2537 τὸ
813 2486 1103 2556 γενόμενον
1133 2485 1282 2557 ῥῆμα
1309 2485 1427 2539 καθ’
1456 2485 1583 2558 ὅλης
1608 2487 1707 2557 τῆς

144 2577 444 2641 Ἰουδαίας·
480 2574 785 2648 ἀρξάμενον
837 2574 946 2646 γὰρ
988 2574 1097 2629 ἀπὸ
1139 2575 1427 2640 Γαλιλαίας
1470 2576 1607 2646 μετὰ
1646 2575 1706 2629 τὸ

134 2668 438 2740 βάπτισμα,
464 2668 493 2721 ὸ
527 2667 788 2743 ἐκήρυξεν
814 2667 1086 2739 Ἰωάννης,
1121 2666 1326 2739 Ἰησοῦν
1352 2666 1442 2720 τὸν
1468 2666 1574 2721 ἀπὸ
1596 2668 1709 2720 Να-

131 2759 297 2833 ζαρὲτ
321 2804 336 2826 ,
372 2761 447 2824 ὡς
478 2760 692 2833 ἔχρισεν
725 2759 885 2814 αὐτὸν
909 2762 938 2813 6
965 2758 1096 2823 Θεὸς
1134 2759 1411 2830 Πνεύματι
1451 2748 1590 2830 ἁγίῳ
1613 2760 1708 2814 καὶ

129 2853 381 2924 δυνάμει.
414 2872 438 2905 ι
462 2848 609 2925 Ἀρα
636 2852 711 2924 τῷ
736 2851 929 2907 ἐαυτοῦ
957 2851 1214 2922 κτίσματι
1243 2851 1455 2923 χρίεται
1485 2852 1514 2904 6
1540 2849 1707 2918 Υἱός;

130 2945 244 2998 Καὶ
275 2944 393 3008 πῶς
431 2945 531 2998 οὐκ
562 2943 786 3015 ἀνόητον
818 2944 991 2995 εἰπεῖν
1028 2940 1217 3006 τοῦτο;
1246 2940 1355 2993 Καὶ
1393 2940 1555 3005 αὐτὸς
1585 2939 1643 2993 δὲ
1680 2941 1710 2994 6

132 3036 263 3102 Υἱὸς
291 3036 468 3103 λέγει·
490 3054 508 3086 ι
530 3034 754 3105 Πνεῦμα
768 3033 971 3105 Κυρίου
1002 3032 1087 3086 ἐπ’
1117 3033 1236 3103 ἐμὲ,
1263 3026 1323 3085 οῦ
1354 3032 1538 3086 ἕνεκεν
1562 3031 1710 3104 ἔχρι-

1806 1849 2038 1907 astrum,
2072 1858 2174 1898 nec
2204 1857 2389 1913 parem
2418 1858 2543 1899 cum
2573 1860 2639 1899 eo
2671 1844 2984 1916 dignitatem
3013 1846 3216 1902 habent
3255 1847 3374 1903 alite

1807 1935 1997 1991 stellae.
2031 1935 2203 1991 Omne
2235 1934 2389 1991 sidus
2433 1936 2489 1991 in
2522 1936 2610 1992 die
2634 1939 2799 2006 lucet,
2843 1940 3058 1995 etiamsi
3086 1955 3375 1996 commune

1807 2026 1945 2083 nihil
1970 2025 2169 2081 habeat
2202 2043 2328 2082 cum
2371 2026 2584 2083 caeteris
2623 2029 2810 2083 astris.
2856 2027 3039 2097 Ecqua
3070 2030 3244 2099 major
3272 2030 3376 2084 im-

1809 2117 1983 2187 pietas
2020 2133 2182 2188 quam
2213 2126 2522 2173 creaturam
2551 2118 2736 2174 dicere
2763 2118 2930 2192 478
2951 2118 3217 2191 Spiritum
3248 2136 3376 2174 san-

1809 2218 1979 2272 ctum,
2025 2225 2148 2263 cum
2179 2210 2325 2264 dicat
2352 2209 2525 2265 Filius
2553 2229 2566 2265 :
2597 2229 2614 2261 ι
2646 2209 2764 2266 Non
2807 2212 2952 2267 enim
2983 2227 3081 2268 vos
3117 2214 3249 2267 estis
3281 2212 3375 2282 qui

1810 2297 2119 2366 loquimini,
2165 2299 2262 2353 sed
2298 2297 2536 2370 Spiritus
2569 2299 2748 2357 Patris
2774 2302 2962 2366 vestri,
3002 2304 3096 2373 qui
3135 2304 3378 2374 loquitur

1810 2385 1866 2439 in
1893 2386 2049 2441 vobis
2067 2385 2132 2441 ".
2167 2405 2186 2439 ι
2213 2385 2348 2442 Cum
2373 2387 2517 2443 dicat
2548 2389 2684 2459 ipse,
2710 2388 2969 2461 Spiritum
2994 2390 3170 2448 Patris
3200 2393 3375 2464 ipsum

1811 2492 1955 2545 esse,
1985 2492 2086 2532 cur
2113 2485 2172 2532 tu
2203 2487 2507 2535 creaturam
2538 2480 2732 2537 dicas?
2763 2481 2874 2537 Cur
2899 2481 3114 2539 Patrem
3147 2500 3254 2539 non
3288 2501 3379 2540 au-

1811 2567 1897 2624 dis
1929 2568 2198 2625 dicentem
2227 2589 2239 2627 :
2273 2590 2291 2623 ι
2316 2573 2375 2626 In
2421 2573 2739 2630 novissimis
2772 2574 2964 2632 diebus
3011 2576 3284 2633 etl‘undam
3311 2578 3381 2634 de

1815 2660 2023 2723 Spiritu
2065 2678 2185 2718 meo
2232 2678 2397 2734 super
2429 2680 2646 2721 omnem
2691 2680 2914 2721 carnem
2938 2667 3016 2732 η,
3049 2687 3068 2720 ι
3100 2668 3376 2740 itemque:

1818 2768 1839 2803 ι
1874 2750 2014 2807 Ecce
2036 2751 2177 2808 Puer
2198 2768 2353 2810 meus
2376 2754 2603 2818 electus,
2641 2756 2696 2809 in
2727 2771 2885 2829 quem
2917 2757 3246 2813 complacuit
3275 2760 3381 2815 sibi

1815 2847 1995 2902 anima
2016 2862 2133 2903 mea
2164 2863 2394 2919 :ponam
2419 2840 2681 2920 spiritum
2707 2864 2887 2904 meum
2914 2865 3081 2921 super
3103 2866 3227 2906 eum
3246 2851 3331 2906 “1'
3355 2873 3375 2905 ι

1814 2939 1897 2995 Ad
1933 2939 2046 2995 haec
2091 2939 2287 2996 Petrus
2336 2942 2409 2996 ait
2441 2962 2454 2999 :
2485 2962 2503 2994 ι
2534 2941 2644 2998 Vos
2689 2942 2843 2997 scitis
2874 2943 3020 3013 quod
3050 2942 3251 2998 factum
3298 2955 3382 3001 cst

1815 3033 2043 3087 verbum
2088 3049 2185 3104 per
2210 3034 2520 3100 universam
2552 3034 2793 3090 Iudaeam
2819 3054 2834 3092 :
2863 3035 3134 3105 incipiens
3174 3036 3320 3091 enim
3351 3054 3383 3092 a

136 3128 195 3181 σέ
227 3145 318 3197 με.
348 3125 818 3196 Εὐαγγελίσασθαι
846 3126 1081 3195 πτωχοῖς
1108 3123 1415 3213 ἀπέσταλκε
1446 3141 1534 3195 με.
1560 3142 1580 3175 ι
1608 3124 1707 3178 Kal

1820 3124 2040 3180 Galilaea
2065 3136 2187 3197 post
2225 3127 2557 3199 baptismum
2591 3129 2738 3199 quod
2768 3128 3085 3199 praedicavit
3117 3128 3379 3195 Joannes,

131 3219 162 3271 6
193 3219 406 3289 Πέτρος
451 3218 509 3270 δέ
543 3219 600 3270 ἐν
642 3220 761 3280 ταῖς
798 3214 1035 3286 Πράξεσι
1084 3215 1191 3269 τῶν
1219 3212 1527 3269 ἀποστόλων
1566 3215 1707 3285 λέγει

1814 3212 2000 3275 Jesum
2041 3231 2072 3270 a
2122 3216 2370 3280 Nazaret,
2402 3217 2679 3286 quomodo
2715 3217 2873 3271 unxit
2915 3231 3039 3271 eum
3086 3213 3230 3273 Deus
3263 3215 3386 3285 Spi-

132 3307 345 3371 οῦτως·
387 3327 407 3360 ι
440 3308 518 3379 Τῇ
568 3306 715 3378 δεξιᾷ
764 3302 855 3361 οὖν
891 3305 985 3359 τοῦ
1035 3304 1168 3359 Θεοῦ
1221 3305 1475 3376 ὑψωθεὶς,
1514 3306 1613 3379 τὴν
1660 3305 1718 3361 δὲ

134 3400 473 3469 ἐπαγγελίαν
513 3399 607 3453 τοῦ
656 3399 813 3467 ἁγίου
848 3397 1166 3470 Πνεύματος
1205 3398 1383 3453 λαϐὼν
1422 3400 1573 3472 παρά
1622 3400 1717 3461 τοῦ

133 3492 374 3563 Πατρὸς,
408 3490 588 3561 ἐξέχεε
619 3490 841 3559 τοῦτο,ὃ
870 3491 1028 3562 ὑμεῖς
1050 3488 1273 3561 βλέπετε
1305 3493 1397 3545 καὶ
1416 3491 1660 3547 ἀκούετε.
1693 3512 1713 3546 ι

134 3578 287 3654 τΑρα
318 3582 348 3636 δ
389 3582 552 3646 αὐτὸς
594 3582 796 3646 ἔκτισε,
827 3582 1094 3653 λαμϐάνει
1134 3582 1285 3654 παρά
1325 3582 1418 3637 τοῦ
1470 3582 1716 3654 Πατρός;

134 3674 233 3726 καὶ
264 3672 369 3725 ούκ
394 3672 550 3742 ἔσχεν
585 3672 828 3738 ἐξουσίαν
863 3671 957 3725 τοῦ
993 3672 1183 3726 ἑαυτοῦ
1219 3673 1547 3744 κτίσματος;
1578 3673 1720 3726 Ἀλλ’

135 3766 320 3835 ἐρεῖς·
353 3761 552 3827 Μεῖζον
574 3760 665 3818 οὖν
693 3766 807 3818 ἐστι
839 3763 900 3816 τὸ
921 3764 1147 3834 Πνεῦμα
1167 3764 1229 3818 τὸ
1255 3764 1404 3833 ἆγιον
1432 3764 1525 3817 τοῦ
1558 3765 1718 3829 Υίοῦ;

146 3854 591 3927 ’Δποκρινόμεθά
620 3873 699 3909 σοι
727 3856 935 3910 τοίνυν·
964 3857 1055 3929 Μὴ
1076 3857 1287 3926 γένοιτο
1314 3858 1326 3911 !
1353 3857 1536 3920 Οὐδεὶς
1566 3857 1721 3928 ἡμῶν

127 3946 301 4001 τοῦτο
331 3945 495 4015 λέγει.
525 3947 666 4000 Ἀλλ’
691 3947 796 4002 ἔδει
816 3947 998 4015 αὐτὸν,
1021 3947 1206 4003 δούλου
1237 3949 1451 4022 μορφὴν
1470 3948 1720 4015 λαϐόντα,

126 4038 415 4117 χρίεσθαι,
442 4040 541 4092 οὐκ
589 4038 667 4092 ἔτι
702 4040 863 4111 ἐλαίῳ
898 4040 977 4111 τῷ
1007 4040 1148 4095 κατά
1184 4040 1245 4093 τὸ
1297 4039 1526 4093 παλαιὸν
1553 4057 1723 4093 κατα-

132 4129 536 4200 σκευαζομένῳ
570 4132 949 4203 προστάγματι
1000 4130 1158 4194 Θεοῦ,
1194 4131 1307 4186 ἀλλ’
1336 4131 1500 4202 ἐλαίῳ
1557 4130 1724 4199 ἀγαλ-

132 4219 378 4284 λιάσεως
414 4220 567 4290 παρά
612 4221 735 4284 τοὺς
773 4221 1050 4295 μετόχους.
1095 4239 1113 4271 ι
1136 4220 1235 4273 Διὰ
1260 4261 1274 4285 ,
1329 4220 1471 4291 γάρ,
1527 4218 1682 4273 τοῦτο
1705 4258 1720 4283 ,

1816 3308 1924 3362 ritu
1965 3315 2157 3363 sancto
2201 3320 2256 3364 et
2298 3308 2506 3364 virtute
2528 3308 2594 3363 δ’.
2622 3329 2641 3361 ι
2694 3306 2877 3364 Suane
2910 3306 3081 3379 igitur
3132 3314 3387 3362 creatura

1818 3400 2041 3471 ungitur
2094 3399 2303 3456 Filius?
2347 3399 2543 3455 Annon
2588 3400 2769 3456 insani
2822 3408 2906 3456 est
2954 3400 3090 3454 illud
3135 3398 3388 3455 eﬁutire?

1817 3489 1939 3562 Ipse
1971 3499 2151 3546 autem
2186 3490 2356 3546 Filius
2383 3492 2494 3547 ait:
2527 3510 2545 3543 ι
2575 3489 2813 3563 Spiritus
2845 3490 3059 3547 Domini
3087 3506 3252 3561 super
3276 3505 3383 3555 me,

1819 3598 1885 3638 eo
1910 3583 2057 3653 quod
2087 3584 2305 3638 unxerit
2331 3600 2436 3639 me.
2468 3582 2853 3654 Evangelizare
2874 3582 3207 3652 pauperibus
3237 3582 3388 3637 misit

1820 3689 1907 3729 me
1933 3673 1999 3729 ".
2031 3692 2051 3725 ι
2076 3672 2270 3730 Petrus
2309 3691 2439 3730 vero
2470 3675 2585 3729 haec
2628 3675 2703 3729 ait
2745 3674 2799 3728 in
2843 3673 3072 3729 Actibus
3112 3674 3390 3744 apostolo-

1822 3781 1943 3820 rum
1986 3785 2000 3830 ;
2043 3785 2062 3818 ι
2095 3766 2325 3822 Dextera
2364 3769 2531 3837 igitur
2577 3767 2671 3823 Dei
2716 3768 3024 3823 cxaltatus:
3057 3774 3111 3822 et
3152 3768 3389 3837 promis-

1822 3858 1976 3914 sione
2005 3856 2242 3929 Spiritus
2282 3861 2461 3914 sancti
2498 3866 2719 3930 accepta
2749 3875 2779 3913 a
2805 3857 2989 3923 Patre,
3026 3857 3214 3915 etl‘udit
3243 3859 3391 3913 hunc

1822 3965 1983 4021 quem
2018 3965 2114 4006 vos
2142 3950 2340 4006 videtis
2373 3957 2426 4006 et
2457 3952 2655 4007 auditis
2681 3952 2747 4005 ⁸⁸.
2778 3970 2797 4005 ι
2835 3950 3050 4021 Ergone
3079 3966 3242 4021 quem
3275 3950 3392 4021 ipse

1822 4042 2088 4107 condidit,
2134 4043 2248 4113 ipse
2299 4057 2329 4096 a
2376 4040 2536 4097 Patre
2571 4043 2821 4113 accepit?
2859 4059 3037 4113 neque
3065 4049 3390 4113 potestatem

1823 4131 2013 4187 habuit
2061 4133 2117 4187 in
2165 4139 2473 4187 creaturam
2516 4132 2705 4188 suam?
2734 4132 2802 4187 At
2828 4131 3219 4201 diceszlviajor
3262 4146 3392 4201 ergo

1827 4220 2063 4291 Spiritus
2097 4222 2273 4278 Filio?
2310 4222 2726 4295 Respondemus
2754 4224 2890 4279 tibi:
2915 4224 3101 4279 Absit!
3134 4222 3392 4278 Nostrum

138 4313 310 4381 φησιν
335 4313 363 4364 6
397 4310 580 4373 Δαϐὶδ,
634 4310 820 4382 ἔχρισε
862 4328 920 4365 σε
952 4315 979 4365 6
1013 4311 1166 4375 Θεὸς,
1194 4313 1222 4364 6
1246 4311 1376 4376 Θεός
1399 4328 1513 4375 σου,
1546 4311 1707 4364 ἐλαιοι

1826 4332 1983 4370 nemo
2043 4316 2096 4371 id
2144 4316 2296 4372 dicit.
2345 4315 2452 4372 Sed
2498 4317 2740 4387 oportuit
2781 4332 2928 4381 eum,
2990 4332 3113 4373 cum
3162 4315 3393 4373 formam

136 4401 520 4471 ἀγαλλιάσεως
543 4401 691 4474 παρά
706 4405 831 4466 τοὺς
851 4404 1109 4472 μετόχους
1128 4420 1334 4455 σου.›-
1356 4421 1375 4452 ι
1400 4402 1496 4455 Διά
1511 4402 1707 4461 τοῦτο.ι

1827 4409 1971 4464 servi
2006 4410 2327 4478 accepisset,
2362 4408 2490 4480 ungi
2535 4424 2644 4463 non
2679 4407 2773 4463 illo
2810 4408 3028 4477 quidem
3061 4407 3204 4471 oleo,
3233 4407 3395 4476 jussu

137 4496 333 4558 ποῖον;
361 4494 464 4553 ὅτι.
495 4493 625 4557 Θεὸς
652 4494 726 4547 ὢν
751 4494 846 4547 καὶ
872 4493 1019 4557 Υίὸς,
1055 4493 1265 4565 μορφὴν
1297 4493 1481 4546 δούλου
1510 4494 1707 4548 ἐλαϐεν.

1828 4496 1918 4551 Dci
1951 4497 2078 4550 olim
2108 4506 2412 4568 praeparato
2436 4537 2450 4560 ,
2484 4496 2579 4552 sed
2619 4497 2740 4552 olco
2769 4497 2964 4553 laetitiae
2984 4512 3095 4567 prae
3127 4498 3396 4552 consorti-

136 4586 268 4640 bus.
317 4603 336 4636 ι
367 4583 657 4653 Propterea
697 4585 862 4648 enim,
901 4585 1035 4639 dicit
1065 4584 1250 4651 David,
1298 4585 1454 4639 unxit
1496 4594 1550 4641 te
1590 4586 1755 4650 Deus,
1810 4586 1953 4648 Deus
2002 4596 2158 4655 tuus,
2207 4589 2327 4642 oleo
2376 4589 2573 4644 laetitiae
2613 4604 2726 4659 pra:
2767 4591 3114 4646 consortibus
3136 4589 3387 4660 tuis“.js

132 4707 210 4719 -—
238 4696 256 4728 ι
278 4675 587 4746 Propterea,
621 4696 638 4728 ι
661 4676 789 4747 quid
821 4676 941 4730 est?
966 4676 1092 4748 quia
1112 4676 1363 4730 nimirum
1389 4691 1512 4731 cum
1535 4677 1676 4732 Deus
1710 4686 1854 4736 esset
1884 4688 1938 4735 et
1970 4678 2161 4743 Filius,
2189 4677 2419 4733 formam
2450 4679 2592 4734 servi
2619 4682 2847 4753 accepit.

214 4774 269 4829 9.
300 4771 518 4843 Ἐπειδὴ
538 4772 593 4824 δὲ
618 4771 1167 4844 προεπηγγειλάμεθα
1187 4770 1454 4825 δεικνύναι
1478 4773 1538 4825 τὸ
1557 4772 1723 4825 Πνεῦ-

139 4884 223 4939 μα
258 4864 318 4917 τὸ
355 4863 508 4932 ἅγιον
550 4862 651 4933 τῆς
682 4863 850 4932 αὐτῆς
898 4861 1111 4931 φύσεως
1145 4861 1204 4915 ὃν
1238 4864 1410 4934 Πατρὶ
1457 4864 1548 4917 καὶ
1581 4864 1717 4936 Υίῷ,

134 4956 456 5020 ἀκολούθως
484 4956 725 5025 διάλογον
756 4958 818 5010 ἐκ
854 4957 947 5010 δύο
976 4955 1282 5028 προσώπων
1310 4958 1718 5028 ἐνστησάμενοι,

134 5050 305 5103 τοῦτο
338 5049 508 5115 δεῖξαι
552 5049 960 5118 σπουδάσωμεν,
998 5051 1093 5101 σὺν
1134 5049 1391 5121 εὐμενείᾳ
1424 5050 1586 5104 αὐτοῦ
1625 5049 1719 5103 τοῦ

136 5138 291 5194 Πνεύ
299 5157 483 5210 ματος.
503 5140 856 5210 Συντυχόντες
873 5140 979 5192 τινὶ
997 5139 1104 5194 τῶν
1127 5139 1195 5193 τά
1209 5140 1344 5193 αύτά
1363 5141 1439 5212 τῷ
1458 5140 1726 5213 γράψαντι

134 5234 207 5286 τὸ
263 5230 543 5302 σχεδάριον
603 5229 961 5303 φρονούντων,
1032 5229 1240 5302 ἔφημεν
1301 5231 1505 5295 οὕτως·
1550 5235 1725 5298 Μόνος

136 5323 294 5395 ἔχειν
326 5321 423 5394 τὴν
452 5312 747 5376 ἀθανασίαν
781 5321 992 5393 εἴρηται
1017 5323 1045 5376 6
1093 5321 1224 5386 Θεὸς
1261 5323 1411 5397 παρά
1446 5324 1524 5395 τῷ
1561 5326 1722 5378 Ἀπο-

140 5412 353 5485 στόλῳ·
378 5432 398 5466 ι
435 5413 494 5467 '0
513 5413 668 5486 μόνος
700 5411 829 5485 γάρ,
861 5413 1044 5485 φησὶν,
1095 5414 1205 5486 ἔχει
1246 5415 1561 5483 ἀθανασίαν,
1605 5416 1721 5485 φῶς

219 5571 269 5602 ³³
311 5568 502 5625 Matth.
538 5587 666 5638 XXI,
700 5571 792 5626 26.
865 5571 912 5608 ⁸⁸
948 5570 1138 5627 Matth.
1176 5586 1239 5633 x,
1271 5570 1359 5625 20.

133 5655 276 5707 ut,
312 5641 364 5695 1.
442 5640 486 5673 ⁸⁸
526 5641 646 5697 Act.
686 5656 761 5708 ιι,
799 5641 887 5698 55.
964 5642 1008 5674 ”
1051 5640 1195 5697 Psal.
1238 5657 1380 5707 xuv,
1417 5641 1469 5698 9.

1466 5574 1517 5607 ‘°*
1546 5570 1663 5631 «lue!
1697 5588 1757 5637 ιι,
1795 5571 1885 5631 28.

1894 4776 1948 4832 9.
1991 4774 2441 4845 Quandoquidem
2468 4782 2648 4830 autem
2680 4772 2941 4844 Spiritum
2972 4781 3221 4828 sanctum
3243 4774 3396 4845 ejus-

1825 4867 1946 4921 dem
1981 4874 2144 4936 atque
2173 4864 2334 4919 Pater
2369 4872 2425 4921 et
2473 4865 2646 4920 Filius
2681 4881 2802 4921 esse
2842 4874 3050 4919 natura:
3085 4880 3250 4934 supra
3292 4880 3395 4922 nos

1827 4955 2300 5015 demonstraturus
2341 4955 2714 5026 promisimus,
2740 4962 2907 5009 restat
2936 4963 2992 5008 ut
3018 4954 3247 5008 duarum
3274 4970 3397 5025 per—

1829 5064 2088 5104 sonarum
2142 5048 2391 5103 instituto
2453 5047 2693 5118 dialogo,
2743 5047 2878 5102 illud
2919 5047 3122 5119 ipsum,
3181 5046 3398 5102 favente

1832 5140 1992 5195 nobis
2023 5139 2267 5211 ejusdem
2308 5139 2545 5210 Spiritus
2579 5142 2774 5211 gratia,
2803 5141 3090 5196 ostendere
3114 5140 3398 5211 aggredia-

1830 5246 1974 5285 mur.
2025 5230 2081 5284 Si
2113 5232 2238 5301 quis
2272 5232 2440 5302 igitur
2472 5233 2633 5286 nobis
2676 5248 2740 5287 ex
2786 5248 2974 5286 eorum
3007 5247 3234 5287 numero
3259 5231 3399 5288 forte

1829 5324 2161 5391 occurrerit,
2198 5324 2291 5393 qui
2325 5338 2449 5378 cum
2478 5325 2744 5394 scriptore
2768 5324 2935 5393 bujtts
2967 5324 3240 5380 schedulae
3268 5339 3399 5380 sen-

1828 5418 1994 5485 tiunt,
2036 5418 2112 5478 ita
2144 5417 2297 5471 illum
2334 5417 2676 5488 alloquemur
2713 5435 2727 5472 :
2767 5416 2928 5473 Solus
2957 5416 3101 5474 Deus
3124 5418 3404 5473 immorta-

1991 5574 2036 5606 “
2073 5570 2175 5627 lsa.
2217 5588 2355 5637 λιιι,
2398 5572 2449 5626 l.
2526 5574 2567 5605 ’δ’
2607 5572 2728 5627 Act.
2762 5587 2832 5638 ι,
2865 5573 2965 5638 37,
3015 5571 3103 5627 58.
3209 5571 3255 5604 “
3293 5571 3405 5628 In.
