  <div class='ocr_page' id='page_1' title='image "/cluster/home/n/w/nwhite01/storage/ocr_20150623/28/nnc1.0046978690/725.png"; bbox 0 0 3842 6210; ppageno 0'>
   <div class='ocr_carea' id='block_1_1' title="bbox 495 311 632 369">
    <p class='ocr_par' dir='ltr' id='par_1_1' title="bbox 495 311 632 369">
     <span class='ocr_line' id='line_1_1' title="bbox 495 311 632 369; baseline 0.029 -4"><span class='ocrx_word' id='word_1_1' title='bbox 495 311 632 369; x_wconf 72' lang='grc'><strong>1505</strong></span> 
     </span>
    </p>
   </div>
   <div class='ocr_carea' id='block_1_2' title="bbox 1614 318 2581 381">
    <p class='ocr_par' dir='ltr' id='par_1_2' title="bbox 1614 318 2581 381">
     <span class='ocr_line' id='line_1_2' title="bbox 1614 318 2581 381; baseline 0.009 -9"><span class='ocrx_word' id='word_1_2' title='bbox 1614 318 1672 373; x_wconf 88' lang='lat' dir='ltr'><strong>S.</strong></span> <span class='ocrx_word' id='word_1_3' title='bbox 1707 319 2169 377; x_wconf 81' lang='lat' dir='ltr'><strong>ATHANASIUS.</strong></span> <span class='ocrx_word' id='word_1_4' title='bbox 2209 355 2279 365; x_wconf 93' lang='lat'><strong>-—</strong></span> <span class='ocrx_word' id='word_1_5' title='bbox 2312 323 2581 381; x_wconf 78' lang='lat' dir='ltr'><strong>SPURIA.</strong></span> 
     </span>
    </p>
   </div>
   <div class='ocr_carea' id='block_1_3' title="bbox 3607 335 3732 390">
    <p class='ocr_par' dir='ltr' id='par_1_3' title="bbox 3607 335 3732 390">
     <span class='ocr_line' id='line_1_3' title="bbox 3607 335 3732 390; baseline 0.016 -2"><span class='ocrx_word' id='word_1_6' title='bbox 3607 335 3732 390; x_wconf 68' lang='grc'><strong>1304</strong></span> 
     </span>
    </p>
   </div>
   <div class='ocr_carea' id='block_1_4' title="bbox 492 425 2042 523">
    <p class='ocr_par' dir='ltr' id='par_1_4' title="bbox 492 425 2042 504">
     <span class='ocr_line' id='line_1_4' title="bbox 492 425 2042 504; baseline 0.009 -24"><span class='ocrx_word' id='word_1_7' title='bbox 492 425 695 483; x_wconf 86' lang='lat' dir='ltr'><strong>litatem</strong></span> <span class='ocrx_word' id='word_1_8' title='bbox 721 428 921 485; x_wconf 88' lang='lat' dir='ltr'><strong>habere</strong></span> <span class='ocrx_word' id='word_1_9' title='bbox 950 428 1019 484; x_wconf 87' lang='lat' dir='ltr'><strong>ab</strong></span> <span class='ocrx_word' id='word_1_10' title='bbox 1040 430 1304 502; x_wconf 85' lang='lat' dir='ltr'><strong>Apostolo</strong></span> <span class='ocrx_word' id='word_1_11' title='bbox 1332 432 1569 492; x_wconf 87' lang='lat' dir='ltr'><strong>dicitur:</strong></span> <span class='ocrx_word' id='word_1_12' title='bbox 1600 455 1620 489; x_wconf 73' lang='grc' dir='ltr'>ί</span> <span class='ocrx_word' id='word_1_13' title='bbox 1648 436 1812 494; x_wconf 90' lang='lat' dir='ltr'><strong>Solus</strong></span> <span class='ocrx_word' id='word_1_14' title='bbox 1840 440 2042 504; x_wconf 77' lang='lat' dir='ltr'><strong>enim,i</strong></span> 
     </span>
    </p>
   </div>
   <div class='ocr_carea' id='block_1_5' title="bbox 2150 425 3739 523">
    <p class='ocr_par' dir='ltr' id='par_1_5' title="bbox 2156 445 3739 523">
     <span class='ocr_line' id='line_1_5' title="bbox 2156 445 3739 523; baseline 0.006 -27"><span class='ocrx_word' id='word_1_15' title='bbox 2156 445 2321 498; x_wconf 78' lang='grc' dir='ltr'>οἰκῶν</span> <span class='ocrx_word' id='word_1_16' title='bbox 2365 445 2680 518; x_wconf 83' lang='grc' dir='ltr'><strong>ἀπρόσιτον.</strong></span> <span class='ocrx_word' id='word_1_17' title='bbox 2737 467 2756 500; x_wconf 73' lang='grc' dir='ltr'><strong>ι</strong></span> <span class='ocrx_word' id='word_1_18' title='bbox 2795 449 3014 504; x_wconf 63' lang='lat' dir='ltr'><strong>Haud.</strong></span> <span class='ocrx_word' id='word_1_19' title='bbox 3051 449 3176 503; x_wconf 79' lang='grc' dir='ltr'>Ναί.</span> <span class='ocrx_word' id='word_1_20' title='bbox 3213 452 3365 519; x_wconf 82' lang='grc' dir='ltr'>Ὀρθ.</span> <span class='ocrx_word' id='word_1_21' title='bbox 3405 452 3639 523; x_wconf 83' lang='grc' dir='ltr'>Ἔχουσι</span> <span class='ocrx_word' id='word_1_22' title='bbox 3685 454 3739 509; x_wconf 71' lang='grc' dir='ltr'><strong>δὲ</strong></span> 
     </span>
    </p>
   </div>
   <div class='ocr_carea' id='block_1_6' title="bbox 492 519 2055 595">
    <p class='ocr_par' dir='ltr' id='par_1_6' title="bbox 492 519 2055 595">
     <span class='ocr_line' id='line_1_6' title="bbox 492 519 2055 595; baseline 0.01 -22"><span class='ocrx_word' id='word_1_23' title='bbox 492 519 703 589; x_wconf 80' lang='lat' dir='ltr'><strong>inquit,</strong></span> <span class='ocrx_word' id='word_1_24' title='bbox 764 521 972 578; x_wconf 66' lang='lat' dir='ltr'><strong>«habet</strong></span> <span class='ocrx_word' id='word_1_25' title='bbox 1020 523 1511 595; x_wconf 76' lang='lat' dir='ltr'><strong>immortalitatem,</strong></span> <span class='ocrx_word' id='word_1_26' title='bbox 1568 530 1747 585; x_wconf 87' lang='lat' dir='ltr'><strong>lucem</strong></span> <span class='ocrx_word' id='word_1_27' title='bbox 1802 532 2055 589; x_wconf 82' lang='lat' dir='ltr'><strong>habitans</strong></span> 
     </span>
    </p>
   </div>
   <div class='ocr_carea' id='block_1_7' title="bbox 490 608 2056 677">
    <p class='ocr_par' dir='ltr' id='par_1_7' title="bbox 490 608 2056 677">
     <span class='ocr_line' id='line_1_7' title="bbox 490 608 2056 677; baseline 0.008 -12"><span class='ocrx_word' id='word_1_28' title='bbox 490 608 921 667; x_wconf 85' lang='lat' dir='ltr'><strong>inaccessibilem</strong></span> <span class='ocrx_word' id='word_1_29' title='bbox 941 611 1006 668; x_wconf 82' lang='lat'><strong>“.</strong></span> <span class='ocrx_word' id='word_1_30' title='bbox 1041 632 1060 666; x_wconf 71' lang='grc' dir='ltr'><strong>ι</strong></span> <span class='ocrx_word' id='word_1_31' title='bbox 1121 613 1326 673; x_wconf 79' lang='lat' dir='ltr'><strong>Maced.</strong></span> <span class='ocrx_word' id='word_1_32' title='bbox 1384 618 1579 673; x_wconf 83' lang='lat' dir='ltr'><strong>Etiam.</strong></span> <span class='ocrx_word' id='word_1_33' title='bbox 1633 620 1789 676; x_wconf 84' lang='lat' dir='ltr'><strong>Orth.</strong></span> <span class='ocrx_word' id='word_1_34' title='bbox 1846 620 2056 677; x_wconf 85' lang='lat' dir='ltr'><strong>Habent</strong></span> 
     </span>
    </p>
   </div>
   <div class='ocr_carea' id='block_1_8' title="bbox 487 701 2055 781">
    <p class='ocr_par' dir='ltr' id='par_1_8' title="bbox 487 701 2055 781">
     <span class='ocr_line' id='line_1_8' title="bbox 487 701 2055 781; baseline 0.01 -28"><span class='ocrx_word' id='word_1_35' title='bbox 487 701 733 757; x_wconf 89' lang='lat' dir='ltr'><strong>eamdem</strong></span> <span class='ocrx_word' id='word_1_36' title='bbox 766 710 822 758; x_wconf 86' lang='lat' dir='ltr'><strong>et</strong></span> <span class='ocrx_word' id='word_1_37' title='bbox 854 705 1052 775; x_wconf 81' lang='lat' dir='ltr'><strong>angeli,</strong></span> <span class='ocrx_word' id='word_1_38' title='bbox 1089 713 1143 760; x_wconf 87' lang='lat' dir='ltr'><strong>et</strong></span> <span class='ocrx_word' id='word_1_39' title='bbox 1172 708 1538 778; x_wconf 89' lang='lat' dir='ltr'><strong>principatus,</strong></span> <span class='ocrx_word' id='word_1_40' title='bbox 1568 717 1622 765; x_wconf 92' lang='lat' dir='ltr'><strong>et</strong></span> <span class='ocrx_word' id='word_1_41' title='bbox 1650 717 1972 781; x_wconf 86' lang='lat' dir='ltr'><strong>potestates,</strong></span> <span class='ocrx_word' id='word_1_42' title='bbox 2001 721 2055 768; x_wconf 88' lang='lat' dir='ltr'><strong>et</strong></span> 
     </span>
    </p>
   </div>
   <div class='ocr_carea' id='block_1_9' title="bbox 488 793 2052 864">
    <p class='ocr_par' dir='ltr' id='par_1_9' title="bbox 488 793 2052 864">
     <span class='ocr_line' id='line_1_9' title="bbox 488 793 2052 864; baseline 0.012 -18"><span class='ocrx_word' id='word_1_43' title='bbox 488 793 706 859; x_wconf 82' lang='lat' dir='ltr'><strong>throni,</strong></span> <span class='ocrx_word' id='word_1_44' title='bbox 766 803 820 851; x_wconf 93' lang='lat' dir='ltr'><strong>et</strong></span> <span class='ocrx_word' id='word_1_45' title='bbox 868 796 1307 856; x_wconf 78' lang='lat' dir='ltr'><strong>dominationes?</strong></span> <span class='ocrx_word' id='word_1_46' title='bbox 1344 800 1553 856; x_wconf 79' lang='lat' dir='ltr'><strong>Maced.</strong></span> <span class='ocrx_word' id='word_1_47' title='bbox 1611 801 1844 859; x_wconf 81' lang='lat' dir='ltr'><strong>Habent.</strong></span> <span class='ocrx_word' id='word_1_48' title='bbox 1898 804 2052 864; x_wconf 74' lang='lat' dir='ltr'><strong>Ortli.</strong></span> 
     </span>
    </p>
   </div>
   <div class='ocr_carea' id='block_1_10' title="bbox 487 883 2056 958">
    <p class='ocr_par' dir='ltr' id='par_1_10' title="bbox 487 883 2056 958">
     <span class='ocr_line' id='line_1_10' title="bbox 487 883 2056 958; baseline 0.01 -22"><span class='ocrx_word' id='word_1_49' title='bbox 487 883 770 950; x_wconf 83' lang='lat' dir='ltr'><strong>Quomodo</strong></span> <span class='ocrx_word' id='word_1_50' title='bbox 808 887 975 958; x_wconf 83' lang='lat' dir='ltr'><strong>igitur</strong></span> <span class='ocrx_word' id='word_1_51' title='bbox 1010 888 1160 947; x_wconf 88' lang='lat' dir='ltr'><strong>solus</strong></span> <span class='ocrx_word' id='word_1_52' title='bbox 1188 884 1329 947; x_wconf 87' lang='lat' dir='ltr'><strong>Deus</strong></span> <span class='ocrx_word' id='word_1_53' title='bbox 1358 892 1826 951; x_wconf 84' lang='lat' dir='ltr'><strong>immortalitatem</strong></span> <span class='ocrx_word' id='word_1_54' title='bbox 1856 896 2056 952; x_wconf 88' lang='lat' dir='ltr'><strong>habet?</strong></span> 
     </span>
    </p>
   </div>
   <div class='ocr_carea' id='block_1_11' title="bbox 488 973 2055 1059">
    <p class='ocr_par' dir='ltr' id='par_1_11' title="bbox 488 973 2055 1059">
     <span class='ocr_line' id='line_1_11' title="bbox 488 973 2055 1059; baseline 0.01 -32"><span class='ocrx_word' id='word_1_55' title='bbox 488 973 694 1030; x_wconf 80' lang='lat' dir='ltr'><strong>Maced.</strong></span> <span class='ocrx_word' id='word_1_56' title='bbox 741 976 878 1043; x_wconf 87' lang='lat' dir='ltr'><strong>Quia</strong></span> <span class='ocrx_word' id='word_1_57' title='bbox 925 977 1066 1036; x_wconf 88' lang='lat' dir='ltr'><strong>Deus</strong></span> <span class='ocrx_word' id='word_1_58' title='bbox 1110 981 1226 1051; x_wconf 90' lang='lat' dir='ltr'><strong>ipse</strong></span> <span class='ocrx_word' id='word_1_59' title='bbox 1270 992 1356 1039; x_wconf 90' lang='lat' dir='ltr'><strong>est</strong></span> <span class='ocrx_word' id='word_1_60' title='bbox 1400 983 1823 1053; x_wconf 89' lang='lat' dir='ltr'><strong>immortalitas;</strong></span> <span class='ocrx_word' id='word_1_61' title='bbox 1876 989 2055 1059; x_wconf 80' lang='lat' dir='ltr'><strong>angeli</strong></span> 
     </span>
    </p>
   </div>
   <div class='ocr_carea' id='block_1_12' title="bbox 486 1067 2054 1139">
    <p class='ocr_par' dir='ltr' id='par_1_12' title="bbox 486 1067 2054 1139">
     <span class='ocr_line' id='line_1_12' title="bbox 486 1067 2054 1139; baseline 0.008 -20"><span class='ocrx_word' id='word_1_62' title='bbox 486 1080 635 1133; x_wconf 85' lang='lat' dir='ltr'><strong>vero,</strong></span> <span class='ocrx_word' id='word_1_63' title='bbox 656 1067 968 1139; x_wconf 83' lang='lat' dir='ltr'><strong>archangeli</strong></span> <span class='ocrx_word' id='word_1_64' title='bbox 1009 1076 1064 1124; x_wconf 89' lang='lat' dir='ltr'><strong>et</strong></span> <span class='ocrx_word' id='word_1_65' title='bbox 1092 1071 1340 1126; x_wconf 69' lang='lat' dir='ltr'><strong>coelestia</strong></span> <span class='ocrx_word' id='word_1_66' title='bbox 1382 1071 1586 1136; x_wconf 85' lang='lat' dir='ltr'><strong>omnia,</strong></span> <span class='ocrx_word' id='word_1_67' title='bbox 1628 1074 2054 1134; x_wconf 83' lang='lat' dir='ltr'><strong>immortalitatis</strong></span> 
     </span>
    </p>
   </div>
   <div class='ocr_carea' id='block_1_13' title="bbox 485 1153 2054 1224">
    <p class='ocr_par' dir='ltr' id='par_1_13' title="bbox 485 1153 2054 1224">
     <span class='ocr_line' id='line_1_13' title="bbox 485 1153 2054 1224; baseline 0.011 -19"><span class='ocrx_word' id='word_1_68' title='bbox 485 1153 924 1224; x_wconf 86' lang='lat' dir='ltr'><strong>participatione,</strong></span> <span class='ocrx_word' id='word_1_69' title='bbox 954 1158 1281 1213; x_wconf 81' lang='lat' dir='ltr'><strong>immortalia</strong></span> <span class='ocrx_word' id='word_1_70' title='bbox 1334 1166 1479 1216; x_wconf 87' lang='lat' dir='ltr'><strong>sunt.</strong></span> <span class='ocrx_word' id='word_1_71' title='bbox 1532 1160 1683 1217; x_wconf 84' lang='lat' dir='ltr'><strong>Orth.</strong></span> <span class='ocrx_word' id='word_1_72' title='bbox 1734 1162 1906 1221; x_wconf 90' lang='lat' dir='ltr'><strong>Filius</strong></span> <span class='ocrx_word' id='word_1_73' title='bbox 1958 1164 2054 1222; x_wconf 90' lang='lat' dir='ltr'><strong>Dei</strong></span> 
     </span>
    </p>
   </div>
   <div class='ocr_carea' id='block_1_14' title="bbox 484 1244 2049 1313">
    <p class='ocr_par' dir='ltr' id='par_1_14' title="bbox 484 1244 2049 1313">
     <span class='ocr_line' id='line_1_14' title="bbox 484 1244 2049 1313; baseline 0.009 -15"><span class='ocrx_word' id='word_1_74' title='bbox 484 1244 718 1302; x_wconf 89' lang='lat' dir='ltr'><strong>babetne</strong></span> <span class='ocrx_word' id='word_1_75' title='bbox 741 1247 1237 1308; x_wconf 88' lang='lat' dir='ltr'><strong>immortalitatem?</strong></span> <span class='ocrx_word' id='word_1_76' title='bbox 1257 1251 1465 1309; x_wconf 80' lang='lat' dir='ltr'><strong>Maced.</strong></span> <span class='ocrx_word' id='word_1_77' title='bbox 1492 1252 1657 1310; x_wconf 92' lang='lat' dir='ltr'><strong>Plane</strong></span> <span class='ocrx_word' id='word_1_78' title='bbox 1686 1254 1866 1312; x_wconf 87' lang='lat' dir='ltr'><strong>habet.</strong></span> <span class='ocrx_word' id='word_1_79' title='bbox 1897 1256 2049 1313; x_wconf 85' lang='lat' dir='ltr'><strong>Orth.</strong></span> 
     </span>
    </p>
   </div>
   <div class='ocr_carea' id='block_1_15' title="bbox 483 1333 2055 1407">
    <p class='ocr_par' dir='ltr' id='par_1_15' title="bbox 483 1333 2055 1407">
     <span class='ocr_line' id='line_1_15' title="bbox 483 1333 2055 1407; baseline 0.01 -18"><span class='ocrx_word' id='word_1_80' title='bbox 483 1333 739 1407; x_wconf 84' lang='lat' dir='ltr'><strong>Nunquid</strong></span> <span class='ocrx_word' id='word_1_81' title='bbox 780 1345 839 1393; x_wconf 93' lang='lat' dir='ltr'><strong>ut</strong></span> <span class='ocrx_word' id='word_1_82' title='bbox 870 1338 1049 1404; x_wconf 88' lang='lat' dir='ltr'><strong>Pater,</strong></span> <span class='ocrx_word' id='word_1_83' title='bbox 1086 1357 1155 1396; x_wconf 89' lang='lat' dir='ltr'><strong>an</strong></span> <span class='ocrx_word' id='word_1_84' title='bbox 1195 1350 1255 1396; x_wconf 95' lang='lat' dir='ltr'><strong>ut</strong></span> <span class='ocrx_word' id='word_1_85' title='bbox 1284 1344 1568 1399; x_wconf 68' lang='lat' dir='ltr'><strong>cmlestia?</strong></span> <span class='ocrx_word' id='word_1_86' title='bbox 1600 1344 1806 1402; x_wconf 80' lang='lat' dir='ltr'><strong>Maced.</strong></span> <span class='ocrx_word' id='word_1_87' title='bbox 1844 1346 1915 1403; x_wconf 90' lang='lat' dir='ltr'><strong>Ut</strong></span> <span class='ocrx_word' id='word_1_88' title='bbox 1949 1347 2055 1403; x_wconf 85' lang='lat' dir='ltr'><strong>Pa-</strong></span> 
     </span>
    </p>
   </div>
   <div class='ocr_carea' id='block_1_16' title="bbox 483 1427 2053 1505">
    <p class='ocr_par' dir='ltr' id='par_1_16' title="bbox 483 1427 2053 1505">
     <span class='ocr_line' id='line_1_16' title="bbox 483 1427 2053 1505; baseline 0.008 -22"><span class='ocrx_word' id='word_1_89' title='bbox 483 1435 583 1483; x_wconf 89' lang='lat' dir='ltr'><strong>ter.</strong></span> <span class='ocrx_word' id='word_1_90' title='bbox 621 1427 773 1484; x_wconf 80' lang='lat' dir='ltr'><strong>Orth.</strong></span> <span class='ocrx_word' id='word_1_91' title='bbox 826 1430 1108 1497; x_wconf 86' lang='lat' dir='ltr'><strong>Quomodo</strong></span> <span class='ocrx_word' id='word_1_92' title='bbox 1138 1433 1327 1505; x_wconf 61' lang='lat' dir='ltr'><strong>figitur</strong></span> <span class='ocrx_word' id='word_1_93' title='bbox 1368 1436 1518 1493; x_wconf 91' lang='lat' dir='ltr'><strong>solus</strong></span> <span class='ocrx_word' id='word_1_94' title='bbox 1561 1435 1724 1492; x_wconf 88' lang='lat' dir='ltr'><strong>Pater</strong></span> <span class='ocrx_word' id='word_1_95' title='bbox 1757 1439 1917 1494; x_wconf 88' lang='lat' dir='ltr'><strong>habet</strong></span> <span class='ocrx_word' id='word_1_96' title='bbox 1951 1442 2053 1494; x_wconf 92' lang='lat' dir='ltr'><strong>im-</strong></span> 
     </span>
    </p>
   </div>
   <div class='ocr_carea' id='block_1_17' title="bbox 482 1520 2051 1602">
    <p class='ocr_par' dir='ltr' id='par_1_17' title="bbox 482 1520 2051 1602">
     <span class='ocr_line' id='line_1_17' title="bbox 482 1520 2051 1602; baseline 0.01 -31"><span class='ocrx_word' id='word_1_97' title='bbox 482 1520 908 1602; x_wconf 61' lang='lat' dir='ltr'><strong>mortalitatem}</strong></span> <span class='ocrx_word' id='word_1_98' title='bbox 956 1522 1163 1580; x_wconf 75' lang='grc' dir='ltr'>Μαι·εᾶ.</span> <span class='ocrx_word' id='word_1_99' title='bbox 1216 1525 1355 1593; x_wconf 89' lang='lat' dir='ltr'><strong>Quia</strong></span> <span class='ocrx_word' id='word_1_100' title='bbox 1406 1528 1865 1584; x_wconf 78' lang='lat' dir='ltr'><strong>substantia&#39;Filii</strong></span> <span class='ocrx_word' id='word_1_101' title='bbox 1916 1532 2051 1587; x_wconf 87' lang='lat' dir='ltr'><strong>nihil</strong></span> 
     </span>
    </p>
   </div>
   <div class='ocr_carea' id='block_1_18' title="bbox 480 1615 2051 1681">
    <p class='ocr_par' dir='ltr' id='par_1_18' title="bbox 480 1615 2051 1681">
     <span class='ocr_line' id='line_1_18' title="bbox 480 1615 2051 1681; baseline 0.011 -18"><span class='ocrx_word' id='word_1_102' title='bbox 480 1624 706 1680; x_wconf 86' lang='lat' dir='ltr'><strong>prorsus</strong></span> <span class='ocrx_word' id='word_1_103' title='bbox 758 1615 1001 1669; x_wconf 89' lang='lat' dir='ltr'><strong>variata</strong></span> <span class='ocrx_word' id='word_1_104' title='bbox 1056 1618 1366 1673; x_wconf 79' lang='lat' dir='ltr'><strong>substantia</strong></span> <span class='ocrx_word' id='word_1_105' title='bbox 1413 1619 1611 1678; x_wconf 83' lang='lat' dir='ltr'><strong>Patris.</strong></span> <span class='ocrx_word' id='word_1_106' title='bbox 1669 1620 1823 1679; x_wconf 82' lang='lat' dir='ltr'><strong>Orth.</strong></span> <span class='ocrx_word' id='word_1_107' title='bbox 1878 1621 2051 1681; x_wconf 90' lang='lat' dir='ltr'><strong>Filius</strong></span> 
     </span>
    </p>
   </div>
   <div class='ocr_carea' id='block_1_19' title="bbox 480 1701 2051 1783">
    <p class='ocr_par' dir='ltr' id='par_1_19' title="bbox 480 1701 2051 1783">
     <span class='ocr_line' id='line_1_19' title="bbox 480 1701 2051 1783; baseline 0.01 -31"><span class='ocrx_word' id='word_1_108' title='bbox 480 1715 632 1769; x_wconf 83' lang='lat' dir='ltr'><strong>ergo,</strong></span> <span class='ocrx_word' id='word_1_109' title='bbox 667 1701 893 1771; x_wconf 90' lang='lat' dir='ltr'><strong>perinde</strong></span> <span class='ocrx_word' id='word_1_110' title='bbox 927 1711 983 1758; x_wconf 91' lang='lat' dir='ltr'><strong>ut</strong></span> <span class='ocrx_word' id='word_1_111' title='bbox 1015 1702 1197 1770; x_wconf 89' lang='lat' dir='ltr'><strong>Pater,</strong></span> <span class='ocrx_word' id='word_1_112' title='bbox 1246 1707 1398 1763; x_wconf 84' lang='lat' dir='ltr'><strong>solus</strong></span> <span class='ocrx_word' id='word_1_113' title='bbox 1430 1706 1572 1764; x_wconf 88' lang='lat' dir='ltr'><strong>Deus</strong></span> <span class='ocrx_word' id='word_1_114' title='bbox 1605 1708 1808 1764; x_wconf 86' lang='lat' dir='ltr'><strong>dicitur</strong></span> <span class='ocrx_word' id='word_1_115' title='bbox 1828 1721 2051 1783; x_wconf 77' lang='lat' dir='ltr'><strong>propter</strong></span> 
     </span>
    </p>
   </div>
   <div class='ocr_carea' id='block_1_20' title="bbox 2159 535 3742 614">
    <p class='ocr_par' dir='ltr' id='par_1_20' title="bbox 2159 535 3742 614">
     <span class='ocr_line' id='line_1_20' title="bbox 2159 535 3742 614; baseline 0.008 -26"><span class='ocrx_word' id='word_1_116' title='bbox 2159 535 2252 588; x_wconf 79' lang='grc' dir='ltr'><strong>καὶ</strong></span> <span class='ocrx_word' id='word_1_117' title='bbox 2286 537 2334 589; x_wconf 79' lang='grc' dir='ltr'>οἱ</span> <span class='ocrx_word' id='word_1_118' title='bbox 2365 536 2604 605; x_wconf 82' lang='grc' dir='ltr'>ἄγγελοι,</span> <span class='ocrx_word' id='word_1_119' title='bbox 2651 539 2746 593; x_wconf 76' lang='grc' dir='ltr'><strong>καὶ</strong></span> <span class='ocrx_word' id='word_1_120' title='bbox 2780 540 2965 612; x_wconf 81' lang='grc' dir='ltr'>ἀρχαὶ,</span> <span class='ocrx_word' id='word_1_121' title='bbox 2995 541 3090 594; x_wconf 78' lang='grc' dir='ltr'><strong>καὶ</strong></span> <span class='ocrx_word' id='word_1_122' title='bbox 3137 539 3393 606; x_wconf 78' lang='grc' dir='ltr'>ἐξουσίαι,</span> <span class='ocrx_word' id='word_1_123' title='bbox 3436 543 3621 614; x_wconf 83' lang='grc' dir='ltr'>Θρόνοι</span> <span class='ocrx_word' id='word_1_124' title='bbox 3649 547 3742 600; x_wconf 68' lang='lat' dir='ltr'><strong>aui</strong></span> 
     </span>
    </p>
   </div>
   <div class='ocr_carea' id='block_1_21' title="bbox 2158 627 3740 705">
    <p class='ocr_par' dir='ltr' id='par_1_21' title="bbox 2158 627 3740 705">
     <span class='ocr_line' id='line_1_21' title="bbox 2158 627 3740 705; baseline 0.006 -25"><span class='ocrx_word' id='word_1_125' title='bbox 2158 627 2506 699; x_wconf 82' lang='grc' dir='ltr'>κυριότητες;</span> <span class='ocrx_word' id='word_1_126' title='bbox 2528 630 2751 684; x_wconf 85' lang='grc' dir='ltr'>Μακεδ.</span> <span class='ocrx_word' id='word_1_127' title='bbox 2777 632 2903 687; x_wconf 83' lang='grc' dir='ltr'>Ναί.</span> <span class='ocrx_word' id='word_1_128' title='bbox 2930 636 3085 701; x_wconf 83' lang='grc' dir='ltr'>Ὀρθ.</span> <span class='ocrx_word' id='word_1_129' title='bbox 3114 633 3236 698; x_wconf 86' lang='grc' dir='ltr'><strong>Πῶς</strong></span> <span class='ocrx_word' id='word_1_130' title='bbox 3259 629 3348 687; x_wconf 83' lang='grc' dir='ltr'>οὖν</span> <span class='ocrx_word' id='word_1_131' title='bbox 3367 634 3537 705; x_wconf 79' lang='grc' dir='ltr'>μόνος</span> <span class='ocrx_word' id='word_1_132' title='bbox 3560 638 3591 689; x_wconf 99' lang='lat'><strong>6</strong></span> <span class='ocrx_word' id='word_1_133' title='bbox 3611 636 3740 701; x_wconf 73' lang='lat' dir='ltr'><strong>Gai;</strong></span> 
     </span>
    </p>
   </div>
   <div class='ocr_carea' id='block_1_22' title="bbox 2156 719 3740 793">
    <p class='ocr_par' dir='ltr' id='par_1_22' title="bbox 2156 719 3740 793">
     <span class='ocr_line' id='line_1_22' title="bbox 2156 719 3740 793; baseline 0.007 -22"><span class='ocrx_word' id='word_1_134' title='bbox 2156 719 2266 790; x_wconf 82' lang='grc' dir='ltr'>ἔχει</span> <span class='ocrx_word' id='word_1_135' title='bbox 2301 721 2397 792; x_wconf 79' lang='grc' dir='ltr'>τὴν</span> <span class='ocrx_word' id='word_1_136' title='bbox 2425 722 2757 789; x_wconf 75' lang='grc' dir='ltr'>ἀθανασίαν;</span> <span class='ocrx_word' id='word_1_137' title='bbox 2790 724 3013 780; x_wconf 82' lang='grc' dir='ltr'>Μακεδ.</span> <span class='ocrx_word' id='word_1_138' title='bbox 3053 727 3174 780; x_wconf 80' lang='grc' dir='ltr'><strong>Ὅτι</strong></span> <span class='ocrx_word' id='word_1_139' title='bbox 3203 729 3231 780; x_wconf 97' lang='lat'><strong>6</strong></span> <span class='ocrx_word' id='word_1_140' title='bbox 3254 727 3386 791; x_wconf 80' lang='grc' dir='ltr'><strong>Θεὸς</strong></span> <span class='ocrx_word' id='word_1_141' title='bbox 3408 730 3577 793; x_wconf 82' lang='grc' dir='ltr'>αὐτός</span> <span class='ocrx_word' id='word_1_142' title='bbox 3596 731 3740 784; x_wconf 76' lang='grc' dir='ltr'>ἐστιν</span> 
     </span>
    </p>
   </div>
   <div class='ocr_carea' id='block_1_23' title="bbox 2156 811 3740 890">
    <p class='ocr_par' dir='ltr' id='par_1_23' title="bbox 2156 811 3740 890">
     <span class='ocr_line' id='line_1_23' title="bbox 2156 811 3740 890; baseline 0.006 -26"><span class='ocrx_word' id='word_1_143' title='bbox 2156 811 2519 883; x_wconf 73' lang='grc' dir='ltr'>ήάθανασίαο</span> <span class='ocrx_word' id='word_1_144' title='bbox 2547 816 2596 868; x_wconf 79' lang='grc' dir='ltr'>οἱ</span> <span class='ocrx_word' id='word_1_145' title='bbox 2639 815 2695 868; x_wconf 85' lang='grc' dir='ltr'><strong>δὲ</strong></span> <span class='ocrx_word' id='word_1_146' title='bbox 2728 817 2949 886; x_wconf 79' lang='grc' dir='ltr'>ἄγγελοι</span> <span class='ocrx_word' id='word_1_147' title='bbox 3004 822 3203 890; x_wconf 82' lang='grc' dir='ltr'>μετοχῇ</span> <span class='ocrx_word' id='word_1_148' title='bbox 3250 822 3389 872; x_wconf 78' lang='grc' dir='ltr'>εἰσιν</span> <span class='ocrx_word' id='word_1_149' title='bbox 3438 820 3740 884; x_wconf 78' lang='grc' dir='ltr'>ἀθανασῖας</span> 
     </span>
    </p>
   </div>
   <div class='ocr_carea' id='block_1_24' title="bbox 2154 903 3741 985">
    <p class='ocr_par' dir='ltr' id='par_1_24' title="bbox 2154 903 3741 985">
     <span class='ocr_line' id='line_1_24' title="bbox 2154 903 3741 985; baseline 0.007 -29"><span class='ocrx_word' id='word_1_150' title='bbox 2154 903 2431 969; x_wconf 81' lang='grc' dir='ltr'>ἀθάνατοι,</span> <span class='ocrx_word' id='word_1_151' title='bbox 2471 907 2564 959; x_wconf 80' lang='grc' dir='ltr'><strong>καὶ</strong></span> <span class='ocrx_word' id='word_1_152' title='bbox 2601 909 2649 960; x_wconf 75' lang='grc' dir='ltr'>οἱ</span> <span class='ocrx_word' id='word_1_153' title='bbox 2678 908 3028 979; x_wconf 80' lang='grc' dir='ltr'>ἁρχάγγελοι,</span> <span class='ocrx_word' id='word_1_154' title='bbox 3063 913 3158 964; x_wconf 72' lang='grc' dir='ltr'><strong>καὶ</strong></span> <span class='ocrx_word' id='word_1_155' title='bbox 3192 911 3369 965; x_wconf 84' lang='grc' dir='ltr'>πάντα</span> <span class='ocrx_word' id='word_1_156' title='bbox 3402 912 3472 965; x_wconf 79' lang='grc' dir='ltr'>τὰ</span> <span class='ocrx_word' id='word_1_157' title='bbox 3505 915 3741 985; x_wconf 77' lang='grc' dir='ltr'>ἐπουρά-</span> 
     </span>
    </p>
   </div>
   <div class='ocr_carea' id='block_1_25' title="bbox 2154 994 3739 1073">
    <p class='ocr_par' dir='ltr' id='par_1_25' title="bbox 2154 994 3739 1073">
     <span class='ocr_line' id='line_1_25' title="bbox 2154 994 3739 1073; baseline 0.008 -29"><span class='ocrx_word' id='word_1_158' title='bbox 2154 1007 2262 1045; x_wconf 90' lang='grc' dir='ltr'>νια.</span> <span class='ocrx_word' id='word_1_159' title='bbox 2289 994 2445 1062; x_wconf 86' lang='grc' dir='ltr'>Ὀρθ.</span> <span class='ocrx_word' id='word_1_160' title='bbox 2467 995 2576 1049; x_wconf 75' lang='grc' dir='ltr'><strong>Καὶ</strong></span> <span class='ocrx_word' id='word_1_161' title='bbox 2596 997 2625 1048; x_wconf 85' lang='lat'><strong>6</strong></span> <span class='ocrx_word' id='word_1_162' title='bbox 2648 997 2774 1062; x_wconf 85' lang='grc' dir='ltr'>Υἱὸς</span> <span class='ocrx_word' id='word_1_163' title='bbox 2800 998 2894 1052; x_wconf 91' lang='grc' dir='ltr'><strong>τοῦ</strong></span> <span class='ocrx_word' id='word_1_164' title='bbox 2925 999 3060 1052; x_wconf 88' lang='grc' dir='ltr'>Θεοῦ</span> <span class='ocrx_word' id='word_1_165' title='bbox 3094 1000 3209 1071; x_wconf 81' lang='grc' dir='ltr'>ἔχει</span> <span class='ocrx_word' id='word_1_166' title='bbox 3232 1000 3559 1064; x_wconf 77' lang='grc' dir='ltr'><strong>ἀθανασίαν,</strong></span> <span class='ocrx_word' id='word_1_167' title='bbox 3594 1004 3739 1073; x_wconf 74' lang='grc' dir='ltr'><strong>ἧοῦ;</strong></span> 
     </span>
    </p>
   </div>
   <div class='ocr_carea' id='block_1_26' title="bbox 2152 1085 3739 1166">
    <p class='ocr_par' dir='ltr' id='par_1_26' title="bbox 2152 1085 3739 1166">
     <span class='ocr_line' id='line_1_26' title="bbox 2152 1085 3739 1166; baseline 0.005 -29"><span class='ocrx_word' id='word_1_168' title='bbox 2152 1085 2376 1139; x_wconf 81' lang='grc' dir='ltr'>Μακεδ.</span> <span class='ocrx_word' id='word_1_169' title='bbox 2414 1088 2522 1141; x_wconf 78' lang='grc' dir='ltr'><strong>Καὶ</strong></span> <span class='ocrx_word' id='word_1_170' title='bbox 2554 1088 2716 1143; x_wconf 79' lang='grc' dir='ltr'>πάνυ.</span> <span class='ocrx_word' id='word_1_171' title='bbox 2755 1091 2909 1159; x_wconf 82' lang='grc' dir='ltr'>Ὀρθ.</span> <span class='ocrx_word' id='word_1_172' title='bbox 2957 1091 3145 1155; x_wconf 78' lang='grc' dir='ltr'>Οὕτως</span> <span class='ocrx_word' id='word_1_173' title='bbox 3183 1093 3258 1157; x_wconf 83' lang='grc' dir='ltr'>ὡς</span> <span class='ocrx_word' id='word_1_174' title='bbox 3290 1095 3318 1147; x_wconf 92' lang='lat'><strong>6</strong></span> <span class='ocrx_word' id='word_1_175' title='bbox 3358 1095 3581 1165; x_wconf 72' lang='grc' dir='ltr'>Πατὴρ,</span> <span class='ocrx_word' id='word_1_176' title='bbox 3607 1096 3639 1166; x_wconf 75' lang='grc' dir='ltr'>ἦ</span> <span class='ocrx_word' id='word_1_177' title='bbox 3667 1094 3739 1158; x_wconf 74' lang='grc' dir='ltr'>ὡς</span> 
     </span>
    </p>
   </div>
   <div class='ocr_carea' id='block_1_27' title="bbox 2151 1175 3739 1257">
    <p class='ocr_par' dir='ltr' id='par_1_27' title="bbox 2151 1175 3739 1257">
     <span class='ocr_line' id='line_1_27' title="bbox 2151 1175 3739 1257; baseline 0.006 -30"><span class='ocrx_word' id='word_1_178' title='bbox 2151 1175 2219 1229; x_wconf 84' lang='grc' dir='ltr'>τὰ</span> <span class='ocrx_word' id='word_1_179' title='bbox 2251 1176 2582 1248; x_wconf 85' lang='grc' dir='ltr'>ὲπουράνια;</span> <span class='ocrx_word' id='word_1_180' title='bbox 2615 1181 2840 1235; x_wconf 60' lang='lat' dir='ltr'><strong>Mazaca.</strong></span> <span class='ocrx_word' id='word_1_181' title='bbox 2897 1183 2983 1247; x_wconf 78' lang='grc' dir='ltr'>Ὧς</span> <span class='ocrx_word' id='word_1_182' title='bbox 3013 1186 3040 1238; x_wconf 92' lang='lat'><strong>6</strong></span> <span class='ocrx_word' id='word_1_183' title='bbox 3064 1186 3276 1257; x_wconf 79' lang='grc' dir='ltr'>Πατήρ.</span> <span class='ocrx_word' id='word_1_184' title='bbox 3302 1187 3458 1254; x_wconf 81' lang='grc' dir='ltr'>Ὀρθ.</span> <span class='ocrx_word' id='word_1_185' title='bbox 3492 1187 3625 1251; x_wconf 80' lang='grc' dir='ltr'>Πῶς</span> <span class='ocrx_word' id='word_1_186' title='bbox 3647 1184 3739 1242; x_wconf 73' lang='grc' dir='ltr'>οὖν</span> 
     </span>
    </p>
   </div>
   <div class='ocr_carea' id='block_1_28' title="bbox 2155 1267 3745 1345">
    <p class='ocr_par' dir='ltr' id='par_1_28' title="bbox 2155 1267 3745 1345">
     <span class='ocr_line' id='line_1_28' title="bbox 2155 1267 3745 1345; baseline 0.008 -25"><span class='ocrx_word' id='word_1_187' title='bbox 2155 1267 2315 1339; x_wconf 82' lang='grc' dir='ltr'><strong>μόνος</strong></span> <span class='ocrx_word' id='word_1_188' title='bbox 2343 1271 2369 1320; x_wconf 93' lang='lat'><strong>6</strong></span> <span class='ocrx_word' id='word_1_189' title='bbox 2400 1270 2587 1343; x_wconf 85' lang='grc' dir='ltr'>Πατὴρ</span> <span class='ocrx_word' id='word_1_190' title='bbox 2627 1271 2739 1342; x_wconf 75' lang='grc' dir='ltr'>ἔχει</span> <span class='ocrx_word' id='word_1_191' title='bbox 2779 1273 2875 1345; x_wconf 81' lang='grc' dir='ltr'>τὴν</span> <span class='ocrx_word' id='word_1_192' title='bbox 2899 1274 3222 1342; x_wconf 76' lang='grc' dir='ltr'>ἀθανασίανς</span> <span class='ocrx_word' id='word_1_193' title='bbox 3245 1277 3469 1331; x_wconf 81' lang='grc' dir='ltr'>Μακεδ.</span> <span class='ocrx_word' id='word_1_194' title='bbox 3505 1279 3635 1333; x_wconf 78' lang='grc' dir='ltr'><strong>Ὅτι</strong></span> <span class='ocrx_word' id='word_1_195' title='bbox 3686 1282 3745 1332; x_wconf 84' lang='grc' dir='ltr'><strong>ἀ-</strong></span> 
     </span>
    </p>
   </div>
   <div class='ocr_carea' id='block_1_29' title="bbox 2151 1360 3739 1441">
    <p class='ocr_par' dir='ltr' id='par_1_29' title="bbox 2151 1360 3739 1441">
     <span class='ocr_line' id='line_1_29' title="bbox 2151 1360 3739 1441; baseline 0.009 -29"><span class='ocrx_word' id='word_1_196' title='bbox 2151 1360 2529 1431; x_wconf 84' lang='grc' dir='ltr'>παράλλακτός</span> <span class='ocrx_word' id='word_1_197' title='bbox 2551 1365 2665 1417; x_wconf 83' lang='grc' dir='ltr'>ἐστι</span> <span class='ocrx_word' id='word_1_198' title='bbox 2696 1367 2818 1417; x_wconf 85' lang='grc' dir='ltr'>κατ’</span> <span class='ocrx_word' id='word_1_199' title='bbox 2851 1367 3037 1421; x_wconf 77' lang='grc' dir='ltr'>οὐσίαν</span> <span class='ocrx_word' id='word_1_200' title='bbox 3068 1369 3097 1420; x_wconf 86' lang='grc' dir='ltr'>ὁ</span> <span class='ocrx_word' id='word_1_201' title='bbox 3120 1367 3246 1431; x_wconf 80' lang='grc' dir='ltr'>Υἱὸς</span> <span class='ocrx_word' id='word_1_202' title='bbox 3264 1369 3341 1440; x_wconf 79' lang='grc' dir='ltr'><strong>τῷ</strong></span> <span class='ocrx_word' id='word_1_203' title='bbox 3357 1371 3562 1441; x_wconf 82' lang='grc' dir='ltr'>Πατρί.</span> <span class='ocrx_word' id='word_1_204' title='bbox 3581 1373 3739 1439; x_wconf 72' lang='grc' dir='ltr'>Ὀρθ.</span> 
     </span>
    </p>
   </div>
   <div class='ocr_carea' id='block_1_30' title="bbox 2151 1449 3744 1531">
    <p class='ocr_par' dir='ltr' id='par_1_30' title="bbox 2151 1449 3744 1531">
     <span class='ocr_line' id='line_1_30' title="bbox 2151 1449 3744 1531; baseline 0.006 -26"><span class='ocrx_word' id='word_1_205' title='bbox 2151 1452 2328 1516; x_wconf 88' lang='grc' dir='ltr'>Μόνος</span> <span class='ocrx_word' id='word_1_206' title='bbox 2349 1449 2440 1505; x_wconf 79' lang='grc' dir='ltr'><strong>οὖν</strong></span> <span class='ocrx_word' id='word_1_207' title='bbox 2466 1453 2597 1518; x_wconf 84' lang='grc' dir='ltr'>Θεὸς</span> <span class='ocrx_word' id='word_1_208' title='bbox 2626 1457 2653 1508; x_wconf 90' lang='lat'><strong>6</strong></span> <span class='ocrx_word' id='word_1_209' title='bbox 2682 1456 2832 1521; x_wconf 83' lang='grc' dir='ltr'>Υἱὸς,</span> <span class='ocrx_word' id='word_1_210' title='bbox 2858 1458 2936 1520; x_wconf 82' lang='grc' dir='ltr'>ὡς</span> <span class='ocrx_word' id='word_1_211' title='bbox 2971 1459 3064 1511; x_wconf 79' lang='grc' dir='ltr'><strong>καὶ</strong></span> <span class='ocrx_word' id='word_1_212' title='bbox 3105 1461 3133 1512; x_wconf 88' lang='lat'><strong>6</strong></span> <span class='ocrx_word' id='word_1_213' title='bbox 3157 1459 3364 1531; x_wconf 83' lang='grc' dir='ltr'>Πατὴρ,</span> <span class='ocrx_word' id='word_1_214' title='bbox 3401 1460 3624 1529; x_wconf 75' lang='grc' dir='ltr'>λέγεται</span> <span class='ocrx_word' id='word_1_215' title='bbox 3654 1463 3744 1515; x_wconf 74' lang='grc' dir='ltr'>διὰ</span> 
     </span>
    </p>
   </div>
   <div class='ocr_carea' id='block_1_31' title="bbox 2147 1543 3742 1624">
    <p class='ocr_par' dir='ltr' id='par_1_31' title="bbox 2147 1543 3742 1624">
     <span class='ocr_line' id='line_1_31' title="bbox 2147 1543 3742 1624; baseline 0.006 -27"><span class='ocrx_word' id='word_1_216' title='bbox 2147 1543 2211 1597; x_wconf 81' lang='grc' dir='ltr'>τὸ</span> <span class='ocrx_word' id='word_1_217' title='bbox 2241 1546 2655 1617; x_wconf 82' lang='grc' dir='ltr'><strong>ἀπαράλλακτον</strong></span> <span class='ocrx_word' id='word_1_218' title='bbox 2705 1549 2804 1618; x_wconf 79' lang='grc' dir='ltr'>τῆς</span> <span class='ocrx_word' id='word_1_219' title='bbox 2835 1551 3057 1616; x_wconf 77' lang='grc' dir='ltr'>οὐσίας;</span> <span class='ocrx_word' id='word_1_220' title='bbox 3109 1553 3328 1606; x_wconf 82' lang='grc' dir='ltr'>Μακεδ.</span> <span class='ocrx_word' id='word_1_221' title='bbox 3359 1552 3554 1618; x_wconf 78' lang='grc' dir='ltr'>Οὕτως</span> <span class='ocrx_word' id='word_1_222' title='bbox 3596 1555 3742 1624; x_wconf 76' lang='grc' dir='ltr'>ἔχειν</span> 
     </span>
    </p>
   </div>
   <div class='ocr_carea' id='block_1_32' title="bbox 2148 1636 3739 1714">
    <p class='ocr_par' dir='ltr' id='par_1_32' title="bbox 2148 1636 3739 1714">
     <span class='ocr_line' id='line_1_32' title="bbox 2148 1636 3739 1714; baseline 0.007 -25"><span class='ocrx_word' id='word_1_223' title='bbox 2148 1636 2247 1707; x_wconf 76' lang='grc' dir='ltr'>τὴν</span> <span class='ocrx_word' id='word_1_224' title='bbox 2269 1636 2564 1690; x_wconf 78' lang='grc' dir='ltr'>ἀθανασίαν</span> <span class='ocrx_word' id='word_1_225' title='bbox 2590 1638 2681 1694; x_wconf 84' lang='grc' dir='ltr'>τὸν</span> <span class='ocrx_word' id='word_1_226' title='bbox 2710 1639 2837 1694; x_wconf 88' lang='grc' dir='ltr'><strong>Υἰὸν</strong></span> <span class='ocrx_word' id='word_1_227' title='bbox 2866 1642 3069 1712; x_wconf 77' lang='grc' dir='ltr'>ὁμοίως</span> <span class='ocrx_word' id='word_1_228' title='bbox 3092 1643 3168 1713; x_wconf 82' lang='grc' dir='ltr'>τῷ</span> <span class='ocrx_word' id='word_1_229' title='bbox 3195 1645 3367 1714; x_wconf 76' lang='grc' dir='ltr'>Πατρὶ</span> <span class='ocrx_word' id='word_1_230' title='bbox 3387 1644 3556 1712; x_wconf 81' lang='grc' dir='ltr'>λέγω.</span> <span class='ocrx_word' id='word_1_231' title='bbox 3577 1647 3739 1713; x_wconf 83' lang='grc' dir='ltr'>Ὀρθ.</span> 
     </span>
    </p>
   </div>
   <div class='ocr_carea' id='block_1_33' title="bbox 2154 1725 3740 1805">
    <p class='ocr_par' dir='ltr' id='par_1_33' title="bbox 2154 1725 3740 1805">
     <span class='ocr_line' id='line_1_33' title="bbox 2154 1725 3740 1805; baseline 0.007 -29"><span class='ocrx_word' id='word_1_232' title='bbox 2154 1725 2307 1794; x_wconf 84' lang='grc' dir='ltr'>Ἔχει</span> <span class='ocrx_word' id='word_1_233' title='bbox 2332 1743 2391 1778; x_wconf 87' lang='grc' dir='ltr'>τε</span> <span class='ocrx_word' id='word_1_234' title='bbox 2422 1729 2512 1780; x_wconf 75' lang='grc' dir='ltr'><strong>καὶ</strong></span> <span class='ocrx_word' id='word_1_235' title='bbox 2536 1729 2596 1781; x_wconf 85' lang='grc' dir='ltr'>τὸ</span> <span class='ocrx_word' id='word_1_236' title='bbox 2628 1730 2848 1801; x_wconf 85' lang='grc' dir='ltr'>Πνεῦμα</span> <span class='ocrx_word' id='word_1_237' title='bbox 2880 1731 2941 1783; x_wconf 86' lang='grc' dir='ltr'>τὺ</span> <span class='ocrx_word' id='word_1_238' title='bbox 2969 1732 3123 1799; x_wconf 72' lang='grc' dir='ltr'>ἅγιον</span> <span class='ocrx_word' id='word_1_239' title='bbox 3154 1735 3247 1786; x_wconf 72' lang='grc' dir='ltr'><strong>καὶ</strong></span> <span class='ocrx_word' id='word_1_240' title='bbox 3270 1733 3367 1805; x_wconf 81' lang='grc' dir='ltr'>τὴν</span> <span class='ocrx_word' id='word_1_241' title='bbox 3395 1734 3740 1800; x_wconf 74' lang='grc' dir='ltr'>ἀθανασίανς</span> 
     </span>
    </p>
   </div>
   <div class='ocr_carea' id='block_1_34' title="bbox 478 1789 2042 1897">
    <p class='ocr_par' dir='ltr' id='par_1_34' title="bbox 478 1789 2042 1860">
     <span class='ocr_line' id='line_1_34' title="bbox 478 1789 2042 1860; baseline 0.009 -15"><span class='ocrx_word' id='word_1_242' title='bbox 478 1789 801 1846; x_wconf 82' lang='lat' dir='ltr'><strong>invarlatam</strong></span> <span class='ocrx_word' id='word_1_243' title='bbox 850 1795 1235 1852; x_wconf 86' lang='lat' dir='ltr'><strong>substantiam.</strong></span> <span class='ocrx_word' id='word_1_244' title='bbox 1270 1794 1479 1854; x_wconf 72' lang='lat' dir='ltr'><strong>Heced.</strong></span> <span class='ocrx_word' id='word_1_245' title='bbox 1508 1799 1709 1856; x_wconf 88' lang='lat' dir='ltr'><strong>Eodem</strong></span> <span class='ocrx_word' id='word_1_246' title='bbox 1753 1803 1914 1860; x_wconf 87' lang='lat' dir='ltr'><strong>modo</strong></span> <span class='ocrx_word' id='word_1_247' title='bbox 1954 1803 2042 1859; x_wconf 88' lang='lat' dir='ltr'><strong>Fi-</strong></span> 
     </span>
    </p>
   </div>
   <div class='ocr_carea' id='block_1_35' title="bbox 2150 1789 3741 1897">
    <p class='ocr_par' dir='ltr' id='par_1_35' title="bbox 2150 1789 3741 1897">
     <span class='ocr_line' id='line_1_35' title="bbox 2150 1789 3741 1897; baseline 0.005 -26"><span class='ocrx_word' id='word_1_248' title='bbox 2150 1789 2367 1871; x_wconf 54' lang='lat' dir='ltr'><strong>Moticea.</strong></span> <span class='ocrx_word' id='word_1_249' title='bbox 2403 1820 2575 1891; x_wconf 83' lang='grc' dir='ltr'>Ἔχει.</span> <span class='ocrx_word' id='word_1_250' title='bbox 2610 1789 2786 1889; x_wconf 27' lang='grc' dir='ltr'><strong>Ὄρθί</strong></span> <span class='ocrx_word' id='word_1_251' title='bbox 2809 1822 2996 1887; x_wconf 84' lang='grc' dir='ltr'><strong>υῦτως</strong></span> <span class='ocrx_word' id='word_1_252' title='bbox 3018 1789 3134 1895; x_wconf 47' lang='grc' dir='ltr'>ἔχει</span> <span class='ocrx_word' id='word_1_253' title='bbox 3174 1826 3247 1890; x_wconf 87' lang='grc' dir='ltr'>ὼς</span> <span class='ocrx_word' id='word_1_254' title='bbox 3289 1789 3547 1897; x_wconf 52' lang='grc' dir='ltr'>ὁΙΠατὴρ</span> <span class='ocrx_word' id='word_1_255' title='bbox 3584 1789 3741 1879; x_wconf 58' lang='grc' dir='ltr'>καλό</span> 
     </span>
    </p>
   </div>
   <div class='ocr_carea' id='block_1_36' title="bbox 477 1880 2039 1954">
    <p class='ocr_par' dir='ltr' id='par_1_36' title="bbox 477 1880 2039 1954">
     <span class='ocr_line' id='line_1_36' title="bbox 477 1880 2039 1954; baseline 0.012 -18"><span class='ocrx_word' id='word_1_256' title='bbox 477 1880 608 1938; x_wconf 93' lang='lat' dir='ltr'><strong>lium</strong></span> <span class='ocrx_word' id='word_1_257' title='bbox 650 1893 703 1939; x_wconf 89' lang='lat' dir='ltr'><strong>et</strong></span> <span class='ocrx_word' id='word_1_258' title='bbox 730 1884 947 1941; x_wconf 87' lang='lat' dir='ltr'><strong>Patrem</strong></span> <span class='ocrx_word' id='word_1_259' title='bbox 980 1887 1445 1947; x_wconf 87' lang='lat' dir='ltr'><strong>immortalitatem</strong></span> <span class='ocrx_word' id='word_1_260' title='bbox 1470 1892 1674 1950; x_wconf 87' lang='lat' dir='ltr'><strong>habere</strong></span> <span class='ocrx_word' id='word_1_261' title='bbox 1696 1894 1841 1951; x_wconf 90' lang='lat' dir='ltr'><strong>dico.</strong></span> <span class='ocrx_word' id='word_1_262' title='bbox 1886 1897 2039 1954; x_wconf 77' lang='lat' dir='ltr'><strong>Orth.</strong></span> 
     </span>
    </p>
   </div>
   <div class='ocr_carea' id='block_1_37' title="bbox 474 1971 2045 2050">
    <p class='ocr_par' dir='ltr' id='par_1_37' title="bbox 474 1971 2045 2050">
     <span class='ocr_line' id='line_1_37' title="bbox 474 1971 2045 2050; baseline 0.012 -24"><span class='ocrx_word' id='word_1_263' title='bbox 474 1971 718 2031; x_wconf 82' lang='lat' dir='ltr'><strong>Habetne</strong></span> <span class='ocrx_word' id='word_1_264' title='bbox 748 1993 876 2032; x_wconf 82' lang='lat' dir='ltr'><strong>vero</strong></span> <span class='ocrx_word' id='word_1_265' title='bbox 908 1986 962 2033; x_wconf 90' lang='lat' dir='ltr'><strong>et</strong></span> <span class='ocrx_word' id='word_1_266' title='bbox 994 1978 1231 2050; x_wconf 88' lang='lat' dir='ltr'><strong>Spiritus</strong></span> <span class='ocrx_word' id='word_1_267' title='bbox 1277 1992 1502 2041; x_wconf 88' lang='lat' dir='ltr'><strong>sanctus</strong></span> <span class='ocrx_word' id='word_1_268' title='bbox 1543 1986 2045 2046; x_wconf 81' lang='lat' dir='ltr'><strong>immortalitatem?</strong></span> 
     </span>
    </p>
   </div>
   <div class='ocr_carea' id='block_1_38' title="bbox 474 2062 2045 2143">
    <p class='ocr_par' dir='ltr' id='par_1_38' title="bbox 474 2062 2045 2143">
     <span class='ocr_line' id='line_1_38' title="bbox 474 2062 2045 2143; baseline 0.011 -24"><span class='ocrx_word' id='word_1_269' title='bbox 474 2062 682 2122; x_wconf 76' lang='lat' dir='ltr'><strong>Maced.</strong></span> <span class='ocrx_word' id='word_1_270' title='bbox 716 2067 905 2125; x_wconf 84' lang='lat' dir='ltr'><strong>liabet.</strong></span> <span class='ocrx_word' id='word_1_271' title='bbox 941 2070 1092 2127; x_wconf 73' lang='lat' dir='ltr'><strong>Orth.</strong></span> <span class='ocrx_word' id='word_1_272' title='bbox 1130 2070 1347 2129; x_wconf 90' lang='lat' dir='ltr'><strong>Siccine</strong></span> <span class='ocrx_word' id='word_1_273' title='bbox 1376 2075 1557 2143; x_wconf 84' lang='lat' dir='ltr'><strong>habet,</strong></span> <span class='ocrx_word' id='word_1_274' title='bbox 1595 2088 1651 2132; x_wconf 92' lang='lat' dir='ltr'><strong>ut</strong></span> <span class='ocrx_word' id='word_1_275' title='bbox 1682 2077 1843 2135; x_wconf 85' lang='lat' dir='ltr'><strong>Pater</strong></span> <span class='ocrx_word' id='word_1_276' title='bbox 1876 2090 1928 2136; x_wconf 88' lang='lat' dir='ltr'><strong>et</strong></span> <span class='ocrx_word' id='word_1_277' title='bbox 1954 2081 2045 2136; x_wconf 85' lang='lat' dir='ltr'><strong>Fi-</strong></span> 
     </span>
    </p>
   </div>
   <div class='ocr_carea' id='block_1_39' title="bbox 472 2153 2043 2239">
    <p class='ocr_par' dir='ltr' id='par_1_39' title="bbox 472 2153 2043 2239">
     <span class='ocr_line' id='line_1_39' title="bbox 472 2153 2043 2239; baseline 0.011 -31"><span class='ocrx_word' id='word_1_278' title='bbox 472 2153 600 2218; x_wconf 87' lang='lat' dir='ltr'><strong>lius,</strong></span> <span class='ocrx_word' id='word_1_279' title='bbox 629 2171 696 2210; x_wconf 86' lang='lat' dir='ltr'><strong>an</strong></span> <span class='ocrx_word' id='word_1_280' title='bbox 727 2164 786 2211; x_wconf 93' lang='lat' dir='ltr'><strong>ut</strong></span> <span class='ocrx_word' id='word_1_281' title='bbox 806 2159 982 2229; x_wconf 90' lang='lat' dir='ltr'><strong>angeli</strong></span> <span class='ocrx_word' id='word_1_282' title='bbox 1014 2169 1067 2214; x_wconf 91' lang='lat' dir='ltr'><strong>et</strong></span> <span class='ocrx_word' id='word_1_283' title='bbox 1108 2163 1449 2233; x_wconf 86' lang='lat' dir='ltr'><strong>principatus</strong></span> <span class='ocrx_word' id='word_1_284' title='bbox 1483 2175 1535 2220; x_wconf 94' lang='lat' dir='ltr'><strong>et</strong></span> <span class='ocrx_word' id='word_1_285' title='bbox 1568 2176 1881 2236; x_wconf 88' lang='lat' dir='ltr'><strong>potestates,</strong></span> <span class='ocrx_word' id='word_1_286' title='bbox 1917 2185 2043 2239; x_wconf 90' lang='lat' dir='ltr'><strong>par-</strong></span> 
     </span>
    </p>
   </div>
   <div class='ocr_carea' id='block_1_40' title="bbox 471 2243 2033 2320">
    <p class='ocr_par' dir='ltr' id='par_1_40' title="bbox 471 2243 2033 2320">
     <span class='ocr_line' id='line_1_40' title="bbox 471 2243 2033 2320; baseline 0.015 -25"><span class='ocrx_word' id='word_1_287' title='bbox 471 2243 786 2314; x_wconf 86' lang='lat' dir='ltr'><strong>ticipatione</strong></span> <span class='ocrx_word' id='word_1_288' title='bbox 830 2255 884 2303; x_wconf 90' lang='lat' dir='ltr'><strong>et</strong></span> <span class='ocrx_word' id='word_1_289' title='bbox 933 2251 1151 2320; x_wconf 87' lang='lat' dir='ltr'><strong>gratia?</strong></span> <span class='ocrx_word' id='word_1_290' title='bbox 1183 2250 1391 2308; x_wconf 72' lang='grc' dir='ltr'>Μαι-σά.</span> <span class='ocrx_word' id='word_1_291' title='bbox 1446 2254 1513 2309; x_wconf 90' lang='lat' dir='ltr'><strong>Ut</strong></span> <span class='ocrx_word' id='word_1_292' title='bbox 1562 2255 1721 2313; x_wconf 89' lang='lat' dir='ltr'><strong>Pater</strong></span> <span class='ocrx_word' id='word_1_293' title='bbox 1747 2267 1801 2314; x_wconf 91' lang='lat' dir='ltr'><strong>et</strong></span> <span class='ocrx_word' id='word_1_294' title='bbox 1843 2258 2033 2319; x_wconf 89' lang='lat' dir='ltr'><strong>Filius.</strong></span> 
     </span>
    </p>
   </div>
   <div class='ocr_carea' id='block_1_41' title="bbox 472 2334 2037 2420">
    <p class='ocr_par' dir='ltr' id='par_1_41' title="bbox 472 2334 2037 2420">
     <span class='ocr_line' id='line_1_41' title="bbox 472 2334 2037 2420; baseline 0.013 -30"><span class='ocrx_word' id='word_1_295' title='bbox 472 2334 622 2391; x_wconf 84' lang='lat' dir='ltr'><strong>Orth.</strong></span> <span class='ocrx_word' id='word_1_296' title='bbox 670 2334 924 2408; x_wconf 64' lang='lat' dir='ltr'><strong>Ejusdem</strong></span> <span class='ocrx_word' id='word_1_297' title='bbox 969 2357 1098 2413; x_wconf 88' lang='lat' dir='ltr'><strong>ergo</strong></span> <span class='ocrx_word' id='word_1_298' title='bbox 1131 2359 1193 2397; x_wconf 90' lang='lat' dir='ltr'><strong>ac</strong></span> <span class='ocrx_word' id='word_1_299' title='bbox 1220 2343 1381 2399; x_wconf 88' lang='lat' dir='ltr'><strong>Pater</strong></span> <span class='ocrx_word' id='word_1_300' title='bbox 1420 2354 1474 2401; x_wconf 90' lang='lat' dir='ltr'><strong>ct</strong></span> <span class='ocrx_word' id='word_1_301' title='bbox 1503 2345 1678 2420; x_wconf 82' lang='lat' dir='ltr'><strong>Filius</strong></span> <span class='ocrx_word' id='word_1_302' title='bbox 1709 2360 1915 2408; x_wconf 66' lang='lat' dir='ltr'><strong>natura:</strong></span> <span class='ocrx_word' id='word_1_303' title='bbox 1953 2365 2037 2411; x_wconf 87' lang='lat' dir='ltr'><strong>est</strong></span> 
     </span>
    </p>
   </div>
   <div class='ocr_carea' id='block_1_42' title="bbox 2151 1907 3739 1989">
    <p class='ocr_par' dir='ltr' id='par_1_42' title="bbox 2151 1907 3739 1989">
     <span class='ocr_line' id='line_1_42' title="bbox 2151 1907 3739 1989; baseline 0.008 -29"><span class='ocrx_word' id='word_1_304' title='bbox 2151 1907 2355 1980; x_wconf 79' lang='grc' dir='ltr'>Υἱὸς,ἢ</span> <span class='ocrx_word' id='word_1_305' title='bbox 2385 1910 2461 1975; x_wconf 85' lang='grc' dir='ltr'>ὡς</span> <span class='ocrx_word' id='word_1_306' title='bbox 2493 1912 2733 1981; x_wconf 69' lang='grc' dir='ltr'>ἄγγελοι,</span> <span class='ocrx_word' id='word_1_307' title='bbox 2760 1917 2853 1969; x_wconf 79' lang='grc' dir='ltr'><strong>καὶ</strong></span> <span class='ocrx_word' id='word_1_308' title='bbox 2882 1916 3068 1987; x_wconf 72' lang='grc' dir='ltr'>ἁρχαὶ,</span> <span class='ocrx_word' id='word_1_309' title='bbox 3105 1917 3198 1972; x_wconf 83' lang='grc' dir='ltr'>καὶ</span> <span class='ocrx_word' id='word_1_310' title='bbox 3231 1916 3492 1983; x_wconf 70' lang='grc' dir='ltr'>ἐξουσίαι,</span> <span class='ocrx_word' id='word_1_311' title='bbox 3530 1921 3739 1989; x_wconf 75' lang='grc' dir='ltr'>μετοχῇ</span> 
     </span>
    </p>
   </div>
   <div class='ocr_carea' id='block_1_43' title="bbox 2150 2000 3740 2081">
    <p class='ocr_par' dir='ltr' id='par_1_43' title="bbox 2150 2000 3740 2081">
     <span class='ocr_line' id='line_1_43' title="bbox 2150 2000 3740 2081; baseline 0.007 -29"><span class='ocrx_word' id='word_1_312' title='bbox 2150 2000 2244 2053; x_wconf 76' lang='grc' dir='ltr'><strong>καὶ</strong></span> <span class='ocrx_word' id='word_1_313' title='bbox 2279 2003 2492 2073; x_wconf 80' lang='grc' dir='ltr'>χάριτι;</span> <span class='ocrx_word' id='word_1_314' title='bbox 2526 2005 2745 2059; x_wconf 84' lang='grc' dir='ltr'>Μακεδ.</span> <span class='ocrx_word' id='word_1_315' title='bbox 2791 2007 2876 2069; x_wconf 88' lang='grc' dir='ltr'><strong>Ὡς</strong></span> <span class='ocrx_word' id='word_1_316' title='bbox 2902 2010 2931 2061; x_wconf 91' lang='lat'><strong>6</strong></span> <span class='ocrx_word' id='word_1_317' title='bbox 2972 2009 3182 2081; x_wconf 83' lang='grc' dir='ltr'>Πατὴρ,</span> <span class='ocrx_word' id='word_1_318' title='bbox 3211 2011 3305 2063; x_wconf 78' lang='grc' dir='ltr'><strong>καὶ</strong></span> <span class='ocrx_word' id='word_1_319' title='bbox 3329 2010 3357 2061; x_wconf 93' lang='lat'><strong>6</strong></span> <span class='ocrx_word' id='word_1_320' title='bbox 3386 2010 3541 2074; x_wconf 79' lang='grc' dir='ltr'>Υἱός.</span> <span class='ocrx_word' id='word_1_321' title='bbox 3573 2011 3740 2078; x_wconf 80' lang='grc' dir='ltr'>Ὀρθ.</span> 
     </span>
    </p>
   </div>
   <div class='ocr_carea' id='block_1_44' title="bbox 2149 2088 3742 2169">
    <p class='ocr_par' dir='ltr' id='par_1_44' title="bbox 2149 2088 3742 2169">
     <span class='ocr_line' id='line_1_44' title="bbox 2149 2088 3742 2169; baseline 0.008 -29"><span class='ocrx_word' id='word_1_322' title='bbox 2149 2088 2261 2158; x_wconf 86' lang='grc' dir='ltr'><strong>Τῆς</strong></span> <span class='ocrx_word' id='word_1_323' title='bbox 2284 2090 2455 2162; x_wconf 77' lang='grc' dir='ltr'>αὐτῆς</span> <span class='ocrx_word' id='word_1_324' title='bbox 2481 2092 2592 2163; x_wconf 84' lang='grc' dir='ltr'>ἄρα</span> <span class='ocrx_word' id='word_1_325' title='bbox 2619 2093 2828 2162; x_wconf 82' lang='grc' dir='ltr'>φύσεώς</span> <span class='ocrx_word' id='word_1_326' title='bbox 2854 2097 2969 2148; x_wconf 76' lang='grc' dir='ltr'>ἐστι</span> <span class='ocrx_word' id='word_1_327' title='bbox 3003 2097 3177 2169; x_wconf 77' lang='grc' dir='ltr'>Πατρὶ</span> <span class='ocrx_word' id='word_1_328' title='bbox 3210 2097 3302 2151; x_wconf 73' lang='grc' dir='ltr'><strong>καὶ</strong></span> <span class='ocrx_word' id='word_1_329' title='bbox 3329 2097 3443 2168; x_wconf 79' lang='grc' dir='ltr'><strong>Υἱῷ</strong></span> <span class='ocrx_word' id='word_1_330' title='bbox 3462 2098 3528 2151; x_wconf 79' lang='grc' dir='ltr'>τὸ</span> <span class='ocrx_word' id='word_1_331' title='bbox 3576 2099 3742 2165; x_wconf 73' lang='grc' dir='ltr'>ἅγιον</span> 
     </span>
    </p>
   </div>
   <div class='ocr_carea' id='block_1_45' title="bbox 2146 2179 3742 2256">
    <p class='ocr_par' dir='ltr' id='par_1_45' title="bbox 2146 2179 3742 2256">
     <span class='ocr_line' id='line_1_45' title="bbox 2146 2179 3742 2256; baseline 0.008 -25"><span class='ocrx_word' id='word_1_332' title='bbox 2146 2179 2407 2251; x_wconf 87' lang='grc' dir='ltr'>Πνεῦμα;</span> <span class='ocrx_word' id='word_1_333' title='bbox 2462 2184 2688 2237; x_wconf 85' lang='grc' dir='ltr'>Μακεδ.</span> <span class='ocrx_word' id='word_1_334' title='bbox 2738 2184 2830 2256; x_wconf 82' lang='grc' dir='ltr'>Μὴ</span> <span class='ocrx_word' id='word_1_335' title='bbox 2876 2187 3122 2255; x_wconf 72' lang='grc' dir='ltr'>γένοιτοι</span> <span class='ocrx_word' id='word_1_336' title='bbox 3163 2190 3316 2256; x_wconf 77' lang='grc' dir='ltr'>Ὀρθ.</span> <span class='ocrx_word' id='word_1_337' title='bbox 3350 2190 3465 2242; x_wconf 76' lang='grc' dir='ltr'><strong>Οὐκ</strong></span> <span class='ocrx_word' id='word_1_338' title='bbox 3510 2188 3594 2241; x_wconf 73' lang='grc' dir='ltr'>ἔτι</span> <span class='ocrx_word' id='word_1_339' title='bbox 3642 2186 3742 2244; x_wconf 77' lang='grc' dir='ltr'><strong>οὗν</strong></span> 
     </span>
    </p>
   </div>
   <div class='ocr_carea' id='block_1_46' title="bbox 2146 2268 3741 2350">
    <p class='ocr_par' dir='ltr' id='par_1_46' title="bbox 2146 2268 3741 2350">
     <span class='ocr_line' id='line_1_46' title="bbox 2146 2268 3741 2350; baseline 0.008 -28"><span class='ocrx_word' id='word_1_340' title='bbox 2146 2268 2305 2339; x_wconf 85' lang='grc' dir='ltr'>μόνος</span> <span class='ocrx_word' id='word_1_341' title='bbox 2346 2274 2375 2324; x_wconf 92' lang='lat'><strong>6</strong></span> <span class='ocrx_word' id='word_1_342' title='bbox 2405 2273 2537 2337; x_wconf 80' lang='grc' dir='ltr'>Θεὸς</span> <span class='ocrx_word' id='word_1_343' title='bbox 2587 2275 2699 2346; x_wconf 75' lang='grc' dir='ltr'>ἔχει</span> <span class='ocrx_word' id='word_1_344' title='bbox 2743 2274 2841 2346; x_wconf 85' lang='grc' dir='ltr'>τὴν</span> <span class='ocrx_word' id='word_1_345' title='bbox 2879 2275 3197 2333; x_wconf 84' lang='grc' dir='ltr'>ἀθανασίαν.</span> <span class='ocrx_word' id='word_1_346' title='bbox 3231 2279 3445 2349; x_wconf 80' lang='grc' dir='ltr'>Εὑρέθη</span> <span class='ocrx_word' id='word_1_347' title='bbox 3485 2280 3601 2350; x_wconf 77' lang='grc' dir='ltr'><strong>γὰρ</strong></span> <span class='ocrx_word' id='word_1_348' title='bbox 3642 2283 3741 2334; x_wconf 80' lang='grc' dir='ltr'><strong>καὶ</strong></span> 
     </span>
    </p>
   </div>
   <div class='ocr_carea' id='block_1_47' title="bbox 2142 2360 3621 2438">
    <p class='ocr_par' dir='ltr' id='par_1_47' title="bbox 2142 2360 3621 2438">
     <span class='ocr_line' id='line_1_47' title="bbox 2142 2360 3621 2438; baseline 0.006 -23"><span class='ocrx_word' id='word_1_349' title='bbox 2142 2360 2275 2431; x_wconf 83' lang='grc' dir='ltr'>ἄλλη</span> <span class='ocrx_word' id='word_1_350' title='bbox 2304 2362 2465 2432; x_wconf 80' lang='grc' dir='ltr'>φύσις</span> <span class='ocrx_word' id='word_1_351' title='bbox 2496 2365 2669 2429; x_wconf 76' lang='grc' dir='ltr'>οὕτως</span> <span class='ocrx_word' id='word_1_352' title='bbox 2691 2367 2859 2438; x_wconf 81' lang='grc' dir='ltr'>αὐτὴν</span> <span class='ocrx_word' id='word_1_353' title='bbox 2888 2366 3109 2437; x_wconf 76' lang='grc' dir='ltr'>ἔχουσα,</span> <span class='ocrx_word' id='word_1_354' title='bbox 3135 2369 3209 2434; x_wconf 87' lang='grc' dir='ltr'><strong>ὡς</strong></span> <span class='ocrx_word' id='word_1_355' title='bbox 3238 2371 3400 2434; x_wconf 75' lang='grc' dir='ltr'>αὐτὸς</span> <span class='ocrx_word' id='word_1_356' title='bbox 3428 2373 3456 2423; x_wconf 93' lang='lat'><strong>6</strong></span> <span class='ocrx_word' id='word_1_357' title='bbox 3480 2370 3621 2435; x_wconf 79' lang='grc' dir='ltr'>Θεός</span> 
     </span>
    </p>
   </div>
   <div class='ocr_carea' id='block_1_48' title="bbox 470 2425 3737 2538">
    <p class='ocr_par' dir='ltr' id='par_1_48' title="bbox 470 2425 3737 2538">
     <span class='ocr_line' id='line_1_48' title="bbox 470 2425 3737 2538; baseline 0.013 -57"><span class='ocrx_word' id='word_1_358' title='bbox 470 2425 705 2536; x_wconf 86' lang='lat' dir='ltr'><strong>Spiritus</strong></span> <span class='ocrx_word' id='word_1_359' title='bbox 749 2435 1005 2489; x_wconf 87' lang='lat' dir='ltr'><strong>sanctus?</strong></span> <span class='ocrx_word' id='word_1_360' title='bbox 1069 2435 1277 2493; x_wconf 83' lang='lat' dir='ltr'><strong>Maced.</strong></span> <span class='ocrx_word' id='word_1_361' title='bbox 1320 2439 1508 2496; x_wconf 82' lang='lat' dir='ltr'><strong>Absit!</strong></span> <span class='ocrx_word' id='word_1_362' title='bbox 1585 2440 1741 2501; x_wconf 82' lang='lat' dir='ltr'><strong>Orth.</strong></span> <span class='ocrx_word' id='word_1_363' title='bbox 1783 2445 1901 2502; x_wconf 86' lang='lat' dir='ltr'><strong>Non</strong></span> <span class='ocrx_word' id='word_1_364' title='bbox 1945 2449 2112 2521; x_wconf 80' lang='lat' dir='ltr'><strong>igitur</strong></span> <span class='ocrx_word' id='word_1_365' title='bbox 2149 2425 2328 2511; x_wconf 72' lang='lat' dir='ltr'><strong>solus</strong></span> <span class='ocrx_word' id='word_1_366' title='bbox 2357 2425 2500 2515; x_wconf 85' lang='lat' dir='ltr'><strong>Deus</strong></span> <span class='ocrx_word' id='word_1_367' title='bbox 2535 2462 2697 2518; x_wconf 86' lang='lat' dir='ltr'><strong>habet</strong></span> <span class='ocrx_word' id='word_1_368' title='bbox 2743 2425 3227 2521; x_wconf 56' lang='lat' dir='ltr'><strong>immortalitatem.</strong></span> <span class='ocrx_word' id='word_1_369' title='bbox 3274 2465 3370 2521; x_wconf 84' lang='lat' dir='ltr'><strong>Est</strong></span> <span class='ocrx_word' id='word_1_370' title='bbox 3398 2482 3645 2538; x_wconf 83' lang='lat' dir='ltr'><strong>namque</strong></span> <span class='ocrx_word' id='word_1_371' title='bbox 3681 2476 3737 2524; x_wconf 84' lang='lat' dir='ltr'><strong>et</strong></span> 
     </span>
    </p>
   </div>
   <div class='ocr_carea' id='block_1_49' title="bbox 466 2522 2487 2613">
    <p class='ocr_par' dir='ltr' id='par_1_49' title="bbox 466 2522 2487 2613">
     <span class='ocr_line' id='line_1_49' title="bbox 466 2522 2487 2613; baseline 0.016 -37"><span class='ocrx_word' id='word_1_372' title='bbox 466 2522 572 2577; x_wconf 88' lang='lat' dir='ltr'><strong>alia</strong></span> <span class='ocrx_word' id='word_1_373' title='bbox 632 2525 849 2581; x_wconf 87' lang='lat' dir='ltr'><strong>inventa</strong></span> <span class='ocrx_word' id='word_1_374' title='bbox 898 2535 1114 2595; x_wconf 88' lang='lat' dir='ltr'><strong>natura,</strong></span> <span class='ocrx_word' id='word_1_375' title='bbox 1166 2532 1283 2602; x_wconf 90' lang='lat' dir='ltr'><strong>pari</strong></span> <span class='ocrx_word' id='word_1_376' title='bbox 1336 2533 1509 2601; x_wconf 89' lang='lat' dir='ltr'><strong>illam,</strong></span> <span class='ocrx_word' id='word_1_377' title='bbox 1560 2537 1857 2608; x_wconf 81' lang='lat' dir='ltr'><strong>quo’Deus</strong></span> <span class='ocrx_word' id='word_1_378' title='bbox 1899 2543 2035 2613; x_wconf 88' lang='lat' dir='ltr'><strong>ipse,</strong></span> <span class='ocrx_word' id='word_1_379' title='bbox 2075 2550 2237 2605; x_wconf 88' lang='lat' dir='ltr'><strong>modo</strong></span> <span class='ocrx_word' id='word_1_380' title='bbox 2260 2551 2487 2609; x_wconf 88' lang='lat' dir='ltr'><strong>habens.</strong></span> 
     </span>
    </p>
   </div>
   <div class='ocr_carea' id='block_1_50' title="bbox 540 2615 2033 2695">
    <p class='ocr_par' dir='ltr' id='par_1_50' title="bbox 540 2615 2033 2695">
     <span class='ocr_line' id='line_1_50' title="bbox 540 2615 2033 2695; baseline 0.014 -25"><span class='ocrx_word' id='word_1_381' title='bbox 540 2616 624 2673; x_wconf 73' lang='lat'><strong>10.</strong></span> <span class='ocrx_word' id='word_1_382' title='bbox 666 2615 869 2675; x_wconf 75' lang='lat' dir='ltr'><strong>Maced.</strong></span> <span class='ocrx_word' id='word_1_383' title='bbox 909 2619 1148 2677; x_wconf 83' lang='lat' dir='ltr'><strong>Rursum</strong></span> <span class='ocrx_word' id='word_1_384' title='bbox 1180 2624 1345 2695; x_wconf 86' lang='lat' dir='ltr'><strong>igitur</strong></span> <span class='ocrx_word' id='word_1_385' title='bbox 1374 2627 1475 2680; x_wconf 89' lang='lat' dir='ltr'><strong>tria</strong></span> <span class='ocrx_word' id='word_1_386' title='bbox 1507 2644 1673 2684; x_wconf 92' lang='lat' dir='ltr'><strong>unum</strong></span> <span class='ocrx_word' id='word_1_387' title='bbox 1706 2631 1849 2688; x_wconf 87' lang='lat' dir='ltr'><strong>dico.</strong></span> <span class='ocrx_word' id='word_1_388' title='bbox 1883 2634 2033 2690; x_wconf 85' lang='lat' dir='ltr'><strong>Orth.</strong></span> 
     </span>
    </p>
   </div>
   <div class='ocr_carea' id='block_1_51' title="bbox 466 2707 2034 2783">
    <p class='ocr_par' dir='ltr' id='par_1_51' title="bbox 466 2707 2034 2783">
     <span class='ocr_line' id='line_1_51' title="bbox 466 2707 2034 2783; baseline 0.011 -22"><span class='ocrx_word' id='word_1_389' title='bbox 466 2707 886 2780; x_wconf 86' lang='lat' dir='ltr'><strong>Hypostasibus,</strong></span> <span class='ocrx_word' id='word_1_390' title='bbox 939 2728 1048 2766; x_wconf 93' lang='lat' dir='ltr'><strong>non</strong></span> <span class='ocrx_word' id='word_1_391' title='bbox 1089 2729 1282 2783; x_wconf 91' lang='lat' dir='ltr'><strong>unum,</strong></span> <span class='ocrx_word' id='word_1_392' title='bbox 1337 2717 1433 2772; x_wconf 86' lang='lat' dir='ltr'><strong>sed</strong></span> <span class='ocrx_word' id='word_1_393' title='bbox 1469 2717 1576 2771; x_wconf 87' lang='lat' dir='ltr'><strong>tria</strong></span> <span class='ocrx_word' id='word_1_394' title='bbox 1628 2727 1778 2775; x_wconf 92' lang='lat' dir='ltr'><strong>sunt.</strong></span> <span class='ocrx_word' id='word_1_395' title='bbox 1829 2721 2034 2780; x_wconf 81' lang='lat' dir='ltr'><strong>Maced.</strong></span> 
     </span>
    </p>
   </div>
   <div class='ocr_carea' id='block_1_52' title="bbox 466 2801 2038 2881">
    <p class='ocr_par' dir='ltr' id='par_1_52' title="bbox 466 2801 2038 2881">
     <span class='ocr_line' id='line_1_52' title="bbox 466 2801 2038 2881; baseline 0.008 -25"><span class='ocrx_word' id='word_1_396' title='bbox 466 2801 752 2869; x_wconf 87' lang='lat' dir='ltr'><strong>Quomodo</strong></span> <span class='ocrx_word' id='word_1_397' title='bbox 795 2802 963 2874; x_wconf 88' lang='lat' dir='ltr'><strong>igitur</strong></span> <span class='ocrx_word' id='word_1_398' title='bbox 996 2820 1159 2859; x_wconf 90' lang='lat' dir='ltr'><strong>unam</strong></span> <span class='ocrx_word' id='word_1_399' title='bbox 1207 2806 1330 2862; x_wconf 92' lang='lat' dir='ltr'><strong>dico</strong></span> <span class='ocrx_word' id='word_1_400' title='bbox 1374 2811 1669 2865; x_wconf 87' lang='lat' dir='ltr'><strong>naturam?</strong></span> <span class='ocrx_word' id='word_1_401' title='bbox 1709 2812 1862 2868; x_wconf 84' lang='lat' dir='ltr'><strong>Orth.</strong></span> <span class='ocrx_word' id='word_1_402' title='bbox 1899 2814 2038 2881; x_wconf 87' lang='lat' dir='ltr'><strong>Quia</strong></span> 
     </span>
    </p>
   </div>
   <div class='ocr_carea' id='block_1_53' title="bbox 2216 2643 3734 2720">
    <p class='ocr_par' dir='ltr' id='par_1_53' title="bbox 2216 2643 3734 2720">
     <span class='ocr_line' id='line_1_53' title="bbox 2216 2643 3734 2720; baseline 0.006 -22"><span class='ocrx_word' id='word_1_403' title='bbox 2216 2646 2302 2701; x_wconf 75' lang='grc'><strong>10.</strong></span> <span class='ocrx_word' id='word_1_404' title='bbox 2333 2644 2552 2700; x_wconf 84' lang='grc' dir='ltr'>Μακεδ.</span> <span class='ocrx_word' id='word_1_405' title='bbox 2580 2646 2746 2699; x_wconf 82' lang='grc' dir='ltr'>Πάλιν</span> <span class='ocrx_word' id='word_1_406' title='bbox 2772 2643 2864 2702; x_wconf 76' lang='grc' dir='ltr'><strong>οὖν</strong></span> <span class='ocrx_word' id='word_1_407' title='bbox 2892 2647 2961 2702; x_wconf 81' lang='grc' dir='ltr'><strong>τὰ</strong></span> <span class='ocrx_word' id='word_1_408' title='bbox 2989 2648 3115 2720; x_wconf 79' lang='grc' dir='ltr'>τρία</span> <span class='ocrx_word' id='word_1_409' title='bbox 3144 2648 3200 2702; x_wconf 83' lang='grc' dir='ltr'>ἓν</span> <span class='ocrx_word' id='word_1_410' title='bbox 3222 2648 3385 2718; x_wconf 79' lang='grc' dir='ltr'>λέγω.</span> <span class='ocrx_word' id='word_1_411' title='bbox 3407 2650 3571 2720; x_wconf 73' lang='grc' dir='ltr'>Ὀρθ.</span> <span class='ocrx_word' id='word_1_412' title='bbox 3596 2655 3734 2718; x_wconf 79' lang='grc' dir='ltr'>Ταῖς</span> 
     </span>
    </p>
   </div>
   <div class='ocr_carea' id='block_1_54' title="bbox 2142 2738 3731 2815">
    <p class='ocr_par' dir='ltr' id='par_1_54' title="bbox 2142 2738 3731 2815">
     <span class='ocr_line' id='line_1_54' title="bbox 2142 2738 3731 2815; baseline 0.005 -25"><span class='ocrx_word' id='word_1_413' title='bbox 2142 2738 2503 2792; x_wconf 82' lang='grc' dir='ltr'>ὑποστάσεσιν</span> <span class='ocrx_word' id='word_1_414' title='bbox 2560 2739 2657 2809; x_wconf 80' lang='grc' dir='ltr'><strong>οὐχ</strong></span> <span class='ocrx_word' id='word_1_415' title='bbox 2693 2738 2772 2803; x_wconf 83' lang='grc' dir='ltr'>ἒν,</span> <span class='ocrx_word' id='word_1_416' title='bbox 2822 2741 2956 2795; x_wconf 83' lang='grc' dir='ltr'>ἀλλὰ</span> <span class='ocrx_word' id='word_1_417' title='bbox 3004 2742 3150 2815; x_wconf 82' lang='grc' dir='ltr'>τρία.</span> <span class='ocrx_word' id='word_1_418' title='bbox 3188 2740 3407 2795; x_wconf 82' lang='grc' dir='ltr'>Μακεδ.</span> <span class='ocrx_word' id='word_1_419' title='bbox 3457 2743 3590 2808; x_wconf 80' lang='grc' dir='ltr'>Πῶς</span> <span class='ocrx_word' id='word_1_420' title='bbox 3636 2741 3731 2798; x_wconf 69' lang='grc' dir='ltr'>οὖν</span> 
     </span>
    </p>
   </div>
   <div class='ocr_carea' id='block_1_55' title="bbox 2139 2828 3733 2907">
    <p class='ocr_par' dir='ltr' id='par_1_55' title="bbox 2139 2828 3733 2907">
     <span class='ocr_line' id='line_1_55' title="bbox 2139 2828 3733 2907; baseline 0.005 -27"><span class='ocrx_word' id='word_1_421' title='bbox 2139 2828 2283 2896; x_wconf 85' lang='grc' dir='ltr'>λέγω</span> <span class='ocrx_word' id='word_1_422' title='bbox 2332 2830 2461 2899; x_wconf 85' lang='grc' dir='ltr'>μίαν</span> <span class='ocrx_word' id='word_1_423' title='bbox 2500 2829 2694 2898; x_wconf 83' lang='grc' dir='ltr'>φύσιν;</span> <span class='ocrx_word' id='word_1_424' title='bbox 2729 2832 2884 2897; x_wconf 76' lang='grc' dir='ltr'>Ὀρθ.</span> <span class='ocrx_word' id='word_1_425' title='bbox 2916 2832 3037 2885; x_wconf 81' lang='grc' dir='ltr'>Ὀτι</span> <span class='ocrx_word' id='word_1_426' title='bbox 3083 2832 3283 2903; x_wconf 79' lang='grc' dir='ltr'>ὁμοίως</span> <span class='ocrx_word' id='word_1_427' title='bbox 3321 2834 3349 2885; x_wconf 93' lang='lat'><strong>6</strong></span> <span class='ocrx_word' id='word_1_428' title='bbox 3381 2832 3599 2907; x_wconf 74' lang='grc' dir='ltr'>Πατὴρ,</span> <span class='ocrx_word' id='word_1_429' title='bbox 3632 2836 3733 2888; x_wconf 71' lang='grc' dir='ltr'><strong>καὶ</strong></span> 
     </span>
    </p>
   </div>
   <div class='ocr_carea' id='block_1_56' title="bbox 464 2890 2042 2995">
    <p class='ocr_par' dir='ltr' id='par_1_56' title="bbox 464 2890 2036 2973">
     <span class='ocr_line' id='line_1_56' title="bbox 464 2890 2036 2973; baseline 0.01 -26"><span class='ocrx_word' id='word_1_430' title='bbox 464 2890 647 2958; x_wconf 88' lang='lat' dir='ltr'><strong>Pater,</strong></span> <span class='ocrx_word' id='word_1_431' title='bbox 663 2893 775 2963; x_wconf 61' lang='lat' dir='ltr'><strong>etF</strong></span> <span class='ocrx_word' id='word_1_432' title='bbox 779 2895 904 2952; x_wconf 91' lang='lat' dir='ltr'><strong>ilius</strong></span> <span class='ocrx_word' id='word_1_433' title='bbox 921 2903 975 2951; x_wconf 89' lang='lat' dir='ltr'><strong>et</strong></span> <span class='ocrx_word' id='word_1_434' title='bbox 989 2895 1228 2968; x_wconf 89' lang='lat' dir='ltr'><strong>Spiritus</strong></span> <span class='ocrx_word' id='word_1_435' title='bbox 1246 2909 1469 2956; x_wconf 86' lang='lat' dir='ltr'><strong>sanctus</strong></span> <span class='ocrx_word' id='word_1_436' title='bbox 1486 2901 1675 2957; x_wconf 80' lang='lat' dir='ltr'><strong>eodem</strong></span> <span class='ocrx_word' id='word_1_437' title='bbox 1694 2903 1855 2973; x_wconf 91' lang='lat' dir='ltr'><strong>plane</strong></span> <span class='ocrx_word' id='word_1_438' title='bbox 1878 2907 2036 2962; x_wconf 90' lang='lat' dir='ltr'><strong>modo</strong></span> 
     </span>
    </p>
   </div>
   <div class='ocr_carea' id='block_1_57' title="bbox 2150 2890 3728 2995">
    <p class='ocr_par' dir='ltr' id='par_1_57' title="bbox 2150 2890 3728 2995">
     <span class='ocr_line' id='line_1_57' title="bbox 2150 2890 3728 2995; baseline 0.005 -26"><span class='ocrx_word' id='word_1_439' title='bbox 2150 2890 2438 2979; x_wconf 45' lang='lat' dir='ltr'><strong>51;i6;,&#39;xai</strong></span> <span class='ocrx_word' id='word_1_440' title='bbox 2459 2890 2522 2971; x_wconf 57' lang='grc' dir='ltr'><strong>τέ</strong></span> <span class='ocrx_word' id='word_1_441' title='bbox 2537 2890 2898 2991; x_wconf 37' lang='grc' dir='ltr'>Πνεῦξιαίτὴν</span> <span class='ocrx_word' id='word_1_442' title='bbox 2922 2920 3015 2975; x_wconf 89' lang='grc' dir='ltr'>τοῦ</span> <span class='ocrx_word' id='word_1_443' title='bbox 3038 2890 3150 2974; x_wconf 50' lang='grc' dir='ltr'>Παῖς</span> <span class='ocrx_word' id='word_1_444' title='bbox 3159 2922 3246 2993; x_wconf 71' lang='lat' dir='ltr'><strong>pb;</strong></span> <span class='ocrx_word' id='word_1_445' title='bbox 3263 2890 3569 2976; x_wconf 61' lang='grc' dir='ltr'>αθανασίαν</span> <span class='ocrx_word' id='word_1_446' title='bbox 3588 2890 3728 2995; x_wconf 49' lang='grc' dir='ltr'>ἔχει.</span> 
     </span>
    </p>
   </div>
   <div class='ocr_carea' id='block_1_58' title="bbox 463 2984 2035 3064">
    <p class='ocr_par' dir='ltr' id='par_1_58' title="bbox 463 2984 2035 3064">
     <span class='ocr_line' id='line_1_58' title="bbox 463 2984 2035 3064; baseline 0.008 -26"><span class='ocrx_word' id='word_1_447' title='bbox 463 2984 930 3045; x_wconf 89' lang='lat' dir='ltr'><strong>immortalitatem</strong></span> <span class='ocrx_word' id='word_1_448' title='bbox 984 2987 1161 3045; x_wconf 86' lang='lat' dir='ltr'><strong>Patris</strong></span> <span class='ocrx_word' id='word_1_449' title='bbox 1222 2992 1442 3046; x_wconf 87' lang='lat' dir='ltr'><strong>habent.</strong></span> <span class='ocrx_word' id='word_1_450' title='bbox 1485 2992 1662 3064; x_wconf 86' lang='lat' dir='ltr'><strong>Atque</strong></span> <span class='ocrx_word' id='word_1_451' title='bbox 1699 3002 1758 3049; x_wconf 94' lang='lat' dir='ltr'><strong>ut</strong></span> <span class='ocrx_word' id='word_1_452' title='bbox 1812 2996 2035 3063; x_wconf 85' lang='lat' dir='ltr'><strong>Paulus,</strong></span> 
     </span>
    </p>
   </div>
   <div class='ocr_carea' id='block_1_59' title="bbox 2139 3008 3730 3084">
    <p class='ocr_par' dir='ltr' id='par_1_59' title="bbox 2139 3008 3730 3084">
     <span class='ocr_line' id='line_1_59' title="bbox 2139 3008 3730 3084; baseline 0.004 -22"><span class='ocrx_word' id='word_1_453' title='bbox 2139 3010 2247 3063; x_wconf 75' lang='grc' dir='ltr'>Καὶ</span> <span class='ocrx_word' id='word_1_454' title='bbox 2267 3008 2455 3081; x_wconf 80' lang='grc' dir='ltr'>ὥσπερ</span> <span class='ocrx_word' id='word_1_455' title='bbox 2477 3010 2708 3074; x_wconf 80' lang='grc' dir='ltr'>Παῦλος,</span> <span class='ocrx_word' id='word_1_456' title='bbox 2728 3012 2821 3065; x_wconf 74' lang='grc' dir='ltr'><strong>καὶ</strong></span> <span class='ocrx_word' id='word_1_457' title='bbox 2844 3011 3068 3084; x_wconf 75' lang='grc' dir='ltr'>Πέτρος,</span> <span class='ocrx_word' id='word_1_458' title='bbox 3086 3014 3180 3065; x_wconf 76' lang='grc' dir='ltr'><strong>καὶ</strong></span> <span class='ocrx_word' id='word_1_459' title='bbox 3202 3012 3485 3083; x_wconf 86' lang='grc' dir='ltr'>Τιμόθεος,</span> <span class='ocrx_word' id='word_1_460' title='bbox 3507 3015 3730 3082; x_wconf 77' lang='grc' dir='ltr'>φύσεως</span> 
     </span>
    </p>
   </div>
   <div class='ocr_carea' id='block_1_60' title="bbox 461 3071 2042 3174">
    <p class='ocr_par' dir='ltr' id='par_1_60' title="bbox 461 3071 2036 3148">
     <span class='ocr_line' id='line_1_60' title="bbox 461 3071 2036 3148; baseline 0.01 -20"><span class='ocrx_word' id='word_1_461' title='bbox 461 3071 658 3148; x_wconf 81' lang='lat' dir='ltr'><strong>Petrus</strong></span> <span class='ocrx_word' id='word_1_462' title='bbox 707 3090 771 3129; x_wconf 92' lang='lat' dir='ltr'><strong>ac</strong></span> <span class='ocrx_word' id='word_1_463' title='bbox 815 3076 1136 3136; x_wconf 82' lang='lat' dir='ltr'><strong>Timotheus</strong></span> <span class='ocrx_word' id='word_1_464' title='bbox 1179 3080 1344 3135; x_wconf 91' lang='lat' dir='ltr'><strong>unius</strong></span> <span class='ocrx_word' id='word_1_465' title='bbox 1386 3089 1594 3137; x_wconf 63' lang='lat' dir='ltr'><strong>natura;</strong></span> <span class='ocrx_word' id='word_1_466' title='bbox 1641 3093 1771 3139; x_wconf 84' lang='lat' dir='ltr'><strong>sunt</strong></span> <span class='ocrx_word' id='word_1_467' title='bbox 1821 3096 1873 3141; x_wconf 90' lang='lat' dir='ltr'><strong>et</strong></span> <span class='ocrx_word' id='word_1_468' title='bbox 1924 3095 2036 3144; x_wconf 87' lang='lat' dir='ltr'><strong>tres</strong></span> 
     </span>
    </p>
   </div>
   <div class='ocr_carea' id='block_1_61' title="bbox 2150 3071 3728 3174">
    <p class='ocr_par' dir='ltr' id='par_1_61' title="bbox 2150 3101 3728 3174">
     <span class='ocr_line' id='line_1_61' title="bbox 2150 3101 3728 3174; baseline 0.003 -22"><span class='ocrx_word' id='word_1_469' title='bbox 2150 3101 2270 3170; x_wconf 73' lang='grc' dir='ltr'>μιᾶς</span> <span class='ocrx_word' id='word_1_470' title='bbox 2296 3103 2422 3167; x_wconf 82' lang='grc' dir='ltr'>εἰσι,</span> <span class='ocrx_word' id='word_1_471' title='bbox 2450 3103 2545 3155; x_wconf 70' lang='grc' dir='ltr'><strong>καὶ</strong></span> <span class='ocrx_word' id='word_1_472' title='bbox 2571 3104 2720 3173; x_wconf 83' lang='grc' dir='ltr'>τρεῖς</span> <span class='ocrx_word' id='word_1_473' title='bbox 2743 3104 3088 3166; x_wconf 70' lang='grc' dir='ltr'><strong>ὑποστάσεις</strong></span> <span class='ocrx_word' id='word_1_474' title='bbox 3123 3103 3293 3166; x_wconf 74' lang='grc' dir='ltr'>οὕτως</span> <span class='ocrx_word' id='word_1_475' title='bbox 3317 3104 3564 3174; x_wconf 79' lang='grc' dir='ltr'>Πατέρα,</span> <span class='ocrx_word' id='word_1_476' title='bbox 3624 3106 3728 3158; x_wconf 73' lang='grc' dir='ltr'><strong>καὶ</strong></span> 
     </span>
    </p>
   </div>
   <div class='ocr_carea' id='block_1_62' title="bbox 462 3169 2042 3265">
    <p class='ocr_par' dir='ltr' id='par_1_62' title="bbox 462 3169 2037 3247">
     <span class='ocr_line' id='line_1_62' title="bbox 462 3169 2037 3247; baseline 0.008 -25"><span class='ocrx_word' id='word_1_477' title='bbox 462 3169 788 3240; x_wconf 87' lang='lat' dir='ltr'><strong>hypostases</strong></span> <span class='ocrx_word' id='word_1_478' title='bbox 819 3188 832 3224; x_wconf 92' lang='lat'><strong>:</strong></span> <span class='ocrx_word' id='word_1_479' title='bbox 867 3170 941 3225; x_wconf 91' lang='lat' dir='ltr'><strong>ita</strong></span> <span class='ocrx_word' id='word_1_480' title='bbox 976 3171 1187 3228; x_wconf 90' lang='lat' dir='ltr'><strong>Patrem</strong></span> <span class='ocrx_word' id='word_1_481' title='bbox 1219 3181 1274 3229; x_wconf 91' lang='lat' dir='ltr'><strong>et</strong></span> <span class='ocrx_word' id='word_1_482' title='bbox 1303 3172 1500 3230; x_wconf 89' lang='lat' dir='ltr'><strong>Filium</strong></span> <span class='ocrx_word' id='word_1_483' title='bbox 1531 3184 1584 3230; x_wconf 92' lang='lat' dir='ltr'><strong>et</strong></span> <span class='ocrx_word' id='word_1_484' title='bbox 1617 3175 1881 3247; x_wconf 91' lang='lat' dir='ltr'><strong>Spiritum</strong></span> <span class='ocrx_word' id='word_1_485' title='bbox 1907 3194 2037 3234; x_wconf 74' lang='lat' dir='ltr'><strong>sau-</strong></span> 
     </span>
    </p>
   </div>
   <div class='ocr_carea' id='block_1_63' title="bbox 2150 3169 3729 3265">
    <p class='ocr_par' dir='ltr' id='par_1_63' title="bbox 2150 3169 3729 3265">
     <span class='ocr_line' id='line_1_63' title="bbox 2150 3169 3729 3265; baseline 0.003 -21"><span class='ocrx_word' id='word_1_486' title='bbox 2150 3191 2289 3257; x_wconf 77' lang='grc' dir='ltr'>Υἱὸν,</span> <span class='ocrx_word' id='word_1_487' title='bbox 2321 3192 2414 3245; x_wconf 71' lang='grc' dir='ltr'><strong>καὶ</strong></span> <span class='ocrx_word' id='word_1_488' title='bbox 2446 3169 2866 3264; x_wconf 37' lang='grc' dir='ltr'>ἅγιον-Πνεῦμα,</span> <span class='ocrx_word' id='word_1_489' title='bbox 2889 3197 3036 3265; x_wconf 84' lang='grc' dir='ltr'>τρεῖς</span> <span class='ocrx_word' id='word_1_490' title='bbox 3073 3194 3399 3257; x_wconf 75' lang='grc' dir='ltr'><strong>ὑποστάσεις</strong></span> <span class='ocrx_word' id='word_1_491' title='bbox 3427 3169 3596 3263; x_wconf 61' lang='grc' dir='ltr'>λέγω,</span> <span class='ocrx_word' id='word_1_492' title='bbox 3628 3198 3729 3249; x_wconf 76' lang='grc' dir='ltr'><strong>καὶ</strong></span> 
     </span>
    </p>
   </div>
   <div class='ocr_carea' id='block_1_64' title="bbox 463 3262 2042 3359">
    <p class='ocr_par' dir='ltr' id='par_1_64' title="bbox 463 3262 2036 3334">
     <span class='ocr_line' id='line_1_64' title="bbox 463 3262 2036 3334; baseline 0.008 -21"><span class='ocrx_word' id='word_1_493' title='bbox 463 3270 610 3328; x_wconf 83' lang='lat' dir='ltr'><strong>etum</strong></span> <span class='ocrx_word' id='word_1_494' title='bbox 645 3271 757 3317; x_wconf 89' lang='lat' dir='ltr'><strong>tres</strong></span> <span class='ocrx_word' id='word_1_495' title='bbox 788 3262 1113 3334; x_wconf 81' lang='lat' dir='ltr'><strong>hypostases</strong></span> <span class='ocrx_word' id='word_1_496' title='bbox 1140 3264 1286 3330; x_wconf 90' lang='lat' dir='ltr'><strong>dico,</strong></span> <span class='ocrx_word' id='word_1_497' title='bbox 1322 3277 1377 3322; x_wconf 88' lang='lat' dir='ltr'><strong>et</strong></span> <span class='ocrx_word' id='word_1_498' title='bbox 1404 3282 1566 3322; x_wconf 87' lang='lat' dir='ltr'><strong>unatn</strong></span> <span class='ocrx_word' id='word_1_499' title='bbox 1603 3277 1877 3325; x_wconf 89' lang='lat' dir='ltr'><strong>naturam.</strong></span> <span class='ocrx_word' id='word_1_500' title='bbox 1915 3270 2036 3326; x_wconf 81' lang='lat' dir='ltr'><strong>Ma-</strong></span> 
     </span>
    </p>
   </div>
   <div class='ocr_carea' id='block_1_65' title="bbox 2150 3262 3729 3359">
    <p class='ocr_par' dir='ltr' id='par_1_65' title="bbox 2150 3282 3729 3359">
     <span class='ocr_line' id='line_1_65' title="bbox 2150 3282 3729 3359; baseline 0.003 -24"><span class='ocrx_word' id='word_1_501' title='bbox 2150 3282 2266 3335; x_wconf 65' lang='lat' dir='ltr'><strong>tiav</strong></span> <span class='ocrx_word' id='word_1_502' title='bbox 2285 3282 2463 3352; x_wconf 82' lang='grc' dir='ltr'>φύσιν.</span> <span class='ocrx_word' id='word_1_503' title='bbox 2480 3284 2699 3339; x_wconf 83' lang='grc' dir='ltr'>Μακεδ.</span> <span class='ocrx_word' id='word_1_504' title='bbox 2716 3284 2878 3338; x_wconf 76' lang='grc' dir='ltr'>Ἀλλὰ</span> <span class='ocrx_word' id='word_1_505' title='bbox 2899 3285 3004 3338; x_wconf 79' lang='grc' dir='ltr'><strong>τῶν</strong></span> <span class='ocrx_word' id='word_1_506' title='bbox 3023 3285 3322 3355; x_wconf 77' lang='grc' dir='ltr'><strong>ἀνθρώπων</strong></span> <span class='ocrx_word' id='word_1_507' title='bbox 3340 3288 3729 3359; x_wconf 74' lang='grc' dir='ltr'>προϋπάρχου-</span> 
     </span>
    </p>
   </div>
   <div class='ocr_carea' id='block_1_66' title="bbox 462 3352 2042 3449">
    <p class='ocr_par' dir='ltr' id='par_1_66' title="bbox 462 3352 2036 3435">
     <span class='ocr_line' id='line_1_66' title="bbox 462 3352 2036 3435; baseline 0.008 -28"><span class='ocrx_word' id='word_1_508' title='bbox 462 3353 554 3407; x_wconf 83' lang='lat' dir='ltr'><strong>ced</strong></span> <span class='ocrx_word' id='word_1_509' title='bbox 613 3352 718 3409; x_wconf 91' lang='lat' dir='ltr'><strong>Sed</strong></span> <span class='ocrx_word' id='word_1_510' title='bbox 764 3363 890 3411; x_wconf 90' lang='lat' dir='ltr'><strong>ante</strong></span> <span class='ocrx_word' id='word_1_511' title='bbox 931 3356 1182 3414; x_wconf 87' lang='lat' dir='ltr'><strong>homines</strong></span> <span class='ocrx_word' id='word_1_512' title='bbox 1228 3360 1502 3415; x_wconf 85' lang='lat' dir='ltr'><strong>exsistunt</strong></span> <span class='ocrx_word' id='word_1_513' title='bbox 1547 3362 1638 3416; x_wconf 87' lang='lat' dir='ltr'><strong>alii</strong></span> <span class='ocrx_word' id='word_1_514' title='bbox 1675 3362 1840 3435; x_wconf 66' lang='grc'><strong>479</strong></span> <span class='ocrx_word' id='word_1_515' title='bbox 1861 3363 2036 3420; x_wconf 87' lang='lat' dir='ltr'><strong>homi-</strong></span> 
     </span>
    </p>
   </div>
   <div class='ocr_carea' id='block_1_67' title="bbox 2150 3352 3728 3449">
    <p class='ocr_par' dir='ltr' id='par_1_67' title="bbox 2150 3352 3728 3449">
     <span class='ocr_line' id='line_1_67' title="bbox 2150 3352 3728 3449; baseline 0.004 -23"><span class='ocrx_word' id='word_1_516' title='bbox 2150 3391 2217 3427; x_wconf 73' lang='grc' dir='ltr'><strong>τιν</strong></span> <span class='ocrx_word' id='word_1_517' title='bbox 2228 3373 2373 3429; x_wconf 80' lang='grc' dir='ltr'>ἄλλοι</span> <span class='ocrx_word' id='word_1_518' title='bbox 2391 3375 2682 3447; x_wconf 81' lang='grc' dir='ltr'>ἄνθρωποι·</span> <span class='ocrx_word' id='word_1_519' title='bbox 2698 3378 2808 3449; x_wconf 79' lang='grc' dir='ltr'>ἄρα</span> <span class='ocrx_word' id='word_1_520' title='bbox 2824 3377 2918 3431; x_wconf 78' lang='grc' dir='ltr'><strong>καὶ</strong></span> <span class='ocrx_word' id='word_1_521' title='bbox 2932 3352 3160 3447; x_wconf 80' lang='grc' dir='ltr'>Πατρὺς,</span> <span class='ocrx_word' id='word_1_522' title='bbox 3179 3378 3270 3430; x_wconf 78' lang='grc' dir='ltr'><strong>καὶ</strong></span> <span class='ocrx_word' id='word_1_523' title='bbox 3283 3352 3435 3440; x_wconf 86' lang='grc' dir='ltr'>Υἱοῦ,</span> <span class='ocrx_word' id='word_1_524' title='bbox 3449 3380 3547 3432; x_wconf 77' lang='grc' dir='ltr'><strong>καὶ</strong></span> <span class='ocrx_word' id='word_1_525' title='bbox 3564 3352 3728 3448; x_wconf 55' lang='grc' dir='ltr'>ἀξίου</span> 
     </span>
    </p>
   </div>
   <div class='ocr_carea' id='block_1_68' title="bbox 463 3447 2042 3541">
    <p class='ocr_par' dir='ltr' id='par_1_68' title="bbox 463 3447 2036 3518">
     <span class='ocr_line' id='line_1_68' title="bbox 463 3447 2036 3518; baseline 0.008 -19"><span class='ocrx_word' id='word_1_526' title='bbox 463 3461 602 3502; x_wconf 89' lang='lat' dir='ltr'><strong>nes:</strong></span> <span class='ocrx_word' id='word_1_527' title='bbox 639 3447 743 3500; x_wconf 91' lang='lat' dir='ltr'><strong>alia</strong></span> <span class='ocrx_word' id='word_1_528' title='bbox 778 3447 943 3518; x_wconf 86' lang='lat' dir='ltr'><strong>igitur</strong></span> <span class='ocrx_word' id='word_1_529' title='bbox 974 3456 1169 3503; x_wconf 86' lang='lat' dir='ltr'><strong>natura</strong></span> <span class='ocrx_word' id='word_1_530' title='bbox 1220 3459 1346 3506; x_wconf 89' lang='lat' dir='ltr'><strong>ante</strong></span> <span class='ocrx_word' id='word_1_531' title='bbox 1393 3449 1609 3507; x_wconf 89' lang='lat' dir='ltr'><strong>Patrem</strong></span> <span class='ocrx_word' id='word_1_532' title='bbox 1655 3457 1817 3508; x_wconf 89' lang='lat' dir='ltr'><strong>etiam</strong></span> <span class='ocrx_word' id='word_1_533' title='bbox 1860 3466 1914 3511; x_wconf 90' lang='lat' dir='ltr'><strong>et</strong></span> <span class='ocrx_word' id='word_1_534' title='bbox 1946 3455 2036 3511; x_wconf 88' lang='lat' dir='ltr'><strong>Fi-</strong></span> 
     </span>
    </p>
   </div>
   <div class='ocr_carea' id='block_1_69' title="bbox 2150 3447 3725 3541">
    <p class='ocr_par' dir='ltr' id='par_1_69' title="bbox 2150 3447 3725 3541">
     <span class='ocr_line' id='line_1_69' title="bbox 2150 3447 3725 3541; baseline 0.005 -21"><span class='ocrx_word' id='word_1_535' title='bbox 2150 3467 2449 3539; x_wconf 83' lang='grc' dir='ltr'>Ἱνεύματος</span> <span class='ocrx_word' id='word_1_536' title='bbox 2465 3447 2807 3540; x_wconf 42' lang='grc' dir='ltr'>προῦπάρῇει</span> <span class='ocrx_word' id='word_1_537' title='bbox 2836 3470 2971 3540; x_wconf 78' lang='grc' dir='ltr'>ἄλλη</span> <span class='ocrx_word' id='word_1_538' title='bbox 2996 3470 3173 3538; x_wconf 78' lang='grc' dir='ltr'>φύσις.</span> <span class='ocrx_word' id='word_1_539' title='bbox 3192 3470 3340 3538; x_wconf 82' lang='grc' dir='ltr'>Ὁρθ.</span> <span class='ocrx_word' id='word_1_540' title='bbox 3366 3472 3456 3541; x_wconf 81' lang='grc' dir='ltr'><strong>Μὴ</strong></span> <span class='ocrx_word' id='word_1_541' title='bbox 3468 3472 3725 3539; x_wconf 77' lang='grc' dir='ltr'>γένοιτοι</span> 
     </span>
    </p>
   </div>
   <div class='ocr_carea' id='block_1_70' title="bbox 461 3535 2042 3635">
    <p class='ocr_par' dir='ltr' id='par_1_70' title="bbox 461 3535 2029 3606">
     <span class='ocr_line' id='line_1_70' title="bbox 461 3535 2029 3606; baseline 0.009 -17"><span class='ocrx_word' id='word_1_542' title='bbox 461 3535 593 3589; x_wconf 92' lang='lat' dir='ltr'><strong>lium</strong></span> <span class='ocrx_word' id='word_1_543' title='bbox 639 3544 693 3591; x_wconf 92' lang='lat' dir='ltr'><strong>et</strong></span> <span class='ocrx_word' id='word_1_544' title='bbox 745 3536 1006 3606; x_wconf 84' lang='lat' dir='ltr'><strong>Spiritum</strong></span> <span class='ocrx_word' id='word_1_545' title='bbox 1056 3548 1304 3594; x_wconf 90' lang='lat' dir='ltr'><strong>sanctum</strong></span> <span class='ocrx_word' id='word_1_546' title='bbox 1354 3535 1590 3598; x_wconf 77' lang='lat' dir='ltr'><strong>exsistit.</strong></span> <span class='ocrx_word' id='word_1_547' title='bbox 1647 3543 1800 3602; x_wconf 81' lang='lat' dir='ltr'><strong>Orth.</strong></span> <span class='ocrx_word' id='word_1_548' title='bbox 1846 3547 2029 3604; x_wconf 83' lang='lat' dir='ltr'><strong>Absit!</strong></span> 
     </span>
    </p>
   </div>
   <div class='ocr_carea' id='block_1_71' title="bbox 2150 3535 3726 3635">
    <p class='ocr_par' dir='ltr' id='par_1_71' title="bbox 2150 3535 3726 3635">
     <span class='ocr_line' id='line_1_71' title="bbox 2150 3535 3726 3635; baseline 0.004 -24"><span class='ocrx_word' id='word_1_549' title='bbox 2150 3535 2355 3613; x_wconf 68' lang='grc' dir='ltr'>Πακέδ.</span> <span class='ocrx_word' id='word_1_550' title='bbox 2395 3535 2523 3624; x_wconf 77' lang='grc' dir='ltr'>Πῶς</span> <span class='ocrx_word' id='word_1_551' title='bbox 2547 3558 2637 3615; x_wconf 76' lang='grc' dir='ltr'><strong>οὖν</strong></span> <span class='ocrx_word' id='word_1_552' title='bbox 2666 3535 2872 3631; x_wconf 73' lang='grc' dir='ltr'>λέγεις·</span> <span class='ocrx_word' id='word_1_553' title='bbox 2901 3535 3109 3625; x_wconf 68' lang='grc' dir='ltr'>Οῦτολς,</span> <span class='ocrx_word' id='word_1_554' title='bbox 3133 3562 3207 3626; x_wconf 79' lang='grc' dir='ltr'>ὡς</span> <span class='ocrx_word' id='word_1_555' title='bbox 3241 3535 3335 3615; x_wconf 64' lang='grc' dir='ltr'><strong>επὶ</strong></span> <span class='ocrx_word' id='word_1_556' title='bbox 3376 3535 3726 3635; x_wconf 55' lang='grc' dir='ltr'><strong>ἀνδρώπωη</strong></span> 
     </span>
    </p>
   </div>
   <div class='ocr_carea' id='block_1_72' title="bbox 461 3624 2042 3725">
    <p class='ocr_par' dir='ltr' id='par_1_72' title="bbox 461 3624 2033 3705">
     <span class='ocr_line' id='line_1_72' title="bbox 461 3624 2033 3705; baseline 0.01 -26"><span class='ocrx_word' id='word_1_557' title='bbox 461 3624 674 3681; x_wconf 81' lang='lat' dir='ltr'><strong>Maced.</strong></span> <span class='ocrx_word' id='word_1_558' title='bbox 738 3628 850 3683; x_wconf 91' lang='lat' dir='ltr'><strong>Cur</strong></span> <span class='ocrx_word' id='word_1_559' title='bbox 902 3629 1067 3702; x_wconf 83' lang='lat' dir='ltr'><strong>igitur</strong></span> <span class='ocrx_word' id='word_1_560' title='bbox 1123 3631 1262 3686; x_wconf 86' lang='lat' dir='ltr'><strong>dicis</strong></span> <span class='ocrx_word' id='word_1_561' title='bbox 1311 3672 1324 3703; x_wconf 82' lang='lat'><strong>.</strong></span> <span class='ocrx_word' id='word_1_562' title='bbox 1371 3632 1575 3689; x_wconf 87' lang='lat' dir='ltr'><strong>Eodem</strong></span> <span class='ocrx_word' id='word_1_563' title='bbox 1617 3652 1728 3705; x_wconf 91' lang='lat' dir='ltr'><strong>quo</strong></span> <span class='ocrx_word' id='word_1_564' title='bbox 1786 3637 2033 3696; x_wconf 86' lang='lat' dir='ltr'><strong>homines</strong></span> 
     </span>
    </p>
   </div>
   <div class='ocr_carea' id='block_1_73' title="bbox 2150 3624 3729 3725">
    <p class='ocr_par' dir='ltr' id='par_1_73' title="bbox 2150 3624 3729 3725">
     <span class='ocr_line' id='line_1_73' title="bbox 2150 3624 3729 3725; baseline 0.004 -22"><span class='ocrx_word' id='word_1_565' title='bbox 2150 3650 2296 3718; x_wconf 80' lang='grc' dir='ltr'>Ὀρθ.</span> <span class='ocrx_word' id='word_1_566' title='bbox 2330 3651 2450 3705; x_wconf 88' lang='grc' dir='ltr'>Τῶν</span> <span class='ocrx_word' id='word_1_567' title='bbox 2476 3652 2574 3723; x_wconf 81' lang='grc' dir='ltr'>μὲν</span> <span class='ocrx_word' id='word_1_568' title='bbox 2601 3624 2921 3725; x_wconf 60' lang='grc' dir='ltr'>ἀνθριῦπιυν.</span> <span class='ocrx_word' id='word_1_569' title='bbox 2950 3624 3200 3715; x_wconf 41' lang='grc' dir='ltr'>Παύλου,</span> <span class='ocrx_word' id='word_1_570' title='bbox 3226 3654 3316 3705; x_wconf 73' lang='grc' dir='ltr'><strong>καὶ</strong></span> <span class='ocrx_word' id='word_1_571' title='bbox 3355 3624 3596 3724; x_wconf 62' lang='grc' dir='ltr'>Πέτρου,</span> <span class='ocrx_word' id='word_1_572' title='bbox 3626 3624 3729 3710; x_wconf 53' lang='grc' dir='ltr'><strong>καί</strong></span> 
     </span>
    </p>
   </div>
   <div class='ocr_carea' id='block_1_74' title="bbox 461 3716 2042 3818">
    <p class='ocr_par' dir='ltr' id='par_1_74' title="bbox 461 3716 2034 3794">
     <span class='ocr_line' id='line_1_74' title="bbox 461 3716 2034 3794; baseline 0.011 -24"><span class='ocrx_word' id='word_1_573' title='bbox 461 3717 659 3772; x_wconf 86' lang='lat' dir='ltr'><strong>modo?</strong></span> <span class='ocrx_word' id='word_1_574' title='bbox 686 3716 838 3773; x_wconf 79' lang='lat' dir='ltr'><strong>Orth.</strong></span> <span class='ocrx_word' id='word_1_575' title='bbox 869 3719 1008 3776; x_wconf 89' lang='lat' dir='ltr'><strong>Ante</strong></span> <span class='ocrx_word' id='word_1_576' title='bbox 1034 3721 1282 3780; x_wconf 90' lang='lat' dir='ltr'><strong>homines</strong></span> <span class='ocrx_word' id='word_1_577' title='bbox 1314 3725 1554 3794; x_wconf 90' lang='lat' dir='ltr'><strong>quidem,</strong></span> <span class='ocrx_word' id='word_1_578' title='bbox 1586 3725 1815 3783; x_wconf 88' lang='lat' dir='ltr'><strong>Paulum</strong></span> <span class='ocrx_word' id='word_1_579' title='bbox 1850 3739 1903 3785; x_wconf 82' lang='lat' dir='ltr'><strong>et</strong></span> <span class='ocrx_word' id='word_1_580' title='bbox 1934 3730 2034 3788; x_wconf 88' lang='lat' dir='ltr'><strong>Pe-</strong></span> 
     </span>
    </p>
   </div>
   <div class='ocr_carea' id='block_1_75' title="bbox 2150 3716 3728 3818">
    <p class='ocr_par' dir='ltr' id='par_1_75' title="bbox 2150 3716 3728 3818">
     <span class='ocr_line' id='line_1_75' title="bbox 2150 3716 3728 3818; baseline 0.004 -25"><span class='ocrx_word' id='word_1_581' title='bbox 2150 3716 2421 3812; x_wconf 83' lang='grc' dir='ltr'>Γιμοϐἐου,</span> <span class='ocrx_word' id='word_1_582' title='bbox 2456 3716 2900 3816; x_wconf 65' lang='grc' dir='ltr'>στροῦπάρχουσιν</span> <span class='ocrx_word' id='word_1_583' title='bbox 2955 3744 3249 3816; x_wconf 82' lang='grc' dir='ltr'>ἄνθρωποι,</span> <span class='ocrx_word' id='word_1_584' title='bbox 3302 3745 3397 3798; x_wconf 78' lang='grc' dir='ltr'><strong>καὶ</strong></span> <span class='ocrx_word' id='word_1_585' title='bbox 3455 3716 3728 3818; x_wconf 32' lang='grc' dir='ltr'><strong>τῶν-πρὸ</strong></span> 
     </span>
    </p>
   </div>
   <div class='ocr_carea' id='block_1_76' title="bbox 2132 3833 3724 3908">
    <p class='ocr_par' dir='ltr' id='par_1_76' title="bbox 2132 3833 3724 3908">
     <span class='ocr_line' id='line_1_76' title="bbox 2132 3833 3724 3908; baseline 0.003 -22"><span class='ocrx_word' id='word_1_586' title='bbox 2132 3833 2311 3887; x_wconf 83' lang='grc' dir='ltr'>αὐτῶν</span> <span class='ocrx_word' id='word_1_587' title='bbox 2362 3834 2543 3889; x_wconf 76' lang='grc' dir='ltr'>ἄλλοιο</span> <span class='ocrx_word' id='word_1_588' title='bbox 2575 3835 2667 3889; x_wconf 90' lang='grc' dir='ltr'><strong>τοῦ</strong></span> <span class='ocrx_word' id='word_1_589' title='bbox 2715 3836 2772 3889; x_wconf 84' lang='grc' dir='ltr'><strong>δὲ</strong></span> <span class='ocrx_word' id='word_1_590' title='bbox 2828 3836 2998 3907; x_wconf 77' lang='grc' dir='ltr'><strong>Ἀδὰμ</strong></span> <span class='ocrx_word' id='word_1_591' title='bbox 3034 3837 3095 3889; x_wconf 86' lang='grc' dir='ltr'>οὐ</span> <span class='ocrx_word' id='word_1_592' title='bbox 3142 3836 3487 3908; x_wconf 81' lang='grc' dir='ltr'>προῦπάρχει</span> <span class='ocrx_word' id='word_1_593' title='bbox 3535 3836 3724 3901; x_wconf 79' lang='grc' dir='ltr'>ἄλλος,</span> 
     </span>
    </p>
   </div>
   <div class='ocr_carea' id='block_1_77' title="bbox 2131 3926 3725 3998">
    <p class='ocr_par' dir='ltr' id='par_1_77' title="bbox 2131 3926 3725 3998">
     <span class='ocr_line' id='line_1_77' title="bbox 2131 3926 3725 3998; baseline 0.003 -20"><span class='ocrx_word' id='word_1_594' title='bbox 2131 3926 2244 3979; x_wconf 81' lang='grc' dir='ltr'>ἀλλ’</span> <span class='ocrx_word' id='word_1_595' title='bbox 2289 3926 2451 3991; x_wconf 81' lang='grc' dir='ltr'>αὐτὸς</span> <span class='ocrx_word' id='word_1_596' title='bbox 2502 3929 2529 3980; x_wconf 95' lang='lat'><strong>6</strong></span> <span class='ocrx_word' id='word_1_597' title='bbox 2580 3926 2729 3990; x_wconf 76' lang='grc' dir='ltr'>Θεὸς.</span> <span class='ocrx_word' id='word_1_598' title='bbox 2768 3927 2982 3998; x_wconf 83' lang='grc' dir='ltr'>Πατρδς</span> <span class='ocrx_word' id='word_1_599' title='bbox 3022 3927 3077 3980; x_wconf 81' lang='grc' dir='ltr'><strong>δὲ</strong></span> <span class='ocrx_word' id='word_1_600' title='bbox 3132 3929 3225 3980; x_wconf 71' lang='grc' dir='ltr'><strong>καὶ</strong></span> <span class='ocrx_word' id='word_1_601' title='bbox 3261 3926 3416 3991; x_wconf 85' lang='grc' dir='ltr'>Υἰοῦ,</span> <span class='ocrx_word' id='word_1_602' title='bbox 3448 3928 3544 3980; x_wconf 79' lang='grc' dir='ltr'><strong>καὶ</strong></span> <span class='ocrx_word' id='word_1_603' title='bbox 3561 3930 3725 3996; x_wconf 73' lang='grc' dir='ltr'>ἁγίου</span> 
     </span>
    </p>
   </div>
   <div class='ocr_carea' id='block_1_78' title="bbox 2130 4013 3727 4088">
    <p class='ocr_par' dir='ltr' id='par_1_78' title="bbox 2130 4013 3727 4088">
     <span class='ocr_line' id='line_1_78' title="bbox 2130 4013 3727 4088; baseline 0.003 -22"><span class='ocrx_word' id='word_1_604' title='bbox 2130 4013 2446 4084; x_wconf 82' lang='grc' dir='ltr'>Πνεύματος</span> <span class='ocrx_word' id='word_1_605' title='bbox 2487 4015 2635 4067; x_wconf 79' lang='grc' dir='ltr'>οὐδὲν</span> <span class='ocrx_word' id='word_1_606' title='bbox 2665 4017 3007 4087; x_wconf 80' lang='grc' dir='ltr'>προῦπάρχει</span> <span class='ocrx_word' id='word_1_607' title='bbox 3026 4032 3040 4045; x_wconf 90' lang='grc'><strong>·</strong></span> <span class='ocrx_word' id='word_1_608' title='bbox 3069 4015 3182 4068; x_wconf 81' lang='grc' dir='ltr'>ἀλλ’</span> <span class='ocrx_word' id='word_1_609' title='bbox 3221 4016 3285 4067; x_wconf 86' lang='grc' dir='ltr'><strong>ὲκ</strong></span> <span class='ocrx_word' id='word_1_610' title='bbox 3321 4015 3418 4068; x_wconf 81' lang='grc' dir='ltr'>τοῦ</span> <span class='ocrx_word' id='word_1_611' title='bbox 3442 4016 3667 4088; x_wconf 72' lang='lat' dir='ltr'><strong>lla-:96;</strong></span> <span class='ocrx_word' id='word_1_612' title='bbox 3696 4021 3727 4071; x_wconf 92' lang='lat'><strong>6</strong></span> 
     </span>
    </p>
   </div>
   <div class='ocr_carea' id='block_1_79' title="bbox 2132 4105 3726 4179">
    <p class='ocr_par' dir='ltr' id='par_1_79' title="bbox 2132 4105 3726 4179">
     <span class='ocr_line' id='line_1_79' title="bbox 2132 4105 3726 4179; baseline 0.004 -22"><span class='ocrx_word' id='word_1_613' title='bbox 2132 4105 2258 4169; x_wconf 82' lang='grc' dir='ltr'>Υἱὸς</span> <span class='ocrx_word' id='word_1_614' title='bbox 2277 4106 2619 4179; x_wconf 82' lang='grc' dir='ltr'><strong>γεγέννηται,</strong></span> <span class='ocrx_word' id='word_1_615' title='bbox 2644 4108 2813 4160; x_wconf 80' lang='grc' dir='ltr'>καὶτὸ</span> <span class='ocrx_word' id='word_1_616' title='bbox 2837 4107 3058 4177; x_wconf 79' lang='grc' dir='ltr'>Πνεῦμα</span> <span class='ocrx_word' id='word_1_617' title='bbox 3084 4106 3458 4178; x_wconf 76' lang='grc' dir='ltr'>ἐκπορεύεται.</span> <span class='ocrx_word' id='word_1_618' title='bbox 3484 4108 3726 4164; x_wconf 71' lang='lat' dir='ltr'><strong>arma.</strong></span> 
     </span>
    </p>
   </div>
   <div class='ocr_carea' id='block_1_80' title="bbox 2130 4196 3725 4270">
    <p class='ocr_par' dir='ltr' id='par_1_80' title="bbox 2130 4196 3725 4270">
     <span class='ocr_line' id='line_1_80' title="bbox 2130 4196 3725 4270; baseline 0.004 -21"><span class='ocrx_word' id='word_1_619' title='bbox 2130 4198 2245 4251; x_wconf 80' lang='grc' dir='ltr'><strong>Οὐκ</strong></span> <span class='ocrx_word' id='word_1_620' title='bbox 2301 4197 2447 4252; x_wconf 78' lang='grc' dir='ltr'>ἐστιν</span> <span class='ocrx_word' id='word_1_621' title='bbox 2494 4196 2586 4252; x_wconf 80' lang='grc' dir='ltr'>οὖν</span> <span class='ocrx_word' id='word_1_622' title='bbox 2640 4199 2732 4252; x_wconf 90' lang='grc' dir='ltr'>τοῦ</span> <span class='ocrx_word' id='word_1_623' title='bbox 2787 4199 2918 4253; x_wconf 83' lang='grc' dir='ltr'>Υἱοῦ</span> <span class='ocrx_word' id='word_1_624' title='bbox 2944 4201 3004 4252; x_wconf 88' lang='grc' dir='ltr'>τὸ</span> <span class='ocrx_word' id='word_1_625' title='bbox 3041 4200 3293 4270; x_wconf 86' lang='grc' dir='ltr'>Πνεῦμα;</span> <span class='ocrx_word' id='word_1_626' title='bbox 3343 4200 3500 4268; x_wconf 76' lang='grc' dir='ltr'>Ὀρθ.</span> <span class='ocrx_word' id='word_1_627' title='bbox 3528 4201 3725 4255; x_wconf 73' lang='grc' dir='ltr'>Πάντα</span> 
     </span>
    </p>
   </div>
   <div class='ocr_carea' id='block_1_81' title="bbox 2133 4287 3724 4363">
    <p class='ocr_par' dir='ltr' id='par_1_81' title="bbox 2133 4287 3724 4363">
     <span class='ocr_line' id='line_1_81' title="bbox 2133 4287 3724 4363; baseline 0.003 -22"><span class='ocrx_word' id='word_1_628' title='bbox 2133 4287 2233 4359; x_wconf 82' lang='grc' dir='ltr'>μὲν</span> <span class='ocrx_word' id='word_1_629' title='bbox 2282 4289 2352 4341; x_wconf 77' lang='grc' dir='ltr'>τὰ</span> <span class='ocrx_word' id='word_1_630' title='bbox 2382 4290 2476 4343; x_wconf 90' lang='grc' dir='ltr'>τοῦ</span> <span class='ocrx_word' id='word_1_631' title='bbox 2543 4291 2775 4362; x_wconf 83' lang='grc' dir='ltr'>Πατρὸς,</span> <span class='ocrx_word' id='word_1_632' title='bbox 2814 4292 2923 4344; x_wconf 73' lang='grc' dir='ltr'>εἰσὶ</span> <span class='ocrx_word' id='word_1_633' title='bbox 2972 4290 3066 4343; x_wconf 80' lang='grc' dir='ltr'><strong>καὶ</strong></span> <span class='ocrx_word' id='word_1_634' title='bbox 3093 4291 3185 4345; x_wconf 84' lang='grc' dir='ltr'><strong>τοῦ</strong></span> <span class='ocrx_word' id='word_1_635' title='bbox 3210 4291 3360 4344; x_wconf 85' lang='grc' dir='ltr'>Υἰοῦ.</span> <span class='ocrx_word' id='word_1_636' title='bbox 3399 4293 3513 4344; x_wconf 78' lang='grc' dir='ltr'>Καὶ</span> <span class='ocrx_word' id='word_1_637' title='bbox 3551 4292 3667 4363; x_wconf 77' lang='grc' dir='ltr'><strong>γὰρ</strong></span> <span class='ocrx_word' id='word_1_638' title='bbox 3692 4294 3724 4345; x_wconf 86' lang='lat'><strong>6</strong></span> 
     </span>
    </p>
   </div>
   <div class='ocr_carea' id='block_1_82' title="bbox 456 4351 2042 4454">
    <p class='ocr_par' dir='ltr' id='par_1_82' title="bbox 456 4351 2029 4433">
     <span class='ocr_line' id='line_1_82' title="bbox 456 4351 2029 4433; baseline 0.01 -28"><span class='ocrx_word' id='word_1_639' title='bbox 456 4351 656 4421; x_wconf 85' lang='lat' dir='ltr'><strong>Patris,</strong></span> <span class='ocrx_word' id='word_1_640' title='bbox 712 4363 841 4411; x_wconf 87' lang='lat' dir='ltr'><strong>sunt</strong></span> <span class='ocrx_word' id='word_1_641' title='bbox 893 4357 1056 4411; x_wconf 90' lang='lat' dir='ltr'><strong>etiam</strong></span> <span class='ocrx_word' id='word_1_642' title='bbox 1090 4355 1210 4431; x_wconf 82' lang='lat' dir='ltr'><strong>Filii</strong></span> <span class='ocrx_word' id='word_1_643' title='bbox 1241 4376 1253 4411; x_wconf 79' lang='grc' dir='ltr'>ε</span> <span class='ocrx_word' id='word_1_644' title='bbox 1281 4374 1407 4412; x_wconf 90' lang='lat' dir='ltr'><strong>nam</strong></span> <span class='ocrx_word' id='word_1_645' title='bbox 1461 4368 1694 4416; x_wconf 83' lang='lat' dir='ltr'><strong>testatur</strong></span> <span class='ocrx_word' id='word_1_646' title='bbox 1736 4364 2029 4433; x_wconf 88' lang='lat' dir='ltr'><strong>Apostolus</strong></span> 
     </span>
    </p>
   </div>
   <div class='ocr_carea' id='block_1_83' title="bbox 2150 4351 3722 4454">
    <p class='ocr_par' dir='ltr' id='par_1_83' title="bbox 2150 4351 3722 4454">
     <span class='ocr_line' id='line_1_83' title="bbox 2150 4351 3722 4454; baseline 0.003 -21"><span class='ocrx_word' id='word_1_647' title='bbox 2150 4380 2461 4445; x_wconf 84' lang='grc' dir='ltr'>Ἀπόστολος</span> <span class='ocrx_word' id='word_1_648' title='bbox 2516 4351 2678 4451; x_wconf 43' lang='grc' dir='ltr'>λέγει,</span> <span class='ocrx_word' id='word_1_649' title='bbox 2720 4351 2812 4435; x_wconf 63' lang='grc' dir='ltr'>διαὶ</span> <span class='ocrx_word' id='word_1_650' title='bbox 2870 4382 2964 4435; x_wconf 88' lang='grc' dir='ltr'>τοῦ</span> <span class='ocrx_word' id='word_1_651' title='bbox 3016 4383 3246 4454; x_wconf 83' lang='grc' dir='ltr'>Πατρδς,</span> <span class='ocrx_word' id='word_1_652' title='bbox 3300 4382 3393 4435; x_wconf 79' lang='grc' dir='ltr'><strong>καὶ</strong></span> <span class='ocrx_word' id='word_1_653' title='bbox 3429 4382 3526 4436; x_wconf 90' lang='grc' dir='ltr'>τοῦ</span> <span class='ocrx_word' id='word_1_654' title='bbox 3564 4351 3722 4437; x_wconf 49' lang='grc' dir='ltr'>’Υἱοῦ</span> 
     </span>
    </p>
   </div>
   <div class='ocr_carea' id='block_1_84' title="bbox 456 4437 2042 4545">
    <p class='ocr_par' dir='ltr' id='par_1_84' title="bbox 456 4445 2026 4517">
     <span class='ocr_line' id='line_1_84' title="bbox 456 4445 2026 4517; baseline 0.008 -19"><span class='ocrx_word' id='word_1_655' title='bbox 456 4460 694 4515; x_wconf 90' lang='lat' dir='ltr'><strong>quoque,</strong></span> <span class='ocrx_word' id='word_1_656' title='bbox 725 4445 992 4517; x_wconf 90' lang='lat' dir='ltr'><strong>Spiritum</strong></span> <span class='ocrx_word' id='word_1_657' title='bbox 1024 4463 1149 4503; x_wconf 87' lang='lat' dir='ltr'><strong>esse</strong></span> <span class='ocrx_word' id='word_1_658' title='bbox 1184 4457 1238 4503; x_wconf 90' lang='lat' dir='ltr'><strong>ct</strong></span> <span class='ocrx_word' id='word_1_659' title='bbox 1266 4449 1447 4508; x_wconf 87' lang='lat' dir='ltr'><strong>Patris</strong></span> <span class='ocrx_word' id='word_1_660' title='bbox 1474 4459 1527 4506; x_wconf 88' lang='lat' dir='ltr'><strong>et</strong></span> <span class='ocrx_word' id='word_1_661' title='bbox 1561 4451 1705 4507; x_wconf 88' lang='lat' dir='ltr'><strong>Filii.</strong></span> <span class='ocrx_word' id='word_1_662' title='bbox 1754 4453 1846 4510; x_wconf 91' lang='lat' dir='ltr'><strong>Sic</strong></span> <span class='ocrx_word' id='word_1_663' title='bbox 1881 4458 2026 4511; x_wconf 88' lang='lat' dir='ltr'><strong>enim</strong></span> 
     </span>
    </p>
   </div>
   <div class='ocr_carea' id='block_1_85' title="bbox 2150 4437 3721 4545">
    <p class='ocr_par' dir='ltr' id='par_1_85' title="bbox 2150 4437 3721 4545">
     <span class='ocr_line' id='line_1_85' title="bbox 2150 4437 3721 4545; baseline 0.003 -21"><span class='ocrx_word' id='word_1_664' title='bbox 2150 4469 2265 4526; x_wconf 71' lang='grc' dir='ltr'>ιῖναι</span> <span class='ocrx_word' id='word_1_665' title='bbox 2298 4473 2358 4526; x_wconf 81' lang='grc' dir='ltr'>τὸ</span> <span class='ocrx_word' id='word_1_666' title='bbox 2389 4437 2633 4545; x_wconf 74' lang='grc' dir='ltr'>Πνεῦμα,</span> <span class='ocrx_word' id='word_1_667' title='bbox 2663 4473 2835 4536; x_wconf 73' lang='grc' dir='ltr'>οὕτως</span> <span class='ocrx_word' id='word_1_668' title='bbox 2858 4474 3056 4542; x_wconf 80' lang='grc' dir='ltr'>λέγων’</span> <span class='ocrx_word' id='word_1_669' title='bbox 3099 4437 3339 4544; x_wconf 27' lang='lat' dir='ltr'><strong>«arua;</strong></span> <span class='ocrx_word' id='word_1_670' title='bbox 3370 4473 3428 4527; x_wconf 86' lang='grc' dir='ltr'><strong>δὲ</strong></span> <span class='ocrx_word' id='word_1_671' title='bbox 3454 4474 3561 4527; x_wconf 80' lang='grc' dir='ltr'><strong>οὐκ</strong></span> <span class='ocrx_word' id='word_1_672' title='bbox 3592 4476 3721 4528; x_wconf 78' lang='grc' dir='ltr'><strong>ἐστὲ</strong></span> 
     </span>
    </p>
   </div>
   <div class='ocr_carea' id='block_1_86' title="bbox 458 4537 2042 4638">
    <p class='ocr_par' dir='ltr' id='par_1_86' title="bbox 458 4537 2028 4614">
     <span class='ocr_line' id='line_1_86' title="bbox 458 4537 2028 4614; baseline 0.011 -25"><span class='ocrx_word' id='word_1_673' title='bbox 458 4538 736 4606; x_wconf 89' lang='lat' dir='ltr'><strong>loquitur:</strong></span> <span class='ocrx_word' id='word_1_674' title='bbox 773 4558 792 4588; x_wconf 72' lang='grc' dir='ltr'>ε</span> <span class='ocrx_word' id='word_1_675' title='bbox 826 4537 934 4593; x_wconf 87' lang='lat' dir='ltr'><strong>Vos</strong></span> <span class='ocrx_word' id='word_1_676' title='bbox 966 4548 1145 4596; x_wconf 88' lang='lat' dir='ltr'><strong>autem</strong></span> <span class='ocrx_word' id='word_1_677' title='bbox 1187 4542 1242 4597; x_wconf 93' lang='lat' dir='ltr'><strong>in</strong></span> <span class='ocrx_word' id='word_1_678' title='bbox 1277 4558 1443 4599; x_wconf 89' lang='lat' dir='ltr'><strong>carne</strong></span> <span class='ocrx_word' id='word_1_679' title='bbox 1494 4561 1604 4599; x_wconf 91' lang='lat' dir='ltr'><strong>non</strong></span> <span class='ocrx_word' id='word_1_680' title='bbox 1656 4549 1812 4614; x_wconf 90' lang='lat' dir='ltr'><strong>estis,</strong></span> <span class='ocrx_word' id='word_1_681' title='bbox 1842 4548 1937 4605; x_wconf 90' lang='lat' dir='ltr'><strong>sed</strong></span> <span class='ocrx_word' id='word_1_682' title='bbox 1972 4551 2028 4607; x_wconf 90' lang='lat' dir='ltr'><strong>in</strong></span> 
     </span>
    </p>
   </div>
   <div class='ocr_carea' id='block_1_87' title="bbox 2150 4537 3723 4638">
    <p class='ocr_par' dir='ltr' id='par_1_87' title="bbox 2150 4565 3723 4638">
     <span class='ocr_line' id='line_1_87' title="bbox 2150 4565 3723 4638; baseline 0.003 -22"><span class='ocrx_word' id='word_1_683' title='bbox 2150 4582 2186 4616; x_wconf 73' lang='grc' dir='ltr'><strong>ιν</strong></span> <span class='ocrx_word' id='word_1_684' title='bbox 2214 4567 2396 4637; x_wconf 73' lang='grc' dir='ltr'>σαρκὶ,</span> <span class='ocrx_word' id='word_1_685' title='bbox 2427 4566 2540 4620; x_wconf 78' lang='grc' dir='ltr'>ἀλλ’</span> <span class='ocrx_word' id='word_1_686' title='bbox 2572 4569 2628 4619; x_wconf 80' lang='grc' dir='ltr'>ἐν</span> <span class='ocrx_word' id='word_1_687' title='bbox 2654 4569 2943 4638; x_wconf 84' lang='grc' dir='ltr'>πνεύματι,</span> <span class='ocrx_word' id='word_1_688' title='bbox 2971 4568 3128 4637; x_wconf 75' lang='grc' dir='ltr'>εἴπερ</span> <span class='ocrx_word' id='word_1_689' title='bbox 3152 4565 3376 4636; x_wconf 83' lang='grc' dir='ltr'>Πνεῦμα</span> <span class='ocrx_word' id='word_1_690' title='bbox 3408 4565 3549 4619; x_wconf 87' lang='grc' dir='ltr'>Θεοῦ</span> <span class='ocrx_word' id='word_1_691' title='bbox 3577 4570 3723 4620; x_wconf 82' lang='grc' dir='ltr'>οἰκεῖ</span> 
     </span>
    </p>
   </div>
   <div class='ocr_carea' id='block_1_88' title="bbox 456 4630 2042 4730">
    <p class='ocr_par' dir='ltr' id='par_1_88' title="bbox 456 4630 2024 4707">
     <span class='ocr_line' id='line_1_88' title="bbox 456 4630 2024 4707; baseline 0.009 -23"><span class='ocrx_word' id='word_1_692' title='bbox 456 4630 766 4707; x_wconf 80' lang='lat' dir='ltr'><strong>spiritu;si</strong></span> <span class='ocrx_word' id='word_1_693' title='bbox 813 4638 994 4688; x_wconf 87' lang='lat' dir='ltr'><strong>tamen</strong></span> <span class='ocrx_word' id='word_1_694' title='bbox 1046 4630 1283 4704; x_wconf 87' lang='lat' dir='ltr'><strong>Spiritus</strong></span> <span class='ocrx_word' id='word_1_695' title='bbox 1335 4634 1429 4691; x_wconf 92' lang='lat' dir='ltr'><strong>Dei</strong></span> <span class='ocrx_word' id='word_1_696' title='bbox 1478 4637 1688 4693; x_wconf 86' lang='lat' dir='ltr'><strong>habitat</strong></span> <span class='ocrx_word' id='word_1_697' title='bbox 1740 4640 1795 4695; x_wconf 90' lang='lat' dir='ltr'><strong>in</strong></span> <span class='ocrx_word' id='word_1_698' title='bbox 1848 4642 2024 4701; x_wconf 88' lang='lat' dir='ltr'><strong>vobis.</strong></span> 
     </span>
    </p>
   </div>
   <div class='ocr_carea' id='block_1_89' title="bbox 2150 4630 3720 4730">
    <p class='ocr_par' dir='ltr' id='par_1_89' title="bbox 2150 4630 3720 4730">
     <span class='ocr_line' id='line_1_89' title="bbox 2150 4630 3720 4730; baseline 0.003 -24"><span class='ocrx_word' id='word_1_699' title='bbox 2150 4674 2186 4707; x_wconf 72' lang='lat' dir='ltr'><strong>;v</strong></span> <span class='ocrx_word' id='word_1_700' title='bbox 2219 4630 2367 4727; x_wconf 74' lang='grc' dir='ltr'>ὑμῖν.</span> <span class='ocrx_word' id='word_1_701' title='bbox 2396 4659 2460 4711; x_wconf 77' lang='grc' dir='ltr'><strong>Εἰ</strong></span> <span class='ocrx_word' id='word_1_702' title='bbox 2516 4658 2573 4711; x_wconf 83' lang='grc' dir='ltr'><strong>δέ</strong></span> <span class='ocrx_word' id='word_1_703' title='bbox 2602 4676 2686 4722; x_wconf 89' lang='grc' dir='ltr'><strong>τις</strong></span> <span class='ocrx_word' id='word_1_704' title='bbox 2728 4630 2954 4729; x_wconf 81' lang='grc' dir='ltr'>Πνεῦμα</span> <span class='ocrx_word' id='word_1_705' title='bbox 2996 4630 3231 4730; x_wconf 67' lang='grc' dir='ltr'>Χριστοῦ</span> <span class='ocrx_word' id='word_1_706' title='bbox 3268 4630 3368 4710; x_wconf 71' lang='grc' dir='ltr'>οῦκ</span> <span class='ocrx_word' id='word_1_707' title='bbox 3390 4655 3530 4726; x_wconf 76' lang='grc' dir='ltr'>ἔχει,</span> <span class='ocrx_word' id='word_1_708' title='bbox 3563 4652 3720 4720; x_wconf 76' lang='grc' dir='ltr'>οὗτος</span> 
     </span>
    </p>
   </div>
   <div class='ocr_carea' id='block_1_90' title="bbox 455 4722 2042 4822">
    <p class='ocr_par' dir='ltr' id='par_1_90' title="bbox 455 4722 2028 4795">
     <span class='ocr_line' id='line_1_90' title="bbox 455 4722 2028 4795; baseline 0.01 -21"><span class='ocrx_word' id='word_1_709' title='bbox 455 4722 611 4788; x_wconf 89' lang='lat' dir='ltr'><strong>Quod</strong></span> <span class='ocrx_word' id='word_1_710' title='bbox 635 4723 681 4776; x_wconf 93' lang='lat' dir='ltr'><strong>si</strong></span> <span class='ocrx_word' id='word_1_711' title='bbox 713 4723 836 4793; x_wconf 91' lang='lat' dir='ltr'><strong>quis</strong></span> <span class='ocrx_word' id='word_1_712' title='bbox 878 4722 1139 4794; x_wconf 91' lang='lat' dir='ltr'><strong>Spiritum</strong></span> <span class='ocrx_word' id='word_1_713' title='bbox 1190 4726 1393 4782; x_wconf 91' lang='lat' dir='ltr'><strong>Christi</strong></span> <span class='ocrx_word' id='word_1_714' title='bbox 1459 4744 1568 4783; x_wconf 90' lang='lat' dir='ltr'><strong>non</strong></span> <span class='ocrx_word' id='word_1_715' title='bbox 1617 4730 1800 4795; x_wconf 85' lang='lat' dir='ltr'><strong>habet,</strong></span> <span class='ocrx_word' id='word_1_716' title='bbox 1838 4733 1885 4789; x_wconf 89' lang='lat' dir='ltr'><strong>is</strong></span> <span class='ocrx_word' id='word_1_717' title='bbox 1918 4750 2028 4790; x_wconf 91' lang='lat' dir='ltr'><strong>non</strong></span> 
     </span>
    </p>
   </div>
   <div class='ocr_carea' id='block_1_91' title="bbox 2150 4722 3721 4822">
    <p class='ocr_par' dir='ltr' id='par_1_91' title="bbox 2150 4722 3721 4822">
     <span class='ocr_line' id='line_1_91' title="bbox 2150 4722 3721 4822; baseline 0.003 -23"><span class='ocrx_word' id='word_1_718' title='bbox 2150 4749 2228 4801; x_wconf 61' lang='lat' dir='ltr'><strong>ex</strong></span> <span class='ocrx_word' id='word_1_719' title='bbox 2250 4722 2394 4802; x_wconf 71' lang='grc' dir='ltr'>ἐστιν</span> <span class='ocrx_word' id='word_1_720' title='bbox 2422 4750 2607 4805; x_wconf 85' lang='grc' dir='ltr'>αὐτοῦ.</span> <span class='ocrx_word' id='word_1_721' title='bbox 2639 4751 2702 4804; x_wconf 74' lang='lat' dir='ltr'><strong>Et</strong></span> <span class='ocrx_word' id='word_1_722' title='bbox 2731 4722 3117 4822; x_wconf 58' lang='grc' dir='ltr'>δὲΧριστὸςεν</span> <span class='ocrx_word' id='word_1_723' title='bbox 3146 4751 3294 4820; x_wconf 82' lang='grc' dir='ltr'>ὑμῖν,</span> <span class='ocrx_word' id='word_1_724' title='bbox 3329 4749 3390 4801; x_wconf 80' lang='grc' dir='ltr'>τὸ</span> <span class='ocrx_word' id='word_1_725' title='bbox 3420 4722 3525 4818; x_wconf 55' lang='grc' dir='ltr'><strong>μὲν</strong></span> <span class='ocrx_word' id='word_1_726' title='bbox 3554 4749 3721 4820; x_wconf 81' lang='grc' dir='ltr'>σῶμα</span> 
     </span>
    </p>
   </div>
   <div class='ocr_carea' id='block_1_92' title="bbox 456 4812 2042 4915">
    <p class='ocr_par' dir='ltr' id='par_1_92' title="bbox 456 4812 2028 4895">
     <span class='ocr_line' id='line_1_92' title="bbox 456 4812 2028 4895; baseline 0.011 -32"><span class='ocrx_word' id='word_1_727' title='bbox 456 4823 538 4867; x_wconf 75' lang='lat' dir='ltr'><strong>est</strong></span> <span class='ocrx_word' id='word_1_728' title='bbox 580 4812 720 4882; x_wconf 89' lang='lat' dir='ltr'><strong>ejus.</strong></span> <span class='ocrx_word' id='word_1_729' title='bbox 759 4813 815 4867; x_wconf 92' lang='lat' dir='ltr'><strong>Si</strong></span> <span class='ocrx_word' id='word_1_730' title='bbox 846 4823 1026 4869; x_wconf 86' lang='lat' dir='ltr'><strong>autem</strong></span> <span class='ocrx_word' id='word_1_731' title='bbox 1061 4816 1315 4873; x_wconf 85' lang='lat' dir='ltr'><strong>Christus</strong></span> <span class='ocrx_word' id='word_1_732' title='bbox 1366 4819 1420 4872; x_wconf 92' lang='lat' dir='ltr'><strong>in</strong></span> <span class='ocrx_word' id='word_1_733' title='bbox 1466 4820 1623 4876; x_wconf 86' lang='lat' dir='ltr'><strong>vobis</strong></span> <span class='ocrx_word' id='word_1_734' title='bbox 1672 4830 1778 4888; x_wconf 90' lang='lat' dir='ltr'><strong>est,</strong></span> <span class='ocrx_word' id='word_1_735' title='bbox 1825 4839 2028 4895; x_wconf 87' lang='lat' dir='ltr'><strong>corpus</strong></span> 
     </span>
    </p>
   </div>
   <div class='ocr_carea' id='block_1_93' title="bbox 2150 4812 3720 4915">
    <p class='ocr_par' dir='ltr' id='par_1_93' title="bbox 2150 4812 3720 4915">
     <span class='ocr_line' id='line_1_93' title="bbox 2150 4812 3720 4915; baseline 0.001 -22"><span class='ocrx_word' id='word_1_736' title='bbox 2150 4842 2318 4913; x_wconf 75' lang='grc' dir='ltr'>νεκρὸν</span> <span class='ocrx_word' id='word_1_737' title='bbox 2346 4842 2412 4895; x_wconf 85' lang='grc' dir='ltr'>δι’</span> <span class='ocrx_word' id='word_1_738' title='bbox 2450 4845 2743 4915; x_wconf 84' lang='grc' dir='ltr'>ἁμαρτίαν,</span> <span class='ocrx_word' id='word_1_739' title='bbox 2799 4812 2864 4896; x_wconf 64' lang='grc' dir='ltr'><strong>τό</strong></span> <span class='ocrx_word' id='word_1_740' title='bbox 2911 4843 2966 4896; x_wconf 78' lang='grc' dir='ltr'><strong>δὲ</strong></span> <span class='ocrx_word' id='word_1_741' title='bbox 3007 4812 3222 4913; x_wconf 57' lang='grc' dir='ltr'>ἀνεῦμα</span> <span class='ocrx_word' id='word_1_742' title='bbox 3255 4840 3367 4913; x_wconf 78' lang='grc' dir='ltr'><strong>ζωὴ</strong></span> <span class='ocrx_word' id='word_1_743' title='bbox 3392 4812 3481 4895; x_wconf 73' lang='grc' dir='ltr'><strong>δὶά</strong></span> <span class='ocrx_word' id='word_1_744' title='bbox 3510 4812 3720 4895; x_wconf 59' lang='grc' dir='ltr'>δικαιο-</span> 
     </span>
    </p>
   </div>
   <div class='ocr_carea' id='block_1_94' title="bbox 458 4905 2042 5005">
    <p class='ocr_par' dir='ltr' id='par_1_94' title="bbox 458 4905 2027 4986">
     <span class='ocr_line' id='line_1_94' title="bbox 458 4905 2027 4986; baseline 0.01 -28"><span class='ocrx_word' id='word_1_745' title='bbox 458 4905 678 4975; x_wconf 81' lang='lat' dir='ltr'><strong>quidem</strong></span> <span class='ocrx_word' id='word_1_746' title='bbox 717 4917 993 4962; x_wconf 90' lang='lat' dir='ltr'><strong>mortuum</strong></span> <span class='ocrx_word' id='word_1_747' title='bbox 1037 4916 1121 4964; x_wconf 87' lang='lat' dir='ltr'><strong>est</strong></span> <span class='ocrx_word' id='word_1_748' title='bbox 1170 4920 1394 4980; x_wconf 86' lang='lat' dir='ltr'><strong>propter</strong></span> <span class='ocrx_word' id='word_1_749' title='bbox 1441 4924 1745 4981; x_wconf 87' lang='lat' dir='ltr'><strong>peccatum,</strong></span> <span class='ocrx_word' id='word_1_750' title='bbox 1800 4918 2027 4986; x_wconf 85' lang='lat' dir='ltr'><strong>spiritus</strong></span> 
     </span>
    </p>
   </div>
   <div class='ocr_carea' id='block_1_95' title="bbox 2150 4905 3720 5005">
    <p class='ocr_par' dir='ltr' id='par_1_95' title="bbox 2150 4905 3720 5005">
     <span class='ocr_line' id='line_1_95' title="bbox 2150 4905 3720 5005; baseline 0.001 -21"><span class='ocrx_word' id='word_1_751' title='bbox 2150 4905 2313 5005; x_wconf 60' lang='lat' dir='ltr'><strong>iu&#39;vijv.</strong></span> <span class='ocrx_word' id='word_1_752' title='bbox 2374 4935 2437 4986; x_wconf 80' lang='grc' dir='ltr'><strong>Εἰ</strong></span> <span class='ocrx_word' id='word_1_753' title='bbox 2490 4905 2668 4986; x_wconf 48' lang='grc' dir='ltr'>δὲ’τὸ</span> <span class='ocrx_word' id='word_1_754' title='bbox 2714 4905 2937 5003; x_wconf 87' lang='grc' dir='ltr'>Πνεῦμα</span> <span class='ocrx_word' id='word_1_755' title='bbox 2981 4933 3075 4986; x_wconf 89' lang='grc' dir='ltr'><strong>τοῦ</strong></span> <span class='ocrx_word' id='word_1_756' title='bbox 3114 4905 3416 5004; x_wconf 74' lang='grc' dir='ltr'>ἐγείροντος</span> <span class='ocrx_word' id='word_1_757' title='bbox 3471 4933 3720 5004; x_wconf 81' lang='grc' dir='ltr'>Χριστὸν</span> 
     </span>
    </p>
   </div>
   <div class='ocr_carea' id='block_1_96' title="bbox 461 4989 2042 5093">
    <p class='ocr_par' dir='ltr' id='par_1_96' title="bbox 461 4989 2027 5079">
     <span class='ocr_line' id='line_1_96' title="bbox 461 4989 2027 5079; baseline 0.01 -30"><span class='ocrx_word' id='word_1_758' title='bbox 461 4989 587 5050; x_wconf 75' lang='lat' dir='ltr'><strong>vero</strong></span> <span class='ocrx_word' id='word_1_759' title='bbox 623 4997 753 5051; x_wconf 84' lang='lat' dir='ltr'><strong>vivit</strong></span> <span class='ocrx_word' id='word_1_760' title='bbox 788 5005 1011 5069; x_wconf 83' lang='lat' dir='ltr'><strong>prOpter</strong></span> <span class='ocrx_word' id='word_1_761' title='bbox 1041 4998 1512 5069; x_wconf 81' lang='lat' dir='ltr'><strong>justiﬁeationem.</strong></span> <span class='ocrx_word' id='word_1_762' title='bbox 1564 5003 1722 5071; x_wconf 87' lang='lat' dir='ltr'><strong>Quod</strong></span> <span class='ocrx_word' id='word_1_763' title='bbox 1767 5008 1811 5062; x_wconf 92' lang='lat' dir='ltr'><strong>si</strong></span> <span class='ocrx_word' id='word_1_764' title='bbox 1849 5007 2027 5079; x_wconf 90' lang='lat' dir='ltr'><strong>Spiri-</strong></span> 
     </span>
    </p>
   </div>
   <div class='ocr_carea' id='block_1_97' title="bbox 2150 4989 3717 5093">
    <p class='ocr_par' dir='ltr' id='par_1_97' title="bbox 2150 5016 3717 5093">
     <span class='ocr_line' id='line_1_97' title="bbox 2150 5016 3717 5093; baseline -0.003 -19"><span class='ocrx_word' id='word_1_765' title='bbox 2150 5021 2344 5093; x_wconf 86' lang='grc' dir='ltr'>Ἰησοῦν</span> <span class='ocrx_word' id='word_1_766' title='bbox 2400 5023 2463 5074; x_wconf 87' lang='grc' dir='ltr'>ὲκ</span> <span class='ocrx_word' id='word_1_767' title='bbox 2500 5020 2608 5075; x_wconf 85' lang='grc' dir='ltr'>τῶν</span> <span class='ocrx_word' id='word_1_768' title='bbox 2659 5020 2867 5091; x_wconf 79' lang='grc' dir='ltr'>νεκρῶν</span> <span class='ocrx_word' id='word_1_769' title='bbox 2917 5022 3057 5074; x_wconf 88' lang='grc' dir='ltr'>οἰκεῖ</span> <span class='ocrx_word' id='word_1_770' title='bbox 3092 5020 3150 5071; x_wconf 84' lang='grc' dir='ltr'>ὲν</span> <span class='ocrx_word' id='word_1_771' title='bbox 3194 5020 3354 5089; x_wconf 83' lang='grc' dir='ltr'>ὑμῖν,</span> <span class='ocrx_word' id='word_1_772' title='bbox 3380 5016 3717 5089; x_wconf 76' lang='grc' dir='ltr'>ζωοποιήσει</span> 
     </span>
    </p>
   </div>
   <div class='ocr_carea' id='block_1_98' title="bbox 461 5088 2042 5184">
    <p class='ocr_par' dir='ltr' id='par_1_98' title="bbox 461 5088 2027 5165">
     <span class='ocr_line' id='line_1_98' title="bbox 461 5088 2027 5165; baseline 0.01 -24"><span class='ocrx_word' id='word_1_773' title='bbox 461 5097 549 5161; x_wconf 77' lang='lat' dir='ltr'><strong>tus</strong></span> <span class='ocrx_word' id='word_1_774' title='bbox 590 5088 710 5157; x_wconf 92' lang='lat' dir='ltr'><strong>ejus</strong></span> <span class='ocrx_word' id='word_1_775' title='bbox 748 5090 843 5165; x_wconf 91' lang='lat' dir='ltr'><strong>qui</strong></span> <span class='ocrx_word' id='word_1_776' title='bbox 878 5091 1165 5144; x_wconf 87' lang='lat' dir='ltr'><strong>suscitavit</strong></span> <span class='ocrx_word' id='word_1_777' title='bbox 1192 5092 1377 5147; x_wconf 83' lang='lat' dir='ltr'><strong>Jesum</strong></span> <span class='ocrx_word' id='word_1_778' title='bbox 1412 5094 1692 5150; x_wconf 88' lang='lat' dir='ltr'><strong>Christum</strong></span> <span class='ocrx_word' id='word_1_779' title='bbox 1725 5112 1755 5152; x_wconf 87' lang='lat' dir='ltr'><strong>a</strong></span> <span class='ocrx_word' id='word_1_780' title='bbox 1794 5100 2027 5157; x_wconf 86' lang='lat' dir='ltr'><strong>mortuis</strong></span> 
     </span>
    </p>
   </div>
   <div class='ocr_carea' id='block_1_99' title="bbox 2150 5088 3715 5184">
    <p class='ocr_par' dir='ltr' id='par_1_99' title="bbox 2150 5109 3715 5184">
     <span class='ocr_line' id='line_1_99' title="bbox 2150 5109 3715 5184; baseline -0.002 -18"><span class='ocrx_word' id='word_1_781' title='bbox 2150 5114 2221 5166; x_wconf 79' lang='grc' dir='ltr'>ιαὶ</span> <span class='ocrx_word' id='word_1_782' title='bbox 2248 5111 2315 5165; x_wconf 80' lang='grc' dir='ltr'>τὰ</span> <span class='ocrx_word' id='word_1_783' title='bbox 2331 5112 2499 5183; x_wconf 85' lang='grc' dir='ltr'>Θνητὰ</span> <span class='ocrx_word' id='word_1_784' title='bbox 2522 5111 2748 5183; x_wconf 80' lang='grc' dir='ltr'>σώματα</span> <span class='ocrx_word' id='word_1_785' title='bbox 2772 5111 2924 5184; x_wconf 84' lang='grc' dir='ltr'>ὑμῶν</span> <span class='ocrx_word' id='word_1_786' title='bbox 2952 5112 3040 5167; x_wconf 76' lang='grc' dir='ltr'>διὰ</span> <span class='ocrx_word' id='word_1_787' title='bbox 3055 5112 3146 5165; x_wconf 91' lang='grc' dir='ltr'>τοῦ</span> <span class='ocrx_word' id='word_1_788' title='bbox 3178 5109 3514 5174; x_wconf 85' lang='grc' dir='ltr'>ἐνοικοῦντος</span> <span class='ocrx_word' id='word_1_789' title='bbox 3544 5111 3715 5163; x_wconf 76' lang='grc' dir='ltr'>αὐτοῦ</span> 
     </span>
    </p>
   </div>
   <div class='ocr_carea' id='block_1_100' title="bbox 2126 5197 3713 5277">
    <p class='ocr_par' dir='ltr' id='par_1_100' title="bbox 2126 5197 3713 5277">
     <span class='ocr_line' id='line_1_100' title="bbox 2126 5197 3713 5277; baseline -0.001 -20"><span class='ocrx_word' id='word_1_790' title='bbox 2126 5204 2437 5276; x_wconf 83' lang='grc' dir='ltr'>Πνεύματος</span> <span class='ocrx_word' id='word_1_791' title='bbox 2472 5207 2529 5258; x_wconf 81' lang='grc' dir='ltr'>ὲν</span> <span class='ocrx_word' id='word_1_792' title='bbox 2584 5206 2730 5277; x_wconf 80' lang='grc' dir='ltr'>ὑμῖν.</span> <span class='ocrx_word' id='word_1_793' title='bbox 2763 5224 2780 5256; x_wconf 75' lang='grc' dir='ltr'><strong>ι</strong></span> <span class='ocrx_word' id='word_1_794' title='bbox 2814 5206 2925 5259; x_wconf 73' lang='grc' dir='ltr'><strong>Καὶ</strong></span> <span class='ocrx_word' id='word_1_795' title='bbox 2951 5206 3114 5268; x_wconf 80' lang='grc' dir='ltr'>αὐτὸς</span> <span class='ocrx_word' id='word_1_796' title='bbox 3143 5205 3201 5258; x_wconf 81' lang='grc' dir='ltr'><strong>δὲ</strong></span> <span class='ocrx_word' id='word_1_797' title='bbox 3226 5207 3256 5258; x_wconf 92' lang='lat'><strong>6</strong></span> <span class='ocrx_word' id='word_1_798' title='bbox 3284 5203 3413 5267; x_wconf 79' lang='grc' dir='ltr'><strong>Υἱὸς</strong></span> <span class='ocrx_word' id='word_1_799' title='bbox 3439 5197 3587 5269; x_wconf 80' lang='grc' dir='ltr'>εἷπε,</span> <span class='ocrx_word' id='word_1_800' title='bbox 3618 5202 3713 5256; x_wconf 80' lang='grc' dir='ltr'><strong>τοῦ</strong></span> 
     </span>
    </p>
   </div>
   <div class='ocr_carea' id='block_1_101' title="bbox 2128 5290 3708 5369">
    <p class='ocr_par' dir='ltr' id='par_1_101' title="bbox 2128 5290 3708 5369">
     <span class='ocr_line' id='line_1_101' title="bbox 2128 5290 3708 5369; baseline -0.003 -18"><span class='ocrx_word' id='word_1_801' title='bbox 2128 5297 2341 5369; x_wconf 81' lang='grc' dir='ltr'>Πατρὸς</span> <span class='ocrx_word' id='word_1_802' title='bbox 2366 5298 2528 5351; x_wconf 74' lang='grc' dir='ltr'>αὐτοῦ</span> <span class='ocrx_word' id='word_1_803' title='bbox 2559 5294 2698 5352; x_wconf 72' lang='grc' dir='ltr'>εἶναι</span> <span class='ocrx_word' id='word_1_804' title='bbox 2729 5299 2791 5351; x_wconf 83' lang='grc' dir='ltr'>τὸ</span> <span class='ocrx_word' id='word_1_805' title='bbox 2818 5297 3061 5368; x_wconf 84' lang='grc' dir='ltr'>Πνεῦμα.</span> <span class='ocrx_word' id='word_1_806' title='bbox 3087 5296 3310 5352; x_wconf 63' lang='lat' dir='ltr'><strong>Maia-:6.</strong></span> <span class='ocrx_word' id='word_1_807' title='bbox 3336 5290 3500 5360; x_wconf 60' lang='lat'><strong>116;;</strong></span> <span class='ocrx_word' id='word_1_808' title='bbox 3550 5297 3708 5362; x_wconf 80' lang='grc' dir='ltr'>Ὀρθ.</span> 
     </span>
    </p>
   </div>
   <div class='ocr_carea' id='block_1_102' title="bbox 457 5363 2042 5459">
    <p class='ocr_par' dir='ltr' id='par_1_102' title="bbox 457 5363 2025 5442">
     <span class='ocr_line' id='line_1_102' title="bbox 457 5363 2025 5442; baseline 0.007 -26"><span class='ocrx_word' id='word_1_809' title='bbox 457 5363 540 5419; x_wconf 92' lang='lat' dir='ltr'><strong>bis</strong></span> <span class='ocrx_word' id='word_1_810' title='bbox 561 5364 627 5417; x_wconf 73' lang='grc'><strong>⁵⁷.</strong></span> <span class='ocrx_word' id='word_1_811' title='bbox 665 5383 684 5417; x_wconf 72' lang='grc' dir='ltr'><strong>ι</strong></span> <span class='ocrx_word' id='word_1_812' title='bbox 710 5363 776 5417; x_wconf 86' lang='grc' dir='ltr'>Ει</span> <span class='ocrx_word' id='word_1_813' title='bbox 807 5363 980 5422; x_wconf 89' lang='lat' dir='ltr'><strong>Filius</strong></span> <span class='ocrx_word' id='word_1_814' title='bbox 1013 5367 1130 5438; x_wconf 89' lang='lat' dir='ltr'><strong>ipse</strong></span> <span class='ocrx_word' id='word_1_815' title='bbox 1176 5368 1424 5422; x_wconf 86' lang='lat' dir='ltr'><strong>nominat</strong></span> <span class='ocrx_word' id='word_1_816' title='bbox 1469 5385 1592 5425; x_wconf 91' lang='lat' dir='ltr'><strong>eum</strong></span> <span class='ocrx_word' id='word_1_817' title='bbox 1627 5370 1891 5442; x_wconf 89' lang='lat' dir='ltr'><strong>Spiritum</strong></span> <span class='ocrx_word' id='word_1_818' title='bbox 1923 5370 2025 5427; x_wconf 88' lang='lat' dir='ltr'><strong>Pa-</strong></span> 
     </span>
    </p>
   </div>
   <div class='ocr_carea' id='block_1_103' title="bbox 2150 5363 3711 5459">
    <p class='ocr_par' dir='ltr' id='par_1_103' title="bbox 2150 5363 3711 5459">
     <span class='ocr_line' id='line_1_103' title="bbox 2150 5363 3711 5459; baseline -0.002 -21"><span class='ocrx_word' id='word_1_819' title='bbox 2150 5407 2153 5438; x_wconf 76' lang='grc' dir='ltr'><strong>ι</strong></span> <span class='ocrx_word' id='word_1_820' title='bbox 2187 5363 2265 5440; x_wconf 64' lang='lat' dir='ltr'><strong>or}</strong></span> <span class='ocrx_word' id='word_1_821' title='bbox 2281 5387 2388 5459; x_wconf 84' lang='grc' dir='ltr'>γάρ</span> <span class='ocrx_word' id='word_1_822' title='bbox 2418 5389 2540 5440; x_wconf 85' lang='grc' dir='ltr'>ἐστε</span> <span class='ocrx_word' id='word_1_823' title='bbox 2567 5388 2721 5457; x_wconf 86' lang='grc' dir='ltr'>ὑμεῖς</span> <span class='ocrx_word' id='word_1_824' title='bbox 2738 5363 3109 5451; x_wconf 81' lang='grc' dir='ltr'>οἱλαλοῦντες,</span> <span class='ocrx_word' id='word_1_825' title='bbox 3129 5385 3265 5439; x_wconf 82' lang='grc' dir='ltr'>ἀλλὰ</span> <span class='ocrx_word' id='word_1_826' title='bbox 3288 5385 3347 5438; x_wconf 71' lang='grc' dir='ltr'>τὸ</span> <span class='ocrx_word' id='word_1_827' title='bbox 3367 5383 3711 5452; x_wconf 81' lang='grc' dir='ltr'>Πνεῦματοῦ</span> 
     </span>
    </p>
   </div>
   <div class='ocr_carea' id='block_1_104' title="bbox 456 5453 2042 5542">
    <p class='ocr_par' dir='ltr' id='par_1_104' title="bbox 456 5453 2026 5523">
     <span class='ocr_line' id='line_1_104' title="bbox 456 5453 2026 5523; baseline 0.011 -20"><span class='ocrx_word' id='word_1_828' title='bbox 456 5455 556 5509; x_wconf 84' lang='lat' dir='ltr'><strong>tris</strong></span> <span class='ocrx_word' id='word_1_829' title='bbox 588 5453 692 5508; x_wconf 92' lang='lat' dir='ltr'><strong>sui.</strong></span> <span class='ocrx_word' id='word_1_830' title='bbox 731 5453 936 5510; x_wconf 81' lang='lat' dir='ltr'><strong>Maced.</strong></span> <span class='ocrx_word' id='word_1_831' title='bbox 970 5455 1295 5523; x_wconf 80' lang='lat' dir='ltr'><strong>Quomodo?</strong></span> <span class='ocrx_word' id='word_1_832' title='bbox 1328 5457 1484 5515; x_wconf 82' lang='lat' dir='ltr'><strong>Orth.</strong></span> <span class='ocrx_word' id='word_1_833' title='bbox 1526 5479 1545 5511; x_wconf 71' lang='grc' dir='ltr'>ι</span> <span class='ocrx_word' id='word_1_834' title='bbox 1575 5460 1694 5515; x_wconf 81' lang='lat' dir='ltr'><strong>Non</strong></span> <span class='ocrx_word' id='word_1_835' title='bbox 1741 5462 1885 5516; x_wconf 88' lang='lat' dir='ltr'><strong>enim</strong></span> <span class='ocrx_word' id='word_1_836' title='bbox 1928 5479 2026 5520; x_wconf 84' lang='lat' dir='ltr'><strong>vos</strong></span> 
     </span>
    </p>
   </div>
   <div class='ocr_carea' id='block_1_105' title="bbox 2150 5453 3712 5542">
    <p class='ocr_par' dir='ltr' id='par_1_105' title="bbox 2150 5453 3712 5542">
     <span class='ocr_line' id='line_1_105' title="bbox 2150 5453 3712 5542; baseline -0.005 -17"><span class='ocrx_word' id='word_1_837' title='bbox 2150 5453 2337 5542; x_wconf 71' lang='grc' dir='ltr'>Ιατρδς</span> <span class='ocrx_word' id='word_1_838' title='bbox 2359 5453 2370 5459; x_wconf 52' lang='grc'><em>’</em></span> <span class='ocrx_word' id='word_1_839' title='bbox 2392 5471 2452 5524; x_wconf 81' lang='grc' dir='ltr'><strong>τὸ</strong></span> <span class='ocrx_word' id='word_1_840' title='bbox 2480 5453 2672 5524; x_wconf 85' lang='grc' dir='ltr'>λαλοῦν</span> <span class='ocrx_word' id='word_1_841' title='bbox 2701 5473 2759 5523; x_wconf 79' lang='grc' dir='ltr'>ὲν</span> <span class='ocrx_word' id='word_1_842' title='bbox 2791 5471 2938 5541; x_wconf 80' lang='grc' dir='ltr'>ὑμῖν.</span> <span class='ocrx_word' id='word_1_843' title='bbox 2975 5489 2994 5523; x_wconf 68' lang='grc' dir='ltr'><strong>ι</strong></span> <span class='ocrx_word' id='word_1_844' title='bbox 3025 5471 3136 5523; x_wconf 72' lang='grc' dir='ltr'><strong>Καὶ</strong></span> <span class='ocrx_word' id='word_1_845' title='bbox 3172 5469 3333 5531; x_wconf 77' lang='grc' dir='ltr'>αὐτὸς</span> <span class='ocrx_word' id='word_1_846' title='bbox 3369 5468 3428 5521; x_wconf 73' lang='grc' dir='ltr'><strong>δὲ</strong></span> <span class='ocrx_word' id='word_1_847' title='bbox 3459 5468 3488 5519; x_wconf 89' lang='lat'><strong>6</strong></span> <span class='ocrx_word' id='word_1_848' title='bbox 3517 5466 3712 5539; x_wconf 76' lang='grc' dir='ltr'>Πατὴρ</span> 
     </span>
    </p>
   </div>
   <div class='ocr_carea' id='block_1_106' title="bbox 455 5547 2042 5632">
    <p class='ocr_par' dir='ltr' id='par_1_106' title="bbox 455 5547 2026 5626">
     <span class='ocr_line' id='line_1_106' title="bbox 455 5547 2026 5626; baseline 0.006 -26"><span class='ocrx_word' id='word_1_849' title='bbox 455 5547 614 5614; x_wconf 75' lang='lat' dir='ltr'><strong>estis.</strong></span> <span class='ocrx_word' id='word_1_850' title='bbox 644 5548 739 5617; x_wconf 83' lang='lat' dir='ltr'><strong>qui</strong></span> <span class='ocrx_word' id='word_1_851' title='bbox 765 5548 1070 5620; x_wconf 84' lang='lat' dir='ltr'><strong>loquimini,</strong></span> <span class='ocrx_word' id='word_1_852' title='bbox 1116 5552 1212 5609; x_wconf 88' lang='lat' dir='ltr'><strong>sed</strong></span> <span class='ocrx_word' id='word_1_853' title='bbox 1245 5550 1487 5622; x_wconf 90' lang='lat' dir='ltr'><strong>Spiritus</strong></span> <span class='ocrx_word' id='word_1_854' title='bbox 1517 5551 1699 5610; x_wconf 89' lang='lat' dir='ltr'><strong>Patris</strong></span> <span class='ocrx_word' id='word_1_855' title='bbox 1731 5555 1822 5625; x_wconf 90' lang='lat' dir='ltr'><strong>qui</strong></span> <span class='ocrx_word' id='word_1_856' title='bbox 1854 5558 2026 5626; x_wconf 89' lang='lat' dir='ltr'><strong>loqui-</strong></span> 
     </span>
    </p>
   </div>
   <div class='ocr_carea' id='block_1_107' title="bbox 2150 5547 3709 5632">
    <p class='ocr_par' dir='ltr' id='par_1_107' title="bbox 2150 5555 3709 5630">
     <span class='ocr_line' id='line_1_107' title="bbox 2150 5555 3709 5630; baseline -0.002 -19"><span class='ocrx_word' id='word_1_857' title='bbox 2150 5560 2318 5614; x_wconf 69' lang='grc' dir='ltr'>ιαυτοῦ</span> <span class='ocrx_word' id='word_1_858' title='bbox 2349 5560 2498 5628; x_wconf 87' lang='grc' dir='ltr'>λέγει</span> <span class='ocrx_word' id='word_1_859' title='bbox 2530 5561 2590 5612; x_wconf 86' lang='grc' dir='ltr'>τὸ</span> <span class='ocrx_word' id='word_1_860' title='bbox 2621 5558 2844 5630; x_wconf 85' lang='grc' dir='ltr'>Πνεῦμα</span> <span class='ocrx_word' id='word_1_861' title='bbox 2866 5559 2957 5613; x_wconf 76' lang='grc' dir='ltr'>διὰ</span> <span class='ocrx_word' id='word_1_862' title='bbox 2979 5557 3074 5614; x_wconf 87' lang='grc' dir='ltr'>τοῦ</span> <span class='ocrx_word' id='word_1_863' title='bbox 3110 5558 3389 5628; x_wconf 74' lang='grc' dir='ltr'>προφήτου</span> <span class='ocrx_word' id='word_1_864' title='bbox 3412 5555 3668 5626; x_wconf 76' lang='grc' dir='ltr'>λέγοντος</span> <span class='ocrx_word' id='word_1_865' title='bbox 3692 5571 3709 5583; x_wconf 87' lang='grc'>·</span> 
     </span>
    </p>
   </div>
   <div class='ocr_carea' id='block_1_108' title="bbox 460 3810 2034 3885">
    <p class='ocr_par' dir='ltr' id='par_1_108' title="bbox 460 3810 2034 3885">
     <span class='ocr_line' id='line_1_108' title="bbox 460 3810 2034 3885; baseline 0.011 -23"><span class='ocrx_word' id='word_1_866' title='bbox 460 3814 605 3863; x_wconf 92' lang='lat' dir='ltr'><strong>trum</strong></span> <span class='ocrx_word' id='word_1_867' title='bbox 652 3818 707 3865; x_wconf 93' lang='lat' dir='ltr'><strong>et</strong></span> <span class='ocrx_word' id='word_1_868' title='bbox 740 3810 1108 3879; x_wconf 90' lang='lat' dir='ltr'><strong>Timotheum,</strong></span> <span class='ocrx_word' id='word_1_869' title='bbox 1155 3817 1432 3872; x_wconf 78' lang='lat' dir='ltr'><strong>exsistunt</strong></span> <span class='ocrx_word' id='word_1_870' title='bbox 1485 3818 1755 3885; x_wconf 85' lang='lat' dir='ltr'><strong>homines,</strong></span> <span class='ocrx_word' id='word_1_871' title='bbox 1809 3831 1861 3877; x_wconf 91' lang='lat' dir='ltr'><strong>et</strong></span> <span class='ocrx_word' id='word_1_872' title='bbox 1908 3833 2034 3880; x_wconf 91' lang='lat' dir='ltr'><strong>ante</strong></span> 
     </span>
    </p>
   </div>
   <div class='ocr_carea' id='block_1_109' title="bbox 460 3899 2033 3969">
    <p class='ocr_par' dir='ltr' id='par_1_109' title="bbox 460 3899 2033 3969">
     <span class='ocr_line' id='line_1_109' title="bbox 460 3899 2033 3969; baseline 0.009 -16"><span class='ocrx_word' id='word_1_873' title='bbox 460 3899 561 3956; x_wconf 93' lang='lat' dir='ltr'><strong>hos</strong></span> <span class='ocrx_word' id='word_1_874' title='bbox 592 3915 810 3955; x_wconf 91' lang='lat' dir='ltr'><strong>rursum</strong></span> <span class='ocrx_word' id='word_1_875' title='bbox 843 3902 972 3963; x_wconf 86' lang='lat' dir='ltr'><strong>alii;</strong></span> <span class='ocrx_word' id='word_1_876' title='bbox 1005 3913 1133 3959; x_wconf 90' lang='lat' dir='ltr'><strong>ante</strong></span> <span class='ocrx_word' id='word_1_877' title='bbox 1162 3904 1431 3960; x_wconf 84' lang='lat' dir='ltr'><strong>Adamum</strong></span> <span class='ocrx_word' id='word_1_878' title='bbox 1466 3915 1648 3963; x_wconf 89' lang='lat' dir='ltr'><strong>autem</strong></span> <span class='ocrx_word' id='word_1_879' title='bbox 1698 3926 1859 3965; x_wconf 90' lang='lat' dir='ltr'><strong>nemo</strong></span> <span class='ocrx_word' id='word_1_880' title='bbox 1893 3913 2033 3969; x_wconf 90' lang='lat' dir='ltr'><strong>alius</strong></span> 
     </span>
    </p>
   </div>
   <div class='ocr_carea' id='block_1_110' title="bbox 459 3991 2028 4065">
    <p class='ocr_par' dir='ltr' id='par_1_110' title="bbox 459 3991 2028 4065">
     <span class='ocr_line' id='line_1_110' title="bbox 459 3991 2028 4065; baseline 0.007 -19"><span class='ocrx_word' id='word_1_881' title='bbox 459 3991 694 4054; x_wconf 79' lang='lat' dir='ltr'><strong>exsistit,</strong></span> <span class='ocrx_word' id='word_1_882' title='bbox 728 3992 821 4047; x_wconf 84' lang='lat' dir='ltr'><strong>sed</strong></span> <span class='ocrx_word' id='word_1_883' title='bbox 860 3993 1002 4049; x_wconf 88' lang='lat' dir='ltr'><strong>Deus</strong></span> <span class='ocrx_word' id='word_1_884' title='bbox 1035 3995 1170 4064; x_wconf 90' lang='lat' dir='ltr'><strong>ipse.</strong></span> <span class='ocrx_word' id='word_1_885' title='bbox 1218 3995 1357 4052; x_wconf 82' lang='lat' dir='ltr'><strong>Ante</strong></span> <span class='ocrx_word' id='word_1_886' title='bbox 1384 3995 1603 4053; x_wconf 88' lang='lat' dir='ltr'><strong>Patrem</strong></span> <span class='ocrx_word' id='word_1_887' title='bbox 1634 4017 1786 4065; x_wconf 86' lang='lat' dir='ltr'><strong>vero,</strong></span> <span class='ocrx_word' id='word_1_888' title='bbox 1834 4001 2028 4057; x_wconf 88' lang='lat' dir='ltr'><strong>Filium</strong></span> 
     </span>
    </p>
   </div>
   <div class='ocr_carea' id='block_1_111' title="bbox 457 4081 2031 4153">
    <p class='ocr_par' dir='ltr' id='par_1_111' title="bbox 457 4081 2031 4153">
     <span class='ocr_line' id='line_1_111' title="bbox 457 4081 2031 4153; baseline 0.008 -17"><span class='ocrx_word' id='word_1_889' title='bbox 457 4090 511 4153; x_wconf 87' lang='lat' dir='ltr'><strong>et</strong></span> <span class='ocrx_word' id='word_1_890' title='bbox 542 4081 808 4152; x_wconf 89' lang='lat' dir='ltr'><strong>Spiritum</strong></span> <span class='ocrx_word' id='word_1_891' title='bbox 857 4094 1108 4141; x_wconf 87' lang='lat' dir='ltr'><strong>sanctum</strong></span> <span class='ocrx_word' id='word_1_892' title='bbox 1162 4087 1297 4140; x_wconf 89' lang='lat' dir='ltr'><strong>nihil</strong></span> <span class='ocrx_word' id='word_1_893' title='bbox 1332 4089 1586 4144; x_wconf 79' lang='lat' dir='ltr'><strong>exsistit:</strong></span> <span class='ocrx_word' id='word_1_894' title='bbox 1621 4091 1716 4146; x_wconf 87' lang='lat' dir='ltr'><strong>sed</strong></span> <span class='ocrx_word' id='word_1_895' title='bbox 1762 4108 1824 4146; x_wconf 84' lang='lat' dir='ltr'><strong>ex</strong></span> <span class='ocrx_word' id='word_1_896' title='bbox 1870 4091 2031 4149; x_wconf 89' lang='lat' dir='ltr'><strong>Patre</strong></span> 
     </span>
    </p>
   </div>
   <div class='ocr_carea' id='block_1_112' title="bbox 457 4171 2033 4255">
    <p class='ocr_par' dir='ltr' id='par_1_112' title="bbox 457 4171 2033 4255">
     <span class='ocr_line' id='line_1_112' title="bbox 457 4171 2033 4255; baseline 0.008 -29"><span class='ocrx_word' id='word_1_897' title='bbox 457 4171 628 4245; x_wconf 84' lang='lat' dir='ltr'><strong>Filius</strong></span> <span class='ocrx_word' id='word_1_898' title='bbox 675 4186 836 4233; x_wconf 89' lang='lat' dir='ltr'><strong>natus</strong></span> <span class='ocrx_word' id='word_1_899' title='bbox 868 4188 973 4241; x_wconf 88' lang='lat' dir='ltr'><strong>est,</strong></span> <span class='ocrx_word' id='word_1_900' title='bbox 996 4183 1067 4231; x_wconf 84' lang='lat' dir='ltr'><strong>&#39;et</strong></span> <span class='ocrx_word' id='word_1_901' title='bbox 1101 4176 1339 4247; x_wconf 88' lang='lat' dir='ltr'><strong>Spiritus</strong></span> <span class='ocrx_word' id='word_1_902' title='bbox 1368 4180 1634 4249; x_wconf 90' lang='lat' dir='ltr'><strong>procedit.</strong></span> <span class='ocrx_word' id='word_1_903' title='bbox 1670 4181 1876 4238; x_wconf 82' lang='lat' dir='ltr'><strong>Maced.</strong></span> <span class='ocrx_word' id='word_1_904' title='bbox 1916 4183 2033 4255; x_wconf 85' lang='lat' dir='ltr'><strong>Spi-</strong></span> 
     </span>
    </p>
   </div>
   <div class='ocr_carea' id='block_1_113' title="bbox 458 4264 2031 4342">
    <p class='ocr_par' dir='ltr' id='par_1_113' title="bbox 458 4264 2031 4342">
     <span class='ocr_line' id='line_1_113' title="bbox 458 4264 2031 4342; baseline 0.008 -25"><span class='ocrx_word' id='word_1_905' title='bbox 458 4264 594 4318; x_wconf 92' lang='lat' dir='ltr'><strong>ritus</strong></span> <span class='ocrx_word' id='word_1_906' title='bbox 634 4264 798 4334; x_wconf 81' lang='lat' dir='ltr'><strong>igitur</strong></span> <span class='ocrx_word' id='word_1_907' title='bbox 827 4282 933 4319; x_wconf 91' lang='lat' dir='ltr'><strong>non</strong></span> <span class='ocrx_word' id='word_1_908' title='bbox 966 4274 1049 4321; x_wconf 86' lang='lat' dir='ltr'><strong>est</strong></span> <span class='ocrx_word' id='word_1_909' title='bbox 1098 4265 1256 4322; x_wconf 83' lang='lat' dir='ltr'><strong>Filii?</strong></span> <span class='ocrx_word' id='word_1_910' title='bbox 1312 4266 1465 4323; x_wconf 83' lang='lat' dir='ltr'><strong>Orth.</strong></span> <span class='ocrx_word' id='word_1_911' title='bbox 1501 4268 1700 4324; x_wconf 87' lang='lat' dir='ltr'><strong>Omnia</strong></span> <span class='ocrx_word' id='word_1_912' title='bbox 1742 4288 1863 4342; x_wconf 69' lang='lat' dir='ltr'><strong>quae</strong></span> <span class='ocrx_word' id='word_1_913' title='bbox 1902 4282 2031 4328; x_wconf 88' lang='lat' dir='ltr'><strong>sunt</strong></span> 
     </span>
    </p>
   </div>
   <div class='ocr_carea' id='block_1_114' title="bbox 464 5179 2027 5263">
    <p class='ocr_par' dir='ltr' id='par_1_114' title="bbox 464 5179 2027 5263">
     <span class='ocr_line' id='line_1_114' title="bbox 464 5179 2027 5263; baseline 0.009 -30"><span class='ocrx_word' id='word_1_914' title='bbox 464 5179 673 5235; x_wconf 86' lang='lat' dir='ltr'><strong>habitat</strong></span> <span class='ocrx_word' id='word_1_915' title='bbox 711 5183 768 5238; x_wconf 89' lang='lat' dir='ltr'><strong>in</strong></span> <span class='ocrx_word' id='word_1_916' title='bbox 815 5184 991 5257; x_wconf 86' lang='lat' dir='ltr'><strong>vobis,</strong></span> <span class='ocrx_word' id='word_1_917' title='bbox 1026 5183 1325 5240; x_wconf 83' lang='lat' dir='ltr'><strong>viviﬁcabit</strong></span> <span class='ocrx_word' id='word_1_918' title='bbox 1383 5196 1436 5241; x_wconf 88' lang='lat' dir='ltr'><strong>et</strong></span> <span class='ocrx_word' id='word_1_919' title='bbox 1485 5189 1738 5244; x_wconf 89' lang='lat' dir='ltr'><strong>mortalia</strong></span> <span class='ocrx_word' id='word_1_920' title='bbox 1793 5207 2027 5263; x_wconf 89' lang='lat' dir='ltr'><strong>corpora</strong></span> 
     </span>
    </p>
   </div>
   <div class='ocr_carea' id='block_1_115' title="bbox 460 5272 2028 5351">
    <p class='ocr_par' dir='ltr' id='par_1_115' title="bbox 460 5272 2028 5351">
     <span class='ocr_line' id='line_1_115' title="bbox 460 5272 2028 5351; baseline 0.01 -30"><span class='ocrx_word' id='word_1_921' title='bbox 460 5282 674 5339; x_wconf 74' lang='lat' dir='ltr'><strong>vestra,</strong></span> <span class='ocrx_word' id='word_1_922' title='bbox 729 5289 828 5343; x_wconf 91' lang='lat' dir='ltr'><strong>per</strong></span> <span class='ocrx_word' id='word_1_923' title='bbox 879 5272 1277 5332; x_wconf 87' lang='lat' dir='ltr'><strong>inhabitantem</strong></span> <span class='ocrx_word' id='word_1_924' title='bbox 1342 5275 1606 5348; x_wconf 90' lang='lat' dir='ltr'><strong>Spiritum</strong></span> <span class='ocrx_word' id='word_1_925' title='bbox 1656 5281 1777 5351; x_wconf 84' lang='lat' dir='ltr'><strong>ejus</strong></span> <span class='ocrx_word' id='word_1_926' title='bbox 1830 5282 1887 5337; x_wconf 91' lang='lat' dir='ltr'><strong>iu</strong></span> <span class='ocrx_word' id='word_1_927' title='bbox 1930 5298 2028 5337; x_wconf 82' lang='lat' dir='ltr'><strong>vo-</strong></span> 
     </span>
    </p>
   </div>
   <div class='ocr_carea' id='block_1_116' title="bbox 520 5700 1712 5781">
    <p class='ocr_par' dir='ltr' id='par_1_116' title="bbox 520 5700 1712 5781">
     <span class='ocr_line' id='line_1_116' title="bbox 520 5700 1712 5781; baseline 0.006 -23"><span class='ocrx_word' id='word_1_928' title='bbox 520 5700 568 5758; x_wconf 57' lang='grc' dir='ltr'><strong>’ξι</strong></span> <span class='ocrx_word' id='word_1_929' title='bbox 833 5722 914 5771; x_wconf 78' lang='lat' dir='ltr'><strong>vr,</strong></span> <span class='ocrx_word' id='word_1_930' title='bbox 954 5706 1035 5761; x_wconf 88' lang='lat' dir='ltr'><strong>l6.</strong></span> <span class='ocrx_word' id='word_1_931' title='bbox 1116 5708 1157 5737; x_wconf 67' lang='grc'><strong>³³</strong></span> <span class='ocrx_word' id='word_1_932' title='bbox 1198 5705 1355 5762; x_wconf 77' lang='lat' dir='ltr'><strong>Rom.</strong></span> <span class='ocrx_word' id='word_1_933' title='bbox 1397 5725 1524 5781; x_wconf 84' lang='lat' dir='ltr'><strong>vm,</strong></span> <span class='ocrx_word' id='word_1_934' title='bbox 1559 5709 1712 5765; x_wconf 79' lang='lat' dir='ltr'><strong>9-H.</strong></span> 
     </span>
    </p>
   </div>
  </div>
