3842 6210
228 234 372 296 £505

1288 240 1571 297 CONTRA
1602 238 1956 297 MACEDON.
1998 238 2247 296 DIALOG
2261 239 2347 296 US
2378 240 2420 296 Ι.

3340 240 3477 298 1506

232 373 260 412 σ
300 358 388 411 Ἐν
407 359 526 422 ταῖς
550 349 807 428 ἐσχάταις
835 359 1069 431 ἡμέραις
1097 359 1271 431 ὲκχεῶ
1302 363 1410 417 ἀπὸ
1435 362 1528 416 τοῦ
1560 362 1801 433 Πνεῦμα-

1914 368 2003 415 tur
2024 363 2081 418 in
2116 363 2274 419 vobis
2298 362 2366 418 “.
2399 383 2418 416 ι
2460 362 2601 429 Quin
2628 360 2793 417 Pater
2823 363 2943 433 ipse
2972 374 3129 417 suum
3160 372 3281 414 esse
3310 355 3483 428 Spiri-

226 446 323 511 τός
356 462 458 529 μου
515 447 608 501 ἐπὶ
660 450 838 504 πᾶσαν
866 450 1063 524 σάρκα.
1094 470 1114 506 ι
1151 451 1373 510 Μακεδ.
1415 455 1474 509 '0
1504 454 1631 519 Υἱός
1658 456 1803 508 ἐστιν

227 541 259 595 6
286 540 481 610 λέγων.

304 719 393 774 il.
421 722 575 789 Ὀρθ.
619 719 915 789 ’Δνάγνωθι
951 721 1042 776 τὸν
1082 723 1419 786 Ἀπόστολον,
1453 724 1540 778 ἵνα
1565 725 1803 798 ἀκούσῃς

228 811 415 866 αὑτοῦ.
443 813 603 880 Λέγει
629 812 736 882 γὰρ
757 811 948 877 οὕτως,
971 813 1195 885 γράφων
1222 813 1300 884 τῷ
1328 814 1519 868 ἑαυτοῦ
1550 815 1761 887 μαθητῇ
1783 834 1797 848 ·

233 923 256 958 ι
287 905 416 958 Ὅτε
446 904 502 957 δὲ
531 905 772 976 ἐπεφάνη
796 907 828 977 ἡ
860 906 1018 977 χάρις
1044 905 1137 958 τοῦ
1177 905 1425 977 Σωτῆρος
1460 906 1617 977 ἡμῶν
1641 906 1797 973 Θεοῦ,

227 996 330 1049 οὐκ
375 994 435 1060 ἐξ
471 996 650 1066 ἔργων
700 996 808 1050 τῶν
857 998 915 1050 ὲν
978 997 1318 1071 δικαιοσύνῃ,
1354 991 1429 1052 ὧν
1469 1000 1801 1069 ἐποιήσαμεν

211 1088 414 1159 ἡμεῖς,
455 1087 589 1141 ἀλλὰ
630 1088 770 1143 κατὰ
807 1088 867 1143 τὸ
897 1088 1059 1143 αὑτοῦ
1096 1088 1243 1154 ἔλεος
1270 1090 1471 1144 ἔσωσεν
1509 1092 1674 1161 ἡμᾶς,
1714 1091 1801 1146 διὰ

226 1177 455 1250 λουτροῦ
481 1179 899 1248 παλιγγενεσίας
929 1180 1022 1233 καὶ
1048 1178 1461 1245 ἀνακαινώσεως
1486 1180 1801 1251 Πνεῦματος

225 1271 408 1340 ἁγίου,
433 1262 493 1324 οῦ
531 1271 740 1341 ἐξέχεεν
762 1272 845 1340 ἐφ’
868 1273 1015 1343 ἡμᾶς
1040 1271 1329 1335 πλουσίως,
1352 1270 1440 1325 διὰ
1471 1272 1644 1341 Ἰησοῦ
1668 1273 1802 1345 Χρι-

227 1360 359 1413 στοῦ
408 1361 503 1414 τοῦ
550 1360 753 1431 Κυρίου
810 1360 903 1414 καὶ
950 1361 1201 1431 Σωτῆρος
1261 1358 1437 1429 ἡμῶν.
1500 1378 1519 1411 ι
1574 1358 1798 1416 Μακεδ.

237 1453 433 1523 Ἡμεῖς
460 1452 518 1504 οὐ
547 1450 820 1522 δυνάμεθα
857 1451 1026 1504 εἰπεῖν
1065 1450 1194 1520 μίαν
1226 1449 1386 1519 φύσιν
1443 1451 1673 1522 Πατρὸς,
1706 1452 1800 1503 καὶ

226 1544 385 1610 Υἱοῦ,
416 1544 512 1597 καὶ
560 1543 714 1612 ἁγίου
767 1541 1102 1613 Πνεύματος.
1143 1543 1300 1612 Ὀρθ.
1345 1542 1656 1613 Ὃμολογεῖς
1705 1542 1801 1595 καὶ

224 1619 393 1698 αῦτὺς
434 1634 524 1687 τὸν
564 1634 785 1705 Πατέρα
841 1629 977 1687 εἷναι
1032 1633 1207 1702 ἅγιον,
1270 1634 1399 1706 περὶ
1443 1628 1503 1689 οὗ
1551 1635 1797 1705 εἴρηται·

1906 459 2021 508 tum
2055 463 2288 511 testatur
2332 470 2428 524 per
2460 455 2785 526 prapbetam
2812 455 3085 510 dicentem
3111 471 3125 507 :
3155 472 3174 505 ι
3207 451 3264 505 In
3296 453 3482 508 novis-

1903 545 2060 601 simis
2085 545 2280 603 diebus
2309 545 2586 602 effundam
2611 546 2679 602 de
2704 547 2900 618 spiritu
2933 560 3055 601 meo
3079 560 3243 615 super
3264 558 3481 600 omnem

1901 650 2127 691 carnem
2147 636 2213 690 δ’.
2251 656 2271 689 ι
2302 637 2511 692 Maced.
2549 635 2726 693 Filius
2756 643 2841 693 est
2868 637 2961 707 qui
2995 637 3240 706 loquitur

1971 728 2060 782 H.
2108 727 2262 786 Orth.
2305 730 2626 799 Apostolum
2667 729 2806 800 lege,
2839 736 2900 782 ut
2938 729 3114 798 ipsum
3145 729 3357 785 audias.
3390 728 3481 784 Sic

1900 821 2046 876 enim
2076 821 2166 876 ille
2203 820 2271 875 ad
2305 821 2634 891 discipulum
2664 836 2825 876 suum
2858 821 3109 875 scribens
3134 821 3243 874 ait:
3275 838 3295 872 ι
3325 819 3482 876 Post-

1900 928 2063 984 quam
2095 914 2347 983 apparuit
2378 914 2549 983 gratia
2583 912 2884 968 Salvatoris
2913 911 3090 966 nostri
3121 911 3238 976 Dei,
3276 926 3387 967 non
3413 927 3480 969 ex

1901 1003 2158 1073 operibus
2187 1003 2431 1073 justitiae,
2465 1020 2588 1074 quae
2616 1002 2843 1059 fecimus
2881 1017 3006 1066 nos,
3057 1003 3152 1056 sed
3178 1001 3478 1058 secundum

1901 1108 2057 1150 suam
2084 1093 2524 1149 misericordiam
2555 1095 2734 1151 salvos
2761 1108 2860 1148 nos
2894 1093 3043 1156 fecit,
3080 1108 3176 1163 per
3205 1094 3481 1150 lavacrum

1901 1182 2330 1254 regenerationis
2354 1192 2407 1238 et
2440 1185 2804 1240 renovationis
2832 1183 3069 1253 Spiritus
3093 1183 3291 1246 sancti,
3320 1198 3478 1252 quem

1899 1274 2089 1330 eﬁ'udit
2127 1276 2183 1329 in
2230 1290 2332 1329 nos
2359 1275 2577 1330 abunde
2609 1290 2708 1345 per
2762 1274 2949 1331 Jesum
2983 1275 3260 1330 Christum
3293 1274 3479 1330 Domi-

1899 1380 2032 1420 num
2078 1364 2415 1421 Salvatorem
2460 1374 2712 1421 nostrum
2762 1365 2831 1420 ⁸ο.
2883 1384 2901 1417 ι
2960 1363 3168 1420 Maced.
3220 1363 3332 1419 Nos
3370 1379 3478 1418 non

1900 1473 2194 1528 possumus
2241 1472 2407 1513 unam
2448 1456 2629 1511 Patris
2671 1464 2725 1512 et
2765 1455 2891 1510 Filii
2936 1466 2991 1510 et
3025 1455 3261 1526 Spiritus
3302 1459 3476 1509 sancti

1900 1558 2154 1605 naturam
2179 1550 2443 1620 proﬁteri.
2480 1548 2633 1603 Orth.
2664 1548 2828 1618 Atqui
2859 1546 3074 1601 Patrem
3104 1547 3222 1616 ipse
3261 1561 3480 1616 quoque

1901 1648 2151 1698 sanctum
2195 1641 2498 1705 conﬁteris,
2539 1640 2608 1695 de
2650 1654 2759 1710 quo
2788 1638 2991 1693 dictum
3022 1643 3142 1692 est:
3184 1655 3202 1687 ι
3244 1636 3481 1691 Sanctus

229 1746 250 1777 ι
296 1726 487 1794 Ἀγιος
512 1725 541 1777 6
564 1726 621 1779 έν
647 1723 820 1792 ἁγίοις
859 1724 1288 1795 ἀναπαυόμενος.
1341 1745 1360 1777 ι
1405 1724 1628 1779 Μακεδ.
1668 1725 1796 1780 Ναί.

1902 1740 1958 1788 et
1984 1733 2041 1787 in
2068 1732 2273 1789 sanctis
2300 1733 2650 1803 requiescens
2668 1709 2742 1786 λι.
2774 1749 2794 1784 ι
2827 1727 3038 1787 Maced.
3083 1729 3280 1784 Etiam.
3325 1727 3477 1784 Orth.

225 1819 383 1884 ’0p0.
421 1814 608 1878 Οὕτως
641 1814 819 1882 λέγεις
860 1813 1048 1885 ἁγίους
1089 1815 1216 1881 τοὺς
1255 1815 1539 1884 ἀγγέλους,
1589 1815 1665 1877 ὡς
1709 1814 1799 1868 τὸν

224 1907 477 1980 Πατέρα;
505 1907 725 1963 Mazax-:6.
753 1909 815 1961 Οί
842 1907 1061 1977 ἄγγελοι
1097 1909 1294 1979 μετοχῇ
1348 1907 1620 1978 άγιασμοῦ
1663 1910 1799 1961 εἰσιν

226 1998 375 2066 ἅγιοι
395 2014 409 2027 ο
438 1999 467 2051 6
488 1997 545 2050 δὲ
569 1997 758 2069 Πατὴρ
799 1996 958 2066 φύσει
994 1998 1143 2051 ἐστὶν
1174 1998 1344 2066 ἅγιος.
1382 1997 1536 2065 Ὀρθ.
1591 1996 1797 2062 Οὕτως,

225 2088 304 2151 ὡς
332 2089 380 2142 οί
405 2087 622 2157 ἄγγελοι
656 2090 851 2159 μετοχῇ
878 2089 1015 2143 εἰσιν
1036 2088 1199 2158 ἅγιοι,
1220 2087 1375 2156 άγιος
1396 2090 1424 2142 6
1448 2088 1595 2152 Υἱὸς,
1625 2088 1657 2161 ῆ
1684 2090 1801 2152 ὡςὸ

226 2178 448 2250 Πατήρ;
476 2177 697 2232 Μακεό.
726 2178 813 2242 Ὦς
845 2179 873 2231 6
894 2179 1085 2250 Πατήρ
1105 2196 1118 2210 ·
1144 2178 1286 2233 κατὰ
1312 2177 1488 2231 πάντα
1516 2178 1621 2250 γὰρ
1642 2179 1800 2232 αὑτὸν

224 2267 411 2336 ὅμοιον
442 2266 602 2336 λέγω.
621 2266 764 2335 Ὀρθ.
784 2267 856 2320 Τὸ
875 2265 1098 2338 Πνεῦμα
1122 2267 1183 2321 τὸ
1220 2267 1372 2337 ἅγιον
1420 2267 1594 2332 οὕτως
1622 2269 1801 2337 λέγεις

226 2356 404 2424 ἅγιον,
441 2356 516 2420 ὡς
546 2357 670 2420 τοὺς
697 2356 982 2427 ἀγγέλους,
1013 2356 1047 2430 ἢ
1079 2358 1155 2422 ὡς
1191 2357 1281 2411 τὸν
1314 2358 1537 2430 Πατέρα
1576 2361 1668 2413 καὶ
1711 2360 1801 2415 τὸν

225 2449 392 2516 Υίόν;
420 2449 644 2506 Μακεδ.
676 2451 765 2513 Ὠς
795 2450 886 2503 τὺν
910 2449 1129 2521 Πατέρα
1178 2450 1270 2503 καὶ
1318 2450 1408 2504 τὸν
1454 2451 1600 2506 Υίόν.
1643 2453 1798 2520 Ὀρθ.

226 2543 342 2613 Τῆς
364 2542 531 2613 αὐτῆς
550 2543 658 2613 ἄρα
692 2541 906 2613 φύσεώς
928 2543 1043 2596 ἐστι
1076 2543 1250 2613 Πατρὶ
1278 2543 1374 2596 καὶ
1404 2543 1551 2613 Υἰῷ;
1576 2544 1798 2599 Mam-:6.

225 2634 339 2688 Καὶ
373 2634 421 2687 εί
446 2632 680 2704 άληθῶς,
711 2632 787 2695 ὡς
815 2632 1021 2700 λέγετε,
1051 2631 1147 2701 μία
1181 2631 1341 2700 φύσις
1381 2634 1532 2686 ἐστί·
1580 2634 1803 2699 καθέζε-

228 2744 319 2782 ται
336 2727 393 2781 δὲ
430 2729 460 2781 6
482 2727 611 2791 Υίὸς
641 2728 704 2779 έκ
730 2725 918 2790 δεξιῶν
942 2724 1036 2778 τοῦ
1070 2725 1282 2797 Πατρός
1304 2743 1318 2756 ·
1367 2726 1470 2779 ποῦ
1513 2725 1801 2791 καθέζεται

227 2819 291 2874 τὸ
321 2818 580 2889 Πνεῦμα;
606 2821 759 2887 Ὀρθ.
788 2819 892 2872 Σὺν
905 2817 1053 2888 αὐτῷ
1067 2816 1143 2889 τῷ
1159 2816 1396 2889 Χριστῷ.
1417 2818 1479 2870 Εἰ
1495 2816 1600 2889 γὰρ
1619 2819 1800 2888 ἡμεῖς,

226 2913 305 2976 ὠς
330 2911 478 2980 λέγει
503 2911 735 2975 Παῦλος,
765 2908 1229 2980 συγκαθεζόμεθα,
1251 2908 1408 2981 δῆλον
1432 2909 1802 2979 δτι(17“)κα“ι

226 3004 290 3059 τὸ
305 3003 530 3075 Πνεῦμα
547 3020 565 3034 ·
596 3001 684 3056 διὰ
708 3001 815 3074 γάρ
837 3001 967 3056 αὐτὸ
995 3001 1090 3055 καὶ
1118 3003 1299 3071 ἡμεῖς.
1328 2999 1551 3055 Μακεδ.
1578 2998 1686 3053 Ποῦ
1706 3000 1800 3068 γέ-

1900 1822 2117 1879 Siccine
2153 1832 2375 1878 sanctos
2415 1824 2554 1879 dicis
2601 1822 2844 1893 angelos,
2877 1820 3335 1891 quemadmodum
3377 1815 3483 1871 Pa-

1897 1922 2035 1969 trem
2050 1915 2075 1968 ?
2090 1912 2295 1967 Maced.
2319 1912 2507 1983 Angeli
2524 1913 2828 1969 sanctitatis
2860 1911 3278 1981 participatione
3304 1909 3480 1965 sancti

1897 2011 2027 2061 sunt
2051 2024 2063 2060 :
2102 2004 2264 2059 Pater
2284 2012 2465 2059 autem
2483 2013 2681 2058 natura
2709 2010 2930 2057 sanctus
2951 2008 3054 2058 est.
3093 1999 3305 2074 ([‘i7‘“]
3325 1999 3480 2057 Orth.

1897 2094 2094 2155 Filium
2139 2111 2268 2151 vero
2315 2110 2424 2149 non
2475 2094 2617 2149 dicis
2658 2094 2957 2149 sanctum?
3000 2091 3210 2148 Maced.
3258 2091 3482 2160 Etiam.)

1901 2186 2058 2243 Orth.
2086 2186 2321 2250 Siccine,
2350 2191 2410 2241 ut
2435 2185 2611 2256 angeli
2646 2183 2822 2238 sancti
2861 2188 2989 2239 sunt
3036 2183 3478 2253 participatione,

1899 2276 2068 2333 Filius
2097 2285 2322 2333 sanctus
2354 2269 2560 2341 est,'an
2606 2278 2665 2329 ut
2708 2273 2907 2329 Pater?
2938 2271 3145 2328 Maced.
3175 2273 3268 2333 .Ut
3297 2270 3480 2334 Pater,

1900 2370 1993 2425 cui
2025 2385 2151 2424 eum
2178 2369 2234 2423 in
2278 2369 2535 2424 omnibus
2559 2356 2800 2423 'similem
2844 2364 3125 2436 proﬁteor.
3161 2363 3317 2420 Orth.
3355 2362 3482 2433 Spi-

1899 2463 2064 2517 ritum
2108 2468 2359 2518 sanctum
2406 2460 2668 2515 eademne
2711 2456 2940 2524 ratione,
2981 2471 3091 2526 qua
3138 2455 3379 2525 angelos,
3414 2469 3482 2507 an

1899 2565 2008 2620 qua
2041 2549 2258 2606 Patrem
2296 2557 2352 2605 et
2384 2547 2603 2613 Filium,
2631 2555 2885 2602 sanctum
2927 2545 3242 2601 conﬁteris?
3269 2542 3480 2598 Haced.

1901 2640 2102 2697 Eadem
2137 2656 2246 2711 qua
2277 2640 2491 2695 Patrem
2531 2647 2585 2693 et
2617 2637 2836 2694 Filium.
2888 2636 3042 2694 Orth.
3087 2636 3341 2704 Ejusdem
3379 2635 3483 2705 igi-

1899 2742 1992 2789 tur
2019 2733 2177 2803 cujus
2199 2731 2357 2787 Pater
2381 2741 2434 2786 et
2464 2729 2633 2786 Filius
2663 2738 2747 2786 est
2777 2739 2989 2784 naturae
3013 2729 3037 2782 ?
3066 2726 3275 2781 Maced.
3308 2726 3363 2781 Si
3395 2743 3482 2783 re-

1890 2830 2051 2890 vera,
2091 2835 2151 2880 ut
2179 2823 2478 2888 afﬁrmatis,
2508 2836 2618 2876 una
2650 2829 2845 2875 natura
2876 2829 2998 2875 est:
3040 2827 3093 2873 et
3134 2832 3266 2873 vero
3310 2815 3484 2871 Filius

1904 2916 1972 2971 ad
2001 2917 2249 2972 dextram
2279 2913 2461 2969 Patris
2490 2912 2670 2969 sedet:
2699 2913 2790 2966 ubi
2837 2912 2988 2966 sedet
3023 2908 3294 2979 Spiritus?
3328 2907 3480 2963 Orth.

1902 3007 2058 3079 Apud
2102 3006 2381 3063 Christum
2404 3006 2604 3075 ipsum.
2637 3002 2693 3057 Si
2727 3003 2894 3065 enim,
2925 3010 2982 3054 ut
3017 3001 3094 3054 ait
3126 2998 3350 3062 Paulus,
3382 3013 3483 3052 nos

228 3066 491 3168 γραπται,
528 3096 610 3148 ὅτι
642 3066 733 3149 καί
781 3066 939 3165 ἧμεῖς
986 3066 1460 3164 συγκάθεζόμεθας
1504 3095 1658 3161 Ὀρθ.
1710 3066 1796 3145 Ἓν

1902 3112 2117 3168 quoque
2139 3110 2331 3151 sumus
2356 3092 2670 3149 consessuri
2696 3111 2710 3147 :
2740 3107 2847 3147 non
2872 3091 3096 3145 dubium
3118 3097 3277 3144 estet
3309 3087 3482 3159 Spiri-

226 3188 296 3257 τῇ
341 3184 477 3256 πρὸς
517 3184 795 3252 Ἐφεσίους
832 3183 1116 3255 Ἐπιστολῇ
1147 3183 1491 3254 γέγραπται·
1528 3201 1545 3235 ι
1570 3184 1681 3236 Καὶ
1709 3182 1796 3236 ὗν-

225 3295 329 3341 τας
355 3278 503 3348 ἡμᾶς
527 3277 753 3347 νεκροὺς
777 3278 887 3340 τοῖς
910 3274 1339 3347 παραπτώμασι,
1366 3275 1797 3345 συνεζωοποίησε

224 3369 306 3440 τῷ
327 3368 567 3441 Χριστῷ,
606 3370 702 3422 καὶ
733 3370 1037 3441 συνήγειρε,
1067 3368 1161 3422 καὶ
1194 3366 1544 3422 συνεκάθισεν
1587 3368 1644 3420 ὲν
1686 3370 1798 3431 τοῖς

226 3462 494 3535 οὐρανοῖς.
522 3479 541 3512 ι
561 3460 842 3514 Ἀδύνατον
856 3460 912 3513 δὲ
931 3459 1249 3529 συγκαθίσαι
1263 3457 1383 3512 τινὰ
1394 3457 1472 3529 τῷ
1487 3456 1706 3529 Χριστῷ
1724 3457 1799 3529 μὴ

223 3554 516 3626 γενόμενον
546 3552 673 3606 ναὸν
691 3551 784 3606 τοῦ
810 3551 1140 3624 Πνεύματος.
1158 3552 1220 3604 Ei
1248 3550 1302 3603 δὲ
1331 3551 1359 3602 ὁ
1386 3549 1514 3613 ναὸς
1536 3548 1801 3617 συγκαθέ-

230 3644 406 3710 ζεται,
440 3643 493 3698 τί
513 3643 581 3697 ἂν
609 3645 783 3705 εἴποις
808 3642 935 3715 περὶ
964 3643 1059 3697 τοῦ
1092 3639 1426 3704 ἐνοικοῦντος
1451 3639 1796 3711 Πνεῦματος;

228 3737 452 3793 Μακεδ.
492 3736 869 3791 Ἀποστολικὸν
884 3737 945 3789 τὸ
964 3734 1187 3805 Πνεῦμά
1210 3737 1356 3788 ἐστιν
1379 3751 1393 3765 ο
1417 3731 1800 3787 ἀποστέλλεται

226 3830 358 3902 γάρ.
393 3830 548 3898 Ὀρθ.
592 3829 648 3882 '0
674 3830 780 3901 γὰρ
823 3829 951 3893 Υἱὸς
991 3828 1089 3882 οὐκ
1121 3826 1534 3891 άποστέλλεται;
1576 3824 1796 3881 Μακεδ.

227 3921 359 3976 Ναί.
379 3922 532 3990 Ὀρθ.
550 3921 643 3991 Μὴ
669 3921 776 3975 ἀπὸ
788 3920 953 3974 τόπου
976 3921 1054 3984 είς
1074 3919 1236 3973 τόπον
1257 3916 1556 3987 άπεστάλη;
1578 3915 1797 3970 Μακεδ.

231 4012 331 4067 οῦ’
362 4012 637 4084 πανταχοῦ
670 4012 778 4084 γὰρ
808 4012 951 4080 λέγω
973 4005 1112 4065 εἶναι
1157 4013 1249 4064 τὸν
1274 4010 1402 4064 Υἱδν
1422 4009 1516 4062 καὶ
1554 4008 1645 4061 τὸν
1687 4007 1803 4060 Πα-

227 4101 383 4174 τέρα.
413 4104 569 4170 Ὀρθ.
603 4101 676 4154 T6
697 4101 754 4155 δὲ
781 4100 1005 4170 Πνεῦμα
1030 4100 1091 4154 τὸ
1115 4098 1269 4168 ἅγιον
1300 4098 1359 4151 οὐ
1401 4097 1678 4166 πανταχοῦ
1716 4095 1804 4149 λέ-

226 4211 384 4263 γεις;
422 4193 641 4248 Μακεδ.
676 4192 805 4248 Ναί.
835 4193 990 4261 Ὀρθ.
1022 4192 1087 4245 Ei
1142 4189 1415 4260 πανταχοῦ
1460 4191 1607 4242 ἐστιν
1638 4189 1667 4240 6
1693 4189 1805 4242 Πα-

227 4287 357 4357 τὴρ,
382 4287 477 4339 καὶ
502 4284 778 4357 πανταχοῦ
811 4287 957 4339 ἐστιν
988 4285 1017 4338 6
1069 4283 1196 4346 Υἱὸς
1220 4323 1234 4348 ,
1279 4283 1374 4336 καὶ
1420 4280 1696 4352 πανταχοῦ
1744 4279 1803 4333 τὸ

229 4375 485 4446 Πνεῦμα·
516 4377 614 4446 τῆς
643 4377 813 4447 αὐτῆς
839 4374 1053 4446 φύσεώς
1084 4377 1200 4428 ἐστι
1237 4373 1313 4445 τῷ
1358 4374 1536 4445 Πατρῖ
1581 4373 1676 4426 καὶ
1724 4370 1803 4443 τῷ

1897 3195 2013 3244 tum
2048 3194 2320 3249 sanctum,
2348 3185 2550 3255 quippe
2578 3199 2674 3254 per
2701 3186 2868 3254 Quem
2895 3191 2950 3237 et
2973 3196 3097 3237 nos.
3131 3179 3341 3234 Maced.
3374 3177 3480 3235 Ubi

1899 3280 2161 3349 scripturn
2204 3290 2311 3343 est,
2351 3291 2453 3331 nos
2495 3290 2713 3345 quoque
2756 3288 2864 3328 una
2912 3271 3211 3330 sessuros?
3240 3269 3394 3326 Orth.
3421 3270 3482 3324 ln

1900 3370 2146 3442 Epistula
2179 3368 2248 3423 ad
2279 3366 2544 3439 Ephesios
2569 3367 2830 3436 scriptum
2859 3373 2976 3421 est:
3014 3383 3032 3416 ι
3062 3363 3196 3418 Cum
3233 3378 3482 3419 essemus

1897 3462 2097 3517 mortui
2128 3461 2391 3531 peccatis,
2443 3456 2843 3513 convhiﬁcavit
2873 3471 2976 3512 nos
3025 3456 3082 3511 in
3132 3457 3373 3519 Christo,
3425 3465 3481 3512 et

1900 3552 2379 3617 conresuscitavit,
2406 3557 2460 3605 et
2486 3549 2540 3603 in
2562 3548 2876 3603 caelestibus
2899 3547 3195 3603 consedere
3224 3546 3352 3602 fecit
3375 3546 3441 3601 ".
3458 3566 3478 3600 ι

1899 3644 2018 3700 Non
2045 3651 2225 3714 potest
2270 3642 2414 3698 enim
2461 3656 2569 3695 una
2597 3655 2722 3694 cum
2754 3637 2974 3695 Christo
3006 3639 3217 3703 sedere,
3250 3639 3359 3694 nisi
3388 3640 3480 3709 qui

1900 3736 2163 3806 templum
2210 3732 2450 3805 Spiritus
2484 3733 2663 3789 factus
2688 3743 2789 3788 est.
2826 3730 2981 3797 Quod
3012 3731 3057 3785 si
3087 3731 3345 3800 templum
3373 3746 3481 3785 una

1902 3828 2076 3892 sedet,
2109 3826 2240 3897 quid
2277 3827 2343 3882 de
2371 3825 2708 3881 inhabitante
2756 3822 2961 3893 Spiritu
3000 3823 3242 3877 dixeris?
3270 3822 3479 3879 Macati.

1904 3920 2141 3991 Spiritus
2180 3928 2265 3974 est
2312 3918 2558 3972 missus:
2609 3915 2847 3970 mittitur
2896 3914 3062 3969 enim.
3098 3914 3250 3971 Ortlt.
3286 3914 3480 3970 Annon

1900 4015 2137 4069 mittitur
2184 4020 2238 4067 et
2284 4010 2499 4066 Filius?
2540 4007 2750 4063 Maced.
2801 4007 2996 4061 Etiam.
3044 4006 3196 4063 Ortlz.
3242 4006 3382 4061 Num
3415 4007 3482 4063 de

1900 4106 2023 4161 loco
2055 4105 2109 4159 in
2138 4105 2319 4160 locum
2354 4103 2558 4158 missus
2588 4101 2708 4157 est?
2751 4098 2960 4154 Maced.
2994 4098 3247 4153 Minime:
3281 4097 3481 4152 Filium

1901 4197 2045 4252 enim
2079 4202 2134 4250 et
2166 4195 2384 4250 Patrem
2435 4194 2639 4264 ubique
2687 4208 2810 4248 esse
2855 4192 2997 4246 diro.
3032 4189 3184 4246 Ot'lh.
3218 4188 3483 4260 Spiritum

1902 4304 2012 4343 non
2042 4288 2180 4342 dicis
2209 4302 2333 4343 esse
2363 4286 2602 4357 ubique?
2632 4283 2840 4339 Maced.
2873 4283 3069 4337 Etiam.
3102 4281 3255 4338 Orth.
3286 4281 3340 4335 Si
3371 4282 3487 4336 ubi-

1835 4410 1878 4463 ο
1904 4395 2009 4451 que
2039 4386 2124 4434 est
2158 4377 2340 4446 Pater,
2376 4388 2430 4433 et
2454 4379 2657 4447 ubique
2697 4386 2781 4431 est
2815 4374 3006 4440 Filius,
3036 4382 3090 4429 et
3119 4373 3321 4442 ubique
3353 4371 3485 4442 Sp'-

231 4466 348 4538 Υἱῷ
376 4468 437 4521 τὸ
470 4468 714 4540 Πνεῦμα.
737 4467 958 4524 Μακεδ.
990 4466 1207 4538 Ἐπειδὴ
1230 4467 1326 4520 καὶ
1349 4468 1378 4519 6
1403 4464 1646 4527 διάὸολος
1670 4480 1801 4517 παν-

1902 4475 2045 4531 ritus
2075 4478 2340 4527 sanctus:
2389 4470 2634 4538 ejusdem
2671 4469 2836 4540 igitur
2885 4482 2950 4522 ac
3001 4466 3162 4521 Pater
3209 4473 3265 4520 et
3314 4464 3486 4523 Filius

228 4558 393 4631 ταχοῦ
416 4561 551 4625 ἐστι,
584 4561 681 4631 τῆς
703 4560 870 4630 αὐτῆς
895 4557 1109 4628 φύσεώς
1156 4560 1270 4610 ἐστι
1314 4557 1490 4629 Πατρι
1520 4556 1614 4609 καὶ
1647 4554 1800 4626 Υἱῷ;

226 4652 390 4720 Ὀρθ.
419 4653 533 4705 Οὐκ
561 4651 677 4705 ἔστι
702 4649 978 4721 πανταχοῦ
1020 4651 1050 4703 6
1093 4647 1336 4711 διάϐολος
1363 4665 1378 4680 ·
1422 4646 1545 4701 οὔτε
1588 4646 1698 4718 γὰρ
1746 4647 1803 4698 έν

229 4742 310 4814 τῷ
337 4741 548 4814 οὐρανῷ
577 4744 747 4804 ἐστιν,
788 4741 912 4795 οῦτε
939 4742 996 4794 ὲν
1022 4740 1169 4812 πάσῃ
1208 4743 1274 4811 τῇ
1315 4742 1385 4812 γῇ
1407 4757 1420 4770 ·
1454 4738 1570 4793 ἀλλ’
1615 4738 1803 4809 ὥσπερ

226 4850 315 4895 τις
335 4831 596 4903 τύραννος
619 4833 676 4886 ὲν
700 4831 850 4902 τόπῳ
872 4831 976 4885 τινὶ
1003 4829 1098 4896 ὢν,
1127 4830 1213 4884 διὰ
1231 4831 1337 4883 τῶν
1369 4828 1803 4900 προσταγμάτων

228 4922 424 4977 ἑαυτοῦ
451 4922 795 4977 ἀποστέλλων
824 4923 1119 4995 ὑπηκόους,
1156 4920 1432 4993 πανταχοῦ
1466 4923 1689 4991 κρατεῖν
1714 4919 1803 4973 λέ-

229 5032 407 5083 γεται,
435 5015 563 5070 ἔνθα
589 5016 729 5070 εἰσιν
756 5016 812 5070 αἱ
861 5014 1299 5088 ὑπηρετούμεναι
1325 5013 1473 5085 αὐτῷ
1512 5014 1769 5084 δυνάμεις
1789 5029 1804 5045 ο

229 5106 325 5159 καὶ
349 5108 416 5178 τῇ
453 5106 552 5176 μὲν
581 5107 876 5161 ὑποστάσει
901 5109 957 5161 ὲν
982 5108 1063 5161 ἐνὶ
1091 5105 1239 5178 τόπῳ
1276 5106 1393 5159 ὲστί
1413 5123 1428 5137 ο
1459 5108 1525 5177 τῇ
1561 5105 1618 5158 δὲ
1666 5107 1811 5176 ἐνερ-

231 5196 355 5269 γείᾳ
376 5196 473 5252 τοῦ
498 5198 800 5272 θελήματος
829 5197 1104 5270 πανταχοῦ
1124 5215 1134 5228 '
1156 5200 1286 5253 ὅπου
1303 5197 1344 5250 δ’
1363 5197 1428 5252 ἂν
1452 5200 1648 5269 κρατῇ,
1672 5193 1809 5251 εἶναι

231 5285 449 5342 λέγεται
465 5305 481 5320 ·
509 5288 680 5354 οὕτως
704 5291 798 5343 καὶ
823 5292 852 5343 6
874 5288 1117 5352 διάϐολος
1132 5290 1198 5360 τῇ
1226 5285 1324 5358 μὲν
1346 5286 1639 5340 ὑποστάσει
1656 5303 1811 5356 περι-

302 5427 355 5463 ⁸⁸
385 5425 578 5486 Matth.
612 5444 683 5493 ι,
713 5427 806 5485 20.
881 5428 927 5462 ⁵⁸
963 5425 1082 5484 Joel
1114 5442 1176 5493 ιι,
1210 5425 1307 5483 28.
1383 5425 1431 5458 ⁸⁸
1466 5422 1574 5481 Tit.
1609 5440 1692 5490 ιιι,
1725 5421 1842 5479 4-6.

305 5565 979 5709 ἱῖξοοὶῆὶὲξηςιξὲὲῖιῖῗζ
1006 5564 1212 5693 ἓῖεὲῖδ.

1903 4572 2114 4619 natura:
2145 4569 2230 4619 est
2268 4560 2509 4633 Spiritus
2554 4567 2800 4616 sanctus.
2830 4556 3038 4611 Maced.
3081 4556 3217 4612 Cum
3257 4570 3386 4610 vero
3429 4562 3497 4615 et

1903 4653 2154 4710 diabolus
2181 4653 2384 4723 ubique
2415 4652 2508 4716 sit,
2541 4653 2646 4708 erit
2678 4659 2732 4707 et
2758 4652 2849 4706 ille
2873 4649 3118 4720 ejusdem
3149 4663 3213 4702 ac
3237 4646 3400 4701 Pater
3428 4654 3483 4711 et

1903 4744 2078 4801 Filius
2110 4746 2363 4801 naturae?
2398 4743 2550 4800 Orth.
2577 4742 2840 4797 Diabolus
2864 4756 2977 4796 non
3010 4739 3213 4809 ubique
3247 4744 3350 4792 est.
3381 4735 3486 4792 Nee

1903 4850 2011 4904 que
2047 4835 2193 4890 enim
2237 4834 2293 4889 in
2347 4834 2491 4888 coelo
2523 4840 2632 4896 est,
2680 4846 2860 4901 neque
2896 4831 2951 4884 in
2998 4828 3260 4884 universa
3300 4831 3483 4890 terra;

1905 4923 2003 4979 sed
2036 4930 2097 4978 ut
2118 4933 2400 4995 ;tyrannus
2431 4923 2631 4993 aliquis
2660 4923 2714 4976 in
2744 4920 2982 4991 quodam
3007 4919 3127 4972 loco
3157 4915 3484 4983 consistens,

1908 5014 2192 5089 ministros
2232 5014 2506 5069 mandatis
2540 5014 2842 5067 instructos
2888 5010 3134 5071 mittens,
3174 5007 3489 5073 ubicunque

1910 5106 2164 5175 potentiae
2195 5120 2308 5161 sua:
2338 5105 2624 5160 ministros
2656 5104 2842 5166 habet,
2871 5099 3074 5157 ibidem
3106 5096 3376 5154 dominari
3398 5096 3487 5150 di-

1909 5198 2093 5253 citur:
2141 5205 2197 5252 et
2231 5197 2511 5267 hypostasi
2564 5195 2783 5264 quidem
2826 5209 2949 5248 uno-
2974 5193 3032 5246 in
3082 5191 3205 5247 loco
3250 5195 3357 5254 est,
3392 5184 3489 5243 sed

1913 5288 2234 5359 operatione
2266 5287 2432 5359 480
2465 5286 2766 5342 voluntatis
2801 5285 3113 5352 ubicunque
3151 5278 3487 5342 dominatur,

1920 5424 1964 5457 "
2004 5424 2109 5481 Isa.
2143 5441 2286 5490 Lvu,
2326 5424 2415 5480 l5.
2493 5423 2541 5454 "
2587 5421 2792 5491 Ephes.
2835 5435 2897 5483 ιι,
2931 5418 2995 5485 5,
3031 5417 3084 5470 6.

334 5625 498 5707 17"")
523 5625 651 5693 Hac
672 5625 878 5693 vdes'uut
908 5637 963 5691 in
1006 5634 1212 5693 Graeco.
1242 5633 1337 5690 sed
1369 5635 1637 5690 habentur
1675 5631 1730 5686 in
1778 5631 1941 5687 veteri
1972 5629 2415 5711 interpretatione
2446 5625 2657 5682 Latina.
