3842 6210
396 243 535 302 1307

1526 254 1585 314 3.
1624 257 2091 316 ATHANASIUS.
2129 290 2201 302 --
2238 261 2512 321 SPURIA.

3521 261 3665 322 1308

395 360 598 418 ibidem
641 377 765 421 esse
797 363 1036 421 dicitur:
1086 368 1207 439 pari
1255 370 1419 427 modo
1470 371 1724 429 diabolus
1764 391 1971 446 quoque

2087 377 2308 449 έρχεται
2357 379 2466 433 ἀπὸ
2496 378 2663 432 τόπου
2705 380 2786 442 είς
2829 379 3014 445 τόπον,
3055 380 3123 450 τῇ
3163 378 3220 432 δὲ
3266 379 3515 451 ἐνεργείᾳ
3560 379 3659 433 τοῦ

397 454 678 524 bypostasi
722 456 945 526 quidem
995 474 1096 529 sua
1147 460 1215 517 de
1254 462 1376 518 loco
1422 465 1478 519 in
1527 465 1706 520 locum
1743 468 1977 539 transit;

395 547 715 615 operatione
744 558 925 605 autem
972 552 1267 609 voluntatis
1313 554 1514 624 ubique
1558 568 1829 613 terrarum
1871 568 1978 624 est,

396 637 680 694 voluntate
728 640 849 711 ejus
890 650 1152 711 operante
1200 644 1256 699 in
1307 665 1326 697 ι
1368 645 1495 703 ﬁliis
1532 648 1843 706 diffidentiae
1883 667 1982 722 per

394 730 674 799 principes
706 741 762 787 ct
792 741 1117 803 potestates,
1147 743 1202 790 et
1233 739 1421 792 mundi
1455 747 1700 796 rectores
1730 743 1982 798 tenebra-

393 836 518 876 rum
545 822 615 877 ⁸³.
653 843 673 875 ι
715 822 879 880 Pater
907 837 1112 892 autem,
1152 837 1206 883 et
1241 826 1415 884 Filius
1463 838 1518 886 et
1567 830 1806 903 Spiritus
1849 850 1979 890 san-

391 920 516 968 ctus
546 914 873 979 substantia,
905 919 1147 985 potentia
1176 926 1231 973 et
1259 919 1432 989 gloria
1476 922 1679 993 ubique
1717 925 1774 979 in
1806 927 1980 982 omni-

392 1001 497 1056 bus
534 1010 586 1057 et
613 1019 707 1073 per
727 1005 907 1058 omnia
943 1014 1092 1061 sunt.
1138 1005 1295 1073 Quod
1324 1009 1371 1062 si
1406 1009 1479 1065 ita
1512 1022 1632 1067 est:
1671 1030 1777 1069 una
1812 1017 1978 1086 igitur

391 1102 476 1149 est
501 1092 703 1159 Patris,
736 1094 857 1151 Filii
901 1109 953 1152 et
994 1097 1234 1168 Spiritus
1268 1103 1446 1157 sancti
1490 1104 1820 1161 substantia.
1854 1108 1976 1163 Ma-

391 1184 505 1239 c‘ed.
553 1185 714 1240 Pater
755 1187 976 1257 quidem
1016 1197 1070 1243 et
1104 1187 1275 1246 Filius
1320 1193 1634 1250 substantia
1685 1207 1738 1251 et
1783 1200 1976 1255 volun-

393 1284 506 1332 tate
556 1285 610 1333 et
654 1280 895 1348 potentia
938 1290 994 1335 et
1033 1281 1207 1351 gloria
1241 1283 1444 1354 ubique
1484 1295 1539 1341 et
1579 1287 1632 1341 in
1671 1291 1924 1348 omnibus
1957 1310 1970 1345 :

393 1366 632 1439 Spiritus
666 1381 844 1427 autem
875 1372 949 1427 ibi
979 1381 1084 1438 est,
1128 1390 1239 1445 quo
1273 1376 1528 1432 mittitur.
1564 1378 1714 1435 Orth.
1746 1383 1974 1450 Quando

391 1462 560 1531 igitur
594 1462 650 1516 in
698 1465 1041 1519 cmnaculum
1083 1467 1253 1531 venit,
1288 1468 1343 1522 in
1373 1485 1481 1540 quo
1513 1483 1670 1526 erant
1695 1474 1970 1546 discipuli,

392 1553 642 1625 seditque
674 1570 839 1625 supra
890 1557 1138 1628 singulos
1189 1575 1402 1623 eorum.
1446 1578 1556 1618 non
1601 1573 1720 1620 erat
1753 1574 1865 1621 tum
1916 1568 1969 1622 in

392 1645 532 1700 caelo
562 1646 815 1717 quoque?
856 1646 1065 1703 Maced.
1105 1649 1330 1707 Gabriel
1356 1656 1586 1724 quando
1631 1657 1697 1712 ad
1744 1657 1968 1714 Mariam

391 1737 595 1793 missus
629 1746 732 1803 est,
760 1754 870 1794 non
909 1750 1028 1794 erat
1076 1749 1190 1796 tum
1231 1745 1285 1799 iu
1329 1721 1471 1800 caelo
1520 1751 1773 1819 quoque?
1809 1750 1961 1807 Ortlt.
2006 1721 2042 1774 Β

391 1825 511 1882 Νοη
558 1830 886 1894 substantia,
929 1832 1024 1887 sed
1066 1834 1417 1903 cogitatione.
1462 1837 1669 1897 Maced.
1712 1841 1857 1897 Idem
1898 1845 1967 1899 de

392 1918 599 1990 Spiritu
631 1921 776 1976 dico.
815 1919 966 1977 Orth.
999 1921 1057 1976 Et
1099 1926 1376 1995 quomodo
1409 1928 1566 1983 audis
1597 1945 1722 1984 eum
1756 1933 1849 2001 qui
1885 1934 1967 1988 di-

391 2010 511 2064 cit:
560 2029 580 2062 ι
617 2008 854 2080 Spiritus
902 2012 1120 2070 Domini
1167 2017 1395 2087 replevit
1430 2018 1619 2074 orbem
1661 2003 1961 2090 terrarum;

389 2111 446 2158 et
475 2104 578 2158 hoc
627 2105 773 2175 quod
813 2112 1057 2163 continet
1102 2111 1285 2164 omnia
1336 2113 1623 2167 scientiam
1670 2114 1832 2171 habet
1871 2133 1968 2171 vo-

391 2197 474 2251 cis
498 2195 579 2250 "1
614 2215 633 2248 ι
669 2198 808 2263 Quid
848 2210 929 2254 est
962 2210 1142 2254 autem
1185 2202 1355 2268 aliud,
1384 2204 1529 2273 quod
1568 2204 1663 2259 Dei
1695 2208 1966 2277 cognitio-

390 2298 513 2339 nem
536 2284 754 2349 habeat,
788 2301 949 2356 quam
980 2285 1239 2356 Spiritus,
1268 2289 1337 2344 de
1381 2305 1492 2359 quo
1536 2292 1758 2356 dicitur,
1797 2311 1815 2344 ι
1848 2293 1965 2363 Spi-

390 2378 530 2432 ritus
568 2377 810 2432 scientia:
839 2385 895 2431 et
940 2379 1157 2448 pietatis
1200 2381 1287 2434 "?
1322 2400 1341 2432 ι
1392 2380 1601 2438 Μασεά.
1648 2381 1967 2440 Sanctiﬁca-

388 2468 557 2524 tionis
602 2468 841 2537 Spiritus
873 2469 963 2524 ille
1005 2480 1110 2526 est.
1152 2470 1309 2526 Orth.
1340 2473 1535 2527 Annon
1567 2475 1870 2530 sanctiﬁcat
1912 2483 1967 2532 et

389 2558 588 2613 Pater?
612 2560 717 2613 Aut
745 2576 852 2615 non
878 2562 1142 2632 scriptum
1165 2572 1249 2617 est
1274 2564 1328 2617 in
1358 2564 1709 2635 Evangeliis:
1746 2566 1959 2633 «Pater,

387 2649 666 2704 sanetiiica
696 2651 818 2705 illos
847 2652 901 2704 in
935 2652 1165 2706 veritate
1197 2661 1291 2707 tua
1318 2654 1411 2708 "?
1445 2675 1462 2704 ι
1497 2654 1562 2708 Ει
1593 2670 1690 2725 per
1726 2658 1964 2727 prophe-

391 2748 500 2793 tam
553 2741 629 2794 ait
672 2759 685 2796 :
741 2759 760 2793 ι
801 2740 914 2811 Ego
973 2741 1234 2799 Dominus
1288 2745 1641 2801 sanctificans
1691 2747 1812 2802 illos
1839 2749 1906 2805 ⁵⁷.
1938 2769 1958 2801 ι

392 2830 600 2888 Haced.
645 2831 960 2890 Sanctiﬁcat
999 2836 1159 2906 plane
1187 2846 1242 2891 et
1285 2837 1446 2893 Pater
1482 2847 1538 2893 ct
1571 2838 1762 2897 Filius.
1807 2840 1961 2897 Orth.

392 2923 449 2978 Si
485 2926 784 2980 sanctiﬁcat
815 2925 991 2992 Pater,
1020 2927 1330 2982 sanctificat
1356 2935 1410 2982 et
1451 2927 1645 2993 Filius,
1673 2937 1727 2984 et
1756 2933 1966 2986 sancti-

2084 465 2386 537 θελήματος
2412 468 2688 539 πανταχοῦ
2713 468 2837 538 γῆς,
2873 469 3260 540 ὲνεργουμὲνου
3286 469 3380 524 τοῦ
3413 471 3661 543 θελήμα-

2079 576 2170 622 τος
2196 558 2359 612 αὐτοῦ
2390 562 2449 613 ὲν
2487 579 2505 612 ι
2540 564 2653 625 τοῖς
2678 562 2812 622 υἱοῖς
2845 561 2944 632 τῆς
2972 560 3271 627 ἀπειθείας,
3306 561 3393 615 διὰ
3422 563 3532 615 τῶν
3558 564 3660 635 ἀρ-

2079 649 2189 720 χῶν
2213 650 2306 702 καὶ
2333 650 2441 703 τῶν
2466 648 2743 715 ἐξουσιῶν,
2778 650 2871 704 καὶ
2916 651 3025 703 τῶν
3065 651 3524 723 κοσμοκρατὸρων
3556 650 3656 706 τοῦ

2080 745 2325 804 σκότους.
2373 764 2392 799 ι
2426 745 2614 817 Πατὴρ
2641 746 2717 807 δὲ.
2754 748 2848 800 καὶ
2897 747 3044 810 Υἱὸς,
3084 748 3180 801 καὶ
3203 746 3357 815 ἅγιον
3405 749 3653 820 Πνεῦμα,

2078 834 2258 906 οὐσίᾳ,
2291 836 2383 888 καὶ
2412 835 2657 905 δυνάμει,
2692 836 2786 889 καὶ
2815 834 2940 908 δόξῃ
2970 836 3265 906 πανταχοῦ,
3296 838 3387 890 καὶ
3410 838 3468 890 ὲν
3494 840 3651 904 πᾶσι,

2078 926 2174 979 καὶ
2210 925 2301 978 διὰ
2330 926 2546 979 πάντων
2590 926 2745 978 εἰσίν.
2794 927 2858 979 Εἰ
2904 925 2960 979 δὲ
2995 926 3173 989 τοῦτο,
3211 926 3308 997 μία
3355 927 3461 999 ἄρα
3494 926 3655 981 οὐσία

2076 1018 2309 1087 Πατρὸς,
2342 1020 2436 1071 καὶ
2476 1017 2627 1080 Υίοῦ,
2682 1018 2776 1071 καὶ
2824 1018 2979 1086 ἁγίου
3029 1017 3365 1088 Πνεύματος.
3422 1017 3650 1073 Mam.

2076 1110 2267 1181 Πατὴρ
2296 1109 2394 1179 μὲν
2417 1110 2511 1163 καὶ
2541 1110 2667 1174 Υἱὸς
2690 1109 2847 1179 οὐσίᾳ
2877 1109 2971 1162 καὶ
3003 1109 3164 1180 βουλῇ
3189 1111 3281 1163 καὶ
3314 1110 3536 1181 δυνάμει
3557 1111 3654 1165 καὶ

2074 1200 2200 1272 δόξῃ
2231 1198 2504 1270 πανταχοῦ
2535 1201 2627 1254 καὶ
2652 1202 2709 1253 ἐν
2744 1202 2906 1254 πᾶσι·
2940 1200 3077 1267 τὸδὲ
3096 1200 3321 1272 Πνεῦμα
3343 1203 3458 1256 ἐκεῖ
3476 1204 3650 1267 ἐστιν,

2074 1292 2203 1346 ἔνθα
2235 1291 2640 1346 ἀποστέλλεται.
2674 1294 2829 1360 Ὀρθ.
2865 1294 2993 1346 Ὀτε
3026 1288 3118 1346 οὖν
3154 1293 3421 1363 κατῆλθεν
3462 1296 3520 1348 ὲν
3567 1294 3652 1367 τῷ

2075 1383 2308 1456 ὑπερῴῳ
2338 1383 2464 1437 ἔνθα
2490 1379 2631 1453 ἦσαν
2656 1385 2704 1437 οἱ
2735 1382 2995 1454 μαθηταὶ,
3025 1383 3120 1436 καὶ
3148 1383 3397 1437 ἐκάθισεν
3429 1384 3514 1453 ἐφ’
3552 1384 3652 1439 ἕνα

2073 1475 2303 1529 ἕκαστον
2336 1474 2535 1541 αὐτῶν,
2567 1475 2667 1528 οὐκ
2698 1471 2766 1547 ἦν
2797 1476 2889 1529 καὶ
2920 1477 2979 1529 ὲν
3023 1475 3102 1547 τῷ
3151 1475 3390 1547 οὐρανῷ;
3423 1476 3647 1532 Malea.

2087 1568 2144 1619 '0
2172 1566 2280 1639 γὰρ
2314 1566 2573 1638 Γαϐριὴλ,
2617 1568 2705 1621 ὅτε
2742 1566 3021 1639 ἀπεστάλη
3072 1567 3211 1639 πρὸς
3260 1567 3358 1638 τὴν
3403 1568 3645 1640 Μαρίαν,

2073 1657 2174 1710 οὐκ
2198 1653 2264 1726 ἦν
2286 1657 2380 1709 καὶ
2405 1659 2463 1711 ἐν
2487 1656 2565 1728 τῷ
2593 1656 2806 1729 οὐρανῷ
2827 1676 2841 1725 ;
2884 1659 3034 1726 Ὀρθ.
3072 1657 3262 1729 Οὐσίᾳ,
3283 1656 3344 1710 οῦ
3367 1675 3381 1689 ⁸
3415 1657 3648 1729 διανοίᾳ,

2071 1749 2173 1802 ναί.
2206 1748 2424 1803 Μακεδ.
2452 1748 2607 1802 Οὕτω
2638 1749 2781 1817 λέγω
2821 1751 2916 1803 καὶ
2954 1748 3015 1802 τὸ
3046 1749 3289 1819 Πνεῦμα.
3334 1750 3482 1817 Ὀρθ.
3537 1750 3652 1803 Καὶ

2072 1839 2189 1903 πῶς
2214 1838 2429 1903 ἀκούεις
2456 1837 2549 1893 τοῦ
2570 1838 2838 1907 λέγοντος,
2864 1840 2946 1891 ὅτι
2973 1856 2991 1890 t
3026 1838 3251 1908 Πνεῦμα
3293 1837 3497 1908 Κυρίου
3546 1852 3650 1890 πε-

2072 1930 2329 2004 πλήρωκε
2349 1931 2445 2002 τὴν
2481 1931 2805 2001 οἰκουμένην
2823 1947 2835 1960 ·
2860 1930 2955 1984 καὶ
2976 1930 3037 1984 τὸ
3068 1930 3288 2000 συνέχον
3315 1930 3488 1983 πάντα
3514 1927 3653 1996 γνῶ-

2073 2040 2157 2076 σιν
2187 2021 2300 2092 ἔχει
2331 2021 2546 2091 φωνῆςς
2579 2042 2598 2072 ι
2636 2022 2699 2074 Τί
2725 2021 2785 2074 δέ
2821 2023 2937 2073 ἐστι
2967 2021 3027 2073 τὸ
3053 2019 3151 2091 τὴν
3174 2020 3266 2073 τοῦ
3291 2018 3422 2073 Θεοῦ
3447 2018 3653 2088 γνῶσιν

2074 2113 2217 2185 ἔχον,
2241 2113 2408 2185 ἀλλ’ἢ
2440 2114 2501 2167 τὸ
2544 2113 2791 2183 Πνεῦμα,
2821 2111 2951 2184 περὶ
2995 2106 3056 2166 οῦ
3090 2112 3329 2183 εἴρηται·
3370 2131 3388 2163 t
3422 2110 3651 2182 Πνεῦμα

2073 2204 2325 2274 γνώσεως
2352 2206 2446 2259 καὶ
2478 2205 2797 2270 εὐσεϐείας
2844 2223 2862 2254 ι
2898 2202 3116 2258 Μακεδ.
3160 2203 3497 2272 Ἀγιαστικόν
3529 2203 3651 2256 ἐστι

2071 2297 2132 2351 τὸ
2164 2297 2408 2368 Πνεῦμα.
2453 2299 2607 2366 Ὀρθ.
2646 2299 2706 2350 '0
2728 2296 2838 2367 γὰρ
2866 2297 3058 2368 Πατὴρ
3083 2298 3181 2367 οὐχ
3215 2296 3456 2364 άγιάζει;
3493 2295 3649 2350 ’Ἡού

2071 2390 2377 2461 γέγραπται
2414 2390 2471 2441 ὲν
2518 2390 2631 2451 τοῖς
2676 2387 3063 2456 Εὑαγγελίοις·
3101 2405 3118 2437 ι
3153 2388 3364 2457 Πάτερ,
3424 2387 3650 2454 ἁγίασον

2073 2478 2271 2541 αὐτοὺς
2291 2479 2350 2530 ὲν
2379 2479 2444 2547 τῇ
2474 2476 2698 2547 ἀληθείᾳ
2728 2494 2858 2543 σου;
2914 2495 2933 2529 ι
2974 2476 3082 2530 Καὶ
3107 2477 3195 2531 διὰ
3238 2476 3333 2531 τοῦ
3366 2480 3651 2549 προφήτου

2068 2568 2252 2636 λέγει’
2292 2586 2310 2618 ι
2356 2566 2498 2636 Ἐγὼ
2541 2567 2746 2639 Κύριος
2792 2569 3030 2638 ἁγιάζων
3072 2569 3311 2632 αὐτούς.-
3341 2587 3360 2619 ι
3419 2566 3646 2622 Mam-36.

2069 2662 2196 2728 Ναὶ,
2222 2660 2435 2729 ἁγιάζει
2469 2661 2563 2714 καὶ
2589 2663 2617 2714 ὁ
2640 2662 2831 2735 Πατὴρ
2854 2663 2949 2715 καὶ
2978 2665 3006 2716 6
3035 2661 3185 2726 Υἱός.
3213 2662 3367 2730 ’ορθ.
3399 2662 3462 2713 El
3489 2659 3652 2727 άγιά-

2071 2751 2154 2816 ζει
2187 2755 2215 2807 6
2236 2751 2423 2824 Πατὴρ
2474 2752 2570 2807 καὶ
2593 2754 2810 2823 ἁγιάζει
2839 2754 2933 2807 καὶ
2955 2755 2983 2807 6
3009 2754 3156 2817 Υἱὸς.
3184 2755 3280 2807 καὶ
3310 2751 3524 2822 ἁγιάζει
3550 2751 3653 2806 καὶ

2070 2842 2131 2896 τὸ
2169 2843 2412 2914 Πνεῦμα-
2448 2844 2550 2915 τῆς
2585 2846 2756 2916 αὐτῆς
2787 2846 2897 2918 ἄρα
2939 2846 3154 2916 φύσεώς
3197 2848 3313 2899 ἐστι
3348 2845 3524 2915 Πατρὶ
3551 2840 3653 2897 καὶ

2073 2933 2186 3004 Υίῷ
2209 2952 2222 2965 ο
2244 2928 2317 2988 ὧν
2350 2934 2458 3004 γὰρ
2481 2937 2515 3007 ἡ
2545 2937 2684 3008 αὐτὴ
2716 2937 2985 3010 ἐνέργεια,
3015 2940 3109 2991 καὶ
3142 2938 3175 3005 ἡ
3209 2936 3346 3005 αὐτὴ
3377 2934 3561 3003 φύσις.

391 3015 516 3071 licat
542 3029 756 3085 quoque
791 3013 1029 3085 Spiritus
1055 3036 1069 3073 :
1094 3018 1337 3088 ejusdem
1366 3020 1529 3091 igitur
1585 3022 1673 3076 hic
1722 3031 1806 3077 est
1873 3039 1939 3078 ac
1969 3024 2125 3080 Pater
2184 3034 2239 3082 et
2270 3025 2439 3084 Filius
2473 3038 2684 3085 natura:
2707 3048 2721 3084 :
2748 3045 2872 3084 nam
2900 3045 3132 3100 quorum
3158 3029 3345 3084 eadem
3374 3026 3651 3097 operatio,

389 3109 576 3164 eadem
616 3114 669 3162 et
695 3120 909 3163 natura.

461 3202 549 3261 12.
582 3201 797 3259 Manut.
827 3203 939 3263 Nos
965 3205 1066 3261 via:
1098 3205 1290 3263 ducem
1326 3205 1589 3281 Spiritum
1615 3219 1863 3268 sanctum
1889 3212 1966 3269 di-

2141 3211 2223 3264 12.
2249 3211 2471 3265 Μακεδ.
2515 3212 2705 3282 Ἡμεῖς
2733 3208 3055 3281 ὁδηγητικὸν
3085 3208 3314 3280 λέγομεν
3340 3209 3399 3261 τὸ
3421 3208 3653 3280 Πνεῦμα

388 3296 586 3352 cimus.
619 3296 723 3365 Qui
752 3308 932 3354 autem
965 3301 1065 3354 vite
1105 3300 1217 3353 dux
1251 3310 1353 3365 est,
1386 3302 1432 3357 is
1468 3302 1537 3356 ad
1581 3305 1745 3358 alium
1794 3305 1965 3360 ducit.

393 3386 547 3444 Orth.
590 3387 782 3443 Nonne
825 3391 925 3445 vim
967 3391 1079 3445 dux
1124 3403 1209 3447 est
1280 3401 1333 3447 et
1385 3392 1570 3449 Deus?
1615 3392 1822 3449 Maced.
1868 3394 1970 3451 Ubi

392 3480 656 3549 scriptum
686 3481 806 3535 est?
843 3480 996 3537 Orth.
1025 3484 1158 3548 Quis
1185 3493 1267 3538 est
1290 3486 1383 3554 qui
1408 3486 1562 3540 sedet
1585 3501 1749 3555 super
1777 3489 1973 3541 cheru-

394 3569 544 3623 bim?
586 3567 791 3625 Maced.
840 3571 1002 3628 Deus.
1033 3572 1185 3628 Orth.
1230 3572 1370 3627 Audi
1404 3575 1568 3644 igitur
1603 3574 1858 3630 Dat-idem
1889 3575 1972 3629 di-

394 3670 641 3718 centem:
680 3682 698 3715 ι
734 3663 838 3729 Qui
863 3667 1041 3734 pascis
1076 3666 1264 3727 Israel,
1308 3667 1571 3721 intende:
1624 3667 1718 3737 qui
1744 3666 1972 3722 deducis

394 3753 539 3806 velut
566 3769 722 3809 ovem
751 3753 974 3825 .Insepb.
1001 3756 1103 3823 Qui
1128 3758 1284 3812 sedes
1321 3773 1485 3827 super
1512 3758 1819 3821 cherubim,
1853 3773 1971 3812 ma-

393 3841 654 3900 nifestare
703 3848 772 3905 ⁸⁸.
812 3867 830 3900 ι
888 3850 1060 3903 Audis
1109 3849 1256 3919 quod
1305 3858 1360 3904 et
1409 3859 1599 3920 pascat
1640 3857 1695 3905 et
1740 3851 1972 3905 deducat

392 3932 572 3992 Deus?
600 3936 809 3994 Maced.
842 3939 1044 4005 Pascit,
1082 3940 1276 4004 fateor,
1310 3951 1364 3995 et
1394 3940 1616 3996 deducit
1667 3941 1830 4004 Deus,
1875 3940 1972 3996 sed

394 4024 464 4078 ad
525 4028 764 4097 seipsqu
819 4028 1059 4085 deducit.
1117 4029 1356 4100 Spirittts
1405 4039 1583 4084 autem
1629 4044 1733 4082 non
1772 4030 1838 4083 ad
1886 4045 1974 4084 se-

393 4123 597 4194 ipsum,
622 4122 717 4178 sed
738 4122 801 4176 ad
820 4138 1033 4177 omnem
1053 4124 1333 4177 veritatem
1349 4123 1585 4179 deducit.
1611 4121 1763 4177 Orth.
1784 4122 1974 4178 Nonne

391 4225 450 4271 et
478 4214 616 4269 Deus
647 4215 713 4268 ad
753 4230 991 4268 omnem
1021 4215 1310 4269 veritatem
1352 4213 1618 4268 deducit?
1661 4211 1869 4268 Maced.
1903 4214 1974 4268 At

395 4304 513 4374 ipse
550 4318 737 4360 revera
767 4312 851 4358 est
881 4302 1061 4358 omnis
1099 4302 1321 4357 veritas.
1367 4300 1521 4359 Ortlt.
1554 4300 1811 4370 Ejusdem
1842 4316 1974 4373 ergo

394 4397 497 4450 viae
532 4396 642 4451 dux
697 4402 802 4461 est,
846 4395 1005 4464 cujus
1050 4394 1161 4449 dux
1203 4402 1286 4450 est
1324 4402 1378 4450 et
1427 4395 1682 4464 Spiritus.
1732 4393 1974 4460 Quorum

398 4503 526 4542 vero
556 4489 741 4542 eadem
772 4495 856 4542 est
883 4472 1151 4556 operatio,
1178 4487 1365 4541 eadem
1398 4501 1618 4556 quoque
1644 4496 1839 4540 natura
1865 4495 1969 4542 est.

2070 3306 2129 3360 τὸ
2153 3304 2323 3374 ἅγιον.
2368 3303 2427 3359 Ὀ
2458 3305 2514 3358 δὲ
2546 3303 2754 3376 ὁδηγῶν
2779 3304 2914 3375 πρὸς
2945 3301 3100 3356 ἄλλον
3125 3301 3326 3371 ὁδηγεῖ.
3345 3302 3499 3370 Ὀρθ.
3532 3302 3652 3373 Οὐχ

2070 3398 2252 3467 ὁδηγεῖ
2298 3394 2390 3452 οῦν
2439 3398 2469 3450 6
2515 3397 2681 3460 Θεός,
2715 3397 2935 3451 Μακεδ.
2969 3396 3080 3450 Ποῦ
3115 3398 3451 3468 γέγραπταις
3489 3398 3649 3464 Ὀρθ.

2082 3491 2139 3543 Ὀ
2172 3488 2479 3561 καθήμενος
2512 3489 2605 3542 ἐπὶ
2647 3487 2756 3540 τῶν
2783 3487 3049 3558 χερουὸὶμ
3100 3487 3184 3551 τίς
3231 3489 3384 3555 ἐστι;
3421 3487 3651 3544 Μακεδ.

2083 3582 2141 3634 '0
2176 3581 2327 3645 Θεός.
2381 3583 2534 3649 Ὀρθ.
2602 3581 2800 3632 ’Δκουε
2859 3575 2951 3632 οῦν
3000 3578 3095 3632 τοῦ
3148 3578 3312 3633 Δαϐὶδ
3358 3580 3651 3648 λέγοντος·

2078 3695 2096 3727 ι
2143 3677 2199 3730 '0
2223 3675 2526 3747 ποιμαίνων
2558 3674 2650 3728 τὸν
2682 3673 2915 3746 Ἰσραὴλ,
2942 3673 3196 3745 πρόσχεςο
3227 3675 3256 3727 6
3288 3672 3496 3744 ὁδηγῶν
3518 3672 3656 3727 ὡσεὶ

2071 3767 2344 3840 πρόϐατον
2367 3766 2458 3820 τὸν
2487 3765 2705 3838 Ἰωσὴφ,
2722 3767 2750 3817 6
2771 3764 3195 3835 καθήμενος-ἐπὶ
3227 3762 3333 3817 τῶν
3359 3761 3652 3833 χερουόὶμ,

2071 3859 2364 3931 ἐμφάνηθι.
2400 3879 2419 3911 ι
2461 3858 2726 3922 ’Δκούεις,
2759 3859 2842 3911 ὅτι
2877 3858 2974 3911 καὶ
3017 3856 3294 3926 ποιμαίνει
3329 3855 3421 3907 καὶ
3462 3853 3656 3923 ὁδηγεῖ

2072 3952 2100 4003 6
2122 3950 2284 4014 926;;
2308 3946 2529 4004 Μακεδ.
2561 3948 2690 4011 Ναὶ,
2720 3947 2994 4017 ποιμαίνει
3036 3945 3131 3998 καὶ
3168 3944 3349 4013 ὁδηγεί
3400 3944 3427 3995 6
3481 3942 3651 4006 Θεόςο

2076 4041 2210 4095 ἀλλὰ
2242 4041 2379 4112 πρὸς
2409 4039 2599 4094 ἑαυτὸν
2622 4040 2826 4110 ὁδηγεῖ.
2849 4037 2922 4090 Τὸ
2952 4036 3009 4089 δὲ
3038 4034 3260 4104 Πνεῦμα
3278 4034 3336 4086 οὐ
3361 4034 3498 4104 πρὸς
3522 4034 3657 4085 ὲαυο

2072 4135 2184 4200 τὸν,
2225 4132 2362 4188 ἀλλά
2408 4133 2545 4204 πρὸς
2590 4133 2771 4184 πᾶσαν
2808 4128 2904 4200 τὴν
2948 4128 3203 4199 ἀλήθειαν
3232 4125 3430 4196 ὁδηγεῖ.
3493 4125 3654 4192 Ὄρθ.

2087 4228 2143 4280 '0
2168 4226 2276 4298 γὰρ
2296 4225 2426 4288 Θεὸς
2456 4226 2516 4278 οὐ
2536 4224 2674 4295 πρὸς
2701 4224 2879 4275 πᾶσαν
2905 4221 3161 4289 ἀλήθειαν
3184 4218 3399 4288 ὁδηγεῖ;
3426 4215 3654 4271 Μακεδ.

2090 4313 2227 4367 Ἀλλ’
2259 4312 2418 4376 αὐτός
2447 4312 2593 4364 ἐστιν
2622 4310 2893 4380 ἀληθῶςή
2926 4310 3077 4361 πᾶσα
3098 4306 3343 4377 ἀλήθεια.
3361 4307 3506 4373 Ὀρθ.
3538 4306 3659 4376 Τὴν

2078 4402 2245 4472 αὐτὴν
2269 4401 2376 4472 ἄρα
2399 4401 2582 4470 ὁδηγεῖ
2606 4400 2849 4470 ὁδηγίαν,
2873 4399 2938 4469 ἥν
2969 4397 3153 4467 ὁδηγεῖ
3173 4395 3231 4448 τὸ
3275 4394 3520 4464 Πνεῦμα.
3548 4388 3657 4448 ⁴Ὧν

2077 4493 2134 4546 δὲ
2175 4491 2377 4562 ήαύτὴ
2405 4490 2669 4562 ἐνέργεια,
2716 4488 2811 4541 καὶ
2864 4488 2898 4557 ἡ
2943 4486 3079 4553 αὐτὴ
3120 4485 3300 4553 φύσις.
3352 4483 3490 4536 Οὐδὲ
3541 4482 3660 4551 γὰρ

332 4591 336 4594 ’
398 4575 517 4631 Non
550 4585 705 4645 potes
744 4577 890 4630 enim
922 4575 1123 4641 dicere,
1176 4575 1440 4647 Spiritum
1480 4577 1639 4631 aliter
1672 4576 1970 4644 deducere;

2076 4583 2209 4656 δύνῃ
2234 4584 2430 4645 εἰπεῖν,
2459 4582 2541 4634 ὅτι
2572 4581 2632 4633 τὸ
2660 4580 2759 4651 μὲν
2786 4576 3010 4648 Πνεῦμα
3049 4577 3223 4639 ἄλλως
3271 4575 3474 4645 ὁδηγεῖ,
3522 4575 3550 4626 6
3597 4573 3661 4627 δι

402 4668 569 4722 Deum
607 4678 783 4722 autem
828 4667 895 4721 ad
934 4683 1149 4722 omnem
1181 4667 1462 4722 veritatem
1505 4668 1795 4733 deducere,
1848 4683 1972 4724 cum

402 4758 663 4816 Dominus
688 4756 850 4814 Jesus
891 4758 1110 4825 dixerit,
1144 4757 1403 4829 Spiritum
1438 4758 1504 4813 ad
1529 4775 1743 4815 omnem
1773 4761 1977 4816 verita-

397 4860 507 4908 tem
537 4868 638 4908 nos
666 4851 957 4906 deducere.
998 4849 1209 4924 Haced.
1237 4851 1306 4904 At
1345 4850 1478 4915 dixi,
1511 4850 1678 4907 Dcmu
1706 4867 1830 4909 esse
1857 4867 1977 4907 om-

401 4960 523 4999 nem
567 4944 883 5007 veritatem,
934 4944 1221 5013 ipsumque
1261 4942 1329 4997 ad
1377 4947 1614 5014 scipsum
1665 4943 1974 4999 deducere:

402 5035 665 5105 Spiritum
696 5052 825 5091 vero
854 5053 963 5092 non
994 5035 1061 5091 ad
1088 5037 1347 5106 seipsum,
1383 5037 1477 5092 sed
1500 5036 1569 5090 ad
1593 5052 1811 5092 omnem
1842 5037 1980 5092 veri-

403 5136 591 5192 tatem,
618 5128 724 5183 hoc
751 5137 834 5184 est
860 5128 927 5183 ad
957 5127 1144 5183 Deum.
1175 5127 1330 5185 Orth.
1372 5127 1430 5183 Si
1460 5128 1603 5185 Deus
1642 5129 1711 5184 ad
1733 5129 1974 5200 scipsum

401 5219 645 5283 deducit,
676 5235 939 5290 quorsum
975 5219 1215 5290 Spiritus
1254 5221 1432 5276 sancti
1478 5220 1809 5277 deductione
1839 5236 1978 5292 opus

403 5314 525 5366 est?
547 5309 757 5367 Haced.
790 5312 1033 5368 Primum
1061 5312 1281 5369 deducit
1314 5310 1571 5383 Spiritus,
1596 5312 1791 5370 deinde
1812 5311 1978 5369 Deus.

406 5401 561 5458 Orth.
594 5402 652 5458 Si
675 5404 769 5474 qui
795 5404 892 5459 viae
919 5403 1030 5458 dux
1056 5412 1163 5471 est,
1191 5404 1261 5462 ad
1291 5405 1455 5461 alium
1490 5404 1784 5477 quemdam
1811 5404 1983 5462 dedu-

476 5554 523 5624 ’ξ
561 5553 760 5624 Ephes.
798 5573 858 5620 v,
896 5556 967 5621 6;
1005 5572 1053 5609 vn
1081 5597 1094 5616 ,
1140 5559 1218 5613 l2.

1333 5559 1379 5592 ”
1420 5556 1551 5630 Sap.
1621 5574 1674 5628 t,
1735 5559 1786 5616 7.

411 5626 457 5661 ⁸⁸
490 5623 632 5681 Ρεειί.
668 5643 861 5682 Lxxtx.
903 5627 969 5694 1,
1006 5626 1059 5683 9..

1898 5561 1944 5595 "
1980 5557 2084 5618 lsa.
2139 5576 2226 5616 ιι.
2282 5559 2335 5616 2.

2080 4676 2214 4738 Θεὸς
2245 4675 2380 4747 πρὸς
2414 4676 2593 4728 πᾶσαν
2634 4673 2734 4744 τὴν
2756 4670 3039 4743 ἀλήθειανο
3092 4668 3185 4723 τοῦ
3235 4669 3438 4739 Κυρίου
3478 4664 3656 4735 Ἰησοῦ

2080 4768 2381 4839 εἰρηκότος,
2412 4766 2494 4819 ὅτι
2532 4764 2664 4818 αὐτὸ
2697 4765 2758 4817 τὸ
2807 4762 3028 4838 Πνεῦμα
3081 4761 3265 4831 ὁδηγεῖ
3311 4759 3460 4830 ἡμᾶς
3514 4756 3657 4828 πρὸς

2086 4861 2262 4912 πᾶσαν
2294 4861 2393 4929 τὴν
2415 4856 2690 4928 ἀλήθειαν.
2726 4854 2943 4909 Μακεδ.
2985 4852 3122 4906 Ἀλλ’
3150 4848 3323 4907 εἷπον.
3351 4851 3430 4902 ὅτι
3457 4851 3486 4901 6
3517 4847 3660 4912 Θεός

2083 4949 2230 5000 ἐστιν
2260 4949 2294 5018 ή
2322 4949 2470 4999 πᾶσα
2492 4944 2739 5016 ἀλήθεια,
2766 4945 2860 4998 καὶ
2889 4943 3049 5006 αὐτὸς
3070 4941 3206 5013 πρὸς
3232 4940 3422 4993 ἑαυτὸν
3445 4937 3658 5009 ὁδηγεῖ,

2082 5038 2146 5091 τὸ
2169 5038 2225 5090 δὲ
2254 5036 2478 5106 Πνεῦμα
2506 5036 2565 5088 οὒ
2592 5034 2728 5106 πρὸς
2757 5033 2952 5096 ἑαυτὸ,¹
2987 5030 3124 5086 ἀλλά
3153 5031 3290 5101 πρὸς
3320 5030 3501 5082 πᾶσαν
3529 5027 3664 5097 ἅλ’ή-

2083 5130 2253 5194 θειαν,
2282 5129 2310 5182 ὃ
2348 5130 2463 5181 ἐστι
2502 5126 2638 5198 πρὸς
2671 5125 2762 5179 τὸν
2806 5124 2961 5178 Θεὸν.
3005 5123 3157 5190 Ὄρθ.
3198 5122 3310 5174 Καὶ
3344 5122 3394 5172 εἰ
3443 5120 3473 5171 ὁ
3520 5117 3660 5182 Θεὸς

2084 5223 2222 5294 πρὸς
2246 5220 2436 5275 ἑαυτὸν
2463 5219 2666 5289 ὁδηγεῖ,
2697 5217 2782 5281 τίς
2810 5219 2844 5288 ἡ
2875 5216 3035 5288 χρεία
3065 5215 3164 5285 τῆς
3200 5213 3295 5266 τοῦ
3336 5212 3661 5281 Πνεῦματος

2084 5312 2340 5382 ὀδηγίας;
2370 5308 2594 5368 Μακεδ.
2614 5307 2837 5380 Πρῶτον
2861 5306 3044 5375 ὁδηγεῖ
3056 5305 3116 5359 τὸ
3135 5303 3382 5374 Πνεῦμα,
3407 5300 3502 5354 καὶ
3528 5300 3660 5355 τότε

2084 5405 2114 5457 ὁ
2135 5402 2286 5467 Θεός.
2331 5402 2485 5470 Ὀρθ.
2510 5401 2576 5454 Ei
2610 5401 2640 5453 6
2677 5396 2886 5470 ὁδηγῶν
2922 5397 3060 5470 πρὸς
3098 5395 3256 5451 ἄλλον
3287 5394 3409 5449 τινὰ
3446 5393 3660 5463 ὁδηγεῖ,

2439 5559 2485 5591 ⁸⁸
2521 5554 2681 5635 Joan.
2715 5566 2830 5612 xvii
2857 5592 2873 5620 ,
2916 5552 3000 5607 Π.
3103 5553 3147 5586 "
3188 5526 3383 5606 Ezecb.
3418 5563 3525 5614 xx,
3565 5546 3668 5607 12.
