3842 6210
197 244 341 311 ἰδθθ

1257 262 1543 322 CONTRA
1579 267 1925 325 MACEDON.
1966 265 2316 325 DIALOGUS
2353 267 2393 323 Ι.

3327 265 3465 320 1510

196 368 385 439 ὁδηγεῖ
408 369 465 423 δὲ
495 369 558 425 τὸ
584 372 808 446 Πνεῦμα
848 375 985 448 πρὸς
1008 378 1099 432 τὸν
1118 377 1251 432 Θεὸν
1267 397 1282 411 ·
1312 381 1407 433 καὶ
1435 383 1464 434 ὁ
1484 381 1636 448 Θεὸς,
1666 383 1784 455 ὁδη-

1888 383 1985 447 εἰι,
2023 382 2246 438 deducit
2275 394 2454 438 autem
2489 380 2728 452 Spiritus
2756 385 2827 434 ad
2846 373 3051 445 natm;
3077 378 3218 434 Deus
3248 393 3467 449 quoque

197 460 335 529 γῶν,
378 461 515 533 πρὸς
558 463 719 518 ἄλλον
767 468 889 523 τινὰ
936 470 1136 541 ὁδηγεῖ.
1187 473 1413 532 Mam-:6.
1468 470 1654 537 Εἶπον,
1702 477 1783 529 ὄτι

192 551 340 624 πρὸς
371 553 583 610 ἑαυτόν.
626 557 779 626 ’ορ6.
828 560 943 613 Οὐκ
985 561 1091 633 ἄρα
1129 564 1159 615 6
1200 563 1431 634 ὁδηγῶν,
1465 566 1602 637 πρὸς
1628 565 1784 620 ἄλλον

193 641 322 694 τινὰ
360 641 564 713 ὁδηγεῖ,
596 646 737 700 ἀλλὰ
779 649 915 720 πρὸς
950 651 1163 705 ἑαυτόν.
1202 653 1265 706 Εί
1304 653 1360 706 δὲ
1392 653 1570 717 τοῦτο,
1604 655 1698 708 καὶ
1725 657 1785 709 τὸ

198 730 427 801 Πνεῦμα
455 734 700 804 ὁδηγοῦν,
724 739 818 791 καὶ
845 739 978 810 πρὸς
1008 741 1166 794 ἑαυτὸ
1191 743 1392 813 ὁδηγεῖ,
1419 744 1512 796 καὶ
1534 745 1668 815 πρὸς
1692 744 1785 799 τὸν

199 819 443 889 Πατέρα,
470 825 564 876 καὶ
599 826 735 894 πρὸς
780 827 870 881 τὸν
910 829 1054 883 Υἱόν.
1111 831 1174 883 Ἦ
1210 830 1320 901 γὰρ
1364 833 1513 886 πᾶσα
1538 832 1781 905 ἀλήθεια,

194 911 340 980 πρὸς
380 913 445 984 ἥν
488 914 866 987 ὁδηγούμεθα,
905 921 938 990 ἡ
983 922 1061 984 είς
1099 922 1318 994 Πατέρα
1370 924 1463 976 καὶ
1519 923 1646 977 Υἱὸν
1691 927 1785 979 καὶ

196 1001 356 1071 ἅγιον
402 1006 629 1077 Πνεῦμά
677 1010 824 1062 ἐστιν
866 1010 1089 1080 ὁδηγία·
1145 1011 1245 1066 κᾶν
1286 1015 1452 1085 ὁδηγῇ
1494 1015 1522 1067 ὁ
1571 1016 1781 1086 Πατὴρ,

199 1091 342 1162 πρὸς
378 1095 568 1149 ἑαυτὸν
619 1097 835 1166 ὁδηγεῖ·
876 1098 981 1152 -κᾶν
1021 1100 1187 1173 ὁδηγῇ
1244 1102 1305 1155 τὸ
1352 1102 1593 1174 Πνεῦμα,
1645 1106 1782 1177 πρὸς

194 1184 365 1237 ἑαυτὸ
393 1187 597 1259 ὁδηγεῖ.
628 1190 850 1245 Maia-26‘.
890 1192 1028 1246 Ἀλλ’
1054 1191 1223 1258 εἶπον,
1250 1196 1331 1249 ὅτι
1362 1194 1576 1267 πρῶτον
1602 1197 1786 1270 ὁδηγεῖ

192 1274 268 1328 τὸ
296 1275 542 1348 Πνεῦμα,
575 1281 669 1332 καὶ
702 1280 824 1334 τότε
862 1283 891 1335 6
916 1282 1067 1347 Θεὸς.
1113 1285 1265 1353 Ὀρθ.
1312 1286 1452 1339 Ἀλλ’
1479 1288 1529 1339 εί
1556 1289 1657 1360 τὴν
1682 1290 1782 1342 αὑ-

197 1367 303 1438 τὴν
324 1369 553 1440 ὁδηγίαν
590 1370 773 1441 ὁδηγεῖ
806 1375 884 1445 τῷ
913 1374 1032 1446 Θεῷ
1055 1377 1115 1429 τὸ
1146 1377 1368 1449 Πνεῦμα
1400 1379 1461 1432 τὸ
1492 1379 1665 1448 ἆγιον,
1708 1374 1784 1435 ὧν

190 1459 237 1529 ἡ
271 1459 405 1530 αὑτὴ
432 1461 699 1532 ἐνέργεια,
728 1466 760 1534 ἡ
787 1465 923 1537 αὐτὴ
959 1467 1138 1536 φύσις.
1173 1469 1395 1524 Μακεδ.
1438 1470 1598 1524 Ἀλλὰ
1626 1469 1784 1524 τοῦτο

196 1549 469 1619 ζητεῖται,
509 1554 556 1605 εί
600 1554 813 1625 πρῶτον
859 1556 921 1610 τὸ
963 1558 1185 1630 Πνεῦμα
1224 1561 1424 1632 ὁδηγεῖ,
1461 1563 1556 1615 καὶ
1595 1563 1717 1616 τότε
1755 1565 1784 1616 ὁ

196 1640 357 1705 Θεὸς.
401 1644 554 1713 Ὄρθ.
583 1642 767 1710 Εἶπον,
806 1648 885 1701 ὅτι
928 1650 1079 1704 οὐδὲν
1124 1654 1285 1713 ποιεῖ,
1328 1652 1431 1705 κᾶν
1463 1652 1680 1726 πρῶτον
1721 1653 1782 1706 τὸ

1889 472 2189 539 deducens,
2252 472 2321 527 ad
2377 472 2545 526 alium
2601 469 2891 542 quemdam
2950 469 3187 524 deducit.
3253 467 3460 522 Maced.

1889 560 2033 625 Dixi,
2063 561 2206 633 quod
2241 561 2309 615 ad
2343 562 2607 631 seipsum.
2639 558 2792 614 Orth.
2835 556 2953 612 Non
2985 557 3150 628 igitur
3173 559 3262 627 qui
3295 556 3465 612 dedu-

1888 652 1986 717 cit,
2019 653 2084 707 ad
2116 653 2282 706 alium
2332 653 2620 722 quemdam
2670 649 2911 713 deducit,
2949 649 3043 703 sed
3092 648 3158 702 ad
3200 650 3462 719 seipsum.

1889 743 2044 809 Quod
2086 746 2133 800 si
2183 745 2257 798 ita
2305 753 2410 807 est,
2460 743 2698 813 Spiritus
2738 756 2954 811 quoque
2999 741 3275 795 deducens
3312 749 3361 794 et
3394 738 3464 793 ad

1888 836 2127 905 seipsum
2153 833 2394 900 deducit,
2421 842 2475 886 et
2498 833 2564 888 ad
2594 831 2807 886 Patretn
2838 839 2892 884 et
2919 831 2985 885 ad
3018 828 3233 885 Filium.
3274 828 3464 883 Omnis

1885 927 2030 981 enim
2078 925 2169 979 illa
2221 924 2423 979 veritas
2454 924 2518 978 ad
2548 938 2709 990 quam
2756 921 3099 979 deducimur.
3143 920 3269 973 nihil
3315 920 3461 973 aliud

1886 1025 1991 1082 est,
2025 1031 2187 1087 quam
2216 1020 2273 1070 in
2303 1014 2542 1077 Patrem,
2583 1012 2777 1067 Filium
2826 1022 2881 1066 et
2914 1012 3173 1081 Spiritum
3214 1024 3464 1066 sanetum

1846 1152 1852 1159 .
1887 1109 2180 1165 deductio:
2218 1115 2272 1163 et
2299 1106 2521 1176 quando
2553 1106 2773 1160 deducit
2794 1104 2975 1166 Pater,
3012 1105 3077 1156 ad
3105 1102 3344 1170 scipsum
3371 1100 3465 1155 de-

1885 1197 2066 1259 ducit;
2093 1203 2149 1251 et
2188 1197 2408 1266 quando
2435 1195 2655 1249 deducit
2705 1192 2965 1263 Spiritus,
3006 1190 3075 1249 ad
3105 1192 3343 1258 seipSnm
3371 1190 3468 1244 dc-

1885 1288 2055 1343 ducit.
2092 1286 2301 1341 Maced.
2337 1288 2406 1339 At
2443 1285 2577 1348 dixi,
2615 1284 2847 1354 primum
2881 1282 3146 1338 deducere
3176 1280 3462 1351 Spritum,

1884 1388 1938 1435 ει
1975 1388 2089 1433 tum
2133 1380 2350 1432 demum
2390 1375 2581 1431 Deum.
2617 1374 2772 1430 Orth.
2809 1372 2868 1428 Si
2912 1387 3042 1428 t'cro
3081 1371 3322 1438 ejusdem
3365 1372 3467 1425 via

1884 1472 1994 1526 dux
2024 1478 2109 1525 est
2133 1467 2392 1541 Spiritus,
2426 1468 2586 1537 cujus
2618 1474 2673 1521 et
2705 1465 2869 1530 Deus,
2902 1480 3131 1535 quorum
3162 1463 3350 1517 eadem
3380 1468 3466 1517 est

1883 1564 2148 1633 Operatio,
2190 1576 2377 1616 eorum
2414 1558 2602 1614 eadem
2643 1565 2727 1612 est
2765 1565 2819 1611 et
2849 1564 3065 1609 natura.
3110 1551 3316 1608 Maced.
3355 1547 3466 1604 Sed

1886 1654 1989 1709 hoc
2016 1653 2311 1723 quaeritur:
2343 1658 2528 1704 utrum
2575 1648 2728 1718 prius
2771 1644 3029 1716 Spiritus,
3062 1657 3130 1696 an
3162 1656 3290 1697 vero
3321 1639 3467 1694 Deus

198 1734 433 1805 Πνεῦμα
478 1741 629 1808 ποιῇ,
677 1739 779 1793 κᾶν
831 1741 1047 1812 πρῶτον
1095 1745 1123 1795 ὀ
1161 1743 1312 1808 Θεὸς,
1357 1746 1495 1817 ὅπερ
1534 1747 1634 1798 οὐκ
1668 1745 1783 1799 ἐστι

1885 1745 2136 1801 deducat.
2165 1741 2316 1798 Ortlt.
2338 1741 2481 1805 Dixi,
2505 1738 2650 1807 quod
2681 1738 2815 1793 nihil
2839 1736 2905 1789 ad
2931 1750 3066 1795 rem,
3091 1733 3204 1789 sive
3228 1729 3466 1800 Spiritus

197 1826 383 1878 ’κοινόν
416 1843 433 1855 ·
474 1827 673 1898 μᾶλλον
714 1831 824 1903 γὰρ
867 1832 1217 1903 εὑρεθήσεται
1265 1837 1322 1888 ὲν
1372 1838 1485 1899 τοῖς
1544 1835 1780 1889 πλείοσιν

194 1917 233 1968 ὁ
261 1914 395 1980 Θεὸς
437 1917 654 1989 πρῶτος
693 1919 903 1991 ὁδηγῶν
931 1922 1024 1975 τοῦ
1056 1924 1371 1994 Πνεῦματος
1402 1925 1544 1978 κατὰ
1572 1927 1665 1980 τὸν
1689 1926 1782 1979 σὸν

200 2007 383 2076 λόγον.
420 2009 617 2080 Ἡμεῖς
655 2011 762 2082 γὰρ
788 2011 1016 2082 λέγομεν
1044 2013 1141 2085 τὴν
1171 2014 1339 2087 αὐτὴν
1370 2016 1463 2069 καὶ
1489 2016 1629 2069 κατὰ
1648 2033 1781 2071 ταυ-

194 2099 298 2152 τὸν
318 2094 459 2153 εἶναι
490 2099 709 2171 ὁδηγίαν
744 2102 976 2175 Πατρὸς,
1001 2106 1096 2158 καὶ
1127 2104 1279 2169 Υἰοῦ,
1311 2106 1404 2159 καὶ
1430 2107 1586 2176 ἁγίου
1613 2107 1784 2162 Πνεῦ-

207 2207 399 2261 ματος.
457 2193 608 2246 Ἐπεὶ
641 2194 697 2247 δὲ
740 2196 803 2247 σὺ
869 2195 1109 2266 μεριζεις
1161 2197 1252 2251 τὸν
1301 2199 1490 2270 καιρὶν
1555 2203 1647 2253 καὶ
1686 2199 1784 2271 τὴν

192 2281 457 2355 ιόδηγίαν,
517 2287 635 2339 είπὲ
676 2288 827 2360 παρὰ
868 2289 1015 2351 τίνος
1061 2289 1318 2361 ὼδηγήθη
1340 2290 1557 2362 πρώτου
1591 2292 1782 2362 Ἀδὰμ,

201 2375 386 2444 μένων
414 2377 471 2429 ὲν
504 2377 579 2448 τῷ
612 2380 924 2450 παραδείσῳ
958 2380 1064 2452 πρὸ
1097 2382 1196 2452 τῆς
1228 2381 1593 2452 παραϐάσεως
1620 2382 1787 2454 ἐργά-

204 2468 398 2531 ζεσθαι
447 2469 609 2523 αὑτὸν
659 2472 754 2525 καὶ
799 2472 1122 2542 φυλάττειν·
1158 2474 1308 2545 παρὰ
1336 2474 1429 2529 τοῦ
1482 2473 1717 2547 Πατρὸς,
1750 2474 1785 2545 ἦ

391 2556 482 2610 τοῦ
511 2558 712 2630 Υίοῦ,ἢ
742 2561 893 2633 παρὰ
911 2562 1002 2616 τοῦ
1015 2561 1170 2630 ἁγίου
1185 2561 1496 2633 Πνεῦματος
1524 2580 1537 2628 ;
1561 2563 1784 2619 Μακεδ.

204 2649 367 2721 Παρὰ
393 2648 486 2703 τοῦ
513 2650 652 2703 Πνεύ
661 2669 847 2722 ματος.
888 2654 1039 2722 Ὀρθ.
1064 2652 1317 2721 Καίτοιγε
1341 2654 1558 2725 εἴρηται
1580 2670 1593 2682 ·
1626 2673 1644 2704 ι
1678 2654 1788 2707 Καὶ

200 2741 360 2795 ἔθετο
390 2741 552 2795 αὐτὸν
576 2745 604 2796 ὁ
640 2744 771 2807 Θεὸς
798 2746 856 2796 ὲν
886 2744 965 2814 τῷ
998 2744 1309 2816 παραδείσῳ
1337 2743 1663 2815 ἐργάζεσθαι
1693 2743 1787 2797 καὶ

204 2831 521 2900 φυλάττειν.
556 2853 573 2882 ι
612 2833 822 2886 Οὐκοῦν
854 2835 947 2887 καὶ
994 2834 1141 2888 ἄκων
1178 2832 1458 2902 ὁμολογεῖς
1485 2833 1618 2886 Θεὸν
1646 2829 1787 2887 εἶναι

199 2921 267 2976 τὸ
282 2923 525 2994 Πνεῦμα·
546 2924 732 2996 ἐπειδὴ
754 2925 886 2979 αὐτὸ
897 2924 1110 2996 πρῶτον
1125 2925 1338 2997 ὁδηγεῖν
1353 2925 1550 2994 λέγεις.
1564 2924 1786 2980 Μακεδ.

218 3014 277 3069 ⁸0
310 3014 442 3078 Θεὸς
475 3017 533 3069 ὲν
562 3016 640 3087 τῷ
668 3017 945 3088 Πνεῦματι
974 3019 1176 3088 ὁδηγεῖ.
1231 3021 1383 3089 Ὀρθ.
1415 3019 1524 3072 Καὶ
1553 3018 1669 3083 πῶς
1697 3019 1790 3088 γέ-

198 3121 483 3176 γραπται·
531 3125 550 3158 ί
600 3108 657 3160 Ὀ
696 3107 969 3180 ὁδηγήσας
996 3109 1071 3174 ὼς
1116 3110 1361 3183 πρόϐατα
1405 3111 1495 3163 τὸν
1527 3110 1654 3164 λαόν
1689 3127 1783 3164 σου
1812 3092 1854 3151 C

204 3198 267 3249 ἐν
307 3198 450 3271 χειρὶ
491 3198 735 3262 Μωσέως
766 3201 860 3253 καὶ
896 3203 954 3254 ὲν
989 3202 1230 3274 βραχίονι
1269 3202 1510 3274 Ἀαρών;
1559 3221 1577 3253 ι
1616 3202 1706 3272 Μὴ
1750 3202 1784 3272 ἡ

201 3290 329 3363 χεὶρ
348 3290 587 3352 Μωσέως
602 3291 661 3344 τὸ
677 3292 898 3363 Πνεῦμα
918 3293 979 3346 τὸ
1006 3293 1156 3363 ἆγιὸν
1180 3297 1325 3360 tam;
1353 3278 1571 3351 Μὶικεδ.
1601 3296 1664 3348 Et
1687 3294 1786 3365 μία

206 3380 368 3447 φύσις
400 3380 516 3433 ἐστὶ
542 3381 773 3453 Πατρὸς,
809 3383 901 3436 καὶ
931 3384 1082 3449 Υἱοῦ,
1118 3385 1210 3438 καὶ
1254 3385 1408 3453 ἁγίου
1448 3386 1783 3457 Πνεῦματος,

198 3470 425 3526 δύναται
463 3473 559 3527 καὶ
591 3474 850 3543 γεννῆσαι
893 3475 988 3529 καὶ
1037 3477 1217 3530 κτίσαι
1255 3477 1316 3530 τὸ
1341 3477 1584 3548 Πνεῦμα.
1629 3479 1783 3547 Ὀρθ.

142 3632 145 3637 Ι
204 3562 351 3616 Μίαν
370 3563 550 3633 λέγεις
575 3565 736 3647 φιξσιν
751 3565 961 3638 Πατρὸς
975 3569 1068 3621 καὶ
1091 3567 1221 3622 Υἰοῦ
1248 3571 1341 3623 καὶ
1370 3570 1524 3638 ἁγίου
1542 3553 1787 3643 Πνεῦμα-

197 3669 297 3718 ιτος
322 3650 481 3718 εἶναι,
503 3654 535 3725 ἢ
561 3655 682 3709 οὐδὲ
706 3655 863 3710 τοῦτο
889 3656 1097 3726 λέγεις;
1124 3660 1346 3715 Μακεδ.
1370 3662 1515 3716 Μίαν
1534 3663 1595 3716 οὐ
1620 3662 1782 3731 λέγω·

202 3746 398 3816 ὁμοίαν
436 3747 495 3800 δὲ
538 3746 701 3815 λέγω.
749 3749 901 3817 Ὀρθ.
946 3751 1166 3820 Ὀμοίαν
1214 3752 1413 3821 λέγεις,
1462 3754 1538 3817 ὼς
1581 3753 1783 3825 χρυσοῦ

206 3835 303 3888 καὶ
338 3834 576 3905 χαλκοῦς
602 3838 822 3891 Μακεδ.
856 3837 947 3910 Μὴ
964 3838 1207 3907 γένοιτοί
1247 3843 1402 3910 Ὀρθ.
1442 3842 1580 3896 Ἀλλ’
1604 3844 1678 3907 ὡς
1698 3844 1779 3908 τίς

204 3926 428 3982 Maxera.
464 3928 550 3991 Ὠς
570 3928 774 3998 χρυσοῦ
804 3931 897 3983 καὶ
932 3931 1155 4002 χρυσοῦ.
1174 3933 1328 4003 Ὀρθ.
1355 3933 1525 3988 Τοῦτο
1540 3931 1634 4003 οὖν
1669 3938 1784 3989 ἐστι

204 4018 311 4089 μία
339 4019 518 4088 φύσις.
543 4023 719 4086 Ὀλως
740 4023 795 4076 δὲ
825 4023 996 4088 οὕτως
1019 4026 1201 4097 ὅμοιον
1224 4026 1401 4095 λέγεις
1430 4028 1521 4081 τὸν
1551 4029 1676 4082 Υίὸν
1706 4029 1785 4100 τῷ

204 4109 404 4182 Πατρὶ,
439 4112 515 4176 ὡς
556 4114 754 4184 χρυσὸν
786 4115 1004 4188 χρυσῷ;
1044 4117 1264 4175 Μακεδ.
1308 4119 1430 4173 Ναί.
1477 4121 1628 4193 Ὀρθ.
1660 4121 1786 4176 Ἐὰν

201 4197 300 4255 οῦν
333 4202 533 4275 θελήσῃ
568 4207 595 4257 ὁ
620 4204 765 4270 Υἱὸς,
791 4207 891 4276 τῆς
924 4209 1093 4281 αὐτῆς
1124 4208 1200 4263 ὢν
1226 4209 1442 4279 φύσεως
1473 4213 1549 4283 τῷ
1587 4213 1782 4284 Πατρὶ,

202 4292 432 4348 δύναται
465 4296 721 4366 γεννῆσαι
759 4297 919 4363 Υἱόν;
956 4297 1178 4354 Mante-6.
1226 4301 1355 4363 Ναὶ,
1379 4301 1631 4356 δύναται·
1670 4302 1784 4356 ἀλλ’

208 4384 299 4439 ἵνα
333 4386 406 4457 μὴ
432 4385 706 4455 θεογονίαν
743 4388 1098 4461 διδαχθῶμεν,
1126 4391 1283 4445 τοῦτο
1310 4393 1370 4444 οὐ
1410 4396 1571 4446 ποιεῖ.
1625 4393 1781 4460 Ὀρθ.

1883 1839 2117 1908 primum
2158 1834 2369 1896 fecerit,
2401 1832 2516 1887 sive
2547 1830 2688 1886 Deus
2716 1831 2971 1901 primum,
3005 1825 3147 1896 quod
3174 1836 3466 1877 ccinmuno

1880 1943 1991 1981 non
2018 1936 2120 1981 est.
2147 1926 2288 1993 Quin
2314 1926 2518 1996 potius,
2541 1924 2695 1994 juxta
2724 1933 2874 1977 tuum
2895 1934 3200 1977 sermonem
3227 1919 3279 1971 in
3300 1915 3466 1987 pluri-

1882 2019 1985 2075 bus
2013 2018 2172 2090 48],
2199 2018 2342 2074 Deus
2368 2017 2572 2088 Spiritu
2603 2017 2753 2085 prior
2776 2014 3044 2069 deducere
3073 2010 3461 2079 comperietur.

1882 2108 1993 2164 Nos
2010 2111 2152 2165 enim
2173 2109 2427 2171 dicimus,
2448 2122 2611 2162 unam
2633 2114 2686 2160 et
2707 2104 2948 2159 eamdem
2967 2118 3092 2158 esse
3120 2101 3315 2160 Patris,
3338 2097 3462 2152 Filii

1883 2211 1936 2256 et
1965 2199 2199 2269 Spiritus
2226 2200 2401 2255 sancti
2431 2197 2833 2267 deductionem.
2887 2193 2967 2248 Tu
3017 2209 3145 2248 vero
3191 2190 3462 2261 siquidem

1883 2300 1938 2346 et
1973 2299 2191 2360 tempus
2222 2298 2278 2344 et
2311 2289 2693 2344 deductionem
2747 2287 2963 2348 dividis,
3026 2286 3114 2340 dic
3161 2299 3346 2353 quaeso
3373 2320 3390 2343 ,
3430 2296 3464 2337 ι

1885 2398 1992 2452 quo
2026 2384 2202 2451 primo
2239 2381 2412 2436 Adam
2463 2380 2732 2435 deductus
2772 2378 2976 2441 fuerit,
3014 2375 3144 2429 dum
3195 2375 3250 2428 in
3304 2389 3466 2444 para-

1885 2474 2005 2528 diso
2061 2480 2188 2526 ante
2240 2472 2730 2540 transgressionem
2787 2467 2989 2520 mansit
3045 2464 3113 2518 ad
3172 2464 3466 2517 colendum

1884 2581 2008 2621 eum
2044 2574 2099 2618 et
2127 2562 2546 2618 custodiendum
2569 2560 2593 2614 ?
2614 2575 2645 2613 a
2668 2558 2919 2621 Patrene,
2956 2573 3023 2611 an
3060 2573 3091 2612 a
3126 2555 3294 2618 Filio,
3321 2570 3391 2610 an
3432 2570 3466 2609 a

1888 2656 2093 2726 Spiritu
2123 2653 2359 2710 sancto?
2386 2651 2592 2706 Maced.
2637 2651 2682 2704 Α
2714 2648 2941 2721 Spiritu.
2987 2648 3141 2704 Orth.
3176 2648 3343 2719 Atqui
3383 2646 3468 2701 di-

1886 2749 2068 2802 citur:
2105 2766 2125 2798 ι
2162 2746 2227 2800 Ει
2261 2745 2549 2801 collocavit
2594 2747 2774 2813 ipsum
2807 2742 2952 2798 Dens
3003 2742 3059 2796 in
3104 2739 3360 2812 paradiso
3393 2737 3464 2792 ad

1853 2877 1856 2880 ~
1887 2839 2172 2894 colendum
2206 2854 2331 2894 eum
2363 2845 2417 2893 et
2449 2836 2870 2892 custodiendum
2901 2836 2969 2900 ⁸⁹,
3001 2855 3020 2888 ι
3058 2849 3241 2888 annon
3271 2833 3356 2887 vel
3383 2832 3467 2887 in-
3540 2862 3543 2863 ν

1887 2929 2035 2985 vitus
2058 2929 2356 2999 proﬁteris,
2390 2927 2652 2998 Spiritum
2685 2942 2808 2982 esse
2866 2926 3033 2982 Deum
3069 2944 3083 2980 :
3119 2923 3467 2994 quandoqui-

1889 3020 2011 3075 dem
2071 3022 2306 3091 primum
2368 3021 2545 3091 ipsum
2602 3020 2870 3074 deducere
2915 3017 3191 3072 aﬁirmas?
3251 3013 3461 3070 Macati.
3540 3082 3550 3091 ι

1889 3111 2033 3169 Deus
2078 3113 2133 3166 in
2169 3109 2375 3182 Spiritu
2435 3110 2677 3166 deducit.
2743 3108 2897 3165 Orth.
2953 3107 3238 3175 Quomodo
3296 3108 3467 3177 igitur

1888 3204 2151 3274 scriptum
2175 3210 2260 3259 est
2289 3222 2303 3258 :
2343 3221 2362 3254 ι
2400 3201 2681 3258 Deduxisti
2700 3201 2843 3255 sicut
2866 3216 2997 3255 oves
3025 3200 3284 3271 populum
3308 3207 3464 3251 tuum

1886 3295 1942 3350 in
1977 3311 2142 3350 manu
2173 3294 2340 3351 Mosis
2380 3303 2435 3349 et
2481 3294 2536 3348 in
2589 3293 2816 3348 hrachio
2860 3292 3096 3347 Aaronis
3129 3292 3210 3345 ὀἳ
3240 3308 3259 3342 ι
3323 3287 3466 3343 Num

1888 3384 2055 3442 Mosis
2095 3402 2291 3442 mantus
2319 3395 2404 3441 est
2435 3384 2674 3456 Spiritus
2703 3384 2969 3440 sanctus?
3001 3381 3212 3438 Maced.
3265 3380 3323 3434 Si
3357 3392 3466 3434 una

1886 3478 2066 3535 Patris
2095 3489 2148 3535 et
2170 3477 2290 3533 Filii
2318 3487 2373 3534 et
2421 3476 2658 3549 Spiritus
2685 3479 2858 3533 sancti
2885 3485 3076 3532 natura
3101 3483 3204 3539 est,
3225 3471 3466 3544 Spiritus

1885 3582 1939 3627 et
1967 3573 2188 3644 gignere
2214 3571 2413 3642 poterit
2434 3556 2732 3626 et'creare.
2766 3567 2919 3623 Orth.
2948 3574 3056 3621 Aut
3089 3580 3250 3618 unam
3297 3563 3465 3618 conﬁc

1884 3666 2019 3721 teris
2042 3664 2220 3719 Patris
2257 3672 2310 3719 et
2345 3662 2463 3717 Filii
2491 3671 2546 3718 et
2577 3663 2816 3734 Spiritus
2844 3660 3019 3714 sancti
3044 3666 3296 3713 naturam
3319 3671 3464 3723 esse,

1886 3765 1980 3811 aut
2007 3755 2154 3810 non?
2186 3754 2244 3809 Μ
2249 3754 2394 3809 aced.
2422 3753 2597 3809 Unam
2631 3768 2740 3808 non
2767 3751 3032 3808 conﬁteor
3062 3769 3075 3804 :
3106 3751 3337 3805 similem
3367 3765 3469 3804 au-

1885 3856 1995 3901 tem
2027 3847 2176 3902 dico.
2222 3846 2376 3901 Orth.
2423 3845 2738 3901 Similemne
2767 3850 2825 3898 ut
2846 3858 3039 3896 aurum
3070 3841 3206 3896 aeri?
3253 3838 3466 3895 Macati.

1886 3938 2043 3993 Absit
2070 3938 2085 3991 ί
2140 3935 2295 3992 Orth.
2343 3934 2411 3991 Ut
2436 3936 2565 4007 quid
2598 3934 2767 4006 ergo?
2794 3932 3003 3988 Maced.
3035 3931 3105 3987 Ut
3133 3946 3327 3984 aurum
3363 3945 3467 3983 au-

1885 4045 1970 4085 ro.
2015 4027 2170 4084 Orth.
2227 4027 2348 4082 Una
2398 4036 2482 4084 est
2532 4029 2695 4099 igitur
2726 4027 2921 4080 horum
2954 4031 3170 4078 natura.
3227 4020 3307 4076 Tu
3336 4034 3468 4075 vero

1886 4121 2090 4177 Siccine
2140 4121 2196 4174 in
2228 4119 2544 4174 universum
2598 4118 2831 4174 similem
2879 4114 3026 4170 Patri
3062 4114 3256 4168 Filium
3288 4114 3464 4178 dicis.

1886 4221 1945 4266 ut
1979 4227 2171 4265 aurum
2206 4212 2382 4266 auro?
2431 4209 2641 4265 Maced.
2687 4208 2884 4263 Etiam.
2929 4207 3081 4263 Orth.
3133 4205 3337 4261 Poterit
3366 4205 3470 4277 igi-

1886 4311 1976 4356 tur
2005 4302 2177 4358 Filius
2202 4343 2217 4368 ,
2269 4319 2392 4358 cum
2422 4302 2664 4369 ejusdem
2698 4315 2762 4354 ac
2793 4297 2954 4354 Pater
2988 4306 3197 4353 naturae
3229 4299 3333 4362 sit,
3381 4297 3466 4368 gi-

1886 4411 2051 4465 gnere
2081 4395 2298 4462 Filium,
2335 4398 2383 4452 si
2416 4395 2602 4450 volet?
2642 4392 2848 4448 Maced.
2896 4393 3072 4447 Etiam
3096 4400 3314 4464 potest:
3369 4391 3468 4448 sed

202 4452 375 4528 οὐδέν
395 4452 511 4548 ⁷ὅιρα
536 4452 735 4532 κωλύει
756 4452 1039 4552 τῆςταύτῆς
1066 4452 1204 4535 εἶναι
1234 4482 1447 4552 φύσεως
1476 4485 1538 4537 τὸ
1559 4452 1784 4554 Πνεῦμα

1889 4502 1997 4541 non
2029 4486 2160 4542 facit
2188 4487 2312 4551 hoc,
2338 4504 2407 4542 ne
2460 4487 2686 4542 deorum
2715 4487 3118 4558 generationem
3149 4485 3465 4539 doceamur.

203 4568 269 4621 τὸ
298 4567 451 4636 ἅγιον
489 4569 570 4640 τῷ
611 4572 786 4643 llas-pi.
834 4574 926 4635 καὶ
967 4572 1046 4644 τῷ
1084 4574 1218 4646 Υίῷ,
1254 4576 1350 4629 καὶ
1395 4578 1530 4648 μήτε
1572 4578 1789 4648 γεννᾷν,

211 4660 350 4731 μήτε
374 4659 601 4725 κτίζειν,
636 4662 722 4715 ἵνα
745 4662 819 4733 μὴ
848 4663 1146 4733 θεογονίαν,
1173 4666 1251 4730 ὡς
1277 4666 1432 4738 ἔφης,
1461 4668 1598 4739 μήτε
1629 4667 1791 4722 πολυ-

1894 4578 2047 4634 Orth.
2087 4576 2233 4632 Nihil
2265 4579 2431 4650 igitur
2473 4579 2756 4650 prohibet,
2787 4577 3080 4648 quominus
3119 4574 3361 4644 ejusdem
3402 4586 3468 4625 ac

1891 4666 2054 4723 Pater
2087 4677 2141 4722 et
2170 4665 2344 4722 Filius
2396 4680 2606 4721 naturae
2655 4666 2726 4721 sit
2757 4664 2997 4735 Spiritus
3039 4672 3261 4720 sanctus
3284 4701 3299 4726 ,
3341 4658 3469 4716 licet

209 4749 363 4803 θεῒαν
394 4750 746 4822 διδαχθῶμεν.
781 4755 848 4806 Ἃ
879 4754 1298 4829 μέντοιγε-θέλει
1331 4760 1359 4810 ὁ
1387 4758 1594 4829 Πατὴρ,
1620 4758 1784 4822 κτίζει

1891 4774 1994 4813 nec
2017 4757 2224 4829 gignat,
2254 4774 2358 4813 nec
2391 4767 2540 4812 creet
2567 4776 2581 4812 :
2613 4773 2683 4813 ne
2708 4757 2792 4812 vel
2821 4757 3247 4827 generationem,
3275 4761 3334 4808 ut
3360 4753 3463 4817 ais,

208 4842 241 4894 6
272 4841 422 4909 Υἱὸς,
454 4842 668 4911 ἁγιάζει
693 4845 755 4899 τὸ
799 4844 1041 4913 Πνεῦμα,
1072 4848 1181 4900 Καὶ
1212 4848 1370 4902 τοῦτό
1400 4851 1515 4903 ἐστι
1539 4849 1619 4914 τὸ,
1654 4867 1673 4901 ι
1702 4848 1784 4920 Τῷ

1890 4849 1975 4904 vel
2002 4849 2403 4905 multitudinem
2435 4849 2664 4905 deorum
2702 4849 3014 4904 doceamur.
3048 4846 3315 4901 Nimirum
3344 4857 3467 4915 qua

206 4933 369 5004 Λόγῳ
396 4935 601 5007 Κυρίου
624 4938 675 4989 oi
703 4936 924 5008 οὐρανοὶ
943 4937 1374 5010 ἐστερεώθησαν.
1409 4940 1501 4993 καὶ
1521 4939 1601 5011 τῷ
1621 4939 1784 4992 Ilvati-

1890 4943 2010 4998 vult
2042 4943 2224 5009 Pater,
2258 4949 2412 4997 creat
2433 4940 2628 5003 Filius,
2661 4939 2969 4996 sanctiﬁcat
2999 4938 3256 5009 Spiritus.
3285 4937 3465 5006 Atque

210 5041 342 5095 ματι
379 5025 474 5078 τοῦ
513 5027 776 5099 στόματος
813 5027 979 5083 αὐτοῦ
1011 5031 1162 5083 πᾶσα
1197 5032 1230 5101 ἡ
1261 5030 1488 5102 δύναμις
1526 5031 1724 5085 αὐτῶν.
1766 5051 1784 5084 ι

1892 5034 1999 5088 hoc
2025 5042 2149 5089 est:
2203 5052 2223 5085 ε
2273 5032 2453 5089 Verbo
2506 5031 2718 5087 Domini
2771 5033 2896 5087 εαξιί
2944 5030 3141 5084 ﬁrmati
3201 5037 3359 5092 sunt,
3409 5033 3465 5083 et

206 5114 347 5170 Οῦτε
368 5118 397 5169 ὁ
417 5118 628 5190 Πατὴρ,
655 5118 905 5190 βοηθείας
928 5120 1198 5191 δεόμενος,
1217 5122 1389 5186 κτίζει
1413 5123 1501 5177 διὰ
1519 5124 1613 5177 τοῦ
1635 5124 1784 5188 Υἱοῦ,

1895 5124 2100 5194 Spiritu
2154 5125 2269 5179 oris
2298 5125 2418 5192 ejus
2447 5125 2626 5178 omnis
2660 5124 2836 5178 virtus
2879 5137 3068 5178 eorum
3105 5122 3170 5177 “.
3210 5140 3230 5174 ι
3278 5119 3468 5190 Neque

204 5207 332 5263 οὔτε
360 5209 389 5261 ὁ
422 5209 572 5274 Υίὸς,
609 5209 861 5280 βοηθείας
886 5212 1122 5284 χρῄζων,
1149 5214 1324 5279 κτίζει
1363 5215 1452 5269 διὰ
1484 5215 1578 5269 τοῦ
1622 5215 1784 5269 Πνεύ-

1894 5218 2077 5281 Pater,
2108 5217 2253 5288 quod
2277 5217 2469 5271 auxilii
2497 5216 2756 5287 indigeat,
2789 5230 2887 5286 per
2912 5213 3109 5269 Filium
3146 5221 3296 5269 creat
3322 5230 3336 5267 :
3370 5228 3469 5281 ne-

209 5317 415 5370 ματος·
445 5301 562 5355 ἁλλ’
600 5302 687 5356 ἵνα
723 5304 788 5357 ὲκ
827 5303 935 5357 τῶν
975 5305 1310 5376 γιγνομένων
1350 5306 1534 5379 δειχθῇ
1577 5308 1784 5379 Πατρὸς

1891 5325 2000 5379 que
2022 5306 2217 5375 Filius,
2245 5309 2391 5378 quod
2412 5307 2600 5363 auxilii
2623 5313 2797 5377 egeat,
2841 5320 2938 5376 per
2969 5303 3232 5375 Spiritum
3270 5309 3420 5358 creat
3447 5320 3465 5367 ς

207 5393 306 5447 καὶ
338 5391 469 5447 Υιοῦ
506 5394 602 5449 καὶ
654 5394 812 5464 ἁγίου
846 5397 1164 5468 Πνεύματος
1198 5399 1231 5470 ὴ
1260 5399 1544 5469 ταυτότης.
1584 5400 1706 5453 Ὅτι
1733 5401 1784 5454 δὲ

1895 5400 1992 5457 sed
2026 5410 2088 5455 ut
2112 5415 2180 5455 ex
2207 5399 2373 5455 rebus
2397 5397 2635 5455 conditis
2659 5396 2860 5464 Patris,
2884 5403 2939 5453 et
2963 5394 3109 5461 Filii,
3140 5401 3195 5450 et
3226 5393 3468 5465 Spiritus

210 5481 434 5549 δύναται
476 5483 660 5539 κτίσαι
698 5484 761 5538 τὸ
789 5484 1012 5556 Πνεῦμα
1054 5486 1117 5539 τὸ
1143 5486 1315 5557 ἆγιον,
1354 5488 1565 5561 ἐδείχθη
1600 5492 1664 5543 ὲκ
1689 5489 1784 5544 τοῦ

1895 5491 2072 5547 sancti
2102 5490 2364 5549 identitas
2388 5491 2817 5547 demonstretur.
2854 5488 3122 5545 Caeterum
3150 5487 3296 5559 quod
3344 5482 3470 5564 Spi-

286 5639 332 5672 ⁸⁶
368 5638 562 5703 Gener.
598 5654 675 5709 ιι,
708 5641 794 5697 15.
871 5643 918 5677 ⁸⁸
952 5642 1098 5701 Psal.
1136 5603 1297 5701 ηιξ-ι
1320 5686 1334 5711 ,
1374 5644 1465 5702 21.
1506 5716 1509 5717 ν
1544 5648 1582 5680 ⁸¹
1626 5645 1771 5705 Psal.

1886 5664 1996 5715 ιιι,
2032 5646 2086 5705 6.
