3842 6210
439 260 568 315 1311

1533 272 1591 329 S.
1632 271 2099 334 ATHANASIUS.
2137 303 2208 317 -—
2235 274 2506 330 SPURIA.

3553 265 3696 321 {5"

435 376 574 428 ritus
628 383 852 432 sanctus
901 393 1089 435 creare
1139 381 1349 451 possit,
1404 381 1746 439 Dominicum
1805 402 2007 458 corpus

2118 386 2387 458 Κυριακοῦ
2414 384 2681 457 σώματος,
2705 384 2801 438 τοῦ
2829 382 3061 452 ἀγγέλου
3084 378 3391 455 εἰρηκότος·
3426 397 3447 430 ι
3478 378 3557 430 Τὸ
3584 379 3696 451 γὰρ

433 464 709 533 ostendit,
755 469 948 539 angelo
982 470 1236 528 dicente:
1279 491 1299 525 ι
1347 473 1504 540 Quod
1539 476 1680 530 enim
1727 478 1784 532 in
1817 494 1880 533 ea
1925 496 2014 534 na-

432 566 547 612 tum
587 566 690 625 est,
718 575 784 614 ex
810 560 1013 633 Spiritu
1052 574 1245 620 sancto
1276 575 1361 621 est
1401 567 1467 620 ⁶².
1509 587 1529 621 ι
1582 566 1791 625 Haud.
1837 570 2012 626 Etiam

432 647 594 703 Pater
617 647 856 721 Spiritus
891 662 1116 711 sanctus
1143 664 1227 711 est
1255 675 1267 710 :
1317 658 1446 711 item
1470 655 1643 714 Filius
1667 677 1681 714 :
1720 667 1776 715 et
1796 662 2014 731 quando

433 735 544 798 ait,
593 734 669 790 Ex
700 736 904 808 Spiritu
936 752 1127 797 sancto
1153 753 1259 810 est,
1312 744 1508 800 Filium
1545 747 1843 822 intelligit,
1902 766 2012 807 non

430 841 576 891 eum,
608 827 674 882 de
698 845 806 898 quo
833 847 934 887 nos
973 836 1269 904 loquimur,
1306 834 1591 907 Spiritum.

507 916 589 971 1-5.
633 917 786 976 ΟνιΙι.
818 920 957 992 Lege
994 925 1170 980 locum
1217 927 1513 997 Evangelii,
1549 936 1609 984 ut
1630 930 1820 988 audias
1849 947 2013 1003 ange-

432 1006 542 1061 lum
575 1010 754 1066 Maria:
782 1014 1092 1072 dicentem:
1155 1037 1173 1069 ι
1214 1017 1452 1087 Spiritus
1482 1031 1709 1079 sanctus
1750 1039 2011 1094 superve-
2061 1013 2065 1019 ’

431 1100 543 1154 niet
567 1104 619 1155 in
644 1110 696 1156 te
722 1104 766 1134 ⁸³
793 1121 806 1158 :
849 1124 868 1158 ι
896 1108 1073 1176 qualis
1106 1109 1241 1164 ille?
1271 1111 1391 1166 isne
1417 1152 1431 1177 ,
1461 1112 1529 1168 de
1559 1129 1668 1183 quo
1703 1115 2008 1186 loquimur,

431 1206 500 1244 an
534 1190 749 1247 Filius?
785 1209 853 1249 an
882 1195 1025 1252 alius
1049 1198 1172 1267 quis
1207 1198 1447 1270 Spiritus
1490 1204 1753 1259 sanctus?
1782 1204 1917 1260 Nam
1958 1214 2013 1263 et

430 1284 606 1353 angeli
646 1285 872 1354 spiritus
902 1290 1080 1343 sancti
1126 1300 1273 1347 sunt.
1314 1291 1525 1351 Maccd.
1564 1293 1828 1365 Spiritum
1884 1314 2009 1354 san-

430 1382 576 1427 ctum
599 1376 729 1431 dicit
758 1378 906 1431 illum
933 1382 1134 1450 ipsum,
1165 1383 1216 1437 in
1245 1400 1405 1454 quem
1438 1386 1805 1456 baptizamur.
1854 1389 2008 1446 Orth.

431 1460 511 1517 Ex
544 1464 647 1520 hoc
678 1467 842 1535 igitur
865 1468 1071 1540 Spiritu
1098 1487 1300 1543 corpus
1322 1478 1663 1533 Dominicum
1680 1490 1867 1534 natum
1890 1498 2012 1538 esse

431 1552 507 1605 ait
541 1550 782 1608 Gabriel.
837 1555 1023 1628 Neque
1049 1563 1195 1616 enim
1226 1565 1367 1619 alius
1402 1566 1454 1619 in
1485 1583 1606 1623 eam
1655 1571 2007 1639 supervenit,

431 1641 573 1697 alius
611 1646 841 1713 gratiam
877 1660 1134 1718 operatus
1165 1660 1282 1708 est:
1317 1654 1411 1709 sed
1437 1658 1580 1725 quod
1632 1658 1688 1712 in
1726 1673 1789 1712 ea
1821 1667 2008 1714 natum

2114 480 2172 531 ἐν
2194 479 2329 549 αὐτῇ
2358 476 2613 548 γεννηθὲν
2631 478 2694 529 ἐκ
2710 473 3024 545 Πνεύματός
3051 474 3196 526 ἐστιν
3235 471 3411 540 ἁγίου,
3437 469 3693 524 ιΜακεδ.

2114 572 2226 625 Καὶ
2253 572 2282 623 6
2324 571 2515 639 Πατὴρ
2547 566 2774 638 Πνεῦμα
2817 566 2970 635 ἆγιόν
3016 564 3152 626 ἐστι,
3202 561 3297 615 καὶ
3338 563 3368 614 6
3400 560 3561 623 Υἱός·
3599 560 3696 613 καὶ

2113 666 2241 719 ὅταν
2280 664 2451 733 λέγει,
2480 664 2576 715 Ἐκ
2603 658 2915 731 Πνεύματός
2938 658 3085 710 ἐστιν
3111 652 3288 722 ἁγίου,
3322 650 3416 705 τοῦ
3445 650 3583 705 Υιοῦ
3605 648 3696 704 λέ-

2113 773 2220 826 γει,
2255 757 2376 827 ούχὶ
2407 755 2465 809 δέ
2498 753 2593 808 τοῦ
2626 752 2962 824 Πνεύματος,
2994 747 3122 817 περὶ
3151 740 3212 800 οῦ
3239 748 3269 800 6
3299 744 3479 814 λόγος.

2184 936 2272 991 15.
2318 936 2474 1002 Ὀρθ.
2507 930 2805 1000 Ἀνάγνωθι
2849 928 2941 982 τὸν
2974 927 3135 981 τόπον
3178 925 3274 979 τοῦ
3329 921 3692 991 Εύαγγελίου,

2114 1028 2179 1082 ἵν’
2201 1025 2439 1098 ἀκούσῃς
2462 1024 2553 1078 τοῦ
2575 1022 2804 1092 ἀγγέλου
2833 1021 3083 1090 λέγοντος
3101 1021 3167 1090 τῇ
3201 1017 3406 1089 Μαρία·
3421 1035 3440 1066 ι
3463 1013 3695 1084 Πνεῦμα

2113 1116 2265 1185 διγιον
2299 1112 2647 1168 ἐπελεύσεται
2679 1110 2772 1163 ἐπὶ
2805 1109 2865 1163 σέ
2884 1127 2897 1140 ·
2929 1128 2949 1161 ι
2986 1110 3168 1172 ποῖον;
3202 1107 3329 1176 περὶ
3358 1099 3418 1159 οὗ
3446 1107 3476 1157 6
3512 1103 3693 1172 λόγος,

2111 1209 2146 1280 ἢ
2169 1210 2296 1277 περὶ
2316 1207 2467 1272 Υίοῦ,
2491 1207 2524 1278 ἢ
2550 1206 2640 1259 καὶ
2665 1204 2793 1276 περὶ
2816 1203 2977 1257 ἄλλου
3000 1202 3144 1266 τινὸς
3166 1200 3479 1272 Πνεύματος
3502 1198 3693 1266 ἁγίους

2112 1302 2224 1355 Καὶ
2250 1300 2360 1371 γὰρ
2392 1300 2442 1352 οἱ
2478 1297 2623 1367 ἆγιοι
2654 1295 2872 1375 ἄγγελοι
2899 1292 3182 1364 πνεύματά
3219 1294 3354 1346 εἰσιν
3382 1291 3535 1359 ἅγια.
3567 1292 3695 1342 Ma—

2111 1389 2238 1443 κεδ.
2270 1386 2494 1459 Πνεῦμα
2534 1386 2687 1456 ἅγιον
2719 1385 2864 1454 λέγει
2896 1383 3029 1437 αὐτὸ
3063 1382 3126 1435 τὸ
3154 1380 3399 1450 Πνεῦμα,
3431 1380 3511 1442 εἰς
3540 1379 3571 1430 δ
3590 1376 3693 1447 βα·-

2112 1479 2434 1551 πτιξόμεοα.
2462 1482 2616 1548 Ὀρθ.
2639 1478 2736 1530 Ἐκ
2764 1476 2952 1530 τούτου
2992 1475 3101 1546 ἄρα
3144 1472 3237 1527 τοῦ
3281 1470 3599 1541 Πνεύματος
3630 1470 3696 1522 τὸ

2109 1572 2388 1645 Κυριακὸν
2413 1571 2572 1642 σῶμα
2599 1570 2747 1638 λέγει
2773 1566 3056 1638 όΓαϐριὴλ
3080 1563 3453 1633 γεγεννῆσθαι.
3481 1562 3560 1615 Ού
3582 1559 3696 1631 γὰρ

2110 1665 2238 1719 ἄλλο
2266 1666 2404 1735 αὐτῇ
2459 1661 2678 1732 ἐπῆλθε,
2724 1662 2819 1715 καὶ
2849 1658 2977 1714 ἄλλο
3017 1657 3115 1727 τὴν
3156 1657 3314 1727 χάριν
3359 1653 3692 1724 εἰργάσατο·

430 1743 536 1797 est,
557 1749 622 1789 ex
652 1734 859 1806 Spiritu
906 1751 1101 1797 sancto
1151 1753 1256 1810 est,
1288 1761 1353 1801 ex
1385 1762 1452 1802 eo
1489 1748 1761 1814 videlicet,
1797 1753 1889 1821 qui
1920 1769 2011 1807 su-

2118 1756 2250 1821 άλλὰ
2282 1756 2342 1808 τὸ
2374 1734 2431 1807 ἐν
2465 1755 2600 1824 αὐτῇ
2636 1750 2895 1822 γεννηθὲν
2916 1751 2981 1802 ἐκ
3010 1747 3326 1817 Πνεύματος
3368 1745 3527 1812 ἁγίου
3553 1740 3695 1807 ἐστὶ,

430 1842 530 1898 per
569 1829 714 1883 illam
748 1832 912 1888 venit.
956 1832 1166 1890 Maced.
1200 1836 1485 1904 Quomodo
1517 1842 1684 1911 igitur
1705 1843 1817 1898 ait:
1857 1866 1875 1896 ι
1913 1844 2011 1899 Sa—

428 1921 633 1990 pientia
653 1923 943 1979 mdilicavit
975 1929 1077 1983 sibi
1105 1929 1324 1986 domum
1358 1931 1447 1986 “‘2
1489 1951 1508 1984 ι
1546 1931 1699 1989 Ortli.
1728 1933 1840 1989 ΙΙοο
1867 1937 2009 1990 enim

428 2022 534 2080 est,
567 2016 712 2085 quod
745 2032 846 2073 nos
875 2017 1149 2075 dicimus:
1210 2022 1394 2076 omnia
1441 2022 1623 2080 Patris
1675 2042 1842 2096 opera
1889 2027 2010 2081 Filii

427 2119 582 2171 esse;
618 2114 671 2162 et
694 2106 815 2162 Filii
851 2125 971 2179 quae
1005 2119 1164 2177 sunt,
1203 2111 1441 2183 Spiritus
1476 2117 1606 2173 dici.
1638 2120 1848 2190 Itaque.
1877 2136 2013 2190 quo-

428 2197 576 2252 niam
608 2215 715 2254 una
761 2209 844 2256 est
876 2200 1054 2259 Patris
1104 2220 1168 2259 ac
1216 2205 1339 2262 Filii
1395 2211 1642 2279 potentia
1697 2212 1754 2266 in
1803 2210 2012 2283 Spiritu

429 2295 624 2343 sancto
653 2306 910 2360 operans.
941 2292 1146 2351 Paulus
1177 2296 1347 2353 dicit:
1404 2319 1422 2351 ι
1474 2299 1541 2355 Ει
1583 2303 1849 2373 quosdam
1884 2306 2009 2374 qui-

429 2377 551 2434 dem
589 2382 773 2450 posuit
811 2382 954 2440 Deus
1014 2388 1067 2441 in
1098 2387 1365 2454 Ecclesia,
1399 2393 1635 2461 primum
1696 2396 2008 2463 apostolos,

429 2472 671 2526 secundo
700 2476 1016 2544 prophetas,
1051 2482 1211 2536 tertio
1262 2481 1517 2539 doctores
1569 2486 1637 2540 “.
1669 2505 1689 2538 ι
1726 2486 1791 2540 Ει
1820 2502 2013 2542 rursus

428 2561 571 2617 idem
607 2581 620 2619 :
659 2582 678 2614 ι
716 2564 759 2617 Α
794 2564 978 2622 Mileto
1007 2570 1231 2627 mittens
1276 2571 1550 2642 Ephesum
1589 2576 1803 2631 vocavit
1844 2576 2015 2646 majo-

427 2666 518 2707 res
548 2660 680 2707 natu
718 2654 994 2723 Ecclesiae,
1032 2678 1051 2711 ι
1081 2676 1283 2733 eosque
1305 2664 1384 2718 sic
1416 2664 1688 2722 allocutus
1714 2673 1798 2721 est
1824 2683 1835 2718 :
1867 2685 1886 2718 ι
1916 2668 2013 2720 Αι-

428 2744 632 2801 tendite
655 2746 830 2813 vobis,
859 2757 913 2804 et
948 2752 1204 2807 universo
1230 2754 1398 2824 gregi,
1423 2755 1477 2808 in
1504 2770 1614 2824 quo
1649 2771 1744 2810 vos
1776 2755 2012 2825 Spiritus

432 2846 658 2893 sanctus
689 2838 873 2907 posuit
900 2841 1208 2912 episcopos,
1242 2859 1465 2914 pascere
1504 2844 1801 2900 Ecclesiam
1853 2847 2011 2900 Chri-

429 2925 500 2980 sti
533 2927 601 2980 “.
640 2944 659 2978 ι
700 2926 887 2993 Vides,
922 2946 1061 3001 quos
1081 2932 1220 2989 Deus
1249 2938 1563 3004 praaposuit,
1593 2938 1812 2992 eosdem
1839 2937 2013 3008 Spiri-

430 3023 543 3069 tum
591 3028 839 3072 sanctum
875 3035 1093 3091 quoque
1115 3025 1498 3092 praeposuisse,
1520 3032 1573 3080 et
1609 3041 1747 3096 quos
1778 3026 2014 3096 Spiritus

428 3201 614 3263 ritum,
663 3201 798 3257 alios
855 3202 1045 3267 Deum,
1088 3205 1185 3259 sed
1233 3207 1357 3261 illos
1405 3207 1593 3274 ipsos,
1626 3224 1766 3279 quos
1802 3225 2011 3280 praepo~

429 3289 536 3345 suit
564 3289 727 3354 Deus,
754 3293 1044 3361 prieposuit
1066 3303 1119 3348 et
1137 3293 1393 3364 Spiritus.
1420 3296 1626 3364 Quodsi
1660 3298 1899 3368 Spiritus
1918 3317 2010 3356 eos

429 3380 745 3453 praeposuit,
769 3396 907 3450 quos
931 3383 1223 3451 praeposuit
1250 3383 1413 3447 Deus,
1445 3386 1570 3441 hinc
1597 3386 1850 3455 sequitur
1871 3403 2013 3443 ean-.-

431 3472 553 3527 dem
585 3470 677 3526 Dei
703 3481 757 3526 et
781 3470 1016 3542 Spiritus
1044 3488 1163 3529 esse
1195 3475 1582 3544 operationem.
1607 3476 1850 3543 Quorum
1883 3495 2011 3534 vero

430 3560 618 3617 eadem
633 3569 717 3616 est
737 3564 1000 3632 operatio,
1030 3578 1216 3617 eorum
1241 3566 1430 3619 eadem
1457 3581 1673 3635 quoque
1689 3575 1772 3622 est
1791 3576 2008 3624 natura.

429 3650 594 3723 482
628 3650 833 3707 Maced.
863 3653 1026 3723 Atqui
1059 3653 1201 3709 Deus
1250 3662 1336 3709 est
1381 3657 1475 3724 qui
1523 3658 1708 3712 omnia
1746 3659 1801 3711 in
1834 3660 2011 3712 omni-

431 3744 536 3799 bus
589 3753 867 3815 operatur.
923 3748 1194 3815 Scriptum
1256 3757 1341 3802 est
1391 3749 1585 3805 enim:
1647 3768 1667 3802 ι
1705 3749 2011 3805 Divisiones

432 3835 728 3905 gratiarum
761 3844 909 3901 sunt,
932 3837 1072 3892 idem
1107 3845 1287 3893 autem
1319 3838 1594 3910 Spiritus:
1622 3852 1677 3897 et
1710 3843 2010 3899 divisiones

433 3929 898 3983 ministrationum
952 3937 1116 3995 sunt,
1174 3930 1316 3987 idem
1379 3941 1559 3988 autem
1607 3932 1917 3991 Dominus:
1957 3943 2011 3990 et

432 4019 729 4075 divisiones
761 4021 1137 4090 operationum
1168 4031 1316 4086 sunt,
1351 4022 1492 4079 idem
1525 4040 1654 4080 vero
1694 4025 1872 4090 Deus,
1915 4027 2009 4097 qui

433 4117 693 4178 οριοτηιιιι·
724 4112 905 4166 omnia
947 4112 1000 4166 in
1032 4114 1283 4168 omnibus
1313 4114 1379 4167 δ’.
1421 4133 1439 4166 ι
1484 4114 1637 4172 Orth.
1676 4116 1861 4171 Recita
1889 4134 2010 4188 quae

434 4212 776 4271 sequuntur,
829 4212 887 4257 ut
941 4204 1171 4259 audias:
1212 4223 1231 4256 ι
1273 4203 1580 4276 Unicuique
1638 4216 1817 4264 autem
1849 4209 2010 4265 datur

433 4292 802 4347 manifestatio
834 4293 1070 4363 Spiritus
1131 4295 1199 4350 ad
1258 4298 1571 4353 utilitatem.
1633 4299 1738 4355 Alii
1789 4303 2007 4372 quidem

433 4383 596 4444 datur
643 4401 740 4455 per
797 4384 1060 4456 Spiritum
1121 4403 1301 4445 sermo
1358 4392 1669 4461 sapientiae;
1727 4394 1821 4448 alii
1880 4411 2010 4450 vero

431 4488 614 4529 sermo
663 4476 905 4530 scientia:
955 4480 1257 4532 secundum
1304 4482 1554 4536 eumdem
1604 4483 1898 4553 Spiritum;
1938 4487 2016 4540 al-

431 4566 535 4625 teri
563 4566 690 4621 lides
723 4567 778 4620 in
808 4567 994 4623 eodem
1028 4568 1233 4639 Spiritu
1263 4587 1278 4637 ;
1337 4573 1428 4626 alii
1476 4575 1651 4643 gratia
1712 4578 2011 4632 sanitatum

434 4657 489 4710 in
518 4654 706 4709 eodem
733 4658 940 4726 Spiritu
968 4676 982 4728 ;
1012 4661 1100 4715 alii
1130 4664 1378 4728 operatio
1409 4665 1668 4721 virtutum
1692 4710 1706 4731 ,
1748 4668 1837 4721 alii
1884 4685 2013 4733 pro-

435 4745 637 4818 phetia,
669 4749 760 4802 alii
788 4749 1047 4807 discretio
1078 4753 1389 4823 spirituum,
1427 4757 1518 4811 alii
1552 4773 1752 4828 genera
1802 4761 2015 4831 lingua.

436 4854 578 4894 rum.
618 4838 740 4896 Haec
767 4854 944 4919 autem
984 4846 1162 4899 omnia
1196 4857 1453 4916 operatur
1477 4864 1619 4904 unus
1655 4858 1818 4920 atque
1868 4851 2010 4908 idem

440 4926 697 4999 Spiritus,
724 4932 970 4991 dividens
1002 4936 1231 5007 singulis
1271 4947 1432 5007 prout
1469 4942 1580 4995 vult
1613 4943 1679 4994 ⁸⁸.
1717 4963 1735 4995 ι
1771 4941 1898 4998 Vult
1921 4961 2012 4999 au-

437 5034 544 5081 tem
611 5028 834 5092 eadem,
875 5044 996 5099 qua:
1049 5032 1238 5086 volunt
1294 5031 1454 5088 Pater
1505 5040 1560 5089 et
1623 5032 1816 5101 Filius,
1849 5045 2013 5106 atque

436 5116 560 5172 ideo
595 5119 924 5173 voluntatem
952 5135 1141 5175 eorum
1167 5137 1329 5175 unam
1363 5123 1619 5180 dicimus.
1652 5124 1895 5191 Quorum
1919 5142 2014 5182 au-

436 5218 546 5266 tem
577 5212 828 5267 voluntas
847 5213 1035 5270 eadem
1059 5224 1164 5285 est,
1184 5217 1484 5289 eademque
1517 5220 1784 5291 operatio,
1814 5230 2010 5277 natura

436 5301 564 5359 item
594 5313 677 5359 est
707 5306 915 5360 eadem.

508 5395 593 5449 Μ.
633 5395 841 5453 Maced.
887 5396 1143 5470 Nunquid
1193 5401 1358 5473 igitur
1411 5402 1651 5476 Spiritus
1699 5415 1781 5461 est
1825 5403 2012 5461 Deus?

2111 1846 2353 1917 δηλονότι
2383 1843 2476 1898 τοῦ
2508 1841 2824 1903 ἐπελθόντος
2853 1840 3009 1909 αὐτῇ.
3053 1835 3277 1891 Μακεδ.
3312 1835 3421 1887 Καὶ
3459 1833 3577 1896 πῶς
3601 1833 3696 1887 λέ-

2111 1956 2220 2009 γει·
2249 1956 2268 1989 t
2315 1940 2379 1991 Ἢ
2424 1936 2594 2006 Σοφία
2642 1933 2990 2005 ᾠκοδόμησεν
3040 1931 3206 2001 ἑαυτῇ
3244 1924 3432 1992 οἷκον;
3475 1945 3495 1978 ι
3533 1927 3694 1995 Ὀρθ.

2114 2030 2284 2085 Τοῦτο
2311 2029 2421 2099 γάρ
2451 2030 2621 2090 ἐστιν,
2651 2024 2680 2078 ὃ
2712 2024 2943 2093 λέγομεν
2976 2024 3157 2092 ἡμεῖς,
3186 2020 3268 2072 ὅτι
3292 2018 3475 2075 Πάντα
3500 2016 3571 2070 τὰ
3596 2016 3697 2069 τοῦ

2112 2119 2325 2192 Πατρὸς
2352 2119 2509 2190 ἔργα,
2537 2117 2642 2170 είσὶ
2656 2114 2748 2168 τοῦ
2771 2113 2921 2177 Υἱοῦ,
2950 2112 3046 2166 καὶ
3069 2111 3139 2165 τὰ
3164 2111 3257 2165 τοῦ
3284 2110 3414 2163 Υίοῦ
3442 2110 3696 2178 λέγονται

2112 2208 2250 2265 εἶναι
2278 2209 2373 2263 τοῦ
2410 2208 2758 2279 Πνεύματος·
2803 2204 2990 2275 ἐπειδὴ
3039 2203 3137 2274 μία
3168 2202 3285 2255 ἐστὶ
3325 2201 3558 2272 δύναμις
3596 2201 3697 2254 τοῦ

2114 2303 2327 2374 Πατρὸς
2355 2300 2451 2355 καὶ
2473 2299 2565 2352 τοῦ
2591 2298 2721 2351 Υἱοῦ
2748 2298 2806 2351 ἐν
2835 2295 3114 2365 Πνεύματι
3136 2293 3275 2365 ἁγίῳ
3299 2292 3693 2363 ἐνεργουμένη.

2127 2394 2342 2464 Ἀμέλει
2374 2391 2584 2455 Παῦλος
2634 2390 2816 2459 λέγει·
2857 2407 2876 2440 ι
2922 2387 3146 2451 ’Ἄλλους
3185 2384 3469 2456 μὲνοὲθετο
3500 2386 3529 2437 6
3562 2383 3699 2446 Θεὸς

2112 2489 2170 2539 ἐν
2195 2489 2263 2556 τῇ
2303 2482 2616 2554 Ἐκκλησία,
2652 2480 2867 2553 πρῶτον
2902 2479 3251 2541 ἀποστόλους,
3277 2476 3528 2545 δεύτερον
3563 2490 3699 2546 προ-

2115 2580 2311 2649 φήτας,
2363 2576 2544 2648 τρίτον
2592 2572 2976 2635 διδασκάλους·
3020 2590 3039 2624 ι
3070 2572 3167 2624 mi.
3212 2568 3371 2622 πάλιν
3419 2569 3449 2619 6
3495 2565 3695 2629 αὐτός·

2118 2692 2137 2725 ι
2179 2670 2407 2742 Πέμψας
2455 2666 2563 2721 ἀπὸ
2603 2665 2702 2735 τῆς
2731 2664 2972 2735 Μιλήτου
3015 2664 3092 2725 είς
3124 2662 3223 2730 τὴν
3258 2660 3523 2727 Ἔφεσον,
3566 2673 3698 2728 μετ-

2114 2762 2387 2816 εστείλατο
2410 2760 2537 2823 τοῦς
2582 2754 2982 2828 πρεσϐυτέρους
3015 2751 3114 2821 τῆς
3160 2749 3507 2819 Ἐκκλησίας,
3546 2767 3566 2800 ι
3600 2749 3696 2800 καὶ

2114 2849 2259 2917 λέγει
2277 2850 2456 2910 αὐτοῖς
2475 2864 2487 2877 ·
2525 2867 2542 2897 ι
2570 2845 2869 2916 Προσέχετε
2899 2844 3129 2906 ἑαυτοῖς,
3154 2841 3245 2894 καὶ
3278 2838 3445 2892 παντὶ
3470 2838 3551 2909 τῷ
3573 2855 3695 2892 ποι-

2118 2942 2277 3012 μνίῳ,
2299 2942 2357 2992 ἐν
2389 2933 2434 3007 ᾧ
2479 2939 2623 3008 ὑμᾶς
2661 2935 2811 2989 ἔθετο
2847 2935 2907 2987 τὸ
2934 2933 3158 3003 Πνεῦμα
3187 2932 3248 2985 τὸ
3285 2932 3439 2999 ἆγιον
3470 2929 3696 2984 ἐπισκὸο

2116 3051 2273 3097 πους,
2332 3029 2640 3101 ποιμαίνειν
2688 3027 2786 3098 τὴν
2839 3025 3163 3095 Ἐκκλησίαν
3212 3021 3308 3076 τοῦ
3370 3022 3638 3095 Χριστοῦ.
3672 3042 3691 3074 ι

326 3108 331 3115 ’
428 3108 746 3178 praeposuit.
765 3111 985 3165 eosdem
1004 3110 1170 3167 Deum
1200 3116 1599 3185 praeposuisse:
1629 3131 1727 3171 nec
1744 3100 1881 3171 alios
1898 3114 2011 3187 Spi-

2135 3124 2317 3197 Ὁρᾷς,
2347 3100 2448 3184 ὃτι,
2483 3118 2575 3184 οὓς
2624 3117 2774 3170 ἔθετο
2816 3118 2845 3168 6
2885 3116 3038 3181 Θεὸς,
3069 3114 3219 3166 ἔθετο
3267 3114 3328 3167 τὸ
3368 3114 3596 3184 Πνεῦμα
3637 3114 3697 3167 τὸ

2116 3217 2289 3284 ᾰγιον,
2325 3214 2419 3267 καὶ
2458 3212 2553 3274 οὓς
2594 3210 2746 3263 ἔθετο
2778 3209 2839 3262 τὸ
2868 3208 3113 3277 Πνεῦμα,
3152 3206 3304 3260 ἔθετο
3332 3208 3362 3260 6
3400 3207 3569 3271 Θεός·
3603 3208 3697 3261 καὶ

2114 3308 2215 3361 οὐκ
2241 3306 2431 3369 ἄλλους
2448 3302 2527 3358 ’τὸ
2560 3301 2804 3371 Πνεῦμα,
2836 3300 2932 3354 καὶ
2975 3300 3166 3363 ἄλλους
3192 3302 3220 3352 6
3262 3297 3416 3362 Θεὸς,
3447 3298 3566 3351 ἀλλ’
3600 3301 3697 3352 αύ-

2116 3398 2242 3462 τοῦς
2269 3396 2362 3461 οὒς
2398 3396 2548 3450 ἔθετο
2591 3397 2619 3449 6
2666 3394 2818 3459 Θεὸς,
2848 3394 2998 3447 ἔθετο
3038 3392 3099 3445 τὸ
3125 3390 3383 3460 Πνεῦμα;
3417 3389 3480 3443 El
3515 3389 3573 3443 δὲ
3602 3388 3697 3452 οὓς

2116 3488 2268 3541 ἔθετο
2290 3490 2318 3541 6
2342 3486 2492 3550 Θεὸς,
2521 3484 2670 3539 ἔθετο
2694 3485 2752 3540 τὸ
2792 3484 3035 3555 Πνεῦμα,
3068 3484 3100 3553 ἡ
3140 3483 3276 3553 αὐτὴ
3311 3482 3420 3552 ἄρα
3444 3480 3698 3551 ἐνέργεια

2116 3578 2209 3633 τοῦ
2231 3577 2363 3631 Θεοῦ
2391 3578 2484 3631 καὶ
2510 3576 2602 3629 τοῦ
2626 3576 2963 3647 Πνεύματος.
2985 3569 3085 3628 Ὧν
3115 3574 3171 3626 δὲ
3190 3577 3222 3643 ἡ
3247 3573 3385 3644 αὐτὴ
3414 3572 3694 3644 ἐνέργεια,

2117 3675 2150 3744 ή
2183 3673 2319 3744 αὐτὴ
2361 3672 2455 3726 καὶ
2498 3670 2676 3739 φύσις.
2707 3668 2928 3723 Μακεδ.
2964 3669 3222 3735 Καίτοιγε
3246 3668 3276 3719 6
3314 3666 3445 3729 Θεός
3488 3667 3640 3718 ἐστιν
3670 3668 3699 3719 6

2115 3765 2352 3839 ἐνεργῶν
2380 3764 2449 3817 τὰ
2476 3763 2651 3816 πάντα
2676 3763 2734 3815 ἐν
2766 3763 2920 3816 πᾶσι.
2948 3760 3261 3831 Γέγραπται
3304 3758 3414 3829 γάρ
3432 3777 3446 3789 ·
3486 3776 3507 3809 ε
3546 3761 3698 3810 Διαι-

2118 3856 2295 3928 ρέσεις
2325 3853 2675 3925 χαρισμάτων
2700 3852 2824 3914 εἰσὶ,
2850 3850 2910 3903 τὸ
2936 3849 2992 3903 δὲ
3014 3849 3145 3902 αύτὸ
3166 3846 3388 3918 Πνεῦμα
3404 3864 3419 3879 ⁸
3441 3848 3541 3901 καὶ
3557 3846 3699 3899 διαι-

2121 3941 2298 4013 ρέσεις
2335 3940 2620 3995 διακονιῶν
2650 3941 2807 4002 εἰσιν,
2844 3940 2873 3992 6
2899 3938 2955 3991 δὲ
2979 3937 3139 4000 αὐτὸς
3160 3936 3397 4007 Κύριος·
3428 3936 3525 3990 καὶ
3554 3938 3697 3990 διαι-

2120 4033 2296 4104 ρέσεις
2335 4032 2721 4103 ἐνεργημάτων
2760 4025 2916 4095 εἰσὶν,
2955 4032 2984 4084 6
3011 4029 3069 4082 δὲ
3108 4028 3268 4092 αὐτὸς
3293 4027 3429 4091 Θεός
3470 4029 3644 4093 ἐστιν,
3669 4030 3698 4081 6

2117 4123 2354 4195 ἐνεργῶν
2390 4124 2456 4177 τὰ
2486 4125 2664 4178 πάντα
2704 4124 2761 4176 ἐν
2787 4123 2971 4176 πᾶσιν.
3015 4141 3034 4172 ι
3084 4122 3237 4189 Ὀρθ.
3279 4119 3414 4173 Εἰπὲ
3439 4119 3510 4173 τὰ
3545 4119 3696 4190 ἑξῆς,

2120 4217 2205 4270 ἵνα
2251 4214 2489 4289 ἀκούσῃς
2513 4232 2524 4245 ·
2560 4234 2578 4266 ι
2624 4214 2869 4285 Ἐκάστῳ
2899 4213 2957 4267 δὲ
2981 4212 3183 4266 δίδοται
3212 4213 3246 4283 ἡ
3276 4212 3582 4283 φανέρωσις
3603 4214 3698 4267 τοῦ

2116 4309 2256 4362 Πνεύ
2266 4325 2430 4378 ματος
2458 4307 2592 4377 πρὸς
2617 4307 2677 4359 τὸ
2703 4304 3001 4376 συμφέρον.
3025 4298 3097 4372 τῼ
3124 4303 3221 4372 μὲν
3251 4302 3358 4374 γὰρ
3386 4302 3589 4355 δίδοται
3610 4303 3697 4357 διὰ

2116 4398 2208 4452 τοῦ
2253 4399 2565 4469 Πνεύματος
2607 4398 2764 4464 λόγος
2819 4395 3009 4464 σοφίας
3032 4411 3043 4425 ·
3080 4394 3224 4464 ἄλλῳ
3267 4393 3323 4446 δὲ
3361 4393 3521 4462 λόγος
3553 4394 3699 4462 γνὼ-

2050 4472 2090 4524 Ῑ)
2122 4508 2257 4553 σεως
2282 4490 2424 4544 κατὰ
2452 4491 2514 4543 τὸ
2556 4489 2686 4543 αὐτὸ
2723 4486 2976 4556 Πνεῦμα·
3010 4486 3182 4557 ἑτέρῳ
3217 4485 3274 4538 δὲ
3307 4485 3493 4550 πίστις
3519 4488 3578 4538 ἐν
3622 4485 3697 4556 τῷ

2116 4582 2266 4653 αὐτῷ
2302 4582 2609 4653 Πνεύματι·
2647 4579 2790 4652 ἄλλῳ
2822 4581 2879 4634 δὲ
2907 4580 3221 4684 χαθσματα
3257 4577 3506 4647 ἰαμάτων
3532 4580 3591 4631 ἐν
3624 4577 3699 4649 τῷ

2117 4673 2265 4745 αὐτῷ
2289 4674 2595 4744 Πνεύματι·
2622 4671 2765 4741 ἄλλῳ
2790 4672 2846 4726 δὲ
2871 4670 3223 4742 ἐνεᾷγήματα
3242 4687 3255 4699 ·
3288 4670 3462 4741 ἑτέρῳ
3491 4670 3549 4722 δὲ
3573 4688 3700 4742 προσ

2118 4767 2341 4837 φητεία·
2375 4765 2518 4837 ἄλλῳ
2560 4765 2618 4819 δὲ
2666 4764 2964 4836 διακρίσεις
3016 4762 3375 4833 πνευμάτων·
3416 4761 3596 4832 ἑτέρῳ
3643 4762 3699 4816 δὲ

2115 4858 2245 4930 γένη
2277 4858 2556 4926 γλωσσῶν.
2599 4858 2784 4911 Πάντα
2804 4857 2861 4910 δὲ
2885 4855 3058 4909 ταῦτα
3089 4856 3301 4925 ἐνεργεῖ
3335 4853 3397 4907 τὸ
3427 4853 3489 4906 ἓν
3517 4856 3615 4907 καὶ
3638 4855 3700 4908 τὸ

2120 4949 2251 5002 αὐτὸ
2278 4948 2522 5019 Πνεῦμα,
2545 4948 2787 5018 διαιροῦν
2817 4947 2921 5017 ἰδίᾳ
2944 4945 3158 5015 ἑκάστῳ
3189 4944 3369 5008 καθὼς
3393 4944 3693 5015 βούλεται.ι

2118 5039 2374 5092 Βούλεται
2402 5039 2458 5091 δὲ
2491 5038 2527 5093 ἃ.
2559 5038 2806 5108 βούλεται
2831 5039 2860 5091 6
2892 5037 3080 5108 Πατὴρ
3108 5035 3204 5088 καὶ
3233 5038 3262 5089 6
3289 5035 3418 5099 Υἱός
3436 5053 3451 5066 ·
3478 5037 3575 5089 καὶ
3612 5036 3700 5090 διὰ

2117 5132 2290 5203 τοῦτο¹
2316 5131 2543 5203 λέγομεν
2577 5130 2771 5202 βουλὴν
2812 5130 2959 5201 μίαν.
2986 5127 3086 5183 Ὧν
3112 5130 3171 5183 δὲ
3202 5128 3261 5182 τὸ
3289 5130 3421 5185 αὐτὸ
3450 5130 3698 5202 βούλημα

2118 5224 2213 5276 καὶ
2233 5197 2778 5294 ήιαύτὴτένέργειαξὴ
2806 5197 2942 5292 αὐτὴ
2969 5222 3064 5275 καὶ
3094 5223 3127 5291 ἡ
3158 5221 3337 5291 φύσις.

2189 5404 2274 5458 14.
2298 5402 2519 5457 Mazaca.
2545 5402 2752 5456 υύκοῦν
2770 5402 2864 5456 καὶ
2883 5402 3017 5465 Θεός
3040 5404 3156 5455 ἐστι
3172 5401 3231 5455 τὸ
3251 5401 3515 5457 Πνεῦιιας
3538 5401 3692 5467 Ὀρθ.

521 5573 558 5603 ’⁸
598 5572 997 5648 μειιίιηλιηῖιρ.
1040 5576 1121 5648 -θξ
1147 5576 1293 5648 Αιυο.
1332 5597 1381 5648 t,
1420 5581 1510 5637 δεῖ.
1589 5582 1634 5614 ν’
1672 5579 1833 5636 Prov.
1874 5596 1923 5634 Ix
1947 5620 1961 5647 ,
1999 5582 2011 5635 1

2126 5579 2171 5611 ιι
2212 5571 2389 5635 lCOr.
2427 5592 2524 5645 ιη,
2560 5575 2650 5632 ss.
2730 5577 2775 5610 οι
2813 5577 2934 5632 Act.
2971 5592 3074 5642 ιι,
3112 5573 3215 5641 t7,
3249 5550 3344 5629 28.
3420 5574 3466 5606 ατ
3508 5570 3690 5628 ιουτ.

426 5657 556 5725 μη,
588 5641 704 5697 t-s.
782 5642 827 5677 η
865 5643 998 5699 ibid.
1039 5645 1188 5709 7-H,
