3842 6210
189 316 328 372 1515

1259 321 1539 379 CONTRA
1580 321 1926 378 MACEDON.
1973 321 2318 378 DIALOGUS
2348 322 2386 378 1.

3299 326 3435 380 ιδιι

186 431 357 485 Τοῦτο
374 434 467 486 καὶ
488 435 645 498 αὐτὸς
665 434 722 502 ἐξ
748 438 916 506 αὐτῆς
931 439 1025 508 τῆς
1045 439 1361 502 ἀκολουθίας
1387 440 1758 510 ὡμολόγησας.

1871 438 2018 493 Orlh.
2047 437 2160 494 Hoc
2201 446 2316 494 tute
2351 455 2416 494 ex
2449 438 2567 509 ipsa
2596 440 2864 494 dictorum
2899 441 3289 508 consequentia
3319 454 3440 510 pro-

199 521 406 577 Ἑκείνο
442 523 498 577 δὲ
528 525 780 594 γίνωσκε,
810 529 890 581 ὅτι
919 529 978 582 τὸ
1009 530 1141 583 Θεὸν
1187 527 1324 583 εἶναι
1359 532 1606 603 δεύτερόν
1643 535 1758 584 ἐστι

187 617 285 687 τῆς
327 605 568 686 φύσεωςί
595 620 705 673 Καὶ
737 619 844 690 γὰρ
874 623 1052 692 ἡμεῖς,
1088 623 1181 676 ἐὰν
1210 624 1443 693 μιμηταὶ
1473 623 1756 692 γενώμεθα

187 707 283 762 τοῦ
319 708 476 773 Θεοῦ,
521 709 661 763 κατὰ
701 710 792 764 τὸν
822 713 1029 764 Παῦλον
1058 712 1170 766 θεοὶ
1202 713 1298 783 μὲν
1339 714 1623 784 γινόμεθα·
1661 715 1760 784 τῆς

187 803 245 856 δέ
277 804 448 872 αὐτῆς
474 803 686 871 φύσεως
713 804 962 871 γενέσθαι
988 805 1048 856 ού
1081 804 1375 875 δυνάμεθα.
1400 805 1621 858 Μακεδ.
1651 807 1760 858 Καὶ

190 895 322 948 αὐτὸ
358 891 449 947 οὖν
477 895 537 947 τὸ
575 895 797 965 Πνεῦμα
831 896 972 948 κατὰ
1017 896 1241 967 μίμησιν
1276 898 1370 950 καὶ
1392 897 1551 968 χάριν
1583 897 1762 966 λέγεις

190 985 328 1041 εἶναι
355 987 516 1052 Θεὸν;
547 991 697 1057 Ὀρθ.
733 989 823 1060 Μὴ
848 989 1054 1056 γένοιτό
1083 1009 1169 1060 μοι
1197 991 1484 1061 ἐπίκτητόν
1507 1010 1556 1046 τι
1591 994 1760 1044 εἰπεῖν

191 1079 285 1131 ἐπεὶ
312 1078 403 1131 τοῦ
427 1079 771 1148 Πνεύματοςί
801 1079 922 1132 οὔτε
954 1081 1062 1152 γὰρ
1087 1082 1146 1134 τὸ
1182 1083 1356 1150 ἆγιον,
1387 1082 1510 1136 οὔτε
1541 1083 1599 1135 τὸ
1627 1083 1760 1136 ἀθά-

190 1189 370 1232 νατον,
402 1170 523 1224 οὗτε
565 1173 626 1224 τὸ
659 1172 879 1240 ἀγαθὸν,
923 1172 1045 1227 οὔτε
1084 1173 1210 1228 ἄλλο
1249 1185 1301 1228 τι
1342 1176 1451 1228 τῶν
1496 1177 1622 1247 περὶ
1667 1177 1760 1229 τὸν

237 1261 324 1312 εὸν
381 1259 766 1332 θεωρουμένων
813 1263 954 1331 λέγω
988 1259 1124 1318 εἶναι
1174 1265 1463 1336 ἐπίκτητον
1504 1265 1580 1336 τῷ
1624 1267 1761 1337 ἁγίτρ

191 1351 502 1423 Πνεύματιο
545 1352 679 1405 ἀλλὰ
727 1353 882 1421 φύσει
929 1354 1100 1422 ἅγιον,
1146 1355 1302 1423 φύσει
1342 1356 1562 1424 ἀγαθὸν,
1605 1357 1761 1426 φύσει

190 1441 489 1511 ἄερθαρτον,
523 1440 680 1509 φύσει
715 1442 998 1506 ἀθάνατον,
1029 1443 1103 1507 ὡς
1150 1445 1372 1516 Πνεῦμα
1409 1447 1541 1500 Θεοῦ
1571 1449 1660 1501 καὶ
1703 1447 1761 1514 ἐξ

191 1531 358 1583 αὐτοῦ
399 1531 680 1602 πηγάζον,
728 1532 846 1602 ἤτοι
893 1533 1340 1605 ἐκπορευόμενον.
1381 1537 1598 1590 Μακεδ.
1652 1538 1763 1590 Ἀεὶ

189 1620 286 1676 οῦν
310 1622 666 1693 ἐκπορεύεται
697 1623 823 1692 παρ’
855 1624 1047 1687 αὐτοῦς
1094 1626 1244 1693 Ὀρθ.
1271 1628 1386 1678 Ἵνα
1413 1627 1485 1696 μὴ
1513 1627 1759 1698 νομίσῃς,

190 1717 273 1769 ὅτι
302 1717 502 1785 ἤρξατο
525 1714 616 1768 τοῦ
642 1716 1031 1786 ἐκπορεύεσθαι
1053 1717 1144 1768 καὶ
1170 1717 1460 1781 πέπανται,
1490 1718 1576 1772 διὰ
1609 1719 1764 1772 τοῦτο

1861 530 2042 584 fessus
2067 545 2145 585 es.
2185 527 2382 584 Verum
2420 531 2550 585 illud
2583 539 2635 584 te
2665 545 2828 586 nosse
2859 531 3044 593 velim,
3076 530 3242 585 Deum
3275 546 3397 586 esse
3419 573 3436 598 ,

1859 623 2130 691 posterius
2159 637 2282 677 esse
2311 632 2526 677 natura.
2548 620 2682 676 Nam
2709 630 2762 676 et
2785 637 2907 687 nos,
2939 623 2986 676 si
3018 623 3320 678 imitatores
3345 623 3438 678 Dei

1861 716 2033 770 simus
2055 755 2068 779 ,
2103 715 2401 770 secundum
2423 715 2652 770 Paulum
2686 715 2761 769 dii
2795 715 3098 770 eﬂicimur:
3129 732 3230 771 nec
3257 726 3434 772 tamen

1860 811 2070 858 naturae
2099 805 2344 872 ejusdem
2379 805 2492 858 ﬁeri
2520 822 2834 875 possumus.
2854 805 3062 860 Maced.
3091 806 3300 876 Ergone
3321 805 3440 876 Spi-

1860 895 2026 948 ritum
2056 896 2231 965 ipsum
2258 897 2559 950 imitatione
2587 906 2636 949 et
2660 899 2834 967 gratia
2871 897 3036 951 Deum
3083 913 3210 952 esse
3262 898 3442 953 dicis?

1864 988 2014 1060 Orth.
2050 987 2235 1051 Absit,
2293 995 2352 1041 ut
2404 987 2608 1056 aliquid
2657 987 3010 1042 adventitium
3067 986 3294 1058 Spiritui
3340 991 3440 1043 tri~

1862 1081 2060 1133 buam!
2094 1078 2229 1132 Nam
2263 1095 2436 1149 neque
2465 1081 2830 1146 sanctitatem,
2858 1064 2958 1134 nec
3007 1080 3436 1151 incorruptibili-

1861 1177 2060 1232 tatein,
2117 1185 2216 1224 nec
2271 1153 2758 1234 immortalitatem,
2811 1186 2912 1224 nec
2955 1171 3276 1232 bonitatem.
3341 1187 3441 1226 nec

1859 1259 2005 1312 aliud
2040 1273 2228 1334 eorum
2263 1274 2383 1328 qua:
2411 1259 2468 1313 in
2529 1259 2638 1313 Deo
2674 1260 3013 1314 considerari
3047 1262 3254 1323 solent,
3281 1263 3440 1331 quid—

1861 1365 2024 1420 quam
2057 1349 2283 1420 Spiritui
2331 1361 2522 1405 sancto
2557 1351 2912 1406 adventitium
2965 1367 3090 1406 esse
3135 1353 3301 1408 dico:
3345 1355 3436 1409 sed

1862 1446 2058 1493 natura
2082 1447 2356 1504 sanctum,
2390 1449 2585 1494 natura
2617 1441 2843 1504 bonum,
2873 1448 3070 1493 natura
3111 1443 3441 1510 incorrupti-

1863 1533 2046 1598 bilem,
2100 1543 2293 1590 natura
2352 1535 2746 1600 immortalem,
2802 1543 2990 1605 utpote
3025 1535 3289 1605 Spiritum
3344 1534 3439 1588 Dei

1862 1633 1916 1677 et
1946 1641 2010 1678 ex
2043 1642 2108 1679 eo
2139 1633 2551 1696 promanantem
2609 1627 2723 1680 sive
2779 1627 3182 1696 procedentem.
3225 1623 3433 1679 Maced.

1867 1716 2093 1786 Semper
2122 1717 2284 1786 igitur
2310 1731 2374 1770 ex
2403 1717 2496 1769 illo
2552 1715 2834 1784 procedit?
2865 1713 3014 1770 Ortlt.
3049 1713 3114 1768 Ut
3149 1731 3216 1769 ne
3249 1716 3440 1772 existi-

193 1810 406 1879 εἴρηται
428 1824 440 1837 ·
467 1810 530 1860 "0
561 1809 709 1879 παρὰ
731 1808 823 1860 τοῦ
855 1809 1065 1880 Πατρός
1087 1801 1470 1879 ἐκπορεύεται·
1501 1811 1586 1863 ἵνα
1627 1812 1761 1881 μήτε

1871 1825 2046 1862 mares
2078 1808 2484 1877 processionetn
2516 1811 2601 1862 vel
2645 1808 2879 1878 cmpisse
2913 1809 3000 1863 vel
3033 1807 3262 1862 desiisse
3288 1848 3302 1869 ,
3356 1809 3440 1862 id-

193 1900 402 1971 ἀρχὴν,
458 1904 591 1969 μήτε
634 1899 783 1963 τέλος
826 1901 1158 1972 ἐπιζητήσῃς
1208 1901 1307 1965 τῆς
1367 1903 1759 1973 ὲκπορεύσεως.

193 1992 366 2044 Τοῦτο
393 1993 485 2044 καὶ
515 1992 640 2062 περὶ
681 1991 778 2061 τῆς
805 1993 1107 2062 γεννήσεως
1149 1991 1239 2044 τοῦ
1272 1992 1398 2046 Υίοῦ
1437 1994 1765 2064 σημαινόμε-

193 2102 284 2138 νον
314 2086 584 2156 εὑρήσεις.
618 2085 689 2136 Ού
720 2084 826 2155 γὰρ
872 2081 1012 2147 εἶπε,
1049 2084 1236 2155 Πρὸδέ
1271 2086 1484 2138 πάντων
1509 2085 1764 2155 ἐγέννησε

196 2195 288 2248 με,
326 2177 460 2230 ἀλλὰ
488 2178 656 2248 Γεννᾷ
695 2193 762 2244 με
783 2193 795 2206 ’
825 2177 910 2228 ἵνα
933 2176 1066 2246 μήτε
1103 2176 1276 2247 ἀρχὴν
1310 2178 1408 2248 τῆς
1443 2181 1762 2248 γεννήσεως,

199 2270 340 2341 μήτε
365 2269 516 2328 τέλος
556 2268 908 2342 ἐπιζητήσῃς.
938 2267 1157 2322 Mam-:8.
1191 2268 1294 2321 Δύο
1321 2265 1411 2321 οὖν
1449 2271 1582 2322 εἰσιν
1611 2269 1762 2334 Υἱοί;

207 2362 362 2430 Ὀρθ.
399 2361 488 2432 Μὴ
519 2361 760 2429 γένοιτοί
792 2360 1011 2414 Μακεδ.
1046 2361 1108 2413 Εἰ
1138 2359 1351 2430 ἀληθῶς
1380 2361 1470 2414 καὶ
1492 2363 1520 2413 ὁ
1545 2361 1673 2424 Υίὸς
1703 2363 1766 2414 ἐκ

194 2453 289 2506 τοῦ
312 2454 523 2523 Πατρὸς
561 2453 653 2505 καὶ
691 2453 752 2506 τὸ
786 2453 1027 2523 Πνεῦμα,
1058 2451 1149 2505 δύο
1176 2454 1310 2504 εἰσὶν
1333 2452 1564 2522 ἀδελφοί.
1612 2453 1762 2520 Ὀρθ.

208 2544 350 2597 Ἀλλ’
379 2546 407 2596 ὁ
441 2545 537 2614 μὲν
561 2545 686 2608 Υἱὸς
712 2545 1046 2615 γενέννηται,
1071 2545 1131 2597 τὸ
1153 2545 1208 2597 δὲ
1235 2544 1454 2615 Πνεῦμα
1472 2545 1764 2613 ἐκπορεύε-

195 2655 306 2690 ται.
349 2637 570 2693 Μακεδ.
600 2637 709 2690 Καὶ
754 2637 834 2699 τίς
872 2637 1156 2709 ήόιαφορὰ
1203 2641 1301 2705 τῆς
1335 2640 1638 2708 γεννήσεως
1673 2638 1766 2690 καὶ

195 2731 294 2800 τῆς
323 2730 725 2801 ἐκπορεύσεως;
763 2732 912 2799 Ὀρθ.
944 2731 1052 2801 Τὴν
1077 2732 1336 2804 διαφορὰν
1374 2731 1448 2801 μὴ
1474 2732 1768 2802 περιεργά-

197 2823 294 2886 ζου
318 2840 329 2852 ·
357 2824 417 2875 ού
435 2823 542 2894 γὰρ
566 2823 903 2894 καταληπτὴ,
940 2823 1050 2876 ἀλλ’
1079 2823 1114 2876 ἂ
1147 2825 1454 2895 προσετάγη
1473 2839 1575 2886 σοι,
1595 2822 1766 2874 ταῦτα

195 2915 537 2978 δ;ανοοῦ,καὶ
561 2915 866 2986 περαιτέρω
882 2914 1080 2969 τούτων
1097 2918 1168 2986 μὴ
1197 2916 1434 2980 ἐξέταζε.
1451 2915 1764 2986 Προσετάγη

195 3003 258 3056 δέ
317 3021 395 3056 σοι
422 3003 483 3056 τὸ
541 3005 833 3070 πιστεύειν,
881 3005 962 3056 ὅτι
1008 3005 1036 3056 ὁ
1090 3004 1214 3067 Υἱὸς
1261 3005 1536 3072 γεννᾶται,
1572 3005 1666 3057 καὶ
1706 3007 1768 3056 τὸ

198 3095 427 3165 Πνεῦμα
479 3095 865 3166 ἐκπορεύεταιο
907 3094 978 3147 τὰ
1015 3095 1070 3147 δὲ
1111 3095 1245 3148 ἄλλα
1291 3097 1487 3158 πάντα,
1517 3095 1763 3167 οὐρανὸς,

1864 1898 2012 1950 circo
2041 1898 2207 1951 dicit:
2237 1897 2338 1963 Qui
2370 1913 2399 1950 a
2429 1895 2591 1950 Patre
2625 1896 2904 1966 procedit;
2943 1905 3001 1950 ut
3040 1913 3139 1951 nec
3171 1896 3385 1951 initium
3419 1937 3433 1959 ,

1863 2005 1962 2044 nec
1986 1988 2144 2042 ﬁnem
2170 1988 2540 2058 proecssionis
2572 1988 2858 2058 requiras:
2893 1987 2996 2041 boe
3028 1988 3169 2041 idem
3201 1989 3267 2042 de
3317 1986 3437 2041 Filii

1861 2081 2210 2150 generatione
2246 2079 2611 2150 significatum
2646 2079 2908 2148 reperies.
2945 2077 3129 2148 Neque
3159 2079 3302 2134 enim
3339 2079 3436 2147 ait,

1863 2171 2061 2226 Gcnuit
2101 2187 2187 2225 me
2218 2184 2340 2225 ante
2392 2170 2615 2235 omnia,
2662 2171 2757 2224 sed
2801 2170 2982 2241 Gignit
3027 2165 3163 2238 me;
3220 2179 3278 2225 ut
3338 2187 3439 2226 nec

1865 2265 2100 2328 initium,
2146 2279 2246 2318 nec
2278 2263 2437 2317 linem
2478 2263 2844 2332 generationis
2897 2263 3166 2331 requiras.
3226 2261 3433 2317 Maced.

1865 2356 1982 2411 Duo
2011 2357 2170 2426 igitur
2210 2354 2327 2409 Filii
2355 2356 2528 2409 sunt?
2561 2354 2713 2410 Orllt.
2745 2355 2928 2410 Absit!
2964 2354 3172 2411 Maced.
3233 2355 3290 2410 Si
3327 2365 3436 2410 tam

1864 2446 2036 2503 Filius
2064 2462 2227 2518 quam
2275 2445 2514 2517 Spiritus
2565 2457 2788 2502 sanctus
2842 2465 2969 2502 vere
2999 2465 3063 2504 ex
3119 2447 3280 2504 Patre
3310 2456 3436 2511 est,

1866 2548 1994 2594 sunt
2028 2541 2137 2593 duo
2169 2539 2384 2593 fratres.
2448 2537 2600 2592 Orl/t.
2665 2537 2772 2593 Sed
2831 2539 3003 2595 Filius
3057 2543 3272 2610 genitus
3328 2551 3436 2598 est.

1869 2631 2106 2701 Spiritus
2128 2646 2258 2685 vero
2281 2632 2547 2700 procedit.
2590 2630 2800 2686 Maced.
2847 2631 2913 2684 Et
2942 2632 3071 2701 quid
3104 2631 3441 2686 discriminis

1866 2731 1950 2778 est
2003 2724 2146 2776 inter
2204 2722 2608 2792 generationem
2670 2738 2735 2776 ac
2787 2723 3236 2792 processionetn?
3285 2721 3438 2780 Ortli.

1868 2813 2173 2868 Discrimen
2202 2830 2270 2868 ne
2300 2814 2518 2869 curiose
2549 2815 2812 2884 inquirito
2841 2833 2854 2870 :
2888 2831 3065 2885 neque
3099 2816 3244 2870 enim
3292 2831 3442 2870 com-

1868 2906 2127 2979 prehendi
2161 2913 2374 2977 potest;
2419 2907 2514 2961 sed
2561 2922 2681 2977 quae
2710 2907 2806 2961 tibi
2840 2915 3106 2976 praecepta
3143 2915 3268 2962 sunt
3293 2947 3308 2970 ,
3350 2908 3438 2962 illa

1869 2998 2068 3068 cegita,
2097 3005 2150 3051 et
2184 2998 2325 3051 ultra
2373 2997 2487 3051 haec
2516 2997 2590 3050 nil
2621 2998 2912 3066 exquirito.
2971 2996 3066 3051 Est
3116 3007 3293 3051 amem
3342 2996 3440 3051 tibi

1871 3097 2222 3159 prazceptum,
2254 3098 2314 3143 ut
2342 3090 2535 3145 credas
2558 3073 2562 3077 i
2582 3089 2776 3144 Filium
2814 3089 2983 3159 gigni,
3027 3087 3286 3158 Spiritum
3318 3103 3442 3158 pro-

200 3187 294 3257 γῆ,
331 3186 592 3248 θάλασσα,
639 3187 833 3239 καὶτὰ
873 3189 930 3239 ἐν
978 3186 1160 3250 αὐτοῖς
1211 3186 1402 3254 λογικὰ
1435 3188 1528 3240 καὶ
1574 3187 1761 3253 ἄλογα,

1871 3182 2080 3236 cedere.
2107 3178 2336 3250 Reliqua
2358 3197 2488 3235 vero
2515 3183 2717 3245 omnia,
2749 3182 2947 3236 caelum
2969 3222 2985 3248 ,
3035 3188 3214 3242 terra‘,
3247 3197 3397 3237 mare
3422 3220 3439 3245 ,

199 3278 474 3348 κτίσματὰ
505 3281 627 3340 είσι,
657 3277 776 3330 κατ’
808 3277 1024 3348 ἐντολὴν
1054 3277 1216 3331 αὐτοῦ
1246 3276 1337 3329 τοῦ
1362 3275 1496 3329 Θεοῦ
1529 3276 1770 3330 κτισθέν·

199 3383 297 3419 τα·
336 3387 354 3417 ι
392 3366 560 3430 Αὐτὸς
593 3366 701 3436 γὰρ
739 3363 880 3431 εἷπε,
922 3365 1015 3420 καὶ
1049 3365 1445 3436 ἐγεννήθησανο
1479 3365 1639 3428 αὐτὸς
1689 3367 1773 3417 ὲν-

200 3458 461 3522 ετείλατο,
493 3459 588 3512 καὶ⁹
619 3457 962 3526 ἐκτίσθησαν.
995 3478 1014 3510 ι
1047 3457 1267 3511 Μακεδ.
1305 3456 1438 3509 Οὐδὲ
1467 3456 1576 3524 ἐγὼ
1607 3455 1769 3523 λέγω,

201 3550 284 3603 ὅτι
312 3551 374 3602 τὸ
416 3551 639 3620 Πνεῦμα
672 3550 873 3620 κτίσμα
906 3548 1084 3602 ἐστίν’
1118 3548 1230 3602 ἀλλ’
1270 3545 1362 3600 οὖν
1393 3547 1454 3600 οὐ
1480 3545 1610 3600 Θεὸν
1643 3547 1772 3600 αὐτὸ

201 3641 365 3710 λέγω.
385 3644 536 3710 Ὀρθ.
564 3643 656 3695 Ἓν
682 3643 772 3695 ἔσο
792 3641 1090 3711 γινώσκων,
1125 3642 1205 3694 ὅτι
1230 3641 1318 3694 διὰ
1331 3641 1487 3695 τοῦτο
1512 3643 1574 3694 σὺ
1611 3640 1771 3701 αὐτὸς

200 3733 302 3786 οὐκ
323 3730 374 3786 εἴ
391 3734 522 3798 Θεὸς
548 3738 615 3806 τῇ
646 3733 822 3802 φύσει,
853 3734 1037 3804 ἐπειδὴ
1079 3733 1284 3805 κτίσμα
1317 3733 1473 3800 Θεοῦ,
1505 3733 1580 3796 ὡς
1613 3735 1660 3784 εί
1699 3731 1772 3802 μὴ

201 3818 271 3892 ἧς
303 3823 526 3894 κτίσμα,
553 3823 685 3887 Θεὸς
713 3824 778 3877 ἂν
803 3819 870 3895 ἧς
900 3826 966 3895 τῇ
1001 3822 1176 3893 φύσει.

277 4087 364 4142 15.
394 4086 615 4140 Μακεδ.
663 4086 798 4139 Ἀλλ’
850 4085 1085 4156 οὐδαμοῦ
1125 4086 1462 4157 γέγραπται,
1514 4087 1594 4139 ὅτι
1641 4085 1772 4147 Θεός

202 4183 323 4234 ἐστι
354 4179 414 4232 τὸ
456 4179 696 4248 Πνεῦμα.
738 4179 881 4247 Ὀρθ.
912 4178 1122 4248 Δῶμεν,
1148 4179 1228 4231 ὅτι
1272 4180 1330 4231 οὺ
1366 4179 1669 4248 γέγραπται
1714 4177 1774 4230 τὸ

212 4288 232 4321 ‹
266 4269 418 4332 Θεός.
454 4289 471 4320 ι
505 4269 576 4320 Σὺ
608 4269 664 4322 δὲ
692 4265 789 4338 τὴν
834 4265 991 4336 φύσιν
1025 4266 1294 4336 ὁμολόγει,
1330 4267 1424 4319 καὶ¹
1455 4266 1552 4328 τὰς
1591 4265 1774 4328 θεῖκὰς

207 4360 503 4432 ἐνεργείας,
534 4359 628 4414 καὶ
655 4360 815 4429 ἀρκεῖ
838 4375 926 4429 μοι
955 4357 1088 4428 πρὸς
1102 4359 1198 4422 τὴν
1223 4357 1506 4428 ὁμολογίαν
1536 4360 1634 4429 τῆς
1661 4357 1773 4410 θεό-

150 4482 160 4489 -
205 4470 388 4524 τητος.
421 4451 640 4505 Μακεδ.
693 4451 792 4504 Διὰ
839 4450 890 4502 τί
933 4450 962 4502 ὃ
991 4451 1050 4502 ού
1109 4450 1430 4520 γέγραπται,
1459 4449 1771 4517 σὺολέγεις;

1871 3282 1925 3329 ει
1951 3289 2072 3344 qua:
2100 3275 2155 3328 in
2186 3275 2295 3330 illis
2339 3276 2452 3330 sive
2483 3275 2768 3328 rationalia
2820 3275 2935 3330 sive
2971 3289 3100 3330 vero
3154 3275 3441 3328 irrationa-

1871 3365 1964 3431 lia,
1987 3375 2248 3421 creaturze
2269 3374 2417 3429 sunt,
2444 3367 2743 3422 secundum
2783 3365 2878 3421 Dei
2926 3366 3100 3436 ipsius
3130 3367 3440 3423 mandatum

1871 3466 2066 3512 creata:
2094 3475 2106 3511 :
2145 3475 2163 3508 ε
2201 3456 2334 3511 Nam
2357 3457 2471 3526 ipse
2495 3457 2654 3522 dixit,
2679 3464 2732 3512 et
2766 3457 2910 3511 facta
2945 3466 3115 3512 sunt:
3151 3459 3266 3526 ipse
3289 3472 3444 3511 man-

1872 3549 2038 3613 davit,
2073 3561 2125 3606 et
2153 3558 2333 3605 creata
2365 3557 2492 3605 sunt
2541 3550 2606 3602 ⁸ο.
2652 3568 2672 3601 ι
2732 3547 2940 3604 Maced.
3002 3547 3113 3603 Nec
3164 3563 3263 3619 ego
3315 3548 3445 3604 dico

1874 3639 2134 3710 Spiritum
2165 3649 2472 3695 creaturam
2512 3655 2671 3695 esse:
2721 3639 2816 3694 sed
2855 3649 3039 3696 tamen
3085 3639 3256 3694 Deum
3293 3641 3442 3694 illum

1872 3748 1981 3786 non
2016 3732 2158 3785 dico.
2207 3730 2360 3785 Ortlt.
2401 3730 2578 3784 Unum
2613 3745 2809 3785 noscas
2862 3731 3044 3796 velim,
3077 3731 3309 3800 teipsum
3364 3732 3445 3786 id-

1873 3823 2020 3877 circo
2050 3822 2218 3878 Deum
2253 3840 2360 3878 non
2414 3839 2536 3878 esse
2570 3836 2786 3886 natura,
2821 3820 2965 3891 quod
3022 3822 3098 3877 sis
3153 3827 3441 3884 creatura.

1873 3915 2141 3984 adeoque,
2194 3915 2300 3970 nisi
2352 3914 2521 3970 fueris
2561 3911 3042 3978 creatura,Deum
3104 3923 3156 3969 te
3200 3913 3443 3968 futurum

1872 4009 2088 4056 natura.

1945 4093 2033 4148 lii.
2077 4092 2286 4147 Maced.
2323 4091 2431 4147 Sed
2459 4109 2731 4164 nusquam
2755 4094 3018 4164 scriptum
3049 4100 3154 4158 est,
3181 4093 3443 4164 Spiritum

1873 4203 1995 4243 esse
2028 4187 2215 4243 Deum.
2239 4187 2391 4242 Orth.
2427 4187 2628 4244 Demus
2647 4189 2969 4244 vocabulum
2996 4207 3014 4240 ι
3049 4189 3142 4244 Dei
3171 4209 3189 4241 ι
3218 4193 3274 4245 in
3293 4189 3444 4245 Scri-

1873 4287 2033 4350 ptura
2068 4277 2292 4348 Spiritui
2345 4294 2452 4333 non
2496 4279 2682 4334 tribui.
2715 4280 2784 4333 At
2817 4287 2874 4334 tu
2921 4287 3170 4334 naturam
3210 4281 3447 4352 itemque

1875 4372 2217 4439 operationes
2271 4371 2484 4426 divinas
2542 4371 2609 4426 de
2660 4385 2726 4426 eo
2779 4372 3074 4426 confitere:
3121 4372 3266 4442 quod
3316 4373 3447 4427 mihi

1875 4462 2092 4530 quidem
2122 4463 2256 4518 satis
2286 4471 2369 4518 est
2399 4461 2466 4516 ad
2506 4461 2724 4518 deitatis
2755 4463 3180 4518 confessionem.
3237 4462 3446 4518 Maced.

220 4547 366 4614 Ὀρθ.
401 4544 709 4614 Γέγραπται
741 4541 860 4612 μέν,
894 4543 957 4595 σὺ
983 4541 1039 4594 δὲ
1065 4540 1160 4612 τὴν
1189 4541 1346 4608 φύσιν
1373 4541 1648 4611 ὁμολόγειο
1684 4543 1767 4594 καῖ

1881 4551 1998 4616 Qua
2029 4552 2096 4606 de
2139 4567 2306 4607 causa
2337 4551 2389 4606 id
2418 4552 2594 4615 dicis,
2646 4551 2790 4621 quod
2851 4553 3113 4621 scriptum
3173 4567 3281 4605 non
3324 4550 3451 4604 est?

207 4639 256 4690 εἰ
287 4635 361 4706 μὴ
410 4634 734 4705 γέγραπται,
767 4632 902 4704 αὐτὴ
938 4635 971 4705 ἠ
1024 4632 1182 4702 φύσις
1213 4633 1273 4685 τὸ
1307 4632 1474 4702 ὄνομα
1513 4634 1776 4704 ἑπόμενον

207 4726 351 4798 ἔχει’
387 4725 462 4788 ὼς
495 4725 603 4795 γὰρ
644 4725 739 4778 ἐὰν
781 4723 1084 4795 ὁμολογηθῇ
1126 4721 1349 4794 Πνεῦμα
1394 4724 1774 4788 ἐνυπόστατον,

210 4816 546 4886 ἁγιαστικὸν,
575 4817 846 4878 ἄκτιστον,
876 4814 1005 4878 Θεός
1037 4815 1174 4877 ἐστι,
1201 4813 1304 4867 κᾶν
1340 4814 1413 4885 μὴ
1447 4813 1622 4886 θέλῃς.
1655 4817 1777 4867 Μα-

209 4909 334 4964 κεὸ.
388 4907 499 4962 Ποῦ
547 4909 874 4980 γέγραπται,
912 4907 992 4959 ὅτι
1034 4905 1166 4969 Θεὸς
1208 4904 1268 4958 τὸ
1314 4906 1539 4976 Πνεῦμά
1591 4907 1774 4971 ἐστιν;

222 5003 376 5071 Ὀρθ.
411 5001 579 5054 Ἔνθα
619 5000 925 5074 γέγραπται
955 4999 1016 5052 τὸ
1045 5000 1226 5071 ὅμοιον
1270 5001 1388 5052 κατ’
1419 4997 1624 5052 οὐσίαν.
1658 5002 1781 5052 Μα-

211 5094 338 5148 κεδ.
389 5093 526 5146 Ἀλλ’
556 5097 606 5146 οἱ
652 5095 890 5164 Πατέρες
924 5093 1079 5162 ἡμῶν
1115 5092 1176 5145 τὸ
1214 5092 1494 5163 ὁμοούσιον
1541 5094 1660 5146 κατ’
1687 5094 1779 5144 οὑ-

213 5186 334 5238 σίαν
383 5181 534 5238 εἷπον
573 5186 702 5256 περὶ
744 5185 840 5238 τοῦ
878 5183 1028 5238 Υίοῦ.
1073 5185 1222 5253 Ὀρθ.
1271 5185 1403 5237 Ἀπὸ
1433 5185 1531 5256 τῆς
1571 5186 1778 5250 ἐννοίας

191 5277 314 5348 ’τῆς
347 5257 571 5348 Γραφῆς
599 5277 926 5348 κινούμενοι,
958 5277 992 5348 ἢ
1023 5277 1130 5330 ἀπὸ
1160 5277 1294 5340 ἰδίας
1324 5276 1606 5340 αύθεντίας
1637 5279 1780 5348 εἰρή-

212 5383 343 5422 κασι
369 5367 431 5420 τὸ
462 5369 536 5438 μὴ
571 5370 982 5440 γεγραμμένον;
1013 5368 1233 5422 Μακεδ.
1278 5369 1408 5422 Ἀπὸ
1445 5370 1541 5440 τῆς
1575 5371 1780 5432 ἐννοίας

212 5459 312 5530 τῆς
336 5460 557 5531 Γραφῆς
577 5461 902 5532 κινούμενοι.
935 5462 1068 5526 Ὀρθ
1111 5460 1221 5514 Kal.
1249 5461 1283 5531 ἡ
1316 5460 1490 5514 ἔννοια
1521 5460 1616 5531 τῆς
1642 5461 1782 5531 Γρα-

217 5569 323 5622 cm:
349 5553 588 5608 διδάσκει
631 5554 693 5607 τὸ
733 5556 984 5609 ἄκτιστον
1013 5553 1236 5625 Πνεῦμα
1269 5555 1334 5607 ἐκ
1381 5552 1514 5607 Θεοῦ
1559 5551 1638 5618 δν,
1689 5556 1782 5606 καὶ

289 5707 331 5738 ⁸⁸
370 5703 510 5758 Psal.
545 5719 742 5758 cmvnt
767 5745 781 5770 ,
819 5705 871 5760 ς.

1884 4640 2038 4696 Orth.
2077 4639 2350 4708 Scriptum
2383 4655 2515 4695 sane
2558 4647 2662 4695 est.
2713 4638 2796 4694 Tu
2826 4656 2954 4695 vero
2988 4650 3241 4695 naturam
3280 4640 3450 4695 conli-

1880 4739 2017 4786 tere.
2050 4729 2276 4786 Etiamsi
2309 4746 2440 4786 vero
2472 4732 2736 4801 scriptum
2781 4747 2891 4785 non
2913 4740 3078 4794 esset.
3103 4743 3298 4786 natura
3333 4733 3450 4801 ipsa

1881 4821 1986 4875 hoc
2013 4821 2118 4875 sibi
2156 4836 2355 4876 nomen
2383 4821 2644 4875 vindieat.
2678 4819 2736 4874 Si
2778 4823 2922 4877 enim
2956 4824 3010 4876 in
3035 4821 3289 4878 confesso
3329 4822 3449 4876 fue-

1881 4911 1972 4974 rit,
2010 4909 2273 4980 Spiritum
2307 4913 2361 4966 in
2391 4927 2449 4967 se
2475 4911 2798 4975 subsistere,
2835 4913 3200 4975 sanetiﬁcare,
3235 4913 3450 4966 increa-

1883 5011 1999 5058 tum
2032 5020 2185 5059 esse:
2223 5004 2364 5060 Deus
2393 5005 2516 5071 erit,
2539 5005 2674 5060 velis
2699 5006 2861 5060 nolis.
2915 5003 3122 5059 Maced.
3174 5002 3271 5058 Ubi
3323 5003 3452 5058 scri-

1886 5105 2036 5166 ptum
2059 5103 2164 5160 est,
2196 5093 2459 5166 Spiritum
2489 5112 2612 5152 esse
2646 5095 2812 5152 Deum
2835 5097 2858 5150 ἲ
2881 5095 3033 5151 Ortlt.
3061 5094 3162 5150 Ubi
3188 5095 3448 5163 scriptum

1884 5198 1989 5250 est.
2030 5190 2260 5246 similem
2292 5207 2415 5246 esse
2459 5192 2760 5247 secundum
2807 5191 3192 5247 substantiam.
3239 5187 3448 5243 Haced.

1883 5281 2047 5350 Atqui
2069 5279 2259 5336 Patres
2276 5283 2445 5337 nostri
2477 5283 3099 5338 consubstantialitatem
3123 5281 3189 5336 de
3213 5279 3349 5335 Filio
3366 5279 3450 5332 di-

1887 5379 2106 5426 xerunt.
2146 5371 2298 5428 Orth.
2337 5373 2385 5425 A
2412 5375 2753 5429 sententiane
2787 5371 3101 5443 Scriptum,
3129 5388 3198 5426 an
3232 5371 3451 5442 proprio

1887 5471 2038 5518 motu
2057 5464 2188 5518 illud
2205 5465 2411 5529 dixere,
2434 5466 2578 5535 quod
2604 5481 2709 5519 non
2736 5472 2881 5520 esset
2907 5465 3168 5535 scriptum
3191 5464 3214 5518 ἳ
3241 5459 3447 5516 Maced.

1889 5554 2055 5611 Movit
2087 5557 2209 5612 illos
2231 5557 2528 5629 Scriptum
2550 5557 2839 5614 sententia.
2867 5555 3019 5612 Orth,
3057 5556 3126 5613 At
3159 5553 3452 5625 Scriptura
