  <div class='ocr_page' id='page_1' title='image "/cluster/home/n/w/nwhite01/storage/ocr_20150623/28/nnc1.0046978690/731.png"; bbox 0 0 3842 6210; ppageno 0'>
   <div class='ocr_carea' id='block_1_1' title="bbox 497 289 638 350">
    <p class='ocr_par' dir='ltr' id='par_1_1' title="bbox 497 289 638 350">
     <span class='ocr_line' id='line_1_1' title="bbox 497 289 638 350; baseline 0 -2"><span class='ocrx_word' id='word_1_1' title='bbox 497 289 638 350; x_wconf 70' lang='grc'><strong>1315</strong></span> 
     </span>
    </p>
   </div>
   <div class='ocr_carea' id='block_1_2' title="bbox 1651 288 3726 351">
    <p class='ocr_par' dir='ltr' id='par_1_2' title="bbox 1651 288 3726 351">
     <span class='ocr_line' id='line_1_2' title="bbox 1651 288 3726 351; baseline -0.002 -2"><span class='ocrx_word' id='word_1_2' title='bbox 1651 292 1708 350; x_wconf 83' lang='lat' dir='ltr'><strong>S.</strong></span> <span class='ocrx_word' id='word_1_3' title='bbox 1747 294 2212 351; x_wconf 76' lang='lat' dir='ltr'><strong>ATHANASIUS.</strong></span> <span class='ocrx_word' id='word_1_4' title='bbox 2255 328 2324 336; x_wconf 92' lang='lat'><strong>—</strong></span> <span class='ocrx_word' id='word_1_5' title='bbox 2365 295 2614 351; x_wconf 77' lang='lat' dir='ltr'><strong>SPURIA</strong></span> <span class='ocrx_word' id='word_1_6' title='bbox 3637 288 3726 344; x_wconf 64' lang='lat' dir='ltr'><strong>l3&quot;:</strong></span> 
     </span>
    </p>
   </div>
   <div class='ocr_carea' id='block_1_3' title="bbox 492 404 2059 488">
    <p class='ocr_par' dir='ltr' id='par_1_3' title="bbox 492 411 2059 488">
     <span class='ocr_line' id='line_1_3' title="bbox 492 411 2059 488; baseline 0.002 -19"><span class='ocrx_word' id='word_1_7' title='bbox 492 415 657 488; x_wconf 67' lang='grc'><strong>483</strong></span> <span class='ocrx_word' id='word_1_8' title='bbox 687 413 957 470; x_wconf 74' lang='lat' dir='ltr'><strong>sententia</strong></span> <span class='ocrx_word' id='word_1_9' title='bbox 989 413 1150 469; x_wconf 85' lang='lat' dir='ltr'><strong>docet</strong></span> <span class='ocrx_word' id='word_1_10' title='bbox 1199 411 1461 484; x_wconf 80' lang='lat' dir='ltr'><strong>Spiritum</strong></span> <span class='ocrx_word' id='word_1_11' title='bbox 1499 416 1801 472; x_wconf 89' lang='lat' dir='ltr'><strong>increatum</strong></span> <span class='ocrx_word' id='word_1_12' title='bbox 1833 433 1898 472; x_wconf 82' lang='lat' dir='ltr'><strong>ex</strong></span> <span class='ocrx_word' id='word_1_13' title='bbox 1957 415 2059 473; x_wconf 79' lang='lat' dir='ltr'><strong>Deo</strong></span> 
     </span>
    </p>
   </div>
   <div class='ocr_carea' id='block_1_4' title="bbox 2166 404 3735 488">
    <p class='ocr_par' dir='ltr' id='par_1_4' title="bbox 2172 404 3735 482">
     <span class='ocr_line' id='line_1_4' title="bbox 2172 404 3735 482; baseline -0.008 -12"><span class='ocrx_word' id='word_1_14' title='bbox 2172 416 2450 482; x_wconf 82' lang='grc' dir='ltr'>ζωοποιὸν,</span> <span class='ocrx_word' id='word_1_15' title='bbox 2485 415 2579 468; x_wconf 73' lang='grc' dir='ltr'><strong>καὶ</strong></span> <span class='ocrx_word' id='word_1_16' title='bbox 2596 412 2910 482; x_wconf 81' lang='grc' dir='ltr'>ἁγιαστικδν</span> <span class='ocrx_word' id='word_1_17' title='bbox 2929 411 3071 465; x_wconf 79' lang='grc' dir='ltr'>θεῖον</span> <span class='ocrx_word' id='word_1_18' title='bbox 3093 404 3230 462; x_wconf 74' lang='grc' dir='ltr'>εἶναι</span> <span class='ocrx_word' id='word_1_19' title='bbox 3260 405 3512 476; x_wconf 77' lang='grc' dir='ltr'><strong>Πνεῦμα.</strong></span> <span class='ocrx_word' id='word_1_20' title='bbox 3541 407 3735 459; x_wconf 58' lang='lat' dir='ltr'><strong>Mane.</strong></span> 
     </span>
    </p>
   </div>
   <div class='ocr_carea' id='block_1_5' title="bbox 493 506 2070 572">
    <p class='ocr_par' dir='ltr' id='par_1_5' title="bbox 493 506 2070 572">
     <span class='ocr_line' id='line_1_5' title="bbox 493 506 2070 572; baseline 0 -10"><span class='ocrx_word' id='word_1_21' title='bbox 493 509 866 572; x_wconf 81' lang='lat' dir='ltr'><strong>exsistentem,</strong></span> <span class='ocrx_word' id='word_1_22' title='bbox 902 506 1266 561; x_wconf 72' lang='lat' dir='ltr'><strong>vivificantem</strong></span> <span class='ocrx_word' id='word_1_23' title='bbox 1287 546 1302 571; x_wconf 93' lang='lat'><strong>,</strong></span> <span class='ocrx_word' id='word_1_24' title='bbox 1337 508 1796 571; x_wconf 83' lang='lat' dir='ltr'><strong>sanctiﬁcantem,</strong></span> <span class='ocrx_word' id='word_1_25' title='bbox 1826 508 2070 562; x_wconf 89' lang='lat' dir='ltr'><strong>divinum</strong></span> 
     </span>
    </p>
   </div>
   <div class='ocr_carea' id='block_1_6' title="bbox 491 595 2070 666">
    <p class='ocr_par' dir='ltr' id='par_1_6' title="bbox 491 595 2070 666">
     <span class='ocr_line' id='line_1_6' title="bbox 491 595 2070 666; baseline 0 -15"><span class='ocrx_word' id='word_1_26' title='bbox 491 613 615 651; x_wconf 88' lang='lat' dir='ltr'><strong>esse</strong></span> <span class='ocrx_word' id='word_1_27' title='bbox 646 595 929 666; x_wconf 85' lang='lat' dir='ltr'><strong>Spiritum.</strong></span> <span class='ocrx_word' id='word_1_28' title='bbox 964 595 1172 650; x_wconf 77' lang='lat' dir='ltr'><strong>Maced.</strong></span> <span class='ocrx_word' id='word_1_29' title='bbox 1226 595 1292 650; x_wconf 90' lang='lat' dir='ltr'><strong>Et</strong></span> <span class='ocrx_word' id='word_1_30' title='bbox 1341 613 1442 652; x_wconf 91' lang='lat' dir='ltr'><strong>nos</strong></span> <span class='ocrx_word' id='word_1_31' title='bbox 1473 597 1716 651; x_wconf 91' lang='lat' dir='ltr'><strong>divinum</strong></span> <span class='ocrx_word' id='word_1_32' title='bbox 1752 597 1901 652; x_wconf 91' lang='lat' dir='ltr'><strong>illum</strong></span> <span class='ocrx_word' id='word_1_33' title='bbox 1933 597 2070 651; x_wconf 89' lang='lat' dir='ltr'><strong>dici-</strong></span> 
     </span>
    </p>
   </div>
   <div class='ocr_carea' id='block_1_7' title="bbox 492 686 2067 758">
    <p class='ocr_par' dir='ltr' id='par_1_7' title="bbox 492 686 2067 758">
     <span class='ocr_line' id='line_1_7' title="bbox 492 686 2067 758; baseline 0.003 -18"><span class='ocrx_word' id='word_1_34' title='bbox 492 703 636 752; x_wconf 85' lang='lat' dir='ltr'><strong>mus,</strong></span> <span class='ocrx_word' id='word_1_35' title='bbox 669 686 834 742; x_wconf 87' lang='lat' dir='ltr'><strong>Deum</strong></span> <span class='ocrx_word' id='word_1_36' title='bbox 866 705 996 742; x_wconf 91' lang='lat' dir='ltr'><strong>vero</strong></span> <span class='ocrx_word' id='word_1_37' title='bbox 1035 704 1398 758; x_wconf 79' lang='lat' dir='ltr'><strong>nequaquam.</strong></span> <span class='ocrx_word' id='word_1_38' title='bbox 1432 687 1582 743; x_wconf 81' lang='lat' dir='ltr'><strong>0rllt.</strong></span> <span class='ocrx_word' id='word_1_39' title='bbox 1615 688 1753 756; x_wconf 83' lang='lat' dir='ltr'><strong>Quid</strong></span> <span class='ocrx_word' id='word_1_40' title='bbox 1793 690 1938 742; x_wconf 82' lang='lat' dir='ltr'><strong>aliud</strong></span> <span class='ocrx_word' id='word_1_41' title='bbox 1964 699 2067 756; x_wconf 92' lang='lat' dir='ltr'><strong>est,</strong></span> 
     </span>
    </p>
   </div>
   <div class='ocr_carea' id='block_1_8' title="bbox 495 776 2066 851">
    <p class='ocr_par' dir='ltr' id='par_1_8' title="bbox 495 776 2066 851">
     <span class='ocr_line' id='line_1_8' title="bbox 495 776 2066 851; baseline 0.003 -19"><span class='ocrx_word' id='word_1_42' title='bbox 495 776 733 848; x_wconf 79' lang='lat' dir='ltr'><strong>Spiritus</strong></span> <span class='ocrx_word' id='word_1_43' title='bbox 773 779 991 835; x_wconf 90' lang='lat' dir='ltr'><strong>divinus</strong></span> <span class='ocrx_word' id='word_1_44' title='bbox 1047 781 1354 845; x_wconf 89' lang='lat' dir='ltr'><strong>increatus,</strong></span> <span class='ocrx_word' id='word_1_45' title='bbox 1407 797 1569 851; x_wconf 86' lang='lat' dir='ltr'><strong>quam</strong></span> <span class='ocrx_word' id='word_1_46' title='bbox 1629 782 1808 836; x_wconf 88' lang='lat' dir='ltr'><strong>Deus?</strong></span> <span class='ocrx_word' id='word_1_47' title='bbox 1858 781 2066 837; x_wconf 76' lang='lat' dir='ltr'><strong>Maced.</strong></span> 
     </span>
    </p>
   </div>
   <div class='ocr_carea' id='block_1_9' title="bbox 493 871 2070 944">
    <p class='ocr_par' dir='ltr' id='par_1_9' title="bbox 493 871 2070 944">
     <span class='ocr_line' id='line_1_9' title="bbox 493 871 2070 944; baseline 0.002 -18"><span class='ocrx_word' id='word_1_48' title='bbox 493 871 656 926; x_wconf 73' lang='lat' dir='ltr'><strong>Aliud</strong></span> <span class='ocrx_word' id='word_1_49' title='bbox 687 882 771 926; x_wconf 84' lang='lat' dir='ltr'><strong>est</strong></span> <span class='ocrx_word' id='word_1_50' title='bbox 797 873 1038 936; x_wconf 88' lang='lat' dir='ltr'><strong>divinus,</strong></span> <span class='ocrx_word' id='word_1_51' title='bbox 1073 875 1216 929; x_wconf 86' lang='lat' dir='ltr'><strong>aliud</strong></span> <span class='ocrx_word' id='word_1_52' title='bbox 1253 873 1413 929; x_wconf 89' lang='lat' dir='ltr'><strong>Deus.</strong></span> <span class='ocrx_word' id='word_1_53' title='bbox 1479 873 1632 928; x_wconf 81' lang='lat' dir='ltr'><strong>Ortlt.</strong></span> <span class='ocrx_word' id='word_1_54' title='bbox 1675 874 1730 928; x_wconf 91' lang='lat' dir='ltr'><strong>Si</strong></span> <span class='ocrx_word' id='word_1_55' title='bbox 1784 874 2070 944; x_wconf 86' lang='lat' dir='ltr'><strong>Scriptura</strong></span> 
     </span>
    </p>
   </div>
   <div class='ocr_carea' id='block_1_10' title="bbox 494 963 2072 1034">
    <p class='ocr_par' dir='ltr' id='par_1_10' title="bbox 494 963 2072 1034">
     <span class='ocr_line' id='line_1_10' title="bbox 494 963 2072 1034; baseline 0.001 -17"><span class='ocrx_word' id='word_1_56' title='bbox 494 963 642 1017; x_wconf 91' lang='lat' dir='ltr'><strong>dicat</strong></span> <span class='ocrx_word' id='word_1_57' title='bbox 675 982 688 1017; x_wconf 92' lang='lat'>:</span> <span class='ocrx_word' id='word_1_58' title='bbox 725 982 745 1014; x_wconf 70' lang='grc' dir='ltr'>ι</span> <span class='ocrx_word' id='word_1_59' title='bbox 777 964 1012 1034; x_wconf 85' lang='lat' dir='ltr'><strong>Spiritus</strong></span> <span class='ocrx_word' id='word_1_60' title='bbox 1046 966 1265 1020; x_wconf 87' lang='lat' dir='ltr'><strong>divinus</strong></span> <span class='ocrx_word' id='word_1_61' title='bbox 1296 1005 1310 1030; x_wconf 91' lang='lat'><strong>,</strong></span> <span class='ocrx_word' id='word_1_62' title='bbox 1361 965 1452 1033; x_wconf 88' lang='lat' dir='ltr'><strong>qui</strong></span> <span class='ocrx_word' id='word_1_63' title='bbox 1498 963 1627 1018; x_wconf 79' lang='lat' dir='ltr'><strong>fecit</strong></span> <span class='ocrx_word' id='word_1_64' title='bbox 1665 981 1748 1018; x_wconf 91' lang='lat' dir='ltr'><strong>me</strong></span> <span class='ocrx_word' id='word_1_65' title='bbox 1779 966 1845 1032; x_wconf 73' lang='lat'><strong>7°,</strong></span> <span class='ocrx_word' id='word_1_66' title='bbox 1887 985 1903 1015; x_wconf 78' lang='grc' dir='ltr'>ι</span> <span class='ocrx_word' id='word_1_67' title='bbox 1940 981 2072 1019; x_wconf 89' lang='lat' dir='ltr'><strong>non-</strong></span> 
     </span>
    </p>
   </div>
   <div class='ocr_carea' id='block_1_11' title="bbox 494 1053 2065 1126">
    <p class='ocr_par' dir='ltr' id='par_1_11' title="bbox 494 1053 2065 1126">
     <span class='ocr_line' id='line_1_11' title="bbox 494 1053 2065 1126; baseline 0.002 -17"><span class='ocrx_word' id='word_1_68' title='bbox 494 1069 565 1109; x_wconf 83' lang='lat' dir='ltr'><strong>ne</strong></span> <span class='ocrx_word' id='word_1_69' title='bbox 589 1053 848 1124; x_wconf 86' lang='lat' dir='ltr'><strong>Spiritum</strong></span> <span class='ocrx_word' id='word_1_70' title='bbox 891 1065 1140 1110; x_wconf 89' lang='lat' dir='ltr'><strong>sanctum</strong></span> <span class='ocrx_word' id='word_1_71' title='bbox 1190 1057 1360 1110; x_wconf 88' lang='lat' dir='ltr'><strong>dicit?</strong></span> <span class='ocrx_word' id='word_1_72' title='bbox 1411 1055 1619 1109; x_wconf 77' lang='lat' dir='ltr'><strong>Maced.</strong></span> <span class='ocrx_word' id='word_1_73' title='bbox 1669 1056 2065 1126; x_wconf 67' lang='lat' dir='ltr'><strong>Nequaquam:</strong></span> 
     </span>
    </p>
   </div>
   <div class='ocr_carea' id='block_1_12' title="bbox 491 1145 2069 1217">
    <p class='ocr_par' dir='ltr' id='par_1_12' title="bbox 491 1145 2069 1217">
     <span class='ocr_line' id='line_1_12' title="bbox 491 1145 2069 1217; baseline 0.001 -17"><span class='ocrx_word' id='word_1_74' title='bbox 491 1145 637 1201; x_wconf 84' lang='lat' dir='ltr'><strong>Deus</strong></span> <span class='ocrx_word' id='word_1_75' title='bbox 666 1149 809 1201; x_wconf 90' lang='lat' dir='ltr'><strong>enim</strong></span> <span class='ocrx_word' id='word_1_76' title='bbox 853 1156 968 1209; x_wconf 88' lang='lat' dir='ltr'><strong>est,</strong></span> <span class='ocrx_word' id='word_1_77' title='bbox 1001 1151 1091 1217; x_wconf 86' lang='lat' dir='ltr'><strong>qui</strong></span> <span class='ocrx_word' id='word_1_78' title='bbox 1137 1147 1408 1201; x_wconf 86' lang='lat' dir='ltr'><strong>hominem</strong></span> <span class='ocrx_word' id='word_1_79' title='bbox 1466 1147 1613 1202; x_wconf 80' lang='lat' dir='ltr'><strong>fecit.</strong></span> <span class='ocrx_word' id='word_1_80' title='bbox 1674 1148 1828 1202; x_wconf 78' lang='lat' dir='ltr'><strong>Ort/t.</strong></span> <span class='ocrx_word' id='word_1_81' title='bbox 1873 1150 2069 1202; x_wconf 85' lang='lat' dir='ltr'><strong>Annon</strong></span> 
     </span>
    </p>
   </div>
   <div class='ocr_carea' id='block_1_13' title="bbox 495 1237 2071 1310">
    <p class='ocr_par' dir='ltr' id='par_1_13' title="bbox 495 1237 2071 1310">
     <span class='ocr_line' id='line_1_13' title="bbox 495 1237 2071 1310; baseline 0.001 -18"><span class='ocrx_word' id='word_1_82' title='bbox 495 1237 765 1308; x_wconf 85' lang='lat' dir='ltr'><strong>Spiritus?</strong></span> <span class='ocrx_word' id='word_1_83' title='bbox 803 1238 1010 1293; x_wconf 78' lang='lat' dir='ltr'><strong>Maced.</strong></span> <span class='ocrx_word' id='word_1_84' title='bbox 1043 1238 1183 1293; x_wconf 89' lang='lat' dir='ltr'><strong>Dens</strong></span> <span class='ocrx_word' id='word_1_85' title='bbox 1225 1256 1354 1309; x_wconf 79' lang='lat' dir='ltr'><strong>ergo</strong></span> <span class='ocrx_word' id='word_1_86' title='bbox 1393 1241 1614 1294; x_wconf 82' lang='lat' dir='ltr'><strong>divinus</strong></span> <span class='ocrx_word' id='word_1_87' title='bbox 1665 1239 1904 1310; x_wconf 92' lang='lat' dir='ltr'><strong>Spiritus</strong></span> <span class='ocrx_word' id='word_1_88' title='bbox 1949 1241 2071 1294; x_wconf 86' lang='lat' dir='ltr'><strong>est?</strong></span> 
     </span>
    </p>
   </div>
   <div class='ocr_carea' id='block_1_14' title="bbox 493 1330 2069 1402">
    <p class='ocr_par' dir='ltr' id='par_1_14' title="bbox 493 1330 2069 1402">
     <span class='ocr_line' id='line_1_14' title="bbox 493 1330 2069 1402; baseline 0 -16"><span class='ocrx_word' id='word_1_89' title='bbox 493 1330 649 1386; x_wconf 85' lang='lat' dir='ltr'><strong>Orth.</strong></span> <span class='ocrx_word' id='word_1_90' title='bbox 729 1331 922 1384; x_wconf 86' lang='lat' dir='ltr'><strong>Etiam.</strong></span> <span class='ocrx_word' id='word_1_91' title='bbox 1005 1331 1210 1396; x_wconf 83' lang='lat' dir='ltr'><strong>Quodsi</strong></span> <span class='ocrx_word' id='word_1_92' title='bbox 1265 1331 1406 1387; x_wconf 89' lang='lat' dir='ltr'><strong>Deus</strong></span> <span class='ocrx_word' id='word_1_93' title='bbox 1457 1332 1693 1402; x_wconf 82' lang='lat' dir='ltr'><strong>Spiritus</strong></span> <span class='ocrx_word' id='word_1_94' title='bbox 1742 1331 1960 1386; x_wconf 91' lang='lat' dir='ltr'><strong>divinus</strong></span> <span class='ocrx_word' id='word_1_95' title='bbox 2014 1333 2069 1386; x_wconf 92' lang='lat' dir='ltr'><strong>in</strong></span> 
     </span>
    </p>
   </div>
   <div class='ocr_carea' id='block_1_15' title="bbox 493 1419 2070 1492">
    <p class='ocr_par' dir='ltr' id='par_1_15' title="bbox 493 1419 2070 1492">
     <span class='ocr_line' id='line_1_15' title="bbox 493 1419 2070 1492; baseline 0 -17"><span class='ocrx_word' id='word_1_96' title='bbox 493 1419 776 1491; x_wconf 86' lang='lat' dir='ltr'><strong>Scriptura</strong></span> <span class='ocrx_word' id='word_1_97' title='bbox 806 1434 1173 1491; x_wconf 88' lang='lat' dir='ltr'><strong>nuncupatur,</strong></span> <span class='ocrx_word' id='word_1_98' title='bbox 1199 1431 1251 1476; x_wconf 90' lang='lat' dir='ltr'><strong>et</strong></span> <span class='ocrx_word' id='word_1_99' title='bbox 1286 1439 1463 1492; x_wconf 88' lang='lat' dir='ltr'><strong>neque</strong></span> <span class='ocrx_word' id='word_1_100' title='bbox 1491 1424 1738 1490; x_wconf 76' lang='lat' dir='ltr'><strong>angelus,</strong></span> <span class='ocrx_word' id='word_1_101' title='bbox 1773 1439 1950 1492; x_wconf 86' lang='lat' dir='ltr'><strong>neque</strong></span> <span class='ocrx_word' id='word_1_102' title='bbox 1983 1438 2070 1476; x_wconf 86' lang='lat' dir='ltr'><strong>ar-</strong></span> 
     </span>
    </p>
   </div>
   <div class='ocr_carea' id='block_1_16' title="bbox 492 1513 2070 1584">
    <p class='ocr_par' dir='ltr' id='par_1_16' title="bbox 492 1513 2070 1584">
     <span class='ocr_line' id='line_1_16' title="bbox 492 1513 2070 1584; baseline 0.003 -20"><span class='ocrx_word' id='word_1_103' title='bbox 492 1513 810 1583; x_wconf 81' lang='lat' dir='ltr'><strong>changelus,</strong></span> <span class='ocrx_word' id='word_1_104' title='bbox 845 1530 1018 1582; x_wconf 88' lang='lat' dir='ltr'><strong>neque</strong></span> <span class='ocrx_word' id='word_1_105' title='bbox 1076 1521 1316 1584; x_wconf 66' lang='lat' dir='ltr'><strong>potestas</strong></span> <span class='ocrx_word' id='word_1_106' title='bbox 1358 1517 1487 1577; x_wconf 85' lang='lat' dir='ltr'><strong>ulla,</strong></span> <span class='ocrx_word' id='word_1_107' title='bbox 1521 1516 1766 1569; x_wconf 77' lang='lat' dir='ltr'><strong>divinum</strong></span> <span class='ocrx_word' id='word_1_108' title='bbox 1826 1516 1878 1567; x_wconf 93' lang='lat' dir='ltr'><strong>in</strong></span> <span class='ocrx_word' id='word_1_109' title='bbox 1921 1513 2070 1568; x_wconf 90' lang='lat' dir='ltr'><strong>Scri-</strong></span> 
     </span>
    </p>
   </div>
   <div class='ocr_carea' id='block_1_17' title="bbox 490 1604 2068 1674">
    <p class='ocr_par' dir='ltr' id='par_1_17' title="bbox 490 1604 2068 1674">
     <span class='ocr_line' id='line_1_17' title="bbox 490 1604 2068 1674; baseline 0.003 -18"><span class='ocrx_word' id='word_1_110' title='bbox 490 1613 650 1674; x_wconf 79' lang='lat' dir='ltr'><strong>ptura</strong></span> <span class='ocrx_word' id='word_1_111' title='bbox 671 1606 998 1674; x_wconf 82' lang='lat' dir='ltr'><strong>appellatur,</strong></span> <span class='ocrx_word' id='word_1_112' title='bbox 1027 1607 1176 1659; x_wconf 91' lang='lat' dir='ltr'><strong>solus</strong></span> <span class='ocrx_word' id='word_1_113' title='bbox 1207 1614 1387 1659; x_wconf 88' lang='lat' dir='ltr'><strong>autem</strong></span> <span class='ocrx_word' id='word_1_114' title='bbox 1423 1604 1564 1659; x_wconf 58' lang='lat' dir='ltr'><strong>Dens</strong></span> <span class='ocrx_word' id='word_1_115' title='bbox 1595 1615 1647 1659; x_wconf 90' lang='lat' dir='ltr'><strong>et</strong></span> <span class='ocrx_word' id='word_1_116' title='bbox 1683 1606 1921 1674; x_wconf 86' lang='lat' dir='ltr'><strong>Spiritus</strong></span> <span class='ocrx_word' id='word_1_117' title='bbox 1948 1605 2068 1672; x_wconf 88' lang='lat' dir='ltr'><strong>ejus</strong></span> 
     </span>
    </p>
   </div>
   <div class='ocr_carea' id='block_1_18' title="bbox 489 1697 2068 1767">
    <p class='ocr_par' dir='ltr' id='par_1_18' title="bbox 489 1697 2068 1767">
     <span class='ocr_line' id='line_1_18' title="bbox 489 1697 2068 1767; baseline 0.001 -18"><span class='ocrx_word' id='word_1_118' title='bbox 489 1697 733 1750; x_wconf 83' lang='lat' dir='ltr'><strong>divinum</strong></span> <span class='ocrx_word' id='word_1_119' title='bbox 771 1697 1054 1761; x_wconf 81' lang='lat' dir='ltr'><strong>dicuntur,</strong></span> <span class='ocrx_word' id='word_1_120' title='bbox 1112 1714 1454 1767; x_wconf 73' lang='lat' dir='ltr'><strong>consequens</strong></span> <span class='ocrx_word' id='word_1_121' title='bbox 1505 1709 1588 1752; x_wconf 89' lang='lat' dir='ltr'><strong>est</strong></span> <span class='ocrx_word' id='word_1_122' title='bbox 1637 1699 1879 1752; x_wconf 82' lang='lat' dir='ltr'><strong>divinum</strong></span> <span class='ocrx_word' id='word_1_123' title='bbox 1934 1697 2068 1751; x_wconf 87' lang='lat' dir='ltr'><strong>nihil</strong></span> 
     </span>
    </p>
   </div>
   <div class='ocr_carea' id='block_1_19' title="bbox 2178 497 3738 580">
    <p class='ocr_par' dir='ltr' id='par_1_19' title="bbox 2178 497 3738 580">
     <span class='ocr_line' id='line_1_19' title="bbox 2178 497 3738 580; baseline -0.008 -17"><span class='ocrx_word' id='word_1_124' title='bbox 2178 509 2287 564; x_wconf 77' lang='lat' dir='ltr'><strong>Kal</strong></span> <span class='ocrx_word' id='word_1_125' title='bbox 2321 512 2481 580; x_wconf 76' lang='grc' dir='ltr'>ἡμεῖς</span> <span class='ocrx_word' id='word_1_126' title='bbox 2525 507 2668 560; x_wconf 84' lang='grc' dir='ltr'>θεῖον</span> <span class='ocrx_word' id='word_1_127' title='bbox 2709 505 2837 558; x_wconf 79' lang='grc' dir='ltr'>αὐτὸ</span> <span class='ocrx_word' id='word_1_128' title='bbox 2879 505 3131 574; x_wconf 79' lang='grc' dir='ltr'>λέγομεν,</span> <span class='ocrx_word' id='word_1_129' title='bbox 3173 500 3286 553; x_wconf 84' lang='grc' dir='ltr'>ἀλλ’</span> <span class='ocrx_word' id='word_1_130' title='bbox 3317 499 3380 552; x_wconf 86' lang='grc' dir='ltr'>οὐ</span> <span class='ocrx_word' id='word_1_131' title='bbox 3428 497 3589 551; x_wconf 67' lang='grc' dir='ltr'>Θεὸν.</span> <span class='ocrx_word' id='word_1_132' title='bbox 3617 498 3738 565; x_wconf 77' lang='grc' dir='ltr'>Ὁρθ.</span> 
     </span>
    </p>
   </div>
   <div class='ocr_carea' id='block_1_20' title="bbox 2178 589 3740 668">
    <p class='ocr_par' dir='ltr' id='par_1_20' title="bbox 2178 589 3740 668">
     <span class='ocr_line' id='line_1_20' title="bbox 2178 589 3740 668; baseline -0.008 -14"><span class='ocrx_word' id='word_1_133' title='bbox 2178 601 2251 654; x_wconf 88' lang='grc' dir='ltr'>Τὸ</span> <span class='ocrx_word' id='word_1_134' title='bbox 2295 600 2350 653; x_wconf 85' lang='grc' dir='ltr'><strong>δὲ</strong></span> <span class='ocrx_word' id='word_1_135' title='bbox 2400 601 2540 653; x_wconf 82' lang='grc' dir='ltr'>θεῖον</span> <span class='ocrx_word' id='word_1_136' title='bbox 2585 598 2830 668; x_wconf 84' lang='grc' dir='ltr'>Πνεῦμα,</span> <span class='ocrx_word' id='word_1_137' title='bbox 2865 596 3122 650; x_wconf 83' lang='grc' dir='ltr'>ἄκτισκον</span> <span class='ocrx_word' id='word_1_138' title='bbox 3172 593 3252 655; x_wconf 81' lang='grc' dir='ltr'>ὃν,</span> <span class='ocrx_word' id='word_1_139' title='bbox 3282 592 3333 644; x_wconf 84' lang='grc' dir='ltr'>τί</span> <span class='ocrx_word' id='word_1_140' title='bbox 3380 591 3514 645; x_wconf 80' lang='grc' dir='ltr'>ἄλλο</span> <span class='ocrx_word' id='word_1_141' title='bbox 3559 589 3740 658; x_wconf 68' lang='grc' dir='ltr'><strong>ἐστὶνῆ</strong></span> 
     </span>
    </p>
   </div>
   <div class='ocr_carea' id='block_1_21' title="bbox 2178 681 3740 757">
    <p class='ocr_par' dir='ltr' id='par_1_21' title="bbox 2178 681 3740 757">
     <span class='ocr_line' id='line_1_21' title="bbox 2178 681 3740 757; baseline -0.008 -12"><span class='ocrx_word' id='word_1_142' title='bbox 2178 693 2344 757; x_wconf 85' lang='grc' dir='ltr'>Θεός;</span> <span class='ocrx_word' id='word_1_143' title='bbox 2371 690 2590 746; x_wconf 80' lang='grc' dir='ltr'>Μακεδ.</span> <span class='ocrx_word' id='word_1_144' title='bbox 2627 689 2788 742; x_wconf 78' lang='grc' dir='ltr'><strong>Ἀλλο</strong></span> <span class='ocrx_word' id='word_1_145' title='bbox 2819 688 2935 741; x_wconf 74' lang='grc' dir='ltr'>ἐστὶ</span> <span class='ocrx_word' id='word_1_146' title='bbox 2963 688 3122 744; x_wconf 83' lang='grc' dir='ltr'>θεῖον.</span> <span class='ocrx_word' id='word_1_147' title='bbox 3150 683 3243 736; x_wconf 74' lang='grc' dir='ltr'>καὶ</span> <span class='ocrx_word' id='word_1_148' title='bbox 3272 683 3400 736; x_wconf 75' lang='grc' dir='ltr'>ἄλλο</span> <span class='ocrx_word' id='word_1_149' title='bbox 3418 681 3579 744; x_wconf 77' lang='grc' dir='ltr'>Θεός.</span> <span class='ocrx_word' id='word_1_150' title='bbox 3609 681 3740 748; x_wconf 76' lang='grc' dir='ltr'>Ὀρθ.</span> 
     </span>
    </p>
   </div>
   <div class='ocr_carea' id='block_1_22' title="bbox 2176 774 3738 854">
    <p class='ocr_par' dir='ltr' id='par_1_22' title="bbox 2176 774 3738 854">
     <span class='ocr_line' id='line_1_22' title="bbox 2176 774 3738 854; baseline -0.01 -16"><span class='ocrx_word' id='word_1_151' title='bbox 2176 786 2302 838; x_wconf 76' lang='grc' dir='ltr'><strong>Ἐὰν</strong></span> <span class='ocrx_word' id='word_1_152' title='bbox 2335 786 2478 852; x_wconf 81' lang='grc' dir='ltr'>λέγει</span> <span class='ocrx_word' id='word_1_153' title='bbox 2502 787 2535 854; x_wconf 79' lang='grc' dir='ltr'>ἡ</span> <span class='ocrx_word' id='word_1_154' title='bbox 2575 782 2783 854; x_wconf 79' lang='grc' dir='ltr'>Γραφὴ,</span> <span class='ocrx_word' id='word_1_155' title='bbox 2815 801 2831 832; x_wconf 86' lang='grc' dir='ltr'>ι</span> <span class='ocrx_word' id='word_1_156' title='bbox 2853 780 3077 850; x_wconf 83' lang='grc' dir='ltr'>Πνεῦμα</span> <span class='ocrx_word' id='word_1_157' title='bbox 3101 777 3239 830; x_wconf 81' lang='grc' dir='ltr'>Θεῖον</span> <span class='ocrx_word' id='word_1_158' title='bbox 3265 778 3325 828; x_wconf 78' lang='grc' dir='ltr'>τὸ</span> <span class='ocrx_word' id='word_1_159' title='bbox 3374 774 3616 843; x_wconf 75' lang='grc' dir='ltr'>ποιῆσαν</span> <span class='ocrx_word' id='word_1_160' title='bbox 3641 790 3738 842; x_wconf 65' lang='lat' dir='ltr'><strong>pia</strong></span> 
     </span>
    </p>
   </div>
   <div class='ocr_carea' id='block_1_23' title="bbox 2174 864 3745 945">
    <p class='ocr_par' dir='ltr' id='par_1_23' title="bbox 2174 864 3745 945">
     <span class='ocr_line' id='line_1_23' title="bbox 2174 864 3745 945; baseline -0.008 -16"><span class='ocrx_word' id='word_1_161' title='bbox 2174 878 2236 929; x_wconf 83' lang='grc' dir='ltr'><strong>οὐ</strong></span> <span class='ocrx_word' id='word_1_162' title='bbox 2261 877 2322 930; x_wconf 84' lang='grc' dir='ltr'><strong>τὸ</strong></span> <span class='ocrx_word' id='word_1_163' title='bbox 2351 876 2572 945; x_wconf 79' lang='grc' dir='ltr'><strong>Πνεῦμα</strong></span> <span class='ocrx_word' id='word_1_164' title='bbox 2602 875 2662 927; x_wconf 82' lang='grc' dir='ltr'>τὸ</span> <span class='ocrx_word' id='word_1_165' title='bbox 2681 877 2831 942; x_wconf 75' lang='grc' dir='ltr'>ἆγιον</span> <span class='ocrx_word' id='word_1_166' title='bbox 2861 873 3006 941; x_wconf 84' lang='grc' dir='ltr'><strong>λέγει</strong></span> <span class='ocrx_word' id='word_1_167' title='bbox 3032 889 3046 935; x_wconf 90' lang='grc'>;</span> <span class='ocrx_word' id='word_1_168' title='bbox 3080 869 3294 924; x_wconf 84' lang='grc' dir='ltr'>Μακεδ.</span> <span class='ocrx_word' id='word_1_169' title='bbox 3317 866 3396 921; x_wconf 82' lang='grc' dir='ltr'>Οῦ</span> <span class='ocrx_word' id='word_1_170' title='bbox 3417 884 3429 896; x_wconf 75' lang='grc' dir='ltr'><strong><em>ο</em></strong></span> <span class='ocrx_word' id='word_1_171' title='bbox 3453 869 3484 918; x_wconf 98' lang='lat'><strong>6</strong></span> <span class='ocrx_word' id='word_1_172' title='bbox 3507 867 3616 936; x_wconf 79' lang='grc' dir='ltr'><strong>γὰρ</strong></span> <span class='ocrx_word' id='word_1_173' title='bbox 3636 864 3745 925; x_wconf 69' lang='lat'><strong>656;</strong></span> 
     </span>
    </p>
   </div>
   <div class='ocr_carea' id='block_1_24' title="bbox 2177 957 3744 1037">
    <p class='ocr_par' dir='ltr' id='par_1_24' title="bbox 2177 957 3744 1037">
     <span class='ocr_line' id='line_1_24' title="bbox 2177 957 3744 1037; baseline -0.009 -16"><span class='ocrx_word' id='word_1_174' title='bbox 2177 971 2323 1022; x_wconf 77' lang='grc' dir='ltr'>ἐστιν</span> <span class='ocrx_word' id='word_1_175' title='bbox 2375 970 2403 1021; x_wconf 86' lang='grc' dir='ltr'>ὁ</span> <span class='ocrx_word' id='word_1_176' title='bbox 2441 969 2672 1037; x_wconf 77' lang='grc' dir='ltr'>ποιήσας</span> <span class='ocrx_word' id='word_1_177' title='bbox 2725 967 2815 1018; x_wconf 74' lang='grc' dir='ltr'>τὸν</span> <span class='ocrx_word' id='word_1_178' title='bbox 2866 965 3168 1035; x_wconf 72' lang='grc' dir='ltr'>ἄνθρωπον.</span> <span class='ocrx_word' id='word_1_179' title='bbox 3203 963 3356 1028; x_wconf 81' lang='grc' dir='ltr'>Ὀρθ.</span> <span class='ocrx_word' id='word_1_180' title='bbox 3400 960 3544 1028; x_wconf 76' lang='grc' dir='ltr'>Οὐχὶ</span> <span class='ocrx_word' id='word_1_181' title='bbox 3598 958 3652 1010; x_wconf 81' lang='grc' dir='ltr'><strong>δὲ</strong></span> <span class='ocrx_word' id='word_1_182' title='bbox 3698 957 3744 1007; x_wconf 69' lang='grc' dir='ltr'>τὸ</span> 
     </span>
    </p>
   </div>
   <div class='ocr_carea' id='block_1_25' title="bbox 2176 1049 3740 1130">
    <p class='ocr_par' dir='ltr' id='par_1_25' title="bbox 2176 1049 3740 1130">
     <span class='ocr_line' id='line_1_25' title="bbox 2176 1049 3740 1130; baseline -0.01 -16"><span class='ocrx_word' id='word_1_183' title='bbox 2176 1059 2431 1130; x_wconf 88' lang='grc' dir='ltr'>Πνεῦμα;</span> <span class='ocrx_word' id='word_1_184' title='bbox 2466 1058 2690 1114; x_wconf 68' lang='grc' dir='ltr'>Μακεδ.</span> <span class='ocrx_word' id='word_1_185' title='bbox 2731 1058 2786 1110; x_wconf 83' lang='lat'><strong>&#39;0</strong></span> <span class='ocrx_word' id='word_1_186' title='bbox 2835 1057 2966 1120; x_wconf 72' lang='grc' dir='ltr'>Θεὸς</span> <span class='ocrx_word' id='word_1_187' title='bbox 3015 1053 3106 1109; x_wconf 80' lang='grc' dir='ltr'>οὖν</span> <span class='ocrx_word' id='word_1_188' title='bbox 3142 1055 3279 1106; x_wconf 72' lang='grc' dir='ltr'>θεῖόν</span> <span class='ocrx_word' id='word_1_189' title='bbox 3327 1054 3448 1105; x_wconf 71' lang='grc' dir='ltr'>ἐστι</span> <span class='ocrx_word' id='word_1_190' title='bbox 3502 1049 3740 1117; x_wconf 79' lang='grc' dir='ltr'>Πνεῦμα;</span> 
     </span>
    </p>
   </div>
   <div class='ocr_carea' id='block_1_26' title="bbox 2175 1144 3743 1222">
    <p class='ocr_par' dir='ltr' id='par_1_26' title="bbox 2175 1144 3743 1222">
     <span class='ocr_line' id='line_1_26' title="bbox 2175 1144 3743 1222; baseline -0.01 -15"><span class='ocrx_word' id='word_1_191' title='bbox 2175 1151 2331 1222; x_wconf 79' lang='grc' dir='ltr'>Ὀρθ.</span> <span class='ocrx_word' id='word_1_192' title='bbox 2362 1154 2486 1206; x_wconf 75' lang='grc' dir='ltr'>Ναί.</span> <span class='ocrx_word' id='word_1_193' title='bbox 2523 1154 2584 1205; x_wconf 82' lang='lat' dir='ltr'><strong>Ei</strong></span> <span class='ocrx_word' id='word_1_194' title='bbox 2611 1153 2665 1204; x_wconf 86' lang='grc' dir='ltr'><strong>δὲ</strong></span> <span class='ocrx_word' id='word_1_195' title='bbox 2689 1154 2717 1205; x_wconf 87' lang='lat'><strong>6</strong></span> <span class='ocrx_word' id='word_1_196' title='bbox 2750 1151 2881 1214; x_wconf 80' lang='grc' dir='ltr'>Θεὸς</span> <span class='ocrx_word' id='word_1_197' title='bbox 2907 1150 3131 1219; x_wconf 83' lang='grc' dir='ltr'>Πνεῦμα</span> <span class='ocrx_word' id='word_1_198' title='bbox 3177 1147 3315 1199; x_wconf 83' lang='grc' dir='ltr'>θεῖον</span> <span class='ocrx_word' id='word_1_199' title='bbox 3349 1145 3578 1215; x_wconf 75' lang='grc' dir='ltr'>εἴρηται</span> <span class='ocrx_word' id='word_1_200' title='bbox 3604 1145 3659 1194; x_wconf 78' lang='grc' dir='ltr'>ἐν</span> <span class='ocrx_word' id='word_1_201' title='bbox 3689 1144 3743 1209; x_wconf 75' lang='grc' dir='ltr'><strong>τῇ</strong></span> 
     </span>
    </p>
   </div>
   <div class='ocr_carea' id='block_1_27' title="bbox 2175 1233 3743 1316">
    <p class='ocr_par' dir='ltr' id='par_1_27' title="bbox 2175 1233 3743 1316">
     <span class='ocr_line' id='line_1_27' title="bbox 2175 1233 3743 1316; baseline -0.008 -17"><span class='ocrx_word' id='word_1_202' title='bbox 2175 1244 2384 1316; x_wconf 77' lang='grc' dir='ltr'>Γραφῇ,</span> <span class='ocrx_word' id='word_1_203' title='bbox 2420 1245 2540 1298; x_wconf 71' lang='grc' dir='ltr'>οὔτε</span> <span class='ocrx_word' id='word_1_204' title='bbox 2569 1245 2624 1296; x_wconf 83' lang='grc' dir='ltr'><strong>δὲ</strong></span> <span class='ocrx_word' id='word_1_205' title='bbox 2655 1243 2902 1310; x_wconf 82' lang='grc' dir='ltr'>ἄγγελος,</span> <span class='ocrx_word' id='word_1_206' title='bbox 2934 1241 3055 1294; x_wconf 71' lang='grc' dir='ltr'>οὔτε</span> <span class='ocrx_word' id='word_1_207' title='bbox 3093 1239 3450 1310; x_wconf 76' lang='grc' dir='ltr'><strong>ἀρχάγγελος,</strong></span> <span class='ocrx_word' id='word_1_208' title='bbox 3477 1235 3601 1288; x_wconf 71' lang='grc' dir='ltr'>οὔτε</span> <span class='ocrx_word' id='word_1_209' title='bbox 3629 1233 3743 1299; x_wconf 72' lang='grc' dir='ltr'>ἄλλη</span> 
     </span>
    </p>
   </div>
   <div class='ocr_carea' id='block_1_28' title="bbox 2173 1325 3745 1408">
    <p class='ocr_par' dir='ltr' id='par_1_28' title="bbox 2173 1325 3745 1408">
     <span class='ocr_line' id='line_1_28' title="bbox 2173 1325 3745 1408; baseline -0.014 -11"><span class='ocrx_word' id='word_1_210' title='bbox 2173 1355 2257 1400; x_wconf 76' lang='grc' dir='ltr'><strong>τις</strong></span> <span class='ocrx_word' id='word_1_211' title='bbox 2282 1338 2508 1407; x_wconf 67' lang='grc' dir='ltr'>δύναμις</span> <span class='ocrx_word' id='word_1_212' title='bbox 2554 1337 2766 1408; x_wconf 75' lang='grc' dir='ltr'>εἴρηται</span> <span class='ocrx_word' id='word_1_213' title='bbox 2809 1335 2948 1388; x_wconf 80' lang='grc' dir='ltr'>Θεῖον</span> <span class='ocrx_word' id='word_1_214' title='bbox 2988 1336 3045 1386; x_wconf 85' lang='grc' dir='ltr'>ὲν</span> <span class='ocrx_word' id='word_1_215' title='bbox 3078 1336 3144 1403; x_wconf 82' lang='grc' dir='ltr'><strong>τῇ</strong></span> <span class='ocrx_word' id='word_1_216' title='bbox 3189 1333 3412 1401; x_wconf 72' lang='grc' dir='ltr'>Γραφῇ·</span> <span class='ocrx_word' id='word_1_217' title='bbox 3450 1328 3612 1397; x_wconf 71' lang='grc' dir='ltr'>μόνος</span> <span class='ocrx_word' id='word_1_218' title='bbox 3649 1325 3745 1376; x_wconf 73' lang='grc' dir='ltr'><strong>6ὲό</strong></span> 
     </span>
    </p>
   </div>
   <div class='ocr_carea' id='block_1_29' title="bbox 2175 1417 3745 1500">
    <p class='ocr_par' dir='ltr' id='par_1_29' title="bbox 2175 1417 3745 1500">
     <span class='ocr_line' id='line_1_29' title="bbox 2175 1417 3745 1500; baseline -0.008 -19"><span class='ocrx_word' id='word_1_219' title='bbox 2175 1430 2306 1494; x_wconf 74' lang='grc' dir='ltr'>Θεὸς</span> <span class='ocrx_word' id='word_1_220' title='bbox 2339 1431 2430 1483; x_wconf 79' lang='grc' dir='ltr'>καὶ</span> <span class='ocrx_word' id='word_1_221' title='bbox 2456 1430 2518 1482; x_wconf 84' lang='grc' dir='ltr'>τὸ</span> <span class='ocrx_word' id='word_1_222' title='bbox 2545 1429 2765 1500; x_wconf 79' lang='grc' dir='ltr'>Πνεῦμα</span> <span class='ocrx_word' id='word_1_223' title='bbox 2799 1427 2962 1481; x_wconf 72' lang='grc' dir='ltr'>αὐτοῦ</span> <span class='ocrx_word' id='word_1_224' title='bbox 2995 1426 3133 1478; x_wconf 86' lang='grc' dir='ltr'>Θεῖον</span> <span class='ocrx_word' id='word_1_225' title='bbox 3163 1425 3374 1494; x_wconf 74' lang='grc' dir='ltr'>εἴρηται</span> <span class='ocrx_word' id='word_1_226' title='bbox 3395 1438 3408 1449; x_wconf 73' lang='grc'><strong><em>⁸</em></strong></span> <span class='ocrx_word' id='word_1_227' title='bbox 3438 1421 3547 1471; x_wconf 71' lang='grc' dir='ltr'>οὐκ</span> <span class='ocrx_word' id='word_1_228' title='bbox 3574 1417 3745 1488; x_wconf 76' lang='grc' dir='ltr'>ἄρατὸ</span> 
     </span>
    </p>
   </div>
   <div class='ocr_carea' id='block_1_30' title="bbox 2175 1509 3744 1590">
    <p class='ocr_par' dir='ltr' id='par_1_30' title="bbox 2175 1509 3744 1590">
     <span class='ocr_line' id='line_1_30' title="bbox 2175 1509 3744 1590; baseline -0.009 -18"><span class='ocrx_word' id='word_1_229' title='bbox 2175 1519 2316 1574; x_wconf 81' lang='grc' dir='ltr'>θεῖον</span> <span class='ocrx_word' id='word_1_230' title='bbox 2346 1520 2473 1574; x_wconf 78' lang='grc' dir='ltr'>ἄλλο</span> <span class='ocrx_word' id='word_1_231' title='bbox 2501 1519 2552 1572; x_wconf 84' lang='grc' dir='ltr'>τί</span> <span class='ocrx_word' id='word_1_232' title='bbox 2593 1522 2707 1572; x_wconf 78' lang='grc' dir='ltr'>ἐστι</span> <span class='ocrx_word' id='word_1_233' title='bbox 2744 1519 2894 1590; x_wconf 78' lang='grc' dir='ltr'>παρὰ</span> <span class='ocrx_word' id='word_1_234' title='bbox 2917 1518 2999 1582; x_wconf 79' lang='grc' dir='ltr'>τὸ,</span> <span class='ocrx_word' id='word_1_235' title='bbox 3031 1515 3183 1578; x_wconf 85' lang='grc' dir='ltr'>Θεός.</span> <span class='ocrx_word' id='word_1_236' title='bbox 3215 1514 3323 1566; x_wconf 74' lang='grc' dir='ltr'>Καὶ</span> <span class='ocrx_word' id='word_1_237' title='bbox 3360 1511 3578 1572; x_wconf 85' lang='grc' dir='ltr'>Παῦλος</span> <span class='ocrx_word' id='word_1_238' title='bbox 3599 1509 3654 1560; x_wconf 79' lang='grc' dir='ltr'><strong>δὲ</strong></span> <span class='ocrx_word' id='word_1_239' title='bbox 3695 1509 3744 1558; x_wconf 85' lang='grc' dir='ltr'>ἐν</span> 
     </span>
    </p>
   </div>
   <div class='ocr_carea' id='block_1_31' title="bbox 2173 1601 3744 1683">
    <p class='ocr_par' dir='ltr' id='par_1_31' title="bbox 2173 1601 3744 1683">
     <span class='ocr_line' id='line_1_31' title="bbox 2173 1601 3744 1683; baseline -0.008 -19"><span class='ocrx_word' id='word_1_240' title='bbox 2173 1615 2292 1675; x_wconf 83' lang='grc' dir='ltr'>ταῖς</span> <span class='ocrx_word' id='word_1_241' title='bbox 2322 1611 2584 1683; x_wconf 81' lang='grc' dir='ltr'>Πράξεσιν</span> <span class='ocrx_word' id='word_1_242' title='bbox 2615 1611 2786 1673; x_wconf 73' lang='grc' dir='ltr'>οὕτως</span> <span class='ocrx_word' id='word_1_243' title='bbox 2811 1611 2993 1680; x_wconf 76' lang='grc' dir='ltr'>λέγει’</span> <span class='ocrx_word' id='word_1_244' title='bbox 3036 1627 3054 1659; x_wconf 77' lang='grc' dir='ltr'>ι</span> <span class='ocrx_word' id='word_1_245' title='bbox 3091 1608 3248 1670; x_wconf 80' lang='grc' dir='ltr'>Γὲνος</span> <span class='ocrx_word' id='word_1_246' title='bbox 3285 1601 3380 1657; x_wconf 77' lang='grc' dir='ltr'><strong>οὖν</strong></span> <span class='ocrx_word' id='word_1_247' title='bbox 3418 1603 3744 1674; x_wconf 71' lang='grc' dir='ltr'><strong>ὑπάρχοντες</strong></span> 
     </span>
    </p>
   </div>
   <div class='ocr_carea' id='block_1_32' title="bbox 2174 1693 3742 1771">
    <p class='ocr_par' dir='ltr' id='par_1_32' title="bbox 2174 1693 3742 1771">
     <span class='ocr_line' id='line_1_32' title="bbox 2174 1693 3742 1771; baseline -0.008 -15"><span class='ocrx_word' id='word_1_248' title='bbox 2174 1703 2267 1757; x_wconf 86' lang='grc' dir='ltr'><strong>τοῦ</strong></span> <span class='ocrx_word' id='word_1_249' title='bbox 2302 1704 2458 1764; x_wconf 83' lang='grc' dir='ltr'>Θεοῦ,</span> <span class='ocrx_word' id='word_1_250' title='bbox 2493 1705 2591 1755; x_wconf 79' lang='grc' dir='ltr'>οὐκ</span> <span class='ocrx_word' id='word_1_251' title='bbox 2624 1703 2909 1771; x_wconf 79' lang='grc' dir='ltr'>ὀφείλομεν</span> <span class='ocrx_word' id='word_1_252' title='bbox 2942 1700 3181 1769; x_wconf 79' lang='grc' dir='ltr'>νομίζειν</span> <span class='ocrx_word' id='word_1_253' title='bbox 3217 1695 3404 1768; x_wconf 84' lang='grc' dir='ltr'>χρυσῷ</span> <span class='ocrx_word' id='word_1_254' title='bbox 3435 1695 3470 1765; x_wconf 75' lang='grc' dir='ltr'>ἢ</span> <span class='ocrx_word' id='word_1_255' title='bbox 3512 1693 3742 1764; x_wconf 72' lang='grc' dir='ltr'>ἀργύρῳ,</span> 
     </span>
    </p>
   </div>
   <div class='ocr_carea' id='block_1_33' title="bbox 485 1782 2059 1867">
    <p class='ocr_par' dir='ltr' id='par_1_33' title="bbox 485 1787 2059 1858">
     <span class='ocr_line' id='line_1_33' title="bbox 485 1787 2059 1858; baseline 0 -16"><span class='ocrx_word' id='word_1_256' title='bbox 485 1788 636 1842; x_wconf 76' lang='lat' dir='ltr'><strong>aliud</strong></span> <span class='ocrx_word' id='word_1_257' title='bbox 668 1804 789 1842; x_wconf 87' lang='lat' dir='ltr'><strong>esse</strong></span> <span class='ocrx_word' id='word_1_258' title='bbox 813 1805 974 1857; x_wconf 87' lang='lat' dir='ltr'><strong>quam</strong></span> <span class='ocrx_word' id='word_1_259' title='bbox 1003 1788 1191 1842; x_wconf 88' lang='lat' dir='ltr'><strong>Deum.</strong></span> <span class='ocrx_word' id='word_1_260' title='bbox 1216 1787 1416 1843; x_wconf 84' lang='lat' dir='ltr'><strong>Paulus</strong></span> <span class='ocrx_word' id='word_1_261' title='bbox 1441 1805 1657 1858; x_wconf 87' lang='lat' dir='ltr'><strong>quoque</strong></span> <span class='ocrx_word' id='word_1_262' title='bbox 1689 1790 1741 1842; x_wconf 93' lang='lat' dir='ltr'><strong>in</strong></span> <span class='ocrx_word' id='word_1_263' title='bbox 1774 1790 1924 1843; x_wconf 81' lang='lat' dir='ltr'><strong>Artis</strong></span> <span class='ocrx_word' id='word_1_264' title='bbox 1955 1791 2059 1842; x_wconf 67' lang='lat' dir='ltr'><strong>haec</strong></span> 
     </span>
    </p>
   </div>
   <div class='ocr_carea' id='block_1_34' title="bbox 2166 1782 3744 1867">
    <p class='ocr_par' dir='ltr' id='par_1_34' title="bbox 2172 1782 3744 1867">
     <span class='ocr_line' id='line_1_34' title="bbox 2172 1782 3744 1867; baseline -0.008 -20"><span class='ocrx_word' id='word_1_265' title='bbox 2172 1795 2358 1867; x_wconf 78' lang='grc' dir='ltr'>ἧλίθῳ</span> <span class='ocrx_word' id='word_1_266' title='bbox 2404 1795 2756 1865; x_wconf 86' lang='grc' dir='ltr'>χαράγματος</span> <span class='ocrx_word' id='word_1_267' title='bbox 2795 1793 2991 1862; x_wconf 81' lang='grc' dir='ltr'>τέχνης</span> <span class='ocrx_word' id='word_1_268' title='bbox 3024 1795 3118 1844; x_wconf 78' lang='grc' dir='ltr'>καὶ</span> <span class='ocrx_word' id='word_1_269' title='bbox 3159 1789 3513 1858; x_wconf 78' lang='grc' dir='ltr'>ἐνθυμήσεως</span> <span class='ocrx_word' id='word_1_270' title='bbox 3552 1782 3744 1854; x_wconf 79' lang='grc' dir='ltr'><strong>ἀνθρώ-</strong></span> 
     </span>
    </p>
   </div>
   <div class='ocr_carea' id='block_1_35' title="bbox 493 1879 2059 1957">
    <p class='ocr_par' dir='ltr' id='par_1_35' title="bbox 493 1879 2059 1949">
     <span class='ocr_line' id='line_1_35' title="bbox 493 1879 2059 1949; baseline 0.003 -17"><span class='ocrx_word' id='word_1_271' title='bbox 493 1881 605 1934; x_wconf 86' lang='lat' dir='ltr'><strong>ait:</strong></span> <span class='ocrx_word' id='word_1_272' title='bbox 654 1897 671 1928; x_wconf 81' lang='grc' dir='ltr'>ι</span> <span class='ocrx_word' id='word_1_273' title='bbox 708 1879 891 1934; x_wconf 82' lang='lat' dir='ltr'><strong>Genus</strong></span> <span class='ocrx_word' id='word_1_274' title='bbox 916 1896 1043 1949; x_wconf 83' lang='lat' dir='ltr'><strong>ergo</strong></span> <span class='ocrx_word' id='word_1_275' title='bbox 1085 1895 1208 1933; x_wconf 91' lang='lat' dir='ltr'><strong>cum</strong></span> <span class='ocrx_word' id='word_1_276' title='bbox 1254 1881 1427 1934; x_wconf 86' lang='lat' dir='ltr'><strong>simus</strong></span> <span class='ocrx_word' id='word_1_277' title='bbox 1471 1879 1562 1934; x_wconf 88' lang='lat' dir='ltr'><strong>Dei</strong></span> <span class='ocrx_word' id='word_1_278' title='bbox 1589 1919 1603 1940; x_wconf 91' lang='lat'><strong>.</strong></span> <span class='ocrx_word' id='word_1_279' title='bbox 1650 1896 1757 1934; x_wconf 91' lang='lat' dir='ltr'><strong>non</strong></span> <span class='ocrx_word' id='word_1_280' title='bbox 1809 1881 2059 1936; x_wconf 73' lang='lat' dir='ltr'><strong>debemus</strong></span> 
     </span>
    </p>
   </div>
   <div class='ocr_carea' id='block_1_36' title="bbox 2166 1879 3740 1957">
    <p class='ocr_par' dir='ltr' id='par_1_36' title="bbox 2171 1880 3740 1957">
     <span class='ocr_line' id='line_1_36' title="bbox 2171 1880 3740 1957; baseline -0.008 -16"><span class='ocrx_word' id='word_1_281' title='bbox 2171 1907 2271 1941; x_wconf 82' lang='grc' dir='ltr'><strong>που</strong></span> <span class='ocrx_word' id='word_1_282' title='bbox 2298 1889 2356 1941; x_wconf 86' lang='grc' dir='ltr'>τὸ</span> <span class='ocrx_word' id='word_1_283' title='bbox 2381 1889 2520 1940; x_wconf 83' lang='grc' dir='ltr'>Θεῐον</span> <span class='ocrx_word' id='word_1_284' title='bbox 2553 1884 2691 1941; x_wconf 68' lang='grc' dir='ltr'>εἶναι</span> <span class='ocrx_word' id='word_1_285' title='bbox 2721 1889 2926 1957; x_wconf 83' lang='grc' dir='ltr'>ὅμοιον.</span> <span class='ocrx_word' id='word_1_286' title='bbox 2965 1906 2982 1936; x_wconf 71' lang='grc' dir='ltr'>ι</span> <span class='ocrx_word' id='word_1_287' title='bbox 3028 1885 3209 1954; x_wconf 81' lang='grc' dir='ltr'>Ὁρᾷς,</span> <span class='ocrx_word' id='word_1_288' title='bbox 3243 1883 3327 1934; x_wconf 78' lang='grc' dir='ltr'><strong>ὅτι</strong></span> <span class='ocrx_word' id='word_1_289' title='bbox 3352 1883 3382 1932; x_wconf 89' lang='grc' dir='ltr'>ὁ</span> <span class='ocrx_word' id='word_1_290' title='bbox 3405 1881 3546 1942; x_wconf 79' lang='grc' dir='ltr'>Θεὸς</span> <span class='ocrx_word' id='word_1_291' title='bbox 3590 1880 3740 1936; x_wconf 78' lang='grc' dir='ltr'>θεῖον,</span> 
     </span>
    </p>
   </div>
   <div class='ocr_carea' id='block_1_37' title="bbox 487 1964 2059 2041">
    <p class='ocr_par' dir='ltr' id='par_1_37' title="bbox 487 1971 2059 2041">
     <span class='ocr_line' id='line_1_37' title="bbox 487 1971 2059 2041; baseline 0.001 -16"><span class='ocrx_word' id='word_1_292' title='bbox 487 1973 762 2025; x_wconf 63' lang='lat' dir='ltr'><strong>aestimare</strong></span> <span class='ocrx_word' id='word_1_293' title='bbox 793 1986 930 2024; x_wconf 92' lang='lat' dir='ltr'><strong>auro</strong></span> <span class='ocrx_word' id='word_1_294' title='bbox 969 1978 1062 2022; x_wconf 89' lang='lat' dir='ltr'><strong>aut</strong></span> <span class='ocrx_word' id='word_1_295' title='bbox 1094 1982 1352 2038; x_wconf 80' lang='lat' dir='ltr'><strong>argento,</strong></span> <span class='ocrx_word' id='word_1_296' title='bbox 1414 1981 1507 2024; x_wconf 91' lang='lat' dir='ltr'><strong>aut</strong></span> <span class='ocrx_word' id='word_1_297' title='bbox 1561 1971 1721 2040; x_wconf 91' lang='lat' dir='ltr'><strong>lapidi</strong></span> <span class='ocrx_word' id='word_1_298' title='bbox 1777 1973 2059 2041; x_wconf 68' lang='lat' dir='ltr'><strong>sculptura</strong></span> 
     </span>
    </p>
   </div>
   <div class='ocr_carea' id='block_1_38' title="bbox 2166 1964 3740 2041">
    <p class='ocr_par' dir='ltr' id='par_1_38' title="bbox 2169 1964 3740 2040">
     <span class='ocr_line' id='line_1_38' title="bbox 2169 1964 3740 2040; baseline -0.011 -9"><span class='ocrx_word' id='word_1_299' title='bbox 2169 1979 2263 2031; x_wconf 73' lang='grc' dir='ltr'>καὶ</span> <span class='ocrx_word' id='word_1_300' title='bbox 2289 1978 2347 2030; x_wconf 85' lang='grc' dir='ltr'><strong>τὺ</strong></span> <span class='ocrx_word' id='word_1_301' title='bbox 2373 1977 2512 2030; x_wconf 85' lang='grc' dir='ltr'>Οεῖον</span> <span class='ocrx_word' id='word_1_302' title='bbox 2531 1976 2692 2040; x_wconf 86' lang='grc' dir='ltr'>Θεός;</span> <span class='ocrx_word' id='word_1_303' title='bbox 2721 1977 2828 2029; x_wconf 77' lang='grc' dir='ltr'>Καὶ</span> <span class='ocrx_word' id='word_1_304' title='bbox 2855 1977 2883 2027; x_wconf 86' lang='lat'><strong>6</strong></span> <span class='ocrx_word' id='word_1_305' title='bbox 2909 1972 3028 2026; x_wconf 75' lang='grc' dir='ltr'><strong>Ἰὼϐ</strong></span> <span class='ocrx_word' id='word_1_306' title='bbox 3047 1974 3098 2024; x_wconf 80' lang='grc' dir='ltr'><strong>δὲ</strong></span> <span class='ocrx_word' id='word_1_307' title='bbox 3119 1971 3257 2023; x_wconf 81' lang='grc' dir='ltr'>θεῖον</span> <span class='ocrx_word' id='word_1_308' title='bbox 3279 1966 3402 2020; x_wconf 77' lang='grc' dir='ltr'>εἷπε</span> <span class='ocrx_word' id='word_1_309' title='bbox 3422 1967 3488 2020; x_wconf 77' lang='grc' dir='ltr'><strong>τὸ</strong></span> <span class='ocrx_word' id='word_1_310' title='bbox 3511 1964 3740 2033; x_wconf 80' lang='grc' dir='ltr'>Πνεῦμα,</span> 
     </span>
    </p>
   </div>
   <div class='ocr_carea' id='block_1_39' title="bbox 493 2061 2071 2129">
    <p class='ocr_par' dir='ltr' id='par_1_39' title="bbox 493 2061 2071 2129">
     <span class='ocr_line' id='line_1_39' title="bbox 493 2061 2071 2129; baseline 0.004 -17"><span class='ocrx_word' id='word_1_311' title='bbox 493 2062 630 2114; x_wconf 92' lang='lat' dir='ltr'><strong>artis</strong></span> <span class='ocrx_word' id='word_1_312' title='bbox 689 2069 742 2114; x_wconf 90' lang='lat' dir='ltr'><strong>et</strong></span> <span class='ocrx_word' id='word_1_313' title='bbox 806 2061 1154 2129; x_wconf 80' lang='lat' dir='ltr'><strong>cogitationis</strong></span> <span class='ocrx_word' id='word_1_314' title='bbox 1219 2062 1455 2116; x_wconf 91' lang='lat' dir='ltr'><strong>hominis</strong></span> <span class='ocrx_word' id='word_1_315' title='bbox 1527 2061 1773 2115; x_wconf 82' lang='lat' dir='ltr'><strong>divinum</strong></span> <span class='ocrx_word' id='word_1_316' title='bbox 1822 2078 1945 2117; x_wconf 89' lang='lat' dir='ltr'><strong>esse</strong></span> <span class='ocrx_word' id='word_1_317' title='bbox 1996 2065 2071 2118; x_wconf 90' lang='lat' dir='ltr'><strong>si-</strong></span> 
     </span>
    </p>
   </div>
   <div class='ocr_carea' id='block_1_40' title="bbox 493 2151 2069 2216">
    <p class='ocr_par' dir='ltr' id='par_1_40' title="bbox 493 2151 2069 2216">
     <span class='ocr_line' id='line_1_40' title="bbox 493 2151 2069 2216; baseline 0.003 -12"><span class='ocrx_word' id='word_1_318' title='bbox 493 2153 618 2205; x_wconf 87' lang='lat' dir='ltr'><strong>mile</strong></span> <span class='ocrx_word' id='word_1_319' title='bbox 648 2153 713 2205; x_wconf 83' lang='lat'><strong>&quot;.</strong></span> <span class='ocrx_word' id='word_1_320' title='bbox 755 2172 773 2204; x_wconf 73' lang='grc' dir='ltr'>ι</span> <span class='ocrx_word' id='word_1_321' title='bbox 813 2151 998 2205; x_wconf 81' lang='lat' dir='ltr'><strong>Viden‘</strong></span> <span class='ocrx_word' id='word_1_322' title='bbox 1037 2164 1090 2205; x_wconf 89' lang='grc' dir='ltr'>ιιι</span> <span class='ocrx_word' id='word_1_323' title='bbox 1129 2152 1266 2206; x_wconf 83' lang='lat' dir='ltr'><strong>Deus</strong></span> <span class='ocrx_word' id='word_1_324' title='bbox 1301 2153 1566 2216; x_wconf 87' lang='lat' dir='ltr'><strong>divinum,</strong></span> <span class='ocrx_word' id='word_1_325' title='bbox 1597 2163 1650 2209; x_wconf 93' lang='lat' dir='ltr'><strong>et</strong></span> <span class='ocrx_word' id='word_1_326' title='bbox 1693 2154 1936 2207; x_wconf 90' lang='lat' dir='ltr'><strong>divinum</strong></span> <span class='ocrx_word' id='word_1_327' title='bbox 1985 2155 2069 2209; x_wconf 91' lang='lat' dir='ltr'><strong>di-</strong></span> 
     </span>
    </p>
   </div>
   <div class='ocr_carea' id='block_1_41' title="bbox 490 2243 2062 2313">
    <p class='ocr_par' dir='ltr' id='par_1_41' title="bbox 490 2243 2062 2313">
     <span class='ocr_line' id='line_1_41' title="bbox 490 2243 2062 2313; baseline 0.001 -16"><span class='ocrx_word' id='word_1_328' title='bbox 490 2252 647 2297; x_wconf 84' lang='lat' dir='ltr'><strong>catur</strong></span> <span class='ocrx_word' id='word_1_329' title='bbox 680 2243 851 2298; x_wconf 83' lang='lat' dir='ltr'><strong>Deus?</strong></span> <span class='ocrx_word' id='word_1_330' title='bbox 887 2243 988 2296; x_wconf 85' lang='lat' dir='ltr'><strong>Job</strong></span> <span class='ocrx_word' id='word_1_331' title='bbox 1025 2259 1240 2313; x_wconf 86' lang='lat' dir='ltr'><strong>quoque</strong></span> <span class='ocrx_word' id='word_1_332' title='bbox 1287 2243 1549 2313; x_wconf 87' lang='lat' dir='ltr'><strong>Spiritum</strong></span> <span class='ocrx_word' id='word_1_333' title='bbox 1597 2246 1731 2299; x_wconf 53' lang='lat' dir='ltr'><strong>dixit</strong></span> <span class='ocrx_word' id='word_1_334' title='bbox 1787 2247 2062 2311; x_wconf 83' lang='lat' dir='ltr'><strong>divinum,</strong></span> 
     </span>
    </p>
   </div>
   <div class='ocr_carea' id='block_1_42' title="bbox 491 2337 2062 2408">
    <p class='ocr_par' dir='ltr' id='par_1_42' title="bbox 491 2337 2062 2408">
     <span class='ocr_line' id='line_1_42' title="bbox 491 2337 2062 2408; baseline 0.003 -20"><span class='ocrx_word' id='word_1_335' title='bbox 491 2352 614 2389; x_wconf 88' lang='lat' dir='ltr'><strong>cum</strong></span> <span class='ocrx_word' id='word_1_336' title='bbox 653 2337 727 2389; x_wconf 87' lang='lat' dir='ltr'><strong>ait</strong></span> <span class='ocrx_word' id='word_1_337' title='bbox 761 2356 772 2389; x_wconf 87' lang='lat'>:</span> <span class='ocrx_word' id='word_1_338' title='bbox 827 2355 844 2386; x_wconf 82' lang='grc' dir='ltr'>ι</span> <span class='ocrx_word' id='word_1_339' title='bbox 894 2338 1032 2390; x_wconf 81' lang='lat' dir='ltr'><strong>Vivit</strong></span> <span class='ocrx_word' id='word_1_340' title='bbox 1066 2337 1362 2400; x_wconf 84' lang='lat' dir='ltr'><strong>Dominus,</strong></span> <span class='ocrx_word' id='word_1_341' title='bbox 1398 2343 1490 2407; x_wconf 92' lang='lat' dir='ltr'><strong>qui</strong></span> <span class='ocrx_word' id='word_1_342' title='bbox 1529 2342 1598 2392; x_wconf 88' lang='lat' dir='ltr'><strong>ita</strong></span> <span class='ocrx_word' id='word_1_343' title='bbox 1644 2355 1729 2392; x_wconf 88' lang='lat' dir='ltr'><strong>me</strong></span> <span class='ocrx_word' id='word_1_344' title='bbox 1775 2339 2062 2408; x_wconf 80' lang='lat' dir='ltr'><strong>judicavit,</strong></span> 
     </span>
    </p>
   </div>
   <div class='ocr_carea' id='block_1_43' title="bbox 487 2429 2061 2497">
    <p class='ocr_par' dir='ltr' id='par_1_43' title="bbox 487 2429 2061 2497">
     <span class='ocr_line' id='line_1_43' title="bbox 487 2429 2061 2497; baseline 0.003 -17"><span class='ocrx_word' id='word_1_345' title='bbox 487 2437 546 2480; x_wconf 86' lang='lat' dir='ltr'><strong>et</strong></span> <span class='ocrx_word' id='word_1_346' title='bbox 596 2432 971 2495; x_wconf 84' lang='lat' dir='ltr'><strong>omnipotens,</strong></span> <span class='ocrx_word' id='word_1_347' title='bbox 1023 2429 1115 2497; x_wconf 91' lang='lat' dir='ltr'><strong>qui</strong></span> <span class='ocrx_word' id='word_1_348' title='bbox 1175 2429 1538 2484; x_wconf 86' lang='lat' dir='ltr'><strong>amaritudine</strong></span> <span class='ocrx_word' id='word_1_349' title='bbox 1594 2431 1770 2484; x_wconf 72' lang='lat' dir='ltr'><strong>allecit</strong></span> <span class='ocrx_word' id='word_1_350' title='bbox 1826 2432 2061 2484; x_wconf 80' lang='lat' dir='ltr'><strong>animant</strong></span> 
     </span>
    </p>
   </div>
   <div class='ocr_carea' id='block_1_44' title="bbox 493 2520 2061 2591">
    <p class='ocr_par' dir='ltr' id='par_1_44' title="bbox 493 2520 2061 2591">
     <span class='ocr_line' id='line_1_44' title="bbox 493 2520 2061 2591; baseline 0.005 -22"><span class='ocrx_word' id='word_1_351' title='bbox 493 2533 688 2572; x_wconf 80' lang='lat' dir='ltr'><strong>meant.</strong></span> <span class='ocrx_word' id='word_1_352' title='bbox 722 2520 968 2585; x_wconf 83' lang='lat' dir='ltr'><strong>Quandiu</strong></span> <span class='ocrx_word' id='word_1_353' title='bbox 1007 2533 1258 2589; x_wconf 77' lang='lat' dir='ltr'><strong>superest</strong></span> <span class='ocrx_word' id='word_1_354' title='bbox 1288 2523 1338 2574; x_wconf 91' lang='lat' dir='ltr'><strong>in</strong></span> <span class='ocrx_word' id='word_1_355' title='bbox 1371 2537 1454 2573; x_wconf 79' lang='lat' dir='ltr'><strong>Ine</strong></span> <span class='ocrx_word' id='word_1_356' title='bbox 1491 2523 1708 2585; x_wconf 81' lang='lat' dir='ltr'><strong>halitus,</strong></span> <span class='ocrx_word' id='word_1_357' title='bbox 1742 2531 1795 2574; x_wconf 88' lang='lat' dir='ltr'><strong>et</strong></span> <span class='ocrx_word' id='word_1_358' title='bbox 1827 2521 2061 2591; x_wconf 85' lang='lat' dir='ltr'><strong>Spiritus</strong></span> 
     </span>
    </p>
   </div>
   <div class='ocr_carea' id='block_1_45' title="bbox 2166 2054 3742 2139">
    <p class='ocr_par' dir='ltr' id='par_1_45' title="bbox 2166 2054 3742 2139">
     <span class='ocr_line' id='line_1_45' title="bbox 2166 2054 3742 2139; baseline -0.01 -17"><span class='ocrx_word' id='word_1_359' title='bbox 2166 2068 2340 2132; x_wconf 70' lang='grc' dir='ltr'>οὕτως</span> <span class='ocrx_word' id='word_1_360' title='bbox 2376 2068 2547 2136; x_wconf 83' lang='grc' dir='ltr'>λέγων</span> <span class='ocrx_word' id='word_1_361' title='bbox 2567 2085 2579 2097; x_wconf 65' lang='grc' dir='ltr'>θ</span> <span class='ocrx_word' id='word_1_362' title='bbox 2620 2087 2638 2119; x_wconf 80' lang='grc' dir='ltr'>ι</span> <span class='ocrx_word' id='word_1_363' title='bbox 2670 2071 2744 2139; x_wconf 81' lang='grc' dir='ltr'><strong>Ζῇ</strong></span> <span class='ocrx_word' id='word_1_364' title='bbox 2770 2067 2992 2138; x_wconf 80' lang='grc' dir='ltr'>Κύριος,</span> <span class='ocrx_word' id='word_1_365' title='bbox 3015 2065 3072 2128; x_wconf 82' lang='grc' dir='ltr'><strong>ὃς</strong></span> <span class='ocrx_word' id='word_1_366' title='bbox 3094 2063 3232 2117; x_wconf 75' lang='grc' dir='ltr'>οὕτω</span> <span class='ocrx_word' id='word_1_367' title='bbox 3273 2077 3339 2131; x_wconf 88' lang='grc' dir='ltr'><strong>με</strong></span> <span class='ocrx_word' id='word_1_368' title='bbox 3388 2059 3639 2128; x_wconf 81' lang='grc' dir='ltr'>κέκρικε,</span> <span class='ocrx_word' id='word_1_369' title='bbox 3661 2054 3742 2106; x_wconf 68' lang='grc' dir='ltr'>καὶ</span> 
     </span>
    </p>
   </div>
   <div class='ocr_carea' id='block_1_46' title="bbox 2165 2147 3741 2232">
    <p class='ocr_par' dir='ltr' id='par_1_46' title="bbox 2165 2147 3741 2232">
     <span class='ocr_line' id='line_1_46' title="bbox 2165 2147 3741 2232; baseline -0.004 -19"><span class='ocrx_word' id='word_1_370' title='bbox 2165 2163 2194 2214; x_wconf 88' lang='lat'><strong>6</strong></span> <span class='ocrx_word' id='word_1_371' title='bbox 2221 2161 2636 2232; x_wconf 79' lang='grc' dir='ltr'>παντοκράτωρ,</span> <span class='ocrx_word' id='word_1_372' title='bbox 2683 2161 2712 2211; x_wconf 87' lang='lat'><strong>6</strong></span> <span class='ocrx_word' id='word_1_373' title='bbox 2744 2155 3014 2230; x_wconf 79' lang='grc' dir='ltr'>πικρἀνας</span> <span class='ocrx_word' id='word_1_374' title='bbox 3066 2174 3165 2226; x_wconf 92' lang='grc' dir='ltr'><strong>μου</strong></span> <span class='ocrx_word' id='word_1_375' title='bbox 3201 2155 3298 2224; x_wconf 72' lang='grc' dir='ltr'>τὴν</span> <span class='ocrx_word' id='word_1_376' title='bbox 3340 2152 3548 2222; x_wconf 69' lang='grc' dir='ltr'>ψυχήν.</span> <span class='ocrx_word' id='word_1_377' title='bbox 3583 2150 3642 2201; x_wconf 68' lang='grc' dir='ltr'><strong>ΕΞ</strong></span> <span class='ocrx_word' id='word_1_378' title='bbox 3678 2147 3741 2216; x_wconf 72' lang='grc' dir='ltr'>μὴ</span> 
     </span>
    </p>
   </div>
   <div class='ocr_carea' id='block_1_47' title="bbox 2171 2240 3740 2324">
    <p class='ocr_par' dir='ltr' id='par_1_47' title="bbox 2171 2240 3740 2324">
     <span class='ocr_line' id='line_1_47' title="bbox 2171 2240 3740 2324; baseline -0.01 -19"><span class='ocrx_word' id='word_1_379' title='bbox 2171 2252 2249 2306; x_wconf 79' lang='grc' dir='ltr'><strong>ἔτι</strong></span> <span class='ocrx_word' id='word_1_380' title='bbox 2269 2254 2365 2324; x_wconf 79' lang='grc' dir='ltr'><strong>τῆς</strong></span> <span class='ocrx_word' id='word_1_381' title='bbox 2385 2254 2552 2322; x_wconf 70' lang='grc' dir='ltr'>πνοῆς</span> <span class='ocrx_word' id='word_1_382' title='bbox 2573 2270 2660 2323; x_wconf 89' lang='grc' dir='ltr'><strong>μοι</strong></span> <span class='ocrx_word' id='word_1_383' title='bbox 2683 2252 2926 2322; x_wconf 74' lang='grc' dir='ltr'>ἐνούσης,</span> <span class='ocrx_word' id='word_1_384' title='bbox 2945 2250 3173 2318; x_wconf 85' lang='grc' dir='ltr'>Πνεῦμα</span> <span class='ocrx_word' id='word_1_385' title='bbox 3187 2247 3241 2298; x_wconf 81' lang='grc' dir='ltr'><strong>δὲ</strong></span> <span class='ocrx_word' id='word_1_386' title='bbox 3263 2246 3406 2297; x_wconf 82' lang='grc' dir='ltr'>Θεῖόν</span> <span class='ocrx_word' id='word_1_387' title='bbox 3432 2261 3528 2313; x_wconf 77' lang='grc' dir='ltr'><strong>μοι</strong></span> <span class='ocrx_word' id='word_1_388' title='bbox 3545 2244 3602 2294; x_wconf 82' lang='grc' dir='ltr'>ὲν</span> <span class='ocrx_word' id='word_1_389' title='bbox 3619 2240 3740 2309; x_wconf 74' lang='grc' dir='ltr'>ῥισὶ,</span> 
     </span>
    </p>
   </div>
   <div class='ocr_carea' id='block_1_48' title="bbox 2175 2335 3736 2416">
    <p class='ocr_par' dir='ltr' id='par_1_48' title="bbox 2175 2335 3736 2416">
     <span class='ocr_line' id='line_1_48' title="bbox 2175 2335 3736 2416; baseline -0.008 -19"><span class='ocrx_word' id='word_1_390' title='bbox 2175 2345 2249 2416; x_wconf 81' lang='grc' dir='ltr'><strong>μὴ</strong></span> <span class='ocrx_word' id='word_1_391' title='bbox 2282 2346 2511 2415; x_wconf 79' lang='grc' dir='ltr'>λαλῆσαι</span> <span class='ocrx_word' id='word_1_392' title='bbox 2537 2347 2596 2399; x_wconf 77' lang='grc' dir='ltr'><strong>τὸ</strong></span> <span class='ocrx_word' id='word_1_393' title='bbox 2634 2346 2806 2415; x_wconf 82' lang='grc' dir='ltr'>στόμα</span> <span class='ocrx_word' id='word_1_394' title='bbox 2848 2362 2946 2414; x_wconf 88' lang='grc' dir='ltr'><strong>μου</strong></span> <span class='ocrx_word' id='word_1_395' title='bbox 2976 2343 3154 2396; x_wconf 82' lang='grc' dir='ltr'>ἄδικα·</span> <span class='ocrx_word' id='word_1_396' title='bbox 3189 2357 3334 2392; x_wconf 73' lang='grc' dir='ltr'><strong>ι-ς</strong></span> <span class='ocrx_word' id='word_1_397' title='bbox 3370 2340 3445 2406; x_wconf 79' lang='grc' dir='ltr'><strong>Ζῇ</strong></span> <span class='ocrx_word' id='word_1_398' title='bbox 3479 2335 3680 2404; x_wconf 74' lang='grc' dir='ltr'>Κύριος</span> <span class='ocrx_word' id='word_1_399' title='bbox 3720 2350 3736 2381; x_wconf 71' lang='grc' dir='ltr'>ι</span> 
     </span>
    </p>
   </div>
   <div class='ocr_carea' id='block_1_49' title="bbox 2169 2424 3736 2502">
    <p class='ocr_par' dir='ltr' id='par_1_49' title="bbox 2169 2424 3736 2502">
     <span class='ocr_line' id='line_1_49' title="bbox 2169 2424 3736 2502; baseline -0.006 -17"><span class='ocrx_word' id='word_1_400' title='bbox 2169 2433 2360 2502; x_wconf 78' lang='grc' dir='ltr'>λέγων,</span> <span class='ocrx_word' id='word_1_401' title='bbox 2379 2435 2469 2488; x_wconf 85' lang='grc' dir='ltr'>τὸν</span> <span class='ocrx_word' id='word_1_402' title='bbox 2506 2435 2651 2488; x_wconf 83' lang='grc' dir='ltr'>Υἰόν·</span> <span class='ocrx_word' id='word_1_403' title='bbox 2677 2436 2770 2488; x_wconf 72' lang='grc' dir='ltr'><strong>καὶ</strong></span> <span class='ocrx_word' id='word_1_404' title='bbox 2797 2453 2815 2484; x_wconf 81' lang='grc' dir='ltr'>ι</span> <span class='ocrx_word' id='word_1_405' title='bbox 2845 2437 2872 2486; x_wconf 91' lang='lat'><strong>6</strong></span> <span class='ocrx_word' id='word_1_406' title='bbox 2902 2431 3316 2502; x_wconf 72' lang='grc' dir='ltr'>παντοκράτωρ,</span> <span class='ocrx_word' id='word_1_407' title='bbox 3345 2448 3363 2479; x_wconf 75' lang='grc' dir='ltr'>ι</span> <span class='ocrx_word' id='word_1_408' title='bbox 3386 2428 3478 2479; x_wconf 71' lang='grc' dir='ltr'><strong>τὸν</strong></span> <span class='ocrx_word' id='word_1_409' title='bbox 3510 2424 3736 2478; x_wconf 76' lang='grc' dir='ltr'>Π-ατέω⁸</span> 
     </span>
    </p>
   </div>
   <div class='ocr_carea' id='block_1_50' title="bbox 2174 2519 3490 2597">
    <p class='ocr_par' dir='ltr' id='par_1_50' title="bbox 2174 2519 3490 2597">
     <span class='ocr_line' id='line_1_50' title="bbox 2174 2519 3490 2597; baseline -0.006 -21"><span class='ocrx_word' id='word_1_410' title='bbox 2174 2544 2192 2576; x_wconf 80' lang='grc' dir='ltr'>ι</span> <span class='ocrx_word' id='word_1_411' title='bbox 2233 2526 2455 2597; x_wconf 80' lang='grc' dir='ltr'>Πνεῦμα</span> <span class='ocrx_word' id='word_1_412' title='bbox 2503 2527 2564 2578; x_wconf 77' lang='grc' dir='ltr'><strong>τὸ</strong></span> <span class='ocrx_word' id='word_1_413' title='bbox 2615 2525 2775 2588; x_wconf 83' lang='grc' dir='ltr'>θεῖον,</span> <span class='ocrx_word' id='word_1_414' title='bbox 2813 2545 2831 2576; x_wconf 75' lang='grc' dir='ltr'>ι</span> <span class='ocrx_word' id='word_1_415' title='bbox 2874 2525 2932 2576; x_wconf 83' lang='grc' dir='ltr'>τὸ</span> <span class='ocrx_word' id='word_1_416' title='bbox 2967 2523 3190 2592; x_wconf 81' lang='grc' dir='ltr'>Πνεῦμα</span> <span class='ocrx_word' id='word_1_417' title='bbox 3222 2521 3283 2572; x_wconf 74' lang='grc' dir='ltr'><strong>τὸ</strong></span> <span class='ocrx_word' id='word_1_418' title='bbox 3312 2519 3490 2586; x_wconf 67' lang='grc' dir='ltr'>ἅγιον.</span> 
     </span>
    </p>
   </div>
   <div class='ocr_carea' id='block_1_51' title="bbox 486 2608 3734 2684">
    <p class='ocr_par' dir='ltr' id='par_1_51' title="bbox 486 2608 3734 2684">
     <span class='ocr_line' id='line_1_51' title="bbox 486 2608 3734 2684; baseline -0 -22"><span class='ocrx_word' id='word_1_419' title='bbox 486 2609 707 2666; x_wconf 86' lang='lat' dir='ltr'><strong>divinus</strong></span> <span class='ocrx_word' id='word_1_420' title='bbox 745 2616 796 2664; x_wconf 90' lang='lat' dir='ltr'><strong>in</strong></span> <span class='ocrx_word' id='word_1_421' title='bbox 829 2613 1050 2666; x_wconf 88' lang='lat' dir='ltr'><strong>naribus</strong></span> <span class='ocrx_word' id='word_1_422' title='bbox 1085 2614 1234 2670; x_wconf 78' lang='lat' dir='ltr'><strong>meis.</strong></span> <span class='ocrx_word' id='word_1_423' title='bbox 1271 2628 1336 2665; x_wconf 89' lang='lat' dir='ltr'><strong>ne</strong></span> <span class='ocrx_word' id='word_1_424' title='bbox 1368 2615 1618 2682; x_wconf 84' lang='lat' dir='ltr'><strong>loquatur</strong></span> <span class='ocrx_word' id='word_1_425' title='bbox 1644 2631 1706 2668; x_wconf 91' lang='lat' dir='ltr'><strong>os</strong></span> <span class='ocrx_word' id='word_1_426' title='bbox 1751 2632 1930 2668; x_wconf 89' lang='lat' dir='ltr'><strong>meum</strong></span> <span class='ocrx_word' id='word_1_427' title='bbox 1962 2617 2301 2684; x_wconf 89' lang='lat' dir='ltr'><strong>iniquitatem</strong></span> <span class='ocrx_word' id='word_1_428' title='bbox 2332 2620 2396 2670; x_wconf 80' lang='grc'><strong>⁷³.</strong></span> <span class='ocrx_word' id='word_1_429' title='bbox 2437 2639 2453 2670; x_wconf 79' lang='grc' dir='ltr'>ι</span> <span class='ocrx_word' id='word_1_430' title='bbox 2485 2619 2618 2672; x_wconf 81' lang='lat' dir='ltr'><strong>Cum</strong></span> <span class='ocrx_word' id='word_1_431' title='bbox 2646 2621 2757 2671; x_wconf 81' lang='lat' dir='ltr'><strong>ait:</strong></span> <span class='ocrx_word' id='word_1_432' title='bbox 2795 2640 2813 2667; x_wconf 75' lang='grc' dir='ltr'>ι</span> <span class='ocrx_word' id='word_1_433' title='bbox 2855 2616 2998 2670; x_wconf 68' lang='lat' dir='ltr'><strong>Viiit</strong></span> <span class='ocrx_word' id='word_1_434' title='bbox 3061 2615 3347 2677; x_wconf 84' lang='lat' dir='ltr'><strong>Dominus,</strong></span> <span class='ocrx_word' id='word_1_435' title='bbox 3414 2630 3432 2663; x_wconf 76' lang='grc' dir='ltr'>ι</span> <span class='ocrx_word' id='word_1_436' title='bbox 3509 2608 3734 2663; x_wconf 83' lang='lat' dir='ltr'><strong>Filium:</strong></span> 
     </span>
    </p>
   </div>
   <div class='ocr_carea' id='block_1_52' title="bbox 489 2705 3035 2783">
    <p class='ocr_par' dir='ltr' id='par_1_52' title="bbox 489 2705 3035 2783">
     <span class='ocr_line' id='line_1_52' title="bbox 489 2705 3035 2783; baseline 0.001 -23"><span class='ocrx_word' id='word_1_437' title='bbox 489 2721 637 2768; x_wconf 85' lang='lat' dir='ltr'><strong>cum,</strong></span> <span class='ocrx_word' id='word_1_438' title='bbox 671 2725 686 2756; x_wconf 87' lang='grc' dir='ltr'>ι</span> <span class='ocrx_word' id='word_1_439' title='bbox 723 2705 1098 2776; x_wconf 79' lang='lat' dir='ltr'><strong>Omnipotens,</strong></span> <span class='ocrx_word' id='word_1_440' title='bbox 1141 2728 1159 2758; x_wconf 77' lang='grc' dir='ltr'>ι</span> <span class='ocrx_word' id='word_1_441' title='bbox 1194 2706 1406 2760; x_wconf 87' lang='lat' dir='ltr'><strong>Patrem</strong></span> <span class='ocrx_word' id='word_1_442' title='bbox 1438 2727 1450 2761; x_wconf 92' lang='lat'>:</span> <span class='ocrx_word' id='word_1_443' title='bbox 1487 2725 1612 2762; x_wconf 80' lang='lat' dir='ltr'><strong>cuin</strong></span> <span class='ocrx_word' id='word_1_444' title='bbox 1651 2729 1667 2759; x_wconf 88' lang='grc' dir='ltr'>ι</span> <span class='ocrx_word' id='word_1_445' title='bbox 1707 2710 1943 2778; x_wconf 80' lang='lat' dir='ltr'><strong>Spiritus</strong></span> <span class='ocrx_word' id='word_1_446' title='bbox 1974 2711 2212 2776; x_wconf 83' lang='lat' dir='ltr'><strong>divinus,</strong></span> <span class='ocrx_word' id='word_1_447' title='bbox 2250 2733 2268 2765; x_wconf 71' lang='grc' dir='ltr'>ι</span> <span class='ocrx_word' id='word_1_448' title='bbox 2300 2713 2560 2783; x_wconf 77' lang='lat' dir='ltr'><strong>Spiritum</strong></span> <span class='ocrx_word' id='word_1_449' title='bbox 2593 2722 2837 2766; x_wconf 82' lang='lat' dir='ltr'><strong>sanctum</strong></span> <span class='ocrx_word' id='word_1_450' title='bbox 2863 2718 3035 2764; x_wconf 87' lang='lat' dir='ltr'><strong>notat.</strong></span> 
     </span>
    </p>
   </div>
   <div class='ocr_carea' id='block_1_53' title="bbox 566 2799 2061 2872">
    <p class='ocr_par' dir='ltr' id='par_1_53' title="bbox 566 2799 2061 2872">
     <span class='ocr_line' id='line_1_53' title="bbox 566 2799 2061 2872; baseline 0.005 -18"><span class='ocrx_word' id='word_1_451' title='bbox 566 2801 649 2855; x_wconf 82' lang='lat' dir='ltr'><strong>l6.</strong></span> <span class='ocrx_word' id='word_1_452' title='bbox 717 2799 920 2855; x_wconf 75' lang='lat' dir='ltr'><strong>Maced.</strong></span> <span class='ocrx_word' id='word_1_453' title='bbox 976 2799 1102 2854; x_wconf 89' lang='lat' dir='ltr'><strong>Tria</strong></span> <span class='ocrx_word' id='word_1_454' title='bbox 1175 2804 1338 2871; x_wconf 73' lang='lat' dir='ltr'><strong>igitur</strong></span> <span class='ocrx_word' id='word_1_455' title='bbox 1394 2805 1620 2872; x_wconf 65' lang='lat' dir='ltr'><strong>aequalia</strong></span> <span class='ocrx_word' id='word_1_456' title='bbox 1675 2805 1854 2858; x_wconf 78' lang='lat' dir='ltr'><strong>dicis?</strong></span> <span class='ocrx_word' id='word_1_457' title='bbox 1906 2805 2061 2861; x_wconf 76' lang='lat' dir='ltr'><strong>Ot&#39;l/t.</strong></span> 
     </span>
    </p>
   </div>
   <div class='ocr_carea' id='block_1_54' title="bbox 489 2891 2057 2962">
    <p class='ocr_par' dir='ltr' id='par_1_54' title="bbox 489 2891 2057 2962">
     <span class='ocr_line' id='line_1_54' title="bbox 489 2891 2057 2962; baseline 0.003 -16"><span class='ocrx_word' id='word_1_458' title='bbox 489 2891 608 2946; x_wconf 81' lang='lat' dir='ltr'><strong>Non</strong></span> <span class='ocrx_word' id='word_1_459' title='bbox 647 2901 990 2962; x_wconf 87' lang='lat' dir='ltr'><strong>patcrmtate.</strong></span> <span class='ocrx_word' id='word_1_460' title='bbox 1021 2910 1126 2946; x_wconf 90' lang='lat' dir='ltr'><strong>non</strong></span> <span class='ocrx_word' id='word_1_461' title='bbox 1161 2896 1441 2956; x_wconf 82' lang='lat' dir='ltr'><strong>liliatione,</strong></span> <span class='ocrx_word' id='word_1_462' title='bbox 1471 2896 1564 2948; x_wconf 87' lang='lat' dir='ltr'><strong>sed</strong></span> <span class='ocrx_word' id='word_1_463' title='bbox 1603 2908 1813 2948; x_wconf 88' lang='lat' dir='ltr'><strong>natura.</strong></span> <span class='ocrx_word' id='word_1_464' title='bbox 1849 2895 2057 2950; x_wconf 78' lang='lat' dir='ltr'><strong>Maccd.</strong></span> 
     </span>
    </p>
   </div>
   <div class='ocr_carea' id='block_1_55' title="bbox 489 2981 2058 3061">
    <p class='ocr_par' dir='ltr' id='par_1_55' title="bbox 489 2981 2058 3061">
     <span class='ocr_line' id='line_1_55' title="bbox 489 2981 2058 3061; baseline 0.007 -32"><span class='ocrx_word' id='word_1_465' title='bbox 489 2981 776 3046; x_wconf 80' lang='lat' dir='ltr'><strong>Quomodo</strong></span> <span class='ocrx_word' id='word_1_466' title='bbox 808 2983 906 3034; x_wconf 83' lang='lat' dir='ltr'><strong>hoc</strong></span> <span class='ocrx_word' id='word_1_467' title='bbox 941 2982 1052 3034; x_wconf 82' lang='lat' dir='ltr'><strong>ﬁeri</strong></span> <span class='ocrx_word' id='word_1_468' title='bbox 1089 2983 1306 3050; x_wconf 76' lang='lat' dir='ltr'><strong>potest?</strong></span> <span class='ocrx_word' id='word_1_469' title='bbox 1335 2981 1495 3061; x_wconf 25' lang='lat' dir='ltr'><strong>.Orth.</strong></span> <span class='ocrx_word' id='word_1_470' title='bbox 1532 2981 1598 3036; x_wconf 90' lang='lat' dir='ltr'><strong>Ut</strong></span> <span class='ocrx_word' id='word_1_471' title='bbox 1634 2993 1913 3038; x_wconf 78' lang='lat' dir='ltr'><strong>ostensum</strong></span> <span class='ocrx_word' id='word_1_472' title='bbox 1956 2996 2058 3040; x_wconf 85' lang='lat' dir='ltr'><strong>est.</strong></span> 
     </span>
    </p>
   </div>
   <div class='ocr_carea' id='block_1_56' title="bbox 2246 2792 3738 2878">
    <p class='ocr_par' dir='ltr' id='par_1_56' title="bbox 2246 2792 3738 2878">
     <span class='ocr_line' id='line_1_56' title="bbox 2246 2792 3738 2878; baseline -0.011 -16"><span class='ocrx_word' id='word_1_473' title='bbox 2246 2809 2330 2862; x_wconf 81' lang='lat' dir='ltr'><strong>l6.</strong></span> <span class='ocrx_word' id='word_1_474' title='bbox 2361 2807 2580 2862; x_wconf 80' lang='grc' dir='ltr'>Μακεδ.</span> <span class='ocrx_word' id='word_1_475' title='bbox 2611 2809 2748 2878; x_wconf 77' lang='grc' dir='ltr'>Τρία</span> <span class='ocrx_word' id='word_1_476' title='bbox 2774 2802 2865 2859; x_wconf 74' lang='grc' dir='ltr'><strong>οὖν</strong></span> <span class='ocrx_word' id='word_1_477' title='bbox 2905 2807 2995 2858; x_wconf 77' lang='grc' dir='ltr'>ἶσα</span> <span class='ocrx_word' id='word_1_478' title='bbox 3013 2803 3224 2870; x_wconf 83' lang='grc' dir='ltr'>λέγεις;</span> <span class='ocrx_word' id='word_1_479' title='bbox 3264 2801 3413 2867; x_wconf 78' lang='grc' dir='ltr'>Ὀρθ.</span> <span class='ocrx_word' id='word_1_480' title='bbox 3445 2798 3533 2867; x_wconf 77' lang='grc' dir='ltr'>Τῇ</span> <span class='ocrx_word' id='word_1_481' title='bbox 3553 2792 3738 2862; x_wconf 61' lang='grc' dir='ltr'>πατρᾶ-</span> 
     </span>
    </p>
   </div>
   <div class='ocr_carea' id='block_1_57' title="bbox 2168 2883 3735 2974">
    <p class='ocr_par' dir='ltr' id='par_1_57' title="bbox 2168 2883 3735 2974">
     <span class='ocr_line' id='line_1_57' title="bbox 2168 2883 3735 2974; baseline -0.014 -19"><span class='ocrx_word' id='word_1_482' title='bbox 2168 2919 2310 2974; x_wconf 73' lang='grc' dir='ltr'>τητι,</span> <span class='ocrx_word' id='word_1_483' title='bbox 2338 2899 2428 2952; x_wconf 67' lang='grc' dir='ltr'><strong>οὔθ</strong></span> <span class='ocrx_word' id='word_1_484' title='bbox 2456 2902 2520 2969; x_wconf 83' lang='grc' dir='ltr'>τῇ</span> <span class='ocrx_word' id='word_1_485' title='bbox 2556 2898 2781 2968; x_wconf 81' lang='grc' dir='ltr'>υἱότητι,</span> <span class='ocrx_word' id='word_1_486' title='bbox 2802 2895 2861 2947; x_wconf 82' lang='grc' dir='ltr'><strong>οῦ</strong></span> <span class='ocrx_word' id='word_1_487' title='bbox 2890 2915 2899 2923; x_wconf 92' lang='grc'><strong>·</strong></span> <span class='ocrx_word' id='word_1_488' title='bbox 2929 2899 2995 2966; x_wconf 79' lang='grc' dir='ltr'><strong>τῇ</strong></span> <span class='ocrx_word' id='word_1_489' title='bbox 3031 2894 3208 2964; x_wconf 81' lang='grc' dir='ltr'>φύσει,</span> <span class='ocrx_word' id='word_1_490' title='bbox 3239 2891 3348 2944; x_wconf 76' lang='grc' dir='ltr'>ναί.</span> <span class='ocrx_word' id='word_1_491' title='bbox 3371 2887 3601 2943; x_wconf 54' lang='lat' dir='ltr'><strong>Mazaei}.</strong></span> <span class='ocrx_word' id='word_1_492' title='bbox 3625 2883 3735 2943; x_wconf 79' lang='grc' dir='ltr'>Πῶς</span> 
     </span>
    </p>
   </div>
   <div class='ocr_carea' id='block_1_58' title="bbox 2169 2979 3733 3059">
    <p class='ocr_par' dir='ltr' id='par_1_58' title="bbox 2169 2979 3733 3059">
     <span class='ocr_line' id='line_1_58' title="bbox 2169 2979 3733 3059; baseline -0.011 -14"><span class='ocrx_word' id='word_1_493' title='bbox 2169 2987 2279 3045; x_wconf 77' lang='grc' dir='ltr'>οἶόν</span> <span class='ocrx_word' id='word_1_494' title='bbox 2309 3008 2396 3054; x_wconf 91' lang='grc' dir='ltr'><strong>τε;</strong></span> <span class='ocrx_word' id='word_1_495' title='bbox 2439 2991 2584 3059; x_wconf 74' lang='grc' dir='ltr'>Ὀρθ.</span> <span class='ocrx_word' id='word_1_496' title='bbox 2622 2991 2705 3051; x_wconf 83' lang='grc' dir='ltr'>Ὠς</span> <span class='ocrx_word' id='word_1_497' title='bbox 2733 2987 3121 3040; x_wconf 77' lang='grc' dir='ltr'>ἀποδέδεικται.</span> <span class='ocrx_word' id='word_1_498' title='bbox 3152 2981 3380 3037; x_wconf 77' lang='grc' dir='ltr'>Μακεδ.</span> <span class='ocrx_word' id='word_1_499' title='bbox 3439 2980 3574 3042; x_wconf 80' lang='grc' dir='ltr'><strong>Πῶς</strong></span> <span class='ocrx_word' id='word_1_500' title='bbox 3613 2979 3733 3030; x_wconf 78' lang='grc' dir='ltr'>ἁπο-</span> 
     </span>
    </p>
   </div>
   <div class='ocr_carea' id='block_1_59' title="bbox 491 3064 2059 3148">
    <p class='ocr_par' dir='ltr' id='par_1_59' title="bbox 491 3071 2059 3148">
     <span class='ocr_line' id='line_1_59' title="bbox 491 3071 2059 3148; baseline 0.004 -22"><span class='ocrx_word' id='word_1_501' title='bbox 491 3071 705 3128; x_wconf 72' lang='grc' dir='ltr'>Μασεά.</span> <span class='ocrx_word' id='word_1_502' title='bbox 736 3073 1018 3140; x_wconf 86' lang='lat' dir='ltr'><strong>Quomodo</strong></span> <span class='ocrx_word' id='word_1_503' title='bbox 1051 3087 1330 3129; x_wconf 77' lang='lat' dir='ltr'><strong>ostensum</strong></span> <span class='ocrx_word' id='word_1_504' title='bbox 1373 3077 1486 3130; x_wconf 63' lang='lat' dir='ltr'><strong>est?</strong></span> <span class='ocrx_word' id='word_1_505' title='bbox 1517 3076 1667 3130; x_wconf 79' lang='grc' dir='ltr'><strong>ΟνιΙι.</strong></span> <span class='ocrx_word' id='word_1_506' title='bbox 1711 3077 1862 3143; x_wconf 90' lang='lat' dir='ltr'><strong>Quod</strong></span> <span class='ocrx_word' id='word_1_507' title='bbox 1897 3083 2059 3148; x_wconf 79' lang='lat' dir='ltr'><strong>Spiri-</strong></span> 
     </span>
    </p>
   </div>
   <div class='ocr_carea' id='block_1_60' title="bbox 2166 3064 3734 3148">
    <p class='ocr_par' dir='ltr' id='par_1_60' title="bbox 2167 3064 3734 3146">
     <span class='ocr_line' id='line_1_60' title="bbox 2167 3064 3734 3146; baseline -0.012 -10"><span class='ocrx_word' id='word_1_508' title='bbox 2167 3083 2468 3146; x_wconf 80' lang='grc' dir='ltr'>δὲδεικται;</span> <span class='ocrx_word' id='word_1_509' title='bbox 2507 3083 2656 3146; x_wconf 75' lang='grc' dir='ltr'>Ὀρθ.</span> <span class='ocrx_word' id='word_1_510' title='bbox 2691 3081 2811 3132; x_wconf 82' lang='grc' dir='ltr'><strong>’Ὁτι</strong></span> <span class='ocrx_word' id='word_1_511' title='bbox 2843 3078 2902 3130; x_wconf 83' lang='grc' dir='ltr'><strong>τὸ</strong></span> <span class='ocrx_word' id='word_1_512' title='bbox 2931 3076 3151 3146; x_wconf 87' lang='grc' dir='ltr'>Πνεῦμα</span> <span class='ocrx_word' id='word_1_513' title='bbox 3176 3075 3377 3144; x_wconf 77' lang='grc' dir='ltr'>ὁμοίως</span> <span class='ocrx_word' id='word_1_514' title='bbox 3421 3070 3606 3140; x_wconf 61' lang='lat' dir='ltr'><strong>&quot;arpi.</strong></span> <span class='ocrx_word' id='word_1_515' title='bbox 3654 3064 3734 3118; x_wconf 70' lang='lat' dir='ltr'><strong>ul</strong></span> 
     </span>
    </p>
   </div>
   <div class='ocr_carea' id='block_1_61' title="bbox 491 3165 2062 3241">
    <p class='ocr_par' dir='ltr' id='par_1_61' title="bbox 491 3165 2062 3241">
     <span class='ocr_line' id='line_1_61' title="bbox 491 3165 2062 3241; baseline 0.006 -23"><span class='ocrx_word' id='word_1_516' title='bbox 491 3174 580 3219; x_wconf 90' lang='lat' dir='ltr'><strong>tus</strong></span> <span class='ocrx_word' id='word_1_517' title='bbox 614 3166 837 3234; x_wconf 75' lang='lat' dir='ltr'><strong>perinde</strong></span> <span class='ocrx_word' id='word_1_518' title='bbox 882 3181 944 3219; x_wconf 90' lang='lat' dir='ltr'><strong>ac</strong></span> <span class='ocrx_word' id='word_1_519' title='bbox 989 3165 1150 3218; x_wconf 86' lang='lat' dir='ltr'><strong>Pater</strong></span> <span class='ocrx_word' id='word_1_520' title='bbox 1182 3177 1233 3219; x_wconf 91' lang='lat' dir='ltr'><strong>et</strong></span> <span class='ocrx_word' id='word_1_521' title='bbox 1273 3165 1442 3221; x_wconf 80' lang='lat' dir='ltr'><strong>Filius</strong></span> <span class='ocrx_word' id='word_1_522' title='bbox 1484 3169 1790 3222; x_wconf 84' lang='lat' dir='ltr'><strong>substantia</strong></span> <span class='ocrx_word' id='word_1_523' title='bbox 1822 3180 1874 3223; x_wconf 90' lang='lat' dir='ltr'><strong>et</strong></span> <span class='ocrx_word' id='word_1_524' title='bbox 1910 3181 2062 3241; x_wconf 87' lang='lat' dir='ltr'><strong>pote-</strong></span> 
     </span>
    </p>
   </div>
   <div class='ocr_carea' id='block_1_62' title="bbox 489 3260 2063 3331">
    <p class='ocr_par' dir='ltr' id='par_1_62' title="bbox 489 3260 2063 3331">
     <span class='ocr_line' id='line_1_62' title="bbox 489 3260 2063 3331; baseline 0.004 -21"><span class='ocrx_word' id='word_1_525' title='bbox 489 3266 632 3310; x_wconf 86' lang='lat' dir='ltr'><strong>stale</strong></span> <span class='ocrx_word' id='word_1_526' title='bbox 656 3272 709 3311; x_wconf 83' lang='lat' dir='ltr'><strong>et</strong></span> <span class='ocrx_word' id='word_1_527' title='bbox 739 3261 1016 3312; x_wconf 75' lang='lat' dir='ltr'><strong>voluntate</strong></span> <span class='ocrx_word' id='word_1_528' title='bbox 1061 3268 1110 3310; x_wconf 91' lang='lat' dir='ltr'><strong>et</strong></span> <span class='ocrx_word' id='word_1_529' title='bbox 1155 3260 1324 3328; x_wconf 76' lang='lat' dir='ltr'><strong>gloria</strong></span> <span class='ocrx_word' id='word_1_530' title='bbox 1383 3261 1582 3329; x_wconf 91' lang='lat' dir='ltr'><strong>ubique</strong></span> <span class='ocrx_word' id='word_1_531' title='bbox 1616 3264 1706 3324; x_wconf 91' lang='lat' dir='ltr'><strong>sit,</strong></span> <span class='ocrx_word' id='word_1_532' title='bbox 1746 3263 1971 3331; x_wconf 78' lang='lat' dir='ltr'><strong>perinde</strong></span> <span class='ocrx_word' id='word_1_533' title='bbox 2007 3271 2063 3316; x_wconf 91' lang='lat' dir='ltr'><strong>ut</strong></span> 
     </span>
    </p>
   </div>
   <div class='ocr_carea' id='block_1_63' title="bbox 489 3347 2062 3422">
    <p class='ocr_par' dir='ltr' id='par_1_63' title="bbox 489 3347 2062 3422">
     <span class='ocr_line' id='line_1_63' title="bbox 489 3347 2062 3422; baseline 0.004 -22"><span class='ocrx_word' id='word_1_534' title='bbox 489 3347 580 3402; x_wconf 85' lang='lat' dir='ltr'><strong>ille</strong></span> <span class='ocrx_word' id='word_1_535' title='bbox 613 3349 832 3400; x_wconf 84' lang='lat' dir='ltr'><strong>deducit</strong></span> <span class='ocrx_word' id='word_1_536' title='bbox 883 3348 948 3400; x_wconf 82' lang='lat' dir='ltr'><strong>ad</strong></span> <span class='ocrx_word' id='word_1_537' title='bbox 993 3364 1207 3402; x_wconf 89' lang='lat' dir='ltr'><strong>omnem</strong></span> <span class='ocrx_word' id='word_1_538' title='bbox 1253 3351 1553 3416; x_wconf 82' lang='lat' dir='ltr'><strong>veritatem,</strong></span> <span class='ocrx_word' id='word_1_539' title='bbox 1591 3355 1813 3422; x_wconf 86' lang='lat' dir='ltr'><strong>perinde</strong></span> <span class='ocrx_word' id='word_1_540' title='bbox 1870 3363 1929 3407; x_wconf 89' lang='lat' dir='ltr'><strong>ut</strong></span> <span class='ocrx_word' id='word_1_541' title='bbox 1974 3355 2062 3408; x_wconf 91' lang='lat' dir='ltr'><strong>ille</strong></span> 
     </span>
    </p>
   </div>
   <div class='ocr_carea' id='block_1_64' title="bbox 488 3439 2062 3508">
    <p class='ocr_par' dir='ltr' id='par_1_64' title="bbox 488 3439 2062 3508">
     <span class='ocr_line' id='line_1_64' title="bbox 488 3439 2062 3508; baseline 0.003 -15"><span class='ocrx_word' id='word_1_542' title='bbox 488 3439 830 3502; x_wconf 74' lang='lat' dir='ltr'><strong>sanctiﬁcat,</strong></span> <span class='ocrx_word' id='word_1_543' title='bbox 870 3439 1094 3508; x_wconf 89' lang='lat' dir='ltr'><strong>perinde</strong></span> <span class='ocrx_word' id='word_1_544' title='bbox 1127 3451 1182 3492; x_wconf 86' lang='lat' dir='ltr'><strong>ut</strong></span> <span class='ocrx_word' id='word_1_545' title='bbox 1216 3441 1304 3493; x_wconf 92' lang='lat' dir='ltr'><strong>ille</strong></span> <span class='ocrx_word' id='word_1_546' title='bbox 1334 3443 1515 3494; x_wconf 90' lang='lat' dir='ltr'><strong>omnia</strong></span> <span class='ocrx_word' id='word_1_547' title='bbox 1558 3447 1609 3497; x_wconf 92' lang='lat' dir='ltr'><strong>in</strong></span> <span class='ocrx_word' id='word_1_548' title='bbox 1649 3444 1904 3497; x_wconf 89' lang='lat' dir='ltr'><strong>omnibus</strong></span> <span class='ocrx_word' id='word_1_549' title='bbox 1949 3444 2062 3496; x_wconf 80' lang='lat' dir='ltr'><strong>clli-</strong></span> 
     </span>
    </p>
   </div>
   <div class='ocr_carea' id='block_1_65' title="bbox 485 3531 2056 3602">
    <p class='ocr_par' dir='ltr' id='par_1_65' title="bbox 485 3531 2056 3602">
     <span class='ocr_line' id='line_1_65' title="bbox 485 3531 2056 3602; baseline 0.004 -18"><span class='ocrx_word' id='word_1_550' title='bbox 485 3531 585 3584; x_wconf 87' lang='lat' dir='ltr'><strong>cit.</strong></span> <span class='ocrx_word' id='word_1_551' title='bbox 643 3531 887 3597; x_wconf 74' lang='lat' dir='ltr'><strong>Quorum</strong></span> <span class='ocrx_word' id='word_1_552' title='bbox 940 3543 1118 3586; x_wconf 89' lang='lat' dir='ltr'><strong>autem</strong></span> <span class='ocrx_word' id='word_1_553' title='bbox 1167 3534 1414 3602; x_wconf 86' lang='lat' dir='ltr'><strong>operatio</strong></span> <span class='ocrx_word' id='word_1_554' title='bbox 1464 3544 1549 3588; x_wconf 75' lang='lat' dir='ltr'><strong>est</strong></span> <span class='ocrx_word' id='word_1_555' title='bbox 1600 3536 1812 3595; x_wconf 80' lang='lat' dir='ltr'><strong>eadem,</strong></span> <span class='ocrx_word' id='word_1_556' title='bbox 1869 3552 2056 3591; x_wconf 85' lang='lat' dir='ltr'><strong>eorum</strong></span> 
     </span>
    </p>
   </div>
   <div class='ocr_carea' id='block_1_66' title="bbox 488 3621 2061 3697">
    <p class='ocr_par' dir='ltr' id='par_1_66' title="bbox 488 3621 2061 3697">
     <span class='ocr_line' id='line_1_66' title="bbox 488 3621 2061 3697; baseline 0.003 -21"><span class='ocrx_word' id='word_1_557' title='bbox 488 3634 680 3676; x_wconf 84' lang='lat' dir='ltr'><strong>natura</strong></span> <span class='ocrx_word' id='word_1_558' title='bbox 712 3639 928 3690; x_wconf 86' lang='lat' dir='ltr'><strong>quoque</strong></span> <span class='ocrx_word' id='word_1_559' title='bbox 963 3633 1045 3676; x_wconf 83' lang='lat' dir='ltr'><strong>est</strong></span> <span class='ocrx_word' id='word_1_560' title='bbox 1088 3625 1297 3677; x_wconf 82' lang='lat' dir='ltr'><strong>eadem.</strong></span> <span class='ocrx_word' id='word_1_561' title='bbox 1335 3621 1544 3676; x_wconf 69' lang='lat' dir='ltr'><strong>Muced.</strong></span> <span class='ocrx_word' id='word_1_562' title='bbox 1583 3624 1866 3690; x_wconf 88' lang='lat' dir='ltr'><strong>Quomodo</strong></span> <span class='ocrx_word' id='word_1_563' title='bbox 1897 3627 2061 3697; x_wconf 77' lang='lat' dir='ltr'><strong>igitur</strong></span> 
     </span>
    </p>
   </div>
   <div class='ocr_carea' id='block_1_67' title="bbox 485 3713 2058 3788">
    <p class='ocr_par' dir='ltr' id='par_1_67' title="bbox 485 3713 2058 3788">
     <span class='ocr_line' id='line_1_67' title="bbox 485 3713 2058 3788; baseline 0.005 -21"><span class='ocrx_word' id='word_1_564' title='bbox 485 3713 691 3767; x_wconf 81' lang='lat' dir='ltr'><strong>dictum</strong></span> <span class='ocrx_word' id='word_1_565' title='bbox 725 3723 807 3766; x_wconf 59' lang='lat' dir='ltr'><strong>est</strong></span> <span class='ocrx_word' id='word_1_566' title='bbox 841 3735 852 3746; x_wconf 88' lang='grc'><strong>·</strong></span> <span class='ocrx_word' id='word_1_567' title='bbox 895 3733 913 3765; x_wconf 79' lang='grc' dir='ltr'>ι</span> <span class='ocrx_word' id='word_1_568' title='bbox 950 3714 1062 3767; x_wconf 81' lang='lat' dir='ltr'><strong>Non</strong></span> <span class='ocrx_word' id='word_1_569' title='bbox 1106 3717 1353 3784; x_wconf 83' lang='lat' dir='ltr'><strong>loquetur</strong></span> <span class='ocrx_word' id='word_1_570' title='bbox 1391 3734 1420 3769; x_wconf 71' lang='grc' dir='ltr'>ει</span> <span class='ocrx_word' id='word_1_571' title='bbox 1450 3721 1650 3786; x_wconf 78' lang='lat' dir='ltr'><strong>seipso,</strong></span> <span class='ocrx_word' id='word_1_572' title='bbox 1679 3720 1770 3771; x_wconf 82' lang='lat' dir='ltr'><strong>sed</strong></span> <span class='ocrx_word' id='word_1_573' title='bbox 1801 3735 2058 3788; x_wconf 68' lang='lat' dir='ltr'><strong>qumcun-</strong></span> 
     </span>
    </p>
   </div>
   <div class='ocr_carea' id='block_1_68' title="bbox 486 3807 2058 3877">
    <p class='ocr_par' dir='ltr' id='par_1_68' title="bbox 486 3807 2058 3877">
     <span class='ocr_line' id='line_1_68' title="bbox 486 3807 2058 3877; baseline 0.007 -20"><span class='ocrx_word' id='word_1_574' title='bbox 486 3823 589 3877; x_wconf 78' lang='lat' dir='ltr'><strong>que</strong></span> <span class='ocrx_word' id='word_1_575' title='bbox 640 3807 892 3869; x_wconf 63' lang='lat' dir='ltr'><strong>audierit,</strong></span> <span class='ocrx_word' id='word_1_576' title='bbox 949 3809 1198 3875; x_wconf 78' lang='lat' dir='ltr'><strong>loquetur</strong></span> <span class='ocrx_word' id='word_1_577' title='bbox 1249 3808 1330 3861; x_wconf 73' lang='lat'><strong>7’?</strong></span> <span class='ocrx_word' id='word_1_578' title='bbox 1389 3828 1406 3860; x_wconf 69' lang='grc' dir='ltr'>ι</span> <span class='ocrx_word' id='word_1_579' title='bbox 1474 3808 1623 3863; x_wconf 85' lang='lat' dir='ltr'><strong>Ortlt.</strong></span> <span class='ocrx_word' id='word_1_580' title='bbox 1685 3809 1822 3876; x_wconf 84' lang='lat' dir='ltr'><strong>Quia</strong></span> <span class='ocrx_word' id='word_1_581' title='bbox 1891 3811 2058 3868; x_wconf 86' lang='lat' dir='ltr'><strong>Filius</strong></span> 
     </span>
    </p>
   </div>
   <div class='ocr_carea' id='block_1_69' title="bbox 483 3897 2053 3969">
    <p class='ocr_par' dir='ltr' id='par_1_69' title="bbox 483 3897 2053 3969">
     <span class='ocr_line' id='line_1_69' title="bbox 483 3897 2053 3969; baseline 0.003 -19"><span class='ocrx_word' id='word_1_582' title='bbox 483 3914 701 3968; x_wconf 77' lang='lat' dir='ltr'><strong>quoque</strong></span> <span class='ocrx_word' id='word_1_583' title='bbox 728 3907 803 3951; x_wconf 83' lang='lat' dir='ltr'><strong>ait</strong></span> <span class='ocrx_word' id='word_1_584' title='bbox 837 3918 849 3951; x_wconf 88' lang='lat'>:</span> <span class='ocrx_word' id='word_1_585' title='bbox 887 3917 904 3946; x_wconf 76' lang='grc' dir='ltr'>ι</span> <span class='ocrx_word' id='word_1_586' title='bbox 946 3897 1124 3958; x_wconf 85' lang='lat' dir='ltr'><strong>Pater,</strong></span> <span class='ocrx_word' id='word_1_587' title='bbox 1163 3905 1254 3968; x_wconf 91' lang='lat' dir='ltr'><strong>qui</strong></span> <span class='ocrx_word' id='word_1_588' title='bbox 1291 3899 1439 3951; x_wconf 76' lang='lat' dir='ltr'><strong>mi~it</strong></span> <span class='ocrx_word' id='word_1_589' title='bbox 1473 3917 1576 3964; x_wconf 83' lang='lat' dir='ltr'><strong>nte,</strong></span> <span class='ocrx_word' id='word_1_590' title='bbox 1607 3901 1864 3969; x_wconf 69' lang='lat' dir='ltr'><strong>pI&#39;IBCt&#39;pil</strong></span> <span class='ocrx_word' id='word_1_591' title='bbox 1899 3903 2053 3968; x_wconf 90' lang='lat' dir='ltr'><strong>mihi,</strong></span> 
     </span>
    </p>
   </div>
   <div class='ocr_carea' id='block_1_70' title="bbox 483 3990 2054 4060">
    <p class='ocr_par' dir='ltr' id='par_1_70' title="bbox 483 3990 2054 4060">
     <span class='ocr_line' id='line_1_70' title="bbox 483 3990 2054 4060; baseline 0.002 -15"><span class='ocrx_word' id='word_1_592' title='bbox 483 3992 613 4060; x_wconf 80' lang='lat' dir='ltr'><strong>quid</strong></span> <span class='ocrx_word' id='word_1_593' title='bbox 654 3991 856 4056; x_wconf 65' lang='lat' dir='ltr'><strong>ditant,</strong></span> <span class='ocrx_word' id='word_1_594' title='bbox 906 3999 958 4042; x_wconf 89' lang='lat' dir='ltr'><strong>et</strong></span> <span class='ocrx_word' id='word_1_595' title='bbox 1003 3991 1131 4058; x_wconf 90' lang='lat' dir='ltr'><strong>quid</strong></span> <span class='ocrx_word' id='word_1_596' title='bbox 1194 3991 1386 4058; x_wconf 89' lang='lat' dir='ltr'><strong>loquar</strong></span> <span class='ocrx_word' id='word_1_597' title='bbox 1431 3990 1496 4043; x_wconf 76' lang='lat'><strong>&quot;&quot;&#39;.</strong></span> <span class='ocrx_word' id='word_1_598' title='bbox 1564 4010 1581 4042; x_wconf 74' lang='grc' dir='ltr'>ι</span> <span class='ocrx_word' id='word_1_599' title='bbox 1634 3990 1747 4044; x_wconf 84' lang='lat' dir='ltr'><strong>Hoc</strong></span> <span class='ocrx_word' id='word_1_600' title='bbox 1801 4009 1927 4046; x_wconf 88' lang='lat' dir='ltr'><strong>vero</strong></span> <span class='ocrx_word' id='word_1_601' title='bbox 1973 3995 2054 4048; x_wconf 86' lang='lat' dir='ltr'><strong>vel</strong></span> 
     </span>
    </p>
   </div>
   <div class='ocr_carea' id='block_1_71' title="bbox 483 4081 2055 4148">
    <p class='ocr_par' dir='ltr' id='par_1_71' title="bbox 483 4081 2055 4148">
     <span class='ocr_line' id='line_1_71' title="bbox 483 4081 2055 4148; baseline 0.001 -13"><span class='ocrx_word' id='word_1_602' title='bbox 483 4085 721 4136; x_wconf 82' lang='lat' dir='ltr'><strong>maxime</strong></span> <span class='ocrx_word' id='word_1_603' title='bbox 791 4083 1049 4144; x_wconf 73' lang='lat' dir='ltr'><strong>ostendit,</strong></span> <span class='ocrx_word' id='word_1_604' title='bbox 1109 4083 1353 4147; x_wconf 78' lang='lat' dir='ltr'><strong>ejusdem</strong></span> <span class='ocrx_word' id='word_1_605' title='bbox 1424 4081 1661 4147; x_wconf 80' lang='lat' dir='ltr'><strong>Patrem,</strong></span> <span class='ocrx_word' id='word_1_606' title='bbox 1731 4085 1946 4148; x_wconf 83' lang='lat' dir='ltr'><strong>Filium,</strong></span> <span class='ocrx_word' id='word_1_607' title='bbox 2003 4094 2055 4139; x_wconf 88' lang='lat' dir='ltr'><strong>et</strong></span> 
     </span>
    </p>
   </div>
   <div class='ocr_carea' id='block_1_72' title="bbox 484 4173 2056 4244">
    <p class='ocr_par' dir='ltr' id='par_1_72' title="bbox 484 4173 2056 4244">
     <span class='ocr_line' id='line_1_72' title="bbox 484 4173 2056 4244; baseline 0.001 -16"><span class='ocrx_word' id='word_1_608' title='bbox 484 4175 747 4244; x_wconf 86' lang='lat' dir='ltr'><strong>Spiritum</strong></span> <span class='ocrx_word' id='word_1_609' title='bbox 782 4185 1030 4229; x_wconf 80' lang='lat' dir='ltr'><strong>sani-tuin</strong></span> <span class='ocrx_word' id='word_1_610' title='bbox 1071 4190 1193 4228; x_wconf 61' lang='lat' dir='ltr'><strong>csse</strong></span> <span class='ocrx_word' id='word_1_611' title='bbox 1236 4191 1458 4227; x_wconf 79' lang='lat' dir='ltr'><strong>naturze.</strong></span> <span class='ocrx_word' id='word_1_612' title='bbox 1494 4173 1698 4229; x_wconf 78' lang='lat' dir='ltr'><strong>Maced.</strong></span> <span class='ocrx_word' id='word_1_613' title='bbox 1732 4177 2056 4242; x_wconf 89' lang='lat' dir='ltr'><strong>Quomodo?</strong></span> 
     </span>
    </p>
   </div>
   <div class='ocr_carea' id='block_1_73' title="bbox 484 4265 2051 4337">
    <p class='ocr_par' dir='ltr' id='par_1_73' title="bbox 484 4265 2051 4337">
     <span class='ocr_line' id='line_1_73' title="bbox 484 4265 2051 4337; baseline -0.001 -15"><span class='ocrx_word' id='word_1_614' title='bbox 484 4265 639 4322; x_wconf 79' lang='lat' dir='ltr'><strong>Orth.</strong></span> <span class='ocrx_word' id='word_1_615' title='bbox 703 4267 839 4333; x_wconf 87' lang='lat' dir='ltr'><strong>Quia</strong></span> <span class='ocrx_word' id='word_1_616' title='bbox 906 4268 1158 4336; x_wconf 66' lang='lat' dir='ltr'><strong>qua&#39;lihet</strong></span> <span class='ocrx_word' id='word_1_617' title='bbox 1223 4277 1416 4319; x_wconf 86' lang='lat' dir='ltr'><strong>natura</strong></span> <span class='ocrx_word' id='word_1_618' title='bbox 1485 4284 1606 4337; x_wconf 68' lang='lat' dir='ltr'><strong>quae</strong></span> <span class='ocrx_word' id='word_1_619' title='bbox 1656 4269 1793 4321; x_wconf 72' lang='lat' dir='ltr'><strong>facta</strong></span> <span class='ocrx_word' id='word_1_620' title='bbox 1838 4279 1956 4331; x_wconf 85' lang='lat' dir='ltr'><strong>est,</strong></span> <span class='ocrx_word' id='word_1_621' title='bbox 2005 4269 2051 4323; x_wconf 89' lang='lat' dir='ltr'><strong>si</strong></span> 
     </span>
    </p>
   </div>
   <div class='ocr_carea' id='block_1_74' title="bbox 481 4360 2052 4430">
    <p class='ocr_par' dir='ltr' id='par_1_74' title="bbox 481 4360 2052 4430">
     <span class='ocr_line' id='line_1_74' title="bbox 481 4360 2052 4430; baseline 0.001 -18"><span class='ocrx_word' id='word_1_622' title='bbox 481 4362 767 4414; x_wconf 81' lang='lat' dir='ltr'><strong>rationalis</strong></span> <span class='ocrx_word' id='word_1_623' title='bbox 811 4360 992 4421; x_wconf 80' lang='lat' dir='ltr'><strong>fuerit,</strong></span> <span class='ocrx_word' id='word_1_624' title='bbox 1043 4375 1072 4411; x_wconf 89' lang='lat' dir='ltr'><strong>a</strong></span> <span class='ocrx_word' id='word_1_625' title='bbox 1125 4360 1302 4428; x_wconf 88' lang='lat' dir='ltr'><strong>seipsa</strong></span> <span class='ocrx_word' id='word_1_626' title='bbox 1358 4361 1599 4428; x_wconf 76' lang='lat' dir='ltr'><strong>loquitur</strong></span> <span class='ocrx_word' id='word_1_627' title='bbox 1662 4377 1674 4412; x_wconf 93' lang='lat'>:</span> <span class='ocrx_word' id='word_1_628' title='bbox 1726 4369 1785 4414; x_wconf 92' lang='lat' dir='ltr'><strong>ut</strong></span> <span class='ocrx_word' id='word_1_629' title='bbox 1835 4362 2052 4430; x_wconf 87' lang='lat' dir='ltr'><strong>quando</strong></span> 
     </span>
    </p>
   </div>
   <div class='ocr_carea' id='block_1_75' title="bbox 2166 3156 3730 3246">
    <p class='ocr_par' dir='ltr' id='par_1_75' title="bbox 2166 3156 3730 3246">
     <span class='ocr_line' id='line_1_75' title="bbox 2166 3156 3730 3246; baseline -0.015 -17"><span class='ocrx_word' id='word_1_630' title='bbox 2166 3176 2278 3246; x_wconf 84' lang='grc' dir='ltr'>Υἱῴ</span> <span class='ocrx_word' id='word_1_631' title='bbox 2302 3175 2459 3244; x_wconf 68' lang='grc' dir='ltr'>οὐσία</span> <span class='ocrx_word' id='word_1_632' title='bbox 2492 3173 2583 3225; x_wconf 77' lang='grc' dir='ltr'><strong>καὶ</strong></span> <span class='ocrx_word' id='word_1_633' title='bbox 2609 3171 2832 3240; x_wconf 81' lang='grc' dir='ltr'>δυνάμει</span> <span class='ocrx_word' id='word_1_634' title='bbox 2877 3171 2969 3222; x_wconf 76' lang='grc' dir='ltr'>καὶ</span> <span class='ocrx_word' id='word_1_635' title='bbox 2998 3167 3158 3238; x_wconf 83' lang='grc' dir='ltr'>βουλῇ</span> <span class='ocrx_word' id='word_1_636' title='bbox 3193 3167 3284 3218; x_wconf 68' lang='grc' dir='ltr'><strong>καὶ</strong></span> <span class='ocrx_word' id='word_1_637' title='bbox 3308 3161 3437 3233; x_wconf 79' lang='grc' dir='ltr'><strong>δόξῃ</strong></span> <span class='ocrx_word' id='word_1_638' title='bbox 3469 3156 3730 3230; x_wconf 75' lang='grc' dir='ltr'>πανταχοῦ</span> 
     </span>
    </p>
   </div>
   <div class='ocr_carea' id='block_1_76' title="bbox 2163 3253 3731 3335">
    <p class='ocr_par' dir='ltr' id='par_1_76' title="bbox 2163 3253 3731 3335">
     <span class='ocr_line' id='line_1_76' title="bbox 2163 3253 3731 3335; baseline -0.01 -15"><span class='ocrx_word' id='word_1_639' title='bbox 2163 3269 2331 3330; x_wconf 82' lang='grc' dir='ltr'>ἐστιν,</span> <span class='ocrx_word' id='word_1_640' title='bbox 2361 3264 2559 3335; x_wconf 78' lang='grc' dir='ltr'>ὁμοίως</span> <span class='ocrx_word' id='word_1_641' title='bbox 2588 3264 2773 3333; x_wconf 72' lang='grc' dir='ltr'><strong>ὁδηγεί</strong></span> <span class='ocrx_word' id='word_1_642' title='bbox 2819 3261 2953 3333; x_wconf 55' lang='grc' dir='ltr'>προς</span> <span class='ocrx_word' id='word_1_643' title='bbox 3002 3263 3182 3313; x_wconf 86' lang='grc' dir='ltr'>πᾶσαν</span> <span class='ocrx_word' id='word_1_644' title='bbox 3227 3256 3514 3326; x_wconf 74' lang='grc' dir='ltr'>ἀλήθειαν,</span> <span class='ocrx_word' id='word_1_645' title='bbox 3548 3253 3731 3324; x_wconf 74' lang='grc' dir='ltr'>ὁμοίως</span> 
     </span>
    </p>
   </div>
   <div class='ocr_carea' id='block_1_77' title="bbox 2162 3341 3730 3426">
    <p class='ocr_par' dir='ltr' id='par_1_77' title="bbox 2162 3341 3730 3426">
     <span class='ocr_line' id='line_1_77' title="bbox 2162 3341 3730 3426; baseline -0.01 -15"><span class='ocrx_word' id='word_1_646' title='bbox 2162 3355 2396 3426; x_wconf 78' lang='grc' dir='ltr'><strong>ἁγιάζει,</strong></span> <span class='ocrx_word' id='word_1_647' title='bbox 2432 3354 2629 3425; x_wconf 85' lang='grc' dir='ltr'>ὁμοίως</span> <span class='ocrx_word' id='word_1_648' title='bbox 2655 3356 2720 3406; x_wconf 71' lang='grc' dir='ltr'>τὰ</span> <span class='ocrx_word' id='word_1_649' title='bbox 2757 3352 2931 3404; x_wconf 80' lang='grc' dir='ltr'>πάντα</span> <span class='ocrx_word' id='word_1_650' title='bbox 2965 3352 3020 3402; x_wconf 82' lang='grc' dir='ltr'>ὲν</span> <span class='ocrx_word' id='word_1_651' title='bbox 3057 3351 3221 3404; x_wconf 80' lang='grc' dir='ltr'>πᾶσιν</span> <span class='ocrx_word' id='word_1_652' title='bbox 3261 3348 3503 3417; x_wconf 79' lang='grc' dir='ltr'>ἐνεργεῖ.</span> <span class='ocrx_word' id='word_1_653' title='bbox 3535 3341 3635 3398; x_wconf 77' lang='grc' dir='ltr'><strong>’Ὧν</strong></span> <span class='ocrx_word' id='word_1_654' title='bbox 3684 3343 3730 3395; x_wconf 75' lang='grc' dir='ltr'><strong>δὲ</strong></span> 
     </span>
    </p>
   </div>
   <div class='ocr_carea' id='block_1_78' title="bbox 2163 3431 3732 3519">
    <p class='ocr_par' dir='ltr' id='par_1_78' title="bbox 2163 3431 3732 3519">
     <span class='ocr_line' id='line_1_78' title="bbox 2163 3431 3732 3519; baseline -0.009 -18"><span class='ocrx_word' id='word_1_655' title='bbox 2163 3451 2196 3519; x_wconf 76' lang='grc' dir='ltr'><strong>ἡ</strong></span> <span class='ocrx_word' id='word_1_656' title='bbox 2225 3448 2360 3518; x_wconf 76' lang='grc' dir='ltr'>αὑτὴ</span> <span class='ocrx_word' id='word_1_657' title='bbox 2405 3446 2733 3518; x_wconf 82' lang='grc' dir='ltr'>ὲνέργεια,ὴ</span> <span class='ocrx_word' id='word_1_658' title='bbox 2786 3442 2923 3514; x_wconf 79' lang='grc' dir='ltr'>αὑτὴ</span> <span class='ocrx_word' id='word_1_659' title='bbox 2983 3440 3162 3509; x_wconf 84' lang='grc' dir='ltr'>φύσις.</span> <span class='ocrx_word' id='word_1_660' title='bbox 3198 3439 3425 3492; x_wconf 75' lang='grc' dir='ltr'>Μακεδ.</span> <span class='ocrx_word' id='word_1_661' title='bbox 3489 3437 3619 3500; x_wconf 81' lang='grc' dir='ltr'><strong>Πῶς</strong></span> <span class='ocrx_word' id='word_1_662' title='bbox 3651 3431 3732 3488; x_wconf 74' lang='grc' dir='ltr'>οἷν</span> 
     </span>
    </p>
   </div>
   <div class='ocr_carea' id='block_1_79' title="bbox 2161 3527 3730 3610">
    <p class='ocr_par' dir='ltr' id='par_1_79' title="bbox 2161 3527 3730 3610">
     <span class='ocr_line' id='line_1_79' title="bbox 2161 3527 3730 3610; baseline -0.009 -19"><span class='ocrx_word' id='word_1_663' title='bbox 2161 3540 2397 3610; x_wconf 72' lang='grc' dir='ltr'>εἴρηταιο</span> <span class='ocrx_word' id='word_1_664' title='bbox 2422 3556 2440 3587; x_wconf 72' lang='grc' dir='ltr'><strong>«ι</strong></span> <span class='ocrx_word' id='word_1_665' title='bbox 2470 3538 2541 3589; x_wconf 77' lang='grc' dir='ltr'>Οὐ</span> <span class='ocrx_word' id='word_1_666' title='bbox 2570 3535 2790 3604; x_wconf 79' lang='grc' dir='ltr'>λαλήσει</span> <span class='ocrx_word' id='word_1_667' title='bbox 2831 3533 2923 3602; x_wconf 81' lang='grc' dir='ltr'>ἀφ’</span> <span class='ocrx_word' id='word_1_668' title='bbox 2964 3531 3156 3584; x_wconf 78' lang='grc' dir='ltr'>ἑαυτοῦ</span> <span class='ocrx_word' id='word_1_669' title='bbox 3175 3571 3189 3593; x_wconf 95' lang='grc'><strong>,</strong></span> <span class='ocrx_word' id='word_1_670' title='bbox 3223 3529 3339 3582; x_wconf 76' lang='grc' dir='ltr'>ἀλλ’</span> <span class='ocrx_word' id='word_1_671' title='bbox 3367 3530 3470 3581; x_wconf 83' lang='grc' dir='ltr'>ὅσα</span> <span class='ocrx_word' id='word_1_672' title='bbox 3500 3527 3730 3582; x_wconf 74' lang='grc' dir='ltr'>ἀκούσει.</span> 
     </span>
    </p>
   </div>
   <div class='ocr_carea' id='block_1_80' title="bbox 2162 3623 3731 3701">
    <p class='ocr_par' dir='ltr' id='par_1_80' title="bbox 2162 3623 3731 3701">
     <span class='ocr_line' id='line_1_80' title="bbox 2162 3623 3731 3701; baseline -0.007 -18"><span class='ocrx_word' id='word_1_673' title='bbox 2162 3631 2378 3701; x_wconf 75' lang='grc' dir='ltr'>λαλήσει</span> <span class='ocrx_word' id='word_1_674' title='bbox 2402 3647 2415 3685; x_wconf 89' lang='lat'><strong>:</strong></span> <span class='ocrx_word' id='word_1_675' title='bbox 2443 3651 2460 3681; x_wconf 73' lang='grc' dir='ltr'>ι</span> <span class='ocrx_word' id='word_1_676' title='bbox 2495 3630 2640 3696; x_wconf 81' lang='grc' dir='ltr'>Ὀρθ.</span> <span class='ocrx_word' id='word_1_677' title='bbox 2687 3629 2809 3680; x_wconf 86' lang='grc' dir='ltr'><strong>Ὅτι</strong></span> <span class='ocrx_word' id='word_1_678' title='bbox 2845 3627 2939 3680; x_wconf 73' lang='grc' dir='ltr'>καὶ</span> <span class='ocrx_word' id='word_1_679' title='bbox 2964 3629 2992 3679; x_wconf 91' lang='lat'><strong>6</strong></span> <span class='ocrx_word' id='word_1_680' title='bbox 3021 3626 3146 3688; x_wconf 84' lang='grc' dir='ltr'>Υἱὸς</span> <span class='ocrx_word' id='word_1_681' title='bbox 3176 3623 3322 3691; x_wconf 85' lang='grc' dir='ltr'>λέγει</span> <span class='ocrx_word' id='word_1_682' title='bbox 3343 3641 3356 3652; x_wconf 93' lang='grc'><strong>·</strong></span> <span class='ocrx_word' id='word_1_683' title='bbox 3396 3642 3414 3672; x_wconf 77' lang='grc' dir='ltr'>ι</span> <span class='ocrx_word' id='word_1_684' title='bbox 3439 3624 3500 3674; x_wconf 88' lang='grc' dir='ltr'><strong>Ὀ</strong></span> <span class='ocrx_word' id='word_1_685' title='bbox 3524 3623 3731 3690; x_wconf 55' lang='grc' dir='ltr'>πέμψας</span> 
     </span>
    </p>
   </div>
   <div class='ocr_carea' id='block_1_81' title="bbox 2164 3714 3730 3793">
    <p class='ocr_par' dir='ltr' id='par_1_81' title="bbox 2164 3714 3730 3793">
     <span class='ocr_line' id='line_1_81' title="bbox 2164 3714 3730 3793; baseline -0.006 -19"><span class='ocrx_word' id='word_1_686' title='bbox 2164 3739 2231 3793; x_wconf 93' lang='grc' dir='ltr'><strong>με</strong></span> <span class='ocrx_word' id='word_1_687' title='bbox 2259 3725 2286 3775; x_wconf 90' lang='lat'><strong>6</strong></span> <span class='ocrx_word' id='word_1_688' title='bbox 2321 3721 2507 3791; x_wconf 77' lang='grc' dir='ltr'>Πατὴρ</span> <span class='ocrx_word' id='word_1_689' title='bbox 2531 3719 2752 3788; x_wconf 75' lang='grc' dir='ltr'>ἐντολήν</span> <span class='ocrx_word' id='word_1_690' title='bbox 2775 3736 2862 3789; x_wconf 90' lang='grc' dir='ltr'><strong>μοι</strong></span> <span class='ocrx_word' id='word_1_691' title='bbox 2890 3717 3108 3780; x_wconf 79' lang='grc' dir='ltr'>δέδωκε,</span> <span class='ocrx_word' id='word_1_692' title='bbox 3138 3717 3190 3768; x_wconf 81' lang='grc' dir='ltr'><strong>τί</strong></span> <span class='ocrx_word' id='word_1_693' title='bbox 3214 3717 3350 3768; x_wconf 82' lang='grc' dir='ltr'>εἴπω</span> <span class='ocrx_word' id='word_1_694' title='bbox 3380 3717 3479 3768; x_wconf 72' lang='grc' dir='ltr'>καὶ</span> <span class='ocrx_word' id='word_1_695' title='bbox 3506 3715 3561 3767; x_wconf 77' lang='grc' dir='ltr'><strong>τί</strong></span> <span class='ocrx_word' id='word_1_696' title='bbox 3586 3714 3730 3780; x_wconf 73' lang='grc' dir='ltr'>λαλή-</span> 
     </span>
    </p>
   </div>
   <div class='ocr_carea' id='block_1_82' title="bbox 2163 3805 3730 3879">
    <p class='ocr_par' dir='ltr' id='par_1_82' title="bbox 2163 3805 3730 3879">
     <span class='ocr_line' id='line_1_82' title="bbox 2163 3805 3730 3879; baseline -0.008 -13"><span class='ocrx_word' id='word_1_697' title='bbox 2163 3830 2257 3866; x_wconf 88' lang='grc' dir='ltr'><strong>σω.</strong></span> <span class='ocrx_word' id='word_1_698' title='bbox 2299 3833 2318 3864; x_wconf 65' lang='lat'><strong>»</strong></span> <span class='ocrx_word' id='word_1_699' title='bbox 2362 3811 2531 3864; x_wconf 85' lang='grc' dir='ltr'>Τοῦτο</span> <span class='ocrx_word' id='word_1_700' title='bbox 2589 3811 2644 3862; x_wconf 75' lang='grc' dir='ltr'>δὲ</span> <span class='ocrx_word' id='word_1_701' title='bbox 2674 3809 2906 3879; x_wconf 81' lang='grc' dir='ltr'>μάλιστα</span> <span class='ocrx_word' id='word_1_702' title='bbox 2930 3810 3026 3879; x_wconf 78' lang='grc' dir='ltr'><strong>τὴν</strong></span> <span class='ocrx_word' id='word_1_703' title='bbox 3055 3807 3223 3877; x_wconf 76' lang='grc' dir='ltr'>αὐτὴν</span> <span class='ocrx_word' id='word_1_704' title='bbox 3285 3806 3535 3859; x_wconf 79' lang='grc' dir='ltr'>δείκνυσι</span> <span class='ocrx_word' id='word_1_705' title='bbox 3585 3805 3730 3874; x_wconf 75' lang='grc' dir='ltr'>φύσιν</span> 
     </span>
    </p>
   </div>
   <div class='ocr_carea' id='block_1_83' title="bbox 2160 3895 3728 3974">
    <p class='ocr_par' dir='ltr' id='par_1_83' title="bbox 2160 3895 3728 3974">
     <span class='ocr_line' id='line_1_83' title="bbox 2160 3895 3728 3974; baseline -0.005 -18"><span class='ocrx_word' id='word_1_706' title='bbox 2160 3905 2393 3974; x_wconf 77' lang='grc' dir='ltr'>Πατρὸς,</span> <span class='ocrx_word' id='word_1_707' title='bbox 2423 3903 2518 3956; x_wconf 82' lang='grc' dir='ltr'>καὶ</span> <span class='ocrx_word' id='word_1_708' title='bbox 2572 3902 2732 3966; x_wconf 83' lang='grc' dir='ltr'>Υἱοῦ,</span> <span class='ocrx_word' id='word_1_709' title='bbox 2768 3902 2859 3954; x_wconf 72' lang='grc' dir='ltr'><strong>καὶ</strong></span> <span class='ocrx_word' id='word_1_710' title='bbox 2921 3901 3076 3968; x_wconf 79' lang='grc' dir='ltr'>ἁγίου</span> <span class='ocrx_word' id='word_1_711' title='bbox 3126 3899 3466 3969; x_wconf 64' lang='grc' dir='ltr'>Πνεῦματος,</span> <span class='ocrx_word' id='word_1_712' title='bbox 3513 3895 3728 3951; x_wconf 57' lang='lat' dir='ltr'><strong>Mauri.</strong></span> 
     </span>
    </p>
   </div>
   <div class='ocr_carea' id='block_1_84' title="bbox 2159 3987 3729 4064">
    <p class='ocr_par' dir='ltr' id='par_1_84' title="bbox 2159 3987 3729 4064">
     <span class='ocr_line' id='line_1_84' title="bbox 2159 3987 3729 4064; baseline -0.006 -14"><span class='ocrx_word' id='word_1_713' title='bbox 2159 3997 2316 4062; x_wconf 76' lang='grc' dir='ltr'>Πῶςς</span> <span class='ocrx_word' id='word_1_714' title='bbox 2351 3999 2495 4064; x_wconf 79' lang='grc' dir='ltr'>Ὀρο.</span> <span class='ocrx_word' id='word_1_715' title='bbox 2526 3997 2647 4049; x_wconf 87' lang='grc' dir='ltr'><strong>’Ότι</strong></span> <span class='ocrx_word' id='word_1_716' title='bbox 2683 3995 2885 4063; x_wconf 76' lang='grc' dir='ltr'>πᾶσαή</span> <span class='ocrx_word' id='word_1_717' title='bbox 2914 3992 3115 4062; x_wconf 80' lang='grc' dir='ltr'>γενητὴ</span> <span class='ocrx_word' id='word_1_718' title='bbox 3151 3991 3327 4060; x_wconf 81' lang='grc' dir='ltr'>φύσις,</span> <span class='ocrx_word' id='word_1_719' title='bbox 3359 3993 3394 4061; x_wconf 78' lang='grc' dir='ltr'><strong>ἡ</strong></span> <span class='ocrx_word' id='word_1_720' title='bbox 3423 3987 3564 4044; x_wconf 73' lang='grc' dir='ltr'>οὖσα</span> <span class='ocrx_word' id='word_1_721' title='bbox 3596 3991 3729 4056; x_wconf 80' lang='grc' dir='ltr'>λογι-</span> 
     </span>
    </p>
   </div>
   <div class='ocr_carea' id='block_1_85' title="bbox 2157 4081 3724 4158">
    <p class='ocr_par' dir='ltr' id='par_1_85' title="bbox 2157 4081 3724 4158">
     <span class='ocr_line' id='line_1_85' title="bbox 2157 4081 3724 4158; baseline -0.005 -17"><span class='ocrx_word' id='word_1_722' title='bbox 2157 4088 2246 4158; x_wconf 77' lang='grc' dir='ltr'>κὴ,</span> <span class='ocrx_word' id='word_1_723' title='bbox 2276 4087 2367 4140; x_wconf 80' lang='grc' dir='ltr'><strong>καὶ</strong></span> <span class='ocrx_word' id='word_1_724' title='bbox 2388 4087 2478 4156; x_wconf 74' lang='grc' dir='ltr'><strong>ἀφ’</strong></span> <span class='ocrx_word' id='word_1_725' title='bbox 2515 4087 2709 4156; x_wconf 79' lang='grc' dir='ltr'>ἑαυτῆς</span> <span class='ocrx_word' id='word_1_726' title='bbox 2730 4085 2905 4137; x_wconf 87' lang='grc' dir='ltr'>λαλεῖ·</span> <span class='ocrx_word' id='word_1_727' title='bbox 2938 4084 3011 4146; x_wconf 85' lang='grc' dir='ltr'>ὡς</span> <span class='ocrx_word' id='word_1_728' title='bbox 3043 4085 3168 4135; x_wconf 79' lang='grc' dir='ltr'>ὅταν</span> <span class='ocrx_word' id='word_1_729' title='bbox 3201 4081 3336 4153; x_wconf 81' lang='grc' dir='ltr'>λέγῃ</span> <span class='ocrx_word' id='word_1_730' title='bbox 3376 4083 3405 4133; x_wconf 79' lang='grc' dir='ltr'>ὁ</span> <span class='ocrx_word' id='word_1_731' title='bbox 3455 4081 3724 4153; x_wconf 79' lang='grc' dir='ltr'>Ἀϐραάμ·</span> 
     </span>
    </p>
   </div>
   <div class='ocr_carea' id='block_1_86' title="bbox 2159 4172 3727 4248">
    <p class='ocr_par' dir='ltr' id='par_1_86' title="bbox 2159 4172 3727 4248">
     <span class='ocr_line' id='line_1_86' title="bbox 2159 4172 3727 4248; baseline -0.002 -20"><span class='ocrx_word' id='word_1_732' title='bbox 2159 4198 2179 4228; x_wconf 71' lang='grc' dir='ltr'>ι</span> <span class='ocrx_word' id='word_1_733' title='bbox 2206 4180 2296 4248; x_wconf 76' lang='grc' dir='ltr'><strong>Μή</strong></span> <span class='ocrx_word' id='word_1_734' title='bbox 2323 4195 2398 4239; x_wconf 88' lang='grc' dir='ltr'>τι,</span> <span class='ocrx_word' id='word_1_735' title='bbox 2446 4177 2639 4247; x_wconf 85' lang='grc' dir='ltr'>Κύριε,</span> <span class='ocrx_word' id='word_1_736' title='bbox 2669 4177 2762 4228; x_wconf 80' lang='grc' dir='ltr'>ἐὰν</span> <span class='ocrx_word' id='word_1_737' title='bbox 2788 4175 3002 4245; x_wconf 78' lang='grc' dir='ltr'>λαλήσω</span> <span class='ocrx_word' id='word_1_738' title='bbox 3033 4174 3108 4226; x_wconf 79' lang='grc' dir='ltr'>ἔτι</span> <span class='ocrx_word' id='word_1_739' title='bbox 3143 4172 3316 4236; x_wconf 74' lang='grc' dir='ltr'>ἅπαξ·</span> <span class='ocrx_word' id='word_1_740' title='bbox 3367 4193 3386 4224; x_wconf 75' lang='grc' dir='ltr'>ι</span> <span class='ocrx_word' id='word_1_741' title='bbox 3417 4175 3516 4227; x_wconf 72' lang='grc' dir='ltr'>καὶ</span> <span class='ocrx_word' id='word_1_742' title='bbox 3553 4175 3582 4226; x_wconf 85' lang='lat'><strong>6</strong></span> <span class='ocrx_word' id='word_1_743' title='bbox 3608 4174 3727 4226; x_wconf 72' lang='grc' dir='ltr'><strong>Μω-</strong></span> 
     </span>
    </p>
   </div>
   <div class='ocr_carea' id='block_1_87' title="bbox 2158 4265 3725 4340">
    <p class='ocr_par' dir='ltr' id='par_1_87' title="bbox 2158 4265 3725 4340">
     <span class='ocr_line' id='line_1_87' title="bbox 2158 4265 3725 4340; baseline -0.01 -6"><span class='ocrx_word' id='word_1_744' title='bbox 2158 4271 2277 4340; x_wconf 77' lang='grc' dir='ltr'>σῆς·</span> <span class='ocrx_word' id='word_1_745' title='bbox 2308 4291 2325 4319; x_wconf 80' lang='grc' dir='ltr'>ι</span> <span class='ocrx_word' id='word_1_746' title='bbox 2349 4270 2698 4340; x_wconf 76' lang='grc' dir='ltr'>Ἰσχνόςρωνος</span> <span class='ocrx_word' id='word_1_747' title='bbox 2721 4268 2815 4321; x_wconf 76' lang='grc' dir='ltr'>καὶ</span> <span class='ocrx_word' id='word_1_748' title='bbox 2843 4265 3253 4337; x_wconf 74' lang='grc' dir='ltr'>βραδύγλωσσός</span> <span class='ocrx_word' id='word_1_749' title='bbox 3285 4267 3402 4334; x_wconf 76' lang='grc' dir='ltr'>εἰμι</span> <span class='ocrx_word' id='word_1_750' title='bbox 3422 4283 3435 4296; x_wconf 90' lang='grc'><strong>·</strong></span> <span class='ocrx_word' id='word_1_751' title='bbox 3476 4285 3495 4316; x_wconf 74' lang='grc' dir='ltr'>ι</span> <span class='ocrx_word' id='word_1_752' title='bbox 3525 4268 3620 4320; x_wconf 77' lang='grc' dir='ltr'>καὶ</span> <span class='ocrx_word' id='word_1_753' title='bbox 3656 4265 3725 4329; x_wconf 79' lang='grc' dir='ltr'><strong>τὸ,</strong></span> 
     </span>
    </p>
   </div>
   <div class='ocr_carea' id='block_1_88' title="bbox 2160 4356 3727 4432">
    <p class='ocr_par' dir='ltr' id='par_1_88' title="bbox 2160 4356 3727 4432">
     <span class='ocr_line' id='line_1_88' title="bbox 2160 4356 3727 4432; baseline -0.004 -17"><span class='ocrx_word' id='word_1_754' title='bbox 2160 4364 2398 4432; x_wconf 80' lang='grc' dir='ltr'>ιΔέομαί</span> <span class='ocrx_word' id='word_1_755' title='bbox 2451 4379 2531 4424; x_wconf 89' lang='grc' dir='ltr'><strong>σε,</strong></span> <span class='ocrx_word' id='word_1_756' title='bbox 2565 4361 2757 4429; x_wconf 78' lang='grc' dir='ltr'>Κύριε,</span> <span class='ocrx_word' id='word_1_757' title='bbox 2811 4359 3152 4430; x_wconf 80' lang='grc' dir='ltr'>προχείρισαι</span> <span class='ocrx_word' id='word_1_758' title='bbox 3215 4356 3407 4410; x_wconf 79' lang='grc' dir='ltr'>ἄλλον·</span> <span class='ocrx_word' id='word_1_759' title='bbox 3447 4376 3469 4409; x_wconf 71' lang='grc' dir='ltr'>ι</span> <span class='ocrx_word' id='word_1_760' title='bbox 3520 4361 3615 4410; x_wconf 75' lang='grc' dir='ltr'><strong>καὶ</strong></span> <span class='ocrx_word' id='word_1_761' title='bbox 3663 4357 3727 4417; x_wconf 85' lang='grc' dir='ltr'>ὠς</span> 
     </span>
    </p>
   </div>
   <div class='ocr_carea' id='block_1_89' title="bbox 480 4434 2059 4524">
    <p class='ocr_par' dir='ltr' id='par_1_89' title="bbox 480 4450 2052 4516">
     <span class='ocr_line' id='line_1_89' title="bbox 480 4450 2052 4516; baseline 0.001 -12"><span class='ocrx_word' id='word_1_762' title='bbox 480 4450 752 4504; x_wconf 81' lang='lat' dir='ltr'><strong>Alraham</strong></span> <span class='ocrx_word' id='word_1_763' title='bbox 805 4461 878 4503; x_wconf 82' lang='lat' dir='ltr'><strong>ait</strong></span> <span class='ocrx_word' id='word_1_764' title='bbox 914 4470 926 4502; x_wconf 83' lang='lat'>:</span> <span class='ocrx_word' id='word_1_765' title='bbox 968 4470 985 4500; x_wconf 79' lang='grc' dir='ltr'>ι</span> <span class='ocrx_word' id='word_1_766' title='bbox 1033 4453 1109 4505; x_wconf 80' lang='lat' dir='ltr'><strong>Ne</strong></span> <span class='ocrx_word' id='word_1_767' title='bbox 1162 4453 1441 4516; x_wconf 82' lang='lat' dir='ltr'><strong>irasraris,</strong></span> <span class='ocrx_word' id='word_1_768' title='bbox 1491 4451 1734 4512; x_wconf 86' lang='lat' dir='ltr'><strong>Domine,</strong></span> <span class='ocrx_word' id='word_1_769' title='bbox 1783 4453 1826 4506; x_wconf 87' lang='lat' dir='ltr'><strong>si</strong></span> <span class='ocrx_word' id='word_1_770' title='bbox 1875 4453 2052 4506; x_wconf 88' lang='lat' dir='ltr'><strong>adhuc</strong></span> 
     </span>
    </p>
   </div>
   <div class='ocr_carea' id='block_1_90' title="bbox 2166 4434 3727 4524">
    <p class='ocr_par' dir='ltr' id='par_1_90' title="bbox 2167 4448 3727 4524">
     <span class='ocr_line' id='line_1_90' title="bbox 2167 4448 3727 4524; baseline -0.003 -18"><span class='ocrx_word' id='word_1_771' title='bbox 2167 4454 2467 4524; x_wconf 76' lang='grc' dir='ltr'>Ἰερεμίαςο</span> <span class='ocrx_word' id='word_1_772' title='bbox 2507 4472 2526 4503; x_wconf 73' lang='grc' dir='ltr'>ι</span> <span class='ocrx_word' id='word_1_773' title='bbox 2565 4451 2845 4522; x_wconf 85' lang='grc' dir='ltr'>Νεώτερὸς</span> <span class='ocrx_word' id='word_1_774' title='bbox 2875 4453 3007 4520; x_wconf 79' lang='grc' dir='ltr'>εἰμι,</span> <span class='ocrx_word' id='word_1_775' title='bbox 3034 4451 3127 4502; x_wconf 71' lang='grc' dir='ltr'>καὶ</span> <span class='ocrx_word' id='word_1_776' title='bbox 3169 4449 3229 4500; x_wconf 74' lang='grc' dir='ltr'><strong>οὐ</strong></span> <span class='ocrx_word' id='word_1_777' title='bbox 3257 4448 3499 4519; x_wconf 80' lang='grc' dir='ltr'>δύναμαι</span> <span class='ocrx_word' id='word_1_778' title='bbox 3531 4468 3727 4522; x_wconf 76' lang='grc' dir='ltr'>προφη-</span> 
     </span>
    </p>
   </div>
   <div class='ocr_carea' id='block_1_91' title="bbox 481 4543 2051 4613">
    <p class='ocr_par' dir='ltr' id='par_1_91' title="bbox 481 4543 2051 4613">
     <span class='ocr_line' id='line_1_91' title="bbox 481 4543 2051 4613; baseline 0.001 -15"><span class='ocrx_word' id='word_1_779' title='bbox 481 4545 647 4598; x_wconf 83' lang='lat' dir='ltr'><strong>semel</strong></span> <span class='ocrx_word' id='word_1_780' title='bbox 699 4545 890 4612; x_wconf 88' lang='lat' dir='ltr'><strong>loquar</strong></span> <span class='ocrx_word' id='word_1_781' title='bbox 921 4544 985 4596; x_wconf 86' lang='grc'><strong>⁷³.</strong></span> <span class='ocrx_word' id='word_1_782' title='bbox 1036 4563 1053 4594; x_wconf 73' lang='grc' dir='ltr'>ι</span> <span class='ocrx_word' id='word_1_783' title='bbox 1116 4543 1174 4598; x_wconf 83' lang='lat' dir='ltr'><strong>Et</strong></span> <span class='ocrx_word' id='word_1_784' title='bbox 1224 4545 1398 4599; x_wconf 84' lang='lat' dir='ltr'><strong>Moses</strong></span> <span class='ocrx_word' id='word_1_785' title='bbox 1447 4563 1460 4597; x_wconf 88' lang='lat'><strong>:</strong></span> <span class='ocrx_word' id='word_1_786' title='bbox 1521 4563 1540 4594; x_wconf 80' lang='grc' dir='ltr'>ι</span> <span class='ocrx_word' id='word_1_787' title='bbox 1584 4543 1950 4613; x_wconf 88' lang='lat' dir='ltr'><strong>lmpeditioris</strong></span> <span class='ocrx_word' id='word_1_788' title='bbox 1998 4553 2051 4599; x_wconf 90' lang='lat' dir='ltr'><strong>et</strong></span> 
     </span>
    </p>
   </div>
   <div class='ocr_carea' id='block_1_92' title="bbox 479 4635 2049 4705">
    <p class='ocr_par' dir='ltr' id='par_1_92' title="bbox 479 4635 2049 4705">
     <span class='ocr_line' id='line_1_92' title="bbox 479 4635 2049 4705; baseline 0 -15"><span class='ocrx_word' id='word_1_789' title='bbox 479 4637 733 4690; x_wconf 86' lang='lat' dir='ltr'><strong>tardioris</strong></span> <span class='ocrx_word' id='word_1_790' title='bbox 761 4636 956 4705; x_wconf 71' lang='lat' dir='ltr'><strong>lingua:</strong></span> <span class='ocrx_word' id='word_1_791' title='bbox 989 4651 1129 4689; x_wconf 86' lang='lat' dir='ltr'><strong>sum.</strong></span> <span class='ocrx_word' id='word_1_792' title='bbox 1167 4655 1185 4686; x_wconf 74' lang='grc' dir='ltr'>ι</span> <span class='ocrx_word' id='word_1_793' title='bbox 1225 4635 1350 4688; x_wconf 75' lang='lat' dir='ltr'><strong>Item</strong></span> <span class='ocrx_word' id='word_1_794' title='bbox 1395 4656 1407 4688; x_wconf 92' lang='lat'><strong>:</strong></span> <span class='ocrx_word' id='word_1_795' title='bbox 1445 4655 1463 4686; x_wconf 80' lang='grc' dir='ltr'>ι</span> <span class='ocrx_word' id='word_1_796' title='bbox 1505 4635 1764 4698; x_wconf 75' lang='lat' dir='ltr'><strong>Obsecro,</strong></span> <span class='ocrx_word' id='word_1_797' title='bbox 1805 4635 2049 4699; x_wconf 89' lang='lat' dir='ltr'><strong>Domine,</strong></span> 
     </span>
    </p>
   </div>
   <div class='ocr_carea' id='block_1_93' title="bbox 478 4725 2047 4795">
    <p class='ocr_par' dir='ltr' id='par_1_93' title="bbox 478 4725 2047 4795">
     <span class='ocr_line' id='line_1_93' title="bbox 478 4725 2047 4795; baseline 0.001 -14"><span class='ocrx_word' id='word_1_798' title='bbox 478 4727 618 4795; x_wconf 76' lang='lat' dir='ltr'><strong>elige</strong></span> <span class='ocrx_word' id='word_1_799' title='bbox 669 4727 834 4780; x_wconf 83' lang='lat' dir='ltr'><strong>aliuai</strong></span> <span class='ocrx_word' id='word_1_800' title='bbox 868 4728 930 4778; x_wconf 69' lang='grc' dir='ltr'><strong>το.</strong></span> <span class='ocrx_word' id='word_1_801' title='bbox 975 4746 992 4778; x_wconf 74' lang='grc' dir='ltr'><strong>ι</strong></span> <span class='ocrx_word' id='word_1_802' title='bbox 1031 4727 1090 4780; x_wconf 82' lang='lat' dir='ltr'><strong>Et</strong></span> <span class='ocrx_word' id='word_1_803' title='bbox 1119 4735 1177 4780; x_wconf 90' lang='lat' dir='ltr'><strong>ut</strong></span> <span class='ocrx_word' id='word_1_804' title='bbox 1217 4725 1480 4782; x_wconf 82' lang='lat' dir='ltr'><strong>Jeremias</strong></span> <span class='ocrx_word' id='word_1_805' title='bbox 1515 4746 1528 4781; x_wconf 90' lang='lat'>:</span> <span class='ocrx_word' id='word_1_806' title='bbox 1567 4745 1584 4778; x_wconf 87' lang='grc' dir='ltr'>ι</span> <span class='ocrx_word' id='word_1_807' title='bbox 1636 4726 1862 4783; x_wconf 83' lang='lat' dir='ltr'><strong>Juvenis</strong></span> <span class='ocrx_word' id='word_1_808' title='bbox 1903 4744 2047 4793; x_wconf 89' lang='lat' dir='ltr'><strong>sum,</strong></span> 
     </span>
    </p>
   </div>
   <div class='ocr_carea' id='block_1_94' title="bbox 478 4819 2050 4888">
    <p class='ocr_par' dir='ltr' id='par_1_94' title="bbox 478 4819 2050 4888">
     <span class='ocr_line' id='line_1_94' title="bbox 478 4819 2050 4888; baseline 0 -14"><span class='ocrx_word' id='word_1_809' title='bbox 478 4827 534 4874; x_wconf 87' lang='lat' dir='ltr'><strong>et</strong></span> <span class='ocrx_word' id='word_1_810' title='bbox 563 4835 669 4873; x_wconf 88' lang='lat' dir='ltr'><strong>non</strong></span> <span class='ocrx_word' id='word_1_811' title='bbox 717 4834 937 4888; x_wconf 89' lang='lat' dir='ltr'><strong>possum</strong></span> <span class='ocrx_word' id='word_1_812' title='bbox 990 4821 1316 4888; x_wconf 83' lang='lat' dir='ltr'><strong>prophetare</strong></span> <span class='ocrx_word' id='word_1_813' title='bbox 1349 4833 1362 4870; x_wconf 90' lang='lat'>:</span> <span class='ocrx_word' id='word_1_814' title='bbox 1403 4838 1421 4870; x_wconf 77' lang='grc' dir='ltr'>ι</span> <span class='ocrx_word' id='word_1_815' title='bbox 1455 4819 1540 4871; x_wconf 86' lang='lat' dir='ltr'><strong>cui</strong></span> <span class='ocrx_word' id='word_1_816' title='bbox 1577 4819 1837 4874; x_wconf 87' lang='lat' dir='ltr'><strong>Dominus</strong></span> <span class='ocrx_word' id='word_1_817' title='bbox 1868 4838 1880 4872; x_wconf 92' lang='lat'>:</span> <span class='ocrx_word' id='word_1_818' title='bbox 1920 4838 1939 4871; x_wconf 74' lang='grc' dir='ltr'>ι</span> <span class='ocrx_word' id='word_1_819' title='bbox 1972 4819 2050 4874; x_wconf 87' lang='lat' dir='ltr'><strong>Ne</strong></span> 
     </span>
    </p>
   </div>
   <div class='ocr_carea' id='block_1_95' title="bbox 479 4908 2050 4974">
    <p class='ocr_par' dir='ltr' id='par_1_95' title="bbox 479 4908 2050 4974">
     <span class='ocr_line' id='line_1_95' title="bbox 479 4908 2050 4974; baseline -0.001 -9"><span class='ocrx_word' id='word_1_820' title='bbox 479 4911 650 4972; x_wconf 87' lang='lat' dir='ltr'><strong>dicas,</strong></span> <span class='ocrx_word' id='word_1_821' title='bbox 689 4929 708 4962; x_wconf 74' lang='grc' dir='ltr'>ι</span> <span class='ocrx_word' id='word_1_822' title='bbox 735 4912 830 4972; x_wconf 85' lang='lat' dir='ltr'><strong>ait,</strong></span> <span class='ocrx_word' id='word_1_823' title='bbox 859 4929 878 4961; x_wconf 75' lang='grc' dir='ltr'>ι</span> <span class='ocrx_word' id='word_1_824' title='bbox 905 4908 1128 4964; x_wconf 84' lang='lat' dir='ltr'><strong>Juvenis</strong></span> <span class='ocrx_word' id='word_1_825' title='bbox 1169 4925 1287 4965; x_wconf 80' lang='lat' dir='ltr'><strong>sum</strong></span> <span class='ocrx_word' id='word_1_826' title='bbox 1317 4911 1384 4963; x_wconf 85' lang='lat'><strong>&quot;.</strong></span> <span class='ocrx_word' id='word_1_827' title='bbox 1426 4929 1445 4961; x_wconf 74' lang='grc' dir='ltr'>ι</span> <span class='ocrx_word' id='word_1_828' title='bbox 1477 4909 1537 4962; x_wconf 88' lang='lat' dir='ltr'><strong>Et</strong></span> <span class='ocrx_word' id='word_1_829' title='bbox 1563 4909 1749 4974; x_wconf 86' lang='lat' dir='ltr'><strong>Jonas,</strong></span> <span class='ocrx_word' id='word_1_830' title='bbox 1776 4927 1834 4965; x_wconf 90' lang='lat' dir='ltr'><strong>re</strong></span> <span class='ocrx_word' id='word_1_831' title='bbox 1863 4926 2050 4965; x_wconf 88' lang='lat' dir='ltr'><strong>secum</strong></span> 
     </span>
    </p>
   </div>
   <div class='ocr_carea' id='block_1_96' title="bbox 477 5002 2051 5073">
    <p class='ocr_par' dir='ltr' id='par_1_96' title="bbox 477 5002 2051 5073">
     <span class='ocr_line' id='line_1_96' title="bbox 477 5002 2051 5073; baseline 0 -14"><span class='ocrx_word' id='word_1_832' title='bbox 477 5005 796 5069; x_wconf 87' lang='lat' dir='ltr'><strong>deliberata,</strong></span> <span class='ocrx_word' id='word_1_833' title='bbox 819 5004 1138 5058; x_wconf 82' lang='lat' dir='ltr'><strong>conscendit</strong></span> <span class='ocrx_word' id='word_1_834' title='bbox 1168 5018 1382 5065; x_wconf 86' lang='lat' dir='ltr'><strong>navem,</strong></span> <span class='ocrx_word' id='word_1_835' title='bbox 1416 5013 1475 5056; x_wconf 88' lang='grc' dir='ltr'>ιιι</span> <span class='ocrx_word' id='word_1_836' title='bbox 1505 5003 1712 5073; x_wconf 81' lang='lat' dir='ltr'><strong>lugeret</strong></span> <span class='ocrx_word' id='word_1_837' title='bbox 1747 5005 1799 5056; x_wconf 91' lang='lat' dir='ltr'><strong>in</strong></span> <span class='ocrx_word' id='word_1_838' title='bbox 1823 5002 2051 5060; x_wconf 85' lang='lat' dir='ltr'><strong>Tharsis</strong></span> 
     </span>
    </p>
   </div>
   <div class='ocr_carea' id='block_1_97' title="bbox 439 5092 2052 5165">
    <p class='ocr_par' dir='ltr' id='par_1_97' title="bbox 439 5092 2052 5165">
     <span class='ocr_line' id='line_1_97' title="bbox 439 5092 2052 5165; baseline 0.001 -18"><span class='ocrx_word' id='word_1_839' title='bbox 439 5108 444 5114; x_wconf 89' lang='lat'><strong><em>&#39;</em></strong></span> <span class='ocrx_word' id='word_1_840' title='bbox 477 5109 508 5147; x_wconf 84' lang='lat' dir='ltr'><strong>a</strong></span> <span class='ocrx_word' id='word_1_841' title='bbox 541 5103 838 5165; x_wconf 80' lang='lat' dir='ltr'><strong>conspectu</strong></span> <span class='ocrx_word' id='word_1_842' title='bbox 868 5095 1100 5150; x_wconf 91' lang='lat' dir='ltr'><strong>Domini.</strong></span> <span class='ocrx_word' id='word_1_843' title='bbox 1132 5092 1250 5148; x_wconf 86' lang='lat' dir='ltr'><strong>Non</strong></span> <span class='ocrx_word' id='word_1_844' title='bbox 1285 5095 1366 5149; x_wconf 92' lang='lat' dir='ltr'><strong>sic</strong></span> <span class='ocrx_word' id='word_1_845' title='bbox 1405 5104 1584 5148; x_wconf 88' lang='lat' dir='ltr'><strong>autem</strong></span> <span class='ocrx_word' id='word_1_846' title='bbox 1627 5094 1864 5165; x_wconf 83' lang='lat' dir='ltr'><strong>Spiritus</strong></span> <span class='ocrx_word' id='word_1_847' title='bbox 1904 5113 1920 5149; x_wconf 52' lang='grc' dir='ltr'><strong>εν</strong></span> <span class='ocrx_word' id='word_1_848' title='bbox 1955 5110 2052 5148; x_wconf 89' lang='lat' dir='ltr'><strong>ne-</strong></span> 
     </span>
    </p>
   </div>
   <div class='ocr_carea' id='block_1_98' title="bbox 479 5182 2051 5255">
    <p class='ocr_par' dir='ltr' id='par_1_98' title="bbox 479 5182 2051 5255">
     <span class='ocr_line' id='line_1_98' title="bbox 479 5182 2051 5255; baseline -0.002 -16"><span class='ocrx_word' id='word_1_849' title='bbox 479 5199 586 5255; x_wconf 85' lang='lat' dir='ltr'><strong>que</strong></span> <span class='ocrx_word' id='word_1_850' title='bbox 618 5187 764 5240; x_wconf 88' lang='lat' dir='ltr'><strong>enim</strong></span> <span class='ocrx_word' id='word_1_851' title='bbox 795 5201 859 5240; x_wconf 89' lang='lat' dir='ltr'><strong>ea</strong></span> <span class='ocrx_word' id='word_1_852' title='bbox 891 5195 1088 5240; x_wconf 86' lang='lat' dir='ltr'><strong>natura</strong></span> <span class='ocrx_word' id='word_1_853' title='bbox 1116 5191 1203 5239; x_wconf 86' lang='lat' dir='ltr'><strong>est</strong></span> <span class='ocrx_word' id='word_1_854' title='bbox 1225 5223 1240 5246; x_wconf 92' lang='lat'><strong>,</strong></span> <span class='ocrx_word' id='word_1_855' title='bbox 1269 5193 1328 5238; x_wconf 93' lang='lat' dir='ltr'><strong>ut</strong></span> <span class='ocrx_word' id='word_1_856' title='bbox 1355 5183 1626 5238; x_wconf 87' lang='lat' dir='ltr'><strong>diversam</strong></span> <span class='ocrx_word' id='word_1_857' title='bbox 1663 5200 1693 5236; x_wconf 88' lang='lat' dir='ltr'><strong>a</strong></span> <span class='ocrx_word' id='word_1_858' title='bbox 1721 5183 1831 5238; x_wconf 92' lang='lat' dir='ltr'><strong>Deo</strong></span> <span class='ocrx_word' id='word_1_859' title='bbox 1855 5182 2051 5236; x_wconf 87' lang='lat' dir='ltr'><strong>volun-</strong></span> 
     </span>
    </p>
   </div>
   <div class='ocr_carea' id='block_1_99' title="bbox 476 5275 2048 5346">
    <p class='ocr_par' dir='ltr' id='par_1_99' title="bbox 476 5275 2048 5346">
     <span class='ocr_line' id='line_1_99' title="bbox 476 5275 2048 5346; baseline -0.001 -16"><span class='ocrx_word' id='word_1_860' title='bbox 476 5283 643 5332; x_wconf 81' lang='lat' dir='ltr'><strong>tatem</strong></span> <span class='ocrx_word' id='word_1_861' title='bbox 685 5277 903 5340; x_wconf 89' lang='lat' dir='ltr'><strong>habeat,</strong></span> <span class='ocrx_word' id='word_1_862' title='bbox 946 5291 1135 5332; x_wconf 87' lang='lat' dir='ltr'><strong>verum</strong></span> <span class='ocrx_word' id='word_1_863' title='bbox 1183 5275 1392 5339; x_wconf 91' lang='lat' dir='ltr'><strong>omnia,</strong></span> <span class='ocrx_word' id='word_1_864' title='bbox 1444 5289 1784 5346; x_wconf 71' lang='lat' dir='ltr'><strong>quaecunque</strong></span> <span class='ocrx_word' id='word_1_865' title='bbox 1831 5275 2048 5328; x_wconf 86' lang='lat' dir='ltr'><strong>locutus</strong></span> 
     </span>
    </p>
   </div>
   <div class='ocr_carea' id='block_1_100' title="bbox 475 5364 2047 5438">
    <p class='ocr_par' dir='ltr' id='par_1_100' title="bbox 475 5364 2047 5438">
     <span class='ocr_line' id='line_1_100' title="bbox 475 5364 2047 5438; baseline -0.001 -18"><span class='ocrx_word' id='word_1_866' title='bbox 475 5365 662 5431; x_wconf 77' lang='lat' dir='ltr'><strong>fuerit,</strong></span> <span class='ocrx_word' id='word_1_867' title='bbox 707 5366 804 5420; x_wconf 89' lang='lat' dir='ltr'><strong>Dei</strong></span> <span class='ocrx_word' id='word_1_868' title='bbox 851 5375 981 5422; x_wconf 84' lang='lat' dir='ltr'><strong>sunt</strong></span> <span class='ocrx_word' id='word_1_869' title='bbox 1031 5367 1272 5421; x_wconf 89' lang='lat' dir='ltr'><strong>oracula.</strong></span> <span class='ocrx_word' id='word_1_870' title='bbox 1315 5365 1492 5436; x_wconf 83' lang='lat' dir='ltr'><strong>Atque</strong></span> <span class='ocrx_word' id='word_1_871' title='bbox 1535 5365 1638 5420; x_wconf 88' lang='lat' dir='ltr'><strong>hac</strong></span> <span class='ocrx_word' id='word_1_872' title='bbox 1666 5365 1734 5420; x_wconf 85' lang='lat' dir='ltr'><strong>de</strong></span> <span class='ocrx_word' id='word_1_873' title='bbox 1766 5379 1934 5438; x_wconf 81' lang='lat' dir='ltr'><strong>causa</strong></span> <span class='ocrx_word' id='word_1_874' title='bbox 1962 5364 2047 5419; x_wconf 87' lang='lat' dir='ltr'><strong>di-</strong></span> 
     </span>
    </p>
   </div>
   <div class='ocr_carea' id='block_1_101' title="bbox 474 5455 2042 5529">
    <p class='ocr_par' dir='ltr' id='par_1_101' title="bbox 474 5455 2042 5529">
     <span class='ocr_line' id='line_1_101' title="bbox 474 5455 2042 5529; baseline 0 -17"><span class='ocrx_word' id='word_1_875' title='bbox 474 5467 623 5512; x_wconf 90' lang='lat' dir='ltr'><strong>ctum</strong></span> <span class='ocrx_word' id='word_1_876' title='bbox 648 5468 732 5514; x_wconf 87' lang='lat' dir='ltr'><strong>est</strong></span> <span class='ocrx_word' id='word_1_877' title='bbox 784 5476 798 5512; x_wconf 91' lang='lat'><strong>:</strong></span> <span class='ocrx_word' id='word_1_878' title='bbox 845 5476 866 5509; x_wconf 80' lang='grc' dir='ltr'>ι</span> <span class='ocrx_word' id='word_1_879' title='bbox 902 5457 1022 5513; x_wconf 83' lang='lat' dir='ltr'><strong>Non</strong></span> <span class='ocrx_word' id='word_1_880' title='bbox 1055 5457 1306 5528; x_wconf 88' lang='lat' dir='ltr'><strong>loquetur</strong></span> <span class='ocrx_word' id='word_1_881' title='bbox 1337 5473 1367 5513; x_wconf 88' lang='lat' dir='ltr'><strong>a</strong></span> <span class='ocrx_word' id='word_1_882' title='bbox 1397 5458 1713 5529; x_wconf 83' lang='lat' dir='ltr'><strong>semetipso.</strong></span> <span class='ocrx_word' id='word_1_883' title='bbox 1765 5475 1784 5509; x_wconf 78' lang='grc' dir='ltr'>ι</span> <span class='ocrx_word' id='word_1_884' title='bbox 1827 5455 2042 5512; x_wconf 88' lang='lat' dir='ltr'><strong>Etenim</strong></span> 
     </span>
    </p>
   </div>
   <div class='ocr_carea' id='block_1_102' title="bbox 580 5609 1728 5675">
    <p class='ocr_par' dir='ltr' id='par_1_102' title="bbox 580 5609 1728 5675">
     <span class='ocr_line' id='line_1_102' title="bbox 580 5609 1728 5675; baseline 0.002 -13"><span class='ocrx_word' id='word_1_885' title='bbox 580 5609 627 5640; x_wconf 82' lang='lat'>&quot;</span> <span class='ocrx_word' id='word_1_886' title='bbox 659 5609 763 5664; x_wconf 76' lang='lat' dir='ltr'><strong>Job</strong></span> <span class='ocrx_word' id='word_1_887' title='bbox 796 5625 1003 5674; x_wconf 64' lang='grc' dir='ltr'><strong>χχχιιι,</strong></span> <span class='ocrx_word' id='word_1_888' title='bbox 1039 5610 1094 5664; x_wconf 75' lang='grc'>4.</span> <span class='ocrx_word' id='word_1_889' title='bbox 1197 5612 1240 5643; x_wconf 75' lang='grc'><strong>’⁸</strong></span> <span class='ocrx_word' id='word_1_890' title='bbox 1281 5613 1402 5667; x_wconf 76' lang='lat' dir='ltr'><strong>Act.</strong></span> <span class='ocrx_word' id='word_1_891' title='bbox 1441 5628 1586 5675; x_wconf 80' lang='lat' dir='ltr'><strong>xvn,</strong></span> <span class='ocrx_word' id='word_1_892' title='bbox 1638 5610 1728 5665; x_wconf 73' lang='lat'><strong>29.</strong></span> 
     </span>
    </p>
   </div>
   <div class='ocr_carea' id='block_1_103' title="bbox 1835 5607 2390 5676">
    <p class='ocr_par' dir='ltr' id='par_1_103' title="bbox 1835 5607 2390 5676">
     <span class='ocr_line' id='line_1_103' title="bbox 1835 5607 2390 5676; baseline 0.002 -12"><span class='ocrx_word' id='word_1_893' title='bbox 1835 5613 1879 5644; x_wconf 76' lang='grc' dir='ltr'><strong>τ’</strong></span> <span class='ocrx_word' id='word_1_894' title='bbox 1914 5607 2018 5666; x_wconf 79' lang='lat' dir='ltr'><strong>Iob</strong></span> <span class='ocrx_word' id='word_1_895' title='bbox 2047 5625 2194 5665; x_wconf 76' lang='lat' dir='ltr'><strong>xxvzt</strong></span> <span class='ocrx_word' id='word_1_896' title='bbox 2219 5651 2233 5673; x_wconf 94' lang='lat'><strong>,</strong></span> <span class='ocrx_word' id='word_1_897' title='bbox 2273 5609 2390 5676; x_wconf 60' lang='grc' dir='ltr'>εει.</span> 
     </span>
    </p>
   </div>
   <div class='ocr_carea' id='block_1_104' title="bbox 2155 4541 3725 4611">
    <p class='ocr_par' dir='ltr' id='par_1_104' title="bbox 2155 4541 3725 4611">
     <span class='ocr_line' id='line_1_104' title="bbox 2155 4541 3725 4611; baseline -0.006 -12"><span class='ocrx_word' id='word_1_898' title='bbox 2155 4545 2333 4599; x_wconf 79' lang='grc' dir='ltr'>τεύειν</span> <span class='ocrx_word' id='word_1_899' title='bbox 2356 4562 2368 4574; x_wconf 92' lang='grc'><strong>·</strong></span> <span class='ocrx_word' id='word_1_900' title='bbox 2403 4565 2420 4596; x_wconf 74' lang='grc' dir='ltr'>ι</span> <span class='ocrx_word' id='word_1_901' title='bbox 2449 4543 2588 4598; x_wconf 78' lang='grc' dir='ltr'>ὥστε</span> <span class='ocrx_word' id='word_1_902' title='bbox 2615 4543 2790 4611; x_wconf 82' lang='grc' dir='ltr'>λέγειν</span> <span class='ocrx_word' id='word_1_903' title='bbox 2815 4541 2962 4611; x_wconf 71' lang='grc' dir='ltr'>αὐτῷ</span> <span class='ocrx_word' id='word_1_904' title='bbox 2983 4541 3218 4594; x_wconf 79' lang='grc' dir='ltr'>τὸνθεόν</span> <span class='ocrx_word' id='word_1_905' title='bbox 3238 4557 3250 4570; x_wconf 76' lang='grc'><em>’</em></span> <span class='ocrx_word' id='word_1_906' title='bbox 3285 4559 3301 4590; x_wconf 82' lang='grc' dir='ltr'>ι</span> <span class='ocrx_word' id='word_1_907' title='bbox 3327 4541 3421 4610; x_wconf 78' lang='grc' dir='ltr'><strong>Μὴ</strong></span> <span class='ocrx_word' id='word_1_908' title='bbox 3448 4541 3603 4609; x_wconf 80' lang='grc' dir='ltr'>λέγε,</span> <span class='ocrx_word' id='word_1_909' title='bbox 3658 4543 3725 4592; x_wconf 81' lang='grc' dir='ltr'><strong>ὅτι</strong></span> 
     </span>
    </p>
   </div>
   <div class='ocr_carea' id='block_1_105' title="bbox 2157 4612 3725 4709">
    <p class='ocr_par' dir='ltr' id='par_1_105' title="bbox 2157 4612 3725 4709">
     <span class='ocr_line' id='line_1_105' title="bbox 2157 4612 3725 4709; baseline -0.005 -18"><span class='ocrx_word' id='word_1_910' title='bbox 2157 4637 2434 4709; x_wconf 78' lang='grc' dir='ltr'>Νεώτερός</span> <span class='ocrx_word' id='word_1_911' title='bbox 2485 4612 2630 4707; x_wconf 51' lang='grc' dir='ltr'>εἰμι’</span> <span class='ocrx_word' id='word_1_912' title='bbox 2664 4634 2795 4704; x_wconf 82' lang='grc' dir='ltr'>ἐγώ.</span> <span class='ocrx_word' id='word_1_913' title='bbox 2832 4653 2850 4684; x_wconf 75' lang='grc' dir='ltr'>ι</span> <span class='ocrx_word' id='word_1_914' title='bbox 2908 4635 3017 4686; x_wconf 76' lang='grc' dir='ltr'>Καὶ</span> <span class='ocrx_word' id='word_1_915' title='bbox 3065 4634 3093 4684; x_wconf 93' lang='lat'><strong>6</strong></span> <span class='ocrx_word' id='word_1_916' title='bbox 3136 4633 3336 4695; x_wconf 81' lang='grc' dir='ltr'>Ἰωνᾶς,</span> <span class='ocrx_word' id='word_1_917' title='bbox 3391 4635 3488 4700; x_wconf 80' lang='grc' dir='ltr'>ἀφ’</span> <span class='ocrx_word' id='word_1_918' title='bbox 3549 4631 3725 4686; x_wconf 75' lang='grc' dir='ltr'>ἑαυτοῦ</span> 
     </span>
    </p>
   </div>
   <div class='ocr_carea' id='block_1_106' title="bbox 2161 4723 3726 4798">
    <p class='ocr_par' dir='ltr' id='par_1_106' title="bbox 2161 4723 3726 4798">
     <span class='ocr_line' id='line_1_106' title="bbox 2161 4723 3726 4798; baseline -0.004 -16"><span class='ocrx_word' id='word_1_919' title='bbox 2161 4728 2605 4798; x_wconf 81' lang='grc' dir='ltr'>βουλευσάμενος,</span> <span class='ocrx_word' id='word_1_920' title='bbox 2659 4725 2824 4796; x_wconf 79' lang='grc' dir='ltr'><strong>ἀνέϐη</strong></span> <span class='ocrx_word' id='word_1_921' title='bbox 2882 4728 2960 4789; x_wconf 81' lang='grc' dir='ltr'>εἰς</span> <span class='ocrx_word' id='word_1_922' title='bbox 3013 4725 3213 4787; x_wconf 82' lang='grc' dir='ltr'>πλοῖον,</span> <span class='ocrx_word' id='word_1_923' title='bbox 3270 4723 3364 4775; x_wconf 85' lang='grc' dir='ltr'><strong>τοῦ</strong></span> <span class='ocrx_word' id='word_1_924' title='bbox 3422 4728 3620 4792; x_wconf 83' lang='grc' dir='ltr'>φυγεῖν</span> <span class='ocrx_word' id='word_1_925' title='bbox 3660 4726 3726 4784; x_wconf 77' lang='grc' dir='ltr'>εἰς</span> 
     </span>
    </p>
   </div>
   <div class='ocr_carea' id='block_1_107' title="bbox 2156 4815 3726 4891">
    <p class='ocr_par' dir='ltr' id='par_1_107' title="bbox 2156 4815 3726 4891">
     <span class='ocr_line' id='line_1_107' title="bbox 2156 4815 3726 4891; baseline -0.002 -18"><span class='ocrx_word' id='word_1_926' title='bbox 2156 4822 2388 4891; x_wconf 78' lang='grc' dir='ltr'>Ταρσεῖς</span> <span class='ocrx_word' id='word_1_927' title='bbox 2421 4819 2526 4872; x_wconf 83' lang='grc' dir='ltr'><strong>ἀπὸ</strong></span> <span class='ocrx_word' id='word_1_928' title='bbox 2579 4818 2867 4890; x_wconf 80' lang='grc' dir='ltr'>προσώπου</span> <span class='ocrx_word' id='word_1_929' title='bbox 2898 4817 3123 4888; x_wconf 81' lang='grc' dir='ltr'>Κυρίου.</span> <span class='ocrx_word' id='word_1_930' title='bbox 3155 4815 3228 4868; x_wconf 80' lang='grc' dir='ltr'>Τὸ</span> <span class='ocrx_word' id='word_1_931' title='bbox 3267 4816 3324 4867; x_wconf 83' lang='grc' dir='ltr'>δὲ</span> <span class='ocrx_word' id='word_1_932' title='bbox 3357 4816 3587 4886; x_wconf 86' lang='grc' dir='ltr'>Πνεῦμα</span> <span class='ocrx_word' id='word_1_933' title='bbox 3641 4817 3726 4885; x_wconf 71' lang='grc' dir='ltr'><strong>οὐχ</strong></span> 
     </span>
    </p>
   </div>
   <div class='ocr_carea' id='block_1_108' title="bbox 2159 4909 3722 4983">
    <p class='ocr_par' dir='ltr' id='par_1_108' title="bbox 2159 4909 3722 4983">
     <span class='ocr_line' id='line_1_108' title="bbox 2159 4909 3722 4983; baseline -0.002 -18"><span class='ocrx_word' id='word_1_934' title='bbox 2159 4911 2329 4976; x_wconf 79' lang='grc' dir='ltr'>οὕτως</span> <span class='ocrx_word' id='word_1_935' title='bbox 2349 4929 2362 4941; x_wconf 89' lang='grc'><strong>·</strong></span> <span class='ocrx_word' id='word_1_936' title='bbox 2389 4911 2508 4963; x_wconf 78' lang='grc' dir='ltr'>οὐδὲ</span> <span class='ocrx_word' id='word_1_937' title='bbox 2531 4910 2637 4983; x_wconf 83' lang='grc' dir='ltr'><strong>γὰρ</strong></span> <span class='ocrx_word' id='word_1_938' title='bbox 2659 4910 2769 4980; x_wconf 78' lang='grc' dir='ltr'>ἔχει</span> <span class='ocrx_word' id='word_1_939' title='bbox 2790 4909 2950 4978; x_wconf 84' lang='grc' dir='ltr'>φύσιν</span> <span class='ocrx_word' id='word_1_940' title='bbox 2973 4909 3064 4962; x_wconf 81' lang='grc' dir='ltr'>τοῦ</span> <span class='ocrx_word' id='word_1_941' title='bbox 3109 4909 3194 4962; x_wconf 74' lang='grc' dir='ltr'><strong>ἓτε</strong></span> <span class='ocrx_word' id='word_1_942' title='bbox 3204 4925 3292 4980; x_wconf 90' lang='grc' dir='ltr'><strong>ρον</strong></span> <span class='ocrx_word' id='word_1_943' title='bbox 3323 4909 3473 4977; x_wconf 65' lang='grc' dir='ltr'>ἔχειν</span> <span class='ocrx_word' id='word_1_944' title='bbox 3505 4909 3722 4978; x_wconf 72' lang='grc' dir='ltr'>θέλημα,</span> 
     </span>
    </p>
   </div>
   <div class='ocr_carea' id='block_1_109' title="bbox 2153 4999 3720 5073">
    <p class='ocr_par' dir='ltr' id='par_1_109' title="bbox 2153 4999 3720 5073">
     <span class='ocr_line' id='line_1_109' title="bbox 2153 4999 3720 5073; baseline -0.002 -18"><span class='ocrx_word' id='word_1_945' title='bbox 2153 5002 2291 5073; x_wconf 81' lang='grc' dir='ltr'>ὅπερ</span> <span class='ocrx_word' id='word_1_946' title='bbox 2321 5003 2417 5054; x_wconf 81' lang='grc' dir='ltr'><strong>οὐκ</strong></span> <span class='ocrx_word' id='word_1_947' title='bbox 2453 5000 2568 5054; x_wconf 82' lang='grc' dir='ltr'>ἔστι</span> <span class='ocrx_word' id='word_1_948' title='bbox 2606 4999 2699 5052; x_wconf 85' lang='grc' dir='ltr'><strong>τοῦ</strong></span> <span class='ocrx_word' id='word_1_949' title='bbox 2735 4999 2868 5053; x_wconf 89' lang='grc' dir='ltr'>Θεοῦ</span> <span class='ocrx_word' id='word_1_950' title='bbox 2895 5016 2909 5030; x_wconf 88' lang='grc'><strong>·</strong></span> <span class='ocrx_word' id='word_1_951' title='bbox 2953 4999 3087 5053; x_wconf 85' lang='grc' dir='ltr'>ἀλλὰ</span> <span class='ocrx_word' id='word_1_952' title='bbox 3113 5001 3311 5060; x_wconf 76' lang='grc' dir='ltr'>πάντα,</span> <span class='ocrx_word' id='word_1_953' title='bbox 3340 5000 3445 5053; x_wconf 76' lang='grc' dir='ltr'><strong>ὅσα</strong></span> <span class='ocrx_word' id='word_1_954' title='bbox 3468 5000 3539 5054; x_wconf 80' lang='grc' dir='ltr'><strong>ἂν</strong></span> <span class='ocrx_word' id='word_1_955' title='bbox 3581 5000 3720 5068; x_wconf 79' lang='grc' dir='ltr'>λαλῇ,</span> 
     </span>
    </p>
   </div>
   <div class='ocr_carea' id='block_1_110' title="bbox 2151 5089 3719 5162">
    <p class='ocr_par' dir='ltr' id='par_1_110' title="bbox 2151 5089 3719 5162">
     <span class='ocr_line' id='line_1_110' title="bbox 2151 5089 3719 5162; baseline -0.003 -17"><span class='ocrx_word' id='word_1_956' title='bbox 2151 5092 2245 5145; x_wconf 83' lang='grc' dir='ltr'>τοῦ</span> <span class='ocrx_word' id='word_1_957' title='bbox 2291 5091 2426 5146; x_wconf 89' lang='grc' dir='ltr'>Θεοῦ</span> <span class='ocrx_word' id='word_1_958' title='bbox 2476 5094 2580 5145; x_wconf 78' lang='grc' dir='ltr'>εἰσι</span> <span class='ocrx_word' id='word_1_959' title='bbox 2632 5091 2807 5160; x_wconf 85' lang='grc' dir='ltr'>λόγια.</span> <span class='ocrx_word' id='word_1_960' title='bbox 2863 5091 2974 5144; x_wconf 82' lang='lat' dir='ltr'><strong>Kal</strong></span> <span class='ocrx_word' id='word_1_961' title='bbox 2999 5091 3086 5145; x_wconf 83' lang='grc' dir='ltr'><strong>διὰ</strong></span> <span class='ocrx_word' id='word_1_962' title='bbox 3117 5090 3278 5144; x_wconf 79' lang='grc' dir='ltr'>τοῦτο</span> <span class='ocrx_word' id='word_1_963' title='bbox 3307 5089 3534 5162; x_wconf 71' lang='grc' dir='ltr'>εἴρηται</span> <span class='ocrx_word' id='word_1_964' title='bbox 3555 5108 3569 5120; x_wconf 88' lang='grc'><strong>·</strong></span> <span class='ocrx_word' id='word_1_965' title='bbox 3609 5111 3628 5142; x_wconf 79' lang='grc' dir='ltr'>ι</span> <span class='ocrx_word' id='word_1_966' title='bbox 3659 5091 3719 5142; x_wconf 79' lang='grc' dir='ltr'><strong>Οὐ</strong></span> 
     </span>
    </p>
   </div>
   <div class='ocr_carea' id='block_1_111' title="bbox 2150 5179 3723 5256">
    <p class='ocr_par' dir='ltr' id='par_1_111' title="bbox 2150 5179 3723 5256">
     <span class='ocr_line' id='line_1_111' title="bbox 2150 5179 3723 5256; baseline -0.004 -18"><span class='ocrx_word' id='word_1_967' title='bbox 2150 5184 2374 5256; x_wconf 81' lang='grc' dir='ltr'>λαλήσει</span> <span class='ocrx_word' id='word_1_968' title='bbox 2393 5184 2485 5253; x_wconf 80' lang='grc' dir='ltr'><strong>ἀφ’</strong></span> <span class='ocrx_word' id='word_1_969' title='bbox 2515 5183 2728 5237; x_wconf 71' lang='grc' dir='ltr'>ἑαυτοῦ.</span> <span class='ocrx_word' id='word_1_970' title='bbox 2774 5201 2792 5233; x_wconf 73' lang='grc' dir='ltr'>ι</span> <span class='ocrx_word' id='word_1_971' title='bbox 2818 5182 2929 5236; x_wconf 77' lang='grc' dir='ltr'><strong>Καὶ</strong></span> <span class='ocrx_word' id='word_1_972' title='bbox 2952 5183 3062 5254; x_wconf 76' lang='grc' dir='ltr'><strong>γὰρ</strong></span> <span class='ocrx_word' id='word_1_973' title='bbox 3091 5183 3187 5236; x_wconf 77' lang='grc' dir='ltr'>καὶ</span> <span class='ocrx_word' id='word_1_974' title='bbox 3226 5183 3353 5252; x_wconf 73' lang='grc' dir='ltr'>περὶ</span> <span class='ocrx_word' id='word_1_975' title='bbox 3379 5181 3476 5234; x_wconf 81' lang='grc' dir='ltr'><strong>τοῦ</strong></span> <span class='ocrx_word' id='word_1_976' title='bbox 3515 5181 3643 5236; x_wconf 83' lang='grc' dir='ltr'>Υίσῦ</span> <span class='ocrx_word' id='word_1_977' title='bbox 3673 5179 3723 5232; x_wconf 78' lang='grc' dir='ltr'><strong>τὸ</strong></span> 
     </span>
    </p>
   </div>
   <div class='ocr_carea' id='block_1_112' title="bbox 2151 5271 3722 5347">
    <p class='ocr_par' dir='ltr' id='par_1_112' title="bbox 2151 5271 3722 5347">
     <span class='ocr_line' id='line_1_112' title="bbox 2151 5271 3722 5347; baseline -0.004 -17"><span class='ocrx_word' id='word_1_978' title='bbox 2151 5276 2284 5330; x_wconf 65' lang='grc' dir='ltr'>αίτὸ</span> <span class='ocrx_word' id='word_1_979' title='bbox 2309 5275 2522 5347; x_wconf 76' lang='grc' dir='ltr'>εἴρηται</span> <span class='ocrx_word' id='word_1_980' title='bbox 2543 5292 2556 5306; x_wconf 91' lang='grc'><strong>·</strong></span> <span class='ocrx_word' id='word_1_981' title='bbox 2598 5274 2784 5344; x_wconf 72' lang='grc' dir='ltr'>ἐπειδὴ</span> <span class='ocrx_word' id='word_1_982' title='bbox 2816 5275 2888 5345; x_wconf 85' lang='grc' dir='ltr'>μή</span> <span class='ocrx_word' id='word_1_983' title='bbox 2916 5276 3064 5328; x_wconf 73' lang='grc' dir='ltr'>ἐστιν</span> <span class='ocrx_word' id='word_1_984' title='bbox 3094 5277 3153 5329; x_wconf 80' lang='grc' dir='ltr'>ὲν</span> <span class='ocrx_word' id='word_1_985' title='bbox 3182 5274 3333 5344; x_wconf 79' lang='grc' dir='ltr'>αὐτῷ</span> <span class='ocrx_word' id='word_1_986' title='bbox 3365 5274 3498 5328; x_wconf 75' lang='grc' dir='ltr'>ἄλλο</span> <span class='ocrx_word' id='word_1_987' title='bbox 3541 5292 3593 5328; x_wconf 81' lang='grc' dir='ltr'><strong>τι</strong></span> <span class='ocrx_word' id='word_1_988' title='bbox 3644 5271 3722 5325; x_wconf 76' lang='lat'><strong>06-</strong></span> 
     </span>
    </p>
   </div>
   <div class='ocr_carea' id='block_1_113' title="bbox 2151 5356 3720 5436">
    <p class='ocr_par' dir='ltr' id='par_1_113' title="bbox 2151 5356 3720 5436">
     <span class='ocr_line' id='line_1_113' title="bbox 2151 5356 3720 5436; baseline -0.004 -17"><span class='ocrx_word' id='word_1_989' title='bbox 2151 5365 2320 5436; x_wconf 83' lang='grc' dir='ltr'>λημα,</span> <span class='ocrx_word' id='word_1_990' title='bbox 2343 5364 2372 5418; x_wconf 82' lang='lat'><strong>6</strong></span> <span class='ocrx_word' id='word_1_991' title='bbox 2413 5365 2514 5418; x_wconf 82' lang='grc' dir='ltr'>οὐκ</span> <span class='ocrx_word' id='word_1_992' title='bbox 2556 5363 2672 5418; x_wconf 74' lang='grc' dir='ltr'>ἔστι</span> <span class='ocrx_word' id='word_1_993' title='bbox 2704 5363 2796 5417; x_wconf 87' lang='grc' dir='ltr'>τοῦ</span> <span class='ocrx_word' id='word_1_994' title='bbox 2831 5365 3065 5436; x_wconf 80' lang='grc' dir='ltr'>Πατρός.</span> <span class='ocrx_word' id='word_1_995' title='bbox 3099 5363 3322 5419; x_wconf 63' lang='lat' dir='ltr'><strong>Haud.</strong></span> <span class='ocrx_word' id='word_1_996' title='bbox 3361 5365 3482 5418; x_wconf 75' lang='grc' dir='ltr'><strong>Οὐκ</strong></span> <span class='ocrx_word' id='word_1_997' title='bbox 3511 5356 3720 5436; x_wconf 81' lang='grc' dir='ltr'>ἕχεισῦν</span> 
     </span>
    </p>
   </div>
   <div class='ocr_carea' id='block_1_114' title="bbox 2155 5449 3720 5530">
    <p class='ocr_par' dir='ltr' id='par_1_114' title="bbox 2155 5449 3720 5530">
     <span class='ocr_line' id='line_1_114' title="bbox 2155 5449 3720 5530; baseline -0.003 -19"><span class='ocrx_word' id='word_1_998' title='bbox 2155 5457 2282 5511; x_wconf 75' lang='grc' dir='ltr'>ἴδιον</span> <span class='ocrx_word' id='word_1_999' title='bbox 2317 5456 2530 5530; x_wconf 81' lang='grc' dir='ltr'>θέλημα</span> <span class='ocrx_word' id='word_1_1000' title='bbox 2579 5457 2641 5511; x_wconf 81' lang='grc' dir='ltr'><strong>τὸ</strong></span> <span class='ocrx_word' id='word_1_1001' title='bbox 2663 5456 2918 5528; x_wconf 73' lang='grc' dir='ltr'>Πνεῦμαςι</span> <span class='ocrx_word' id='word_1_1002' title='bbox 2955 5458 3109 5525; x_wconf 73' lang='grc' dir='ltr'>Ὀρθ.</span> <span class='ocrx_word' id='word_1_1003' title='bbox 3149 5457 3591 5526; x_wconf 76' lang='grc' dir='ltr'>Ἀπεξενωμὲνον</span> <span class='ocrx_word' id='word_1_1004' title='bbox 3635 5449 3720 5506; x_wconf 67' lang='grc' dir='ltr'>τοῦ</span> 
     </span>
    </p>
   </div>
   <div class='ocr_carea' id='block_1_115' title="bbox 2501 5605 3713 5677">
    <p class='ocr_par' dir='ltr' id='par_1_115' title="bbox 2501 5605 3713 5677">
     <span class='ocr_line' id='line_1_115' title="bbox 2501 5605 3713 5677; baseline -0.003 -10"><span class='ocrx_word' id='word_1_1005' title='bbox 2501 5611 2550 5645; x_wconf 82' lang='grc'><strong>⁷³</strong></span> <span class='ocrx_word' id='word_1_1006' title='bbox 2585 5609 2744 5670; x_wconf 77' lang='lat' dir='ltr'><strong>Joan.</strong></span> <span class='ocrx_word' id='word_1_1007' title='bbox 2805 5624 2930 5677; x_wconf 81' lang='lat' dir='ltr'><strong>va,</strong></span> <span class='ocrx_word' id='word_1_1008' title='bbox 2994 5610 3082 5666; x_wconf 73' lang='lat' dir='ltr'><strong>i3.</strong></span> <span class='ocrx_word' id='word_1_1009' title='bbox 3193 5613 3239 5643; x_wconf 76' lang='lat'><strong>&quot;</strong></span> <span class='ocrx_word' id='word_1_1010' title='bbox 3275 5610 3435 5666; x_wconf 82' lang='lat' dir='ltr'><strong>Joan.</strong></span> <span class='ocrx_word' id='word_1_1011' title='bbox 3484 5625 3599 5677; x_wconf 80' lang='lat' dir='ltr'><strong>xu,</strong></span> <span class='ocrx_word' id='word_1_1012' title='bbox 3632 5605 3713 5666; x_wconf 67' lang='lat'><strong>69.</strong></span> 
     </span>
    </p>
   </div>
   <div class='ocr_carea' id='block_1_116' title="bbox 447 5675 2369 5754">
    <p class='ocr_par' dir='ltr' id='par_1_116' title="bbox 447 5675 2369 5754">
     <span class='ocr_line' id='line_1_116' title="bbox 447 5675 2369 5754; baseline 0.001 -23"><span class='ocrx_word' id='word_1_1013' title='bbox 447 5676 521 5754; x_wconf 38' lang='grc' dir='ltr'><strong>,ν’</strong></span> <span class='ocrx_word' id='word_1_1014' title='bbox 558 5675 751 5734; x_wconf 67' lang='lat' dir='ltr'><strong>Genu.</strong></span> <span class='ocrx_word' id='word_1_1015' title='bbox 789 5695 946 5744; x_wconf 78' lang='lat' dir='ltr'><strong>xvnt,</strong></span> <span class='ocrx_word' id='word_1_1016' title='bbox 992 5680 1080 5734; x_wconf 73' lang='lat'><strong>52.</strong></span> <span class='ocrx_word' id='word_1_1017' title='bbox 1155 5682 1200 5713; x_wconf 83' lang='lat'><strong>&quot;</strong></span> <span class='ocrx_word' id='word_1_1018' title='bbox 1239 5681 1412 5739; x_wconf 75' lang='lat' dir='ltr'><strong>Exod.</strong></span> <span class='ocrx_word' id='word_1_1019' title='bbox 1449 5689 1520 5746; x_wconf 87' lang='lat' dir='ltr'><strong>iv,</strong></span> <span class='ocrx_word' id='word_1_1020' title='bbox 1561 5682 1749 5736; x_wconf 81' lang='lat' dir='ltr'><strong>l0-l5.</strong></span> <span class='ocrx_word' id='word_1_1021' title='bbox 1825 5683 1868 5713; x_wconf 78' lang='grc'><strong><em>⁷⁷</em></strong></span> <span class='ocrx_word' id='word_1_1022' title='bbox 1905 5680 2106 5736; x_wconf 81' lang='lat' dir='ltr'><strong>Jerem.</strong></span> <span class='ocrx_word' id='word_1_1023' title='bbox 2145 5696 2182 5748; x_wconf 91' lang='grc' dir='ltr'>ι,</span> <span class='ocrx_word' id='word_1_1024' title='bbox 2223 5683 2281 5746; x_wconf 81' lang='lat'>6,</span> <span class='ocrx_word' id='word_1_1025' title='bbox 2320 5675 2369 5734; x_wconf 80' lang='grc' dir='ltr'>Ἰ.</span> 
     </span>
    </p>
   </div>
  </div>
