3842 6210
195 219 334 276 1317

1263 222 1546 282 CONTRA
1584 221 1930 280 MACEDON.
1963 221 2312 279 DIALOGUS
2349 220 2391 277 ἰ.

3323 228 3464 284 1518

192 334 331 390 Θεοῦ
362 334 438 407 μὴ
472 334 680 402 γένοιτο
701 337 904 391 εἰπεῖνῐ
938 335 1163 392 arma.
1206 337 1366 391 Ἀλλά
1390 336 1508 400 πῶς
1529 337 1630 390 οὐκ
1656 335 1747 407 ἔχε

1873 334 1942 390 de
1972 333 2110 390 Filio
2139 349 2361 405 quoque
2403 332 2545 389 idem
2584 333 2791 389 dictum
2845 341 2931 391 est
2963 351 2978 391 :
3012 336 3458 409 quandoquidem

192 425 405 497 θέλημα
431 426 594 491 ἴδιον;
633 428 785 495 Ὀρθ.
813 428 886 481 Tb
934 428 1028 482 τοῦ
1059 428 1192 482 Θεοῦ
1213 427 1426 500 θέλημα
1456 426 1551 480 τοῦ
1601 426 1769 481 Πνεύ-

195 518 365 590 ματός
393 520 507 571 ἐστι
537 518 767 589 θέλημα.
799 520 873 573 Οὺ
890 518 997 591 γὰρ
1021 521 1207 587 ἀγνοεῖ
1224 518 1285 572 τὸ
1316 517 1409 571 τοῦ
1447 516 1581 571 Θεοῦ
1613 516 1768 588 θέλη-

195 627 293 681 μα·
325 611 440 665 ἀλλ’
461 611 490 664 ὃ
520 610 661 664 θέλει
684 612 712 664 6
734 611 944 682 Πατὴρ,
967 611 1123 664 τοῦτο
1147 610 1289 664 Θέλει
1315 612 1409 665 καὶ
1429 611 1490 663 rb
1516 610 1763 680 Πνεῦμαο

191 701 371 755 πάντα
404 700 513 772 γὰρ
543 696 651 754 οἶδε
675 700 745 755 τὰ
768 700 860 754 τοῦ
892 700 1050 765 Θεοῦ,
1099 700 1176 763 ὡς
1202 701 1263 753 rb
1296 698 1511 770 πνεῦμα
1551 699 1644 752 τοῦ
1674 700 1768 753 ἀν-

190 795 413 869 θρώπου
441 796 509 849 τὰ
541 795 632 850 τοῦ
655 795 960 868 ἀνθρώπου.
994 797 1217 851 Μακεδ.
1274 796 1534 865 Καίτοιγε
1584 797 1679 849 καὶ
1737 797 1766 849 6

189 886 322 950 Υἱὸς
353 887 532 956 λέγει’
570 906 595 939 ηι
631 889 745 941 Ούκ
784 884 948 958 ἦλθον
975 889 1195 959 ποιῆσαι
1230 888 1292 941 τὸ
1324 878 1476 958 ἐμὸν,
1523 886 1658 941 ἀλλά
1703 885 1765 940 rb

190 976 403 1050 θέλημα
432 977 525 1031 τοῦ
553 977 865 1049 πέμψαντός
894 996 978 1050 με.
1017 999 1034 1029 ι
1075 981 1227 1049 Ὀρθ.
1250 978 1314 1032 Τί
1339 979 1394 1032 δὲ
1422 975 1490 1051 ἦν
1522 979 1582 1031 τὸ
1617 977 1766 1048 θέλη-

192 1086 270 1139 μα
294 1068 387 1122 τοῦ
419 1068 730 1139 πέμψαντος
760 1071 952 1135 αὑτὸν,
983 1070 1012 1124 6
1043 1067 1171 1141 ἦλθε
1224 1071 1479 1141 ποιῆσαι;
1535 1068 1758 1123 Μακεδ.

198 1159 266 1212 Ἦ
294 1158 535 1230 σωτηρία
556 1159 650 1212 τοῦ
695 1160 921 1231 κόσμου.
967 1164 1121 1230 Ὀρθ.
1152 1163 1324 1217 Τοῦτο
1368 1163 1463 1216 καὶ
1492 1161 1661 1215 ποιῶν
1699 1162 1759 1215 ού

186 1250 334 1301 ποιεῖ
355 1249 414 1300 rb
429 1247 620 1302 ἑαυτοῦ
654 1249 887 1322 θέλημα.
912 1251 1047 1305 άλλά
1073 1253 1134 1305 rb
1162 1251 1370 1324 θέλημα
1392 1251 1487 1305 τοῦ
1516 1253 1763 1322 πέμψαν-

182 1354 280 1402 r0;
324 1339 503 1393 αὐτόν.
561 1341 783 1396 Μακεδ.
853 1342 1024 1407 Αὐτὸς
1077 1343 1243 1412 λέγει,
1307 1345 1389 1398 ὅτι
1439 1343 1553 1396 οὐκ
1598 1340 1761 1415 ἦλθον

186 1429 411 1510 ποιῆσαι
470 1431 533 1485 rb
570 1432 779 1502 θέλημα
824 1434 885 1487 τὸ
937 1435 1089 1504 ἐμὸν,
1122 1434 1255 1488 ἀλλὰ
1309 1434 1372 1487 rb
1418 1433 1630 1504 θέλημα
1667 1433 1758 1487 τοῦ

184 1521 501 1590 πέμψαντός
536 1541 623 1594 με.
685 1525 836 1593 Ὀρθ.
881 1526 1117 1597 Ἀνάγκη
1164 1522 1256 1581 οὖν
1312 1529 1462 1581 πᾶσα
1519 1528 1759 1581 ἐναντίον

185 1605 329 1664 εἶναι
385 1612 593 1684 θέλημα
645 1616 702 1667 ὲν
750 1615 936 1686 αὐτῷ,
989 1616 1017 1669 ὃ
1055 1617 1349 1682 ἐκώλυσεν,
1408 1619 1495 1671 ἴνα
1546 1619 1608 1672 τὸ
1661 1617 1756 1672 τοῦ

1875 441 1986 481 non
2021 426 2126 479 alia
2174 425 2254 479 illi
2300 425 2448 479 inest
2478 423 2756 491 voluntas,
2815 440 2938 495 quae
2985 425 3166 484 Patris
3200 444 3311 484 non
3360 430 3453 485 sit.

1876 514 2086 570 Maced.
2129 513 2250 570 Non
2298 514 2463 570 habet
2511 514 2679 585 igitur
2721 513 2962 586 Spiritus
2998 525 3227 575 sanctus
3260 518 3457 573 volun-

1874 613 2041 660 tatem
2076 605 2392 676 propriam?
2431 604 2586 659 ()rth.
2619 604 2803 669 Absit,
2847 613 2908 658 ut
2939 606 3085 676 quod
3113 622 3143 661 a
3175 607 3285 663 Deo
3326 608 3461 664 alie-

1872 712 2004 751 num
2036 704 2156 760 est,
2197 696 2398 750 dicam.
2434 693 2649 751 Maced.
2684 695 2793 751 Sed
2834 701 3112 767 quomodo
3145 714 3254 753 non
3290 698 3458 754 habet

1871 788 2205 845 voluntatem
2235 788 2551 858 pr0priam?
2596 788 2746 842 Orth.
2772 788 3042 843 Voluntas
3077 788 3169 843 Dei
3192 790 3456 845 ‘voluntas

1874 878 2115 951 Spiritus
2151 886 2259 935 est.
2287 879 2475 950 Neque
2512 880 2657 935 enim
2699 881 2914 948 ignorat
2945 883 3277 937 voluntatem
3310 881 3403 937 Dei
3438 902 3450 937 :

1871 972 1966 1026 sed
2009 971 2155 1042 quod
2184 972 2301 1026 vult
2331 971 2518 1037 Pater,
2548 972 2688 1027 idem
2720 971 2836 1028 vul't
2867 981 2923 1028 et
2966 973 3243 1044 Spiritus;
3271 975 3452 1029 omnia

1869 1064 2014 1119 enim
2061 1064 2212 1119 novit
2239 1080 2360 1134 quae
2393 1073 2524 1119 sunt
2583 1064 2699 1129 Dei,
2748 1072 2809 1119 ut
2844 1066 3069 1135 spiritus
3109 1065 3346 1122 hominis
3387 1082 3453 1122 ea

1868 1167 1990 1226 quae
2037 1168 2165 1211 sunt
2215 1156 2474 1213 hominis.
2523 1155 2734 1211 Maced.
2783 1159 2949 1228 Atqui
2992 1169 3045 1212 et
3084 1157 3257 1213 Filius
3305 1159 3382 1212 ait
3432 1174 3446 1210 :

1878 1267 1896 1298 ι
1938 1247 2057 1301 Νοιι
2092 1249 2215 1303 veni
2249 1256 2310 1302 ut
2352 1248 2548 1302 faciam
2584 1251 2923 1304 voluntatem
2958 1266 3160 1315 meam,
3206 1250 3302 1306 sed
3353 1266 3451 1305 vo-

1868 1342 2132 1394 luntatem
2182 1341 2302 1411 ejus
2348 1340 2440 1412 qui
2494 1342 2643 1397 misit
2686 1342 2865 1396 me".
2915 1361 2935 1393 ι
2989 1342 3141 1397 Ort/t.
3190 1343 3448 1410 Quaanam

1865 1448 1994 1487 vero
2048 1432 2150 1486 fuit
2203 1434 2458 1487 voluntas
2502 1433 2624 1501 ejus
2672 1434 2764 1503 qui
2816 1434 2967 1489 misit
3017 1436 3233 1505 ipsum,
3291 1436 3449 1505 cujus

1866 1523 2126 1579 facienda:
2143 1525 2315 1595 gratia
2335 1525 2510 1579 venit?
2529 1523 2737 1580 Maced.
2755 1524 2914 1581 Salus
2931 1526 3138 1584 mundi.
3164 1527 3316 1582 Orth.
3338 1528 3449 1583 lloc

1868 1630 1991 1670 cum
2019 1617 2168 1679 facit,
2192 1632 2299 1670 non
2332 1615 2463 1670 facit
2485 1633 2636 1672 suam
2665 1618 2838 1686 ipsius
2861 1620 3216 1681 voluntatem,
3238 1618 3332 1672 sed
3354 1634 3449 1674 vo-

185 1704 499 1774 πέμψαντος
547 1708 766 1778 ποιήσῃ.
806 1708 1030 1762 Μακεδ.
1094 1709 1186 1780 Μὴ
1228 1710 1466 1778 γένοιτοῑ
1513 1712 1574 1764 οὐ
1611 1711 1750 1779 λέγω

1858 1708 2115 1763 Itmtatem
2133 1707 2357 1777 ejusqui
2380 1707 2557 1777 ipsum
2577 1708 2742 1763 misit.
2760 1707 2967 1764 Maced.
2992 1710 3082 1762 Ait
3104 1710 3240 1779 ipse,
3262 1725 3319 1764 se
3337 1725 3444 1764 non

183 1794 428 1848 ἐναντίον
443 1791 578 1849 εἶναι
606 1788 814 1867 θέλημα
835 1798 927 1851 τοῦ
959 1798 1089 1853 Υἱοῦ
1118 1799 1196 1870 τῷ
1242 1800 1504 1873 θελήματι
1528 1800 1622 1854 τοῦ
1644 1802 1759 1855 Πα-

180 1884 334 1955 τρός.
374 1886 523 1952 Ὀρθ.
574 1888 783 1943 Οὐκοῦν
835 1891 896 1944 rb
953 1892 1084 1945 αὐτὸ
1143 1892 1352 1963 θέλημα
1407 1895 1619 1966 Πατρὸς
1667 1895 1759 1948 καὶ

181 1972 336 2026 Υἰοῦ.
367 1976 478 2028 Καὶ
499 1976 606 2047 γάρ
633 1978 661 2029 6
699 1977 826 2042 Υἱὸς
867 1978 1011 2032 θέλει
1044 1979 1215 2033 σῶσαι
1258 1980 1348 2034 διὰ
1378 1983 1610 2055 σταυροῦ
1665 1984 1759 2037 καί

180 2063 415 2118 θανάτου
441 2066 502 2119 τὸ
553 2068 706 2136 γένος
756 2069 929 2139 ἡμῶν,
965 2071 1058 2123 καὶ
1107 2073 1135 2124 6
1172 2071 1361 2144 Πατὴρ
1398 2074 1556 2127 τοῦτο
1596 2074 1755 2128 ϐέλει.

192 2155 322 2210 Ἐὰν
350 2155 407 2210 δὲ
435 2156 586 2229 λέγῃ,
641 2177 659 2209 ι
700 2160 813 2212 Οὐκ
862 2156 1024 2232 ἦλθον
1080 2162 1301 2233 ποιῆσαι
1350 2163 1412 2216 rb
1458 2163 1666 2233 Θέλημα
1698 2163 1759 2216 rb

177 2248 339 2316 ἐμὸν.
365 2246 500 2302 ἀλλά
529 2250 588 2303 rb
635 2250 842 2322 θέλημα
876 2251 968 2305 τοῦ
1026 2252 1339 2324 πέμψαντός
1376 2272 1464 2326 με,
1513 2273 1532 2306 ι
1567 2257 1643 2319 ὡς
1679 2258 1758 2319 εἰς

176 2338 402 2410 Πατέρα
439 2338 509 2392 τὰ
552 2340 649 2393 ὅλα
682 2342 904 2410 ἀνάγει’
954 2343 1056 2397 κᾶν
1087 2344 1240 2415 λέγῃ,
1282 2364 1302 2395 ι
1342 2346 1399 2398 '0
1438 2346 1656 2415 πέμψας
1690 2364 1756 2417 με

175 2432 209 2483 6
242 2431 433 2502 Πατὴρ
464 2431 679 2504 ἐντολήν
712 2450 800 2503 μοι
846 2434 1065 2499 δέδωκε,
1096 2435 1149 2489 τί
1183 2435 1339 2501 εἴπω,
1376 2438 1470 2490 καὶ
1502 2437 1555 2490 τί
1598 2437 1758 2509 λαλή-

181 2537 263 2574 σω
285 2537 300 2588 ;
335 2541 354 2573 ι
389 2522 562 2592 τιμῶν
583 2524 674 2577 rbv
706 2516 924 2598 Πατέρα
942 2526 1018 2591 ὼς
1042 2527 1262 2599 Πατέρα
1286 2527 1453 2597 λέγει.
1476 2529 1538 2583 Εἰ
1567 2528 1624 2581 δὲ
1657 2529 1753 2602 μὴ,

178 2612 301 2675 πῶς
324 2614 353 2667 6
376 2613 521 2679 Υἱὸς,
549 2616 608 2668 ὲν
629 2608 673 2684 ᾧ
700 2618 1017 2671 ἀπόκεινται
1053 2619 1252 2684 πάντες
1279 2621 1329 2674 οἱ
1356 2619 1619 2692 θησαυροὶ
1655 2621 1754 2690 τῆς

179 2708 397 2776 σοφίας,
421 2710 521 2763 οὐκ
546 2705 655 2763 οἶδε
679 2711 732 2764 τί
762 2711 1016 2782 λαλήσει;
1053 2714 1276 2769 Μακεὸ.
1303 2713 1473 2767 Τοῦτο
1505 2714 1749 2787 δέχομαι,

174 2797 262 2851 ὅτι
289 2801 319 2853 6
350 2799 478 2865 Υἱὸς
508 2801 584 2864 ὡς
614 2802 740 2866 Υἱὸς
763 2803 821 2856 ἓν
849 2802 1060 2875 θέλημα
1097 2804 1209 2875 ἔχει
1256 2803 1352 2858 τοῦ
1389 2806 1619 2877 Πατρός.
1678 2805 1752 2858 T6

172 2889 234 2942 δὲ
260 2890 507 2961 Πνεῦμα,
560 2892 655 2946 ἐάν
691 2893 765 2964 μὴ
810 2893 1019 2968 ἀκούσῃ
1063 2897 1158 2949 καὶ
1211 2894 1374 2969 λάϐῃ.
1396 2897 1458 2949 ού
1483 2895 1633 2949 λαλεῖ
1655 2896 1751 2964 ἀφ’

173 2979 395 3037 ἑαυτοῦ.
430 2980 572 3048 Ὀρθ.
609 2983 817 3055 Ὥσπερ
864 2980 954 3038 οῦν
991 2986 1021 3037 6
1052 2984 1177 3048 Υἱὸς
1212 2985 1388 3039 πάντα
1418 2986 1555 3057 ἔχων
1589 2987 1646 3038 ὲν
1678 2988 1744 3057 τῇ

1863 1799 2080 1853 venisse
2130 1807 2189 1852 ut
2226 1796 2434 1853 faceret
2478 1800 2815 1854 voluntatem
2869 1815 3063 1862 suam,
3112 1801 3206 1856 sed
3251 1803 3447 1873 volun-

1861 1897 2025 1944 tatem
2058 1890 2180 1958 ejus
2212 1891 2303 1959 qui
2333 1906 2392 1945 se
2418 1891 2589 1945 misit.
2627 1890 2779 1947 Ortlt.
2812 1891 2907 1946 Est
2940 1893 3106 1962 igitur
3133 1895 3446 1949 necessario

1859 1979 2134 2033 contraria
2166 1980 2220 2032 in
2248 1995 2313 2034 eo
2345 1981 2600 2035 voluntas
2637 1983 2948 2045 statuenda,
2978 1998 3141 2052 quam
3174 1983 3441 2048 coercuit,

1861 2079 1919 2123 ut
1967 2069 2170 2125 faceret
2225 2072 2560 2126 voluntatem
2605 2073 2747 2140 ejus,
2792 2088 2820 2125 a
2867 2090 2976 2143 quo
3023 2078 3226 2131 missus
3273 2084 3442 2130 esset.

1857 2160 2070 2216 Haced.
2114 2161 2271 2216 Absit
2314 2169 2373 2216 ut
2422 2163 2760 2215 voluntatem
2795 2160 2917 2217 Filii
2964 2165 3231 2219 voluntati
3262 2164 3443 2220 Patris

1855 2254 2034 2307 dicam
2075 2268 2198 2308 esse
2236 2254 2595 2307 contrariam.
2641 2253 2799 2308 Orth.
2839 2254 2984 2324 Ergo
3021 2257 3211 2311 eadem
3264 2256 3444 2312 Patris

1855 2354 1909 2397 et
1947 2342 2070 2396 Filii
2100 2352 2185 2398 est
2209 2345 2489 2399 voluntas.
2525 2344 2693 2417 484
2726 2344 2937 2399 Etenim
2970 2345 3143 2402 Filius
3179 2363 3273 2417 per
3310 2363 3441 2401 cru-

1855 2450 1971 2490 cem
1995 2444 2047 2490 et
2075 2443 2305 2491 mortem
2350 2452 2572 2491 servare
2611 2438 2728 2490 vult
2772 2453 2946 2508 genus
2988 2446 3261 2501 nostrum,
3302 2439 3445 2493 vult-

1853 2541 1959 2594 que
1997 2525 2107 2579 hoc
2155 2524 2337 2581 Pater.
2380 2525 2516 2580 Cum
2574 2536 2757 2582 autem
2818 2528 2916 2593 ait,
2961 2545 2980 2579 ι
3034 2526 3155 2583 Νοιι
3204 2528 3329 2583 veni
3384 2536 3445 2583 ut

1852 2616 2048 2671 faciam
2078 2619 2415 2672 voluntatem
2461 2633 2660 2683 meam,
2696 2618 2792 2674 sed
2825 2620 3160 2674 voluntatem
3192 2620 3313 2689 ejus
3344 2619 3439 2691 qui

1850 2705 2003 2761 misit
2048 2722 2156 2771 me,
2207 2726 2227 2760 ι
2262 2709 2317 2761 in
2359 2705 2577 2763 Patrem
2623 2709 2840 2764 videtur
2885 2709 3139 2766 conferre
3190 2710 3375 2763 omnia
3423 2728 3439 2765 :

1848 2812 1973 2852 cum
2028 2800 2183 2865 ait,-¢
2226 2798 2389 2854 Pater
2417 2801 2509 2869 qui
2538 2800 2685 2855 misit
2724 2818 2833 2867 me,
2864 2802 3123 2872 praecepit
3152 2801 3283 2855 mihi
3309 2801 3442 2872 quid

1846 2890 2025 2945 dicam
2056 2898 2112 2945 et
2145 2891 2276 2961 quid
2319 2892 2536 2964 loquar,
2576 2911 2594 2943 ι
2641 2892 2748 2946 hoc
2793 2893 2915 2962 ipso
2943 2892 3092 2949 dicto
3129 2891 3347 2946 Patrem
3382 2901 3441 2948 ut

1845 2979 2061 3035 Patrem
2111 2983 2363 3038 honorat.
2420 2983 2578 3049 Quod
2632 2983 2679 3038 si
2731 2998 2791 3038 se
2834 2999 2923 3038 res
2968 2984 3042 3036 ita
3090 2998 3200 3038 non
3248 2983 3435 3045 habet,

172 3068 359 3137 φύσει,
389 3070 463 3134 ὡς
480 3070 607 3135 Υἱὸς
628 3072 797 3142 λέγει,
830 3093 848 3125 ι
872 3074 1039 3128 Οὐδὲν
1069 3075 1207 3128 ποιῶ
1231 3076 1324 3129 ἀπ’
1345 3076 1634 3148 ὲμαυτοῦμ
1664 3077 1750 3130 ἵνα

1858 3072 2125 3142 quomodo
2160 3073 2357 3138 Filius,
2402 3075 2459 3129 in
2493 3090 2605 3146 quo
2638 3090 2830 3129 omnes
2869 3075 3152 3145 sapientiae
3190 3076 3436 3130 thesauri

172 3162 286 3214 τῶν
315 3162 535 3232 ἀγαθῶν
557 3165 655 3231 τὴν
682 3166 856 3238 ἀρχὴν
909 3168 1003 3221 ἐπὶ
1063 3167 1155 3222 rbv
1212 3168 1432 3239 Πατέρα
1464 3170 1744 3241 ἀναγάγῃ·

172 3252 350 3317 οὔτως
377 3256 623 3328 καὶπερὶ
667 3257 762 3310 τοῦ
812 3257 1024 3328 Πατρὸς
1061 3257 1225 3312 ἄκουε
1257 3258 1420 3312 αὐτοῦ
1472 3258 1746 3328 λέγοντος

172 3346 357 3398 πάντα
388 3346 497 3417 γὰρ
524 3346 737 3417 ἔχοντος
768 3350 826 3401 ὲν
846 3351 912 3419 τῇ
941 3347 1105 3401 αὐτοῦ
1144 3348 1303 3419 φύσει
1335 3350 1411 3412 ὡς
1436 3349 1752 3419 Πνεύματος

172 3435 336 3499 Θεοῦ,
368 3438 458 3490 ἐπὶ
497 3438 588 3491 rbv
617 3441 786 3493 αἴτιον
838 3440 1030 3508 ἀνάγει
1080 3440 1253 3510 λέγων
1276 3457 1289 3471 ·
1352 3459 1371 3491 ι
1410 3441 1484 3494 Οὐ
1526 3441 1751 3511 λαλήσει

173 3526 271 3593 ἀφ’
311 3525 525 3591 ἑαυτοῦ,
560 3526 673 3580 ἀλλ’
695 3529 795 3582 ὅσα
833 3529 1061 3601 ἀκούσῃ,
1110 3531 1354 3603 λαλήσει,
1408 3533 1502 3585 καὶ
1531 3532 1612 3597 Γτά
1659 3534 1750 3602 ὲρ-

172 3616 383 3686 χόμενα
412 3617 698 3685 ἀναγγελεῖ
728 3620 883 3688 ὑμῖνο
917 3640 935 3670 ι
964 3621 1056 3674 καὶ
1082 3621 1164 3680 rb,
1211 3639 1230 3671 ι
1275 3621 1510 3684 Ἐκεῖνος
1541 3623 1605 3676 ἐκ
1654 3622 1747 3676 τοῦ

174 3704 314 3776 ἐμοῦ
368 3707 618 3777 λήψεται,
655 3727 673 3759 ι
724 3707 964 3780 δηλονότι
1006 3713 1072 3764 ὲκ
1106 3709 1197 3764 τοῦ
1250 3711 1482 3783 Πατρός.
1522 3712 1748 3782 Ἐπάγει

172 3796 307 3867 γάρ’
341 3814 360 3847 ι
385 3795 570 3850 Πάντα
595 3798 695 3851 ὅσα
724 3797 880 3869 ἔχειό
906 3799 1115 3871 Πατὴρ,
1146 3799 1257 3870 ὲμά
1281 3801 1397 3852 ἐστι
1424 3817 1436 3829 ·
1470 3800 1558 3853 διά
1589 3800 1748 3854 τοῦτο

172 3881 350 3950 εἷπον,
378 3886 460 3939 ὅτι
485 3889 548 3941 ὲκ
570 3886 664 3941 τοῦ
681 3888 814 3960 ἐμοῦ
847 3889 1110 3959 λαμϐάνει
1138 3891 1231 3943 καὶ
1257 3890 1544 3960 ἀναγγελεῖ
1564 3891 1709 3961 ὑμῖν.
1725 3910 1743 3943 ι

174 3978 490 4049 Δαμὸάνειν
522 3980 579 4033 δὲ
608 3981 736 4035 αὐτὸ
758 3977 931 4046 εἶπεν,
949 3981 1046 4053 οὐχ
1067 3981 1141 4046 ὡς
1162 3982 1408 4051 ἀγνοοῦν,
1433 3981 1547 4035 ἀλλ’
1565 3983 1641 4047 ὡς
1656 3983 1750 4035 ἐπὶ

173 4069 268 4122 τὸν
296 4071 463 4124 αῐτιον
485 4073 699 4140 ἀνάγων
719 4073 815 4144 τὴν
831 4072 921 4127 τοῦ
937 4074 1076 4126 Πνεύ
1084 4089 1253 4143 ματος
1279 4073 1364 4126 ὲνέ
1373 4073 1556 4144 ργειάν
1576 4092 1635 4127 τε
1654 4074 1749 4128 καὶ

174 4161 359 4233 χάριν.
379 4163 602 4218 Μακεδ.
635 4164 758 4218 Ἐάν
788 4164 979 4228 οὕτως,
998 4165 1177 4229 καλῶς
1210 4168 1305 4220 καὶ
1331 4166 1486 4219 τοῦτο
1501 4166 1746 4237 δέχομαιο

172 4251 412 4306 διακονεί
434 4255 542 4326 γὰρ
568 4256 697 4326 ἡμῖν
721 4256 819 4327 τὴν
845 4255 937 4309 τοῦ
966 4254 1100 4309 Θεοῦ
1134 4257 1291 4329 χάριν
1317 4256 1375 4310 rb
1400 4256 1643 4326 Πνεῦμα.

1853 3165 2123 3220 reconditi
2153 3175 2315 3229 sunt,
2354 3180 2464 3221 non
2495 3165 2646 3220 novit
2674 3166 2805 3236 quid
2842 3166 3199 3235 loqueretur?
3225 3165 3432 3220 Maccd.

1852 3257 2096 3313 Admitte
2147 3257 2305 3323 illud,
2351 3256 2576 3326 Filium,
2614 3266 2887 3329 quatenus
2915 3257 3088 3313 Filius
3133 3266 3237 3320 est,
3272 3273 3434 3312 uuam

1852 3346 2033 3404 Patris
2073 3353 2408 3404 voluntatem
2439 3350 2661 3405 habere.
2697 3349 2767 3403 At
2794 3349 3033 3419 Spiritus
3067 3350 3172 3404 nisi
3201 3349 3437 3404 audierit

1853 3449 1906 3494 et
1944 3441 2234 3510 acceperit,
2277 3456 2307 3495 a
2345 3441 2526 3510 seipso
2572 3456 2681 3494 non
2723 3441 2987 3510 loquitur.
3044 3440 3195 3496 Orth.
3232 3439 3436 3507 Quem-

1855 3532 2146 3587 admodum
2203 3532 2369 3602 igitur
2434 3529 2608 3588 Filius
2672 3533 2856 3586 omnia
2929 3532 3135 3586 habens
3204 3541 3431 3592 natura,

1855 3632 1915 3676 ut
1963 3621 2132 3678 Filius
2183 3623 2298 3686 ait,
2336 3641 2356 3674 ι
2390 3621 2535 3676 Nihil
2586 3622 2727 3678 facio
2777 3639 2804 3676 a
2854 3639 2941 3677 me
2996 3624 3115 3693 ipso
3157 3623 3236 3687 ",
3293 3642 3313 3676 ι
3371 3632 3433 3677 ut

1854 3712 2123 3766 bonorum
2185 3711 2516 3782 principium
2578 3710 2727 3766 Patri
2788 3713 3057 3775 ascribat,
3113 3711 3188 3765 ita
3245 3718 3300 3765 et
3365 3712 3434 3766 de

1857 3802 2063 3872 Spiritu
2114 3802 2296 3872 ipsum
2336 3802 2461 3856 audi
2504 3804 2838 3874 loquentem.
2878 3802 3014 3858 Cum
3056 3803 3202 3857 enim
3247 3803 3429 3856 omnia

1852 3895 1942 3949 ille
1976 3896 2029 3947 in
2069 3909 2169 3948 sua
2211 3902 2417 3970 natura.
2452 3895 2670 3958 habeat,
2696 3902 2756 3950 ut
2798 3893 3038 3964 Spiritus
3078 3893 3192 3956 Dei,
3244 3910 3308 3949 ea
3362 3897 3430 3947 ad

1851 3984 2054 4039 fontem
2095 3985 2273 4054 ipsum
2319 3983 2484 4038 refert
2533 3986 2789 4055 inquiens
2840 4003 2853 4039 :
2895 4003 2915 4035 ι
2958 3983 3077 4038 Νοιι
3123 3984 3429 4052 loquetura

1851 4074 2143 4142 semetipso
2198 4089 2211 4125 :
2253 4075 2346 4129 sed
2403 4090 2745 4144 quaecunque
2800 4075 3009 4139 audiet,
3048 4075 3323 4144 loquetur,
3373 4085 3429 4130 et

1853 4165 2035 4218 futura
2081 4165 2430 4219 annuntiabit
2458 4167 2614 4221 vobis
2637 4165 2715 4219 "°.
2761 4184 2779 4217 ι
2820 4164 2952 4219 Item
2984 4184 2998 4219 :
3038 4182 3057 4216 ι
3087 4164 3181 4218 Ille
3204 4163 3271 4218 de
3305 4180 3427 4218 meo

1853 4257 2106 4326 accipiet,
2147 4277 2166 4310 ι
2194 4273 2410 4329 nempe,
2442 4258 2510 4313 de
2540 4256 2721 4313 Patre.
2758 4257 2887 4311 Haec
2917 4257 3061 4310 enim
3100 4255 3381 4325 subjungit
3410 4274 3425 4309 :

185 4366 208 4399 ι
241 4347 435 4403 Omnia
465 4365 586 4420 quae
607 4349 787 4406 Patris
812 4357 961 4408 sunt.
1009 4366 1128 4407 mea
1171 4361 1301 4407 sunt
1332 4371 1344 4406 :
1376 4360 1663 4422 propterea
1692 4350 1827 4416 dixi,
1862 4351 2015 4428 quod
2057 4350 2125 4405 de
2166 4367 2287 4407 meo
2320 4354 2550 4423 accipiet
2599 4361 2653 4408 et
2702 4353 3050 4407 annuntiabit
3087 4353 3242 4407 vobis
3278 4351 3347 4406 ⁸¹.
3401 4369 3422 4403 ι

172 4441 436 4511 Accipere
475 4451 659 4498 autem
709 4442 862 4497 illum
905 4443 1080 4508 dixit,
1130 4458 1238 4497 non
1282 4459 1346 4498 ex
1377 4443 1708 4514 ignorantia,
1739 4441 1835 4497 sed
1875 4439 2019 4510 quod
2048 4437 2285 4509 Spiritus
2313 4443 2685 4511 operationem
2713 4449 2768 4497 et
2796 4443 3025 4511 gratiam
3056 4442 3121 4497 ad
3148 4451 3425 4497 auctorem

170 4536 394 4592 referat.
426 4534 635 4592 Maced.
668 4534 722 4592 Si
751 4552 839 4592 res
865 4538 937 4590 ita
965 4552 1025 4591 se
1058 4537 1241 4599 habet.
1274 4538 1459 4592 ethoc
1489 4536 1722 4603 accipio.
1759 4534 2031 4589 Ministrat
2053 4535 2196 4590 enim
2221 4536 2382 4590 nobis
2414 4535 2655 4605 Spiritus
2680 4536 2910 4606 gratiam
2941 4534 3056 4590 Dei.

244 4631 333 4685 47.
376 4632 528 4699 Ὀρθ.
556 4631 723 4685 Πάλιν
757 4632 1030 4685 διακονίαν
1079 4631 1276 4700 λέγεις,
1326 4630 1402 4694 ὡς
1442 4629 1743 4701 παραιτού-

1918 4628 2006 4684 17.
2051 4627 2201 4683 ΟνιΙι.
2250 4626 2494 4683 Rursum
2543 4629 2798 4683 nominas
2829 4627 3233 4689 ministerium,
3265 4628 3424 4698 quasi

173 4738 335 4793 μενος
362 4724 533 4775 εἰπεῖν
565 4722 819 4793 συνεργὸν
842 4722 935 4776 τοῦ
971 4722 1104 4776 Θεοῦ
1129 4723 1188 4776 τὸ
1219 4721 1444 4792 Πνεῦμα
1469 4738 1483 4786 ;
1517 4723 1740 4776 Μακεδ.

170 4812 250 4865 Οὐ
284 4811 358 4883 μὴ
387 4811 581 4886 πείσῃς
616 4812 680 4883 μέ
720 4829 849 4866 ποτε
882 4815 1052 4866 εἰπεῖν
1091 4813 1350 4885 συνεργὸν
1399 4812 1491 4866 τοῦ
1521 4814 1654 4868 Θεοῦ
1685 4813 1743 4867 rb

169 4900 414 4971 Πνεῦμα.
457 4901 608 4970 ’ορ6.
636 4902 841 4967 Παῦλος
866 4905 895 4956 6
928 4904 1223 4968 ἀπόστολος
1263 4905 1558 4976 συνεργοὺς
1615 4905 1742 4969 τοὺς

169 4990 499 5054 ἀποστόλους
526 4990 670 5059 λέγει
691 4991 784 5045 τοῦ
816 4992 975 5057 Θεοῦ,
1006 4994 1099 5047 καὶ
1134 4994 1198 5046 σὺ
1230 4993 1291 5046 rb
1320 4993 1545 5065 Πνεῦμα
1572 4993 1739 5047 αὐτοῦ

170 5081 432 5152 συνεργὸν
464 5080 602 5153 φοϐῇ
627 5084 835 5149 εἰπεῖν;
878 5081 1058 5148 ’Ἄξιον
1088 5082 1174 5136 ἴνα
1202 5084 1442 5157 ἀκούσῃς
1464 5101 1478 5114 ·
1516 5103 1534 5135 ι
1595 5085 1744 5137 Ἐκεῖ

167 5170 512 5244 ἔφοὸήθησαν
529 5171 709 5242 φόϐον,
742 5166 804 5226 οῦ
833 5170 1026 5251 ούκυῆν
1061 5174 1242 5245 φόϐος.
1280 5195 1297 5226 ι
1335 5175 1559 5231 Μακεδ.
1620 5174 1739 5230 Κᾶν

167 5263 309 5317 εἴπω
339 5264 595 5336 συνεργὸν
617 5264 679 5317 rb
706 5264 929 5337 Πνεῦμα
951 5265 1028 5337 τῷ
1047 5266 1185 5338 Θεῷ,
1217 5267 1328 5321 ἀλλ’
1356 5267 1418 5321 οὐ
1437 5267 1741 5336 συνδοξάςω

166 5351 302 5407 αὐτὸ
317 5350 397 5423 τῷ
420 5351 556 5423 Θεῷ.
587 5353 739 5423 Ὀρθ.
784 5355 907 5409 Ἐὰν
934 5351 1026 5409 οὖν
1053 5355 1186 5429 λέγῃ
1216 5356 1428 5421 Παῦλος
1456 5357 1583 5428 περὶ
1627 5355 1736 5411 τῶν

234 5591 285 5625 ’⁸
318 5588 475 5648 Joan.
516 5608 588 5659 vr,
618 5594 706 5651 38.
785 5597 829 5628 ⁷⁸
864 5594 1020 5652 Joan.
1059 5614 1189 5662 vm,
1224 5597 1314 5654 28.
1393 5599 1438 5629 ⁸⁸
1474 5596 1632 5654 Joan.
1674 5616 1795 5665 xvr,
1838 5600 1921 5656 l5.
2012 5601 2053 5647 υ
2096 5602 2231 5657 ibid.
2275 5602 2360 5658 l5.
2434 5603 2479 5634 ⁸²
2522 5600 2668 5658 Psal.
2708 5616 2845 5665 xm,
2881 5601 2935 5654 5.

1848 4734 2074 4780 renuas,
2109 4718 2373 4788 Spiritum
2423 4716 2519 4771 Dei
2554 4718 2932 4787 cooperarium
2973 4717 3176 4772 dicere.
3212 4714 3420 4771 Haced.

1847 4809 2139 4881 Nunquam
2188 4810 2317 4864 mihi
2345 4811 2684 4880 persuaseris
2708 4818 2765 4864 ut
2796 4808 3057 4881 Spiritum
3089 4808 3181 4864 Dei
3234 4824 3404 4880 coope

1847 4906 2054 4957 rarium
2101 4901 2305 4956 dicam.
2359 4901 2513 4958 Orth.
2542 4902 2844 4972 Apostolus
2898 4900 3096 4955 Paulus
3144 4901 3420 4970 apostolos

1846 4990 1945 5047 Dei
1977 4992 2330 5062 cooperarios
2363 5001 2521 5047 vocat
2565 5011 2579 5047 :
2621 5001 2675 5048 et
2712 5001 2769 5047 tu
2808 4991 3070 5062 Spiritum
3110 4990 3286 5061 ipsius
3323 5006 3420 5045 co-

1849 5084 2160 5154 operarium
2185 5085 2366 5139 dicere
2393 5085 2640 5140 vereris?
2657 5083 2789 5139 Jure
2812 5085 2865 5139 in
2889 5092 2943 5139 te
2964 5083 3095 5138 illud
3120 5083 3417 5153 competit:

1853 5193 1872 5225 ι
1910 5173 2025 5229 Illic
2050 5174 2459 5244 trepidaverunt
2479 5175 2698 5240 timore,
2719 5170 2809 5229 ubi
2834 5191 2944 5230 non
2967 5183 3085 5230 erat
3110 5176 3275 5229 timor
3294 5172 3361 5226 ³⁸.
3394 5191 3413 5223 ι
3486 5186 3489 5193 ί

1848 5266 2058 5324 Ηαεεά.
2088 5266 2205 5323 Etsi
2237 5267 2426 5322 dixero
2450 5265 2714 5338 Spiritum
2744 5264 2852 5320 Deo
2880 5265 3279 5336 cooperarium,
3309 5279 3416 5318 non

1848 5364 2032 5413 tamen
2078 5357 2268 5414 eodem
2301 5356 2456 5411 illum
2506 5370 2618 5427 quo
2658 5354 2829 5410 Deum
2874 5357 3038 5410 modo
3059 5353 3416 5428 .gloriﬂcaho.

3333 5649 3350 5693 l
