  <div class='ocr_page' id='page_1' title='image "/cluster/home/n/w/nwhite01/storage/ocr_20150623/28/nnc1.0046978690/733.png"; bbox 0 0 3842 6210; ppageno 0'>
   <div class='ocr_carea' id='block_1_1' title="bbox 510 298 651 358">
    <p class='ocr_par' dir='ltr' id='par_1_1' title="bbox 510 298 651 358">
     <span class='ocr_line' id='line_1_1' title="bbox 510 298 651 358; baseline 0.021 -3"><span class='ocrx_word' id='word_1_1' title='bbox 510 298 651 358; x_wconf 74' lang='grc'><strong>1519</strong></span> 
     </span>
    </p>
   </div>
   <div class='ocr_carea' id='block_1_2' title="bbox 1644 287 2640 347">
    <p class='ocr_par' dir='ltr' id='par_1_2' title="bbox 1644 287 2640 347">
     <span class='ocr_line' id='line_1_2' title="bbox 1644 287 2640 347; baseline -0.002 -2"><span class='ocrx_word' id='word_1_2' title='bbox 1644 292 1703 345; x_wconf 85' lang='lat' dir='ltr'><strong>S.</strong></span> <span class='ocrx_word' id='word_1_3' title='bbox 1749 288 2214 347; x_wconf 74' lang='lat' dir='ltr'><strong>ATHANASIUS.</strong></span> <span class='ocrx_word' id='word_1_4' title='bbox 2256 319 2324 330; x_wconf 90' lang='lat'><strong>-—</strong></span> <span class='ocrx_word' id='word_1_5' title='bbox 2365 287 2640 343; x_wconf 74' lang='lat' dir='ltr'><strong>SPURIA.</strong></span> 
     </span>
    </p>
   </div>
   <div class='ocr_carea' id='block_1_3' title="bbox 3626 288 3736 346">
    <p class='ocr_par' dir='ltr' id='par_1_3' title="bbox 3626 288 3736 346">
     <span class='ocr_line' id='line_1_3' title="bbox 3626 288 3736 346; baseline 0.027 -3"><span class='ocrx_word' id='word_1_6' title='bbox 3626 288 3736 346; x_wconf 64' lang='grc'>1510</span> 
     </span>
    </p>
   </div>
   <div class='ocr_carea' id='block_1_4' title="bbox 506 396 2071 480">
    <p class='ocr_par' dir='ltr' id='par_1_4' title="bbox 506 403 2071 480">
     <span class='ocr_line' id='line_1_4' title="bbox 506 403 2071 480; baseline -0.004 -14"><span class='ocrx_word' id='word_1_7' title='bbox 506 418 659 466; x_wconf 83' lang='lat' dir='ltr'><strong>()rm.</strong></span> <span class='ocrx_word' id='word_1_8' title='bbox 694 409 832 466; x_wconf 78' lang='lat' dir='ltr'><strong>Cum</strong></span> <span class='ocrx_word' id='word_1_9' title='bbox 867 410 1034 480; x_wconf 89' lang='lat' dir='ltr'><strong>igitur</strong></span> <span class='ocrx_word' id='word_1_10' title='bbox 1071 406 1276 463; x_wconf 85' lang='lat' dir='ltr'><strong>Paulus</strong></span> <span class='ocrx_word' id='word_1_11' title='bbox 1312 404 1381 462; x_wconf 90' lang='lat' dir='ltr'><strong>de</strong></span> <span class='ocrx_word' id='word_1_12' title='bbox 1431 404 1682 462; x_wconf 80' lang='lat' dir='ltr'><strong>ﬁdelibus</strong></span> <span class='ocrx_word' id='word_1_13' title='bbox 1729 408 1805 460; x_wconf 89' lang='lat' dir='ltr'><strong>ait</strong></span> <span class='ocrx_word' id='word_1_14' title='bbox 1838 424 1852 460; x_wconf 90' lang='lat'>:</span> <span class='ocrx_word' id='word_1_15' title='bbox 1897 424 1917 458; x_wconf 73' lang='grc' dir='ltr'><strong>ι</strong></span> <span class='ocrx_word' id='word_1_16' title='bbox 1959 403 2071 460; x_wconf 85' lang='lat' dir='ltr'><strong>Non</strong></span> 
     </span>
    </p>
   </div>
   <div class='ocr_carea' id='block_1_5' title="bbox 2176 396 3744 480">
    <p class='ocr_par' dir='ltr' id='par_1_5' title="bbox 2181 396 3744 468">
     <span class='ocr_line' id='line_1_5' title="bbox 2181 396 3744 468; baseline 0.001 -11"><span class='ocrx_word' id='word_1_17' title='bbox 2181 405 2607 464; x_wconf 71' lang='grc' dir='ltr'>πιστευσάντων,</span> <span class='ocrx_word' id='word_1_18' title='bbox 2633 404 2717 456; x_wconf 82' lang='grc' dir='ltr'>ὅτι</span> <span class='ocrx_word' id='word_1_19' title='bbox 2755 422 2772 452; x_wconf 78' lang='grc' dir='ltr'><strong>ι</strong></span> <span class='ocrx_word' id='word_1_20' title='bbox 2804 402 2918 455; x_wconf 76' lang='grc' dir='ltr'><strong>Οὐκ</strong></span> <span class='ocrx_word' id='word_1_21' title='bbox 2942 400 3020 453; x_wconf 73' lang='grc' dir='ltr'>ἔτι</span> <span class='ocrx_word' id='word_1_22' title='bbox 3057 396 3106 453; x_wconf 80' lang='grc' dir='ltr'><strong>εἴ</strong></span> <span class='ocrx_word' id='word_1_23' title='bbox 3146 399 3349 465; x_wconf 86' lang='grc' dir='ltr'>δοῦλος,</span> <span class='ocrx_word' id='word_1_24' title='bbox 3377 399 3495 454; x_wconf 81' lang='grc' dir='ltr'>ἀλλ’</span> <span class='ocrx_word' id='word_1_25' title='bbox 3528 402 3647 468; x_wconf 71' lang='grc' dir='ltr'>υἱός</span> <span class='ocrx_word' id='word_1_26' title='bbox 3665 420 3679 433; x_wconf 89' lang='grc'><strong>·</strong></span> <span class='ocrx_word' id='word_1_27' title='bbox 3705 409 3744 459; x_wconf 75' lang='grc' dir='ltr'><strong>εί</strong></span> 
     </span>
    </p>
   </div>
   <div class='ocr_carea' id='block_1_6' title="bbox 502 493 2071 574">
    <p class='ocr_par' dir='ltr' id='par_1_6' title="bbox 502 496 2071 574">
     <span class='ocr_line' id='line_1_6' title="bbox 502 496 2071 574; baseline -0.004 -17"><span class='ocrx_word' id='word_1_28' title='bbox 502 505 736 574; x_wconf 86' lang='lat' dir='ltr'><strong>amplius</strong></span> <span class='ocrx_word' id='word_1_29' title='bbox 770 518 832 558; x_wconf 82' lang='lat' dir='ltr'><strong>es</strong></span> <span class='ocrx_word' id='word_1_30' title='bbox 878 516 1092 563; x_wconf 81' lang='lat' dir='ltr'><strong>servus,</strong></span> <span class='ocrx_word' id='word_1_31' title='bbox 1139 499 1236 554; x_wconf 88' lang='lat' dir='ltr'><strong>sed</strong></span> <span class='ocrx_word' id='word_1_32' title='bbox 1284 497 1473 563; x_wconf 82' lang='lat' dir='ltr'><strong>Filius,</strong></span> <span class='ocrx_word' id='word_1_33' title='bbox 1505 498 1650 569; x_wconf 85' lang='lat' dir='ltr'><strong>quod</strong></span> <span class='ocrx_word' id='word_1_34' title='bbox 1694 499 1741 551; x_wconf 90' lang='lat' dir='ltr'><strong>si</strong></span> <span class='ocrx_word' id='word_1_35' title='bbox 1776 496 1969 561; x_wconf 85' lang='lat' dir='ltr'><strong>Filius,</strong></span> <span class='ocrx_word' id='word_1_36' title='bbox 2028 505 2071 551; x_wconf 82' lang='lat' dir='ltr'><strong>el</strong></span> 
     </span>
    </p>
   </div>
   <div class='ocr_carea' id='block_1_7' title="bbox 2176 493 3747 574">
    <p class='ocr_par' dir='ltr' id='par_1_7' title="bbox 2183 493 3747 568">
     <span class='ocr_line' id='line_1_7' title="bbox 2183 493 3747 568; baseline 0.001 -18"><span class='ocrx_word' id='word_1_37' title='bbox 2183 498 2241 551; x_wconf 82' lang='grc' dir='ltr'>δὲ</span> <span class='ocrx_word' id='word_1_38' title='bbox 2272 498 2406 561; x_wconf 84' lang='grc' dir='ltr'>υίὸς,</span> <span class='ocrx_word' id='word_1_39' title='bbox 2440 498 2534 550; x_wconf 81' lang='grc' dir='ltr'>καὶ</span> <span class='ocrx_word' id='word_1_40' title='bbox 2565 495 2892 568; x_wconf 77' lang='grc' dir='ltr'><strong>κληρονόμος</strong></span> <span class='ocrx_word' id='word_1_41' title='bbox 2928 495 3026 565; x_wconf 72' lang='grc' dir='ltr'>μὲν</span> <span class='ocrx_word' id='word_1_42' title='bbox 3050 493 3208 560; x_wconf 92' lang='grc' dir='ltr'>Θεοῦ,</span> <span class='ocrx_word' id='word_1_43' title='bbox 3232 493 3674 565; x_wconf 82' lang='grc' dir='ltr'>συγκληρονόμος</span> <span class='ocrx_word' id='word_1_44' title='bbox 3700 496 3747 551; x_wconf 72' lang='grc' dir='ltr'><strong>ἃ</strong></span> 
     </span>
    </p>
   </div>
   <div class='ocr_carea' id='block_1_8' title="bbox 503 588 2078 665">
    <p class='ocr_par' dir='ltr' id='par_1_8' title="bbox 503 588 2078 665">
     <span class='ocr_line' id='line_1_8' title="bbox 503 588 2078 665; baseline -0.006 -16"><span class='ocrx_word' id='word_1_45' title='bbox 503 596 678 650; x_wconf 64' lang='lat' dir='ltr'><strong>haeres</strong></span> <span class='ocrx_word' id='word_1_46' title='bbox 719 594 940 665; x_wconf 87' lang='lat' dir='ltr'><strong>quidem</strong></span> <span class='ocrx_word' id='word_1_47' title='bbox 988 591 1107 655; x_wconf 86' lang='lat' dir='ltr'><strong>Dei,</strong></span> <span class='ocrx_word' id='word_1_48' title='bbox 1157 590 1362 646; x_wconf 91' lang='lat' dir='ltr'><strong>Christi</strong></span> <span class='ocrx_word' id='word_1_49' title='bbox 1408 598 1590 644; x_wconf 89' lang='lat' dir='ltr'><strong>autem</strong></span> <span class='ocrx_word' id='word_1_50' title='bbox 1625 590 1873 645; x_wconf 66' lang='lat' dir='ltr'><strong>cohaeres</strong></span> <span class='ocrx_word' id='word_1_51' title='bbox 1905 588 2000 642; x_wconf 82' lang='lat'><strong>“:</strong></span> <span class='ocrx_word' id='word_1_52' title='bbox 2059 606 2078 639; x_wconf 74' lang='grc' dir='ltr'><strong>ι</strong></span> 
     </span>
    </p>
   </div>
   <div class='ocr_carea' id='block_1_9' title="bbox 504 678 2083 756">
    <p class='ocr_par' dir='ltr' id='par_1_9' title="bbox 504 678 2083 756">
     <span class='ocr_line' id='line_1_9' title="bbox 504 678 2083 756; baseline -0.004 -16"><span class='ocrx_word' id='word_1_53' title='bbox 504 690 817 756; x_wconf 79' lang='lat' dir='ltr'><strong>teipsumne</strong></span> <span class='ocrx_word' id='word_1_54' title='bbox 866 683 1094 753; x_wconf 89' lang='lat' dir='ltr'><strong>dignum</strong></span> <span class='ocrx_word' id='word_1_55' title='bbox 1134 681 1444 746; x_wconf 77' lang='lat' dir='ltr'><strong>existimas,</strong></span> <span class='ocrx_word' id='word_1_56' title='bbox 1496 679 1590 749; x_wconf 90' lang='lat' dir='ltr'><strong>qui</strong></span> <span class='ocrx_word' id='word_1_57' title='bbox 1641 679 1696 733; x_wconf 94' lang='lat' dir='ltr'><strong>in</strong></span> <span class='ocrx_word' id='word_1_58' title='bbox 1740 678 2083 756; x_wconf 64' lang='lat' dir='ltr'><strong>hereditatis</strong></span> 
     </span>
    </p>
   </div>
   <div class='ocr_carea' id='block_1_10' title="bbox 502 750 2083 842">
    <p class='ocr_par' dir='ltr' id='par_1_10' title="bbox 502 750 2083 842">
     <span class='ocr_line' id='line_1_10' title="bbox 502 750 2083 842; baseline -0.005 -10"><span class='ocrx_word' id='word_1_59' title='bbox 502 750 821 832; x_wconf 66' lang='lat' dir='ltr'><strong>sodietatem</strong></span> <span class='ocrx_word' id='word_1_60' title='bbox 853 750 1208 837; x_wconf 79' lang='lat' dir='ltr'><strong>adsciscaris,</strong></span> <span class='ocrx_word' id='word_1_61' title='bbox 1240 769 1506 842; x_wconf 83' lang='lat' dir='ltr'><strong>Spiritum</strong></span> <span class='ocrx_word' id='word_1_62' title='bbox 1542 785 1652 825; x_wconf 93' lang='lat' dir='ltr'><strong>non</strong></span> <span class='ocrx_word' id='word_1_63' title='bbox 1693 750 1866 825; x_wconf 78' lang='lat' dir='ltr'><strong>item?</strong></span> <span class='ocrx_word' id='word_1_64' title='bbox 1891 769 1958 823; x_wconf 89' lang='lat' dir='ltr'><strong>Et</strong></span> <span class='ocrx_word' id='word_1_65' title='bbox 1985 785 2083 824; x_wconf 89' lang='lat' dir='ltr'><strong>au-</strong></span> 
     </span>
    </p>
   </div>
   <div class='ocr_carea' id='block_1_11' title="bbox 502 864 2084 937">
    <p class='ocr_par' dir='ltr' id='par_1_11' title="bbox 502 864 2084 937">
     <span class='ocr_line' id='line_1_11' title="bbox 502 864 2084 937; baseline -0.004 -15"><span class='ocrx_word' id='word_1_66' title='bbox 502 869 589 923; x_wconf 86' lang='lat' dir='ltr'><strong>dis</strong></span> <span class='ocrx_word' id='word_1_67' title='bbox 622 875 680 921; x_wconf 92' lang='lat' dir='ltr'><strong>tu</strong></span> <span class='ocrx_word' id='word_1_68' title='bbox 713 865 933 937; x_wconf 86' lang='lat' dir='ltr'><strong>quidem</strong></span> <span class='ocrx_word' id='word_1_69' title='bbox 968 884 981 920; x_wconf 89' lang='lat'><strong>:</strong></span> <span class='ocrx_word' id='word_1_70' title='bbox 1023 883 1042 917; x_wconf 70' lang='grc'><strong>(</strong></span> <span class='ocrx_word' id='word_1_71' title='bbox 1081 864 1138 919; x_wconf 88' lang='lat' dir='ltr'><strong>Si</strong></span> <span class='ocrx_word' id='word_1_72' title='bbox 1167 874 1350 919; x_wconf 89' lang='lat' dir='ltr'><strong>tamen</strong></span> <span class='ocrx_word' id='word_1_73' title='bbox 1373 864 1758 933; x_wconf 89' lang='lat' dir='ltr'><strong>compatimur,</strong></span> <span class='ocrx_word' id='word_1_74' title='bbox 1789 870 1849 916; x_wconf 91' lang='lat' dir='ltr'><strong>ut</strong></span> <span class='ocrx_word' id='word_1_75' title='bbox 1872 870 1926 916; x_wconf 92' lang='lat' dir='ltr'><strong>et</strong></span> <span class='ocrx_word' id='word_1_76' title='bbox 1951 876 2084 916; x_wconf 86' lang='lat' dir='ltr'><strong>con-</strong></span> 
     </span>
    </p>
   </div>
   <div class='ocr_carea' id='block_1_12' title="bbox 498 944 2081 1032">
    <p class='ocr_par' dir='ltr' id='par_1_12' title="bbox 498 944 2081 1032">
     <span class='ocr_line' id='line_1_12' title="bbox 498 944 2081 1032; baseline -0.004 -19"><span class='ocrx_word' id='word_1_77' title='bbox 498 944 869 1032; x_wconf 78' lang='lat' dir='ltr'><strong>gloriiicemur</strong></span> <span class='ocrx_word' id='word_1_78' title='bbox 900 958 947 990; x_wconf 74' lang='lat'><strong>“</strong></span> <span class='ocrx_word' id='word_1_79' title='bbox 982 976 995 1012; x_wconf 92' lang='lat'>:</span> <span class='ocrx_word' id='word_1_80' title='bbox 1041 978 1060 1009; x_wconf 74' lang='grc' dir='ltr'><strong>ι</strong></span> <span class='ocrx_word' id='word_1_81' title='bbox 1099 954 1342 1025; x_wconf 86' lang='lat' dir='ltr'><strong>Spiritus</strong></span> <span class='ocrx_word' id='word_1_82' title='bbox 1375 970 1487 1009; x_wconf 91' lang='lat' dir='ltr'><strong>non</strong></span> <span class='ocrx_word' id='word_1_83' title='bbox 1548 952 1713 1008; x_wconf 77' lang='lat' dir='ltr'><strong>item?</strong></span> <span class='ocrx_word' id='word_1_84' title='bbox 1753 970 1773 1005; x_wconf 77' lang='grc' dir='ltr'><strong>ι</strong></span> <span class='ocrx_word' id='word_1_85' title='bbox 1818 950 1877 1007; x_wconf 88' lang='lat' dir='ltr'><strong>Si</strong></span> <span class='ocrx_word' id='word_1_86' title='bbox 1916 953 2081 1008; x_wconf 88' lang='lat' dir='ltr'><strong>simul</strong></span> 
     </span>
    </p>
   </div>
   <div class='ocr_carea' id='block_1_13' title="bbox 500 1042 2079 1116">
    <p class='ocr_par' dir='ltr' id='par_1_13' title="bbox 500 1042 2079 1116">
     <span class='ocr_line' id='line_1_13' title="bbox 500 1042 2079 1116; baseline -0.004 -13"><span class='ocrx_word' id='word_1_87' title='bbox 500 1051 701 1106; x_wconf 89' lang='lat' dir='ltr'><strong>mortui</strong></span> <span class='ocrx_word' id='word_1_88' title='bbox 729 1065 939 1113; x_wconf 91' lang='lat' dir='ltr'><strong>sumus,</strong></span> <span class='ocrx_word' id='word_1_89' title='bbox 974 1049 1140 1103; x_wconf 90' lang='lat' dir='ltr'><strong>simul</strong></span> <span class='ocrx_word' id='word_1_90' title='bbox 1164 1047 1328 1101; x_wconf 85' lang='lat' dir='ltr'><strong>etiam</strong></span> <span class='ocrx_word' id='word_1_91' title='bbox 1355 1045 1711 1116; x_wconf 85' lang='lat' dir='ltr'><strong>regnahimus</strong></span> <span class='ocrx_word' id='word_1_92' title='bbox 1749 1044 1796 1078; x_wconf 87' lang='grc'><strong><em>⁸³</em></strong></span> <span class='ocrx_word' id='word_1_93' title='bbox 1833 1062 1845 1098; x_wconf 91' lang='lat'>:</span> <span class='ocrx_word' id='word_1_94' title='bbox 1891 1063 1912 1097; x_wconf 74' lang='grc' dir='ltr'><strong>ο</strong></span> <span class='ocrx_word' id='word_1_95' title='bbox 1953 1042 2079 1115; x_wconf 89' lang='lat' dir='ltr'><strong>Spi-</strong></span> 
     </span>
    </p>
   </div>
   <div class='ocr_carea' id='block_1_14' title="bbox 497 1133 2081 1205">
    <p class='ocr_par' dir='ltr' id='par_1_14' title="bbox 497 1133 2081 1205">
     <span class='ocr_line' id='line_1_14' title="bbox 497 1133 2081 1205; baseline -0.004 -9"><span class='ocrx_word' id='word_1_96' title='bbox 497 1140 639 1196; x_wconf 83' lang='lat' dir='ltr'><strong>ritus</strong></span> <span class='ocrx_word' id='word_1_97' title='bbox 671 1154 780 1193; x_wconf 92' lang='lat' dir='ltr'><strong>non</strong></span> <span class='ocrx_word' id='word_1_98' title='bbox 822 1139 952 1192; x_wconf 90' lang='lat' dir='ltr'><strong>item</strong></span> <span class='ocrx_word' id='word_1_99' title='bbox 973 1139 998 1190; x_wconf 75' lang='lat' dir='ltr'><strong>&#39;i</strong></span> <span class='ocrx_word' id='word_1_100' title='bbox 1025 1135 1238 1191; x_wconf 73' lang='lat' dir='ltr'><strong>Maced.</strong></span> <span class='ocrx_word' id='word_1_101' title='bbox 1277 1135 1529 1191; x_wconf 83' lang='lat' dir='ltr'><strong>Etiamne</strong></span> <span class='ocrx_word' id='word_1_102' title='bbox 1568 1133 1831 1205; x_wconf 85' lang='lat' dir='ltr'><strong>Spiritum</strong></span> <span class='ocrx_word' id='word_1_103' title='bbox 1861 1150 2081 1205; x_wconf 87' lang='lat' dir='ltr'><strong>quoque</strong></span> 
     </span>
    </p>
   </div>
   <div class='ocr_carea' id='block_1_15' title="bbox 496 1227 2079 1303">
    <p class='ocr_par' dir='ltr' id='par_1_15' title="bbox 496 1227 2079 1303">
     <span class='ocr_line' id='line_1_15' title="bbox 496 1227 2079 1303; baseline -0.003 -16"><span class='ocrx_word' id='word_1_104' title='bbox 496 1247 683 1303; x_wconf 80' lang='lat' dir='ltr'><strong>regem</strong></span> <span class='ocrx_word' id='word_1_105' title='bbox 750 1230 1075 1300; x_wconf 83' lang='lat' dir='ltr'><strong>nuncupas?</strong></span> <span class='ocrx_word' id='word_1_106' title='bbox 1119 1229 1272 1284; x_wconf 84' lang='lat' dir='ltr'><strong>Orlh.</strong></span> <span class='ocrx_word' id='word_1_107' title='bbox 1321 1248 1341 1280; x_wconf 74' lang='grc' dir='ltr'><strong>ι</strong></span> <span class='ocrx_word' id='word_1_108' title='bbox 1404 1227 1462 1282; x_wconf 92' lang='lat' dir='ltr'><strong>Si</strong></span> <span class='ocrx_word' id='word_1_109' title='bbox 1517 1242 1666 1283; x_wconf 90' lang='lat' dir='ltr'><strong>mors</strong></span> <span class='ocrx_word' id='word_1_110' title='bbox 1707 1229 1956 1299; x_wconf 77' lang='lat' dir='ltr'><strong>regnavit</strong></span> <span class='ocrx_word' id='word_1_111' title='bbox 2009 1229 2079 1283; x_wconf 87' lang='lat' dir='ltr'><strong>ab</strong></span> 
     </span>
    </p>
   </div>
   <div class='ocr_carea' id='block_1_16' title="bbox 496 1321 2078 1393">
    <p class='ocr_par' dir='ltr' id='par_1_16' title="bbox 496 1321 2078 1393">
     <span class='ocr_line' id='line_1_16' title="bbox 496 1321 2078 1393; baseline -0.003 -14"><span class='ocrx_word' id='word_1_112' title='bbox 496 1323 707 1379; x_wconf 78' lang='lat' dir='ltr'><strong>Adamo</strong></span> <span class='ocrx_word' id='word_1_113' title='bbox 735 1339 908 1393; x_wconf 87' lang='lat' dir='ltr'><strong>usque</strong></span> <span class='ocrx_word' id='word_1_114' title='bbox 933 1323 1000 1377; x_wconf 86' lang='lat' dir='ltr'><strong>ad</strong></span> <span class='ocrx_word' id='word_1_115' title='bbox 1026 1321 1269 1393; x_wconf 79' lang='lat' dir='ltr'><strong>Moysen,</strong></span> <span class='ocrx_word' id='word_1_116' title='bbox 1296 1322 1459 1376; x_wconf 93' lang='lat' dir='ltr'><strong>etiam</strong></span> <span class='ocrx_word' id='word_1_117' title='bbox 1487 1321 1542 1376; x_wconf 91' lang='lat' dir='ltr'><strong>in</strong></span> <span class='ocrx_word' id='word_1_118' title='bbox 1564 1336 1660 1376; x_wconf 91' lang='lat' dir='ltr'><strong>eos</strong></span> <span class='ocrx_word' id='word_1_119' title='bbox 1684 1323 1778 1392; x_wconf 89' lang='lat' dir='ltr'><strong>qui</strong></span> <span class='ocrx_word' id='word_1_120' title='bbox 1808 1336 1919 1376; x_wconf 92' lang='lat' dir='ltr'><strong>non</strong></span> <span class='ocrx_word' id='word_1_121' title='bbox 1950 1335 2078 1391; x_wconf 84' lang='lat' dir='ltr'><strong>pec-</strong></span> 
     </span>
    </p>
   </div>
   <div class='ocr_carea' id='block_1_17' title="bbox 496 1412 2080 1485">
    <p class='ocr_par' dir='ltr' id='par_1_17' title="bbox 496 1412 2080 1485">
     <span class='ocr_line' id='line_1_17' title="bbox 496 1412 2080 1485; baseline -0.006 -13"><span class='ocrx_word' id='word_1_122' title='bbox 496 1426 756 1472; x_wconf 80' lang='lat' dir='ltr'><strong>caverant</strong></span> <span class='ocrx_word' id='word_1_123' title='bbox 783 1415 851 1478; x_wconf 79' lang='grc'><strong>⁸⁸,</strong></span> <span class='ocrx_word' id='word_1_124' title='bbox 886 1435 904 1467; x_wconf 71' lang='grc' dir='ltr'><strong>ι</strong></span> <span class='ocrx_word' id='word_1_125' title='bbox 932 1418 1025 1485; x_wconf 84' lang='lat' dir='ltr'><strong>qui</strong></span> <span class='ocrx_word' id='word_1_126' title='bbox 1058 1430 1165 1468; x_wconf 91' lang='lat' dir='ltr'><strong>non</strong></span> <span class='ocrx_word' id='word_1_127' title='bbox 1200 1413 1439 1485; x_wconf 86' lang='lat' dir='ltr'><strong>Spiritus</strong></span> <span class='ocrx_word' id='word_1_128' title='bbox 1469 1416 1593 1468; x_wconf 68' lang='lat' dir='ltr'><strong>vitae</strong></span> <span class='ocrx_word' id='word_1_129' title='bbox 1623 1413 1677 1467; x_wconf 92' lang='lat' dir='ltr'><strong>in</strong></span> <span class='ocrx_word' id='word_1_130' title='bbox 1705 1412 1863 1468; x_wconf 86' lang='lat' dir='ltr'><strong>nobis</strong></span> <span class='ocrx_word' id='word_1_131' title='bbox 1890 1424 2080 1480; x_wconf 86' lang='lat' dir='ltr'><strong>regna-</strong></span> 
     </span>
    </p>
   </div>
   <div class='ocr_carea' id='block_1_18' title="bbox 495 1504 2072 1577">
    <p class='ocr_par' dir='ltr' id='par_1_18' title="bbox 495 1504 2072 1577">
     <span class='ocr_line' id='line_1_18' title="bbox 495 1504 2072 1577; baseline -0.004 -14"><span class='ocrx_word' id='word_1_132' title='bbox 495 1509 617 1563; x_wconf 83' lang='lat' dir='ltr'><strong>ret?</strong></span> <span class='ocrx_word' id='word_1_133' title='bbox 648 1508 859 1563; x_wconf 76' lang='lat' dir='ltr'><strong>Maced.</strong></span> <span class='ocrx_word' id='word_1_134' title='bbox 896 1507 1007 1562; x_wconf 83' lang='lat' dir='ltr'><strong>Nos</strong></span> <span class='ocrx_word' id='word_1_135' title='bbox 1043 1505 1261 1562; x_wconf 88' lang='lat' dir='ltr'><strong>Patrem</strong></span> <span class='ocrx_word' id='word_1_136' title='bbox 1295 1506 1517 1577; x_wconf 86' lang='lat' dir='ltr'><strong>quidem</strong></span> <span class='ocrx_word' id='word_1_137' title='bbox 1548 1513 1602 1561; x_wconf 91' lang='lat' dir='ltr'><strong>et</strong></span> <span class='ocrx_word' id='word_1_138' title='bbox 1630 1504 1831 1560; x_wconf 88' lang='lat' dir='ltr'><strong>Filium</strong></span> <span class='ocrx_word' id='word_1_139' title='bbox 1866 1519 2072 1575; x_wconf 80' lang='lat' dir='ltr'><strong>regem,</strong></span> 
     </span>
    </p>
   </div>
   <div class='ocr_carea' id='block_1_19' title="bbox 497 1597 2071 1671">
    <p class='ocr_par' dir='ltr' id='par_1_19' title="bbox 497 1597 2071 1671">
     <span class='ocr_line' id='line_1_19' title="bbox 497 1597 2071 1671; baseline -0.003 -17"><span class='ocrx_word' id='word_1_140' title='bbox 497 1599 761 1671; x_wconf 88' lang='lat' dir='ltr'><strong>Spiritum</strong></span> <span class='ocrx_word' id='word_1_141' title='bbox 797 1609 1051 1657; x_wconf 88' lang='lat' dir='ltr'><strong>sanctum</strong></span> <span class='ocrx_word' id='word_1_142' title='bbox 1092 1616 1224 1655; x_wconf 80' lang='lat' dir='ltr'><strong>vero</strong></span> <span class='ocrx_word' id='word_1_143' title='bbox 1271 1600 1584 1654; x_wconf 88' lang='lat' dir='ltr'><strong>ministrum</strong></span> <span class='ocrx_word' id='word_1_144' title='bbox 1613 1599 1875 1654; x_wconf 85' lang='lat' dir='ltr'><strong>dicimus.</strong></span> <span class='ocrx_word' id='word_1_145' title='bbox 1914 1597 2071 1653; x_wconf 83' lang='lat' dir='ltr'><strong>Orth.</strong></span> 
     </span>
    </p>
   </div>
   <div class='ocr_carea' id='block_1_20' title="bbox 495 1679 2074 1763">
    <p class='ocr_par' dir='ltr' id='par_1_20' title="bbox 495 1679 2074 1763">
     <span class='ocr_line' id='line_1_20' title="bbox 495 1679 2074 1763; baseline -0.003 -16"><span class='ocrx_word' id='word_1_146' title='bbox 495 1690 671 1748; x_wconf 86' lang='lat' dir='ltr'><strong>Tuam</strong></span> <span class='ocrx_word' id='word_1_147' title='bbox 714 1679 890 1763; x_wconf 79' lang='lat' dir='ltr'><strong>ipsius</strong></span> <span class='ocrx_word' id='word_1_148' title='bbox 922 1692 1158 1747; x_wconf 66' lang='lat' dir='ltr'><strong>hmresin</strong></span> <span class='ocrx_word' id='word_1_149' title='bbox 1187 1691 1429 1747; x_wconf 91' lang='lat' dir='ltr'><strong>nondum</strong></span> <span class='ocrx_word' id='word_1_150' title='bbox 1469 1691 1601 1746; x_wconf 83' lang='lat' dir='ltr'><strong>satis</strong></span> <span class='ocrx_word' id='word_1_151' title='bbox 1629 1689 1909 1759; x_wconf 78' lang='lat' dir='ltr'><strong>intelligis.</strong></span> <span class='ocrx_word' id='word_1_152' title='bbox 1951 1687 2074 1743; x_wconf 86' lang='lat' dir='ltr'><strong>Ete-</strong></span> 
     </span>
    </p>
   </div>
   <div class='ocr_carea' id='block_1_21' title="bbox 2184 586 3748 661">
    <p class='ocr_par' dir='ltr' id='par_1_21' title="bbox 2184 586 3748 661">
     <span class='ocr_line' id='line_1_21' title="bbox 2184 586 3748 661; baseline -0.009 -18"><span class='ocrx_word' id='word_1_153' title='bbox 2184 588 2418 661; x_wconf 82' lang='grc' dir='ltr'><strong>Χριστοῦ</strong></span> <span class='ocrx_word' id='word_1_154' title='bbox 2443 606 2457 618; x_wconf 88' lang='grc'><strong>·</strong></span> <span class='ocrx_word' id='word_1_155' title='bbox 2502 607 2519 639; x_wconf 75' lang='grc' dir='ltr'><strong>ι</strong></span> <span class='ocrx_word' id='word_1_156' title='bbox 2557 590 2663 660; x_wconf 82' lang='grc' dir='ltr'>ἄρα</span> <span class='ocrx_word' id='word_1_157' title='bbox 2694 587 2887 641; x_wconf 83' lang='grc' dir='ltr'>σαυτὸν</span> <span class='ocrx_word' id='word_1_158' title='bbox 2941 586 3038 657; x_wconf 76' lang='grc' dir='ltr'>μὲν</span> <span class='ocrx_word' id='word_1_159' title='bbox 3062 586 3210 652; x_wconf 76' lang='grc' dir='ltr'>ἄξιον</span> <span class='ocrx_word' id='word_1_160' title='bbox 3243 586 3342 656; x_wconf 84' lang='grc' dir='ltr'>τῆς</span> <span class='ocrx_word' id='word_1_161' title='bbox 3396 586 3748 657; x_wconf 70' lang='grc' dir='ltr'>συγκληρονο.</span> 
     </span>
    </p>
   </div>
   <div class='ocr_carea' id='block_1_22' title="bbox 2187 678 3744 752">
    <p class='ocr_par' dir='ltr' id='par_1_22' title="bbox 2187 678 3744 752">
     <span class='ocr_line' id='line_1_22' title="bbox 2187 678 3744 752; baseline -0.002 -17"><span class='ocrx_word' id='word_1_162' title='bbox 2187 683 2477 752; x_wconf 78' lang='grc' dir='ltr'>μίαςήγῇ,</span> <span class='ocrx_word' id='word_1_163' title='bbox 2501 681 2563 734; x_wconf 89' lang='grc' dir='ltr'><strong>τὸ</strong></span> <span class='ocrx_word' id='word_1_164' title='bbox 2591 680 2646 733; x_wconf 84' lang='grc' dir='ltr'>δὲ</span> <span class='ocrx_word' id='word_1_165' title='bbox 2674 679 2897 750; x_wconf 81' lang='grc' dir='ltr'><strong>Πνεῦμα</strong></span> <span class='ocrx_word' id='word_1_166' title='bbox 2923 678 2984 732; x_wconf 80' lang='grc' dir='ltr'>οῦ</span> <span class='ocrx_word' id='word_1_167' title='bbox 3007 696 3022 743; x_wconf 87' lang='lat'>;</span> <span class='ocrx_word' id='word_1_168' title='bbox 3069 680 3179 733; x_wconf 77' lang='grc' dir='ltr'><strong>Καὶ</strong></span> <span class='ocrx_word' id='word_1_169' title='bbox 3224 679 3288 732; x_wconf 79' lang='grc' dir='ltr'><strong>σύ</strong></span> <span class='ocrx_word' id='word_1_170' title='bbox 3329 679 3430 749; x_wconf 84' lang='grc' dir='ltr'>μὲν</span> <span class='ocrx_word' id='word_1_171' title='bbox 3493 679 3709 744; x_wconf 75' lang='grc' dir='ltr'><strong>ἀκούεις</strong></span> <span class='ocrx_word' id='word_1_172' title='bbox 3732 696 3744 708; x_wconf 92' lang='grc'>·</span> 
     </span>
    </p>
   </div>
   <div class='ocr_carea' id='block_1_23' title="bbox 2188 771 3746 846">
    <p class='ocr_par' dir='ltr' id='par_1_23' title="bbox 2188 771 3746 846">
     <span class='ocr_line' id='line_1_23' title="bbox 2188 771 3746 846; baseline -0.001 -21"><span class='ocrx_word' id='word_1_173' title='bbox 2188 792 2208 825; x_wconf 73' lang='grc' dir='ltr'><strong>ι</strong></span> <span class='ocrx_word' id='word_1_174' title='bbox 2232 774 2402 846; x_wconf 76' lang='grc' dir='ltr'>Εἴπερ</span> <span class='ocrx_word' id='word_1_175' title='bbox 2437 773 2850 845; x_wconf 82' lang='grc' dir='ltr'>συμπάσχομεν,</span> <span class='ocrx_word' id='word_1_176' title='bbox 2882 773 2968 826; x_wconf 78' lang='grc' dir='ltr'>ἶνα</span> <span class='ocrx_word' id='word_1_177' title='bbox 2993 773 3087 824; x_wconf 70' lang='grc' dir='ltr'>καὶ</span> <span class='ocrx_word' id='word_1_178' title='bbox 3118 771 3601 842; x_wconf 77' lang='grc' dir='ltr'><strong>συνδοξασθῶμεν·</strong></span> <span class='ocrx_word' id='word_1_179' title='bbox 3645 791 3667 824; x_wconf 75' lang='grc' dir='ltr'><strong>ι</strong></span> <span class='ocrx_word' id='word_1_180' title='bbox 3697 772 3746 824; x_wconf 75' lang='grc' dir='ltr'><strong>τὸ</strong></span> 
     </span>
    </p>
   </div>
   <div class='ocr_carea' id='block_1_24' title="bbox 2180 862 3746 937">
    <p class='ocr_par' dir='ltr' id='par_1_24' title="bbox 2180 862 3746 937">
     <span class='ocr_line' id='line_1_24' title="bbox 2180 862 3746 937; baseline -0.003 -18"><span class='ocrx_word' id='word_1_181' title='bbox 2180 866 2238 919; x_wconf 80' lang='grc' dir='ltr'>δὲ</span> <span class='ocrx_word' id='word_1_182' title='bbox 2268 865 2490 937; x_wconf 81' lang='grc' dir='ltr'><strong>Πνεῦμα</strong></span> <span class='ocrx_word' id='word_1_183' title='bbox 2515 865 2605 929; x_wconf 77' lang='grc' dir='ltr'><strong>οῦς</strong></span> <span class='ocrx_word' id='word_1_184' title='bbox 2643 884 2662 916; x_wconf 75' lang='grc' dir='ltr'><strong>ι</strong></span> <span class='ocrx_word' id='word_1_185' title='bbox 2709 866 2771 918; x_wconf 85' lang='lat' dir='ltr'><strong>Et</strong></span> <span class='ocrx_word' id='word_1_186' title='bbox 2818 862 3281 934; x_wconf 69' lang='grc' dir='ltr'><strong>συναπεθάνομεν,</strong></span> <span class='ocrx_word' id='word_1_187' title='bbox 3336 863 3432 917; x_wconf 79' lang='grc' dir='ltr'>καὶ</span> <span class='ocrx_word' id='word_1_188' title='bbox 3489 862 3746 933; x_wconf 75' lang='grc' dir='ltr'>συμϐασι-</span> 
     </span>
    </p>
   </div>
   <div class='ocr_carea' id='block_1_25' title="bbox 2181 954 3744 1028">
    <p class='ocr_par' dir='ltr' id='par_1_25' title="bbox 2181 954 3744 1028">
     <span class='ocr_line' id='line_1_25' title="bbox 2181 954 3744 1028; baseline -0.002 -18"><span class='ocrx_word' id='word_1_189' title='bbox 2181 956 2443 1028; x_wconf 87' lang='grc' dir='ltr'>λεύσομεν</span> <span class='ocrx_word' id='word_1_190' title='bbox 2464 974 2477 987; x_wconf 90' lang='grc'><strong>·</strong></span> <span class='ocrx_word' id='word_1_191' title='bbox 2506 976 2524 1009; x_wconf 72' lang='grc' dir='ltr'><strong>ι</strong></span> <span class='ocrx_word' id='word_1_192' title='bbox 2546 957 2676 1010; x_wconf 76' lang='grc' dir='ltr'>τὸδὲ</span> <span class='ocrx_word' id='word_1_193' title='bbox 2693 957 2917 1026; x_wconf 80' lang='grc' dir='ltr'><strong>Πνεῦμα</strong></span> <span class='ocrx_word' id='word_1_194' title='bbox 2931 954 2991 1009; x_wconf 82' lang='grc' dir='ltr'>οῦ</span> <span class='ocrx_word' id='word_1_195' title='bbox 3015 972 3030 1019; x_wconf 79' lang='grc' dir='ltr'><strong>ς</strong></span> <span class='ocrx_word' id='word_1_196' title='bbox 3056 954 3277 1008; x_wconf 77' lang='grc' dir='ltr'>Μακεδ.</span> <span class='ocrx_word' id='word_1_197' title='bbox 3306 956 3418 1007; x_wconf 76' lang='grc' dir='ltr'><strong>Καὶ</strong></span> <span class='ocrx_word' id='word_1_198' title='bbox 3438 955 3507 1007; x_wconf 86' lang='grc' dir='ltr'><strong>τὸ</strong></span> <span class='ocrx_word' id='word_1_199' title='bbox 3536 954 3744 1025; x_wconf 78' lang='grc' dir='ltr'><strong>Πνεῦμα</strong></span> 
     </span>
    </p>
   </div>
   <div class='ocr_carea' id='block_1_26' title="bbox 2182 1045 3745 1120">
    <p class='ocr_par' dir='ltr' id='par_1_26' title="bbox 2182 1045 3745 1120">
     <span class='ocr_line' id='line_1_26' title="bbox 2182 1045 3745 1120; baseline -0.001 -19"><span class='ocrx_word' id='word_1_200' title='bbox 2182 1048 2404 1120; x_wconf 81' lang='grc' dir='ltr'><strong>βασιλέα</strong></span> <span class='ocrx_word' id='word_1_201' title='bbox 2443 1048 2657 1117; x_wconf 79' lang='grc' dir='ltr'>λέγειςς</span> <span class='ocrx_word' id='word_1_202' title='bbox 2702 1049 2856 1116; x_wconf 81' lang='grc' dir='ltr'>Ὀρθ.</span> <span class='ocrx_word' id='word_1_203' title='bbox 2910 1066 2929 1098; x_wconf 74' lang='grc' dir='ltr'><strong>ι</strong></span> <span class='ocrx_word' id='word_1_204' title='bbox 2968 1046 3032 1099; x_wconf 75' lang='lat' dir='ltr'><strong>Et</strong></span> <span class='ocrx_word' id='word_1_205' title='bbox 3070 1049 3099 1100; x_wconf 84' lang='grc' dir='ltr'>ὁ</span> <span class='ocrx_word' id='word_1_206' title='bbox 3132 1046 3354 1109; x_wconf 83' lang='grc' dir='ltr'>θάνατος</span> <span class='ocrx_word' id='word_1_207' title='bbox 3403 1045 3745 1099; x_wconf 76' lang='grc' dir='ltr'>ἐϐασίλευσεν</span> 
     </span>
    </p>
   </div>
   <div class='ocr_carea' id='block_1_27' title="bbox 2178 1138 3743 1212">
    <p class='ocr_par' dir='ltr' id='par_1_27' title="bbox 2178 1138 3743 1212">
     <span class='ocr_line' id='line_1_27' title="bbox 2178 1138 3743 1212; baseline -0.003 -19"><span class='ocrx_word' id='word_1_208' title='bbox 2178 1141 2288 1193; x_wconf 86' lang='grc' dir='ltr'><strong>ἀπὸ</strong></span> <span class='ocrx_word' id='word_1_209' title='bbox 2325 1141 2494 1211; x_wconf 72' lang='grc' dir='ltr'>Ἀδὰμ</span> <span class='ocrx_word' id='word_1_210' title='bbox 2540 1142 2633 1194; x_wconf 70' lang='grc' dir='ltr'>καὶ</span> <span class='ocrx_word' id='word_1_211' title='bbox 2672 1140 2832 1212; x_wconf 82' lang='grc' dir='ltr'>μέχρι</span> <span class='ocrx_word' id='word_1_212' title='bbox 2886 1139 3162 1203; x_wconf 79' lang='grc' dir='ltr'><strong>Μωσέως,</strong></span> <span class='ocrx_word' id='word_1_213' title='bbox 3208 1139 3303 1191; x_wconf 73' lang='grc' dir='ltr'>καὶ</span> <span class='ocrx_word' id='word_1_214' title='bbox 3359 1138 3455 1190; x_wconf 77' lang='grc' dir='ltr'><strong>ἐπὶ</strong></span> <span class='ocrx_word' id='word_1_215' title='bbox 3512 1140 3641 1201; x_wconf 63' lang='grc' dir='ltr'>τοὺς</span> <span class='ocrx_word' id='word_1_216' title='bbox 3678 1138 3743 1208; x_wconf 75' lang='grc' dir='ltr'>μὴ</span> 
     </span>
    </p>
   </div>
   <div class='ocr_carea' id='block_1_28' title="bbox 2179 1228 3747 1305">
    <p class='ocr_par' dir='ltr' id='par_1_28' title="bbox 2179 1228 3747 1305">
     <span class='ocr_line' id='line_1_28' title="bbox 2179 1228 3747 1305; baseline -0.004 -18"><span class='ocrx_word' id='word_1_217' title='bbox 2179 1233 2623 1305; x_wconf 76' lang='grc' dir='ltr'>ἁμαρτήσαντας,</span> <span class='ocrx_word' id='word_1_218' title='bbox 2649 1251 2667 1284; x_wconf 76' lang='grc' dir='ltr'><strong>ι</strong></span> <span class='ocrx_word' id='word_1_219' title='bbox 2704 1232 2819 1295; x_wconf 84' lang='grc' dir='ltr'><strong>πῶς</strong></span> <span class='ocrx_word' id='word_1_220' title='bbox 2846 1232 2968 1301; x_wconf 68' lang='grc' dir='ltr'>οὐχ).</span> <span class='ocrx_word' id='word_1_221' title='bbox 2986 1232 3047 1284; x_wconf 88' lang='grc' dir='ltr'><strong>τὸ</strong></span> <span class='ocrx_word' id='word_1_222' title='bbox 3073 1230 3294 1300; x_wconf 81' lang='grc' dir='ltr'>Πνεῦμα</span> <span class='ocrx_word' id='word_1_223' title='bbox 3310 1230 3409 1299; x_wconf 78' lang='grc' dir='ltr'>τῆς</span> <span class='ocrx_word' id='word_1_224' title='bbox 3434 1228 3585 1299; x_wconf 78' lang='grc' dir='ltr'>ζωῆς</span> <span class='ocrx_word' id='word_1_225' title='bbox 3605 1229 3747 1298; x_wconf 77' lang='grc' dir='ltr'>βασι-</span> 
     </span>
    </p>
   </div>
   <div class='ocr_carea' id='block_1_29' title="bbox 2177 1321 3744 1394">
    <p class='ocr_par' dir='ltr' id='par_1_29' title="bbox 2177 1321 3744 1394">
     <span class='ocr_line' id='line_1_29' title="bbox 2177 1321 3744 1394; baseline -0.003 -18"><span class='ocrx_word' id='word_1_226' title='bbox 2177 1323 2321 1377; x_wconf 84' lang='grc' dir='ltr'><strong>λεύει</strong></span> <span class='ocrx_word' id='word_1_227' title='bbox 2369 1325 2527 1394; x_wconf 84' lang='grc' dir='ltr'>ήμῖν;</span> <span class='ocrx_word' id='word_1_228' title='bbox 2563 1321 2785 1377; x_wconf 75' lang='grc' dir='ltr'>Μακεδ.</span> <span class='ocrx_word' id='word_1_229' title='bbox 2823 1322 3013 1392; x_wconf 81' lang='grc' dir='ltr'><strong>Ἡμεῖς</strong></span> <span class='ocrx_word' id='word_1_230' title='bbox 3060 1321 3309 1391; x_wconf 76' lang='grc' dir='ltr'>λέγομεν.</span> <span class='ocrx_word' id='word_1_231' title='bbox 3365 1321 3449 1373; x_wconf 78' lang='grc' dir='ltr'>ὅτι</span> <span class='ocrx_word' id='word_1_232' title='bbox 3499 1324 3530 1373; x_wconf 84' lang='grc' dir='ltr'>ὁ</span> <span class='ocrx_word' id='word_1_233' title='bbox 3566 1321 3744 1392; x_wconf 75' lang='grc' dir='ltr'>Πατήρ</span> 
     </span>
    </p>
   </div>
   <div class='ocr_carea' id='block_1_30' title="bbox 2176 1410 3740 1486">
    <p class='ocr_par' dir='ltr' id='par_1_30' title="bbox 2176 1410 3740 1486">
     <span class='ocr_line' id='line_1_30' title="bbox 2176 1410 3740 1486; baseline -0.003 -18"><span class='ocrx_word' id='word_1_234' title='bbox 2176 1416 2294 1468; x_wconf 72' lang='lat' dir='ltr'><strong>em</strong></span> <span class='ocrx_word' id='word_1_235' title='bbox 2324 1415 2595 1486; x_wconf 76' lang='grc' dir='ltr'>βασιλεὺς,</span> <span class='ocrx_word' id='word_1_236' title='bbox 2620 1414 2713 1468; x_wconf 79' lang='grc' dir='ltr'>καὶ</span> <span class='ocrx_word' id='word_1_237' title='bbox 2740 1410 2958 1477; x_wconf 72' lang='grc' dir='ltr'>δ’Υἱόςο</span> <span class='ocrx_word' id='word_1_238' title='bbox 3000 1414 3062 1466; x_wconf 89' lang='grc' dir='ltr'><strong>τὸ</strong></span> <span class='ocrx_word' id='word_1_239' title='bbox 3093 1413 3148 1466; x_wconf 83' lang='grc' dir='ltr'>δὲ</span> <span class='ocrx_word' id='word_1_240' title='bbox 3182 1412 3409 1483; x_wconf 84' lang='grc' dir='ltr'>Πνεῦμα</span> <span class='ocrx_word' id='word_1_241' title='bbox 3446 1413 3740 1483; x_wconf 77' lang='grc' dir='ltr'><strong>ὑπηρέτης.</strong></span> 
     </span>
    </p>
   </div>
   <div class='ocr_carea' id='block_1_31' title="bbox 2189 1504 3743 1577">
    <p class='ocr_par' dir='ltr' id='par_1_31' title="bbox 2189 1504 3743 1577">
     <span class='ocr_line' id='line_1_31' title="bbox 2189 1504 3743 1577; baseline -0.003 -15"><span class='ocrx_word' id='word_1_242' title='bbox 2189 1510 2315 1577; x_wconf 79' lang='grc' dir='ltr'><strong><em>Ὀρο</em></strong></span> <span class='ocrx_word' id='word_1_243' title='bbox 2367 1508 2501 1562; x_wconf 84' lang='grc' dir='ltr'><strong>Οὐδὲ</strong></span> <span class='ocrx_word' id='word_1_244' title='bbox 2525 1505 2670 1570; x_wconf 74' lang='grc' dir='ltr'>οἶδας</span> <span class='ocrx_word' id='word_1_245' title='bbox 2702 1507 2896 1561; x_wconf 86' lang='grc' dir='ltr'>σαυτοῦ</span> <span class='ocrx_word' id='word_1_246' title='bbox 2933 1508 3030 1577; x_wconf 81' lang='grc' dir='ltr'>τὴν</span> <span class='ocrx_word' id='word_1_247' title='bbox 3059 1507 3284 1577; x_wconf 82' lang='grc' dir='ltr'>αἵρεσιν.</span> <span class='ocrx_word' id='word_1_248' title='bbox 3333 1507 3377 1558; x_wconf 93' lang='grc' dir='ltr'><strong>Ο</strong></span> <span class='ocrx_word' id='word_1_249' title='bbox 3408 1505 3524 1576; x_wconf 79' lang='grc' dir='ltr'><strong>γὰρ</strong></span> <span class='ocrx_word' id='word_1_250' title='bbox 3547 1504 3743 1575; x_wconf 68' lang='grc' dir='ltr'><strong>ὐπῃρὲ-</strong></span> 
     </span>
    </p>
   </div>
   <div class='ocr_carea' id='block_1_32' title="bbox 2174 1595 3746 1672">
    <p class='ocr_par' dir='ltr' id='par_1_32' title="bbox 2174 1595 3746 1672">
     <span class='ocr_line' id='line_1_32' title="bbox 2174 1595 3746 1672; baseline -0.004 -18"><span class='ocrx_word' id='word_1_251' title='bbox 2174 1617 2293 1672; x_wconf 76' lang='grc' dir='ltr'>της,</span> <span class='ocrx_word' id='word_1_252' title='bbox 2323 1600 2426 1654; x_wconf 75' lang='grc' dir='ltr'>κᾶν</span> <span class='ocrx_word' id='word_1_253' title='bbox 2639 1599 2909 1669; x_wconf 75' lang='grc' dir='ltr'>βασιλεὺς,</span> <span class='ocrx_word' id='word_1_254' title='bbox 2949 1598 3048 1668; x_wconf 73' lang='grc' dir='ltr'>τῆς</span> <span class='ocrx_word' id='word_1_255' title='bbox 3089 1598 3256 1667; x_wconf 79' lang='grc' dir='ltr'>αὐτῆς</span> <span class='ocrx_word' id='word_1_256' title='bbox 3283 1599 3402 1649; x_wconf 78' lang='grc' dir='ltr'>ἐστι</span> <span class='ocrx_word' id='word_1_257' title='bbox 3430 1595 3514 1667; x_wconf 84' lang='grc' dir='ltr'>τῷ</span> <span class='ocrx_word' id='word_1_258' title='bbox 3549 1595 3746 1667; x_wconf 80' lang='grc' dir='ltr'>βασιλεῖ</span> 
     </span>
    </p>
   </div>
   <div class='ocr_carea' id='block_1_33' title="bbox 2127 1686 3743 1761">
    <p class='ocr_par' dir='ltr' id='par_1_33' title="bbox 2127 1686 3743 1761">
     <span class='ocr_line' id='line_1_33' title="bbox 2127 1686 3743 1761; baseline -0.003 -16"><span class='ocrx_word' id='word_1_259' title='bbox 2127 1696 2140 1714; x_wconf 80' lang='grc'>⁸</span> <span class='ocrx_word' id='word_1_260' title='bbox 2173 1693 2380 1756; x_wconf 82' lang='grc' dir='ltr'>οὐσίας.</span> <span class='ocrx_word' id='word_1_261' title='bbox 2415 1693 2608 1761; x_wconf 82' lang='grc' dir='ltr'>Λέγεις</span> <span class='ocrx_word' id='word_1_262' title='bbox 2630 1687 2723 1745; x_wconf 84' lang='grc' dir='ltr'><strong>οὖν</strong></span> <span class='ocrx_word' id='word_1_263' title='bbox 2742 1691 2836 1743; x_wconf 70' lang='grc' dir='ltr'>καὶ</span> <span class='ocrx_word' id='word_1_264' title='bbox 2857 1689 3017 1754; x_wconf 84' lang='grc' dir='ltr'>αὐτὸς</span> <span class='ocrx_word' id='word_1_265' title='bbox 3042 1692 3142 1761; x_wconf 84' lang='grc' dir='ltr'>τῆς</span> <span class='ocrx_word' id='word_1_266' title='bbox 3163 1691 3329 1761; x_wconf 81' lang='grc' dir='ltr'>αὐτῆς</span> <span class='ocrx_word' id='word_1_267' title='bbox 3364 1690 3559 1753; x_wconf 77' lang='grc' dir='ltr'>οὐσίας</span> <span class='ocrx_word' id='word_1_268' title='bbox 3612 1686 3743 1741; x_wconf 76' lang='grc' dir='ltr'>εἶναι</span> 
     </span>
    </p>
   </div>
   <div class='ocr_carea' id='block_1_34' title="bbox 493 1780 2071 1855">
    <p class='ocr_par' dir='ltr' id='par_1_34' title="bbox 493 1780 2071 1851">
     <span class='ocr_line' id='line_1_34' title="bbox 493 1780 2071 1851; baseline -0.002 -13"><span class='ocrx_word' id='word_1_269' title='bbox 493 1784 605 1838; x_wconf 91' lang='lat' dir='ltr'><strong>nim</strong></span> <span class='ocrx_word' id='word_1_270' title='bbox 630 1784 884 1838; x_wconf 87' lang='lat' dir='ltr'><strong>minister</strong></span> <span class='ocrx_word' id='word_1_271' title='bbox 915 1784 1041 1837; x_wconf 86' lang='lat' dir='ltr'><strong>licet</strong></span> <span class='ocrx_word' id='word_1_272' title='bbox 1060 1797 1153 1837; x_wconf 77' lang='lat' dir='ltr'><strong>rex</strong></span> <span class='ocrx_word' id='word_1_273' title='bbox 1175 1797 1284 1836; x_wconf 91' lang='lat' dir='ltr'><strong>non</strong></span> <span class='ocrx_word' id='word_1_274' title='bbox 1312 1782 1405 1844; x_wconf 87' lang='lat' dir='ltr'><strong>sit,</strong></span> <span class='ocrx_word' id='word_1_275' title='bbox 1441 1781 1686 1851; x_wconf 88' lang='lat' dir='ltr'><strong>ejusdem</strong></span> <span class='ocrx_word' id='word_1_276' title='bbox 1717 1789 1897 1836; x_wconf 86' lang='lat' dir='ltr'><strong>tamen</strong></span> <span class='ocrx_word' id='word_1_277' title='bbox 1916 1780 2071 1850; x_wconf 83' lang='lat' dir='ltr'><strong>cujus</strong></span> 
     </span>
    </p>
   </div>
   <div class='ocr_carea' id='block_1_35' title="bbox 2176 1780 3743 1855">
    <p class='ocr_par' dir='ltr' id='par_1_35' title="bbox 2177 1781 3743 1855">
     <span class='ocr_line' id='line_1_35' title="bbox 2177 1781 3743 1855; baseline -0.003 -17"><span class='ocrx_word' id='word_1_278' title='bbox 2177 1784 2255 1855; x_wconf 84' lang='grc' dir='ltr'><strong>τῷ</strong></span> <span class='ocrx_word' id='word_1_279' title='bbox 2280 1784 2399 1855; x_wconf 84' lang='grc' dir='ltr'><strong>Θεῷ</strong></span> <span class='ocrx_word' id='word_1_280' title='bbox 2426 1786 2489 1837; x_wconf 89' lang='grc' dir='ltr'><strong>τὸ</strong></span> <span class='ocrx_word' id='word_1_281' title='bbox 2514 1785 2758 1855; x_wconf 87' lang='grc' dir='ltr'>Πνεῦμα.</span> <span class='ocrx_word' id='word_1_282' title='bbox 2814 1784 3037 1839; x_wconf 83' lang='grc' dir='ltr'>Μακεδ.</span> <span class='ocrx_word' id='word_1_283' title='bbox 3064 1783 3159 1837; x_wconf 79' lang='grc' dir='ltr'><strong>Οὐ.</strong></span> <span class='ocrx_word' id='word_1_284' title='bbox 3197 1785 3350 1852; x_wconf 85' lang='grc' dir='ltr'>Ὀρθ.</span> <span class='ocrx_word' id='word_1_285' title='bbox 3378 1784 3453 1837; x_wconf 86' lang='grc' dir='ltr'>Τὸ</span> <span class='ocrx_word' id='word_1_286' title='bbox 3479 1783 3540 1838; x_wconf 76' lang='grc' dir='ltr'>δὲ</span> <span class='ocrx_word' id='word_1_287' title='bbox 3592 1783 3666 1854; x_wconf 77' lang='grc' dir='ltr'>μὴ</span> <span class='ocrx_word' id='word_1_288' title='bbox 3690 1781 3743 1834; x_wconf 76' lang='grc' dir='ltr'>ὃν</span> 
     </span>
    </p>
   </div>
   <div class='ocr_carea' id='block_1_36' title="bbox 495 1871 2072 1943">
    <p class='ocr_par' dir='ltr' id='par_1_36' title="bbox 495 1871 2072 1943">
     <span class='ocr_line' id='line_1_36' title="bbox 495 1871 2072 1943; baseline -0.002 -15"><span class='ocrx_word' id='word_1_289' title='bbox 495 1888 590 1929; x_wconf 80' lang='lat' dir='ltr'><strong>rex</strong></span> <span class='ocrx_word' id='word_1_290' title='bbox 620 1882 704 1929; x_wconf 94' lang='lat' dir='ltr'><strong>est</strong></span> <span class='ocrx_word' id='word_1_291' title='bbox 738 1875 1061 1929; x_wconf 65' lang='lat' dir='ltr'><strong>substantiae</strong></span> <span class='ocrx_word' id='word_1_292' title='bbox 1095 1892 1109 1929; x_wconf 87' lang='lat'><strong>:</strong></span> <span class='ocrx_word' id='word_1_293' title='bbox 1145 1873 1333 1927; x_wconf 80' lang='lat' dir='ltr'><strong>fateris</strong></span> <span class='ocrx_word' id='word_1_294' title='bbox 1373 1873 1542 1941; x_wconf 88' lang='lat' dir='ltr'><strong>igitur</strong></span> <span class='ocrx_word' id='word_1_295' title='bbox 1573 1873 1800 1943; x_wconf 89' lang='lat' dir='ltr'><strong>ipsemet</strong></span> <span class='ocrx_word' id='word_1_296' title='bbox 1827 1871 2072 1941; x_wconf 84' lang='lat' dir='ltr'><strong>ejusdem</strong></span> 
     </span>
    </p>
   </div>
   <div class='ocr_carea' id='block_1_37' title="bbox 492 1962 2073 2035">
    <p class='ocr_par' dir='ltr' id='par_1_37' title="bbox 492 1962 2073 2035">
     <span class='ocr_line' id='line_1_37' title="bbox 492 1962 2073 2035; baseline -0.002 -16"><span class='ocrx_word' id='word_1_297' title='bbox 492 1980 617 2019; x_wconf 92' lang='lat' dir='ltr'><strong>cum</strong></span> <span class='ocrx_word' id='word_1_298' title='bbox 673 1964 783 2021; x_wconf 90' lang='lat' dir='ltr'><strong>Deo</strong></span> <span class='ocrx_word' id='word_1_299' title='bbox 832 1965 1157 2021; x_wconf 64' lang='lat' dir='ltr'><strong>substantiae</strong></span> <span class='ocrx_word' id='word_1_300' title='bbox 1212 1979 1334 2021; x_wconf 89' lang='lat' dir='ltr'><strong>esse</strong></span> <span class='ocrx_word' id='word_1_301' title='bbox 1384 1964 1672 2035; x_wconf 89' lang='lat' dir='ltr'><strong>Spiritum.</strong></span> <span class='ocrx_word' id='word_1_302' title='bbox 1708 1962 1918 2019; x_wconf 73' lang='lat' dir='ltr'><strong>Maced.</strong></span> <span class='ocrx_word' id='word_1_303' title='bbox 1974 1963 2073 2017; x_wconf 76' lang='lat' dir='ltr'><strong>lii-</strong></span> 
     </span>
    </p>
   </div>
   <div class='ocr_carea' id='block_1_38' title="bbox 495 2055 2067 2128">
    <p class='ocr_par' dir='ltr' id='par_1_38' title="bbox 495 2055 2067 2128">
     <span class='ocr_line' id='line_1_38' title="bbox 495 2055 2067 2128; baseline -0.001 -18"><span class='ocrx_word' id='word_1_304' title='bbox 495 2059 659 2111; x_wconf 91' lang='lat' dir='ltr'><strong>nime.</strong></span> <span class='ocrx_word' id='word_1_305' title='bbox 690 2055 847 2112; x_wconf 78' lang='lat' dir='ltr'><strong>Orth.</strong></span> <span class='ocrx_word' id='word_1_306' title='bbox 876 2057 984 2112; x_wconf 88' lang='lat' dir='ltr'><strong>Sed</strong></span> <span class='ocrx_word' id='word_1_307' title='bbox 1017 2057 1165 2128; x_wconf 91' lang='lat' dir='ltr'><strong>quod</strong></span> <span class='ocrx_word' id='word_1_308' title='bbox 1193 2056 1445 2128; x_wconf 90' lang='lat' dir='ltr'><strong>ejusdem</strong></span> <span class='ocrx_word' id='word_1_309' title='bbox 1476 2057 1800 2125; x_wconf 55' lang='lat' dir='ltr'><strong>substantiae</strong></span> <span class='ocrx_word' id='word_1_310' title='bbox 1826 2071 1930 2110; x_wconf 89' lang='lat' dir='ltr'><strong>non</strong></span> <span class='ocrx_word' id='word_1_311' title='bbox 1960 2063 2067 2121; x_wconf 88' lang='lat' dir='ltr'><strong>est,</strong></span> 
     </span>
    </p>
   </div>
   <div class='ocr_carea' id='block_1_39' title="bbox 493 2148 2071 2213">
    <p class='ocr_par' dir='ltr' id='par_1_39' title="bbox 493 2148 2071 2213">
     <span class='ocr_line' id='line_1_39' title="bbox 493 2148 2071 2213; baseline 0.001 -12"><span class='ocrx_word' id='word_1_312' title='bbox 493 2155 743 2203; x_wconf 89' lang='lat' dir='ltr'><strong>creatura</strong></span> <span class='ocrx_word' id='word_1_313' title='bbox 775 2156 879 2213; x_wconf 88' lang='lat' dir='ltr'><strong>est,</strong></span> <span class='ocrx_word' id='word_1_314' title='bbox 917 2150 1197 2205; x_wconf 87' lang='lat' dir='ltr'><strong>mutabilis</strong></span> <span class='ocrx_word' id='word_1_315' title='bbox 1228 2158 1285 2204; x_wconf 87' lang='lat' dir='ltr'><strong>et</strong></span> <span class='ocrx_word' id='word_1_316' title='bbox 1308 2150 1614 2205; x_wconf 83' lang='lat' dir='ltr'><strong>variabilis.</strong></span> <span class='ocrx_word' id='word_1_317' title='bbox 1657 2148 1949 2205; x_wconf 76' lang='lat' dir='ltr'><strong>Professus</strong></span> <span class='ocrx_word' id='word_1_318' title='bbox 1972 2163 2071 2203; x_wconf 86' lang='lat' dir='ltr'><strong>au-</strong></span> 
     </span>
    </p>
   </div>
   <div class='ocr_carea' id='block_1_40' title="bbox 493 2239 2071 2311">
    <p class='ocr_par' dir='ltr' id='par_1_40' title="bbox 493 2239 2071 2311">
     <span class='ocr_line' id='line_1_40' title="bbox 493 2239 2071 2311; baseline -0.001 -18"><span class='ocrx_word' id='word_1_319' title='bbox 493 2248 601 2293; x_wconf 89' lang='lat' dir='ltr'><strong>tem</strong></span> <span class='ocrx_word' id='word_1_320' title='bbox 640 2256 701 2295; x_wconf 92' lang='lat' dir='ltr'><strong>es</strong></span> <span class='ocrx_word' id='word_1_321' title='bbox 732 2241 895 2311; x_wconf 87' lang='lat' dir='ltr'><strong>paulo</strong></span> <span class='ocrx_word' id='word_1_322' title='bbox 923 2247 1071 2304; x_wconf 85' lang='lat' dir='ltr'><strong>ante,</strong></span> <span class='ocrx_word' id='word_1_323' title='bbox 1108 2241 1505 2296; x_wconf 87' lang='lat' dir='ltr'><strong>immutabilem</strong></span> <span class='ocrx_word' id='word_1_324' title='bbox 1536 2239 1801 2311; x_wconf 88' lang='lat' dir='ltr'><strong>Spiritum</strong></span> <span class='ocrx_word' id='word_1_325' title='bbox 1835 2249 1889 2295; x_wconf 93' lang='lat' dir='ltr'><strong>et</strong></span> <span class='ocrx_word' id='word_1_326' title='bbox 1920 2240 2071 2293; x_wconf 87' lang='lat' dir='ltr'><strong>inva-</strong></span> 
     </span>
    </p>
   </div>
   <div class='ocr_carea' id='block_1_41' title="bbox 493 2330 2067 2403">
    <p class='ocr_par' dir='ltr' id='par_1_41' title="bbox 493 2330 2067 2403">
     <span class='ocr_line' id='line_1_41' title="bbox 493 2330 2067 2403; baseline 0 -20"><span class='ocrx_word' id='word_1_327' title='bbox 493 2330 767 2397; x_wconf 87' lang='lat' dir='ltr'><strong>riahilem,</strong></span> <span class='ocrx_word' id='word_1_328' title='bbox 792 2339 847 2386; x_wconf 91' lang='lat' dir='ltr'><strong>et</strong></span> <span class='ocrx_word' id='word_1_329' title='bbox 876 2330 1178 2385; x_wconf 87' lang='lat' dir='ltr'><strong>inereatum</strong></span> <span class='ocrx_word' id='word_1_330' title='bbox 1215 2346 1360 2387; x_wconf 89' lang='lat' dir='ltr'><strong>esse.</strong></span> <span class='ocrx_word' id='word_1_331' title='bbox 1398 2330 1640 2403; x_wconf 88' lang='lat' dir='ltr'><strong>Spiritus</strong></span> <span class='ocrx_word' id='word_1_332' title='bbox 1664 2347 1796 2399; x_wconf 64' lang='lat' dir='ltr'><strong>ergo</strong></span> <span class='ocrx_word' id='word_1_333' title='bbox 1822 2330 2067 2400; x_wconf 82' lang='lat' dir='ltr'><strong>ejusdem</strong></span> 
     </span>
    </p>
   </div>
   <div class='ocr_carea' id='block_1_42' title="bbox 491 2421 2070 2492">
    <p class='ocr_par' dir='ltr' id='par_1_42' title="bbox 491 2421 2070 2492">
     <span class='ocr_line' id='line_1_42' title="bbox 491 2421 2070 2492; baseline 0.002 -17"><span class='ocrx_word' id='word_1_334' title='bbox 491 2437 557 2477; x_wconf 89' lang='lat' dir='ltr'><strong>ac</strong></span> <span class='ocrx_word' id='word_1_335' title='bbox 588 2422 730 2478; x_wconf 89' lang='lat' dir='ltr'><strong>Deus</strong></span> <span class='ocrx_word' id='word_1_336' title='bbox 759 2430 812 2477; x_wconf 92' lang='lat' dir='ltr'><strong>et</strong></span> <span class='ocrx_word' id='word_1_337' title='bbox 842 2421 1014 2477; x_wconf 87' lang='lat' dir='ltr'><strong>Filius</strong></span> <span class='ocrx_word' id='word_1_338' title='bbox 1042 2424 1165 2492; x_wconf 87' lang='lat' dir='ltr'><strong>ejus</strong></span> <span class='ocrx_word' id='word_1_339' title='bbox 1191 2431 1274 2478; x_wconf 86' lang='lat' dir='ltr'><strong>est</strong></span> <span class='ocrx_word' id='word_1_340' title='bbox 1303 2425 1642 2480; x_wconf 72' lang='lat' dir='ltr'><strong>substantiae.</strong></span> <span class='ocrx_word' id='word_1_341' title='bbox 1673 2423 1881 2479; x_wconf 74' lang='lat' dir='ltr'><strong>Maced.</strong></span> <span class='ocrx_word' id='word_1_342' title='bbox 1916 2422 2070 2478; x_wconf 87' lang='lat' dir='ltr'><strong>Unus</strong></span> 
     </span>
    </p>
   </div>
   <div class='ocr_carea' id='block_1_43' title="bbox 492 2514 2073 2587">
    <p class='ocr_par' dir='ltr' id='par_1_43' title="bbox 492 2514 2073 2587">
     <span class='ocr_line' id='line_1_43' title="bbox 492 2514 2073 2587; baseline 0.003 -20"><span class='ocrx_word' id='word_1_343' title='bbox 492 2515 659 2585; x_wconf 81' lang='lat' dir='ltr'><strong>igitur</strong></span> <span class='ocrx_word' id='word_1_344' title='bbox 683 2522 768 2569; x_wconf 81' lang='lat' dir='ltr'><strong>est</strong></span> <span class='ocrx_word' id='word_1_345' title='bbox 795 2515 1016 2585; x_wconf 82' lang='lat' dir='ltr'><strong>ipseque</strong></span> <span class='ocrx_word' id='word_1_346' title='bbox 1046 2514 1227 2582; x_wconf 84' lang='lat' dir='ltr'><strong>Pater,</strong></span> <span class='ocrx_word' id='word_1_347' title='bbox 1264 2525 1318 2572; x_wconf 90' lang='lat' dir='ltr'><strong>et</strong></span> <span class='ocrx_word' id='word_1_348' title='bbox 1357 2515 1552 2583; x_wconf 85' lang='lat' dir='ltr'><strong>Filius,</strong></span> <span class='ocrx_word' id='word_1_349' title='bbox 1583 2525 1637 2573; x_wconf 92' lang='lat' dir='ltr'><strong>et</strong></span> <span class='ocrx_word' id='word_1_350' title='bbox 1677 2517 1918 2587; x_wconf 79' lang='lat' dir='ltr'><strong>Spiritus</strong></span> <span class='ocrx_word' id='word_1_351' title='bbox 1950 2531 2073 2571; x_wconf 85' lang='lat' dir='ltr'><strong>san-</strong></span> 
     </span>
    </p>
   </div>
   <div class='ocr_carea' id='block_1_44' title="bbox 492 2607 2072 2674">
    <p class='ocr_par' dir='ltr' id='par_1_44' title="bbox 492 2607 2072 2674">
     <span class='ocr_line' id='line_1_44' title="bbox 492 2607 2072 2674; baseline 0.002 -13"><span class='ocrx_word' id='word_1_352' title='bbox 492 2607 653 2663; x_wconf 85' lang='lat' dir='ltr'><strong>ctus?</strong></span> <span class='ocrx_word' id='word_1_353' title='bbox 679 2608 831 2664; x_wconf 85' lang='lat' dir='ltr'><strong>Orlh.</strong></span> <span class='ocrx_word' id='word_1_354' title='bbox 858 2609 1015 2664; x_wconf 83' lang='lat' dir='ltr'><strong>Absit</strong></span> <span class='ocrx_word' id='word_1_355' title='bbox 1042 2620 1101 2664; x_wconf 90' lang='lat' dir='ltr'><strong>ut</strong></span> <span class='ocrx_word' id='word_1_356' title='bbox 1127 2611 1231 2665; x_wconf 90' lang='lat' dir='ltr'><strong>hoc</strong></span> <span class='ocrx_word' id='word_1_357' title='bbox 1258 2610 1454 2664; x_wconf 89' lang='lat' dir='ltr'><strong>dicam.</strong></span> <span class='ocrx_word' id='word_1_358' title='bbox 1480 2610 1709 2674; x_wconf 88' lang='lat' dir='ltr'><strong>Etenim,</strong></span> <span class='ocrx_word' id='word_1_359' title='bbox 1737 2613 1781 2665; x_wconf 90' lang='lat' dir='ltr'><strong>si</strong></span> <span class='ocrx_word' id='word_1_360' title='bbox 1814 2625 1956 2664; x_wconf 85' lang='lat' dir='ltr'><strong>unus</strong></span> <span class='ocrx_word' id='word_1_361' title='bbox 1984 2625 2072 2664; x_wconf 88' lang='lat' dir='ltr'><strong>es-</strong></span> 
     </span>
    </p>
   </div>
   <div class='ocr_carea' id='block_1_45' title="bbox 2178 1875 3745 1948">
    <p class='ocr_par' dir='ltr' id='par_1_45' title="bbox 2178 1875 3745 1948">
     <span class='ocr_line' id='line_1_45' title="bbox 2178 1875 3745 1948; baseline -0.002 -18"><span class='ocrx_word' id='word_1_362' title='bbox 2178 1879 2275 1948; x_wconf 87' lang='grc' dir='ltr'>τῆς</span> <span class='ocrx_word' id='word_1_363' title='bbox 2326 1878 2495 1948; x_wconf 80' lang='grc' dir='ltr'>αὐτῆς</span> <span class='ocrx_word' id='word_1_364' title='bbox 2551 1877 2740 1940; x_wconf 82' lang='grc' dir='ltr'>οὐσίας</span> <span class='ocrx_word' id='word_1_365' title='bbox 2785 1876 2992 1947; x_wconf 84' lang='grc' dir='ltr'>κτίσμα</span> <span class='ocrx_word' id='word_1_366' title='bbox 3053 1875 3169 1928; x_wconf 79' lang='grc' dir='ltr'>ἐστὶ</span> <span class='ocrx_word' id='word_1_367' title='bbox 3216 1877 3309 1929; x_wconf 78' lang='grc' dir='ltr'>καὶ</span> <span class='ocrx_word' id='word_1_368' title='bbox 3357 1876 3618 1947; x_wconf 66' lang='grc' dir='ltr'>τρεπτὴν,</span> <span class='ocrx_word' id='word_1_369' title='bbox 3659 1876 3745 1928; x_wconf 83' lang='grc' dir='ltr'>καὶ</span> 
     </span>
    </p>
   </div>
   <div class='ocr_carea' id='block_1_46' title="bbox 2179 1964 3745 2039">
    <p class='ocr_par' dir='ltr' id='par_1_46' title="bbox 2179 1964 3745 2039">
     <span class='ocr_line' id='line_1_46' title="bbox 2179 1964 3745 2039; baseline -0.003 -18"><span class='ocrx_word' id='word_1_370' title='bbox 2179 1967 2493 2021; x_wconf 76' lang='grc' dir='ltr'>ἀλλοιωτὸν·</span> <span class='ocrx_word' id='word_1_371' title='bbox 2535 1967 2671 2021; x_wconf 81' lang='grc' dir='ltr'>ἀλλὰ</span> <span class='ocrx_word' id='word_1_372' title='bbox 2700 1966 3148 2039; x_wconf 75' lang='grc' dir='ltr'>προωμολόγηται</span> <span class='ocrx_word' id='word_1_373' title='bbox 3173 1965 3438 2037; x_wconf 77' lang='grc' dir='ltr'>ἄτρεπτον</span> <span class='ocrx_word' id='word_1_374' title='bbox 3465 1965 3563 2019; x_wconf 71' lang='grc' dir='ltr'>καὶ</span> <span class='ocrx_word' id='word_1_375' title='bbox 3594 1964 3745 2019; x_wconf 78' lang='grc' dir='ltr'>ἀναλ-</span> 
     </span>
    </p>
   </div>
   <div class='ocr_carea' id='block_1_47' title="bbox 2177 2055 3746 2129">
    <p class='ocr_par' dir='ltr' id='par_1_47' title="bbox 2177 2055 3746 2129">
     <span class='ocr_line' id='line_1_47' title="bbox 2177 2055 3746 2129; baseline -0.003 -16"><span class='ocrx_word' id='word_1_376' title='bbox 2177 2060 2397 2113; x_wconf 87' lang='grc' dir='ltr'>λοίωτον</span> <span class='ocrx_word' id='word_1_377' title='bbox 2421 2061 2515 2114; x_wconf 73' lang='grc' dir='ltr'><strong>καὶ</strong></span> <span class='ocrx_word' id='word_1_378' title='bbox 2539 2060 2791 2113; x_wconf 84' lang='grc' dir='ltr'>ἄκτιστον</span> <span class='ocrx_word' id='word_1_379' title='bbox 2832 2055 2971 2111; x_wconf 76' lang='grc' dir='ltr'>εἶναι</span> <span class='ocrx_word' id='word_1_380' title='bbox 2994 2075 3006 2088; x_wconf 92' lang='grc'><strong>·</strong></span> <span class='ocrx_word' id='word_1_381' title='bbox 3043 2058 3142 2129; x_wconf 81' lang='grc' dir='ltr'>τῆς</span> <span class='ocrx_word' id='word_1_382' title='bbox 3189 2058 3357 2127; x_wconf 78' lang='grc' dir='ltr'>αὐτῆς</span> <span class='ocrx_word' id='word_1_383' title='bbox 3408 2058 3523 2128; x_wconf 75' lang='grc' dir='ltr'>ἄρα</span> <span class='ocrx_word' id='word_1_384' title='bbox 3568 2057 3746 2118; x_wconf 79' lang='grc' dir='ltr'>οὐσίας</span> 
     </span>
    </p>
   </div>
   <div class='ocr_carea' id='block_1_48' title="bbox 2174 2143 3744 2222">
    <p class='ocr_par' dir='ltr' id='par_1_48' title="bbox 2174 2143 3744 2222">
     <span class='ocr_line' id='line_1_48' title="bbox 2174 2143 3744 2222; baseline -0.002 -19"><span class='ocrx_word' id='word_1_385' title='bbox 2174 2150 2251 2222; x_wconf 81' lang='grc' dir='ltr'>τῷ</span> <span class='ocrx_word' id='word_1_386' title='bbox 2293 2150 2414 2221; x_wconf 88' lang='grc' dir='ltr'>Θεῷ</span> <span class='ocrx_word' id='word_1_387' title='bbox 2458 2150 2553 2203; x_wconf 80' lang='grc' dir='ltr'>καὶ</span> <span class='ocrx_word' id='word_1_388' title='bbox 2597 2150 2674 2221; x_wconf 82' lang='grc' dir='ltr'>τῷ</span> <span class='ocrx_word' id='word_1_389' title='bbox 2729 2148 2840 2220; x_wconf 82' lang='grc' dir='ltr'><strong>Υἱῷ</strong></span> <span class='ocrx_word' id='word_1_390' title='bbox 2879 2148 3044 2203; x_wconf 88' lang='grc' dir='ltr'>αὐτοῦ</span> <span class='ocrx_word' id='word_1_391' title='bbox 3092 2150 3227 2202; x_wconf 74' lang='grc' dir='ltr'>ἐστι.</span> <span class='ocrx_word' id='word_1_392' title='bbox 3270 2149 3501 2203; x_wconf 79' lang='grc' dir='ltr'>Μακεδ.</span> <span class='ocrx_word' id='word_1_393' title='bbox 3534 2143 3631 2211; x_wconf 78' lang='grc' dir='ltr'><strong>Εἷς</strong></span> <span class='ocrx_word' id='word_1_394' title='bbox 3660 2145 3744 2201; x_wconf 71' lang='grc' dir='ltr'><strong>οὖν</strong></span> 
     </span>
    </p>
   </div>
   <div class='ocr_carea' id='block_1_49' title="bbox 2172 2238 3743 2310">
    <p class='ocr_par' dir='ltr' id='par_1_49' title="bbox 2172 2238 3743 2310">
     <span class='ocr_line' id='line_1_49' title="bbox 2172 2238 3743 2310; baseline -0.003 -15"><span class='ocrx_word' id='word_1_395' title='bbox 2172 2243 2288 2295; x_wconf 77' lang='grc' dir='ltr'>ἐστι</span> <span class='ocrx_word' id='word_1_396' title='bbox 2316 2244 2410 2296; x_wconf 69' lang='grc' dir='ltr'>καὶ</span> <span class='ocrx_word' id='word_1_397' title='bbox 2440 2244 2469 2296; x_wconf 85' lang='grc' dir='ltr'><strong>ὁ</strong></span> <span class='ocrx_word' id='word_1_398' title='bbox 2499 2241 2662 2305; x_wconf 87' lang='grc' dir='ltr'>αὐτὸς</span> <span class='ocrx_word' id='word_1_399' title='bbox 2689 2241 2901 2310; x_wconf 79' lang='grc' dir='ltr'>Πατὴρ,</span> <span class='ocrx_word' id='word_1_400' title='bbox 2936 2239 3031 2294; x_wconf 75' lang='grc' dir='ltr'><strong>καὶ</strong></span> <span class='ocrx_word' id='word_1_401' title='bbox 3060 2239 3206 2303; x_wconf 78' lang='grc' dir='ltr'>Υἱὸς,</span> <span class='ocrx_word' id='word_1_402' title='bbox 3249 2239 3344 2293; x_wconf 77' lang='grc' dir='ltr'>καὶ</span> <span class='ocrx_word' id='word_1_403' title='bbox 3383 2241 3542 2308; x_wconf 65' lang='grc' dir='ltr'>ἅγιον</span> <span class='ocrx_word' id='word_1_404' title='bbox 3582 2238 3743 2293; x_wconf 75' lang='grc' dir='ltr'>Πνεῦ·</span> 
     </span>
    </p>
   </div>
   <div class='ocr_carea' id='block_1_50' title="bbox 2174 2324 3745 2404">
    <p class='ocr_par' dir='ltr' id='par_1_50' title="bbox 2174 2324 3745 2404">
     <span class='ocr_line' id='line_1_50' title="bbox 2174 2324 3745 2404; baseline -0.003 -18"><span class='ocrx_word' id='word_1_405' title='bbox 2174 2350 2252 2404; x_wconf 92' lang='grc' dir='ltr'><strong>μα</strong></span> <span class='ocrx_word' id='word_1_406' title='bbox 2272 2349 2287 2397; x_wconf 86' lang='grc'><strong>;</strong></span> <span class='ocrx_word' id='word_1_407' title='bbox 2326 2334 2471 2399; x_wconf 82' lang='grc' dir='ltr'>Ὀρθ.</span> <span class='ocrx_word' id='word_1_408' title='bbox 2497 2332 2590 2401; x_wconf 85' lang='grc' dir='ltr'><strong>Μὴ</strong></span> <span class='ocrx_word' id='word_1_409' title='bbox 2615 2332 2824 2399; x_wconf 84' lang='grc' dir='ltr'>γένοιτο</span> <span class='ocrx_word' id='word_1_410' title='bbox 2851 2332 3029 2383; x_wconf 73' lang='grc' dir='ltr'>εἰπεῖν</span> <span class='ocrx_word' id='word_1_411' title='bbox 3051 2330 3235 2383; x_wconf 78' lang='grc' dir='ltr'>τοῦτοί</span> <span class='ocrx_word' id='word_1_412' title='bbox 3258 2333 3307 2382; x_wconf 89' lang='grc' dir='ltr'><strong>εί</strong></span> <span class='ocrx_word' id='word_1_413' title='bbox 3330 2330 3442 2402; x_wconf 81' lang='grc' dir='ltr'>γὰρ</span> <span class='ocrx_word' id='word_1_414' title='bbox 3462 2326 3536 2401; x_wconf 77' lang='grc' dir='ltr'>ἦν</span> <span class='ocrx_word' id='word_1_415' title='bbox 3559 2324 3640 2393; x_wconf 76' lang='grc' dir='ltr'>εἷς</span> <span class='ocrx_word' id='word_1_416' title='bbox 3659 2330 3745 2383; x_wconf 82' lang='grc' dir='ltr'>καὶ</span> 
     </span>
    </p>
   </div>
   <div class='ocr_carea' id='block_1_51' title="bbox 2175 2421 3744 2496">
    <p class='ocr_par' dir='ltr' id='par_1_51' title="bbox 2175 2421 3744 2496">
     <span class='ocr_line' id='line_1_51' title="bbox 2175 2421 3744 2496; baseline -0.002 -18"><span class='ocrx_word' id='word_1_417' title='bbox 2175 2428 2205 2478; x_wconf 85' lang='grc' dir='ltr'><strong>ὁ</strong></span> <span class='ocrx_word' id='word_1_418' title='bbox 2240 2425 2400 2487; x_wconf 85' lang='grc' dir='ltr'>αὐτὸς</span> <span class='ocrx_word' id='word_1_419' title='bbox 2426 2424 2637 2496; x_wconf 72' lang='grc' dir='ltr'>Πατὴρ,</span> <span class='ocrx_word' id='word_1_420' title='bbox 2665 2425 2759 2477; x_wconf 74' lang='grc' dir='ltr'>καὶ</span> <span class='ocrx_word' id='word_1_421' title='bbox 2791 2424 2935 2487; x_wconf 80' lang='grc' dir='ltr'>Υἱὸς,</span> <span class='ocrx_word' id='word_1_422' title='bbox 2961 2424 3055 2476; x_wconf 79' lang='grc' dir='ltr'>καὶ</span> <span class='ocrx_word' id='word_1_423' title='bbox 3081 2423 3232 2492; x_wconf 78' lang='grc' dir='ltr'>ἅγιον</span> <span class='ocrx_word' id='word_1_424' title='bbox 3261 2421 3518 2493; x_wconf 84' lang='grc' dir='ltr'>Πνεῦμα,</span> <span class='ocrx_word' id='word_1_425' title='bbox 3539 2426 3642 2476; x_wconf 73' lang='grc' dir='ltr'><strong>οὐκ</strong></span> <span class='ocrx_word' id='word_1_426' title='bbox 3687 2422 3744 2475; x_wconf 74' lang='grc' dir='ltr'>ἂν</span> 
     </span>
    </p>
   </div>
   <div class='ocr_carea' id='block_1_52' title="bbox 2176 2510 3742 2589">
    <p class='ocr_par' dir='ltr' id='par_1_52' title="bbox 2176 2510 3742 2589">
     <span class='ocr_line' id='line_1_52' title="bbox 2176 2510 3742 2589; baseline -0.002 -18"><span class='ocrx_word' id='word_1_427' title='bbox 2176 2516 2362 2589; x_wconf 77' lang='grc' dir='ltr'>εἴρητο</span> <span class='ocrx_word' id='word_1_428' title='bbox 2390 2517 2521 2587; x_wconf 84' lang='grc' dir='ltr'>παρ’</span> <span class='ocrx_word' id='word_1_429' title='bbox 2550 2516 2705 2587; x_wconf 85' lang='grc' dir='ltr'>ἡμῶν</span> <span class='ocrx_word' id='word_1_430' title='bbox 2736 2517 2834 2587; x_wconf 83' lang='grc' dir='ltr'>τῆς</span> <span class='ocrx_word' id='word_1_431' title='bbox 2862 2516 3032 2587; x_wconf 86' lang='grc' dir='ltr'>αὐτῆς</span> <span class='ocrx_word' id='word_1_432' title='bbox 3064 2510 3204 2568; x_wconf 78' lang='grc' dir='ltr'>εἶναι</span> <span class='ocrx_word' id='word_1_433' title='bbox 3229 2514 3437 2579; x_wconf 84' lang='grc' dir='ltr'>οὐσίας.</span> <span class='ocrx_word' id='word_1_434' title='bbox 3468 2515 3607 2569; x_wconf 78' lang='grc' dir='ltr'>Οὐδὲ</span> <span class='ocrx_word' id='word_1_435' title='bbox 3647 2515 3742 2585; x_wconf 71' lang='grc' dir='ltr'><strong>γὰρ</strong></span> 
     </span>
    </p>
   </div>
   <div class='ocr_carea' id='block_1_53' title="bbox 2176 2604 3526 2679">
    <p class='ocr_par' dir='ltr' id='par_1_53' title="bbox 2176 2604 3526 2679">
     <span class='ocr_line' id='line_1_53' title="bbox 2176 2604 3526 2679; baseline -0.001 -16"><span class='ocrx_word' id='word_1_436' title='bbox 2176 2610 2339 2671; x_wconf 85' lang='grc' dir='ltr'>αὐτὸς</span> <span class='ocrx_word' id='word_1_437' title='bbox 2362 2608 2537 2679; x_wconf 81' lang='grc' dir='ltr'>ἐαυτῷ</span> <span class='ocrx_word' id='word_1_438' title='bbox 2569 2609 2670 2679; x_wconf 82' lang='grc' dir='ltr'>τῆς</span> <span class='ocrx_word' id='word_1_439' title='bbox 2702 2610 2872 2679; x_wconf 77' lang='grc' dir='ltr'>αὐτῆς</span> <span class='ocrx_word' id='word_1_440' title='bbox 2894 2610 3081 2672; x_wconf 89' lang='grc' dir='ltr'>οὐσίας</span> <span class='ocrx_word' id='word_1_441' title='bbox 3115 2604 3255 2663; x_wconf 77' lang='grc' dir='ltr'>εἶναι</span> <span class='ocrx_word' id='word_1_442' title='bbox 3283 2608 3526 2676; x_wconf 78' lang='grc' dir='ltr'>λέγεται.</span> 
     </span>
    </p>
   </div>
   <div class='ocr_carea' id='block_1_54' title="bbox 491 2701 3739 2775">
    <p class='ocr_par' dir='ltr' id='par_1_54' title="bbox 491 2701 3739 2775">
     <span class='ocr_line' id='line_1_54' title="bbox 491 2701 3739 2775; baseline -0 -16"><span class='ocrx_word' id='word_1_443' title='bbox 491 2714 574 2759; x_wconf 83' lang='lat' dir='ltr'><strong>set</strong></span> <span class='ocrx_word' id='word_1_444' title='bbox 597 2712 650 2758; x_wconf 73' lang='lat' dir='ltr'><strong>et</strong></span> <span class='ocrx_word' id='word_1_445' title='bbox 683 2704 821 2759; x_wconf 91' lang='lat' dir='ltr'><strong>idem</strong></span> <span class='ocrx_word' id='word_1_446' title='bbox 842 2702 1022 2770; x_wconf 80' lang='lat' dir='ltr'><strong>Pater,</strong></span> <span class='ocrx_word' id='word_1_447' title='bbox 1065 2704 1232 2761; x_wconf 88' lang='lat' dir='ltr'><strong>Filius</strong></span> <span class='ocrx_word' id='word_1_448' title='bbox 1262 2712 1316 2759; x_wconf 90' lang='lat' dir='ltr'><strong>et</strong></span> <span class='ocrx_word' id='word_1_449' title='bbox 1357 2703 1597 2775; x_wconf 89' lang='lat' dir='ltr'><strong>Spiritus</strong></span> <span class='ocrx_word' id='word_1_450' title='bbox 1630 2716 1876 2770; x_wconf 83' lang='lat' dir='ltr'><strong>sanctus,</strong></span> <span class='ocrx_word' id='word_1_451' title='bbox 1932 2719 2042 2759; x_wconf 66' lang='lat' dir='ltr'><strong>non</strong></span> <span class='ocrx_word' id='word_1_452' title='bbox 2081 2703 2397 2761; x_wconf 81' lang='lat' dir='ltr'><strong>dicerentur</strong></span> <span class='ocrx_word' id='word_1_453' title='bbox 2423 2704 2667 2772; x_wconf 75' lang='lat' dir='ltr'><strong>ejusdem</strong></span> <span class='ocrx_word' id='word_1_454' title='bbox 2700 2719 2822 2759; x_wconf 88' lang='lat' dir='ltr'><strong>esse</strong></span> <span class='ocrx_word' id='word_1_455' title='bbox 2854 2704 3190 2760; x_wconf 71' lang='lat' dir='ltr'><strong>substantiae.</strong></span> <span class='ocrx_word' id='word_1_456' title='bbox 3213 2701 3401 2774; x_wconf 80' lang='lat' dir='ltr'><strong>Neque</strong></span> <span class='ocrx_word' id='word_1_457' title='bbox 3421 2704 3573 2759; x_wconf 64' lang='lat' dir='ltr'><strong>enim</strong></span> <span class='ocrx_word' id='word_1_458' title='bbox 3603 2702 3739 2772; x_wconf 76' lang='lat' dir='ltr'><strong>ejus-</strong></span> 
     </span>
    </p>
   </div>
   <div class='ocr_carea' id='block_1_55' title="bbox 488 2795 1718 2865">
    <p class='ocr_par' dir='ltr' id='par_1_55' title="bbox 488 2795 1718 2865">
     <span class='ocr_line' id='line_1_55' title="bbox 488 2795 1718 2865; baseline 0.002 -16"><span class='ocrx_word' id='word_1_459' title='bbox 488 2795 610 2850; x_wconf 89' lang='lat' dir='ltr'><strong>dem</strong></span> <span class='ocrx_word' id='word_1_460' title='bbox 636 2811 699 2849; x_wconf 90' lang='lat' dir='ltr'><strong>ac</strong></span> <span class='ocrx_word' id='word_1_461' title='bbox 731 2796 956 2865; x_wconf 89' lang='lat' dir='ltr'><strong>ipsemet</strong></span> <span class='ocrx_word' id='word_1_462' title='bbox 986 2796 1305 2851; x_wconf 60' lang='lat' dir='ltr'><strong>substantia:</strong></span> <span class='ocrx_word' id='word_1_463' title='bbox 1339 2810 1462 2851; x_wconf 89' lang='lat' dir='ltr'><strong>esse</strong></span> <span class='ocrx_word' id='word_1_464' title='bbox 1496 2796 1718 2851; x_wconf 89' lang='lat' dir='ltr'><strong>dicitur.</strong></span> 
     </span>
    </p>
   </div>
   <div class='ocr_carea' id='block_1_56' title="bbox 561 2890 2063 2963">
    <p class='ocr_par' dir='ltr' id='par_1_56' title="bbox 561 2890 2063 2963">
     <span class='ocr_line' id='line_1_56' title="bbox 561 2890 2063 2963; baseline 0.003 -18"><span class='ocrx_word' id='word_1_465' title='bbox 561 2890 647 2946; x_wconf 78' lang='lat' dir='ltr'><strong>i8.</strong></span> <span class='ocrx_word' id='word_1_466' title='bbox 707 2890 914 2946; x_wconf 79' lang='lat' dir='ltr'><strong>Maced.</strong></span> <span class='ocrx_word' id='word_1_467' title='bbox 991 2890 1092 2945; x_wconf 88' lang='lat' dir='ltr'><strong>Ubi</strong></span> <span class='ocrx_word' id='word_1_468' title='bbox 1160 2894 1423 2962; x_wconf 89' lang='lat' dir='ltr'><strong>scriptum</strong></span> <span class='ocrx_word' id='word_1_469' title='bbox 1479 2902 1563 2947; x_wconf 90' lang='lat' dir='ltr'><strong>est</strong></span> <span class='ocrx_word' id='word_1_470' title='bbox 1627 2890 1893 2963; x_wconf 88' lang='lat' dir='ltr'><strong>Spiritum</strong></span> <span class='ocrx_word' id='word_1_471' title='bbox 1940 2909 2063 2949; x_wconf 88' lang='lat' dir='ltr'><strong>esse</strong></span> 
     </span>
    </p>
   </div>
   <div class='ocr_carea' id='block_1_57' title="bbox 487 2974 2065 3050">
    <p class='ocr_par' dir='ltr' id='par_1_57' title="bbox 487 2974 2065 3050">
     <span class='ocr_line' id='line_1_57' title="bbox 487 2974 2065 3050; baseline 0.005 -21"><span class='ocrx_word' id='word_1_472' title='bbox 487 2974 694 3030; x_wconf 81' lang='lat' dir='ltr'><strong>Deum?</strong></span> <span class='ocrx_word' id='word_1_473' title='bbox 728 2977 882 3033; x_wconf 76' lang='lat' dir='ltr'><strong>Ortlt.</strong></span> <span class='ocrx_word' id='word_1_474' title='bbox 926 2977 1157 3045; x_wconf 86' lang='lat' dir='ltr'><strong>Quando</strong></span> <span class='ocrx_word' id='word_1_475' title='bbox 1202 2983 1469 3050; x_wconf 69' lang='lat' dir='ltr'><strong>prepheta</strong></span> <span class='ocrx_word' id='word_1_476' title='bbox 1525 2981 1601 3035; x_wconf 85' lang='lat' dir='ltr'><strong>ait</strong></span> <span class='ocrx_word' id='word_1_477' title='bbox 1641 2998 1657 3034; x_wconf 89' lang='lat'><strong>:</strong></span> <span class='ocrx_word' id='word_1_478' title='bbox 1719 2998 1739 3032; x_wconf 70' lang='grc' dir='ltr'><strong>ι</strong></span> <span class='ocrx_word' id='word_1_479' title='bbox 1793 2981 1858 3036; x_wconf 84' lang='grc' dir='ltr'>Ει</span> <span class='ocrx_word' id='word_1_480' title='bbox 1904 2993 2065 3038; x_wconf 84' lang='lat' dir='ltr'><strong>erunt</strong></span> 
     </span>
    </p>
   </div>
   <div class='ocr_carea' id='block_1_58' title="bbox 488 3067 2068 3141">
    <p class='ocr_par' dir='ltr' id='par_1_58' title="bbox 488 3067 2068 3141">
     <span class='ocr_line' id='line_1_58' title="bbox 488 3067 2068 3141; baseline 0.003 -21"><span class='ocrx_word' id='word_1_481' title='bbox 488 3082 678 3121; x_wconf 87' lang='lat' dir='ltr'><strong>omnes</strong></span> <span class='ocrx_word' id='word_1_482' title='bbox 748 3082 776 3119; x_wconf 70' lang='grc' dir='ltr'>ο</span> <span class='ocrx_word' id='word_1_483' title='bbox 855 3067 967 3122; x_wconf 89' lang='lat' dir='ltr'><strong>Deo</strong></span> <span class='ocrx_word' id='word_1_484' title='bbox 1014 3068 1174 3124; x_wconf 82' lang='lat' dir='ltr'><strong>docti</strong></span> <span class='ocrx_word' id='word_1_485' title='bbox 1247 3069 1329 3132; x_wconf 85' lang='grc'><strong>⁸⁷,</strong></span> <span class='ocrx_word' id='word_1_486' title='bbox 1397 3089 1415 3121; x_wconf 75' lang='grc' dir='ltr'><strong>ι</strong></span> <span class='ocrx_word' id='word_1_487' title='bbox 1476 3068 1543 3124; x_wconf 87' lang='lat' dir='ltr'><strong>de</strong></span> <span class='ocrx_word' id='word_1_488' title='bbox 1610 3084 1719 3139; x_wconf 93' lang='lat' dir='ltr'><strong>quo</strong></span> <span class='ocrx_word' id='word_1_489' title='bbox 1778 3069 2068 3141; x_wconf 76' lang='lat' dir='ltr'><strong>loquitur?</strong></span> 
     </span>
    </p>
   </div>
   <div class='ocr_carea' id='block_1_59' title="bbox 488 3156 2063 3231">
    <p class='ocr_par' dir='ltr' id='par_1_59' title="bbox 488 3156 2063 3231">
     <span class='ocr_line' id='line_1_59' title="bbox 488 3156 2063 3231; baseline 0.003 -20"><span class='ocrx_word' id='word_1_490' title='bbox 488 3156 697 3212; x_wconf 70' lang='lat' dir='ltr'><strong>Hateri.</strong></span> <span class='ocrx_word' id='word_1_491' title='bbox 759 3157 851 3230; x_wconf 50' lang='lat' dir='ltr'><strong>De,</strong></span> <span class='ocrx_word' id='word_1_492' title='bbox 907 3157 1068 3215; x_wconf 82' lang='lat' dir='ltr'><strong>Filio.</strong></span> <span class='ocrx_word' id='word_1_493' title='bbox 1150 3159 1304 3216; x_wconf 83' lang='lat' dir='ltr'><strong>Orth.</strong></span> <span class='ocrx_word' id='word_1_494' title='bbox 1375 3161 1539 3231; x_wconf 84' lang='lat' dir='ltr'><strong>Atqui</strong></span> <span class='ocrx_word' id='word_1_495' title='bbox 1613 3160 1784 3216; x_wconf 87' lang='lat' dir='ltr'><strong>Filius</strong></span> <span class='ocrx_word' id='word_1_496' title='bbox 1856 3161 1988 3216; x_wconf 87' lang='lat' dir='ltr'><strong>dicit</strong></span> <span class='ocrx_word' id='word_1_497' title='bbox 2050 3182 2063 3217; x_wconf 92' lang='lat'><strong>:</strong></span> 
     </span>
    </p>
   </div>
   <div class='ocr_carea' id='block_1_60' title="bbox 494 3250 2071 3327">
    <p class='ocr_par' dir='ltr' id='par_1_60' title="bbox 494 3250 2071 3327">
     <span class='ocr_line' id='line_1_60' title="bbox 494 3250 2071 3327; baseline 0.005 -24"><span class='ocrx_word' id='word_1_498' title='bbox 494 3270 514 3303; x_wconf 77' lang='grc' dir='ltr'><strong>ι</strong></span> <span class='ocrx_word' id='word_1_499' title='bbox 595 3250 773 3306; x_wconf 83' lang='lat' dir='ltr'><strong>Nolite</strong></span> <span class='ocrx_word' id='word_1_500' title='bbox 845 3254 1088 3322; x_wconf 89' lang='lat' dir='ltr'><strong>cogitare</strong></span> <span class='ocrx_word' id='word_1_501' title='bbox 1161 3254 1436 3323; x_wconf 90' lang='lat' dir='ltr'><strong>quomodo</strong></span> <span class='ocrx_word' id='word_1_502' title='bbox 1504 3260 1599 3307; x_wconf 90' lang='lat' dir='ltr'><strong>aut</strong></span> <span class='ocrx_word' id='word_1_503' title='bbox 1675 3255 1806 3325; x_wconf 93' lang='lat' dir='ltr'><strong>quid</strong></span> <span class='ocrx_word' id='word_1_504' title='bbox 1878 3257 2071 3327; x_wconf 84' lang='lat' dir='ltr'><strong>loqua-</strong></span> 
     </span>
    </p>
   </div>
   <div class='ocr_carea' id='block_1_61' title="bbox 489 3342 2069 3419">
    <p class='ocr_par' dir='ltr' id='par_1_61' title="bbox 489 3342 2069 3419">
     <span class='ocr_line' id='line_1_61' title="bbox 489 3342 2069 3419; baseline 0.004 -24"><span class='ocrx_word' id='word_1_505' title='bbox 489 3342 668 3396; x_wconf 88' lang='lat' dir='ltr'><strong>mini:</strong></span> <span class='ocrx_word' id='word_1_506' title='bbox 718 3344 834 3413; x_wconf 91' lang='lat' dir='ltr'><strong>ipse</strong></span> <span class='ocrx_word' id='word_1_507' title='bbox 885 3344 1031 3397; x_wconf 83' lang='lat' dir='ltr'><strong>enim</strong></span> <span class='ocrx_word' id='word_1_508' title='bbox 1093 3343 1333 3415; x_wconf 89' lang='lat' dir='ltr'><strong>Spiritus</strong></span> <span class='ocrx_word' id='word_1_509' title='bbox 1385 3346 1603 3402; x_wconf 85' lang='lat' dir='ltr'><strong>docebit</strong></span> <span class='ocrx_word' id='word_1_510' title='bbox 1652 3361 1749 3402; x_wconf 87' lang='lat' dir='ltr'><strong>vos</strong></span> <span class='ocrx_word' id='word_1_511' title='bbox 1807 3347 1940 3419; x_wconf 90' lang='lat' dir='ltr'><strong>quid</strong></span> <span class='ocrx_word' id='word_1_512' title='bbox 1990 3347 2069 3402; x_wconf 84' lang='lat' dir='ltr'><strong>fa-</strong></span> 
     </span>
    </p>
   </div>
   <div class='ocr_carea' id='block_1_62' title="bbox 489 3435 2068 3511">
    <p class='ocr_par' dir='ltr' id='par_1_62' title="bbox 489 3435 2068 3511">
     <span class='ocr_line' id='line_1_62' title="bbox 489 3435 2068 3511; baseline 0.004 -22"><span class='ocrx_word' id='word_1_513' title='bbox 489 3443 579 3489; x_wconf 92' lang='lat' dir='ltr'><strong>cto</strong></span> <span class='ocrx_word' id='word_1_514' title='bbox 621 3451 759 3503; x_wconf 84' lang='lat' dir='ltr'><strong>opus</strong></span> <span class='ocrx_word' id='word_1_515' title='bbox 798 3437 869 3491; x_wconf 87' lang='lat' dir='ltr'><strong>sit</strong></span> <span class='ocrx_word' id='word_1_516' title='bbox 900 3435 965 3488; x_wconf 78' lang='lat'><strong>”.</strong></span> <span class='ocrx_word' id='word_1_517' title='bbox 1000 3457 1017 3488; x_wconf 73' lang='grc' dir='ltr'><strong>ι</strong></span> <span class='ocrx_word' id='word_1_518' title='bbox 1048 3436 1202 3503; x_wconf 85' lang='lat' dir='ltr'><strong>Quod</strong></span> <span class='ocrx_word' id='word_1_519' title='bbox 1246 3439 1290 3493; x_wconf 92' lang='lat' dir='ltr'><strong>si</strong></span> <span class='ocrx_word' id='word_1_520' title='bbox 1323 3439 1418 3509; x_wconf 84' lang='lat' dir='ltr'><strong>qui</strong></span> <span class='ocrx_word' id='word_1_521' title='bbox 1462 3455 1492 3493; x_wconf 93' lang='lat' dir='ltr'><strong>a</strong></span> <span class='ocrx_word' id='word_1_522' title='bbox 1534 3437 1741 3511; x_wconf 67' lang='lat' dir='ltr'><strong>Spiritu</strong></span> <span class='ocrx_word' id='word_1_523' title='bbox 1780 3441 2068 3507; x_wconf 90' lang='lat' dir='ltr'><strong>docentur,</strong></span> 
     </span>
    </p>
   </div>
   <div class='ocr_carea' id='block_1_63' title="bbox 489 3525 2066 3602">
    <p class='ocr_par' dir='ltr' id='par_1_63' title="bbox 489 3525 2066 3602">
     <span class='ocr_line' id='line_1_63' title="bbox 489 3525 2066 3602; baseline 0.004 -22"><span class='ocrx_word' id='word_1_524' title='bbox 489 3541 521 3580; x_wconf 89' lang='lat' dir='ltr'><strong>a</strong></span> <span class='ocrx_word' id='word_1_525' title='bbox 564 3525 672 3581; x_wconf 91' lang='lat' dir='ltr'><strong>Dco</strong></span> <span class='ocrx_word' id='word_1_526' title='bbox 715 3527 860 3581; x_wconf 91' lang='lat' dir='ltr'><strong>docti</strong></span> <span class='ocrx_word' id='word_1_527' title='bbox 910 3527 1193 3594; x_wconf 89' lang='lat' dir='ltr'><strong>dicuntur,</strong></span> <span class='ocrx_word' id='word_1_528' title='bbox 1242 3530 1373 3599; x_wconf 89' lang='lat' dir='ltr'><strong>quid</strong></span> <span class='ocrx_word' id='word_1_529' title='bbox 1418 3530 1564 3586; x_wconf 90' lang='lat' dir='ltr'><strong>aliud</strong></span> <span class='ocrx_word' id='word_1_530' title='bbox 1608 3531 1772 3588; x_wconf 79' lang='lat' dir='ltr'><strong>fuerit</strong></span> <span class='ocrx_word' id='word_1_531' title='bbox 1804 3530 2066 3602; x_wconf 90' lang='lat' dir='ltr'><strong>Spiritus,</strong></span> 
     </span>
    </p>
   </div>
   <div class='ocr_carea' id='block_1_64' title="bbox 487 3615 2069 3694">
    <p class='ocr_par' dir='ltr' id='par_1_64' title="bbox 487 3615 2069 3694">
     <span class='ocr_line' id='line_1_64' title="bbox 487 3615 2069 3694; baseline 0.004 -22"><span class='ocrx_word' id='word_1_532' title='bbox 487 3615 653 3689; x_wconf 67' lang='grc'><strong>485</strong></span> <span class='ocrx_word' id='word_1_533' title='bbox 683 3632 749 3673; x_wconf 79' lang='lat' dir='ltr'><strong>ex</strong></span> <span class='ocrx_word' id='word_1_534' title='bbox 778 3625 832 3673; x_wconf 94' lang='lat' dir='ltr'><strong>te</strong></span> <span class='ocrx_word' id='word_1_535' title='bbox 862 3619 981 3689; x_wconf 91' lang='lat' dir='ltr'><strong>ipso</strong></span> <span class='ocrx_word' id='word_1_536' title='bbox 1010 3635 1212 3688; x_wconf 68' lang='lat' dir='ltr'><strong>quaere.</strong></span> <span class='ocrx_word' id='word_1_537' title='bbox 1254 3618 1463 3677; x_wconf 81' lang='lat' dir='ltr'><strong>Maced.</strong></span> <span class='ocrx_word' id='word_1_538' title='bbox 1512 3621 1617 3689; x_wconf 83' lang='lat' dir='ltr'><strong>Qui</strong></span> <span class='ocrx_word' id='word_1_539' title='bbox 1663 3638 1693 3677; x_wconf 92' lang='lat' dir='ltr'><strong>a</strong></span> <span class='ocrx_word' id='word_1_540' title='bbox 1732 3621 1939 3694; x_wconf 90' lang='lat' dir='ltr'><strong>Spiritu</strong></span> <span class='ocrx_word' id='word_1_541' title='bbox 1970 3623 2069 3678; x_wconf 91' lang='lat' dir='ltr'><strong>do-</strong></span> 
     </span>
    </p>
   </div>
   <div class='ocr_carea' id='block_1_65' title="bbox 490 3710 2071 3786">
    <p class='ocr_par' dir='ltr' id='par_1_65' title="bbox 490 3710 2071 3786">
     <span class='ocr_line' id='line_1_65' title="bbox 490 3710 2071 3786; baseline 0.004 -22"><span class='ocrx_word' id='word_1_542' title='bbox 490 3719 702 3772; x_wconf 86' lang='lat' dir='ltr'><strong>centur.</strong></span> <span class='ocrx_word' id='word_1_543' title='bbox 739 3712 883 3765; x_wconf 87' lang='lat' dir='ltr'><strong>docti</strong></span> <span class='ocrx_word' id='word_1_544' title='bbox 917 3727 946 3765; x_wconf 87' lang='lat' dir='ltr'><strong>a</strong></span> <span class='ocrx_word' id='word_1_545' title='bbox 983 3710 1095 3785; x_wconf 86' lang='lat' dir='ltr'><strong>Deo</strong></span> <span class='ocrx_word' id='word_1_546' title='bbox 1136 3712 1397 3768; x_wconf 88' lang='lat' dir='ltr'><strong>dicuntur</strong></span> <span class='ocrx_word' id='word_1_547' title='bbox 1430 3714 1572 3779; x_wconf 86' lang='lat' dir='ltr'><strong>ideo,</strong></span> <span class='ocrx_word' id='word_1_548' title='bbox 1616 3715 1745 3786; x_wconf 88' lang='lat' dir='ltr'><strong>quia</strong></span> <span class='ocrx_word' id='word_1_549' title='bbox 1787 3714 1931 3772; x_wconf 90' lang='lat' dir='ltr'><strong>Deus</strong></span> <span class='ocrx_word' id='word_1_550' title='bbox 1971 3730 2071 3786; x_wconf 92' lang='lat' dir='ltr'><strong>per</strong></span> 
     </span>
    </p>
   </div>
   <div class='ocr_carea' id='block_1_66' title="bbox 492 3799 2069 3873">
    <p class='ocr_par' dir='ltr' id='par_1_66' title="bbox 492 3799 2069 3873">
     <span class='ocr_line' id='line_1_66' title="bbox 492 3799 2069 3873; baseline 0.006 -20"><span class='ocrx_word' id='word_1_551' title='bbox 492 3801 753 3870; x_wconf 85' lang='lat' dir='ltr'><strong>Spiritum</strong></span> <span class='ocrx_word' id='word_1_552' title='bbox 778 3803 925 3873; x_wconf 92' lang='lat' dir='ltr'><strong>ipsos</strong></span> <span class='ocrx_word' id='word_1_553' title='bbox 947 3802 1127 3859; x_wconf 90' lang='lat' dir='ltr'><strong>docet.</strong></span> <span class='ocrx_word' id='word_1_554' title='bbox 1153 3803 1306 3861; x_wconf 80' lang='lat' dir='ltr'><strong>Orth.</strong></span> <span class='ocrx_word' id='word_1_555' title='bbox 1331 3804 1449 3862; x_wconf 86' lang='lat' dir='ltr'><strong>Non</strong></span> <span class='ocrx_word' id='word_1_556' title='bbox 1470 3807 1607 3862; x_wconf 87' lang='lat' dir='ltr'><strong>dixit</strong></span> <span class='ocrx_word' id='word_1_557' title='bbox 1632 3827 1646 3863; x_wconf 88' lang='lat'><strong>:</strong></span> <span class='ocrx_word' id='word_1_558' title='bbox 1678 3799 1851 3863; x_wconf 82' lang='lat' dir='ltr'><strong>Erunt</strong></span> <span class='ocrx_word' id='word_1_559' title='bbox 1876 3823 2069 3863; x_wconf 89' lang='lat' dir='ltr'><strong>omnes</strong></span> 
     </span>
    </p>
   </div>
   <div class='ocr_carea' id='block_1_67' title="bbox 490 3892 2069 3972">
    <p class='ocr_par' dir='ltr' id='par_1_67' title="bbox 490 3892 2069 3972">
     <span class='ocr_line' id='line_1_67' title="bbox 490 3892 2069 3972; baseline 0.006 -25"><span class='ocrx_word' id='word_1_560' title='bbox 490 3908 522 3947; x_wconf 88' lang='lat' dir='ltr'><strong>a</strong></span> <span class='ocrx_word' id='word_1_561' title='bbox 548 3892 659 3949; x_wconf 90' lang='lat' dir='ltr'><strong>Deo</strong></span> <span class='ocrx_word' id='word_1_562' title='bbox 690 3896 811 3966; x_wconf 91' lang='lat' dir='ltr'><strong>ipso</strong></span> <span class='ocrx_word' id='word_1_563' title='bbox 842 3896 1011 3960; x_wconf 86' lang='lat' dir='ltr'><strong>docti,</strong></span> <span class='ocrx_word' id='word_1_564' title='bbox 1052 3897 1150 3952; x_wconf 90' lang='lat' dir='ltr'><strong>sed</strong></span> <span class='ocrx_word' id='word_1_565' title='bbox 1197 3898 1317 3954; x_wconf 91' lang='lat' dir='ltr'><strong>sine</strong></span> <span class='ocrx_word' id='word_1_566' title='bbox 1362 3900 1615 3955; x_wconf 89' lang='lat' dir='ltr'><strong>articulo.</strong></span> <span class='ocrx_word' id='word_1_567' title='bbox 1664 3899 1873 3956; x_wconf 78' lang='lat' dir='ltr'><strong>Maced.</strong></span> <span class='ocrx_word' id='word_1_568' title='bbox 1923 3900 2069 3972; x_wconf 89' lang='lat' dir='ltr'><strong>Ergo</strong></span> 
     </span>
    </p>
   </div>
   <div class='ocr_carea' id='block_1_68' title="bbox 492 3986 2063 4060">
    <p class='ocr_par' dir='ltr' id='par_1_68' title="bbox 492 3986 2063 4060">
     <span class='ocr_line' id='line_1_68' title="bbox 492 3986 2063 4060; baseline 0.005 -21"><span class='ocrx_word' id='word_1_569' title='bbox 492 3996 601 4043; x_wconf 84' lang='lat' dir='ltr'><strong>tres</strong></span> <span class='ocrx_word' id='word_1_570' title='bbox 635 3986 715 4041; x_wconf 91' lang='lat' dir='ltr'><strong>Dii</strong></span> <span class='ocrx_word' id='word_1_571' title='bbox 740 3989 903 4043; x_wconf 84' lang='lat' dir='ltr'><strong>sunt?</strong></span> <span class='ocrx_word' id='word_1_572' title='bbox 949 3988 1107 4046; x_wconf 80' lang='lat' dir='ltr'><strong>Orth.</strong></span> <span class='ocrx_word' id='word_1_573' title='bbox 1143 3989 1338 4046; x_wconf 76' lang='lat' dir='ltr'><strong>Absit!</strong></span> <span class='ocrx_word' id='word_1_574' title='bbox 1395 3990 1545 4048; x_wconf 90' lang='lat' dir='ltr'><strong>Unus</strong></span> <span class='ocrx_word' id='word_1_575' title='bbox 1579 4001 1663 4049; x_wconf 89' lang='lat' dir='ltr'><strong>est</strong></span> <span class='ocrx_word' id='word_1_576' title='bbox 1707 3992 1851 4050; x_wconf 90' lang='lat' dir='ltr'><strong>Deus</strong></span> <span class='ocrx_word' id='word_1_577' title='bbox 1879 3992 2063 4060; x_wconf 88' lang='lat' dir='ltr'><strong>Pater,</strong></span> 
     </span>
    </p>
   </div>
   <div class='ocr_carea' id='block_1_69' title="bbox 492 4077 2064 4155">
    <p class='ocr_par' dir='ltr' id='par_1_69' title="bbox 492 4077 2064 4155">
     <span class='ocr_line' id='line_1_69' title="bbox 492 4077 2064 4155; baseline 0.008 -25"><span class='ocrx_word' id='word_1_578' title='bbox 492 4093 634 4132; x_wconf 89' lang='lat' dir='ltr'><strong>unus</strong></span> <span class='ocrx_word' id='word_1_579' title='bbox 679 4077 825 4134; x_wconf 88' lang='lat' dir='ltr'><strong>Deus</strong></span> <span class='ocrx_word' id='word_1_580' title='bbox 874 4077 1068 4143; x_wconf 85' lang='lat' dir='ltr'><strong>Filius,</strong></span> <span class='ocrx_word' id='word_1_581' title='bbox 1125 4098 1268 4137; x_wconf 89' lang='lat' dir='ltr'><strong>unus</strong></span> <span class='ocrx_word' id='word_1_582' title='bbox 1322 4080 1465 4138; x_wconf 88' lang='lat' dir='ltr'><strong>Deus</strong></span> <span class='ocrx_word' id='word_1_583' title='bbox 1521 4083 1761 4155; x_wconf 89' lang='lat' dir='ltr'><strong>Spiritus</strong></span> <span class='ocrx_word' id='word_1_584' title='bbox 1819 4093 2064 4143; x_wconf 86' lang='lat' dir='ltr'><strong>sanctus.</strong></span> 
     </span>
    </p>
   </div>
   <div class='ocr_carea' id='block_1_70' title="bbox 491 4168 2067 4248">
    <p class='ocr_par' dir='ltr' id='par_1_70' title="bbox 491 4168 2067 4248">
     <span class='ocr_line' id='line_1_70' title="bbox 491 4168 2067 4248; baseline 0.007 -25"><span class='ocrx_word' id='word_1_585' title='bbox 491 4168 699 4228; x_wconf 73' lang='lat' dir='ltr'><strong>Maced.</strong></span> <span class='ocrx_word' id='word_1_586' title='bbox 729 4170 863 4227; x_wconf 88' lang='lat' dir='ltr'><strong>Tres</strong></span> <span class='ocrx_word' id='word_1_587' title='bbox 892 4173 1056 4242; x_wconf 79' lang='lat' dir='ltr'><strong>igitur</strong></span> <span class='ocrx_word' id='word_1_588' title='bbox 1080 4172 1199 4228; x_wconf 90' lang='lat' dir='ltr'><strong>Dii?</strong></span> <span class='ocrx_word' id='word_1_589' title='bbox 1224 4174 1375 4234; x_wconf 83' lang='lat' dir='ltr'><strong>Orth.</strong></span> <span class='ocrx_word' id='word_1_590' title='bbox 1406 4175 1695 4234; x_wconf 83' lang='lat' dir='ltr'><strong>Conﬁteris</strong></span> <span class='ocrx_word' id='word_1_591' title='bbox 1715 4177 1831 4248; x_wconf 91' lang='lat' dir='ltr'><strong>ipse</strong></span> <span class='ocrx_word' id='word_1_592' title='bbox 1850 4177 2067 4234; x_wconf 90' lang='lat' dir='ltr'><strong>Patrem</strong></span> 
     </span>
    </p>
   </div>
   <div class='ocr_carea' id='block_1_71' title="bbox 495 4261 2069 4338">
    <p class='ocr_par' dir='ltr' id='par_1_71' title="bbox 495 4261 2069 4338">
     <span class='ocr_line' id='line_1_71' title="bbox 495 4261 2069 4338; baseline 0.006 -25"><span class='ocrx_word' id='word_1_593' title='bbox 495 4261 660 4316; x_wconf 91' lang='lat' dir='ltr'><strong>Deum</strong></span> <span class='ocrx_word' id='word_1_594' title='bbox 693 4278 837 4329; x_wconf 88' lang='lat' dir='ltr'><strong>esse,</strong></span> <span class='ocrx_word' id='word_1_595' title='bbox 864 4270 919 4318; x_wconf 90' lang='lat' dir='ltr'><strong>et</strong></span> <span class='ocrx_word' id='word_1_596' title='bbox 946 4261 1144 4318; x_wconf 86' lang='lat' dir='ltr'><strong>Filium</strong></span> <span class='ocrx_word' id='word_1_597' title='bbox 1186 4263 1379 4330; x_wconf 91' lang='lat' dir='ltr'><strong>Deum,</strong></span> <span class='ocrx_word' id='word_1_598' title='bbox 1427 4274 1521 4320; x_wconf 88' lang='lat' dir='ltr'><strong>aut</strong></span> <span class='ocrx_word' id='word_1_599' title='bbox 1566 4283 1636 4322; x_wconf 90' lang='lat' dir='ltr'><strong>ne</strong></span> <span class='ocrx_word' id='word_1_600' title='bbox 1676 4267 1781 4322; x_wconf 91' lang='lat' dir='ltr'><strong>hoc</strong></span> <span class='ocrx_word' id='word_1_601' title='bbox 1808 4268 2069 4338; x_wconf 89' lang='lat' dir='ltr'><strong>quidem?</strong></span> 
     </span>
    </p>
   </div>
   <div class='ocr_carea' id='block_1_72' title="bbox 493 4351 2067 4421">
    <p class='ocr_par' dir='ltr' id='par_1_72' title="bbox 493 4351 2067 4421">
     <span class='ocr_line' id='line_1_72' title="bbox 493 4351 2067 4421; baseline 0.004 -15"><span class='ocrx_word' id='word_1_602' title='bbox 493 4351 700 4407; x_wconf 80' lang='lat' dir='ltr'><strong>Maced.</strong></span> <span class='ocrx_word' id='word_1_603' title='bbox 744 4353 1019 4409; x_wconf 79' lang='lat' dir='ltr'><strong>Conﬁteor</strong></span> <span class='ocrx_word' id='word_1_604' title='bbox 1072 4353 1239 4410; x_wconf 92' lang='lat' dir='ltr'><strong>Deum</strong></span> <span class='ocrx_word' id='word_1_605' title='bbox 1285 4354 1525 4421; x_wconf 85' lang='lat' dir='ltr'><strong>Patrem,</strong></span> <span class='ocrx_word' id='word_1_606' title='bbox 1577 4355 1747 4412; x_wconf 89' lang='lat' dir='ltr'><strong>Deum</strong></span> <span class='ocrx_word' id='word_1_607' title='bbox 1808 4358 1938 4413; x_wconf 89' lang='lat' dir='ltr'><strong>item</strong></span> <span class='ocrx_word' id='word_1_608' title='bbox 1975 4356 2067 4413; x_wconf 87' lang='lat' dir='ltr'><strong>Fi-</strong></span> 
     </span>
    </p>
   </div>
   <div class='ocr_carea' id='block_1_73' title="bbox 2242 2892 3737 2968">
    <p class='ocr_par' dir='ltr' id='par_1_73' title="bbox 2242 2892 3737 2968">
     <span class='ocr_line' id='line_1_73' title="bbox 2242 2892 3737 2968; baseline -0.001 -20"><span class='ocrx_word' id='word_1_609' title='bbox 2242 2895 2328 2950; x_wconf 82' lang='grc'><strong>18.</strong></span> <span class='ocrx_word' id='word_1_610' title='bbox 2347 2894 2566 2949; x_wconf 76' lang='grc' dir='ltr'>Μακεδ.</span> <span class='ocrx_word' id='word_1_611' title='bbox 2588 2892 2700 2949; x_wconf 90' lang='grc' dir='ltr'><strong>Ποῦ</strong></span> <span class='ocrx_word' id='word_1_612' title='bbox 2724 2894 3030 2968; x_wconf 83' lang='grc' dir='ltr'>γέγραπται</span> <span class='ocrx_word' id='word_1_613' title='bbox 3055 2893 3189 2958; x_wconf 86' lang='grc' dir='ltr'>Θεὸς</span> <span class='ocrx_word' id='word_1_614' title='bbox 3213 2892 3275 2947; x_wconf 89' lang='grc' dir='ltr'><strong>τὸ</strong></span> <span class='ocrx_word' id='word_1_615' title='bbox 3305 2892 3541 2966; x_wconf 77' lang='grc' dir='ltr'>Πνεῦμα</span> <span class='ocrx_word' id='word_1_616' title='bbox 3562 2912 3577 2961; x_wconf 92' lang='grc'><strong>;</strong></span> <span class='ocrx_word' id='word_1_617' title='bbox 3607 2895 3737 2964; x_wconf 69' lang='grc' dir='ltr'>Ὁρθ.</span> 
     </span>
    </p>
   </div>
   <div class='ocr_carea' id='block_1_74' title="bbox 2174 2984 3742 3060">
    <p class='ocr_par' dir='ltr' id='par_1_74' title="bbox 2174 2984 3742 3060">
     <span class='ocr_line' id='line_1_74' title="bbox 2174 2984 3742 3060; baseline -0.003 -18"><span class='ocrx_word' id='word_1_618' title='bbox 2174 2988 2343 3042; x_wconf 81' lang='grc' dir='ltr'>Ὅταν</span> <span class='ocrx_word' id='word_1_619' title='bbox 2366 2987 2515 3056; x_wconf 76' lang='grc' dir='ltr'>λέγει</span> <span class='ocrx_word' id='word_1_620' title='bbox 2541 2989 2571 3041; x_wconf 85' lang='grc'>6</span> <span class='ocrx_word' id='word_1_621' title='bbox 2605 2988 2914 3060; x_wconf 77' lang='grc' dir='ltr'>προφήτης,</span> <span class='ocrx_word' id='word_1_622' title='bbox 2951 3004 2970 3039; x_wconf 78' lang='grc' dir='ltr'><strong>ι</strong></span> <span class='ocrx_word' id='word_1_623' title='bbox 3003 2986 3114 3041; x_wconf 69' lang='grc' dir='ltr'><strong>Καὶ</strong></span> <span class='ocrx_word' id='word_1_624' title='bbox 3144 2984 3356 3040; x_wconf 71' lang='grc' dir='ltr'>ἔσονται</span> <span class='ocrx_word' id='word_1_625' title='bbox 3382 2988 3590 3051; x_wconf 80' lang='grc' dir='ltr'>πάντες</span> <span class='ocrx_word' id='word_1_626' title='bbox 3614 2988 3742 3040; x_wconf 74' lang='grc' dir='ltr'>δεὸαο</span> 
     </span>
    </p>
   </div>
   <div class='ocr_carea' id='block_1_75' title="bbox 2097 3077 3736 3171">
    <p class='ocr_par' dir='ltr' id='par_1_75' title="bbox 2097 3077 3736 3171">
     <span class='ocr_line' id='line_1_75' title="bbox 2097 3077 3736 3171; baseline -0.001 -38"><span class='ocrx_word' id='word_1_627' title='bbox 2097 3115 2140 3171; x_wconf 70' lang='lat' dir='ltr'><strong>c</strong></span> <span class='ocrx_word' id='word_1_628' title='bbox 2174 3080 2293 3133; x_wconf 74' lang='grc' dir='ltr'>κτοὶ</span> <span class='ocrx_word' id='word_1_629' title='bbox 2314 3078 2506 3146; x_wconf 77' lang='grc' dir='ltr'>Θεοῦ,›</span> <span class='ocrx_word' id='word_1_630' title='bbox 2541 3081 2670 3151; x_wconf 74' lang='grc' dir='ltr'>περὶ</span> <span class='ocrx_word' id='word_1_631' title='bbox 2705 3082 2849 3143; x_wconf 89' lang='grc' dir='ltr'>τίνος</span> <span class='ocrx_word' id='word_1_632' title='bbox 2879 3079 3049 3148; x_wconf 75' lang='grc' dir='ltr'>λέγεις</span> <span class='ocrx_word' id='word_1_633' title='bbox 3074 3078 3297 3134; x_wconf 59' lang='lat' dir='ltr'><strong>Manis.</strong></span> <span class='ocrx_word' id='word_1_634' title='bbox 3325 3079 3466 3151; x_wconf 81' lang='grc' dir='ltr'>Περὶ</span> <span class='ocrx_word' id='word_1_635' title='bbox 3486 3080 3583 3133; x_wconf 83' lang='grc' dir='ltr'><strong>τοῦ</strong></span> <span class='ocrx_word' id='word_1_636' title='bbox 3601 3077 3736 3171; x_wconf 63' lang='grc' dir='ltr'>Υῖοῦ.</span> 
     </span>
    </p>
   </div>
   <div class='ocr_carea' id='block_1_76' title="bbox 2186 3169 3736 3243">
    <p class='ocr_par' dir='ltr' id='par_1_76' title="bbox 2186 3169 3736 3243">
     <span class='ocr_line' id='line_1_76' title="bbox 2186 3169 3736 3243; baseline -0.002 -19"><span class='ocrx_word' id='word_1_637' title='bbox 2186 3173 2332 3239; x_wconf 84' lang='grc' dir='ltr'>Ὁρθ.</span> <span class='ocrx_word' id='word_1_638' title='bbox 2352 3172 2611 3241; x_wconf 81' lang='grc' dir='ltr'>Καίτοιγε</span> <span class='ocrx_word' id='word_1_639' title='bbox 2630 3171 2659 3223; x_wconf 84' lang='grc' dir='ltr'><strong>ὁ</strong></span> <span class='ocrx_word' id='word_1_640' title='bbox 2678 3171 2805 3235; x_wconf 84' lang='grc' dir='ltr'>Υἱὸς</span> <span class='ocrx_word' id='word_1_641' title='bbox 2822 3172 2999 3241; x_wconf 78' lang='grc' dir='ltr'>λέγει’</span> <span class='ocrx_word' id='word_1_642' title='bbox 3028 3191 3047 3223; x_wconf 74' lang='grc' dir='ltr'><strong>ι</strong></span> <span class='ocrx_word' id='word_1_643' title='bbox 3071 3171 3162 3242; x_wconf 81' lang='grc' dir='ltr'><strong>Μὴ</strong></span> <span class='ocrx_word' id='word_1_644' title='bbox 3186 3172 3567 3243; x_wconf 74' lang='grc' dir='ltr'>μεριμνήσητε</span> <span class='ocrx_word' id='word_1_645' title='bbox 3590 3169 3736 3240; x_wconf 70' lang='grc' dir='ltr'><strong>πί)ςῆ</strong></span> 
     </span>
    </p>
   </div>
   <div class='ocr_carea' id='block_1_77' title="bbox 2171 3260 3738 3337">
    <p class='ocr_par' dir='ltr' id='par_1_77' title="bbox 2171 3260 3738 3337">
     <span class='ocr_line' id='line_1_77' title="bbox 2171 3260 3738 3337; baseline -0.003 -19"><span class='ocrx_word' id='word_1_646' title='bbox 2171 3265 2223 3318; x_wconf 86' lang='grc' dir='ltr'><strong>τί</strong></span> <span class='ocrx_word' id='word_1_647' title='bbox 2256 3264 2548 3337; x_wconf 74' lang='grc' dir='ltr'>λαλήσετεο</span> <span class='ocrx_word' id='word_1_648' title='bbox 2578 3265 2709 3319; x_wconf 84' lang='grc' dir='ltr'>αὐτὸ</span> <span class='ocrx_word' id='word_1_649' title='bbox 2759 3265 2868 3337; x_wconf 81' lang='grc' dir='ltr'>γὰρ</span> <span class='ocrx_word' id='word_1_650' title='bbox 2905 3265 2966 3319; x_wconf 87' lang='grc' dir='ltr'><strong>τὸ</strong></span> <span class='ocrx_word' id='word_1_651' title='bbox 3000 3264 3222 3335; x_wconf 89' lang='grc' dir='ltr'>Πνεῦμα</span> <span class='ocrx_word' id='word_1_652' title='bbox 3261 3262 3465 3328; x_wconf 74' lang='grc' dir='ltr'>διδάξει</span> <span class='ocrx_word' id='word_1_653' title='bbox 3508 3260 3738 3333; x_wconf 78' lang='grc' dir='ltr'>ὐμᾶς,τί</span> 
     </span>
    </p>
   </div>
   <div class='ocr_carea' id='block_1_78' title="bbox 2168 3356 3739 3426">
    <p class='ocr_par' dir='ltr' id='par_1_78' title="bbox 2168 3356 3739 3426">
     <span class='ocr_line' id='line_1_78' title="bbox 2168 3356 3739 3426; baseline -0.001 -15"><span class='ocrx_word' id='word_1_654' title='bbox 2168 3357 2250 3412; x_wconf 85' lang='grc' dir='ltr'><strong>δεῖ</strong></span> <span class='ocrx_word' id='word_1_655' title='bbox 2274 3361 2465 3412; x_wconf 79' lang='grc' dir='ltr'>ποιεῖν.</span> <span class='ocrx_word' id='word_1_656' title='bbox 2496 3378 2514 3409; x_wconf 76' lang='grc' dir='ltr'><strong>ι</strong></span> <span class='ocrx_word' id='word_1_657' title='bbox 2542 3359 2604 3412; x_wconf 86' lang='lat' dir='ltr'><strong>Ei</strong></span> <span class='ocrx_word' id='word_1_658' title='bbox 2632 3359 2687 3412; x_wconf 86' lang='grc' dir='ltr'>δὲ</span> <span class='ocrx_word' id='word_1_659' title='bbox 2717 3359 2768 3411; x_wconf 80' lang='lat' dir='ltr'><strong>oi</strong></span> <span class='ocrx_word' id='word_1_660' title='bbox 2808 3359 2913 3412; x_wconf 87' lang='grc' dir='ltr'>ὐπὸ</span> <span class='ocrx_word' id='word_1_661' title='bbox 2940 3357 3033 3411; x_wconf 88' lang='grc' dir='ltr'><strong>τοῦ</strong></span> <span class='ocrx_word' id='word_1_662' title='bbox 3065 3356 3384 3426; x_wconf 86' lang='grc' dir='ltr'>Πνεύματος</span> <span class='ocrx_word' id='word_1_663' title='bbox 3429 3356 3739 3426; x_wconf 76' lang='grc' dir='ltr'>διδασκόμε-</span> 
     </span>
    </p>
   </div>
   <div class='ocr_carea' id='block_1_79' title="bbox 2169 3448 3736 3523">
    <p class='ocr_par' dir='ltr' id='par_1_79' title="bbox 2169 3448 3736 3523">
     <span class='ocr_line' id='line_1_79' title="bbox 2169 3448 3736 3523; baseline 0.002 -21"><span class='ocrx_word' id='word_1_664' title='bbox 2169 3465 2252 3502; x_wconf 90' lang='grc' dir='ltr'><strong>νοι</strong></span> <span class='ocrx_word' id='word_1_665' title='bbox 2277 3448 2515 3503; x_wconf 81' lang='grc' dir='ltr'>διδακτοὶ</span> <span class='ocrx_word' id='word_1_666' title='bbox 2544 3448 2676 3502; x_wconf 89' lang='grc' dir='ltr'>Θεοῦ</span> <span class='ocrx_word' id='word_1_667' title='bbox 2709 3449 2987 3513; x_wconf 80' lang='grc' dir='ltr'>ἀκούουσι,</span> <span class='ocrx_word' id='word_1_668' title='bbox 3007 3449 3057 3502; x_wconf 86' lang='grc' dir='ltr'><strong>τί</strong></span> <span class='ocrx_word' id='word_1_669' title='bbox 3078 3450 3203 3503; x_wconf 71' lang='grc' dir='ltr'>ἄλλο</span> <span class='ocrx_word' id='word_1_670' title='bbox 3223 3451 3290 3504; x_wconf 79' lang='grc' dir='ltr'>ἂν</span> <span class='ocrx_word' id='word_1_671' title='bbox 3308 3450 3395 3522; x_wconf 82' lang='grc' dir='ltr'><strong>εἴη</strong></span> <span class='ocrx_word' id='word_1_672' title='bbox 3421 3451 3489 3504; x_wconf 84' lang='grc' dir='ltr'><strong>τὸ</strong></span> <span class='ocrx_word' id='word_1_673' title='bbox 3509 3452 3736 3523; x_wconf 82' lang='grc' dir='ltr'>Πνεῦμα,</span> 
     </span>
    </p>
   </div>
   <div class='ocr_carea' id='block_1_80' title="bbox 2173 3537 3738 3610">
    <p class='ocr_par' dir='ltr' id='par_1_80' title="bbox 2173 3537 3738 3610">
     <span class='ocr_line' id='line_1_80' title="bbox 2173 3537 3738 3610; baseline -0.003 -19"><span class='ocrx_word' id='word_1_674' title='bbox 2173 3539 2367 3592; x_wconf 86' lang='grc' dir='ltr'>σαυτὸν</span> <span class='ocrx_word' id='word_1_675' title='bbox 2398 3538 2596 3610; x_wconf 87' lang='grc' dir='ltr'>ὲρὼτα.</span> <span class='ocrx_word' id='word_1_676' title='bbox 2639 3538 2864 3593; x_wconf 82' lang='grc' dir='ltr'>Μακεδ.</span> <span class='ocrx_word' id='word_1_677' title='bbox 2901 3538 3148 3591; x_wconf 82' lang='grc' dir='ltr'>Διδακτοὶ</span> <span class='ocrx_word' id='word_1_678' title='bbox 3188 3537 3324 3591; x_wconf 89' lang='grc' dir='ltr'>Θεοῦ</span> <span class='ocrx_word' id='word_1_679' title='bbox 3375 3538 3664 3592; x_wconf 75' lang='grc' dir='ltr'>ἀκούωσιν</span> <span class='ocrx_word' id='word_1_680' title='bbox 3698 3539 3738 3589; x_wconf 79' lang='grc' dir='ltr'><strong>οἱ</strong></span> 
     </span>
    </p>
   </div>
   <div class='ocr_carea' id='block_1_81' title="bbox 2170 3628 3740 3701">
    <p class='ocr_par' dir='ltr' id='par_1_81' title="bbox 2170 3628 3740 3701">
     <span class='ocr_line' id='line_1_81' title="bbox 2170 3628 3740 3701; baseline -0.002 -18"><span class='ocrx_word' id='word_1_681' title='bbox 2170 3629 2276 3683; x_wconf 83' lang='grc' dir='ltr'><strong>ὐπὸ</strong></span> <span class='ocrx_word' id='word_1_682' title='bbox 2305 3628 2396 3683; x_wconf 92' lang='grc' dir='ltr'><strong>τοῦ</strong></span> <span class='ocrx_word' id='word_1_683' title='bbox 2425 3628 2742 3700; x_wconf 87' lang='grc' dir='ltr'>Πνεύματος</span> <span class='ocrx_word' id='word_1_684' title='bbox 2783 3628 3175 3700; x_wconf 82' lang='grc' dir='ltr'>διδασκόμενοι,</span> <span class='ocrx_word' id='word_1_685' title='bbox 3207 3628 3398 3701; x_wconf 80' lang='grc' dir='ltr'>ἐπειδὴ</span> <span class='ocrx_word' id='word_1_686' title='bbox 3442 3632 3475 3682; x_wconf 84' lang='grc' dir='ltr'>ὁ</span> <span class='ocrx_word' id='word_1_687' title='bbox 3510 3628 3643 3692; x_wconf 73' lang='grc' dir='ltr'>Θεὸς</span> <span class='ocrx_word' id='word_1_688' title='bbox 3665 3628 3740 3681; x_wconf 73' lang='grc' dir='ltr'><strong>διὰ</strong></span> 
     </span>
    </p>
   </div>
   <div class='ocr_carea' id='block_1_82' title="bbox 2167 3717 3735 3793">
    <p class='ocr_par' dir='ltr' id='par_1_82' title="bbox 2167 3717 3735 3793">
     <span class='ocr_line' id='line_1_82' title="bbox 2167 3717 3735 3793; baseline -0.001 -19"><span class='ocrx_word' id='word_1_689' title='bbox 2167 3720 2261 3775; x_wconf 85' lang='grc' dir='ltr'><strong>τοῦ</strong></span> <span class='ocrx_word' id='word_1_690' title='bbox 2300 3720 2617 3793; x_wconf 87' lang='grc' dir='ltr'>Πνεύματος</span> <span class='ocrx_word' id='word_1_691' title='bbox 2663 3722 2860 3786; x_wconf 80' lang='grc' dir='ltr'>αὐτοὺς</span> <span class='ocrx_word' id='word_1_692' title='bbox 2902 3721 3159 3775; x_wconf 74' lang='grc' dir='ltr'>διδάσκει.</span> <span class='ocrx_word' id='word_1_693' title='bbox 3219 3720 3367 3788; x_wconf 88' lang='grc' dir='ltr'>Ὁρθ.</span> <span class='ocrx_word' id='word_1_694' title='bbox 3416 3722 3540 3774; x_wconf 86' lang='grc' dir='ltr'><strong>Οὐκ</strong></span> <span class='ocrx_word' id='word_1_695' title='bbox 3583 3717 3735 3773; x_wconf 78' lang='grc' dir='ltr'>εἶπεν·</span> 
     </span>
    </p>
   </div>
   <div class='ocr_carea' id='block_1_83' title="bbox 2173 3811 3736 3882">
    <p class='ocr_par' dir='ltr' id='par_1_83' title="bbox 2173 3811 3736 3882">
     <span class='ocr_line' id='line_1_83' title="bbox 2173 3811 3736 3882; baseline -0.002 -15"><span class='ocrx_word' id='word_1_696' title='bbox 2173 3814 2429 3868; x_wconf 88' lang='grc' dir='ltr'>Ἔσονται</span> <span class='ocrx_word' id='word_1_697' title='bbox 2461 3814 2660 3879; x_wconf 84' lang='grc' dir='ltr'>πάντες</span> <span class='ocrx_word' id='word_1_698' title='bbox 2678 3813 2916 3867; x_wconf 82' lang='grc' dir='ltr'>διδακτοὶ</span> <span class='ocrx_word' id='word_1_699' title='bbox 2936 3812 3027 3866; x_wconf 89' lang='grc' dir='ltr'><strong>τοῦ</strong></span> <span class='ocrx_word' id='word_1_700' title='bbox 3052 3811 3209 3877; x_wconf 87' lang='grc' dir='ltr'>Θεοῦ,</span> <span class='ocrx_word' id='word_1_701' title='bbox 3236 3812 3350 3865; x_wconf 81' lang='grc' dir='ltr'>ἀλλ’</span> <span class='ocrx_word' id='word_1_702' title='bbox 3383 3811 3517 3865; x_wconf 80' lang='grc' dir='ltr'>ἄνευ</span> <span class='ocrx_word' id='word_1_703' title='bbox 3539 3812 3631 3865; x_wconf 78' lang='grc' dir='ltr'><strong>τοῦ</strong></span> <span class='ocrx_word' id='word_1_704' title='bbox 3652 3812 3736 3882; x_wconf 79' lang='grc' dir='ltr'><strong>ἂρ-</strong></span> 
     </span>
    </p>
   </div>
   <div class='ocr_carea' id='block_1_84' title="bbox 2170 3900 3735 3978">
    <p class='ocr_par' dir='ltr' id='par_1_84' title="bbox 2170 3900 3735 3978">
     <span class='ocr_line' id='line_1_84' title="bbox 2170 3900 3735 3978; baseline -0.002 -20"><span class='ocrx_word' id='word_1_705' title='bbox 2170 3904 2322 3978; x_wconf 88' lang='grc' dir='ltr'>θρου.</span> <span class='ocrx_word' id='word_1_706' title='bbox 2357 3905 2579 3960; x_wconf 83' lang='grc' dir='ltr'>Μακεδ.</span> <span class='ocrx_word' id='word_1_707' title='bbox 2603 3906 2764 3977; x_wconf 82' lang='grc' dir='ltr'>Τρεῖς</span> <span class='ocrx_word' id='word_1_708' title='bbox 2782 3900 2874 3959; x_wconf 85' lang='grc' dir='ltr'><strong>οῦν</strong></span> <span class='ocrx_word' id='word_1_709' title='bbox 2893 3907 2997 3957; x_wconf 88' lang='grc' dir='ltr'>είσι</span> <span class='ocrx_word' id='word_1_710' title='bbox 3022 3903 3144 3957; x_wconf 89' lang='grc' dir='ltr'>Θεοί</span> <span class='ocrx_word' id='word_1_711' title='bbox 3167 3920 3182 3969; x_wconf 91' lang='grc'><strong>;</strong></span> <span class='ocrx_word' id='word_1_712' title='bbox 3222 3904 3371 3971; x_wconf 85' lang='grc' dir='ltr'>Ὁρθ.</span> <span class='ocrx_word' id='word_1_713' title='bbox 3388 3904 3484 3973; x_wconf 75' lang='grc' dir='ltr'><strong>Μὴ</strong></span> <span class='ocrx_word' id='word_1_714' title='bbox 3512 3904 3735 3973; x_wconf 76' lang='grc' dir='ltr'>γένοιτοί</span> 
     </span>
    </p>
   </div>
   <div class='ocr_carea' id='block_1_85' title="bbox 2169 3990 3739 4068">
    <p class='ocr_par' dir='ltr' id='par_1_85' title="bbox 2169 3990 3739 4068">
     <span class='ocr_line' id='line_1_85' title="bbox 2169 3990 3739 4068; baseline -0.003 -17"><span class='ocrx_word' id='word_1_715' title='bbox 2169 3995 2264 4062; x_wconf 73' lang='grc' dir='ltr'><strong>Εἷς</strong></span> <span class='ocrx_word' id='word_1_716' title='bbox 2285 3997 2419 4061; x_wconf 84' lang='grc' dir='ltr'>Θεὸς</span> <span class='ocrx_word' id='word_1_717' title='bbox 2441 4000 2470 4052; x_wconf 82' lang='grc' dir='ltr'><strong>ὁ</strong></span> <span class='ocrx_word' id='word_1_718' title='bbox 2497 3997 2706 4068; x_wconf 81' lang='grc' dir='ltr'>Πατὴρ,</span> <span class='ocrx_word' id='word_1_719' title='bbox 2737 3998 2832 4051; x_wconf 83' lang='grc' dir='ltr'>καὶ</span> <span class='ocrx_word' id='word_1_720' title='bbox 2853 3991 2934 4060; x_wconf 77' lang='grc' dir='ltr'><strong>εἷς</strong></span> <span class='ocrx_word' id='word_1_721' title='bbox 2955 3996 3087 4059; x_wconf 89' lang='grc' dir='ltr'>Θεὸς</span> <span class='ocrx_word' id='word_1_722' title='bbox 3102 3998 3132 4049; x_wconf 85' lang='grc' dir='ltr'>ὁ</span> <span class='ocrx_word' id='word_1_723' title='bbox 3152 3993 3296 4060; x_wconf 86' lang='grc' dir='ltr'>Υἱὸς,</span> <span class='ocrx_word' id='word_1_724' title='bbox 3329 3997 3426 4049; x_wconf 81' lang='grc' dir='ltr'>καὶ</span> <span class='ocrx_word' id='word_1_725' title='bbox 3443 3990 3527 4058; x_wconf 82' lang='grc' dir='ltr'><strong>είς</strong></span> <span class='ocrx_word' id='word_1_726' title='bbox 3545 3995 3675 4057; x_wconf 85' lang='grc' dir='ltr'>Θεὸς</span> <span class='ocrx_word' id='word_1_727' title='bbox 3690 3994 3739 4046; x_wconf 69' lang='grc' dir='ltr'><strong>τὸ</strong></span> 
     </span>
    </p>
   </div>
   <div class='ocr_carea' id='block_1_86' title="bbox 2169 4083 3737 4163">
    <p class='ocr_par' dir='ltr' id='par_1_86' title="bbox 2169 4083 3737 4163">
     <span class='ocr_line' id='line_1_86' title="bbox 2169 4083 3737 4163; baseline -0.004 -17"><span class='ocrx_word' id='word_1_728' title='bbox 2169 4090 2323 4160; x_wconf 70' lang='grc' dir='ltr'>ἅγιον</span> <span class='ocrx_word' id='word_1_729' title='bbox 2336 4091 2475 4145; x_wconf 89' lang='grc' dir='ltr'>Πνεῦ</span> <span class='ocrx_word' id='word_1_730' title='bbox 2485 4108 2579 4163; x_wconf 88' lang='grc' dir='ltr'><strong>μα.</strong></span> <span class='ocrx_word' id='word_1_731' title='bbox 2598 4089 2819 4145; x_wconf 79' lang='grc' dir='ltr'>Μακεδ.</span> <span class='ocrx_word' id='word_1_732' title='bbox 2835 4090 2996 4160; x_wconf 85' lang='grc' dir='ltr'>Τρεῖς</span> <span class='ocrx_word' id='word_1_733' title='bbox 3009 4083 3101 4141; x_wconf 87' lang='grc' dir='ltr'><strong>οῦν</strong></span> <span class='ocrx_word' id='word_1_734' title='bbox 3109 4088 3230 4141; x_wconf 87' lang='grc' dir='ltr'>Θεοί</span> <span class='ocrx_word' id='word_1_735' title='bbox 3246 4103 3260 4152; x_wconf 88' lang='lat'><strong>;</strong></span> <span class='ocrx_word' id='word_1_736' title='bbox 3277 4088 3424 4156; x_wconf 82' lang='grc' dir='ltr'>Ὁρθ.</span> <span class='ocrx_word' id='word_1_737' title='bbox 3444 4086 3737 4158; x_wconf 81' lang='grc' dir='ltr'>Ὀμολογεῐς</span> 
     </span>
    </p>
   </div>
   <div class='ocr_carea' id='block_1_87' title="bbox 2170 4173 3737 4249">
    <p class='ocr_par' dir='ltr' id='par_1_87' title="bbox 2170 4173 3737 4249">
     <span class='ocr_line' id='line_1_87' title="bbox 2170 4173 3737 4249; baseline -0.006 -14"><span class='ocrx_word' id='word_1_738' title='bbox 2170 4182 2266 4235; x_wconf 76' lang='grc' dir='ltr'>καὶ</span> <span class='ocrx_word' id='word_1_739' title='bbox 2287 4182 2445 4245; x_wconf 89' lang='grc' dir='ltr'>αὐτὸς</span> <span class='ocrx_word' id='word_1_740' title='bbox 2474 4181 2605 4235; x_wconf 85' lang='grc' dir='ltr'>Θεὸν</span> <span class='ocrx_word' id='word_1_741' title='bbox 2628 4177 2765 4234; x_wconf 77' lang='grc' dir='ltr'>εἶναι</span> <span class='ocrx_word' id='word_1_742' title='bbox 2783 4180 2872 4232; x_wconf 86' lang='grc' dir='ltr'><strong>τὸν</strong></span> <span class='ocrx_word' id='word_1_743' title='bbox 2887 4180 3127 4249; x_wconf 80' lang='grc' dir='ltr'>Πατέρα,</span> <span class='ocrx_word' id='word_1_744' title='bbox 3152 4178 3246 4231; x_wconf 72' lang='grc' dir='ltr'>καὶ</span> <span class='ocrx_word' id='word_1_745' title='bbox 3268 4177 3404 4231; x_wconf 87' lang='grc' dir='ltr'>Θεὸν</span> <span class='ocrx_word' id='word_1_746' title='bbox 3425 4177 3523 4231; x_wconf 84' lang='grc' dir='ltr'><strong>τὸν</strong></span> <span class='ocrx_word' id='word_1_747' title='bbox 3550 4173 3737 4243; x_wconf 71' lang='grc' dir='ltr'>Υίὸν,ῆ</span> 
     </span>
    </p>
   </div>
   <div class='ocr_carea' id='block_1_88' title="bbox 2168 4267 3738 4341">
    <p class='ocr_par' dir='ltr' id='par_1_88' title="bbox 2168 4267 3738 4341">
     <span class='ocr_line' id='line_1_88' title="bbox 2168 4267 3738 4341; baseline -0.003 -17"><span class='ocrx_word' id='word_1_748' title='bbox 2168 4272 2288 4325; x_wconf 84' lang='grc' dir='ltr'>οὐδὲ</span> <span class='ocrx_word' id='word_1_749' title='bbox 2302 4271 2458 4325; x_wconf 82' lang='grc' dir='ltr'>τοῦτο</span> <span class='ocrx_word' id='word_1_750' title='bbox 2475 4288 2489 4336; x_wconf 90' lang='grc'><strong>;</strong></span> <span class='ocrx_word' id='word_1_751' title='bbox 2506 4270 2726 4325; x_wconf 83' lang='grc' dir='ltr'>Μακεδ.</span> <span class='ocrx_word' id='word_1_752' title='bbox 2741 4269 3013 4341; x_wconf 85' lang='grc' dir='ltr'>Ὀμολογῶ</span> <span class='ocrx_word' id='word_1_753' title='bbox 3033 4269 3165 4323; x_wconf 83' lang='grc' dir='ltr'>Θεὸν</span> <span class='ocrx_word' id='word_1_754' title='bbox 3184 4269 3274 4323; x_wconf 83' lang='grc' dir='ltr'><strong>τὸν</strong></span> <span class='ocrx_word' id='word_1_755' title='bbox 3287 4269 3539 4341; x_wconf 84' lang='grc' dir='ltr'>Πατέρα,</span> <span class='ocrx_word' id='word_1_756' title='bbox 3558 4270 3650 4322; x_wconf 67' lang='grc' dir='ltr'>καὶ</span> <span class='ocrx_word' id='word_1_757' title='bbox 3663 4267 3738 4319; x_wconf 83' lang='grc' dir='ltr'><strong>τὸν</strong></span> 
     </span>
    </p>
   </div>
   <div class='ocr_carea' id='block_1_89' title="bbox 2170 4354 3737 4430">
    <p class='ocr_par' dir='ltr' id='par_1_89' title="bbox 2170 4354 3737 4430">
     <span class='ocr_line' id='line_1_89' title="bbox 2170 4354 3737 4430; baseline 0 -19"><span class='ocrx_word' id='word_1_758' title='bbox 2170 4357 2318 4412; x_wconf 86' lang='grc' dir='ltr'>Υἱόν.</span> <span class='ocrx_word' id='word_1_759' title='bbox 2362 4360 2508 4426; x_wconf 67' lang='grc' dir='ltr'>Ὸρθ.</span> <span class='ocrx_word' id='word_1_760' title='bbox 2532 4358 2636 4411; x_wconf 86' lang='grc' dir='ltr'><strong>Δύο</strong></span> <span class='ocrx_word' id='word_1_761' title='bbox 2658 4354 2750 4412; x_wconf 82' lang='grc' dir='ltr'>οὖν</span> <span class='ocrx_word' id='word_1_762' title='bbox 2775 4358 2942 4422; x_wconf 84' lang='grc' dir='ltr'><strong>Θεούς</strong></span> <span class='ocrx_word' id='word_1_763' title='bbox 2964 4358 3173 4429; x_wconf 83' lang='grc' dir='ltr'>λέγεις;</span> <span class='ocrx_word' id='word_1_764' title='bbox 3199 4359 3426 4412; x_wconf 60' lang='lat' dir='ltr'><strong>Marcelli.</strong></span> <span class='ocrx_word' id='word_1_765' title='bbox 3458 4361 3554 4430; x_wconf 74' lang='grc' dir='ltr'><strong>Μὴ</strong></span> <span class='ocrx_word' id='word_1_766' title='bbox 3581 4359 3737 4427; x_wconf 79' lang='grc' dir='ltr'>γένοι-</span> 
     </span>
    </p>
   </div>
   <div class='ocr_carea' id='block_1_90' title="bbox 493 4443 2071 4524">
    <p class='ocr_par' dir='ltr' id='par_1_90' title="bbox 493 4443 2062 4517">
     <span class='ocr_line' id='line_1_90' title="bbox 493 4443 2062 4517; baseline 0.004 -19"><span class='ocrx_word' id='word_1_767' title='bbox 493 4445 647 4499; x_wconf 90' lang='lat' dir='ltr'><strong>lium.</strong></span> <span class='ocrx_word' id='word_1_768' title='bbox 683 4443 833 4499; x_wconf 81' lang='lat' dir='ltr'><strong>Orlh.</strong></span> <span class='ocrx_word' id='word_1_769' title='bbox 874 4444 1021 4500; x_wconf 92' lang='lat' dir='ltr'><strong>Duos</strong></span> <span class='ocrx_word' id='word_1_770' title='bbox 1050 4447 1215 4517; x_wconf 88' lang='lat' dir='ltr'><strong>igitur</strong></span> <span class='ocrx_word' id='word_1_771' title='bbox 1248 4446 1387 4503; x_wconf 88' lang='lat' dir='ltr'><strong>Deos</strong></span> <span class='ocrx_word' id='word_1_772' title='bbox 1415 4447 1593 4504; x_wconf 81' lang='lat' dir='ltr'><strong>dicis?</strong></span> <span class='ocrx_word' id='word_1_773' title='bbox 1616 4445 1825 4503; x_wconf 74' lang='lat' dir='ltr'><strong>Haced.</strong></span> <span class='ocrx_word' id='word_1_774' title='bbox 1864 4450 2062 4505; x_wconf 79' lang='lat' dir='ltr'><strong>Absit!</strong></span> 
     </span>
    </p>
   </div>
   <div class='ocr_carea' id='block_1_91' title="bbox 2176 4443 3736 4524">
    <p class='ocr_par' dir='ltr' id='par_1_91' title="bbox 2176 4446 3736 4524">
     <span class='ocr_line' id='line_1_91' title="bbox 2176 4446 3736 4524; baseline -0.004 -19"><span class='ocrx_word' id='word_1_775' title='bbox 2176 4452 2263 4505; x_wconf 82' lang='grc' dir='ltr'><strong>τοί</strong></span> <span class='ocrx_word' id='word_1_776' title='bbox 2311 4451 2453 4520; x_wconf 85' lang='grc' dir='ltr'>Ὀρθ.</span> <span class='ocrx_word' id='word_1_777' title='bbox 2491 4452 2699 4523; x_wconf 80' lang='grc' dir='ltr'>Ὥσπερ</span> <span class='ocrx_word' id='word_1_778' title='bbox 2742 4446 2834 4503; x_wconf 84' lang='grc' dir='ltr'><strong>οὖν</strong></span> <span class='ocrx_word' id='word_1_779' title='bbox 2878 4450 3008 4503; x_wconf 84' lang='grc' dir='ltr'>Θεὸν</span> <span class='ocrx_word' id='word_1_780' title='bbox 3052 4449 3228 4519; x_wconf 84' lang='grc' dir='ltr'>λέγων</span> <span class='ocrx_word' id='word_1_781' title='bbox 3258 4451 3352 4503; x_wconf 88' lang='grc' dir='ltr'><strong>τὸν</strong></span> <span class='ocrx_word' id='word_1_782' title='bbox 3390 4451 3619 4524; x_wconf 81' lang='grc' dir='ltr'>Πατέρα</span> <span class='ocrx_word' id='word_1_783' title='bbox 3659 4448 3736 4500; x_wconf 67' lang='grc' dir='ltr'>καὶ</span> 
     </span>
    </p>
   </div>
   <div class='ocr_carea' id='block_1_92' title="bbox 495 4532 2069 4608">
    <p class='ocr_par' dir='ltr' id='par_1_92' title="bbox 495 4532 2069 4608">
     <span class='ocr_line' id='line_1_92' title="bbox 495 4532 2069 4608; baseline 0.003 -19"><span class='ocrx_word' id='word_1_784' title='bbox 495 4533 646 4589; x_wconf 80' lang='lat' dir='ltr'><strong>Orth.</strong></span> <span class='ocrx_word' id='word_1_785' title='bbox 679 4532 1145 4600; x_wconf 85' lang='lat' dir='ltr'><strong>Quemadmodum</strong></span> <span class='ocrx_word' id='word_1_786' title='bbox 1192 4536 1356 4608; x_wconf 90' lang='lat' dir='ltr'><strong>igitur</strong></span> <span class='ocrx_word' id='word_1_787' title='bbox 1382 4553 1507 4592; x_wconf 90' lang='lat' dir='ltr'><strong>cum</strong></span> <span class='ocrx_word' id='word_1_788' title='bbox 1536 4537 1755 4593; x_wconf 84' lang='lat' dir='ltr'><strong>Patrem</strong></span> <span class='ocrx_word' id='word_1_789' title='bbox 1784 4538 1979 4604; x_wconf 87' lang='lat' dir='ltr'><strong>Deum,</strong></span> <span class='ocrx_word' id='word_1_790' title='bbox 2014 4550 2069 4595; x_wconf 90' lang='lat' dir='ltr'><strong>et</strong></span> 
     </span>
    </p>
   </div>
   <div class='ocr_carea' id='block_1_93' title="bbox 492 4624 2066 4692">
    <p class='ocr_par' dir='ltr' id='par_1_93' title="bbox 492 4624 2066 4692">
     <span class='ocr_line' id='line_1_93' title="bbox 492 4624 2066 4692; baseline 0.005 -12"><span class='ocrx_word' id='word_1_791' title='bbox 492 4624 690 4681; x_wconf 86' lang='lat' dir='ltr'><strong>Filium</strong></span> <span class='ocrx_word' id='word_1_792' title='bbox 732 4625 902 4681; x_wconf 91' lang='lat' dir='ltr'><strong>Deum</strong></span> <span class='ocrx_word' id='word_1_793' title='bbox 952 4628 1253 4692; x_wconf 82' lang='lat' dir='ltr'><strong>conﬁteris,</strong></span> <span class='ocrx_word' id='word_1_794' title='bbox 1295 4645 1404 4685; x_wconf 90' lang='lat' dir='ltr'><strong>non</strong></span> <span class='ocrx_word' id='word_1_795' title='bbox 1446 4629 1587 4687; x_wconf 88' lang='lat' dir='ltr'><strong>duos</strong></span> <span class='ocrx_word' id='word_1_796' title='bbox 1634 4630 1776 4687; x_wconf 91' lang='lat' dir='ltr'><strong>Deos</strong></span> <span class='ocrx_word' id='word_1_797' title='bbox 1823 4633 2066 4688; x_wconf 83' lang='lat' dir='ltr'><strong>asseris:</strong></span> 
     </span>
    </p>
   </div>
   <div class='ocr_carea' id='block_1_94' title="bbox 494 4717 2073 4787">
    <p class='ocr_par' dir='ltr' id='par_1_94' title="bbox 494 4717 2073 4787">
     <span class='ocr_line' id='line_1_94' title="bbox 494 4717 2073 4787; baseline 0.004 -15"><span class='ocrx_word' id='word_1_798' title='bbox 494 4718 590 4782; x_wconf 87' lang='lat' dir='ltr'><strong>ita,</strong></span> <span class='ocrx_word' id='word_1_799' title='bbox 629 4717 866 4787; x_wconf 90' lang='lat' dir='ltr'><strong>Spiritus</strong></span> <span class='ocrx_word' id='word_1_800' title='bbox 904 4718 1163 4776; x_wconf 90' lang='lat' dir='ltr'><strong>deitatem</strong></span> <span class='ocrx_word' id='word_1_801' title='bbox 1211 4722 1504 4784; x_wconf 83' lang='lat' dir='ltr'><strong>conﬁtens.</strong></span> <span class='ocrx_word' id='word_1_802' title='bbox 1552 4737 1621 4777; x_wconf 93' lang='lat' dir='ltr'><strong>ne</strong></span> <span class='ocrx_word' id='word_1_803' title='bbox 1669 4732 1782 4779; x_wconf 86' lang='lat' dir='ltr'><strong>tres</strong></span> <span class='ocrx_word' id='word_1_804' title='bbox 1817 4722 1958 4779; x_wconf 88' lang='lat' dir='ltr'><strong>Deos</strong></span> <span class='ocrx_word' id='word_1_805' title='bbox 1986 4723 2073 4778; x_wconf 80' lang='lat' dir='ltr'><strong>di-</strong></span> 
     </span>
    </p>
   </div>
   <div class='ocr_carea' id='block_1_95' title="bbox 493 4809 2071 4877">
    <p class='ocr_par' dir='ltr' id='par_1_95' title="bbox 493 4809 2071 4877">
     <span class='ocr_line' id='line_1_95' title="bbox 493 4809 2071 4877; baseline 0.004 -13"><span class='ocrx_word' id='word_1_806' title='bbox 493 4810 622 4866; x_wconf 90' lang='lat' dir='ltr'><strong>cito.</strong></span> <span class='ocrx_word' id='word_1_807' title='bbox 662 4828 681 4861; x_wconf 75' lang='lat' dir='ltr'><strong>c</strong></span> <span class='ocrx_word' id='word_1_808' title='bbox 701 4809 877 4876; x_wconf 82' lang='lat' dir='ltr'><strong>Audi,</strong></span> <span class='ocrx_word' id='word_1_809' title='bbox 911 4812 1080 4875; x_wconf 90' lang='lat' dir='ltr'><strong>enim,</strong></span> <span class='ocrx_word' id='word_1_810' title='bbox 1100 4811 1269 4867; x_wconf 88' lang='lat' dir='ltr'><strong>Israel</strong></span> <span class='ocrx_word' id='word_1_811' title='bbox 1298 4832 1311 4867; x_wconf 89' lang='lat'>:</span> <span class='ocrx_word' id='word_1_812' title='bbox 1335 4813 1594 4870; x_wconf 91' lang='lat' dir='ltr'><strong>Dominus</strong></span> <span class='ocrx_word' id='word_1_813' title='bbox 1620 4813 1767 4870; x_wconf 88' lang='lat' dir='ltr'><strong>Deus</strong></span> <span class='ocrx_word' id='word_1_814' title='bbox 1792 4823 1940 4877; x_wconf 87' lang='lat' dir='ltr'><strong>tuus,</strong></span> <span class='ocrx_word' id='word_1_815' title='bbox 1968 4813 2071 4870; x_wconf 86' lang='lat' dir='ltr'><strong>Do-</strong></span> 
     </span>
    </p>
   </div>
   <div class='ocr_carea' id='block_1_96' title="bbox 492 4902 2067 4978">
    <p class='ocr_par' dir='ltr' id='par_1_96' title="bbox 492 4902 2067 4978">
     <span class='ocr_line' id='line_1_96' title="bbox 492 4902 2067 4978; baseline 0.004 -22"><span class='ocrx_word' id='word_1_816' title='bbox 492 4902 678 4958; x_wconf 86' lang='lat' dir='ltr'><strong>minus</strong></span> <span class='ocrx_word' id='word_1_817' title='bbox 717 4919 861 4959; x_wconf 88' lang='lat' dir='ltr'><strong>unus</strong></span> <span class='ocrx_word' id='word_1_818' title='bbox 897 4912 983 4959; x_wconf 88' lang='lat' dir='ltr'><strong>est</strong></span> <span class='ocrx_word' id='word_1_819' title='bbox 1002 4904 1070 4958; x_wconf 81' lang='lat'><strong>&quot;.</strong></span> <span class='ocrx_word' id='word_1_820' title='bbox 1103 4924 1122 4956; x_wconf 73' lang='grc' dir='ltr'><strong>ι</strong></span> <span class='ocrx_word' id='word_1_821' title='bbox 1157 4903 1367 4961; x_wconf 77' lang='lat' dir='ltr'><strong>Maced.</strong></span> <span class='ocrx_word' id='word_1_822' title='bbox 1402 4904 1556 4962; x_wconf 90' lang='lat' dir='ltr'><strong>Unus</strong></span> <span class='ocrx_word' id='word_1_823' title='bbox 1582 4906 1747 4978; x_wconf 89' lang='lat' dir='ltr'><strong>igitur</strong></span> <span class='ocrx_word' id='word_1_824' title='bbox 1780 4905 1924 4962; x_wconf 89' lang='lat' dir='ltr'><strong>Deus</strong></span> <span class='ocrx_word' id='word_1_825' title='bbox 1961 4906 2067 4962; x_wconf 85' lang='lat' dir='ltr'><strong>Pa-</strong></span> 
     </span>
    </p>
   </div>
   <div class='ocr_carea' id='block_1_97' title="bbox 493 4994 2067 5068">
    <p class='ocr_par' dir='ltr' id='par_1_97' title="bbox 493 4994 2067 5068">
     <span class='ocr_line' id='line_1_97' title="bbox 493 4994 2067 5068; baseline 0.005 -18"><span class='ocrx_word' id='word_1_826' title='bbox 493 5004 600 5066; x_wconf 88' lang='lat' dir='ltr'><strong>ter,</strong></span> <span class='ocrx_word' id='word_1_827' title='bbox 636 4994 807 5053; x_wconf 82' lang='lat' dir='ltr'><strong>Filius</strong></span> <span class='ocrx_word' id='word_1_828' title='bbox 849 5006 906 5053; x_wconf 87' lang='lat' dir='ltr'><strong>et</strong></span> <span class='ocrx_word' id='word_1_829' title='bbox 954 4995 1192 5068; x_wconf 90' lang='lat' dir='ltr'><strong>Spiritus</strong></span> <span class='ocrx_word' id='word_1_830' title='bbox 1223 5007 1471 5055; x_wconf 88' lang='lat' dir='ltr'><strong>sanctus.</strong></span> <span class='ocrx_word' id='word_1_831' title='bbox 1513 4997 1666 5055; x_wconf 79' lang='lat' dir='ltr'><strong>Orth.</strong></span> <span class='ocrx_word' id='word_1_832' title='bbox 1717 4997 1869 5055; x_wconf 91' lang='lat' dir='ltr'><strong>Unus</strong></span> <span class='ocrx_word' id='word_1_833' title='bbox 1899 4999 2067 5066; x_wconf 85' lang='lat' dir='ltr'><strong>Deus.</strong></span> 
     </span>
    </p>
   </div>
   <div class='ocr_carea' id='block_1_98' title="bbox 493 5089 2070 5161">
    <p class='ocr_par' dir='ltr' id='par_1_98' title="bbox 493 5089 2070 5161">
     <span class='ocr_line' id='line_1_98' title="bbox 493 5089 2070 5161; baseline 0.003 -17"><span class='ocrx_word' id='word_1_834' title='bbox 493 5104 605 5144; x_wconf 92' lang='lat' dir='ltr'><strong>non</strong></span> <span class='ocrx_word' id='word_1_835' title='bbox 631 5089 852 5159; x_wconf 90' lang='lat' dir='ltr'><strong>quidem</strong></span> <span class='ocrx_word' id='word_1_836' title='bbox 877 5096 936 5144; x_wconf 93' lang='lat' dir='ltr'><strong>ut</strong></span> <span class='ocrx_word' id='word_1_837' title='bbox 966 5090 1301 5155; x_wconf 89' lang='lat' dir='ltr'><strong>trinominis,</strong></span> <span class='ocrx_word' id='word_1_838' title='bbox 1333 5090 1430 5147; x_wconf 89' lang='lat' dir='ltr'><strong>sed</strong></span> <span class='ocrx_word' id='word_1_839' title='bbox 1463 5097 1526 5145; x_wconf 92' lang='lat' dir='ltr'><strong>ut</strong></span> <span class='ocrx_word' id='word_1_840' title='bbox 1560 5090 1620 5155; x_wconf 89' lang='lat' dir='ltr'><strong>ii,</strong></span> <span class='ocrx_word' id='word_1_841' title='bbox 1648 5091 1743 5161; x_wconf 92' lang='lat' dir='ltr'><strong>qui</strong></span> <span class='ocrx_word' id='word_1_842' title='bbox 1774 5092 1829 5146; x_wconf 94' lang='lat' dir='ltr'><strong>in</strong></span> <span class='ocrx_word' id='word_1_843' title='bbox 1850 5090 2070 5148; x_wconf 90' lang='lat' dir='ltr'><strong>Christo</strong></span> 
     </span>
    </p>
   </div>
   <div class='ocr_carea' id='block_1_99' title="bbox 497 5178 2066 5248">
    <p class='ocr_par' dir='ltr' id='par_1_99' title="bbox 497 5178 2066 5248">
     <span class='ocr_line' id='line_1_99' title="bbox 497 5178 2066 5248; baseline 0.001 -15"><span class='ocrx_word' id='word_1_844' title='bbox 497 5178 723 5248; x_wconf 82' lang='lat' dir='ltr'><strong>perfecti</strong></span> <span class='ocrx_word' id='word_1_845' title='bbox 762 5188 912 5244; x_wconf 89' lang='lat' dir='ltr'><strong>sunt,</strong></span> <span class='ocrx_word' id='word_1_846' title='bbox 961 5196 1106 5236; x_wconf 90' lang='lat' dir='ltr'><strong>unus</strong></span> <span class='ocrx_word' id='word_1_847' title='bbox 1153 5196 1430 5237; x_wconf 89' lang='lat' dir='ltr'><strong>consensu</strong></span> <span class='ocrx_word' id='word_1_848' title='bbox 1486 5191 1540 5236; x_wconf 85' lang='lat' dir='ltr'><strong>et</strong></span> <span class='ocrx_word' id='word_1_849' title='bbox 1589 5189 1806 5238; x_wconf 84' lang='lat' dir='ltr'><strong>natura.</strong></span> <span class='ocrx_word' id='word_1_850' title='bbox 1855 5181 2066 5236; x_wconf 69' lang='lat' dir='ltr'><strong>Haud.</strong></span> 
     </span>
    </p>
   </div>
   <div class='ocr_carea' id='block_1_100' title="bbox 497 5271 2068 5345">
    <p class='ocr_par' dir='ltr' id='par_1_100' title="bbox 497 5271 2068 5345">
     <span class='ocr_line' id='line_1_100' title="bbox 497 5271 2068 5345; baseline 0.002 -18"><span class='ocrx_word' id='word_1_851' title='bbox 497 5271 677 5327; x_wconf 87' lang='lat' dir='ltr'><strong>Unum</strong></span> <span class='ocrx_word' id='word_1_852' title='bbox 707 5284 1038 5329; x_wconf 90' lang='lat' dir='ltr'><strong>consensum</strong></span> <span class='ocrx_word' id='word_1_853' title='bbox 1065 5282 1119 5330; x_wconf 92' lang='lat' dir='ltr'><strong>et</strong></span> <span class='ocrx_word' id='word_1_854' title='bbox 1140 5289 1240 5345; x_wconf 86' lang='lat' dir='ltr'><strong>ego</strong></span> <span class='ocrx_word' id='word_1_855' title='bbox 1261 5274 1405 5328; x_wconf 81' lang='lat' dir='ltr'><strong>dico.</strong></span> <span class='ocrx_word' id='word_1_856' title='bbox 1435 5271 1589 5329; x_wconf 79' lang='lat' dir='ltr'><strong>Orth.</strong></span> <span class='ocrx_word' id='word_1_857' title='bbox 1615 5273 1711 5328; x_wconf 92' lang='lat' dir='ltr'><strong>Dic</strong></span> <span class='ocrx_word' id='word_1_858' title='bbox 1734 5284 1790 5329; x_wconf 88' lang='lat' dir='ltr'><strong>et</strong></span> <span class='ocrx_word' id='word_1_859' title='bbox 1815 5284 2068 5330; x_wconf 87' lang='lat' dir='ltr'><strong>naturam</strong></span> 
     </span>
    </p>
   </div>
   <div class='ocr_carea' id='block_1_101' title="bbox 496 5364 2072 5437">
    <p class='ocr_par' dir='ltr' id='par_1_101' title="bbox 496 5364 2072 5437">
     <span class='ocr_line' id='line_1_101' title="bbox 496 5364 2072 5437; baseline 0 -15"><span class='ocrx_word' id='word_1_860' title='bbox 496 5379 734 5437; x_wconf 78' lang='lat' dir='ltr'><strong>quoque,</strong></span> <span class='ocrx_word' id='word_1_861' title='bbox 784 5375 843 5420; x_wconf 91' lang='lat' dir='ltr'><strong>ut</strong></span> <span class='ocrx_word' id='word_1_862' title='bbox 876 5366 956 5423; x_wconf 88' lang='lat' dir='ltr'><strong>sis</strong></span> <span class='ocrx_word' id='word_1_863' title='bbox 987 5366 1197 5422; x_wconf 86' lang='lat' dir='ltr'><strong>beatus.</strong></span> <span class='ocrx_word' id='word_1_864' title='bbox 1238 5364 1445 5422; x_wconf 74' lang='lat' dir='ltr'><strong>Maced.</strong></span> <span class='ocrx_word' id='word_1_865' title='bbox 1479 5365 1598 5421; x_wconf 85' lang='lat' dir='ltr'><strong>Non</strong></span> <span class='ocrx_word' id='word_1_866' title='bbox 1632 5381 1855 5437; x_wconf 83' lang='lat' dir='ltr'><strong>possum</strong></span> <span class='ocrx_word' id='word_1_867' title='bbox 1887 5367 2072 5422; x_wconf 86' lang='lat' dir='ltr'><strong>dicere</strong></span> 
     </span>
    </p>
   </div>
   <div class='ocr_carea' id='block_1_102' title="bbox 500 5457 2071 5530">
    <p class='ocr_par' dir='ltr' id='par_1_102' title="bbox 500 5457 2071 5530">
     <span class='ocr_line' id='line_1_102' title="bbox 500 5457 2071 5530; baseline 0.003 -18"><span class='ocrx_word' id='word_1_868' title='bbox 500 5472 663 5515; x_wconf 76' lang='lat' dir='ltr'><strong>unam</strong></span> <span class='ocrx_word' id='word_1_869' title='bbox 691 5465 964 5515; x_wconf 87' lang='lat' dir='ltr'><strong>naturam.</strong></span> <span class='ocrx_word' id='word_1_870' title='bbox 1005 5457 1158 5515; x_wconf 81' lang='lat' dir='ltr'><strong>Orth.</strong></span> <span class='ocrx_word' id='word_1_871' title='bbox 1188 5458 1283 5515; x_wconf 90' lang='lat' dir='ltr'><strong>Dic</strong></span> <span class='ocrx_word' id='word_1_872' title='bbox 1312 5459 1478 5530; x_wconf 85' lang='lat' dir='ltr'><strong>igitur</strong></span> <span class='ocrx_word' id='word_1_873' title='bbox 1503 5474 1600 5515; x_wconf 86' lang='lat' dir='ltr'><strong>eos</strong></span> <span class='ocrx_word' id='word_1_874' title='bbox 1629 5459 1917 5515; x_wconf 90' lang='lat' dir='ltr'><strong>dissimilis</strong></span> <span class='ocrx_word' id='word_1_875' title='bbox 1945 5474 2071 5516; x_wconf 86' lang='lat' dir='ltr'><strong>esse</strong></span> 
     </span>
    </p>
   </div>
   <div class='ocr_carea' id='block_1_103' title="bbox 2168 4538 3735 4612">
    <p class='ocr_par' dir='ltr' id='par_1_103' title="bbox 2168 4538 3735 4612">
     <span class='ocr_line' id='line_1_103' title="bbox 2168 4538 3735 4612; baseline 0 -19"><span class='ocrx_word' id='word_1_876' title='bbox 2168 4540 2299 4593; x_wconf 85' lang='grc' dir='ltr'>Θεὸν</span> <span class='ocrx_word' id='word_1_877' title='bbox 2326 4541 2415 4594; x_wconf 82' lang='grc' dir='ltr'><strong>τὸν</strong></span> <span class='ocrx_word' id='word_1_878' title='bbox 2440 4540 2587 4604; x_wconf 83' lang='grc' dir='ltr'>Υίὸν,</span> <span class='ocrx_word' id='word_1_879' title='bbox 2619 4540 2681 4592; x_wconf 90' lang='grc' dir='ltr'>οὐ</span> <span class='ocrx_word' id='word_1_880' title='bbox 2708 4539 2801 4593; x_wconf 79' lang='grc' dir='ltr'><strong>δύο</strong></span> <span class='ocrx_word' id='word_1_881' title='bbox 2835 4538 3000 4603; x_wconf 83' lang='grc' dir='ltr'>Θεοὺς</span> <span class='ocrx_word' id='word_1_882' title='bbox 3028 4539 3224 4609; x_wconf 83' lang='grc' dir='ltr'>λέγεις’</span> <span class='ocrx_word' id='word_1_883' title='bbox 3258 4539 3436 4603; x_wconf 79' lang='grc' dir='ltr'>οὕτως</span> <span class='ocrx_word' id='word_1_884' title='bbox 3474 4538 3735 4612; x_wconf 75' lang='grc' dir='ltr'>ὁμολογῶν</span> 
     </span>
    </p>
   </div>
   <div class='ocr_carea' id='block_1_104' title="bbox 2170 4629 3731 4705">
    <p class='ocr_par' dir='ltr' id='par_1_104' title="bbox 2170 4629 3731 4705">
     <span class='ocr_line' id='line_1_104' title="bbox 2170 4629 3731 4705; baseline -0.02 -17"><span class='ocrx_word' id='word_1_885' title='bbox 2170 4634 2265 4687; x_wconf 75' lang='grc' dir='ltr'>καὶ</span> <span class='ocrx_word' id='word_1_886' title='bbox 2283 4633 2383 4705; x_wconf 84' lang='grc' dir='ltr'>τὴν</span> <span class='ocrx_word' id='word_1_887' title='bbox 2407 4632 2500 4685; x_wconf 88' lang='grc' dir='ltr'><strong>τοῦ</strong></span> <span class='ocrx_word' id='word_1_888' title='bbox 2529 4631 2666 4686; x_wconf 85' lang='grc' dir='ltr'>Πνεύ</span> <span class='ocrx_word' id='word_1_889' title='bbox 2676 4649 2842 4701; x_wconf 87' lang='grc' dir='ltr'>ματος</span> <span class='ocrx_word' id='word_1_890' title='bbox 2862 4631 3110 4699; x_wconf 77' lang='grc' dir='ltr'>θεότητα,</span> <span class='ocrx_word' id='word_1_891' title='bbox 3136 4631 3211 4703; x_wconf 62' lang='grc' dir='ltr'>μὴ</span> <span class='ocrx_word' id='word_1_892' title='bbox 3228 4635 3379 4704; x_wconf 68' lang='grc' dir='ltr'>τρεῖς</span> <span class='ocrx_word' id='word_1_893' title='bbox 3407 4632 3540 4703; x_wconf 67' lang='grc' dir='ltr'><strong>λέγε</strong></span> <span class='ocrx_word' id='word_1_894' title='bbox 3565 4629 3731 4690; x_wconf 59' lang='grc' dir='ltr'>θεούς.</span> 
     </span>
    </p>
   </div>
   <div class='ocr_carea' id='block_1_105' title="bbox 2176 4723 3735 4796">
    <p class='ocr_par' dir='ltr' id='par_1_105' title="bbox 2176 4723 3735 4796">
     <span class='ocr_line' id='line_1_105' title="bbox 2176 4723 3735 4796; baseline -0.002 -19"><span class='ocrx_word' id='word_1_895' title='bbox 2176 4745 2196 4777; x_wconf 72' lang='grc' dir='ltr'><strong><em>ο</em></strong></span> <span class='ocrx_word' id='word_1_896' title='bbox 2242 4726 2462 4789; x_wconf 76' lang='grc' dir='ltr'>Ἄκουε,</span> <span class='ocrx_word' id='word_1_897' title='bbox 2489 4723 2619 4796; x_wconf 83' lang='grc' dir='ltr'>γὰρ,</span> <span class='ocrx_word' id='word_1_898' title='bbox 2649 4724 2884 4795; x_wconf 81' lang='grc' dir='ltr'>Ἰσραήλ·</span> <span class='ocrx_word' id='word_1_899' title='bbox 2921 4723 3123 4794; x_wconf 83' lang='grc' dir='ltr'>Κύριος</span> <span class='ocrx_word' id='word_1_900' title='bbox 3161 4726 3191 4777; x_wconf 83' lang='grc' dir='ltr'><strong>ὁ</strong></span> <span class='ocrx_word' id='word_1_901' title='bbox 3218 4724 3351 4787; x_wconf 82' lang='grc' dir='ltr'>Θεός</span> <span class='ocrx_word' id='word_1_902' title='bbox 3393 4741 3515 4789; x_wconf 85' lang='grc' dir='ltr'>σου,</span> <span class='ocrx_word' id='word_1_903' title='bbox 3553 4723 3735 4795; x_wconf 77' lang='grc' dir='ltr'>Κύριος</span> 
     </span>
    </p>
   </div>
   <div class='ocr_carea' id='block_1_106' title="bbox 2171 4809 3734 4888">
    <p class='ocr_par' dir='ltr' id='par_1_106' title="bbox 2171 4809 3734 4888">
     <span class='ocr_line' id='line_1_106' title="bbox 2171 4809 3734 4888; baseline -0.001 -19"><span class='ocrx_word' id='word_1_904' title='bbox 2171 4809 2253 4877; x_wconf 78' lang='grc' dir='ltr'>εἷς</span> <span class='ocrx_word' id='word_1_905' title='bbox 2284 4818 2422 4868; x_wconf 79' lang='grc' dir='ltr'>ἐστι.</span> <span class='ocrx_word' id='word_1_906' title='bbox 2462 4835 2481 4866; x_wconf 74' lang='grc' dir='ltr'><strong>ι</strong></span> <span class='ocrx_word' id='word_1_907' title='bbox 2524 4814 2742 4870; x_wconf 81' lang='grc' dir='ltr'>Μακεδ.</span> <span class='ocrx_word' id='word_1_908' title='bbox 2788 4811 2887 4879; x_wconf 78' lang='grc' dir='ltr'><strong>Εἷς</strong></span> <span class='ocrx_word' id='word_1_909' title='bbox 2932 4813 3027 4868; x_wconf 78' lang='grc' dir='ltr'>οὖν</span> <span class='ocrx_word' id='word_1_910' title='bbox 3064 4817 3179 4868; x_wconf 75' lang='grc' dir='ltr'>ἐστι</span> <span class='ocrx_word' id='word_1_911' title='bbox 3211 4814 3368 4879; x_wconf 88' lang='grc' dir='ltr'>Θεὸς,</span> <span class='ocrx_word' id='word_1_912' title='bbox 3404 4816 3622 4888; x_wconf 78' lang='grc' dir='ltr'>Πατὴρ,</span> <span class='ocrx_word' id='word_1_913' title='bbox 3658 4815 3734 4867; x_wconf 74' lang='grc' dir='ltr'>καὶ</span> 
     </span>
    </p>
   </div>
   <div class='ocr_carea' id='block_1_107' title="bbox 2172 4902 3733 4982">
    <p class='ocr_par' dir='ltr' id='par_1_107' title="bbox 2172 4902 3733 4982">
     <span class='ocr_line' id='line_1_107' title="bbox 2172 4902 3733 4982; baseline -0.001 -22"><span class='ocrx_word' id='word_1_914' title='bbox 2172 4907 2322 4972; x_wconf 80' lang='grc' dir='ltr'>Υἱὸς,</span> <span class='ocrx_word' id='word_1_915' title='bbox 2349 4908 2443 4960; x_wconf 81' lang='grc' dir='ltr'>καὶ</span> <span class='ocrx_word' id='word_1_916' title='bbox 2470 4906 2624 4975; x_wconf 70' lang='grc' dir='ltr'>ἅγιον</span> <span class='ocrx_word' id='word_1_917' title='bbox 2650 4908 2891 4977; x_wconf 78' lang='grc' dir='ltr'>Πνεῦμα.</span> <span class='ocrx_word' id='word_1_918' title='bbox 2928 4908 3074 4982; x_wconf 71' lang='grc' dir='ltr'><strong>Ὀρᾷ.</strong></span> <span class='ocrx_word' id='word_1_919' title='bbox 3102 4902 3196 4971; x_wconf 75' lang='grc' dir='ltr'><strong>Εἷς</strong></span> <span class='ocrx_word' id='word_1_920' title='bbox 3219 4907 3375 4971; x_wconf 80' lang='grc' dir='ltr'>Θεὸς,</span> <span class='ocrx_word' id='word_1_921' title='bbox 3410 4910 3516 4980; x_wconf 81' lang='grc' dir='ltr'>οὐχ</span> <span class='ocrx_word' id='word_1_922' title='bbox 3546 4911 3620 4972; x_wconf 82' lang='grc' dir='ltr'><strong>ὡς</strong></span> <span class='ocrx_word' id='word_1_923' title='bbox 3638 4924 3733 4977; x_wconf 82' lang='grc' dir='ltr'>τρι·</span> 
     </span>
    </p>
   </div>
   <div class='ocr_carea' id='block_1_108' title="bbox 2175 4995 3731 5072">
    <p class='ocr_par' dir='ltr' id='par_1_108' title="bbox 2175 4995 3731 5072">
     <span class='ocr_line' id='line_1_108' title="bbox 2175 4995 3731 5072; baseline -0.001 -18"><span class='ocrx_word' id='word_1_924' title='bbox 2175 5000 2409 5072; x_wconf 83' lang='grc' dir='ltr'>ώνυμος,</span> <span class='ocrx_word' id='word_1_925' title='bbox 2445 5000 2558 5053; x_wconf 83' lang='grc' dir='ltr'>ἀλλ’</span> <span class='ocrx_word' id='word_1_926' title='bbox 2592 5000 2667 5064; x_wconf 84' lang='grc' dir='ltr'>ὡς</span> <span class='ocrx_word' id='word_1_927' title='bbox 2694 5002 2744 5053; x_wconf 87' lang='grc' dir='ltr'>οἱ</span> <span class='ocrx_word' id='word_1_928' title='bbox 2768 5003 2826 5054; x_wconf 81' lang='grc' dir='ltr'><strong>έν</strong></span> <span class='ocrx_word' id='word_1_929' title='bbox 2848 5000 3066 5072; x_wconf 84' lang='grc' dir='ltr'>Χριστῷ</span> <span class='ocrx_word' id='word_1_930' title='bbox 3088 5001 3543 5072; x_wconf 77' lang='grc' dir='ltr'>κατηρτισμένοι,</span> <span class='ocrx_word' id='word_1_931' title='bbox 3577 4995 3653 5063; x_wconf 78' lang='grc' dir='ltr'>εἷς</span> <span class='ocrx_word' id='word_1_932' title='bbox 3670 4996 3731 5064; x_wconf 71' lang='grc' dir='ltr'>τῷ</span> 
     </span>
    </p>
   </div>
   <div class='ocr_carea' id='block_1_109' title="bbox 2175 5085 3732 5164">
    <p class='ocr_par' dir='ltr' id='par_1_109' title="bbox 2175 5085 3732 5164">
     <span class='ocr_line' id='line_1_109' title="bbox 2175 5085 3732 5164; baseline -0.001 -20"><span class='ocrx_word' id='word_1_933' title='bbox 2175 5091 2317 5164; x_wconf 86' lang='grc' dir='ltr'>λόγῳ</span> <span class='ocrx_word' id='word_1_934' title='bbox 2344 5092 2444 5161; x_wconf 83' lang='grc' dir='ltr'>τῆς</span> <span class='ocrx_word' id='word_1_935' title='bbox 2475 5093 2794 5162; x_wconf 76' lang='grc' dir='ltr'>συμφωνίας</span> <span class='ocrx_word' id='word_1_936' title='bbox 2824 5091 3038 5162; x_wconf 76' lang='grc' dir='ltr'>καὶτῆς</span> <span class='ocrx_word' id='word_1_937' title='bbox 3067 5091 3300 5162; x_wconf 79' lang='grc' dir='ltr'>φύσεως.</span> <span class='ocrx_word' id='word_1_938' title='bbox 3329 5092 3564 5147; x_wconf 57' lang='lat' dir='ltr'><strong>Maura.</strong></span> <span class='ocrx_word' id='word_1_939' title='bbox 3586 5085 3732 5155; x_wconf 73' lang='grc' dir='ltr'><strong>Κάγὼ</strong></span> 
     </span>
    </p>
   </div>
   <div class='ocr_carea' id='block_1_110' title="bbox 2175 5180 3731 5254">
    <p class='ocr_par' dir='ltr' id='par_1_110' title="bbox 2175 5180 3731 5254">
     <span class='ocr_line' id='line_1_110' title="bbox 2175 5180 3731 5254; baseline -0.004 -17"><span class='ocrx_word' id='word_1_940' title='bbox 2175 5184 2319 5253; x_wconf 86' lang='grc' dir='ltr'>λέγω</span> <span class='ocrx_word' id='word_1_941' title='bbox 2357 5184 2485 5254; x_wconf 88' lang='grc' dir='ltr'>μίαν</span> <span class='ocrx_word' id='word_1_942' title='bbox 2526 5183 2866 5254; x_wconf 81' lang='grc' dir='ltr'>συμφωνίαν.</span> <span class='ocrx_word' id='word_1_943' title='bbox 2930 5183 3074 5252; x_wconf 80' lang='grc' dir='ltr'>Ὀρθ.</span> <span class='ocrx_word' id='word_1_944' title='bbox 3115 5182 3249 5237; x_wconf 71' lang='grc' dir='ltr'><strong>Εἰπὲ</strong></span> <span class='ocrx_word' id='word_1_945' title='bbox 3291 5183 3391 5236; x_wconf 75' lang='grc' dir='ltr'>καὶ</span> <span class='ocrx_word' id='word_1_946' title='bbox 3437 5183 3622 5252; x_wconf 79' lang='grc' dir='ltr'>φύσιν,</span> <span class='ocrx_word' id='word_1_947' title='bbox 3661 5180 3731 5231; x_wconf 70' lang='grc' dir='ltr'><strong>ἴνα</strong></span> 
     </span>
    </p>
   </div>
   <div class='ocr_carea' id='block_1_111' title="bbox 2181 5271 3729 5349">
    <p class='ocr_par' dir='ltr' id='par_1_111' title="bbox 2181 5271 3729 5349">
     <span class='ocr_line' id='line_1_111' title="bbox 2181 5271 3729 5349; baseline 0.001 -19"><span class='ocrx_word' id='word_1_948' title='bbox 2181 5276 2448 5349; x_wconf 79' lang='grc' dir='ltr'>μακάριος</span> <span class='ocrx_word' id='word_1_949' title='bbox 2481 5277 2632 5348; x_wconf 83' lang='grc' dir='ltr'>γένῃ.</span> <span class='ocrx_word' id='word_1_950' title='bbox 2665 5275 2887 5332; x_wconf 63' lang='lat' dir='ltr'><strong>Mazaca.</strong></span> <span class='ocrx_word' id='word_1_951' title='bbox 2917 5277 2994 5331; x_wconf 89' lang='grc' dir='ltr'><strong>Οὐ</strong></span> <span class='ocrx_word' id='word_1_952' title='bbox 3019 5275 3252 5347; x_wconf 82' lang='grc' dir='ltr'>δύναμαι</span> <span class='ocrx_word' id='word_1_953' title='bbox 3284 5278 3467 5333; x_wconf 76' lang='grc' dir='ltr'>εἰπεῖν</span> <span class='ocrx_word' id='word_1_954' title='bbox 3502 5271 3729 5349; x_wconf 52' lang='lat' dir='ltr'><strong>plasti-</strong></span> 
     </span>
    </p>
   </div>
   <div class='ocr_carea' id='block_1_112' title="bbox 2178 5362 3732 5439">
    <p class='ocr_par' dir='ltr' id='par_1_112' title="bbox 2178 5362 3732 5439">
     <span class='ocr_line' id='line_1_112' title="bbox 2178 5362 3732 5439; baseline 0.001 -19"><span class='ocrx_word' id='word_1_955' title='bbox 2178 5385 2281 5421; x_wconf 82' lang='grc' dir='ltr'>σιν.</span> <span class='ocrx_word' id='word_1_956' title='bbox 2318 5368 2464 5436; x_wconf 82' lang='grc' dir='ltr'>Ὁρθ.</span> <span class='ocrx_word' id='word_1_957' title='bbox 2485 5367 2693 5422; x_wconf 88' lang='grc' dir='ltr'>Οὐκοῦν</span> <span class='ocrx_word' id='word_1_958' title='bbox 2717 5368 2839 5420; x_wconf 82' lang='grc' dir='ltr'>είπὲ</span> <span class='ocrx_word' id='word_1_959' title='bbox 2858 5367 3162 5439; x_wconf 82' lang='grc' dir='ltr'>ἀνομοίους.</span> <span class='ocrx_word' id='word_1_960' title='bbox 3187 5367 3418 5422; x_wconf 60' lang='lat' dir='ltr'><strong>Nam.</strong></span> <span class='ocrx_word' id='word_1_961' title='bbox 3442 5369 3580 5424; x_wconf 78' lang='grc' dir='ltr'>Οὐδὲ</span> <span class='ocrx_word' id='word_1_962' title='bbox 3598 5362 3732 5421; x_wconf 70' lang='grc' dir='ltr'>τοῦτο</span> 
     </span>
    </p>
   </div>
   <div class='ocr_carea' id='block_1_113' title="bbox 2176 5453 3731 5531">
    <p class='ocr_par' dir='ltr' id='par_1_113' title="bbox 2176 5453 3731 5531">
     <span class='ocr_line' id='line_1_113' title="bbox 2176 5453 3731 5531; baseline 0.001 -19"><span class='ocrx_word' id='word_1_963' title='bbox 2176 5458 2340 5529; x_wconf 84' lang='grc' dir='ltr'>λέγω.</span> <span class='ocrx_word' id='word_1_964' title='bbox 2381 5460 2526 5528; x_wconf 84' lang='grc' dir='ltr'>Ὀρθ.</span> <span class='ocrx_word' id='word_1_965' title='bbox 2556 5456 2694 5512; x_wconf 76' lang='grc' dir='ltr'>Οὔτε</span> <span class='ocrx_word' id='word_1_966' title='bbox 2723 5454 2817 5513; x_wconf 84' lang='grc' dir='ltr'><strong>οὖν</strong></span> <span class='ocrx_word' id='word_1_967' title='bbox 2844 5458 3052 5531; x_wconf 70' lang='grc' dir='ltr'>ψυχρὸς</span> <span class='ocrx_word' id='word_1_968' title='bbox 3074 5454 3145 5524; x_wconf 77' lang='grc' dir='ltr'>εἴ,</span> <span class='ocrx_word' id='word_1_969' title='bbox 3184 5458 3327 5513; x_wconf 82' lang='grc' dir='ltr'>κατὰ</span> <span class='ocrx_word' id='word_1_970' title='bbox 3350 5458 3417 5513; x_wconf 90' lang='grc' dir='ltr'><strong>τὸ</strong></span> <span class='ocrx_word' id='word_1_971' title='bbox 3433 5453 3731 5530; x_wconf 68' lang='grc' dir='ltr'>γεγοαμαῦ-</span> 
     </span>
    </p>
   </div>
   <div class='ocr_carea' id='block_1_114' title="bbox 568 5577 2071 5683">
    <p class='ocr_par' dir='ltr' id='par_1_114' title="bbox 568 5609 2042 5683">
     <span class='ocr_line' id='line_1_114' title="bbox 568 5609 2042 5683; baseline 0.001 -17"><span class='ocrx_word' id='word_1_972' title='bbox 568 5609 619 5645; x_wconf 78' lang='lat'>”</span> <span class='ocrx_word' id='word_1_973' title='bbox 644 5609 808 5683; x_wconf 72' lang='lat' dir='ltr'><strong>Bom.</strong></span> <span class='ocrx_word' id='word_1_974' title='bbox 842 5630 972 5675; x_wconf 65' lang='lat' dir='ltr'><strong>sm.</strong></span> <span class='ocrx_word' id='word_1_975' title='bbox 1008 5615 1114 5683; x_wconf 77' lang='lat' dir='ltr'><strong>t7;</strong></span> <span class='ocrx_word' id='word_1_976' title='bbox 1150 5613 1328 5668; x_wconf 85' lang='lat' dir='ltr'><strong>Galat.</strong></span> <span class='ocrx_word' id='word_1_977' title='bbox 1362 5629 1437 5679; x_wconf 85' lang='grc' dir='ltr'><strong>ιν,</strong></span> <span class='ocrx_word' id='word_1_978' title='bbox 1470 5614 1526 5668; x_wconf 88' lang='lat'><strong>7.</strong></span> <span class='ocrx_word' id='word_1_979' title='bbox 1629 5614 1679 5647; x_wconf 77' lang='lat'><strong>“</strong></span> <span class='ocrx_word' id='word_1_980' title='bbox 1715 5614 1873 5669; x_wconf 76' lang='lat' dir='ltr'><strong>Rom.</strong></span> <span class='ocrx_word' id='word_1_981' title='bbox 1912 5629 2042 5677; x_wconf 75' lang='lat' dir='ltr'><strong>rm,</strong></span> 
     </span>
    </p>
   </div>
   <div class='ocr_carea' id='block_1_115' title="bbox 2176 5577 3727 5683">
    <p class='ocr_par' dir='ltr' id='par_1_115' title="bbox 2234 5577 3727 5681">
     <span class='ocr_line' id='line_1_115' title="bbox 2234 5577 3727 5681; baseline 0.003 -13"><span class='ocrx_word' id='word_1_982' title='bbox 2234 5614 2280 5646; x_wconf 82' lang='grc'><strong>⁸⁸</strong></span> <span class='ocrx_word' id='word_1_983' title='bbox 2320 5611 2362 5669; x_wconf 84' lang='lat' dir='ltr'><strong>ll</strong></span> <span class='ocrx_word' id='word_1_984' title='bbox 2398 5612 2537 5669; x_wconf 85' lang='lat' dir='ltr'><strong>Tim.</strong></span> <span class='ocrx_word' id='word_1_985' title='bbox 2575 5628 2656 5681; x_wconf 85' lang='grc' dir='ltr'><strong>ιι,</strong></span> <span class='ocrx_word' id='word_1_986' title='bbox 2692 5613 2778 5668; x_wconf 72' lang='grc'><strong>12.</strong></span> <span class='ocrx_word' id='word_1_987' title='bbox 2867 5614 2912 5647; x_wconf 83' lang='grc'><strong>⁸⁸</strong></span> <span class='ocrx_word' id='word_1_988' title='bbox 2950 5614 3107 5670; x_wconf 79' lang='lat' dir='ltr'><strong>Rom.</strong></span> <span class='ocrx_word' id='word_1_989' title='bbox 3141 5630 3208 5681; x_wconf 86' lang='grc' dir='ltr'><strong>ν,</strong></span> <span class='ocrx_word' id='word_1_990' title='bbox 3245 5614 3333 5670; x_wconf 73' lang='grc' dir='ltr'>μ.</span> <span class='ocrx_word' id='word_1_991' title='bbox 3411 5615 3458 5648; x_wconf 75' lang='grc'><strong>⁸⁷</strong></span> <span class='ocrx_word' id='word_1_992' title='bbox 3496 5577 3605 5673; x_wconf 67' lang='grc' dir='ltr'>εει.</span> <span class='ocrx_word' id='word_1_993' title='bbox 3636 5620 3727 5672; x_wconf 72' lang='grc' dir='ltr'><strong>ω.</strong></span> 
     </span>
    </p>
   </div>
   <div class='ocr_carea' id='block_1_116' title="bbox 503 5679 2172 5751">
    <p class='ocr_par' dir='ltr' id='par_1_116' title="bbox 503 5679 2172 5751">
     <span class='ocr_line' id='line_1_116' title="bbox 503 5679 2172 5751; baseline 0.002 -14"><span class='ocrx_word' id='word_1_994' title='bbox 503 5679 605 5749; x_wconf 68' lang='lat' dir='ltr'><strong>i3;</strong></span> <span class='ocrx_word' id='word_1_995' title='bbox 632 5680 792 5738; x_wconf 80' lang='lat' dir='ltr'><strong>Joau.</strong></span> <span class='ocrx_word' id='word_1_996' title='bbox 826 5700 879 5739; x_wconf 81' lang='grc' dir='ltr'>γι</span> <span class='ocrx_word' id='word_1_997' title='bbox 905 5723 920 5751; x_wconf 85' lang='grc'><strong>,</strong></span> <span class='ocrx_word' id='word_1_998' title='bbox 956 5685 1044 5739; x_wconf 69' lang='grc'><strong>45.</strong></span> <span class='ocrx_word' id='word_1_999' title='bbox 1101 5679 1165 5717; x_wconf 78' lang='grc'><strong>’⁸³</strong></span> <span class='ocrx_word' id='word_1_1000' title='bbox 1203 5684 1394 5738; x_wconf 74' lang='lat' dir='ltr'><strong>Matth.</strong></span> <span class='ocrx_word' id='word_1_1001' title='bbox 1426 5700 1483 5749; x_wconf 78' lang='grc' dir='ltr'><strong>ιι,</strong></span> <span class='ocrx_word' id='word_1_1002' title='bbox 1524 5684 1608 5739; x_wconf 84' lang='lat' dir='ltr'><strong>l9.</strong></span> <span class='ocrx_word' id='word_1_1003' title='bbox 1683 5686 1728 5721; x_wconf 77' lang='lat'><strong>”</strong></span> <span class='ocrx_word' id='word_1_1004' title='bbox 1762 5687 1920 5741; x_wconf 84' lang='lat' dir='ltr'><strong>Deut.</strong></span> <span class='ocrx_word' id='word_1_1005' title='bbox 1956 5700 2045 5750; x_wconf 74' lang='lat' dir='ltr'><strong>vr,</strong></span> <span class='ocrx_word' id='word_1_1006' title='bbox 2082 5683 2172 5740; x_wconf 53' lang='lat'><strong>4.“</strong></span> 
     </span>
    </p>
   </div>
  </div>
