3842 6210
111 228 137 282 ι
150 223 261 284 321

1187 224 1468 280 CONTRA
1502 224 1852 282 MACEDON.
1896 224 2246 282 DIALOGUS
2283 225 2328 281 I.

3258 236 3278 289 I
3291 235 3400 292 523

108 359 236 409 νον,
268 340 392 398 οὔτε
427 341 661 414 θερμόςσ
691 343 742 396 εί
779 341 890 414 γὰρ
928 337 997 414 ῆς
1041 341 1268 415 ψυχρὸς,
1319 343 1604 415 ἀνομοίους
1645 343 1701 398 ἂι

1815 353 2043 401 naturae.
2081 343 2291 400 Maced.
2329 342 2515 416 Neque
2536 343 2642 399 hoc
2665 343 2809 400 dico.
2843 345 2996 408 Orth.
3026 345 3139 403 Nec
3165 346 3398 420 frigidus

109 435 279 502 εἶπες
298 437 400 502 τάς
430 437 640 507 φύσεις·
664 439 712 490 εί
738 433 804 508 ἧς
833 436 1056 508 θερμὸς,
1087 437 1560 509 ἀπαραλλάκτους.
1590 439 1714 491 Μα-

109 529 249 585 κεδ.
295 529 739 600 Ἀπαράλλακτον
771 529 913 598 λέγω
945 527 1107 598 φύσιν
1130 528 1222 582 τὸν
1256 529 1404 582 Υίόν.
1444 530 1586 597 Ὀρθ.
1609 529 1714 582 Φύ-

113 639 209 686 σις
236 621 293 675 δὲ
306 621 535 700 ,φύσεως
556 621 975 693 ἀπαράλλακτος
993 617 1148 683 οὖσα,
1171 622 1204 691 ἡ
1229 621 1364 692 αὐτή
1391 622 1506 673 ἐστι
1531 620 1710 688 φύσις.

126 717 372 787 Ὁμοίως
412 714 522 785 γάρ
567 715 714 766 ἐστιν
748 713 1034 776 ἀθάνατος,
1078 712 1277 782 ὁμοίως
1312 711 1485 780 άγιος,
1514 711 1714 781 ὁμοίιος

111 809 424 881 ἄφθαρτος,
457 807 660 878 ὁμοίως
693 808 978 878 ἄτρεπτος.
1016 806 1204 877 Πατὴρ
1238 805 1296 857 δὲ
1331 805 1427 858 κα)⁸
1457 805 1584 868 Υἱὸς
1619 805 1714 858 καὶ

54 906 64 915 ’
113 905 282 971 ᾶγιον
311 901 537 971 Πνεῦμα
570 899 770 970 ὁμοίως
806 899 914 953 εἰσὶ
947 898 1017 952 τὰ
1042 897 1432 970 προειρημένα.
1466 898 1580 951 Μία
1606 898 1714 969 ἄρα.

113 995 291 1064 φύσις
333 992 450 1045 ἐστὶ
493 989 572 1060 τῷ
606 989 750 1058 λόγῳ
788 990 884 1059 τῆς
911 988 1257 1058 ταυτότητος.
1291 985 1512 1041 Μακεδ.
1555 986 1716 1040 Ἀλλὰ

112 1077 531 1134 ὑποτάσσεσθαι
553 1077 698 1146 λέγω
716 1076 792 1148 τῷ
815 1077 991 1149 Πατρὶ
1013 1076 1103 1129 τὸν
1128 1077 1275 1139 Υἱὸν,
1302 1076 1397 1130 καὶ
1421 1075 1536 1140 πῶς
1557 1076 1715 1130 δύνα-

117 1190 228 1244 μαι
258 1173 433 1225 εἰπεῖν
467 1170 596 1240 μίαν
627 1168 788 1240 φύσιν
809 1187 823 1234 ;
843 1171 987 1239 Ὀρθ.
1013 1169 1124 1241 Τὴν
1147 1169 1256 1241 γὰρ
1285 1169 1587 1240 ὑποταγὴν,
1611 1170 1715 1241 τῆς

114 1265 347 1334 φύσεως
397 1261 674 1332 ὑποταγὴν
724 1257 863 1315 εἶναι
909 1262 1108 1330 λέγεις,
1146 1262 1179 1332 ἢ
1228 1264 1325 1334 τῆς
1372 1264 1712 1335 οἰκονομίας;

111 1356 354 1412 Μακεδ.
385 1356 496 1426 Τῆς
528 1354 762 1423 φύσεως.
819 1356 963 1422 Ὁρθ.
999 1356 1206 1408 Οὑκοῦν
1251 1355 1499 1426 ἀνόμοιον
1537 1357 1716 1426 λέγεις

114 1449 224 1520 τὴν
271 1447 472 1518 φύσιν;
513 1446 734 1501 Μακεδ.
782 1448 875 1518 Μὴ
914 1447 1154 1515 γένοιτοῐ
1211 1448 1358 1516 Ὀρθ.
1389 1449 1554 1502 Ὅταν
1582 1450 1714 1521 λέγῃ

112 1543 145 1593 ὁ
174 1541 496 1613 Προφήτης
540 1559 560 1593 ι
598 1539 782 1593 Πάντα
818 1538 1093 1604 ὑπέταξας
1120 1540 1377 1594 ὑποκάτω
1408 1541 1516 1595 τῶν
1541 1543 1715 1596 ποδῶν

112 1633 318 1697 αὑτοῦ,
344 1633 587 1704 πρόϐατα
617 1633 709 1686 καὶ
737 1631 863 1702 βόας
891 1633 1128 1696 ἁπάσας,
1152 1632 1233 1686 ἔτι
1259 1633 1316 1686 δὲ
1339 1633 1517 1687 καὶτὰ
1541 1636 1711 1707 κτήνη

112 1727 221 1780 τοῦ
270 1726 474 1791 πεδίου,
513 1747 532 1780 ι
562 1725 661 1798 τὴν
691 1725 854 1794 φύσιν
896 1724 1006 1778 τῶν
1048 1726 1259 1794 ἀλόγων
1301 1730 1367 1798 τῇ
1409 1728 1569 1798 φύσει
1605 1730 1712 1783 τῶν

114 1817 432 1890 ἀνθρώπων
463 1818 863 1874 ὑποτάσσεσθαι
907 1818 1083 1887 λέγεις
1130 1821 1349 1875 Μακεδ.
1400 1822 1528 1875 Ναί.
1566 1824 1709 1890 Ὀρθ.

127 1913 421 1983 Ἀνόμοιος
441 1913 497 1966 δὲ
523 1915 556 1984 ἡ
589 1913 749 1983 φύσις
773 1913 880 1965 τῶν
909 1914 1121 1984 κτηνῶν
1143 1918 1209 1986 τῇ
1234 1913 1392 1984 φύσει
1415 1918 1480 1985 τῇ
1506 1915 1714 1986 ἀνθρω-

114 2005 299 2076 πίνῃ;
335 2003 560 2059 Μακεδ.
617 2005 744 2059 Ναί.
798 2006 944 2073 Ὀρθ.
1007 2005 1130 2058 Ἐάν
1176 2005 1331 2076 λέγῃ.
1380 2025 1400 2058 ι
1449 2006 1714 2073 ’Υπέταξε

111 2095 291 2152 λαοὺς
319 2097 452 2164 ἡμῖν
485 2096 580 2148 καὶ
608 2094 735 2167 ἔθνη
771 2095 875 2148 ὑπὸ
899 2096 1027 2159 τοὺς
1061 2096 1228 2159 πόδας
1257 2096 1432 2167 ἡμῶν,
1467 2117 1485 2149 ι
1527 2099 1590 2150 οὑ
1616 2098 1713 2170 τὴν

113 2191 290 2260 φύσιν
309 2194 374 2262 τῇ
401 2191 562 2260 φύσει
589 2192 759 2260 λέγει,
784 2191 920 2245 ἀλλὰ
939 2192 1038 2263 τὴν
1054 2192 1152 2262 τῆς
1178 2193 1451 2263 ἁμαρτίας
1471 2193 1715 2247 δουλείαν

111 2287 186 2354 τῇ
217 2283 504 2355 ἐλευθερίᾳ
534 2283 634 2354 τῆς
669 2284 938 2349 πίστεως;
969 2283 1190 2338 Μακεδ.
1226 2285 1352 2338 Ναί.
1398 2287 1544 2353 Ὀρθ.
1583 2287 1713 2340 Ἀλ-

113 2375 236 2435 λως
262 2369 358 2430 οὖν
385 2378 520 2446 ἡμῖν
562 2365 630 2430 τᾶ
660 2379 832 2448 κτήνη
867 2377 1253 2441 ὑποτάσσεται,
1302 2378 1395 2431 καὶ
1427 2377 1603 2443 ἄλλως
1646 2379 1716 2433 τὰ

114 2469 253 2539 ἔθνη
283 2488 296 2534 ;
327 2469 548 2523 Μακεδ.
583 2470 710 2524 Ναί.
767 2471 914 2538 Ὀρθ.
953 2470 1078 2522 Ἐὰν
1117 2469 1250 2541 λέγῃ
1282 2472 1314 2540 ἡ
1345 2472 1557 2544 Γραφὴ,
1593 2492 1612 2523 ι
1652 2476 1714 2526 Oi

111 2563 302 2616 δοῦλοι
345 2564 774 2633 ὑποτασσόμενοι
817 2566 930 2626 τοῖς
975 2564 1118 2616 κατὰ
1163 2563 1343 2635 σάρκα
1384 2566 1613 2636 κυρίοις,
1652 2567 1714 2620 οὑ

117 2654 293 2725 μόνον
332 2658 446 2720 τοῖς
489 2656 716 2725 ἀγαθοῖς
784 2657 880 2710 καὶ
922 2655 1242 2722 ἐπιεικέσιν,
1295 2655 1431 2710 ἀλλὰ
1469 2659 1563 2711 καὶ
1601 2662 1715 2723 τοῖς

116 2747 387 2813 σκολιοῖς,
421 2767 439 2799 ι
473 2747 648 2811 ἄλλως
686 2748 754 2802 τὰ
781 2749 975 2819 κτήνη,
1011 2748 1104 2802 καὶ
1143 2747 1318 2812 ἄλλως
1347 2749 1414 2803 τά
1441 2749 1589 2822 ἔθνη,
1621 2751 1716 2803 καὶ

112 2841 307 2904 ἄλλως
339 2838 398 2894 οἱ
421 2839 617 2894 δοῦλοι·
649 2839 718 2894 τὰ
747 2839 856 2913 γὰρ
887 2841 1058 2912 κτήνη
1095 2845 1160 2913 τῇ
1190 2842 1372 2911 φύσει,
1401 2842 1468 2896 τὰ
1499 2843 1626 2914 ἔθνη
1646 2845 1712 2915 τῇ

117 2935 337 2996 πίστει,
361 2935 408 2986 οἱ
435 2933 610 2987 δοῦλοι
633 2934 708 3005 τῷ
729 2936 898 3006 νόμῳ.
935 2936 1198 3008 Ἐγχωρεῖ
1222 2935 1331 3008 γάρ
1352 2938 1477 3000 τοὺς
1495 2935 1715 2999 δούλους

1815 439 2001 509 igitur,
2033 454 2136 494 nec
2183 437 2396 495 calidus
2444 453 2527 506 es,
2582 448 2644 493 ιιι
2700 436 2986 509 Scriptura
3038 442 3396 512 loquiturzsi

1814 531 1960 585 enim
1988 529 2220 601 frigidus
2248 545 2425 593 esses,
2462 538 2690 585 naturas
2732 530 3033 587 dissimiles
3078 534 3269 604 utique
3308 535 3395 590 di-

1815 637 2004 688 ceres;
2058 623 2143 678 sin
2189 638 2320 678 vero
2369 623 2602 689 calidus,
2652 638 2747 678 eas
2793 639 2889 694 per
2934 627 3118 680 omnia
3165 628 3393 684 similes.

1815 714 2026 770 Maced.
2055 715 2178 770 Filii
2208 715 2331 771 dico
2357 717 2672 774 nullatenus
2705 718 3041 774 diﬂ‘erentem
3078 736 3202 775 esse
3233 727 3393 774 natu-
3446 710 3451 716 ’

1816 821 1956 860 ram.
2000 805 2154 862 Orth.
2179 804 2386 861 Natura
2415 823 2544 862 vero
2573 824 2604 862 a
2634 818 2832 864 natura
2864 811 3000 865 nihil
3034 827 3261 882 prorsus
3283 811 3390 866 dif-

1817 898 2002 954 ferens
2026 899 2216 954 eadem
2243 906 2330 956 est
2361 902 2600 956 natura?
2627 900 3002 958 Consimiliter
3022 904 3166 958 enim
3188 913 3272 960 est
3293 905 3364 958 im
3377 935 3392 940 η

1816 991 2090 1054 mortalis,
2119 993 2482 1047 consimiliter
2510 1000 2592 1047 est
2627 1002 2874 1060 sanctus,
2921 997 3285 1052 consimiliter
3311 1007 3395 1052 est

1816 1082 2276 1153 incorruptibilis,
2306 1084 2672 1140 consimiliter
2697 1094 2782 1140 est
2813 1087 3197 1142 immutabilis.
3233 1086 3394 1143 Pater

1816 1185 2020 1238 autem,
2049 1174 2223 1230 Filius
2273 1181 2329 1230 et
2360 1173 2598 1244 Spiritus
2623 1182 2849 1229 sanctus
2878 1184 3008 1230 sunt
3031 1179 3395 1234 consimiliter

1815 1283 1879 1323 ea
1905 1283 2027 1338 quae
2059 1269 2204 1323 dicta
2239 1276 2388 1324 sunt.
2427 1267 2544 1322 Una
2586 1270 2774 1340 igitur,
2816 1270 3033 1325 ratione
3067 1272 3390 1336 identitatis.

1815 1370 1899 1416 est
1930 1369 2148 1416 natura.
2194 1359 2405 1417 Maccd.
2435 1361 2503 1415 At
2531 1360 2728 1416 Filium
2759 1362 2906 1417 Patri
2936 1364 3243 1434 subjectum
3271 1382 3394 1423 esse

1816 1455 2280 1524 dieozquomodo
2326 1455 2494 1524 igitur
2537 1471 2699 1509 unam
2748 1463 3002 1510 naturam
3045 1473 3272 1527 possum
3305 1459 3402 1513 di~

1816 1548 1980 1604 cere?
2019 1547 2174 1603 Orth.
2207 1547 2616 1618 Subjectionem
2644 1556 2856 1604 natura:
2881 1549 3042 1615 dicis,
3075 1565 3144 1604 an
3169 1566 3392 1606 oecono-

1821 1640 1944 1696 mia:
1991 1649 2046 1696 et
2081 1641 2492 1711 dispositionis?
2535 1640 2743 1696 Maced.
2791 1640 3029 1696 Naturae.
3066 1643 3220 1698 Orth.
3248 1642 3392 1712 Ergo

1815 1734 2139 1789 dissimilem
2193 1733 2333 1789 dicis
2384 1734 2676 1788 naturam?
2728 1733 2938 1788 Maced.
3001 1735 3194 1790 Absit!
3235 1734 3388 1791 Orllt.

1816 1822 2048 1889 Quando
2089 1821 2358 1893 Propheta
2401 1827 2478 1879 ait
2515 1845 2527 1879 :
2571 1843 2590 1876 ι
2621 1823 2813 1880 Omnia
2847 1826 3128 1896 subjecisti
3164 1829 3267 1883 sub
3298 1845 3391 1898 pe—

1814 1917 1974 1971 dibus
2004 1916 2146 1986 ejus,
2180 1932 2309 1971 oves
2338 1927 2392 1971 et
2419 1919 2584 1974 boves
2626 1918 2932 1984 universas,
2965 1920 3191 1990 insuper
3217 1928 3270 1975 et
3298 1937 3392 1991 pe-

1814 2023 1944 2061 cora
1974 2010 2153 2078 campi
2178 2010 2224 2040 9°
2259 2028 2271 2062 :
2307 2029 2326 2061 ›
2357 2025 2541 2066 nonne
2567 2019 2820 2066 naturam
2867 2012 3154 2067 brutorum
3183 2023 3390 2067 natura:

1814 2099 2098 2156 hominum
2145 2117 2267 2158 esse
2309 2103 2612 2174 subjectam
2652 2104 2764 2158 ait?
2805 2103 3014 2160 Maced.
3053 2105 3188 2160 Imo.
3233 2105 3388 2162 Ortlt.

1817 2195 1925 2251 Sed
1955 2205 2153 2252 natura
2168 2213 2425 2268 pecorum
2456 2205 2668 2252 naturae
2692 2197 2943 2252 humana:
2965 2205 3048 2253 est
3069 2197 3394 2252 dissimilis?

1815 2287 2024 2342 Maced.
2057 2288 2252 2344 Etiam.
2292 2287 2445 2344 Orth.
2479 2288 2712 2354 Quando
2765 2288 2860 2354 ait,
2895 2307 2914 2339 ι
2943 2287 3188 2358 Subjecit
3216 2305 3392 2360 popu-

1813 2382 1899 2436 los
1939 2381 2124 2447 nobis,
2152 2388 2206 2436 et
2247 2389 2438 2452 gentes
2482 2383 2586 2436 sub
2629 2381 2861 2452 pedibus
2892 2384 3188 2444 nostris",
3223 2404 3242 2436 ι
3280 2401 3389 2439 non

1817 2481 2068 2528 naturam
2119 2485 2350 2539 naturae,
2395 2475 2489 2530 sed
2530 2475 2847 2530 servitutem
2879 2477 3110 2545 peccati,
3153 2477 3389 2531 libertati

1817 2565 1942 2620 ﬁdei
1975 2566 2276 2636 subjectam
2309 2567 2512 2622 docet?
2536 2565 2746 2622 Maced.
2793 2567 2993 2624 Etiam.
3028 2567 3181 2622 Orth.
3219 2569 3392 2623 Aliter

1817 2659 1983 2729 igitur
2027 2675 2250 2729 pecora,
2288 2659 2446 2714 aliter
2478 2668 2667 2730 gentes
2713 2661 2872 2716 nobis
2915 2661 3176 2730 subjecta:
3223 2661 3391 2716 sunt?

1818 2750 2025 2822 Maced.
2058 2751 2252 2807 Etiam.
2290 2751 2441 2807 Orth.
2465 2752 2694 2820 Quando
2720 2751 3007 2824 Scriptura
3037 2755 3112 2807 ait
3141 2772 3153 2807 :
3191 2772 3210 2804 ι
3236 2752 3388 2808 Servi

1817 2842 2050 2912 subjecti
2077 2843 2190 2899 sint
2218 2843 2458 2900 dominis
2481 2845 2783 2899 secundum
2815 2861 3054 2912 carnem,
3079 2860 3187 2899 non
3210 2845 3388 2898 solum

1817 2935 1976 2990 bonis
1999 2942 2054 2990 et
2072 2935 2359 2998 modestis.
2395 2937 2490 2992 sed
2520 2937 2684 2992 etiam
2714 2937 2936 2992 discolis
2960 2939 3004 2969 θ’
3031 2955 3042 2990 :
3073 2958 3092 2990 ι
3113 2937 3271 2991 aliter
3298 2951 3392 3006 pe-

117 3027 452 3097 κρείττονας
498 3022 634 3080 εἶναι
677 3029 742 3098 τῆ
784 3029 953 3100 ἀρετῇ
995 3028 1103 3082 τῶν
1144 3028 1436 3083 δεσποτῶν.
1488 3029 1701 3084 Μακεδ.

1818 3041 1967 3092 cora,
2007 3027 2167 3081 aliter
2196 3036 2406 3098 gentes,
2440 3029 2600 3082 aliter
2629 3043 2819 3084 servos
2855 3029 3134 3098 subjectos
3161 3029 3340 3083 innuit
3372 3046 3384 3080 :

125 3119 616 3192 Ὀμολογουμένως
662 3120 836 3184 ἄλλως
887 3121 981 3174 καὶ
1032 3121 1205 3186 ἄλλως
1253 3123 1520 3192 ὑποταγή.
1561 3124 1706 3191 Ὀρθ.

127 3212 304 3266 Ἀλλά
352 3213 448 3264 καὶ
489 3214 652 3283 ἡμεῖς
703 3212 952 3285 ἀλλήλοις
1005 3215 1432 3284 ὑποτασσόμενοι
1477 3215 1566 3269 διὰ
1613 3215 1711 3287 τὴν

113 3307 375 3376 ἀγάπην,
405 3306 505 3376 οὑχ
532 3306 607 3369 ὡς
636 3305 705 3359 τὰ
731 3308 904 3378 κτήνη
934 3307 1199 3375 φυσικῶς,
1233 3307 1348 3360 οὗθ’
1394 3308 1470 3372 ὡς
1492 3309 1560 3361 τὰ
1583 3308 1710 3378 ἔθνη

111 3401 186 3469 τῇ
225 3397 434 3458 πίστει,
460 3394 572 3448 οὔθ’
607 3396 686 3458 ὡς
709 3395 882 3450 δοῦλοι
908 3395 986 3467 τῷ
1012 3396 1180 3467 νόμῳ.
1215 3396 1437 3451 Μακεδ.
1473 3397 1609 3451 Οὑτε
1637 3397 1712 3461 ὼς

114 3491 323 3560 κτήνη,
358 3487 482 3541 οὔτε
509 3489 585 3551 ὼς
607 3486 757 3559 ἔθνη,
783 3489 906 3541 οὔτε
928 3488 1004 3552 ὼς
1027 3490 1077 3543 οἱ
1107 3489 1302 3553 δοῦλοι,
1331 3488 1468 3542 ἀλλὰ
1497 3489 1584 3543 διὰ
1611 3490 1712 3560 τὴν

111 3580 219 3634 τοῦ
249 3578 458 3650 Κυρίου
485 3579 729 3648 ἀγάπην.
780 3579 926 3647 Ὀρθ.
967 3581 1024 3633 '0
1049 3581 1227 3635 τοίνυν
1257 3581 1384 3644 Υἱὸς
1415 3581 1714 3635 ὑποτασσό-

115 3690 290 3744 μενος
321 3673 399 3744 τῷ
432 3673 628 3743 Πατρὶ,
656 3671 731 3735 ὡς
757 3671 825 3725 τὰ
854 3675 1024 3744 κτήνη
1069 3673 1157 3726 διά
1185 3674 1277 3746 τὴν
1302 3674 1462 3742 φύσιν
1488 3677 1600 3737 τοῖς
1621 3675 1712 3728 ἁν-

112 3765 371 3838 ηρώποις
394 3766 780 3828 ὑποτάσσεται,
803 3765 836 3836 ἢ
861 3766 935 3829 ὡς
953 3766 1126 3820 δοῦλοι
1149 3767 1236 3820 διά
1261 3768 1350 3820 τὸν
1371 3768 1554 3838 νόμον,
1579 3767 1613 3838 ἢ
1635 3768 1712 3831 ὡς

111 3857 452 3930 ἁμαρτωλὸς
473 3858 561 3911 διὰ
585 3858 682 3930 τὴν
710 3859 914 3921 πίστιν,
936 3858 968 3930 ἢ
993 3859 1068 3922 ὡς
1091 3859 1218 3923 Υἱὸς
1238 3859 1326 3913 διὰ
1347 3860 1444 3931 τὴν
1467 3859 1707 3931 ἀγάπην.

114 3949 257 4013 Υἱὸς
290 3949 347 4002 δὲ
376 3946 552 4022 Πατρὶ
583 3951 682 4022 τὴν
709 3951 880 4023 αὑτὴν
914 3951 1025 4020 ἕχει
1056 3951 1216 4019 φύσιν
1251 3951 1709 4022 ὑποτασσόμενος,

111 4037 248 4110 οὑχ).
280 4038 439 4108 φύσει
471 4041 570 4112 τῆς
599 4039 871 4112 θεότητος,
899 4040 1034 4094 ἀλλὰ
1065 4045 1131 4113 τῇ
1167 4044 1449 4114 οἰκονομίᾳ
1485 4043 1584 4114 τῆς
1613 4045 1709 4097 άν-

113 4133 138 4183 ε
157 4131 500 4203 ρωπότητος.
541 4134 599 4186 '0
631 4133 738 4204 γὰρ
772 4135 1211 4205 ὑποτασσόμενος
1243 4135 1356 4206 ἔχει
1391 4154 1444 4190 τι
1477 4135 1708 4207 θέλημα,

111 4224 143 4276 δ
177 4222 423 4288 κολάζει,
449 4225 533 4277 ἵνα
560 4224 622 4277 τὸ
652 4223 747 4278 τοῦ
782 4225 1215 4296 προστάσσοντος
1245 4229 1465 4299 ποιήσῃ·
1499 4229 1711 4300 Πατρὸς

111 4317 176 4370 δὲ
215 4317 311 4370 καί
337 4315 466 4370 Υἰοῦ
488 4316 547 4369 ἓν
582 4319 699 4370 ἐστι
726 4316 936 4389 θέλημα
961 4316 1038 4387 τῷ
1070 4317 1213 4389 λόγῳ
1239 4319 1336 4388 τῆς
1369 4317 1637 4389 θεότητος.

1811 3133 2011 3189 pecora
2032 3119 2254 3188 quidem
2287 3129 2506 3182 natura,
2537 3127 2728 3190 gentes
2765 3119 2887 3185 fide,
2923 3121 3065 3176 servi
3089 3122 3227 3191 lege.
3253 3119 3391 3178 Pos-

1813 3218 1944 3266 sunt
1975 3212 2121 3266 enim
2156 3212 2302 3266 servi
2335 3212 2573 3268 dominis
2618 3213 2750 3282 ipsis
2794 3213 2996 3268 virtute
3039 3211 3386 3267 antecellere.

1813 3303 2020 3358 Maced.
2065 3303 2162 3360 Est
2189 3305 2246 3358 in
2271 3303 2526 3361 confesso
2576 3305 2712 3359 alios
2744 3312 2907 3376 atque
2937 3305 3074 3361 alios
3103 3320 3227 3360 esse
3256 3302 3388 3359 sub-

1807 3396 2066 3466 jeetionis
2097 3397 2311 3453 modos.
2349 3396 2500 3452 Orth.
2532 3397 2679 3464 Quin
2717 3411 2772 3454 et
2805 3413 2907 3452 nos
2947 3399 3088 3452 alius
3127 3398 3219 3452 alii
3257 3397 3388 3452 sub-

1807 3487 1941 3555 jecti
1977 3503 2167 3543 sumus
2199 3504 2296 3559 per
2319 3488 2666 3552 charitatetn,
2699 3503 2808 3542 non
2839 3497 2898 3542 ut
2931 3503 3129 3559 pecora
3161 3496 3388 3540 natura-

1812 3579 1959 3641 liter,
2015 3596 2190 3650 neque
2244 3589 2302 3635 ut
2335 3591 2524 3651 gentes
2575 3581 2704 3645 (ide,
2753 3596 2930 3650 neque
2970 3587 3029 3634 ut
3067 3581 3210 3635 servi
3251 3580 3384 3648 lege.

1813 3671 2022 3727 Maced.
2054 3671 2239 3743 Neque
2261 3682 2320 3726 ut
2348 3688 2569 3743 pecora,
2601 3688 2778 3742 neque
2805 3682 2862 3727 ut
2890 3679 3099 3742 gentes,
3125 3684 3304 3740 neque
3330 3678 3390 3721 ut

1813 3768 1978 3830 servi,
2013 3766 2108 3820 sed
2138 3782 2235 3835 per
2268 3764 2483 3819 Domini
2514 3764 2881 3820 dilectionem.
2918 3763 3070 3819 Orth.
3115 3760 3249 3816 Cum
3291 3762 3390 3832 igi—

1812 3867 1903 3911 tur
1930 3856 2102 3912 Filius
2129 3856 2280 3912 Patri
2313 3858 2594 3928 subjectus
2625 3859 2718 3922 sit,
2755 3857 3044 3926 subjicitur
3074 3857 3151 3910 illi
3179 3844 3266 3910 vel
3295 3869 3392 3924 per

1814 3958 2088 4014 naturam,
2123 3956 2179 4004 ut
2218 3965 2416 4020 pecora
2445 3949 2761 4005 hominibus
2789 3950 2910 4004 :vel
2957 3964 3055 4019 per
3096 3948 3291 4016 legem,
3331 3955 3388 3996 ut

1814 4043 1962 4097 servi
1994 4060 2007 4096 :
2038 4043 2124 4097 vel
2152 4058 2247 4112 per
2281 4042 2462 4106 (idem,
2495 4049 2554 4096 ut
2578 4049 2832 4112 peccator
2861 4059 2872 4094 :
2904 4042 2988 4094 vel
3020 4055 3115 4110 per
3143 4038 3389 4091 dilectio-

1815 4150 1962 4199 nem,
1997 4143 2056 4189 ut
2090 4134 2282 4190 Filius.
2325 4133 2498 4190 Filius
2541 4143 2724 4190 autem
2753 4133 2999 4189 eamdem
3035 4146 3196 4201 quam
3230 4129 3390 4184 Pater

1813 4227 1978 4283 habet
2015 4237 2294 4294 naturam,
2335 4229 2617 4298 subjectus
2646 4236 2986 4302 non_natura
3015 4223 3256 4285 tleitatis,
3294 4221 3389 4275 Sed

1814 4323 2122 4376 mconomia
2173 4323 2554 4378 humanitatis.
2603 4321 2706 4386 Qui
2741 4320 2889 4376 enim
2936 4317 3248 4386 subjicitur,
3292 4328 3391 4366 vo-

115 4410 397 4463 luntatem
445 4408 684 4475 aliquam
728 4408 911 4473 habet,
942 4425 1106 4480 quam
1147 4411 1460 4481 comprimit
1515 4421 1574 4466 ut
1609 4413 1943 4471 voluntatem
1980 4417 2350 4488 praecipientis
2405 4427 2752 4486 exsequatur.
2787 4414 2858 4467 At
2930 4411 3110 4465 Patris
3178 4418 3232 4463 et
3298 4405 3392 4459 Fi—

115 4508 181 4562 lii
217 4506 474 4560 voluntas
501 4517 586 4560 est
621 4521 750 4571 una,
784 4507 1001 4562 ratione
1034 4507 1277 4563 deitatis.

195 4602 288 4657 I9.
328 4601 550 4655 Μακεδ.
583 4603 709 4664 Πῶς
725 4597 817 4657 οὖν
838 4603 1168 4675 γέγραπται*
1201 4623 1219 4657 ι
1260 4605 1530 4676 ’Υπὴκοος
1553 4607 1701 4673 γενό-

1882 4603 1970 4659 19.
2017 4602 2228 4658 Maced.
2264 4601 2551 4668 Quomodo
2583 4601 2748 4671 igitur
2782 4599 3046 4668 scriptum
3079 4607 3202 4655 est:
3235 4617 3253 4649 ι
3284 4596 3390 4651 Fa-

116 4709 290 4766 μενος
333 4693 492 4765 μέχρι
527 4693 778 4748 θανάτου⁸
812 4716 831 4748 ι
879 4698 992 4762 καὶ,
1035 4716 1053 4748 ι
1095 4698 1264 4752 Ὅταν
1290 4697 1347 4751 δὲ
1386 4698 1532 4769 αὑτῴ
1575 4699 1709 4751 ὑπο-

111 4788 270 4856 ταγῇ
301 4786 501 4852 πάντα,
533 4787 654 4841 τότε
681 4789 774 4842 καὶ
805 4789 964 4852 αὑτὸς
991 4791 1019 4842 ό
1045 4789 1171 4854 Υἱὸς
1195 4792 1600 4862 ὑποταγήσεται
1632 4790 1711 4860 τῷ

115 4879 460 4944 ὑποτάξαντι
489 4880 637 4952 αὑτῷ
656 4881 726 4935 τὰ
754 4883 950 4947 πάντα,
977 4884 1065 4938 ἵνα
1150 4885 1178 4936 ὀ
1200 4883 1331 4946 Θεὸς
1358 4885 1425 4937 τὰ
1453 4885 1629 4938 πάντα
1654 4887 1710 4936 ἐν

115 4971 336 5035 etiam;
374 4989 394 5022 ι
442 4970 586 5040 Ὀρθ.
619 4971 847 5043 Μορφῆν
879 4972 989 5046 γάρ
1013 4972 1199 5026 δούλου
1229 4972 1407 5026 λαϐὼν
1442 4975 1498 5026 ὲν
1531 4976 1710 5045 μορφῇ

115 5062 267 5118 Θεοῦ
315 5063 594 5135 ὑπάρχων,
659 5067 954 5134 ἀναγκαῖον
1007 5067 1101 5119 καὶ
1145 5067 1242 5137 τὴν
1284 5067 1562 5138 ὑποταγὴν
1610 5071 1707 5138 τῆς

113 5155 385 5224 δουλικῆς
413 5157 627 5226 μορφῆς
654 5156 976 5227 ἀνειληφὼς,
1003 5157 1142 5228 ὑπὲρ
1166 5157 1320 5228 ἡμῶν
1345 5159 1708 5212 ὑποτάσσεται

117 5244 207 5316 τῷ
251 5244 448 5298 ἑαυτοῦ
482 5247 679 5316 Πατρὶ,
728 5247 788 5300 οὑ
829 5247 987 5316 φύσει
1035 5248 1307 5320 θεότητος,
1353 5249 1468 5303 ἀλλ’
1517 5251 1709 5303 ὲνὼσει

121 5338 356 5411 μορφῆς
393 5339 663 5410 δουλικῆς,
699 5334 766 5411 ἦς
809 5341 988 5395 ἔλαϐε.
1025 5342 1090 5394 Τί
1133 5342 1191 5395 δὲ
1230 5343 1324 5397 καὶ
1358 5342 1710 5397 ἐλαττοῦσθαι.

114 5430 232 5500 τὴν
250 5428 346 5482 τοῦ
377 5431 502 5484 Υἱοῦ
524 5431 685 5500 φύσιν
710 5432 951 5504 νομίζεις
980 5433 1068 5487 διὰ
1099 5434 1161 5487 τὸ
1191 5434 1590 5489 ὑποτάσσεσθαι
1610 5435 1709 5488 αὑ-

115 5522 223 5577 ’.ιὸν
248 5522 330 5594 τῷ
358 5523 560 5595 Πατρί;
605 5524 730 5578 Ἐάν
752 5521 843 5579 οὖν
875 5527 1132 5600 ἀκούσῃς,
1165 5529 1248 5581 ὃτι
1276 5530 1369 5582 καὶ¹
1400 5528 1710 5600 ἀνθρώποις

1817 4708 1940 4751 ctus
1989 4697 2252 4751 obediens
2313 4711 2485 4764 usque
2534 4694 2605 4749 ad
2654 4705 2883 4748 mortem
2913 4694 2980 4754 ⁸³,
3023 4711 3042 4743 ι
3072 4701 3126 4746 et
3158 4710 3172 4745 :
3204 4709 3224 4742 ι
3253 4689 3388 4745 Cum

1819 4797 2001 4842 autem
2031 4787 2081 4841 ei
2109 4787 2357 4855 subjecta
2382 4785 2588 4840 fuerint
2617 4786 2801 4839 omnia
2823 4824 2838 4846 ,
2868 4791 2998 4837 tunc
3028 4783 3145 4852 ipse
3171 4797 3390 4852 quoque

1821 4879 1994 4934 Filius
2022 4879 2306 4947 subjectus
2343 4879 2449 4932 erit
2472 4877 2521 4932 ei
2565 4877 2661 4946 qui
2694 4876 2926 4944 subjecit
2967 4874 3072 4929 sibi
3103 4874 3284 4926 omnia
3333 4872 3388 4924 in

1821 4972 2188 5028 omnibus“?
2233 4991 2252 5022 ι
2293 4971 2445 5028 Ortlt.
2505 4971 2794 5033 Nimirum,
2838 4970 3014 5024 forma
3057 4965 3201 5021 servi
3236 4980 3392 5019 acce-

1817 5075 1930 5136 pta,
1958 5081 2081 5120 cum
2118 5066 2172 5119 in
2204 5065 2378 5118 forma
2413 5063 2506 5119 Dei
2547 5071 2714 5130 esset,
2747 5061 3061 5117 necessario
3091 5059 3392 5138 subjectio-

1821 5174 1946 5212 nem
1966 5162 2195 5227 quoque
2239 5158 2455 5211 servilis
2506 5156 2692 5211 forma;
2734 5169 3044 5220 assumens,
3099 5150 3390 5219 subjicitur

1818 5265 1918 5319 pro
1941 5250 2101 5304 nobis
2129 5264 2230 5303 suo
2258 5249 2432 5318 ipsius
2462 5245 2635 5310 Patri,
2664 5261 2773 5301 non
2799 5258 2995 5298 natura
3024 5244 3267 5306 deitatis,
3294 5240 3390 5296 sed

1819 5344 2008 5398 formae
2044 5342 2283 5403 servilis,
2335 5356 2499 5411 quam
2550 5340 2718 5412 486
2764 5339 3018 5408 sumpsit,
3072 5345 3290 5402 unione.
3325 5335 3392 5385 lit

1818 5435 1950 5507 quid
1973 5443 2078 5496 est,
2101 5451 2200 5489 cur
2228 5433 2349 5488 Filii
2385 5441 2636 5486 naturam
2663 5432 2913 5486 imminui
2945 5443 3176 5484 censeas
3218 5443 3283 5481 ex
3311 5444 3392 5480 σεο

1819 5528 1964 5599 quod
1996 5528 2321 5597 subjiciatur
2343 5525 2532 5580 Patri?
2569 5523 2822 5594 Nunquid
2862 5524 2909 5578 si
2943 5521 3113 5577 Deum
3154 5520 3389 5576 Verbum

205 5679 255 5712 "
296 5675 444 5734 Psal.
483 5693 607 5742 vni,
644 5679 698 5735 8.
775 5682 817 5713 ⁹¹
862 5680 1008 5737 Psal.
1045 5698 1204 5750 xcvi,
1237 5683 1289 5738 ι.
1364 5683 1410 5714 ’³
1451 5683 1469 5737 l
1502 5681 1646 5738 Petr.
1689 5697 1764 5738 ιι.
1808 5681 1890 5737 l8.
1970 5684 2014 5714 ”
2053 5681 2288 5766 Philipp.
2331 5697 2405 5747 ll,
2442 5681 2496 5736 8.
2575 5680 2620 5711 ’⁸
2659 5677 2678 5731 I
2712 5679 2839 5734 Cor.
2879 5693 2966 5741 xv,
2999 5676 3092 5730 28.

426 5771 701 5834 Pnaoc.
741 5773 859 5835 Gn.
894 5774 1188 5834 XXVIII.

3002 5766 3078 5826 Ιιὲ
