3842 6210
468 245 607 301 15ὶῦ

1653 237 1709 292 S.
1751 235 2215 294 ATHANASIUS.
2257 269 2329 282 -—-
2364 238 2593 297 DUBIA.

3592 248 3616 301 1
3626 249 3715 307 δτι

464 362 657 419 audias
684 359 998 417 hominibus
1026 372 1246 432 quoque
1275 356 1583 427 subjectum
1619 353 1815 419 fuisse,
1849 356 2012 411 homi-

2143 359 2391 430 ὑπετάγη
2419 362 2447 412 6
2469 359 2603 424 Θεὸς
2632 360 2826 430 Λόγος,
2856 356 2963 434 ἆρα
2986 361 3078 415 καὶ
3104 362 3212 416 τῶν
3237 362 3546 435 ἀνθρώπων
3576 366 3718 421 ἐλάτ-

364 518 381 530 ο
464 469 594 507 num
634 461 832 507 natura
866 451 1184 508 inferiorem
1220 450 1373 506 illum
1415 446 1904 505 statues?.Maced.
1935 447 2039 503 Ubi

462 546 734 617 scriptum
789 555 893 611 est,
937 545 1085 616 quod
1132 542 1448 598 hominibus
1498 557 1717 612 quoque
1757 542 2040 612 subjectus

461 638 662 693 fuerit?
691 637 845 694 Orth.
883 636 1058 692 Homo
1084 642 1203 692 erat
1239 633 1432 698 Maria,
1468 642 1588 689 erat
1623 645 1677 689 et
1703 632 1925 705 Ioseph,
1956 642 2040 688 at-

458 747 566 803 que
598 732 688 796 iis,
725 739 785 785 ut
826 731 884 786 in
929 729 1240 800 Evangeliis
1283 728 1549 797 scriptum
1601 735 1708 793 est,
1755 729 2037 798 subjectus

458 824 581 878 fuit.
632 822 771 877 Cum
821 821 968 876 enim
1012 820 1351 875 invenissent
1393 818 1546 872 illum
1590 818 1645 872 in
1692 819 1916 889 templo,
1960 818 2038 872 ait

455 913 814 984 evangelista,
841 911 1133 966 dixerunt:
1164 927 1183 959 ι
1216 907 1339 973 Fili,
1362 908 1493 978 quid
1525 907 1705 962 fecisti
1735 909 1896 963 nobis
1917 908 2035 963 sic?

454 1007 598 1061 Ecce
629 1016 784 1077 pater
817 1011 948 1060 tuus
973 1011 1028 1059 et
1050 1017 1151 1072 ego
1176 1002 1426 1057 dolentes
1456 1001 1838 1070 quaerebamus
1869 1005 1940 1052 te.
1968 996 2035 1051 Et

457 1099 532 1152 ait
555 1098 622 1152 ad
654 1098 777 1153 illos
806 1117 818 1151 :
854 1095 996 1163 Quid
1028 1102 1113 1150 est
1135 1092 1281 1164 quod
1311 1107 1397 1146 me
1419 1090 1788 1162 quaerebatis?
1818 1090 2035 1145 Nescie-

454 1191 601 1245 batis
638 1190 764 1260 quia
794 1189 849 1242 in
878 1189 1042 1243 domo
1076 1186 1258 1241 Patris
1291 1185 1397 1239 mei
1424 1192 1642 1254 oportet
1672 1199 1759 1238 me
1791 1182 1951 1238 esse?
1977 1188 2032 1236 et

450 1286 600 1338 venit
631 1280 990 1345 Nazareth,et
1004 1286 1122 1334 erat
1153 1278 1405 1333 subditus
1436 1276 1647 1333 illis"?
1676 1293 1694 1326 ι
1732 1274 1827 1329 llle
1867 1274 2034 1345 igitur

451 1373 779 1445 Unigenitus
810 1370 927 1437 Dei,
965 1370 1055 1423 ille
1082 1367 1333 1422 Salvator
1353 1366 1543 1421 mundi
1570 1364 1799 1420 inferior
1821 1364 2032 1419 scilicet

448 1475 567 1522 erat
596 1465 835 1536 Josepho
871 1471 924 1517 et
958 1460 1177 1517 Marias?
1203 1459 1411 1514 Maced.
1440 1458 1816 1529 Nequaquam,
1846 1457 2024 1513 absit!

452 1559 607 1616 Orth.
636 1556 922 1614 Consimili
965 1554 1129 1610 modo
1162 1553 1263 1608 etsi
1301 1550 1449 1606 Patri
1480 1550 1765 1620 subjectus
1799 1565 1923 1606 esse
1950 1551 2028 1605 le-

448 1661 627 1724 gatur,
664 1667 772 1733 non
806 1659 991 1705 tamen
1024 1649 1352 1719 deprimitur
1380 1647 1682 1703 secundum
1718 1655 1974 1701 naturam
2009 1667 2022 1701 :

2143 466 2271 503 τονα
2301 449 2489 522 θήσεις
2515 454 2580 521 τῇ
2629 451 2822 520 φύσεις
2865 453 3089 507 Μακεδ.
3134 453 3245 507 Ποῦ
3276 455 3623 526 γέγραπται,
3648 458 3724 512 ὅτι
3802 450 3803 483 ³

2142 543 2237 598 καὶ
2264 542 2570 616 ἀνθρώποις
2596 544 2869 617 ὑπετάγη;
2915 547 3059 614 Ὁρθ.
3093 547 3415 618 Ἀνθρωπος
3441 545 3516 620 ἦν
3549 551 3584 621 ἡ
3611 552 3725 603 Ma-

2144 636 2233 708 ρία
2257 639 2351 690 καὶ
2367 639 2396 689 6
2431 637 2651 708 Ἰωσὴφ,
2676 637 2770 691 καὶ
2797 637 3043 709 ὑπετάγη
3076 639 3280 706 αὑτοῖς,
3306 640 3384 703 ὡς
3406 642 3467 693 ὲν
3489 641 3727 710 Εὑαγγε-

2138 729 2273 793 λίοις
2304 729 2632 800 γέγραπται.
2669 730 2933 801 Εὑρόντες
2964 730 3071 801 γὰρ
3110 731 3291 794 αὑτὸν,
3330 733 3522 803 φησιν,
3555 735 3615 787 ἐν
3648 731 3725 803 τῷ

2139 822 2289 894 ἱερῷ,
2336 823 2521 891 ἔλεγον
2561 822 2727 893 αὐτῷ’
2772 841 2790 872 ι
2826 823 3045 888 Τέκνον,
3084 823 3137 875 τί
3170 825 3432 894 ἐποίησας
3466 826 3604 896 ἡμῖν
3634 825 3724 877 οῦ-

2134 930 2276 980 τως;
2324 914 2453 968 Ἰδοὺ
2480 915 2592 985 ἐγὼ
2620 914 2714 968 καὶ
2739 915 2768 966 6
2792 915 2940 984 πατή
2950 931 2980 985 ρ
3008 931 3101 966 σου
3133 913 3434 985 ὲζητοῦμέν
3472 933 3555 968 σε.
3596 917 3656 969 ’0
3673 917 3727 969 ἃ

2134 1002 2274 1061 εἷπε·
2311 1008 2376 1061 Τί
2404 1009 2485 1062 ὅτι
2511 1006 2754 1080 ἐζητεῖτέ
2782 1025 2885 1078 με;
2921 1007 3036 1061 Οὐκ
3065 1006 3262 1078 ᾔδειτε,
3287 1008 3369 1060 ὅτι
3400 1009 3463 1060 ὲν
3486 1007 3567 1078 τῷ
3593 1007 3723 1077 οἴκῳ

2131 1097 2227 1150 τοῦ
2262 1099 2476 1168 Πατρός
2515 1115 2614 1169 μου
2649 1098 2731 1151 δεῖ
2763 1115 2831 1168 με
2865 1094 3038 1165 εἷναι;
3076 1097 3168 1150 καὶ
3196 1098 3469 1168 κατῆλθεν
3500 1100 3583 1161 είς
3612 1098 3723 1151 Να-

2134 1191 2319 1264 ζαρὲτ,
2350 1193 2445 1245 καὶ
2476 1188 2545 1263 ἦν
2575 1193 3013 1263 ὑποτασσόμενος
3042 1193 3243 1257 αὐτοῖς.
3277 1213 3296 1243 ι
3320 1188 3473 1264 *Δρα
3504 1194 3602 1247 καὶ
3628 1190 3721 1246 τοῦ

2145 1281 2342 1353 Ἰωσὴφ
2372 1284 2468 1335 καὶ
2501 1282 2601 1354 τῆς
2638 1283 2860 1353 Μαρίας
2895 1281 3279 1353 ὑποδεέστερος
3307 1278 3379 1352 ἦν
3415 1284 3447 1336 6
3478 1285 3718 1352 Μονογε-

2130 1373 2227 1446 νὴς
2257 1374 2350 1426 τοῦ
2386 1374 2545 1438 Θεοῦ,
2587 1374 2616 1425 6
2653 1374 2843 1446 Σωτὴρ
2880 1374 2975 1427 τοῦ
3015 1375 3259 1445 κόσμους
3300 1377 3532 1429 Maura.
3565 1376 3715 1445 Οὐχὶ,

2133 1465 2208 1536 μὴ
2240 1465 2483 1533 γένοιτοί
2517 1465 2663 1532 Ὀρθ.
2701 1464 2876 1530 Οὕτω,
2912 1465 3016 1518 κᾶν
3048 1464 3455 1518 ὑποτάσσεσθαι
3496 1464 3719 1535 λέγηται

2128 1557 2206 1628 τῷ
2245 1557 2443 1629 Πατρὶ,
2483 1557 2583 1610 οὑκ
2615 1555 2931 1609 ἐλαττοῦται
2963 1556 3061 1626 τὴν
3107 1555 3287 1625 φύσιν·
3330 1555 3450 1608 ἀλλ’
3482 1554 3560 1618 ὡς
3595 1555 3718 1615 Υἱὸς

2131 1652 2344 1723 μορφὴν
2372 1650 2556 1704 δούλου
2599 1650 2898 1721 εὐδοκήσας
2932 1648 3136 1715 λαϐεῖν,
3174 1650 3268 1703 καὶ
3299 1649 3400 1720 τὴν
3435 1648 3717 1717 ὑποταγὴν

447 1745 542 1800 sed
595 1751 655 1798 ut
703 1742 896 1805 Filius,
938 1741 1029 1797 cui
1076 1740 1220 1795 servi
1273 1740 1500 1795 formam
1540 1754 1758 1793 sumere
1794 1738 2012 1809 placuit,

2125 1743 2282 1798 ἔλαϐε
2302 1744 2400 1811 τῆς
2422 1742 2672 1812 δουλικῆς
2700 1735 2934 1812 μορφῆς.
2953 1741 3042 1793 Ἐν
3071 1740 3179 1812 γὰρ
3199 1740 3372 1812 ταύτῃ
3383 1739 3502 1821 ξὺν,
3534 1741 3631 1792 καὶ
3651 1742 3715 1809 τῇ

445 1835 846 1907 subjectioncm
877 1847 1096 1903 quoque
1125 1832 1343 1887 servilis
1378 1831 1567 1886 formae
1594 1831 1862 1901 sumpsit;
1894 1845 2023 1885 nam

443 1928 501 1982 in
533 1928 636 1981 hac
660 1940 785 1980 cum
815 1931 984 1987 esset,
1013 1921 1200 1977 Maria:
1227 1921 1328 1976 l‘uit
1361 1922 1666 1992 subjectus.
1714 1919 1925 1977 Maced.
1954 1918 2024 1975 At

443 2021 563 2091 ipse
595 2017 816 2073 Patrem
844 2016 1061 2072 vocavit
1100 2014 1270 2070 Deum
1306 2029 1489 2069 suum.
1534 2013 1820 2080 Quomodo
1856 2015 2023 2085 igitur

442 2120 635 2185 potest
657 2126 764 2165 una
792 2124 914 2166 esse
949 2107 1238 2179 utriusque
1270 2108 1506 2162 natura?
1535 2106 1689 2163 Orth.
1722 2105 1894 2163 Filius
1924 2106 2020 2163 Dei

440 2221 576 2261 num
606 2203 751 2261 Deus
778 2209 975 2259 natura
1003 2210 1055 2257 et
1088 2201 1252 2257 homo
1280 2215 1376 2271 per
1426 2198 1858 2269 assumptionem
1890 2213 2017 2253 car-

439 2300 531 2355 nis
573 2307 678 2364 est,
714 2293 922 2351 necne?
955 2292 1163 2347 Maced.
1216 2291 1333 2348 Est.
1380 2290 1533 2347 Orth.
1588 2288 1759 2360 Igitur
1804 2289 2019 2345 ratione

438 2390 662 2446 deitatis
691 2387 835 2443 Deus
859 2387 1036 2457 ipsius
1056 2384 1218 2441 Pater
1238 2392 1343 2447 est,
1373 2382 1587 2438 ratione
1609 2397 1738 2437 vero
1763 2381 2018 2435 humani-

436 2478 591 2542 tatis,
637 2475 803 2532 Deus.
852 2472 1063 2528 laced.
1114 2473 1227 2544 Ego
1270 2473 1560 2542 utriusque
1593 2479 1804 2526 natura:
1846 2470 2016 2526 Deum

436 2570 622 2641 ipsum
650 2568 795 2623 dico.
832 2565 987 2623 Orth.
1020 2564 1293 2620 Memento
1319 2564 1469 2619 illius
1496 2562 1630 2618 dicti
1657 2581 1670 2618 :
1708 2579 1729 2613 ι
1761 2560 1914 2617 Vado
1947 2562 2013 2617 ad

434 2657 656 2714 Patrem
681 2672 862 2713 meum
893 2664 948 2712 et
974 2655 1189 2710 Patrem
1217 2664 1480 2718 vestrum,
1525 2652 1696 2708 Deum
1744 2668 1924 2708 meum
1960 2659 2015 2708 et

435 2750 609 2807 Deum
638 2758 881 2806 vestrum
906 2748 974 2802 ".
1005 2767 1024 2800 ι
1053 2745 1246 2802 Nonne
1279 2745 1396 2800 haec
1424 2745 1498 2799 ita
1533 2760 1593 2801 se
1626 2744 1865 2800 habent?
1891 2742 2016 2800 Ha-

434 2844 547 2900 θεά.
579 2845 658 2899 lta
688 2857 841 2899 sane.
877 2841 1031 2897 Orth.
1069 2839 1161 2894 Sic
1191 2839 1357 2910 igitur
1386 2836 1549 2893 Pater
1570 2838 1690 2908 ejus
1710 2848 1793 2894 est
1821 2854 2014 2909 quem-

434 2936 729 2992 admodum
756 2941 811 2990 et
840 2932 1068 2989 noster?
1092 2930 1300 2986 Maced.
1332 2930 1474 2986 Non.
1506 2930 1661 2989 Orth.
1695 2929 1799 2986 Sed
1832 2931 2009 3001 ipsius

433 3026 655 3098 quidem
698 3032 936 3080 natura:
980 3032 1170 3079 noster
1208 3038 1337 3078 vero
1378 3023 1574 3094 gratia.
1621 3022 1827 3078 Christi
1865 3023 2009 3078 enim

432 3119 731 3190 participes
774 3117 925 3181 facti,
958 3118 1165 3173 inventi
1214 3131 1406 3171 sumus
1452 3131 1641 3186 prope,
1686 3114 1779 3185 qui
1820 3117 2011 3185 procul

432 3213 724 3268 aberamus
752 3220 970 3274 natura,
1011 3210 1147 3264 adeo
1178 3216 1238 3263 ut
1271 3206 1416 3264 Deus
1448 3206 1609 3262 Pater
1642 3217 1829 3262 noster
1864 3207 2012 3261 dica-

430 3313 541 3358 tur.
588 3301 799 3357 Haced.
854 3300 945 3356 Sic
995 3311 1100 3357 est.
1153 3300 1310 3357 Orth.
1341 3299 1813 3367 Quemadmodum
1846 3299 2012 3369 igitur

429 3414 532 3453 nos
551 3396 756 3452 Christi
782 3394 1077 3465 participes
1101 3394 1251 3456 facti,
1275 3392 1493 3446 Patrem
1518 3393 1783 3449 habemus
1806 3392 2004 3447 Deum:

429 3492 506 3545 ita
539 3487 713 3542 Filius
751 3500 971 3556 quoque
1002 3483 1243 3539 Verbum
1280 3490 1335 3538 et
1361 3481 1524 3548 Deus,
1560 3498 1683 3539 cum
1723 3482 2007 3555 sanguinis

429 3590 485 3635 et
508 3580 691 3635 carnis
726 3585 929 3634 nostrae
959 3576 1137 3632 factus
1165 3577 1238 3631 sit
1263 3577 1558 3645 particeps,
1590 3573 1807 3630 Patrem
1845 3575 2008 3630 habet

428 3671 625 3738 Deum,
667 3670 739 3724 ita
768 3675 829 3723 ut
852 3667 1056 3723 dixerit
1082 3684 1096 3721 :
1127 3685 1146 3716 ‹
1177 3665 1253 3721 De
1277 3675 1464 3721 ventre
1493 3666 1685 3720 matris
1710 3680 1841 3720 mete
1863 3665 2006 3721 Deus

428 3780 584 3821 meus
616 3779 677 3820 es
705 3770 763 3817 tu
787 3762 854 3817 ".
897 3780 916 3813 ι
969 3760 1044 3816 De
1063 3770 1255 3815 ventre
1308 3769 1488 3814 autem
1534 3759 1723 3814 matris
1769 3756 2003 3813 Verbum

428 3858 634 3912 factum
668 3865 773 3920 est,
800 3854 1019 3926 quando
1050 3852 1216 3924 Virgo
1242 3854 1496 3923 concepit
1537 3860 1592 3907 ct
1632 3854 1842 3923 peperit
1876 3851 2003 3906 Em—

424 3948 734 4005 manuelem
768 3966 781 4001 :
820 3940 985 4016 atque
1021 3945 1125 4001 hoc
1157 3943 1318 3999 modo
1342 3945 1638 4014 subjicitur
1659 3943 1832 3999 forma
1859 3944 2000 3999 servi

423 4047 670 4111 accepta.
706 4037 915 4093 Maced.
954 4038 1074 4109 Ipse
1115 4038 1192 4091 ait
1223 4057 1235 4092 :
1270 4056 1289 4088 ι
1320 4036 1480 4092 Pater
1511 4052 1667 4091 meus
1702 4037 1879 4106 major
1915 4052 2001 4091 me

421 4145 508 4189 est
527 4134 595 4186 ".
634 4150 654 4184 ι
687 4130 840 4186 Orth.
861 4129 1203 4185 Vocabulum
1251 4149 1269 4181 ι
1306 4129 1491 4199 maior
1517 4149 1535 4180 ι
1564 4129 1903 4185 multimodis
1942 4129 2000 4183 in

425 4227 708 4296 Scriptura
737 4224 923 4279 divina
958 4223 1250 4293 accipitur.
1281 4220 1490 4275 Maced.
1516 4220 1767 4276 Etiamne
1794 4220 1862 4275 ad
1885 4237 1999 4275 car-

420 4334 547 4375 nem
585 4317 728 4372 hanc
757 4331 944 4371 vocem
982 4332 1002 4365 ηι
1046 4315 1222 4385 major
1255 4333 1272 4365 ι
1302 4312 1507 4368 refers?
1528 4311 1997 4368 0rth.Videamus

2124 1835 2316 1907 Μαρίᾳ
2349 1835 2617 1905 ὑπετάγη.
2654 1833 2877 1888 Μακεδ.
2902 1832 3074 1896 Αὐτὸς
3096 1828 3220 1886 εἷπε
3248 1832 3381 1886 Θεὸν
3402 1832 3607 1886 ἑαυτοῦ
3629 1832 3718 1884 τὸν

2124 1927 2362 1998 Πατέρα.
2392 1927 2504 1980 Kal
2532 1925 2649 1989 πῶς
2677 1925 2897 1980 δύναται
2931 1927 2966 1997 ἠ
2989 1926 3125 1996 αὑτὴ
3153 1924 3315 1994 φύσις
3345 1921 3528 1990 εἷναις
3566 1925 3715 1992 Ὁρθ.

2134 2021 2193 2073 Ὀ
2224 2019 2352 2083 Υἱὸς
2381 2018 2477 2072 τοῦ
2499 2018 2635 2072 Θεοῦ
2665 2018 2760 2072 καὶ
2783 2019 2917 2083 Θεός
2938 2022 3053 2073 ἐστι
3076 2021 3143 2091 τῇ
3170 2017 3352 2088 φύσει,
3376 2018 3475 2070 καὶ
3500 2016 3715 2088 ἄνθρω-

2121 2127 2224 2174 πος
2252 2113 2320 2182 τῇ
2354 2109 2656 2183 προσλήψει
2701 2113 2800 2181 τῆς
2847 2110 3070 2182 σαρκὸς,
3102 2110 3135 2181 ἢ
3168 2109 3265 2175 οῦς
3310 2108 3547 2164 Mazaca.
3585 2109 3715 2162 Nai.

2132 2202 2280 2270 Ὀρθ.
2318 2200 2527 2255 Οὐκοῦν
2570 2204 2635 2272 τῇ
2682 2201 2780 2272 μὲν
2813 2200 3027 2273 θεότητι
3073 2200 3261 2272 Πατὴρ
3301 2199 3474 2253 αὑτοῦ
3509 2201 3663 2253 ἐστιν
3689 2201 3717 2251 6

2118 2292 2271 2356 Θεὸς,
2286 2296 2353 2365 τῇ
2369 2293 2425 2346 δὲ
2442 2292 2996 2366 άνθρωπότητι,Θεός.
3007 2294 3226 2348 Haud.
3245 2293 3386 2362 Ἐγὼ
3399 2294 3499 2347 τοῦ
3519 2309 3720 2364 συναμ-

2118 2387 2349 2458 φοτέρου
2365 2386 2526 2440 αὑτὸν
2541 2387 2671 2441 Θεὸν
2687 2386 3411 2459 λέγω.’ορθ.Ἀναμνήσθητι
3430 2387 3529 2440 τοῦ
3546 2386 3718 2457 ῥητοῦ

2115 2479 2210 2534 τοῦ
2241 2480 2490 2550 λέγοντος
2518 2480 2711 2543 οὕτως·
2750 2500 2769 2533 ι
2806 2480 3118 2554 Πορεὺομαι
3164 2480 3300 2551 πρὸς
3343 2480 3437 2533 τὸν
3488 2480 3715 2550 Πατέρα

2119 2588 2219 2642 μου
2272 2572 2367 2625 καὶ
2412 2571 2631 2642 Πατέρα
2680 2570 2856 2642 ὑμῶν,
2919 2571 3014 2625 καὶ
3071 2571 3202 2625 Θεόν
3254 2588 3355 2641 μου
3428 2571 3528 2623 καὶ
3577 2569 3717 2622 Θεὸν

2115 2662 2290 2735 ὑμῶν.
2328 2681 2347 2714 ι
2382 2664 2453 2717 Ἦ
2496 2663 2595 2734 οὑχ
2646 2662 2849 2731 οὑτωςς
2894 2662 3118 2717 Μακεδ.
3162 2662 3371 2726 Οὕτως.
3427 2661 3581 2730 Ὁρθ.
3607 2660 3716 2714 Οὖ-

2114 2774 2222 2821 τως
2263 2751 2354 2810 οὖν
2396 2758 2546 2811 ἐστιν
2585 2756 2748 2811 αὑτοῦ
2788 2757 2979 2829 Πατὴρ
3015 2756 3091 2820 ὡς
3124 2757 3217 2810 xal
3246 2755 3441 2826 ήμῶν;
3477 2754 3708 2808 Mauri.

2115 2847 2249 2904 οῦκ.
2295 2849 2441 2917 Ὀρθ.
2491 2848 2630 2902 Ἀλλ’
2659 2848 2824 2902 αὑτοῦ
2840 2848 2960 2923 ⁹μὲν
2986 2848 3166 2918 φύσει,
3202 2848 3361 2919 ἡμῶν
3391 2847 3450 2900 δὲ
3489 2847 3709 2917 χάριτες

2114 2940 2348 3011 Μέτοχοι
2370 2939 2480 3011 γὰρ
2499 2940 2782 3010 γενόμενοι
2803 2938 2897 2993 τοῦ
2920 2939 3178 3011 Χριστοῦ,
3202 2938 3514 3009 εὑρέθημεν
3536 2938 3712 3007 ἐγγὺς

2112 3034 2163 3085 οἱ
2187 3031 2400 3104 μακρὰν
2422 3034 2486 3103 τῇ
2512 3031 2692 3101 φύσει,
2720 3031 2862 3085 ὥστε
2888 3030 3247 3104 χρηματίζειν
3272 3031 3434 3103 ἡμῶν
3457 3030 3547 3083 τὸν
3570 3029 3710 3082 Θεὸν

2039 3085 2081 3141 C
2114 3085 2353 3197 Πατέρα.
2396 3085 2618 3181 Μάθέεδ.
2661 3085 3076 3192 Θὺτως.“ζοὲθ.
3128 3085 3341 3195 "iacere-up
3383 3119 3478 3176 οῦν
3519 3123 3708 3192 ἡμεῖς.

2116 3214 2334 3283 μέτοχοι
2356 3211 2450 3265 τοῦ
2477 3211 2714 3282 Χριστοῦ
2741 3214 3041 3284 γενόμενοι,
3071 3212 3266 3283 ἔχομεν
3295 3212 3386 3265 τὸν
3425 3211 3563 3264 Θεὸν
3594 3212 3711 3265 Πι-

2109 3305 2266 3376 τέρα,
2302 3303 2446 3357 οὑτω
2477 3305 2570 3356 καὶ
2590 3305 2618 3357 6
2642 3304 2770 3368 Υἱὸς
2803 3306 2977 3373 Λόγος
3007 3302 3083 3357 ὢν
3107 3305 3202 3357 και
3225 3302 3382 3365 Θεὸς,
3410 3299 3707 3372 μετασχὼν

2110 3398 2337 3468 αἵματος
2380 3396 2475 3450 καὶ
2519 3396 2742 3468 σαρκὸς,
2778 3396 2902 3467 ἔσχε
2953 3396 3045 3449 τὸν
3088 3394 3309 3465 Πατέρα
3357 3393 3512 3446 Θεό-ν
3558 3393 3706 3446 ὥστε

2108 3488 2285 3559 λέγειν
2319 3487 2501 3541 αὐτόν·
2542 3507 2560 3539 ι
2613 3488 2707 3540 Ἐκ
2739 3486 2948 3549 κοιλίας
2984 3486 3187 3558 μητρός
3215 3501 3317 3554 μου
3350 3484 3486 3545 Θεός
3519 3499 3628 3551 μου
3653 3475 3706 3534 cI

2110 3580 2195 3635 σύ.
2233 3600 2252 3633 ι
2294 3581 2388 3634 Ἐκ
2430 3578 2637 3643 κοιλίας
2672 3579 2727 3631 δὲ
2772 3578 2974 3650 μητρὸς
3011 3581 3040 3630 6
3062 3577 3233 3646 Λόγος
3263 3577 3508 3645 ἐγένετο,
3544 3577 3639 3629 ὅτε
3668 3576 3705 3643 ἡ

2108 3672 2383 3741 Παρθένος
2406 3671 2462 3724 ἐν
2490 3671 2689 3743 γαστρὶ
2711 3671 2871 3726 ἔλαϐε
2898 3671 2993 3724 καὶ
3015 3670 3168 3723 ἔτεκε
3191 3670 3283 3723 τὸν
3320 3670 3378 3723 Ἐ
3386 3689 3424 3739 μ
3435 3667 3703 3740 μανουὴλ,

2107 3767 2202 3820 καὶ
2238 3766 2409 3831 οὕτως
2444 3766 2805 3819 ὑποτάσσεται
2848 3765 3059 3836 μορφὴν
3099 3764 3286 3818 δούλου
3333 3763 3542 3817 λαϐών.
3579 3765 3703 3816 Ma-

2105 3858 2229 3913 κεδ.
2254 3860 2424 3922 Αὐτὸς
2445 3860 2614 3928 λέγει·
2640 3878 2658 3909 ι
2701 3859 2758 3911 Ὀ
2784 3859 2976 3931 Πατήρ
3006 3876 3107 3929 μου
3131 3858 3334 3928 μείζων
3363 3874 3470 3927 μου
3494 3856 3695 3909 ἐστίν.»

2116 3952 2262 4020 Ὀρθ.
2289 3952 2401 4006 Kal
2427 3952 2486 4005 τὸ
2511 3972 2529 4003 ι
2546 3950 2775 4023 μείζων)
2797 3949 2905 4004 τῶν
2934 3950 3216 4022 πολλαχῶς
3237 3953 3357 4003 ἐστι
3382 3949 3703 4021 λεγομένων

2102 4043 2162 4095 ὲν
2194 4046 2258 4114 τῇ
2294 4042 2413 4114 θείᾳ
2450 4043 2660 4115 Γραφῇ.
2681 4041 2900 4097 Μακεδ.
2936 4042 3047 4095 Kal
3071 4042 3130 4092 τὸ
3153 4061 3170 4093 ι
3198 4039 3401 4112 μείζων
3433 4060 3453 4092 ι
3484 4040 3573 4094 διὰ
3601 4039 3702 4108 τὴν

2106 4135 2284 4207 σάρκα
2316 4136 2526 4204 λέγεις;
2579 4136 2724 4203 Ὀρθ.
2777 4134 3005 4206 Ἴδωμεν
3047 4133 3183 4205 μετὰ
3215 4132 3383 4203 φόϐου
3425 4133 3566 4186 Θεοῦ
3605 4130 3705 4185 τὸν

2102 4227 2225 4281 νοῦν
2247 4227 2346 4297 τῆς
2361 4227 2601 4301 Γραφῆς,
2621 4225 2873 4297 ποσαχῶς
2886 4225 3034 4294 λέγει
3055 4224 3116 4278 τὸ
3136 4243 3153 4275 ι
3180 4224 3403 4296 μείζων.
3434 4244 3454 4276 ι
3472 4222 3700 4279 Μακεε.

2105 4318 2354 4389 Ἶδωμεν.
2406 4317 2551 4386 Ὀρθ.
2600 4318 2761 4388 Λέγει
2806 4320 2834 4371 ὁ
2877 4318 3001 4382 Υἱὸς
3043 4318 3101 4371 ὲν
3148 4317 3534 4385 Εὑαγγελίοις·
3575 4335 3594 4368 ι
3634 4315 3702 4367 '0

416 4424 545 4465 cum
578 4408 774 4462 timore
800 4405 920 4469 Dei,
968 4420 1091 4475 qua:
1130 4404 1329 4459 divina:
1369 4401 1668 4472 Scriptura;
1709 4416 1865 4456 mens
1900 4401 1993 4466 sit,

2125 4408 2314 4479 ἰατὴρ,
2347 4408 2407 4473 ὃς
2443 4408 2646 4461 δέδωκέ
2683 4424 2793 4478 μοι,
2827 4405 3027 4477 μείζων
3058 4405 3273 4460 πάντων
3304 4406 3451 4467 ἐστὶ,
3479 4405 3574 4458 xal
3599 4403 3699 4456 οὑ-

412 4508 553 4572 quot
578 4500 759 4555 modis
790 4514 974 4554 vocem
1012 4517 1032 4549 ι
1064 4498 1240 4567 major
1263 4515 1282 4548 ι
1311 4502 1561 4566 usurpet.
1583 4494 1788 4549 Μαι-θα.
1808 4493 2000 4549 Videa-

414 4608 561 4648 mus.
612 4590 767 4646 Orth.
808 4591 868 4645 ln
909 4588 1205 4659 Evangelio
1256 4585 1430 4642 Filius
1478 4587 1594 4641 ait:
1626 4605 1645 4638 ι
1676 4586 1856 4650 Pater,
1903 4588 1996 4657 qui

414 4685 566 4741 dedit
592 4683 746 4747 mihi,
779 4681 955 4750 major
981 4681 1238 4736 omnibus
1266 4688 1374 4746 est,
1405 4688 1459 4735 et
1494 4694 1655 4735 nemo
1695 4687 1876 4750 potest
1898 4695 1995 4733 ra-

415 4795 543 4850 pere
577 4777 647 4834 de
689 4792 853 4831 manu
887 4775 1066 4829 Patris
1106 4774 1233 4829 niei.
1270 4773 1384 4844 Ego
1420 4781 1474 4828 et
1508 4772 1670 4827 Pater
1698 4789 1865 4828 unum
1897 4789 1993 4829 su-

414 4885 538 4924 mus
558 4868 626 4920 ⁹⁹.
657 4887 677 4921 ι
705 4866 772 4921 Et
800 4867 868 4923 de
897 4865 1038 4921 Esau
1075 4866 1280 4920 dictum
1309 4871 1395 4920 est
1424 4883 1469 4918 τι
1500 4862 1638 4930 Quia
1672 4865 1847 4934 major
1877 4881 1995 4921 ser-

414 4959 521 5013 viet
551 4958 810 5013 minori‘.
844 4976 862 5009 ι
891 4955 958 5009 Et
989 4974 1002 5010 :
1045 4975 1063 5007 ι
1102 4954 1273 5024 Major
1305 4964 1423 5008 erat
1454 4950 1587 5006 Saul
1616 4953 1871 5007 omnibus
1894 4953 1992 5008 ho-

412 5049 715 5103 minibus’.
751 5068 770 5099 ι
808 5047 874 5101 Ει
908 5067 919 5102 :
955 5067 973 5099 ‹
1008 5046 1183 5118 Major
1221 5046 1477 5101 omnibus
1510 5055 1595 5101 est
1621 5046 1866 5101 charitas
1891 5045 1932 5100 ³.
1965 5064 1983 5096 ι

410 5140 475 5193 Et
503 5160 514 5193 :
545 5159 565 5191 ι
596 5140 839 5198 Granum
872 5139 1049 5209 sinapi
1078 5154 1207 5193 cum
1231 5138 1467 5194 creverit
1492 5138 1669 5207 majus
1697 5148 1781 5193 est
1811 5137 1987 5193 omni-

409 5232 512 5286 bus
538 5231 839 5286 oleribus‘.
874 5249 893 5282 ο
935 5228 1150 5300 Scripta
1182 5240 1309 5286 sunt
1348 5229 1484 5294 haec,
1534 5229 1746 5286 necne?
1777 5229 1987 5285 Maced.

368 5390 375 5396 _
408 5324 625 5393 Scripta
667 5332 816 5378 sunt.
865 5321 1020 5378 Orth.
1057 5321 1277 5378 Siccine
1302 5336 1434 5392 ergo
1459 5321 1603 5377 Esau
1632 5320 1841 5377 Jacobo
1872 5338 1990 5376 ma-

400 5417 577 5485 jorem
631 5415 811 5481 dicis,
869 5415 1326 5485 quemadmodum
1375 5415 1592 5470 Saulem
1639 5413 1763 5469 aliis
1807 5414 1987 5469 homi-

475 5599 521 5632 "
554 5596 687 5651 Luc.
730 5612 801 5657 ιι,
837 5596 1025 5650 48-51.
1130 5597 1176 5629 ³⁸
1213 5595 1374 5652 Joan.
1413 5614 1484 5653 xx
1511 5638 1525 5655 .
1567 5598 1651 5650 Π.
1765 5598 1809 5629 ⁸⁷
1854 5596 2002 5652 Psal.

2125 5597 2301 5657 1.“.

2103 4499 2214 4562 δεὶς
2244 4498 2465 4551 δύναται
2496 4498 2742 4570 ἁρπάσαι
2768 4499 2833 4550 ὲκ
2859 4498 2958 4568 τῆς
2982 4497 3161 4569 χειρὸς
3192 4492 3287 4548 τοῦ
3319 4496 3542 4569 Πατρός
3569 4511 3697 4563 μου.

2116 4587 2258 4657 Ἐγὼ
2285 4589 2378 4643 καὶ
2409 4590 2438 4641 6
2474 4587 2663 4658 Πατὴρ
2693 4587 2750 4639 ἓν
2787 4587 2975 4657 ἐσμεν.
3016 4605 3034 4637 ι
3068 4585 3178 4637 Kal.
3218 4583 3348 4655 περὶ
3380 4584 3482 4637 τοῦ
3523 4581 3699 4636 Ἠσαῦ

2104 4681 2338 4752 εἴρηταν
2368 4698 2386 4731 ι
2416 4681 2537 4733 ’Ὁτι
2555 4683 2584 4733 6
2607 4678 2805 4751 μείζων
2823 4674 3099 4732 δουλεῦσει
3117 4676 3195 4748 τῷ
3221 4675 3493 4730 ἐλάττονι·
3526 4696 3544 4729 ι
3570 4676 3693 4736 καὶ,

2110 4791 2128 4823 ι
2160 4770 2377 4836 Μείζων
2406 4766 2474 4843 ἦν
2503 4772 2531 4824 ὁ
2557 4769 2730 4824 Σαοὺλ
2757 4768 2865 4822 τῶν
2895 4769 3113 4822 πάντων
3147 4766 3481 4838 ἀνθρώπων·
3520 4785 3540 4818 ι
3568 4764 3690 4823 καὶ.

2107 4883 2126 4915 ι
2173 4863 2236 4916 Ἡ
2263 4863 2449 4934 ἀγάπη
2489 4860 2690 4933 μείζων
2720 4860 2937 4915 πάντων
2965 4859 3101 4913 ἐστί’
3134 4878 3151 4910 ι
3183 4858 3301 4921 καὶ,
3332 4876 3353 4908 ι
3400 4858 3464 4911 '0
3492 4857 3695 4918 κὸιοως

2097 4954 2190 5009 τοῦ
2217 4954 2507 5018 σινάπεως,
2539 4955 2668 5007 ὅταν
2693 4952 2925 5024 αὐξηθῇ,
2968 4950 3169 5023 μείζων
3201 4949 3425 5004 πάντων
3460 4950 3566 5002 τῶν
3591 4947 3696 5001 λα-

2099 5047 2277 5118 χάνων
2307 5044 2536 5115 γίνεται.
2579 5065 2596 5095 ι
2644 5045 2960 5116 Γέγραπται
3003 5042 3199 5103 ταῦτα.
3234 5042 3269 5111 ἢ
3309 5040 3412 5104 οὒ;
3460 5037 3693 5095 Marsa.

2095 5138 2430 5210 Γέγραπται.
2478 5137 2622 5203 Ὀρθ.
2669 5134 2856 5198 υὺτως
2887 5129 2979 5187 οὖν
3017 5133 3196 5201 λέγεις
3233 5132 3329 5185 τὸν
3380 5131 3552 5185 Ἠσαῦ
3588 5130 3692 5183 τοῦ

2104 5227 2299 5281 Ἰακὼϐ
2335 5227 2576 5297 μείζονα,
2602 5227 2677 5289 ὠς
2705 5225 2796 5278 τὸν
2821 5223 2993 5278 Σαοὺλ
3017 5223 3124 5277 τῶν
3151 5222 3329 5278 ἄλλων
3353 5221 3692 5293 ἁνθρὼταυν,

2089 5320 2165 5383 ὡς
2187 5318 2283 5390 τὴν
2312 5318 2532 5389 ἀγάπην
2552 5319 2652 5389 τῆς
2673 5317 2884 5381 ἐλπίδος
2908 5317 3000 5371 καὶ
3024 5317 3291 5385 πίστεωςς
3319 5315 3545 5369 Μακεδ.
3571 5311 3689 5367 Οὔ.

2104 5413 2249 5480 Ὁρθ.
2280 5406 2352 5462 Εὖ
2376 5410 2574 5479 λέγεις.
2626 5411 2682 5463 Ὀ
2714 5409 2821 5482 γὰρ
2852 5409 3023 5463 Σαοὺλ
3050 5408 3271 5481 μεγέθει
3299 5409 3397 5461 τοῦ
3426 5406 3692 5474 σώματος

2428 5595 2474 5628 ⁸⁸
2520 5593 2674 5650 loan.
2716 5612 2828 5662 χιιι,
2858 5596 2950 5649 28.
3058 5596 3103 5627 θ’
3143 5593 3307 5649 Joan.
3344 5611 3378 5647 ι
3403 5584 3543 5656 ,"29,
3583 5591 3686 5648 ΞΟ.

403 5671 421 5703 ί
456 5665 589 5723 Gen.
627 5684 754 5732 xxv,
781 5668 871 5725 23..
950 5668 970 5699 ¹
1007 5667 1029 5727 Ι
1060 5664 1197 5738 Reg.
1235 5685 1304 5733 ι,
1337 5668 1427 5724 25.
1507 5670 1526 5701 ³
1567 5669 1584 5724 l
1618 5668 1745 5723 Cor.
1786 5683 1917 5739 xui,
1954 5668 2041 5723 l5.
2120 5670 2141 5699 ‘
2178 5666 2313 5721 Luc.
2352 5681 2489 5737 mu,
2529 5666 2615 5721 19.
