3842 6210
82 258 257 315 i325
1146 255 1433 315 CONTRA
1473 255 1829 315 MACEDON.
1872 255 2229 314 DlALOGUS
2269 254 2312 312 Ι.
3266 247 3408 308 1526

79 376 319 445 μείζων
361 374 552 449 ἐλέχθη
582 374 692 429 τῶν
740 375 916 431 ἄλλων
945 376 1270 449 ἀνθρώπων·
1335 380 1368 449 ἡ
1414 378 1471 432 δὲ
1515 378 1700 451 ἀγάπη

1810 377 1997 439 nibus,
2025 371 2487 447 quemadmodum
2523 371 2874 429 dilectionem
2907 384 3006 443 spe
3034 376 3089 425 et
3119 366 3256 425 ﬁde?
3278 365 3395 424 Ha-

75 470 200 540 τῆς
238 468 455 532 ἐλπίδος
488 469 583 521 καὶ
611 468 713 538 τῆς
751 467 993 532 πίστεως
1021 468 1225 539 μείζων
1254 468 1471 540 ἐλέχθη,
1505 470 1579 533 ὡς
1607 470 1700 540 τῆς

1810 466 1923 523 ced.
1957 467 2100 522 Non.
2129 465 2285 522 Orth.
2311 464 2482 521 Recte
2502 464 2671 547 dicis.
2702 461 2834 519 Saul
2859 462 3006 517 enim
3037 469 3251 517 statura
3273 476 3403 520 cor--

75 563 213 616 τῶν
263 562 443 620 ἄλλων
488 561 701 633 ἀρετῶν
740 561 1038 626 ἐπιδόσεως
1085 560 1236 615 αἰτία
1277 558 1435 615 οὖσα·
1486 563 1707 633 ἀγαπή-

81 671 304 717 σαντες
330 653 438 723 γάρ
477 651 807 724 πιστεύομεν
832 691 848 716 ,
882 651 1272 716 πιστεύσαντες
1300 652 1358 705 δὲ
1393 650 1704 722 ἐλπίζομεν.
1742 683 1747 687 ~

78 743 333 799 Μακεδ.
368 745 477 798 Καὶ
506 742 667 797 τοῦτο
698 743 946 815 δέχομαι.
991 744 1137 812 Ὀρθ.
1178 742 1366 806 Οὕτως
1398 739 1492 796 οὖν
1526 742 1708 811 λέγεις

76 836 191 889 τὸν
226 837 451 907 Πατέρα
486 836 709 906 μείζονα
733 836 976 900 πάντων,
1011 836 1087 899 ὡς
1118 834 1217 907 τὴν
1240 835 1463 905 ἀγάπην
1490 835 1590 905 τῆς
1620 833 1708 887 ἐλ-

81 927 264 992 πίδος
323 932 389 1000 τῇ
424 928 693 999 ποιότητι,
728 928 761 999 ἢ
799 927 873 991 ὡς
904 927 994 979 τὸν
1034 926 1206 980 Ἦσαῦ
1237 927 1331 980 τοῦ
1378 926 1572 980 Ἰακὼϐ
1627 925 1707 998 τῷ

79 1022 309 1092 χρόνῳ,
347 1022 379 1092 ἢ
413 1022 489 1083 ὼς
533 1020 623 1073 τὸν
672 1020 847 1073 Σαοὺλ
888 1019 996 1072 τῶν
1058 1018 1234 1073 ἄλλων
1281 1018 1583 1091 ἀνθρώπων
1628 1020 1706 1091 τῷ

83 1111 368 1182 μεγέθει;
416 1111 640 1167 Μακεδ.
694 1110 792 1165 Οὔ.
859 1111 917 1165 Ὀ
975 1110 1084 1181 γὰρ
1141 1110 1331 1182 Πατὴρ
1392 1111 1707 1182 ἀσυγκρίτῳ

80 1205 353 1275 ὑπεροχῇ
416 1203 616 1275 μείζων
671 1203 892 1257 πάντων
947 1203 1116 1256 ἐστίν.
1189 1203 1337 1271 Ὀρθ.
1384 1202 1616 1269 Οὐκοῦν,
1657 1205 1706 1256 εἰ

77 1297 432 1368 ἁσυγκρίτῳ
468 1298 708 1368 ὑπεροχῇ
752 1295 951 1366 μείζων
985 1296 1206 1349 πάντων
1241 1297 1389 1350 ἐστὶν
1423 1299 1451 1350 ὁ
1485 1297 1695 1368 Πατὴρ,

79 1388 227 1442 οὔτε
256 1389 335 1452 ὡς
371 1388 541 1442 Ἦσαῦ
565 1388 660 1442 τοῦ
696 1387 890 1443 Ἰακὼϐ
915 1387 991 1459 τῷ
1014 1388 1210 1461 χρόνῳ,
1233 1387 1357 1442 οὔτε
1387 1388 1462 1454 ὡς
1488 1391 1516 1442 ὁ
1538 1389 1706 1443 Σαοὺλ

76 1478 209 1531 τῶν
248 1477 428 1532 ἄλλων
471 1477 773 1551 ἀνθρώπων
803 1478 882 1549 τῷ
916 1479 1158 1551 μεγέθει,
1194 1476 1318 1531 οὔτε
1347 1478 1482 1550 ὼςή
1518 1479 1703 1550 ἀγάπη

76 1570 201 1640 τῆς
254 1569 494 1634 πίστεως
538 1571 634 1624 καὶ
664 1570 878 1635 ἐλπίδος
908 1574 975 1642 τῇ
1013 1570 1283 1629 ποιότητι.
1322 1570 1547 1624 Μακεδ.
1583 1570 1707 1634 Πῶς

76 1661 144 1714 δέ
168 1680 187 1730 ;
248 1662 399 1732 ὀρθ.
428 1663 551 1716 Ὀτι
580 1665 609 1716 ὁ
638 1664 954 1735 ἀσυγκρίτῳ
984 1665 1229 1734 ὑπεροχῇ
1262 1662 1465 1734 μείζων
1487 1664 1707 1717 πάντων

1807 562 1959 632 poris
2011 560 2137 616 aliis
2183 557 2508 614 hominibus
2556 556 2735 626 major
2780 554 2966 613 dictus
3005 553 3111 610 fuit
3139 572 3152 609 :
3179 554 3404 611 dilectio

1806 668 1939 709 vero
1988 652 2092 707 ﬁde
2138 660 2194 708 et
2232 666 2331 721 spe
2377 649 2556 719 major
2602 648 2752 703 dicta
2797 658 2917 715 est,
2962 658 3024 704 ut
3066 664 3188 721 qua:
3221 649 3402 705 incre-

1806 745 1982 800 menti
2012 744 2245 799 aliarum
2287 742 2555 797 virtutum
2588 756 2759 797 causa
2792 741 2866 796 sit
2896 759 2910 795 :
2944 756 3070 796 cum
3098 741 3244 796 enim
3274 740 3402 796 dili—

1808 836 2015 906 gimus,
2049 835 2358 903 credimus;
2392 848 2520 889 cum
2566 832 2876 897 credimus,
2923 848 3231 904 speramus.
3277 832 3401 888 Ma-

1808 927 1927 983 ced.
1982 927 2050 982 Et
2093 928 2195 983 hoc
2227 927 2482 982 admitto.
2533 924 2688 981 Orth.
2723 923 2941 980 Siccine
2982 925 3152 996 igitur
3183 922 3401 981 Patrem

1806 1022 2070 1093 majorem
2095 1021 2355 1077 omnibus
2377 1019 2541 1085 dicis,
2565 1020 3031 1091 quemadmodum
3056 1018 3403 1076 dilectionem

1807 1130 1925 1185 spe,
1957 1113 2226 1184 qualitate
2267 1133 2282 1169 :
2322 1121 2418 1169 aut
2464 1112 2929 1184 quemadmodum
2980 1111 3130 1169 Esau
3173 1111 3402 1180 Iacobo,

1807 1211 2055 1277 tempore
2082 1223 2096 1260 :
2129 1210 2224 1259 aut
2255 1203 2725 1275 quemadmbdum
2759 1202 2981 1259 Saulem
3011 1203 3136 1260 aliis
3164 1204 3405 1259 homini-

1808 1300 1935 1364 bus,
1970 1295 2222 1354 statura?
2252 1294 2465 1353 Haced.
2502 1294 2645 1351 Non.
2672 1294 2888 1352 Etenim
2928 1292 3092 1351 Pater
3121 1297 3404 1369 incompa-

1807 1392 1970 1447 rabili
1996 1390 2323 1447 excellentia
2345 1388 2606 1446 omnibus
2632 1387 2814 1459 major
2833 1394 2939 1443 est.
2973 1386 3127 1443 Orth.
3153 1386 3212 1444 Si
3236 1389 3406 1460 igitur

1807 1484 2231 1557 incomparabili
2254 1483 2582 1540 excellentia
2608 1481 2788 1553 major
2805 1480 3066 1539 omnibus
3091 1489 3177 1538 est
3200 1480 3398 1539 Pater:

1807 1595 1987 1651 neque
2021 1587 2292 1650 tempore,
2324 1583 2385 1632 ut
2418 1575 2563 1633 Esau
2590 1573 2822 1642 Iacobo,
2861 1588 3041 1646 neque
3076 1581 3313 1640 statura,
3342 1581 3403 1629 ut

1812 1670 1945 1726 Saul
1977 1671 2101 1727 aliis
2152 1670 2492 1737 hominibus,
2535 1684 2716 1740 neque
2767 1668 3055 1741 qualitate,
3088 1676 3149 1723 ut
3181 1668 3402 1725 dilectio

76 1754 200 1819 ὢν,
238 1755 444 1826 ὁμοίως
469 1756 565 1809 καὶ
591 1755 855 1819 ὡσαύτως
880 1753 1084 1825 μείζων
1103 1756 1322 1809 πάντων
1355 1757 1491 1821 ἐστὶ,
1525 1756 1621 1808 καὶ
1643 1757 1700 1809 οὐ

1810 1763 1915 1820 [ide
1943 1772 1998 1819 et
2030 1779 2128 1836 spe
2178 1782 2199 1816 α
2228 1762 2410 1833 major
2453 1761 2715 1818 omnibus
2769 1769 2876 1818 est.
2910 1780 2930 1813 ι
2976 1760 3145 1834 487
3189 1760 3397 1816 Maced.

75 1849 193 1904 τοῦ
236 1850 336 1920 μὲν
364 1849 567 1912 πλεῖον,
596 1848 691 1902 τοῦ
720 1848 776 1902 δὲ
802 1848 1049 1904 ἔλαττον.
1082 1846 1308 1903 Μακεδ.
1352 1846 1595 1919 Ἀληθῶς
1618 1847 1705 1901 λέ-

76 1961 245 2015 γεις.
289 1944 440 2011 Ὀρθ.
486 1942 760 2008 Ὡσαύτως
793 1939 889 1996 οὖν
930 1942 1112 2012 λέγεις
1160 1940 1386 2014 μείζονα
1433 1940 1528 1994 τοῦ
1573 1940 1704 1995 Υἱοῦ

75 2036 187 2090 τὸν
227 2034 452 2106 Πατέρα
488 2036 584 2088 καὶ
637 2034 746 2088 τῶν
803 2035 1008 2099 ἵππων,
1062 2036 1158 2090 καὶ
1211 2034 1322 2088 τῶν
1370 2033 1570 2099 κυνῶν,
1611 2035 1708 2088 καὶ

77 2129 330 2183 πάντων
376 2127 589 2197 ἀλόγων
645 2126 822 2193 ζώων,
881 2129 976 2182 καὶ
1024 2128 1125 2200 τῆς
1172 2127 1503 2199 ἀναισθήτου
1537 2126 1703 2199 ὔλης;

77 2220 334 2277 Μακεδ.
378 2220 533 2291 Οὐχὶ,
590 2219 664 2291 μὴ
701 2219 948 2289 γένοιτοί
996 2220 1145 2288 Ὀρθ.
1190 2219 1306 2273 Οὐκ
1343 2217 1453 2291 ἄρα
1487 2218 1707 2274 πάντων

77 2310 425 2383 ἀσυγκρίτῳ
473 2312 715 2383 ὑπεροχῇ
769 2311 969 2383 μείζων
1008 2310 1145 2366 ἐστί.
1190 2310 1297 2365 Τοῦ
1326 2309 1437 2381 γὰρ
1466 2310 1598 2364 Υίοῦ
1631 2311 1709 2375 ὡς

78 2407 298 2477 Πατὴρ
333 2403 486 2459 Υίοῦ.
514 2403 739 2458 Μακεδ.
776 2404 1095 2476 Συγκρίτως
1115 2403 1246 2474 ἄρα.
1265 2404 1414 2472 Ὀρθ.
1438 2399 1605 2457 Εῐπον
1631 2404 1709 2468 ὼς

80 2500 300 2570 Πατὴρ
337 2496 489 2553 Υἱοῦ.
538 2496 858 2568 ’Υπερέχων
892 2497 1001 2568 γὰρ
1034 2497 1141 2551 τῶν
1180 2495 1358 2551 ἄλλων
1386 2496 1708 2569 ἀσυγκρίτῳ

79 2594 377 2663 ὑπεροχῇ.
408 2591 471 2645 οὐ
503 2589 599 2644 τοῦ
628 2590 758 2643 Υἱοῦ
792 2590 993 2661 μείζων
1023 2590 1172 2643 ἐστὶν
1195 2588 1517 2661 ἀσυγκρίτῳ
1540 2590 1710 2661 ὑπερ-

78 2689 226 2758 οχῇ,
271 2685 388 2738 ἀλλ’
442 2684 518 2748 ὡς
574 2685 768 2755 Πατὴρ
815 2683 968 2738 Υίοῦ.
1004 2684 1069 2736 Ei
1123 2682 1182 2736 δὲ
1234 2683 1336 2736 οὐκ
1389 2681 1709 2754 ἀσυγκρίτῳ

79 2779 350 2849 ὑπεροχῇ
378 2775 580 2848 μείζων
605 2774 772 2829 αὐτοῦ
795 2777 966 2841 ἐστιν,
991 2775 1052 2829 ού
1080 2774 1243 2845 φύσει
1268 2773 1489 2847 μείζωνο
1515 2776 1576 2829 οὐ
1598 2775 1709 2847 γὰρ

78 2869 459 2941 ἀσύγκριτος.
476 2870 540 2922 Ei
555 2868 611 2922 δὲ
628 2870 687 2922 οὐ
706 2871 771 2941 τῇ
792 2868 952 2938 φύσει
976 2867 1201 2940 μείζων,
1224 2868 1347 2922 οὐδὲ
1362 2867 1441 2940 τῷ
1461 2868 1706 2940 μεγέθει·

80 2963 396 3036 ἀμεγέθης
424 2961 552 3033 γάρ·
590 2960 711 3014 οὐδὲ
745 2960 824 3032 τῷ
856 2961 1055 3033 χρόνῳ*
1088 2960 1317 3033 ἄχρονος
1338 2960 1469 3034 γάρ’
1497 2960 1618 3014 οὐδὲ
1638 2963 1707 3033 τῇ

1809 1856 2096 1925 Quomodo
2119 1856 2289 1930 ergo?
2316 1856 2471 1913 ΟνιΙι.
2497 1855 2633 1911 Nam
2658 1856 2754 1928 qui
2782 1854 3201 1925 incomparabili
3222 1855 3403 1910 excel-

1807 1952 1979 2008 lentia
2020 1952 2282 2013 omnibus
2326 1950 2505 2021 major
2550 1960 2657 2016 est,
2684 1949 2868 2006 ‘simili
2906 1948 3209 2019 eodemque
3242 1950 3405 2020 plane

1808 2043 1974 2100 modo
2011 2036 2272 2099 omnibus
2318 2051 2404 2099 est
2446 2043 2645 2114 major,
2691 2057 2796 2099 nec
2837 2041 3017 2113 magis
3057 2042 3173 2103 illo.
3219 2041 3402 2097 minus

1810 2137 1939 2192 alio.
1972 2134 2182 2190 Macati.
2210 2133 2354 2192 Vere
2381 2134 2543 2190 dicis.
2581 2133 2739 2190 Grth.
2773 2132 3053 2190 Eademne
3084 2134 3255 2204 igitur
3282 2147 3402 2188 mo-

1809 2227 1881 2283 do
1926 2227 2076 2289 dicis
2122 2226 2339 2282 Patrem
2381 2226 2647 2296 majorem
2682 2239 2812 2280 esse
2859 2221 3020 2288 Filio,
3066 2237 3176 2293 quo
3219 2220 3401 2292 equis,

1810 2334 1921 2390 quo
1980 2320 2248 2387 canibus,
2317 2334 2429 2390 quo
2489 2316 2746 2372 omnibus
2802 2315 2985 2372 brutis
3049 2314 3403 2377 animalibus,

1810 2428 1923 2484 quo
1997 2411 2236 2484 denique
2313 2411 2625 2468 insensibili
2689 2408 2960 2465 materia?
3031 2406 3243 2463 Maced.
3295 2405 3405 2462 Ne-

1810 2520 2112 2576 quaquam,
2157 2506 2302 2561 absit
2341 2498 2479 2560 hoc!
2508 2524 2514 2535 ι
2541 2502 2698 2559 ΟνιΙι.
2752 2501 2875 2557 Non
2924 2501 3107 2573 igitur.
3148 2499 3404 2556 omnibus

1811 2596 2230 2667 incomparabili
2278 2596 2606 2652 excellentia
2663 2593 2847 2665 major
2903 2601 3011 2650 est.
3063 2592 3202 2649 Filio
3251 2592 3401 2649 enim

1811 2689 1990 2761 major
2018 2697 2101 2744 est
2139 2696 2199 2743 ut
2229 2688 2391 2743 Pater
2426 2686 2574 2742 Filii.
2629 2685 2839 2741 Maced.
2881 2684 3269 2756 Comparative
3296 2683 3404 2757 igi-

1808 2789 1923 2837 tur.
1959 2781 2114 2837 Orth.
2150 2779 2298 2843 Dixi,
2333 2790 2394 2837 ut
2434 2779 2599 2835 Pater
2635 2778 2779 2834 Filii.
2815 2778 2954 2834 Cum
2986 2778 3135 2833 enim
3161 2777 3300 2833 alios
3320 2777 3403 2833 in-

1811 2874 2171 2944 comparabili
2208 2873 2534 2928 excellentia
2577 2880 2840 2943 superet,
2880 2884 2994 2925 non
3034 2878 3218 2925 tamen
3262 2868 3403 2925 Filio

1816 2966 1992 3035 major
2030 2974 2117 3020 cst
2160 2965 2488 3021 excellentia
2534 2963 2979 3035 incomparabili,
3021 2962 3119 3019 sed
3152 2971 3210 3017 ut
3240 2959 3401 3017 Pater

77 3057 376 3128 ποιότητιο
425 3046 615 3119 ἄποιος
659 3053 791 3126 γάρ.
839 3053 955 3107 Οὐκ
1000 3054 1110 3121 ἄρα
1151 3052 1296 3124 ἄλλῳ
1333 3055 1443 3108 τινὶ
1487 3053 1700 3125 μείζονα

1815 3057 1959 3113 Filii.
1997 3056 2156 3124 Quod
2190 3057 2238 3113 si
2281 3058 2605 3114 excellentia
2650 3056 3072 3128 incomparabili
3120 3055 3298 3125 major
3336 3068 3402 3111 eo

78 3147 301 3204 ἑαυτοῦ
348 3145 439 3201 τὸν
487 3146 708 3219 Πατέρα
763 3146 932 3215 λέγει,
989 3145 1169 3218 ἀλλ’ἢ
1203 3146 1280 3210 ὼς
1324 3146 1449 3209 Υἱὸς
1490 3146 1700 3219 μορφὴν

1812 3170 1925 3208 non
1956 3161 2063 3219 est,
2095 3167 2204 3207 non
2235 3159 2321 3207 est
2350 3151 2527 3222 major
2547 3157 2745 3205 natura
2774 3169 2787 3206 :
2817 3165 2927 3205 non
2957 3148 3105 3205 enim
3135 3162 3232 3220 per
3252 3161 3376 3203 com

74 3240 293 3295 δούλου
322 3236 504 3292 λαϐὼν
538 3238 635 3291 καὶ
662 3235 839 3309 τιμῶν
868 3237 961 3291 τὸν
983 3237 1178 3291 ἑαυτοῦ
1204 3238 1452 3312 Πατέρα.
1475 3237 1700 3292 Μακεδ.

79 3332 278 3386 Τοῦτο
303 3330 551 3402 δέχομαι.
592 3331 739 3398 Ὀρθ.
778 3330 842 3384 Ἠ
867 3331 1006 3403 αὑτὴ
1032 3330 1141 3403 ἄρα
1165 3330 1328 3401 φύσις
1351 3332 1469 3385 ἐστὶ
1488 3332 1705 3403 Πατρὸς

79 3427 191 3481 καὶ
214 3424 374 3478 Υἱοῦο
393 3424 581 3495 ἐπειδὴ
602 3425 677 3495 μὴ
695 3425 1017 3497 ἁσυγκρίτῳ
1034 3426 1280 3498 ὑπεροχῇ
1311 3425 1484 3497 μείζω
1507 3424 1703 3480 ἑαυτοῦ

74 3522 187 3575 τὸν
227 3519 454 3590 Πατέρα
479 3518 649 3587 λέγει.
685 3516 820 3571 Οὐδὲ
844 3520 955 3590 γὰρ
984 3517 1052 3572 ἂν
1090 3518 1175 3591 εἴη
1212 3518 1340 3582 Υἱὸς
1374 3518 1451 3589 μὴ
1482 3519 1581 3590 τὴν
1603 3520 1703 3572 αὐ-

76 3614 198 3686 τὴν
237 3612 404 3683 φύσιν
437 3612 596 3683 ἔχων.
628 3612 693 3665 Ei
720 3611 777 3664 δὲ
805 3611 981 3674 τοῦτο,
1014 3612 1116 3664 οὐκ
1144 3611 1253 3682 ἄρα
1278 3614 1346 3683 τῇ
1380 3610 1540 3681 φύσει
1567 3612 1703 3665 ὑπο-

74 3709 387 3770 τάσσεται,
413 3706 526 3760 ἀλλ’
548 3705 623 3769 ῶς
653 3704 781 3768 Υἱὸς
810 3704 1025 3777 μορφὴν
1056 3703 1243 3757 δούλου
1267 3703 1469 3760 λαϐὼν.

1808 3245 2178 3317 parationem.
2224 3242 2282 3299 Si
2334 3258 2466 3299 vero
2511 3259 2622 3300 non
2664 3243 2843 3314 major
2876 3251 3098 3308 natura,
3141 3255 3273 3312 ergo
3299 3253 3400 3296 nec

1810 3337 2195 3409 magnitudine
2218 3376 2233 3401 ,
2269 3351 2465 3406 expers
2503 3337 2651 3391 enim
2688 3343 2777 3392 est
2807 3333 3237 3406 magnitudinis;
3299 3345 3400 3386 nec

1812 3440 2092 3502 tempore,
2121 3440 2369 3501 tempore
2395 3430 2541 3485 enim
2574 3429 2728 3483 nullo
2755 3428 3241 3499 comprehenditur
3265 3439 3282 3491 ;
3303 3422 3398 3479 de-

1806 3521 1978 3591 nique
2030 3535 2133 3575 nec
2171 3519 2473 3591 qualitate,
2519 3533 2717 3589 expers
2762 3518 2911 3573 enim
2959 3523 3046 3572 est
3091 3514 3399 3587 qualitatis.

1809 3613 1994 3681 Quare
2018 3613 2168 3668 nulla
2192 3612 2299 3665 alia
2328 3611 2383 3665 in
2406 3627 2465 3667 re
2491 3612 2755 3681 majorem
2787 3611 2970 3680 seipso
2992 3607 3210 3663 Patrem
3241 3606 3398 3670 dicit,

1810 3721 1975 3777 quam
2014 3705 2161 3777 quod
2190 3704 2366 3759 Filius
2400 3704 2520 3775 ipse
2550 3705 2647 3770 sit,
2678 3703 2771 3774 qui
2803 3703 3037 3758 formam
3068 3700 3212 3758 servi
3246 3713 3397 3756 sum-

77 3809 233 3879 psit,
262 3813 318 3858 et
346 3819 508 3858 suum
548 3804 725 3875 ipsius
765 3802 985 3858 Patrem
1028 3803 1287 3856 honorat.
1326 3801 1536 3859 Maced.
1579 3801 1696 3859 Hoc
1756 3805 2010 3860 admitto.
2053 3803 2208 3859 Orth.
2242 3802 2445 3859 Eadem
2480 3802 2650 3873 igitur
2674 3809 2762 3856 est
2789 3799 2971 3855 Patris
3013 3805 3069 3853 et
3118 3796 3244 3851 Filii
3300 3810 3397 3850 na-

77 3915 270 3958 tura:
307 3898 756 3968 quandoquidem
788 3914 900 3952 non
951 3898 1373 3967 incomparabili
1429 3899 1755 3956 excellentia
1798 3900 2014 3957 Patrem
2074 3901 2344 3971 majorem
2392 3900 2577 3970 seipso
2621 3896 2778 3954 dicit.
2822 3893 3011 3967 Neque
3045 3893 3192 3951 enim
3227 3890 3398 3948 Filius

77 3996 274 4050 esset,
324 3988 433 4043 nisi
478 3996 735 4043 naturam
784 3989 1013 4045 haberet
1047 3988 1320 4046 eamdem.
1354 3989 1512 4056 Quod
1546 3992 1591 4046 si
1619 3991 1695 4046 ita
1726 4000 1832 4058 est,
1864 4008 1977 4048 non
2010 3992 2179 4064 igitur
2239 3999 2438 4046 natura
2482 3990 2802 4061 subjicitur,
2840 3988 2934 4045 sed
2968 3994 3026 4041 ut
3078 3985 3250 4040 Filius
3288 3983 3396 4037 for-

76 4099 182 4138 ma
224 4080 374 4135 servi
402 4088 705 4151 assumpta.

157 4171 268 4229 20.
302 4171 526 4226 Μακεδ.
557 4172 693 4245 Περὶ
719 4173 817 4244 μὲν
844 4172 939 4227 τοῦ
965 4172 1098 4227 Υίοῢ
1118 4173 1301 4239 καλῶς
1321 4174 1502 4245 λέγεις
1522 4192 1535 4204 ’
1570 4176 1700 4247 περὶ

75 4267 144 4321 δὲ
181 4263 286 4318 τοῦ
322 4264 638 4332 Πνεύματος
670 4265 730 4317 οὐ
764 4265 969 4331 καλῶς.
1004 4265 1122 4320 Κᾶν
1159 4266 1270 4339 γὰρ
1308 4264 1441 4340 μ.ὴῇ
1480 4269 1699 4322 κτιστὸν

1880 4171 1971 4228 20.
2010 4170 2220 4229 Maced.
2268 4171 2535 4228 Praeclare
2579 4179 2636 4226 tu
2681 4168 2900 4239 quidem
2941 4166 3010 4223 de
3060 4164 3200 4221 Filio
3231 4166 3394 4224 disse-

1816 4266 1933 4322 ris:
1969 4265 2065 4322 sed
2107 4265 2175 4321 de
2210 4265 2417 4336 Spiritu
2461 4279 2570 4319 non
2612 4262 2766 4318 item.
2806 4259 2921 4316 Etsi
2966 4259 3115 4316 enim
3159 4259 3397 4331 Spiritus

76 4360 150 4413 τὸ
188 4356 447 4426 Πνεῦμα,
478 4355 616 4410 ἀλλὰ
664 4357 891 4428 γενητόν
924 4360 1061 4412 ἐστι.
1108 4360 1295 4414 Πάντα
1327 4360 1436 4431 γὰρ
1483 4360 1572 4413 διὰ
1602 4360 1698 4414 τοῦ

1810 4368 2026 4416 creatus
2062 4377 2173 4415 non
2206 4359 2392 4424 fuerit,
2426 4357 2605 4413 factus
2637 4365 2821 4412 tamen
2871 4353 2995 4409 luit.
3030 4352 3225 4409 Omnia
3251 4354 3395 4410 enim

76 4448 235 4503 Υζοῦ
261 4448 531 4518 ἐγένοντο.
556 4449 619 4501 Εἰ
640 4448 696 4502 δὲ
728 4450 926 4513 πάντα,
960 4450 1202 4521 δηλονότι
1236 4451 1331 4504 καὶ
1359 4452 1420 4505 τὸ
1447 4452 1693 4524 Πνεῦμα.

88 4544 268 4612 ὀρθ.
302 4541 366 4594 Ei
397 4540 622 4613 γενητόν
662 4543 799 4601 ἐστι.
827 4543 923 4596 καὶ
961 4543 1179 4598 κτιστόν
1206 4545 1373 4598 ἐστιν.
1408 4544 1472 4597 Ei
1500 4544 1610 4617 γὰρ
1641 4545 1702 4600 τὸ

72 4635 331 4708 γενητὸν
363 4636 462 4688 οὐκ
507 4634 621 4689 ἔστι
656 4636 897 4697 κτιστὺν,
949 4637 1131 4691 πάντα
1174 4637 1231 4690 δὲ
1277 4637 1535 4692 διἀὐτοῢ
1580 4638 1704 4708 ἐγέ·

72 4747 220 4785 νετο
244 4745 259 4758 ⁸
284 4728 408 4782 οὐδὲ
429 4729 498 4783 τὰ
520 4729 698 4783 πάντα
726 4730 939 4785 κτιστά.
965 4731 1028 4784 Ei
1056 4730 1116 4783 δὲ
1142 4729 1320 4794 τοῦτο,
1352 4730 1470 4795 πῶς
1495 4732 1703 4801 νοήσω-

78 4839 197 4895 μεν
232 4820 295 4873 τὸ
331 4821 481 4893 παρὰ
514 4820 592 4893 τῷ
632 4821 832 4894 Παύλῳ
863 4822 1187 4895 εἰρημένον
1241 4841 1260 4873 ι
1299 4823 1381 4876 Ti
1423 4822 1604 4877 πάντα
1642 4825 1700 4877 ἐν

73 4912 251 4983 αὐτῷ
283 4912 568 4978 Exstant;
607 4932 626 4966 ι
664 4913 887 4969 Μακεδ.
936 4912 1075 4965 Ἀλλ’
1117 4914 1179 4967 οὐ
1226 4914 1406 4968 πάντα
1455 4914 1699 4987 ὁμότιμά

73 5010 258 5062 εἰσιν.
304 5007 461 5074 Ὄρθ.
504 5005 628 5061 Κᾶν
674 5006 749 5078 μὴ
790 5000 924 5060 ὦσιν
966 5006 1229 5079 ὀμότιμα,
1274 5006 1390 5061 ἀλλ’
1432 5009 1583 5080 ὅμως
1628 5008 1697 5061 τὰ

73 5100 281 5154 πάντα
331 5095 608 5167 κτίσματά
646 5098 772 5152 εἰσι.
824 5096 1050 5169 Κτίσμα
1092 5097 1149 5150 δὲ
1191 5098 1493 5169 κτίσματος
1544 5098 1697 5152 οὐδὲν

69 5190 370 5260 διαφέρει,
484 5188 693 5259 κτίσμα
721 5189 859 5244 ἐστί.
894 5189 1118 5244 Μακεδ.
1167 5191 1333 5245 Οὐδὲν
1376 5191 1624 5262 διαφέρει
1669 5194 1698 5244 ὀ

72 5280 341 5352 Γαϐριὴλ
369 5281 462 5333 τοῦ
494 5281 686 5346 ἵππου,
728 5280 761 5351 ἢ
790 5283 885 5335 καὶ
917 5282 1107 5353 ἐτέρου
1134 5282 1281 5345 τινὸς
1318 5282 1424 5338 τῶν
1449 5282 1692 5353 axem;

90 5376 261 5441 Ὀρθ,
291 5366 369 5443 τῌ
400 5374 604 5444 κτίσμα
624 5373 792 5437 ἐστὶν,
818 5373 971 5427 οὐδὲν
992 5375 1268 5447 διαφέρει·
1292 5370 1326 5449 ᾖ
1352 5376 1409 5430 δὲ
1439 5376 1690 5445 ἄγγελοςν

70 5465 315 5534 πνεῦμα
346 5463 738 5535 λειτουργικδν,
770 5467 850 5528 εἰς
878 5464 1156 5520 διακονίαν
1200 5466 1687 5537 ἀποστελλόμενον,

50 5563 137 5615 οὔ
168 5557 286 5611 τῶν
317 5556 528 5626 ἀλόγων
557 5557 738 5628 μόνον,
763 5557 898 5612 ἀλλὰ
928 5561 1023 5613 καὶ
1044 5559 1203 5632 ἡμῶν
1224 5559 1334 5614 τῶν
1361 5558 1686 5633 ἀνθρώπων,

149 5719 176 5751 ⁸
223 5714 445 5769 Coloss.
482 5730 537 5781 ι,
578 5714 662 5769 l6.

1801 4469 1900 4525 per
1933 4453 2130 4509 Filium
2179 4453 2322 4508 facta
2362 4460 2514 4508 sunt.
2562 4451 2622 4506 Si
2657 4460 2837 4505 autem
2884 4448 3090 4510 omnia,
3130 4446 3321 4516 utique
3343 4454 3396 4502 et

1807 4544 2068 4617 Spiritus.
2108 4545 2261 4602 Ortli.
2297 4544 2355 4601 Si
2402 4545 2580 4600 factus
2613 4552 2721 4606 est,
2768 4548 2991 4598 creatus
3037 4555 3257 4611 quoque
3288 4547 3394 4595 est.

1807 4636 1865 4692 Si
1916 4639 2063 4694 enim
2096 4638 2244 4709 quod
2291 4638 2521 4704 factum,
2553 4644 2801 4692 creatum
2837 4649 2949 4690 non
2978 4640 3086 4697 est,
3126 4640 3181 4688 et
3214 4632 3395 4687 omnia

1804 4744 1902 4800 per
1932 4728 2112 4799 ipsum
2148 4727 2294 4782 facta
2321 4735 2472 4791 sunt,
2507 4741 2642 4783 sane
2674 4731 2860 4779 creata
2886 4721 3071 4777 omnia
3108 4735 3220 4775 non
3246 4725 3390 4775 sunt.

1805 4820 1963 4888 Quod
1992 4825 2039 4877 si
2071 4822 2145 4875 ita
2175 4828 2280 4884 est,
2310 4819 2588 4891 quomodo
2614 4818 2988 4888 intelligemus
3012 4815 3216 4875 dictum
3260 4810 3393 4866 illud

1801 4912 1959 4968 Pauli
1988 4933 2002 4968 :
2033 4931 2052 4963 ι
2090 4911 2286 4966 Omnia
2312 4912 2365 4966 in
2396 4926 2518 4982 ψεο
2549 4918 2736 4965 creata
2762 4906 2965 4964 sunt"?
2995 4926 3013 4958 ι
3043 4901 3254 4958 Maced.
3282 4898 3393 4957 Sed

1803 5024 1915 5062 non
1945 5006 2129 5061 omnia
2155 5006 2274 5076 pari
2300 5005 2356 5060 in
2380 5004 2592 5059 honore
2613 5002 2912 5058 habentur.
2946 4997 3111 5080 Orth.‘
3134 4995 3249 5050 Etsi
3281 5009 3392 5048 non
3450 5024 3456 5031 -

1802 5098 1922 5167 pari
1951 5098 2259 5152 habeantur
2297 5095 2538 5160 honore,
2566 5093 2754 5149 omnia
2788 5099 2973 5145 tamen
3009 5094 3193 5144 creata
3240 5095 3389 5141 sunt.

1803 5186 2069 5241 Creatura
2114 5193 2295 5240 autem
2331 5198 2360 5237 a
2408 5192 2660 5239 creatura
2703 5180 2843 5236 nihil
2874 5178 3073 5239 dill'ert,
3120 5184 3396 5247 quatenus

1798 5286 2056 5334 creatura
2090 5285 2195 5335 est.
2235 5275 2447 5331 Maced.
2479 5276 2625 5332 Nihil
2655 5275 2821 5345 igitur
2848 5272 3031 5328 diﬂ‘ert
3070 5268 3296 5327 Gabriel
3322 5271 3397 5326 ab

1800 5390 1969 5446 equo,
2018 5382 2112 5428 aut
2147 5374 2215 5428 ab
2249 5373 2359 5427 alio
2401 5370 2638 5442 quodam
2672 5370 2836 5424 bruto
2881 5366 3199 5423 animante?
3237 5366 3391 5424 Orth.

1800 5463 2089 5534 Quatenus
2116 5474 2372 5522 creatura
2401 5474 2508 5530 est,
2542 5464 2678 5520 nihil
2716 5462 2931 5530 diﬂ'ert;
2962 5472 3237 5533 quatenus
3265 5476 3394 5514 vero

1799 5562 2056 5634 angelus,
2090 5562 2328 5633 ‘spiritus
2371 5558 2879 5616 administratorius
2918 5558 2982 5611 ad
3020 5554 3395 5612 ministerium
