3842 6186
472 270 610 331 {59.7
1682 266 1744 321 S.
1785 262 1989 321 ATliAl

2305 292 2352 302 —
2390 260 2619 320 DUBIA.
3637 258 3762 313 ιδει
3818 272 3822 331 ξ

471 392 698 455 missus,
737 404 847 445 non
896 391 1072 446 solum
1108 406 1138 444 ο
1177 388 1376 457 brutis,
1413 388 1509 445 sed
1555 402 1587 441 a
1630 386 1794 444 nobis
1841 400 1987 458 quoq

2305 383 2402 454 ἰῶν
2447 383 2714 452 ἀγγέλων.
2761 380 3104 454 ἀρχάγγελος
3141 379 3239 438 ὢν.
3271 380 3382 435 Καὶ
3411 379 3527 451 γὰρ
3569 379 3765 448 ὀφθαλ-

473 442 1498 553 i..;.;i;.;i....‘,".;';bagerest...
1551 481 1623 535 sit
1677 442 1990 550 archangeli

2305 476 2403 531 τῶν
2434 476 2608 531 ἄλλων
2642 474 2820 547 μελῶν
2840 475 2936 528 τοῦ
2967 474 3220 545 σώματος
3243 473 3576 545 τιμιώτερός
3601 474 3765 539 ἐστιν,
3818 456 3822 512 ἶ

471 569 687 626 Etenim
751 573 969 641 oculus,
1024 583 1302 643 quatenus
1350 573 1570 635 oculus,
1632 572 1759 626 aliis
1815 587 1984 640 corpo

2243 567 2512 641 ὀφθαλμός
2557 571 2741 622 ἐστιν·
2795 567 2910 623 ἀλλ’
2960 568 3081 639 οὐχὶ
3132 566 3292 638 σῶμά
3339 568 3480 620 ἐστι.
3537 567 3760 622 Mauri.

473 664 735 721 membris
780 666 1101 723 honoratior
1146 673 1261 733 est;
1311 680 1513 735 corpus
1560 671 1746 719 tamen
1793 680 1906 719 non
1956 681 1983 720 e

2250 668 2371 736 μείς
2391 665 2640 736 λέγομεν.
2669 664 2752 719 ὅτι
2786 666 2851 717 ὲκ
2882 663 2977 717 τοῦ
3016 662 3152 717 Θεοῦ
3175 663 3263 717 διὰ
3283 662 3381 716 τοῦ
3409 662 3549 715 Υἱοῦ
3579 661 3761 731 ἕχειτὸ

473 756 709 829 (Corpus
749 761 895 814 enim
932 761 1066 815 nihil
1112 759 1295 815 diil‘crt
1327 774 1357 812 a
1401 772 1653 828 corpore,
1683 773 1791 828 qua
1820 766 1906 814 est
1934 774 1990 814 cc

2241 774 2325 810 ιαι.
2375 758 2527 826 Ὀρθ.
2562 757 2643 811 Τὰ
2664 756 2773 829 γὰρ
2802 756 2959 820 ἄλλα,
3006 756 3107 810 οὐκ
3148 756 3213 810 ὲκ
3243 754 3338 809 τοῦ
3370 754 3512 808 Θεοῦ
3554 755 3648 809 διὰ
3678 754 3758 808 τοῦ

470 852 620 919 pus.)
638 849 849 907 Maced.
868 851 979 909 Nos
999 852 1256 917 dicimus,
1279 849 1540 922 Spiritum
1572 866 1605 906 a
1633 850 1743 907 Deo
1759 867 1854 923 per
1870 849 1987 907 Filii

2239 848 2297 904 οῦ
2333 849 2520 921 ἔχοντα
2562 849 2625 905 τὸ
2668 846 2833 912 εἶναι,
2878 849 3157 921 κτίσματά
3202 850 3339 914 sict;
3374 847 3610 903 Μακεδ.
3644 849 3756 902 Ναί.

472 955 597 997 esse
633 959 793 999 suum
824 943 1039 999 habere.
1085 942 1241 1000 Orth.
1287 943 1487 998 Annon
1520 949 1741 1007 caetera,
1777 958 1899 1013 quae
1942 959 1989 999 es

2243 947 2334 1011 p0.
2366 944 2589 1014 Κτισμα
2614 942 2728 1016 ἄρα
2751 942 2850 996 καὶ
2873 941 2936 995 τὸ
2973 941 3221 1014 Πνεῦμα.
3248 940 3478 995 Μακεδ.
3509 942 3589 994 O6
3628 940 3760 1008 λέγω

472 1048 634 1089 suum
665 1050 695 1089 a
725 1034 838 1092 Deo
868 1052 965 1108 per
988 1035 1186 1092 Filium
1212 1052 1323 1092 non
1355 1037 1579 1102 habent,
1609 1044 1877 1092 creatura:
1901 1052 1989 1091 sur

2241 1037 2390 1108 ίσμα,
2444 1037 2633 1110 ἐπειδὴ
2681 1038 2744 1090 o6
2789 1036 3122 1106 γέγραπται.
3180 1037 3335 1103 Ὀρθ.
3388 1034 3485 1105 Μὴ
3541 1034 3758 1103 γενητὸν

470 1126 680 1184 Ηαεεά.
699 1128 1290 1187 Sunt.0rth.Creatura
1305 1131 1472 1202 igitur
1486 1139 1569 1186 est
1583 1128 1987 1201 Spirituleaa

2239 1144 2313 1196 γε,
2346 1126 2533 1198 ἐπειδὴ
2563 1129 2628 1181 ἐκ
2659 1126 3010 1198 παραλλήλου
3038 1126 3172 1180 αὐτὸ
3195 1126 3604 1196 σημαινόμενῶ
3632 1128 3756 1180 ἐστι.

469 1217 591 1273 Νοιι
622 1236 758 1277 voco
798 1229 1133 1287 creaturam,
1161 1222 1609 1294 quandoquidem
1641 1222 1909 1291 scriptum
1935 1237 1986 1275 -n

2239 1217 2388 1272 ῖκεδ.
2431 1218 2613 1283 Ἀλλὰ,
2653 1237 2672 1270 ι
2711 1219 2898 1272 Πάντα
2925 1217 2991 1271 δι’
3021 1218 3187 1272 αὐτοῦ
3217 1218 3458 1287 ἐγένετο,
3504 1237 3526 1270 ιι
3566 1218 3756 1291 γέγρα-

471 1322 575 1369 est.
618 1312 777 1372 Ortlt.
812 1314 923 1371 Nec
955 1314 1161 1371 factum
1205 1315 1399 1380 dicito,
1441 1314 1886 1385 quandoquidem
1918 1312 1988 1368 ldt

2241 1328 2296 1364 αι
2322 1327 2336 1341 ο
2383 1311 2496 1375 καὶ,
2535 1329 2554 1362 ι
2593 1309 2676 1364 Τὰ
2707 1310 3001 1381 σύμπαντα
3036 1310 3199 1364 δοῦλα
3232 1309 3320 1374 σὰ,
3362 1329 3381 1362 ›
3422 1313 3757 1381 γέγραπται.

470 1422 702 1475 prorsus
766 1407 1062 1479 signiﬁcat.
1123 1406 1335 1463 Maced.
1408 1405 1513 1463 Sed
1583 1407 1850 1478 scriptum
1916 1417 1987 1462 e51

2245 1408 2330 1469 p0.
2360 1403 2556 1456 Δοῦλον
2583 1398 2677 1457 οὖν
2706 1402 2886 1473 λέγεις
2906 1407 2968 1458 τὸ
2996 1404 3222 1475 Πνεῦμα
3246 1420 3262 1469 ;
3286 1404 3520 1459 Malea.
3552 1405 3648 1476 Μὴ
3676 1406 3762 1473 γέ-

474 1519 493 1550 ¢
523 1497 717 1554 Omnia
767 1515 863 1572 per
911 1500 1092 1571 ipsum
1138 1499 1282 1557 facta
1330 1513 1510 1556 sunt:
1560 1519 1578 1553 ι
1640 1500 1991 1570 εει-ἰριιιιιιιιυι

2249 1495 2333 1547 τοι
2380 1493 2536 1562 Ὀρθ.
2566 1494 2680 1548 Οὐκ
2711 1494 2820 1567 ἄρα
2855 1494 2994 1567 μετὰ
3022 1494 3132 1549 τῶν
3156 1495 3373 1550 πάντων
3407 1495 3766 1567 συναριθμεῐο

475 1610 491 1640 ι
534 1589 739 1648 Omnes
773 1592 918 1647 servi
950 1593 1030 1647 tui
1063 1593 1103 1646 ⁸.
1147 1610 1166 1643 ι
1205 1591 1360 1648 Orth.
1411 1590 1642 1648 Servum
1694 1592 1864 1663 igitur
1893 1606 1992 1645 voc

2236 1602 2271 1637 t.
2299 1582 2520 1638 Μακεδ.
2539 1584 2678 1657 Τρία
2695 1580 2789 1639 οὖν
2805 1586 3051 1658 ἀγένητα
3066 1587 3248 1656 λέγεις
3269 1587 3461 1655 ;’ορθ.
3479 1587 3625 1639 Ἀλλ’
3652 1588 3753 1641 οὐκ

470 1681 776 1752 Spiritum?
801 1681 1014 1739 Maced.
1051 1683 1239 1739 Absit!
1276 1682 1432 1740 Orth.
1476 1681 1598 1737 Non
1635 1697 1769 1754 ergo
1801 1680 1987 1737 omnib

2246 1677 2399 1741 ιίτια,
2426 1676 2549 1731 οὔτε
2573 1680 2647 1750 μὴ
2663 1678 2804 1752 (17⁸)
2829 1680 3105 1752 ἀπάτορα.
3136 1682 3248 1735 Καὶ
3279 1679 3390 1750 γὰρ
3415 1682 3466 1732 εὶ
3494 1680 3763 1751 ἀγένητον

470 1774 591 1832 istis
624 1787 1035 1831 annumeratur.
1062 1773 1273 1830 Mat-ed.
1302 1774 1432 1830 Tria
1460 1775 1626 1846 igitur
1656 1790 1769 1829 non
1800 1773 1944 1830 facta
1978 1792 1987 1827 ι

2249 1738 2493 1841 Πνεῦμα,
2537 1738 2800 1825 ἀλλζὶοὺκι
2821 1738 3095 1826 ἀναίτιον·
3143 1772 3256 1843 ἔχει
3290 1738 3412 1845 ’γάρ
3456 1738 3764 1827 αἴτιονιτὺν

468 1868 588 1923 eis?
617 1867 771 1924 Orth.
807 1867 911 1924 Sed
960 1884 1082 1940 qua:
1112 1883 1214 1925 nec
1253 1885 1421 1925 causa
1460 1884 1561 1925 nec
1605 1875 1762 1939 patre
1805 1882 1985 1925 careat

2248 1879 2310 1931 ιν,
2361 1855 2423 1915 οὗ
2454 1862 2680 1935 Πνεῦμα
2711 1865 2848 1918 ἐστι.
2903 1863 3025 1919 Κᾶν
3060 1866 3325 1939 ἀγένητος
3371 1869 3400 1920 6
3443 1866 3602 1930 Υἱὸς,
3646 1862 3765 1920 ἀλλ’

470 1955 587 2014 Etsi
615 1958 762 2014 enim
824 1956 1062 2029 Spiritus
1112 1957 1293 2014 factus
1340 1973 1452 2014 non
1503 1965 1610 2025 est,
1650 1973 1840 2014 causa.
1869 1966 1987 2011 tam

2248 1970 2259 2007 ι
2293 1954 2557 2026 ἀπάτωρ
2592 1954 2707 2025 ἔχει
2749 1954 2861 2027 γὰρ
2907 1956 3130 2031 Πατέρα
3161 1957 3251 2012 τὸν
3297 1958 3455 2022 Θεὸν,
3490 1956 3552 2024 ἐξ
3577 1953 3641 2012 οὗ
3669 1962 3765 2014 καὶ

470 2049 699 2120 originis
731 2064 841 2105 non
871 2058 1043 2106 caret.
1076 2049 1314 2106 Causam
1359 2050 1506 2105 enim
1538 2050 1704 2106 habet
1735 2049 1927 2114 Deum,
1956 2065 1985 2105 c

2248 2044 2500 2117 νέννηται.
2543 2045 2601 2098 '0
2638 2045 2697 2099 δὲ
2733 2046 2928 2118 Πατὴρ
2957 2047 3053 2101 καὶ
3087 2047 3355 2119 ἀγένητος
3388 2050 3486 2104 καὶ
3519 2051 3765 2117 ἀναίτιος

465 2141 557 2212 jus
584 2139 823 2211 Spiritus
852 2150 956 2199 est.
989 2142 1056 2197 Et
1099 2144 1226 2200 licet
1253 2142 1427 2200 Filius
1470 2142 1649 2199 factus
1674 2157 1783 2197 non
1824 2142 1917 2207 sit,
1944 2159 1978 2197 n

2276 2136 2529 2209 ἀπάτωρ.
2558 2135 2783 2193 Μακεδ.
2821 2138 2935 2192 Οὐκ
2965 2139 3183 2207 ἐγένετο
3208 2136 3303 2193 οῦν
3329 2141 3390 2194 τὸ
3418 2141 3654 2214 Πνεῦμα
3676 2141 3768 2196 διὰ

466 2241 650 2288 tamen
681 2240 768 2289 est
812 2234 932 2290 sine
972 2231 1136 2289 Patre
1166 2250 1181 2287 :
1226 2234 1387 2290 habet
1417 2234 1565 2290 enim
1606 2233 1824 2289 Patrem
1858 2233 1983 2290 Deul

2247 2257 2249 2272 ι
2280 2229 2446 2297 Ἠοῦς
2492 2230 2647 2299 Ὀρθ,
2681 2231 2772 2303 Μὴ
2806 2231 3043 2299 γένοιτοι
3075 2232 3203 2296 Πῶς
3234 2232 3345 2305 γὰρ
3376 2236 3406 2287 6
3438 2234 3639 2306 Πατὴρ
3673 2234 3764 2290 3.6-

466 2340 535 2381 cx
560 2339 670 2396 quo
695 2333 752 2381 et
782 2326 1000 2397 genitus
1030 2333 1136 2381 est.
1160 2324 1327 2381 Pater
1354 2341 1488 2381 vero
1518 2337 1572 2381 et
1601 2341 1711 2380 non
1738 2324 1919 2382 factus
1944 2342 1983 2381 e:

2270 2322 2478 2378 τιθέναι
2518 2325 2652 2379 αὐτὸ
2684 2326 2777 2381 ἐπὶ
2820 2327 2913 2381 τὸν
2947 2326 3096 2394 Υἱὺν,
3144 2327 3303 2398 εἴπερ
3337 2326 3404 2381 δι’
3438 2327 3612 2381 αὐτοῦ
3642 2329 3764 2397 ἐγέ-

464 2424 521 2474 et
556 2433 660 2474 nec
682 2431 930 2482 causam,
962 2431 1065 2471 nec
1101 2414 1318 2472 Patrem
1348 2416 1531 2492 habet.
1564 2414 1779 2471 Maced.
1809 2415 1931 2472 Non
1960 2417 1981 2479 i,

2249 2432 2315 2482 o;
2351 2416 2577 2473 Μακεδ.
2620 2417 2731 2472 Ποῦ
2773 2418 3104 2491 γέγραπται,
3138 2421 3222 2473 ὅτι
3260 2421 3289 2472 6
3317 2420 3514 2492 Πατὴρ
3541 2422 3640 2474 ἐπὶ
3670 2422 3765 2474 τὸν

466 2517 558 2565 tur
590 2509 770 2566 factus
811 2515 897 2564 est
941 2508 1180 2578 Spiritus
1231 2522 1327 2578 per
1366 2488 1606 2563 Filium?
1653 2507 1810 2564 Orth.
1854 2510 1983 2565 ΑΙιεί

2248 2525 2284 2561 ιν
2308 2507 2490 2580 τίθησι
2527 2508 2589 2561 τὸ
2630 2488 2894 2580 Πνεῦμα,⁷
2925 2511 3080 2578 Ὀρθ.
3127 2529 3146 2561 ι
3189 2510 3318 2564 Ἰδοὺ
3357 2513 3387 2565 6
3413 2488 3558 2574 Παῖς
3590 2529 3696 2583 μου
3735 2514 3765 2564 6

464 2601 752 2670 Quomodo
790 2601 937 2656 enim
983 2599 1147 2655 Pater
1189 2600 1343 2654 illum
1393 2615 1560 2670 super
1599 2597 1803 2655 Filium
1850 2617 1981 2672 pone

2248 2600 2460 2671 ιπητὺς,
2508 2601 2590 2663 εἰς
2634 2599 2695 2654 ὃν
2736 2600 3029 2672 εὐδόκησεν
3070 2602 3104 2674 ἡ
3148 2602 3293 2673 ψυχή
3328 2619 3467 2673 μουο
3515 2602 3673 2674 θήσω
3705 2603 3765 2657 τὺ

464 2696 621 2759 dicit,
670 2695 717 2751 si
775 2709 872 2764 per
927 2694 1108 2764 ipsum
1162 2690 1359 2749 Filium
1413 2694 1655 2766 Spiritus
1706 2695 1883 2757 factus
1932 2714 1981 2753 es

2247 2689 2386 2762 εῦμά
2419 2709 2519 2762 μου
2554 2693 2639 2744 ἐπ’
2671 2690 2853 2747 αὐτόν.
2890 2711 2910 2746 ι
2958 2693 3183 2747 Μακεδ.
3217 2694 3294 2746 Οὐ
3324 2692 3485 2748 τοῦτο
3516 2695 3676 2763 λέγει
3704 2697 3764 2748 τὸ

465 2784 677 2842 Πασεά.
706 2783 808 2841 Ubi
838 2785 1105 2854 scriptum
1133 2792 1238 2847 est.
1280 2783 1499 2840 Patrem
1533 2801 1700 2856 super
1726 2784 1925 2841 Filium
1956 2805 1982 2859 ι]

2245 2782 2405 2853 εῦμα.
2453 2784 2610 2850 Ὀρθ.
2647 2784 2804 2836 Ἔστι
2828 2784 2936 2855 γὰρ
2966 2783 3093 2838 ἄλλο
3118 2784 3347 2856 Πνεῦμα
3376 2786 3473 2838 τοῦ
3506 2786 3762 2856 Πατρόςς

466 2893 598 2936 nere
635 2876 944 2949 Spiritum?
973 2873 1129 2931 Ortli.
1169 2893 1189 2927 ι
1230 2873 1373 2931 Ecce
1411 2890 1547 2945 puer
1592 2891 1749 2931 meus
1792 2876 1983 2932 dilecti

2245 2876 2383 2932 ικεὸ.
2426 2878 2539 2931 Καὶ
2577 2877 2742 2940 αὐτὸς
2767 2879 2795 2930 6
2834 2878 3023 2951 Πατὴρ
3061 2880 3287 2950 Πνεῦμα
3318 2883 3438 2934 ἐστι
3460 2897 3475 2911 ο
3505 2883 3609 2934 καὶ
3634 2882 3762 2934 ὅταν

464 2970 523 3026 ἰιι
554 2984 717 3041 quem
750 2968 1084 3039 complacuit
1110 2968 1215 3023 sibi
1244 2969 1427 3021 anima
1457 2982 1578 3023 mea
1606 2987 1618 3022 :
1654 2983 1852 3038 ponam
1892 2985 1981 3041 su;

2248 2985 2329 3031 νει,
2367 2986 2387 3018 ι
2423 2968 2585 3039 Θήσω
2624 2968 2685 3022 τὸ
2715 2969 2940 3040 Πνεῦμα
2976 2988 3091 3043 μου⁹
3118 2971 3204 3024 ἐπ’
3247 2971 3430 3033 αὐτὸν,
3470 2990 3490 3023 ι
3522 2972 3765 3043 δύναμιν

466 3076 593 3116 eum
636 3058 902 3132 Spiritum
954 3075 1136 3115 meum
1168 3060 1211 3113 ⁷.
1252 3078 1272 3111 ›
1308 3056 1518 3113 Maced.
1573 3057 1695 3113 Non
1746 3060 1891 3116 hunc
1925 3063 1978 3117 di

2247 3061 2325 3113 τοῦ
2362 3059 2530 3130 λέγει.
2551 3062 2883 3130 Ὀρθ.”υταν
2913 3057 3005 3116 οῦν
3023 3063 3171 3132 λέγει
3191 3106 3205 3130 ,
3247 3082 3267 3115 ι
3305 3064 3423 3133 Ἐφ’
3455 3064 3516 3117 ὃν
3548 3063 3619 3117 ἂν
3648 3065 3764 3135 ἰδῇς

470 3153 757 3223 Spiritum.
803 3152 958 3208 Orth.
1003 3151 1172 3207 Estne
1214 3166 1347 3206 vero
1391 3152 1533 3207 alius
1561 3149 1741 3208 Patris
1782 3151 1987 3222 Spiritu

2255 3152 2483 3224 Πνεῦμα
2521 3154 2845 3209 καταϐαῖνον
2885 3158 2980 3209 καὶ
3033 3156 3192 3226 μένον
3237 3157 3327 3210 ἐπ’
3373 3158 3563 3222 αὐτὴν,
3608 3178 3629 3210 ι
3668 3158 3765 3228 τὴν

467 3243 680 3301 Παεοά.
711 3243 875 3298 Pater
905 3244 1023 3314 ipse
1052 3242 1293 3313 Spiritus
1318 3250 1421 3310 est,
1450 3252 1504 3298 et
1531 3245 1751 3313 quando
1780 3246 1890 3311 ait,
1922 3246 1984 3300 «Ι

2250 3266 2389 3319 ναμιν
2439 3248 2603 3303 αὐτοῦ
2655 3248 2843 3317 λέγει;
2903 3249 3125 3304 Mauri.
3159 3248 3293 3315 Οῦκ,
3352 3250 3469 3305 ἀλλ’
3517 3252 3659 3306 αὐτὸ
3706 3253 3767 3306 τὺ

468 3349 595 3389 nam
625 3332 890 3404 Spiritum
933 3348 1111 3386 meum
1146 3347 1314 3401 super
1352 3348 1499 3397 cum,
1536 3351 1556 3384 ι
1595 3334 1850 3389 virtutem
1897 3351 1985 3391 sua

2249 3340 2391 3410 εῦμα
2414 3341 2507 3395 τὸν
2535 3340 2892 3412 Παράκλητον
2916 3341 3090 3411 λέγει.
3133 3345 3289 3411 Ὄρθ.
3319 3341 3482 3397 Ἄλλο
3513 3340 3616 3396 οῦν
3642 3339 3766 3397 εἷπε

467 3424 748 3495 intelligit.
778 3422 933 3480 Orth.
962 3422 1100 3478 Cum
1134 3438 1266 3494 ergo
1295 3423 1466 3488 dicit,
1504 3443 1522 3476 ι
1557 3422 1733 3495 Super
1771 3442 1932 3495 quem
1962 3428 1984 3481 ὁ

2267 3435 2517 3505 προφήτῃ
2540 3433 2748 3488 τιθέναι
2774 3435 2860 3486 ἐπ’
2888 3434 3071 3498 αὑτὸν,
3107 3437 3200 3489 καὶ
3233 3435 3362 3490 ἄλλο
3391 3435 3472 3506 τῷ
3508 3437 3766 3509 Ἰωάννῃ.

471 3514 825 3570 scendentem
874 3522 930 3570 et
971 3522 1280 3569 manentem
1321 3512 1489 3586 488
1537 3515 1741 3571 videris
1788 3518 1988 3587 Spiritu

2253 3526 2387 3580 ικεδ.
2419 3529 2483 3582 Ὃ
2516 3522 2638 3579 εἷπε
2671 3526 2750 3597 τῷ
2782 3527 3003 3599 Ἰωάννῃ
3031 3527 3237 3581 τιθέναι
3267 3530 3356 3582 ἐπ’
3388 3530 3582 3595 αὑτὸν,
3616 3531 3770 3586 ἐστιν

470 3623 639 3678 super
662 3624 789 3664 eum
817 3607 861 3673 ⁸,
900 3627 919 3661 ι
949 3608 1209 3662 virtutem
1244 3606 1419 3678 ipsius
1453 3608 1623 3663 dicit?
1662 3607 1871 3667 Maccd.
1912 3611 1987 3667 Nc

2255 3615 2583 3688 Ισιράκλητος
2604 3634 2618 3648 ·
2654 3617 2683 3670 ὃ
2716 3617 2773 3671 δὲ
2802 3614 2926 3671 εἷπε
2951 3618 3042 3673 διὰ
3070 3619 3163 3673 τοῦ
3192 3622 3500 3692 προφήτου,
3536 3624 3645 3693 τὴν
3678 3624 3772 3679 δύ,

472 3705 567 3756 sed
610 3699 874 3770 Spiritum
904 3699 1082 3771 ipsum
1111 3702 1445 3769 paraclctum
1475 3703 1628 3757 dicit.
1665 3702 1817 3759 Ort/t.
1852 3704 1926 3759 De
1948 3706 1989 3758 al

2251 3726 2324 3762 ιιν
2361 3710 2460 3780 τὴν
2502 3710 2695 3764 ἑαυτοῦ
2725 3710 2891 3778 λέγει.
2934 3710 3084 3778 Ὀρθ.
3118 3714 3223 3766 Δύο
3257 3713 3562 3784 Πνεύματα
3592 3717 3711 3787 ἔχει
3740 3718 3768 3768 6

472 3792 641 3862 igitur
670 3793 951 3863 propheta:
994 3792 1211 3847 locutus
1251 3801 1357 3859 est,
1395 3810 1555 3862 quem
1603 3811 1768 3866 super
1804 3813 1928 3851 eum
1961 3814 1989 3867 ι]

2253 3801 2295 3865 5;
2318 3818 2333 3867 ;
2356 3801 2580 3855 Μακεδ.
2604 3800 2774 3864 Αὐτὸς
2796 3803 2824 3853 6
2852 3800 2984 3865 Θεὸς
3006 3802 3233 3873 Πνεῦμὰ
3264 3806 3381 3857 ἐστι
3405 3821 3419 3834 ·
3454 3806 3684 3874 λέγεται
3712 3807 3770 3860 6's

471 3882 681 3938 sitiirus
702 3893 869 3948 esset,
897 3883 965 3938 de
987 3883 1096 3937 alio
1121 3882 1342 3939 Joanni.
1372 3882 1582 3940 Maced.
1609 3886 1783 3952 Quem
1812 3888 1877 3942 ad
1899 3888 1988 3943 Joa

2250 3914 2257 3946 ι
2283 3895 2315 3961 ή
2344 3892 2573 3963 δύναμις
2602 3893 2768 3947 αὐτοῦ
2792 3893 3038 3965 Πνεῦμα.
3082 3894 3225 3964 Ὀρθ.
3269 3896 3336 3949 Ἡ
3358 3896 3595 3967 δύναμις
3622 3898 3767 3969 αὕτη

470 3992 597 4033 nem
645 3976 785 4032 dixit
823 3992 882 4033 se
926 3978 1234 4048 positurum
1287 3994 1454 4048 super
1496 3996 1646 4045 eum,
1684 3982 1732 4037 is
1774 3991 1858 4038 est
1889 3983 1987 4038 Par

2255 3983 2389 4054 εῦμα
2414 3985 2797 4037 ένυπόστατον.
2826 3984 3050 4039 Manis.
3090 3986 3485 4040 Ἐνυπόστατον
3508 3988 3565 4040 τί
3588 3991 3772 4053 ἐστιν,

471 4071 686 4124 ci'etus:
720 4067 768 4123 is
798 4083 929 4124 vero
977 4068 1045 4123 de
1075 4082 1184 4138 quo
1230 4069 1295 4123 ad
1327 4069 1645 4139 prOplietam
1690 4071 1907 4129 locutus
1946 4090 1988 4130 es

2257 4073 2360 4126 νοῶ
2383 4090 2396 4103 ·
2429 4074 2528 4146 τὴν
2571 4072 2802 4145 δύναμιν
2829 4074 2995 4128 αὑτοῦ
3033 4070 3154 4128 εἶπε
3183 4075 3410 4130 τιθέναι.
3457 4079 3619 4146 Ὀρθ.
3651 4080 3774 4152 Τὴν

472 4175 628 4217 suam
657 4160 830 4231 ipsius
862 4160 1119 4214 virtutem
1166 4160 1321 4217 dicit.
1359 4159 1515 4216 Orth.
1552 4160 1772 4218 Duosne
1812 4164 1983 4235 Spirit

2252 4185 2390 4238 ιαμιν
2428 4165 2615 4233 αὑτοῦ,
2650 4167 2716 4238 ἣν
2756 4164 2878 4221 εἷπε
2915 4167 3145 4230 τιθέναι,
3180 4169 3549 4232 ἐνυπόστατός
3586 4173 3769 4226 ἐστιν.

471 4251 635 4306 habet
660 4250 843 4307 Deus?
870 4248 1079 4307 Maced.
1123 4250 1266 4307 Deus
1295 4252 1412 4323 ipse
1441 4251 1681 4322 Spiritus
1711 4265 1818 4311 est.
1858 4258 1963 4313 Sed

2255 4259 2384 4315 ικεδ.
2411 4259 2554 4312 Αὐτό
2586 4261 2732 4313 ἐστιν
2761 4261 2790 4312 6
2821 4258 2975 4323 Θεός.
3028 4260 3181 4327 Ὀρθ.
3213 4260 3477 4330 Καίτοιγε
3516 4261 3772 4333 εἰρηκὼς

472 4340 647 4394 virtus
679 4339 799 4409 ejus
839 4337 1077 4410 Spiritus
1114 4340 1335 4396 dicitur.
1388 4341 1543 4397 Orth.
1598 4342 1786 4401 Virtus
1818 4348 1934 4402 haec
1968 4365 1989 4404 ε

2275 4351 2494 4424 Ἰωάννῃ
2519 4368 2532 4382 ο
2572 4370 2591 4403 ι
2644 4352 2759 4421 Ἐφ’
2798 4351 2858 4406 ὃν
2893 4352 3007 4425 ἴδῃς
3052 4351 3115 4405 τὸ
3150 4351 3379 4422 Πνεῦμα
3423 4355 3769 4409 καταϐαῖνον

476 4429 723 4504 Spiritus"
756 4432 1086 4489 subsistens.
1118 4430 1328 4488 Maced.
1357 4432 1479 4489 Non
1524 4437 1774 4509 intelligo
1823 4440 1955 4510 quid
1984 4456 1993 4495 ι

2251 4444 2294 4497 εἱ
2335 4442 2685 4515 περιστερὰν,
2721 4442 2819 4496 καὶ
2871 4442 3033 4513 μένον
3087 4440 3174 4494 ἐπ’
3216 4442 3418 4495 αὐτόν·
3452 4460 3473 4493 ι
3524 4444 3628 4496 καὶ
3669 4442 3768 4496 τοῦ

475 4525 786 4580 subsistens
829 4544 842 4580 :
893 4525 1150 4581 virtutem
1202 4542 1359 4582 suam
1416 4543 1476 4583 sc
1536 4530 1843 4599 positurum
1892 4533 1986 4588 dix

2252 4535 2422 4588 ιάννου
2456 4533 2818 4604 θεασαμένου,
2860 4533 3109 4602 ἐπήγαγε
3148 4532 3249 4603 τὴν
3291 4531 3449 4602 παρὰ
3491 4532 3577 4603 τῷ
3631 4549 3769 4604 προ-

477 4616 630 4673 Orth.
680 4614 867 4672 Virtus
901 4618 1045 4687 ejus,
1075 4633 1240 4688 quam
1272 4635 1330 4675 se
1358 4622 1665 4691 positurum
1701 4625 1858 4688 dixit,
1894 4626 1951 4681 in

2251 4645 2305 4702 τῃ
2350 4625 2756 4699 σημαινομένην
2805 4630 3023 4698 φωνήν*
3065 4645 3085 4676 ι
3126 4619 3295 4689 Οὗτός
3343 4627 3497 4679 ἐστιν
3551 4627 3585 4679 6
3633 4626 3768 4690 Υἱός

475 4709 748 4766 subsistit.
778 4707 992 4765 Haced.
1035 4709 1180 4767 Deus
1215 4710 1333 4782 ipse
1361 4722 1466 4768 est.
1503 4712 1657 4770 Orth.
1699 4716 1887 4788 Atqui,
1928 4735 1992 4774 cu

2245 4738 2265 4773 a
2307 4722 2336 4773 6
2386 4718 2690 4791 ἀγαπητὸς,
2736 4718 2818 4780 εις
2861 4716 2921 4769 ὃν
2959 4715 3250 4787 εὐδόκησεν
3297 4716 3335 4785 ἡ
3374 4713 3526 4785 ψυχή
3574 4732 3709 4786 μω.
3744 4735 3762 4767 ι

472 4802 672 4858 Joanni
713 4802 988 4859 dixisset:
1041 4821 1062 4854 ι
1117 4801 1293 4873 Super
1341 4822 1503 4877 quem
1543 4808 1747 4864 videris
1793 4811 1989 4881 Spiritu

2251 4814 2357 4884 ρᾷς,
2383 4813 2465 4866 ὅτι
2500 4813 2558 4866 αἱ
2595 4812 2758 4865 αὐταὶ
2783 4810 2958 4879 φωναὶ
2995 4811 3204 4863 κεῖνται
3223 4826 3238 4839 ⁸
3270 4807 3361 4861 ἵνα
3401 4807 3480 4891 μὴ
3510 4807 3655 4862 ἄλλο
3680 4808 3768 4861 διὰ

363 4903 369 4909 ’
475 4896 917 4964 descendentem,
946 4896 1096 4952 velut
1140 4898 1472 4965 columbam,
1515 4911 1571 4955 et
1610 4912 1880 4958 manente:

2249 4928 2254 4954 ›
2280 4906 2560 4978 προφήτου
2591 4902 2833 4974 Πνεῦμα,
2869 4903 2965 4956 καὶ
3009 4900 3138 4954 ἄλλο
3164 4899 3242 4971 τῷ
3274 4901 3502 4975 Ἰωάννῃ
3527 4901 3766 4972 εἰρημέ-

476 5008 574 5063 per
604 5006 730 5047 cum
758 4993 803 5056 '.
843 5011 864 5044 ι
901 5006 1137 5062 eumque
1177 4989 1421 5050 Joannes
1464 5009 1591 5049 cum
1628 4996 1875 5075 vidisset.
1926 5013 1989 5054 su

2249 5020 2250 5036 ι
2284 4998 2567 5068 νοήσωμεν
2584 5015 2601 5058 ς
2619 4997 2851 5049 Ἔπειτα
2881 4993 3021 5066 μάθε
3049 4995 3147 5048 καὶ
3173 4992 3328 5064 παρὰ
3357 4993 3439 5064 τῷ
3465 4994 3685 5064 Λουκᾷ,
3712 4994 3766 5046 τί

471 5082 657 5153 junxit
689 5098 720 5137 a
763 5082 1027 5154 propheta
1072 5083 1441 5155 significatam
1485 5102 1675 5143 vocem
1708 5109 1721 5144 :
1775 5108 1795 5141 ι
1834 5089 1934 5145 Hic
1973 5108 1988 5146 ι

2244 5106 2492 5160 γραπται.
2520 5089 2665 5146 Ὅτι.
2689 5086 3039 5149 κατελθόντος
3059 5085 3153 5139 τοῦ
3176 5085 3501 5156 Πνεύματος
3526 5087 3632 5139 καὶ
3653 5085 3761 5155 μει

476 5175 651 5231 Filius
703 5191 859 5233 meus
914 5176 1184 5246 dilectus,
1239 5179 1296 5234 in
1348 5196 1511 5250 quem
1565 5183 1670 5238 sibi
1728 5186 1993 5255 complaci

2250 5197 2351 5244 ιτος
2382 5180 2470 5233 ἐπ’
2509 5179 2693 5243 αὐτὸν,
2738 5179 2834 5232 καὶ¹
2864 5180 2965 5249 τῆς
3003 5176 3187 5246 φωνῆς
3213 5174 3549 5247 λεγομένης,
3575 5176 3735 5245 λέγει
3753 5191 3767 5205 ·

476 5270 660 5324 anima
698 5285 839 5326 mea.
883 5289 903 5323 ι
952 5268 1144 5335 Vides,
1188 5279 1249 5325 ut
1298 5272 1502 5328 eaedem
1554 5274 1844 5344 utrobique
1892 5292 1992 5331 voc

2253 5272 2436 5345 Ιησοῦς
2462 5271 2539 5337 δὲ,
2588 5269 2904 5340 Πνεύματος
2929 5268 3087 5336 ἁγίου
3132 5266 3372 5338 πλήρης,
3409 5266 3770 5338 ὑπέστρεψεν

478 5371 785 5434 ponantur:
822 5378 891 5419 nc
919 5363 1242 5434 cogitemus,
1281 5365 1447 5419 alium
1482 5363 1748 5436 Spiritum
1781 5383 1877 5436 per
1922 5381 1995 5437 pri

2251 5367 2271 5420 b
2293 5364 2388 5418 τοῦ
2428 5363 2717 5436 Ἰορδάνου,
2747 5362 2843 5416 καὶ
2869 5362 3034 5432 ἤγετο
3055 5362 3113 5414 ὲν
3136 5359 3215 5430 τῷ
3238 5358 3530 5430 Πνεύματι
3557 5362 3644 5423 εἰς
3665 5356 3768 5427 τὴν

477 5459 716 5530 phetam,
763 5459 931 5513 alium
977 5457 1175 5513 Joanni
1228 5459 1397 5514 fuisse
1447 5459 1677 5515 dictum.
1730 5458 1936 5515 Deinde
1987 5481 1994 5512 ‹

2252 5476 2368 5531 ιμον
2395 5455 2759 5529 πειρασθῆναι
2791 5454 2898 5508 ὑπὸ
2923 5452 3019 5507 τοῦ
3056 5451 3331 5506 διαϐόλου.
3370 5471 3391 5504 ι
3422 5450 3662 5507 Μακεδ.
3695 5448 3769 5503 ’Ῑδ

477 5548 624 5603 Luca
663 5549 823 5605 disce
852 5550 997 5620 quod
1036 5552 1302 5621 scriptum
1351 5559 1454 5608 est.
1511 5549 1877 5622 Posteaquam
1907 5553 1994 5608 eui

2248 5552 2388 5625 εῦμα
2433 5547 2528 5606 οῦν
2558 5549 2622 5605 τδ
2661 5549 2815 5620 ἅγιον
2853 5545 3135 5621 πλήρωσις
3176 5546 3296 5600 ἐστι
3338 5545 3439 5599 τοῦ
3474 5540 3765 5618 Χριστώς

548 5642 571 5675 ⁸
606 5638 763 5696 Joan.
799 5659 853 5705 ι,
890 5644 945 5698 5.
1018 5644 1038 5674 ⁷
1075 5641 1180 5700 lsa.
1221 5659 1365 5701 xui.
1406 5645 1453 5698 i.
1531 5643 1554 5675 ⁸
1591 5644 1751 5700 Joan.
1786 5661 1835 5714 ι,
1871 5645 1961 5702 53.
2037 5647 2060 5680 ⁹
2099 5646 2235 5703 ibid.

558 5732 696 5800 (17⁸)
724 5732 868 5801 Lego
904 5739 1031 5805 μήν,
1062 5743 1119 5789 ιιι
1153 5738 1260 5792 col.
1290 5736 1446 5792 1532.
1484 5736 1644 5793 Enn.
2062 5720 2065 5723 I
