3842 6186
98 284 256 342 ίῖῖε)

1164 291 1444 348 CONTRA
1487 291 1836 348 MACEDON.
1879 289 2224 347 DIALOGUS
2262 290 2327 346 ιι.

3236 293 3378 351 1330

117 407 282 474 Ὀρθ.
325 405 384 458 ’0
419 405 808 479 εὐαγγελιστὴς
836 405 1002 475 λέγει,
1033 407 1116 459 δτι
1152 405 1353 478 Ἰησοῦς
1385 403 1454 478 ἦν
1486 405 1700 479 πλήρης

1816 404 2044 477 Spiritus
2075 404 2360 460 descendit
2389 410 2444 457 et
2471 402 2674 457 mansit
2704 417 2870 474 super
2895 419 3042 468 eum,
3068 409 3124 458 et
3145 420 3250 460 vox
3279 422 3376 462 su-

105 496 434 567 Πνεύματος
499 498 677 566 ἁγίου.
743 497 964 552 Μακεδ.
1024 495 1224 560 Μεῖζον
1284 493 1377 550 οὖν
1429 497 1576 566 λέγει
1639 498 1700 550 τὸ

108 587 342 659 Πνεῦμα
390 588 484 641 τοῦ
534 588 686 641 Υίοῦ.
736 588 888 656 Ὀρθ.
935 589 1027 658 Μὴ
1073 589 1319 656 γένοιτοῑ
1367 588 1591 642 Μακεὸ.
1637 588 1700 640 Ei

109 679 436 750 ἐπλήρωσεν
469 679 599 732 αὐτὸ
636 679 727 732 τὸν
764 679 913 742 Υἱὸν,
960 681 1009 731 εί
1046 679 1105 731 ὲν
1145 679 1222 750 τῷ
1250 677 1528 748 Πνεύματι
1574 678 1702 746 ἄγε-

107 789 228 836 ται,
265 770 447 842 μεῖζον
477 770 640 824 αὑτοῦ
672 773 838 824 ἐστιν.
885 772 1035 838 Ὀρθ.
1077 772 1187 824 Καὶ
1226 770 1386 824 πάλιν
1421 771 1582 840 λέγω,
1626 771 1700 842 μὴ

109 865 326 934 γένοιτο
357 864 516 918 τοῦτο
548 865 750 917 εἰπεῖνῑ
785 863 899 916 ἁλλ’
935 863 1124 934 ὥσπερ
1155 864 1249 916 ἐὰν
1276 863 1534 937 ἀκούσῃς,
1565 864 1646 916 ὅτι
1674 865 1702 916 6

112 954 248 1018 Υἱὸς
297 956 360 1008 ὲκ
405 953 594 1018 δεξιῶν
645 953 880 1024 κάθηται
930 953 1023 1006 τοῦ
1075 954 1307 1025 Πατρὸς,
1351 953 1477 1007 οὔτε
1535 957 1700 1008 τόπον

113 1051 259 1112 νοεῖς
295 1047 387 1100 ἐπὶ
416 1047 571 1111 Θεὸν,
605 1045 728 1100 οὔτε
775 1047 996 1117 μείζονα
1032 1047 1122 1101 τὸν
1151 1047 1280 1102 Υίὸν
1315 1051 1446 1120 ἡγῇ,
1486 1049 1600 1103 ἀλλ’
1637 1052 1701 1103 ἐκ

112 1138 217 1208 τῆς
265 1135 710 1207 ὑπερϐαλλούσης
757 1137 922 1208 τιμῆς
969 1137 1029 1190 τὸ
1079 1138 1276 1192 ταυτὸν
1333 1139 1435 1208 τῆς
1485 1139 1700 1208 φύσεως

114 1233 292 1295 νοεῖςι
341 1231 534 1294 οὕτως,
592 1231 687 1284 ὲάν
731 1230 994 1301 ἀκούσῃς,
1037 1232 1118 1284 ὅτι
1171 1233 1199 1284 6
1240 1231 1448 1304 Ἰησοῦς
1489 1232 1702 1303 πλήρης

118 1321 436 1393 Πνεύματος
481 1322 660 1390 ἁγίου,
704 1320 778 1392 μὴ
819 1319 1107 1390 ἐλλείψεως
1136 1322 1414 1394 πλήρωσιν
1451 1321 1701 1392 νομίσῃς,

121 1415 262 1486 μήτε
306 1417 487 1485 μεῖζον
525 1415 586 1468 τὸ
626 1416 852 1486 Πνεῦμα
886 1417 991 1486 ἡγῇ
1015 1431 1028 1446 ⁸
1054 1415 1167 1469 ἀλλ’
1197 1419 1261 1470 ἐκ
1290 1417 1390 1487 τῆς
1425 1416 1703 1489 ὑπερϐαλ-

115 1507 318 1578 λούσης
346 1510 512 1580 τιμῆς
540 1509 633 1561 καὶ
664 1507 909 1572 ὲνώσεως
937 1509 997 1562 τὸ
1023 1509 1184 1563 αὐτὸν
1212 1509 1312 1579 τῆς
1350 1509 1562 1579 φύσεως
1593 1508 1705 1563 νόει

117 1601 180 1652 ἐν
219 1600 361 1670 τρισὶ
390 1599 622 1663 τελείαις
648 1601 1035 1656 ύποστάσεσιν.
1068 1603 1189 1654 Ὅτι
1231 1602 1288 1654 δὲ
1315 1603 1400 1655 ἐπ’
1428 1601 1591 1655 αὐτὸν
1615 1601 1706 1655 τδν

119 1691 250 1744 Υἱόν
284 1693 400 1744 ἐστι
425 1693 486 1746 τὸ
520 1692 766 1763 Πνεῦμα,
799 1693 964 1747 ἄκουε
992 1694 1086 1747 καὶ
1123 1693 1286 1747 αὐτοῦ
1316 1693 1565 1763 λέγοντος
1591 1697 1706 1758 τοῖς

135 1783 438 1848 Ἰουδαίοις·
487 1803 508 1836 ‹
562 1783 785 1855 Πνεῦμα
839 1785 1046 1856 Κυρίου
1103 1788 1189 1840 ἐπ’
1239 1785 1358 1856 ἐμὲ,
1399 1779 1460 1839 οὗ
1521 1787 1706 1840 ἕνεκεν
1737 1777 1779 1833 Β

119 1875 306 1946 ἔχρισὲ
341 1894 443 1947 με’
483 1896 501 1928 ι
542 1879 634 1931 καὶ
665 1877 758 1930 τοῦ
798 1879 1010 1949 Πέτρου
1032 1894 1045 1908 ’
1085 1898 1104 1930 ι
1136 1879 1258 1932 Ὀτι
1291 1879 1507 1951 ἔχρισεν
1541 1879 1705 1934 αὐτὸν

117 1969 152 2022 6
183 1967 312 2032 Θεὸς
339 1969 619 2040 Πνεύματι
667 1971 807 2042 ἁγίῳ
849 1971 942 2024 καὶ
967 1971 1216 2042 δυνάμει.
1255 1991 1275 2024 ›
1304 1972 1526 2026 Μακεδ.
1565 1972 1706 2042 Ἐγὼ

121 2059 343 2131 ἀμαθής
370 2062 507 2131 εἰμι,
541 2061 658 2130 ἄγω
691 2063 784 2116 τὸν
821 2063 1140 2117 διδάσκαλόν
1183 2081 1307 2134 μου,
1340 2064 1432 2118 καὶ
1459 2064 1706 2134 διαλέγε-

120 2153 214 2206 ταί
240 2169 336 2207 σοι.
376 2155 527 2222 Ὀρθ.
555 2156 766 2208 Γένοιτὸ
792 2173 873 2209 σοι
896 2155 989 2209 τὸν
1017 2157 1216 2226 εὐσεϐῆ
1244 2156 1503 2227 λογισμὸν
1524 2156 1708 2211 λαϐεῖν

122 2245 468 2300 διδάσκαλοιιὲ
511 2247 596 2300 ἵνα
644 2248 718 2319 μὴ
764 2247 1072 2320 ἀνθρώποις
1113 2246 1180 2320 ᾖς
1217 2249 1546 2314 ἀκολουθῶν,
1573 2249 1710 2303 ἀλλά

121 2337 205 2408 τῷ
239 2338 353 2410 Θεῷ
395 2339 476 2410 τῷ
516 2341 798 2410 εἰρηκότι·
853 2360 870 2393 ι
903 2341 1284 2413 Πορευθέντες,
1333 2341 1710 2414 μαθητεύσατε

124 2430 302 2483 πάντα
335 2429 406 2483 τά
438 2431 587 2502 ἔθνη,
622 2431 973 2501 βαπτίζοντες
1006 2434 1202 2495 αὐτοὺς
1227 2435 1306 2496 είς
1327 2434 1387 2485 τὸ
1417 2433 1586 2503 ὄνομα
1613 2431 1708 2485 τοῦ

127 2519 362 2588 Πατρὸς,
387 2521 479 2574 καὶ
510 2519 604 2572 τοῦ
646 2520 802 2586 Υίοῦ,
843 2521 938 2574 καὶ
978 2520 1072 2574 τοῦ
1115 2520 1270 2590 ἁγίου
1313 2522 1650 2593 Πνεύματος.
1683 2541 1703 2574 ι

142 2609 327 2680 Ἀμήν.

126 2704 272 2772 piam
331 2704 740 2760 meditationem
775 2724 814 2762 .:

1803 514 1900 569 pra
1935 497 2083 552 dicta
2119 495 2308 550 audita
2351 479 2458 558 est,
2493 491 2811 564 subjungit:
2865 511 2884 544 ι
2915 490 3076 550 Jesus
3103 508 3232 550 vero
3262 496 3384 567 ple-

1803 608 1909 648 nus
1939 590 2146 660 Spiritu
2176 597 2390 651 sancto,
2425 602 2710 658 regressus
2735 595 2820 643 est
2848 601 2878 640 a
2907 584 3162 650 Jordane,
3197 595 3252 643 et
3279 589 3381 642 du-

1803 693 1925 739 ctus
1956 692 2040 738 est
2079 683 2132 736 in
2165 681 2442 736 desertum
2473 695 2502 733 a
2539 679 2772 749 Spiritu,
2807 687 2867 734 ut
2894 694 2924 732 a
2949 680 3166 736 diabolo
3204 689 3382 736 tenta-

1804 785 1956 840 retur
1983 777 2049 834 ‘°.
2085 796 2104 829 ο
2142 773 2350 828 Maced.
2379 773 2617 844 Spiritus
2642 779 2868 828 sanctus
2907 771 3072 843 igitur
3102 771 3380 827 Christum

1802 870 1990 938 implet
2043 883 2108 922 ac
2158 866 2421 937 perﬁcit?
2452 864 2606 920 Orth.
2656 865 3004 936 Evangelista
3052 863 3149 930 ait,
3196 863 3381 920 Jesum

1806 961 2012 1031 Spiritu
2044 967 2237 1015 sancto
2271 959 2488 1029 plenum
2519 957 2709 1013 fuisse.
2741 955 2948 1012 Maced.
2980 955 3238 1027 Majorem
3278 957 3384 1027 igi-

1803 1062 1895 1108 tur
1936 1050 2076 1106 Filio
2109 1050 2374 1122 Spiritum
2423 1049 2578 1104 dicit.
2633 1047 2786 1104 Orth.
2817 1048 3006 1104 Absit!
3063 1047 3272 1104 Maced.
3326 1047 3386 1104 Si

1805 1144 1895 1198 ille
1932 1141 2130 1197 Filium
2185 1124 2449 1212 implevit,
2512 1142 2558 1196 si
2615 1155 2645 1194 a
2704 1140 2913 1210 Spiritu
2965 1140 3138 1198 Filius
3181 1143 3384 1214 agitur,

1803 1237 1978 1306 major
2004 1236 2125 1306 ipso
2154 1244 2238 1290 est
2264 1233 2523 1304 Spiritus.
2561 1231 2712 1289 Orth.
2743 1233 2942 1288 lterum
2968 1234 3080 1298 aio,
3113 1235 3296 1291 absit!
3327 1243 3390 1290 ut

1803 1329 1909 1384 hoc
1936 1329 2114 1384 dicam
2150 1330 2163 1381 !
2195 1327 2302 1382 Sed
2337 1325 2819 1396 quemadmodum,
2855 1340 2978 1379 cum
3003 1327 3161 1381 audis
3190 1325 3388 1380 Filium

1805 1420 1995 1477 sedere
2017 1419 2084 1474 ad
2107 1417 2384 1473 dexteram
2409 1415 2612 1478 Patris,
2641 1433 2818 1487 neque
2845 1417 3022 1471 locum
3047 1417 3190 1486 apud
3219 1417 3390 1471 Deum

1805 1514 1991 1568 animo
2020 1511 2292 1580 concipis,
2326 1526 2427 1565 nec
2464 1511 2728 1580 majorem
2763 1509 2959 1564 Filium
2993 1509 3170 1577 ducis,
3201 1510 3296 1567 sed
3323 1526 3390 1565 ex

1807 1605 2084 1660 eminente
2113 1605 2322 1658 honore
2355 1611 2566 1658 naturaa
2601 1603 2942 1657 identitatem
2973 1603 3236 1674 intelligis
3262 1622 3276 1659 :
3307 1605 3389 1659 sic

1808 1697 2039 1752 audiens
2070 1695 2259 1751 Jesum
2298 1696 2520 1766 plenum
2572 1695 2782 1766 Spiritu
2835 1702 3046 1758 sancto,
3083 1710 3193 1749 non
3236 1693 3390 1750 defe-

1808 1798 1932 1845 ctus
1963 1787 2424 1860 complementum
2475 1796 2655 1858 putes,
2691 1802 2794 1842 nec
2831 1786 3092 1856 majorem
3127 1784 3392 1856 Spiritum

1810 1883 2115 1946 existimes,
2149 1881 2245 1937 sed
2273 1896 2339 1936 ex
2371 1881 2648 1936 eminente
2676 1881 2884 1935 honore
2906 1886 2960 1934 et
2993 1880 3214 1942 unione,
3242 1878 3392 1934 iden-

1810 1976 2023 2029 titatem
2070 1981 2281 2030 natura:
2320 1975 2503 2028 animo
2555 1974 2771 2042 collige,
2818 1973 2874 2027 in
2915 1973 3096 2028 tribus
3132 1971 3394 2042 perfectis

1813 2067 2223 2138 hypostasibns.
2257 2065 2415 2132 Quod
2457 2080 2589 2120 vero
2619 2081 2784 2134 super
2827 2063 3005 2134 ipsum
3033 2061 3230 2118 Filium
3267 2060 3394 2131 Spi-

1812 2159 1954 2214 ritus
1986 2159 2080 2222 sit,
2112 2159 2242 2213 audi
2273 2168 2326 2214 et
2367 2159 2546 2228 ipsum
2574 2155 2783 2212 Iudaeis
2813 2157 3125 2227 loquentem
3154 2174 3167 2210 :
3214 2175 3232 2208 ι
3265 2153 3395 2226 Spi-

1811 2247 1954 2301 ritus
1985 2245 2200 2301 Domini
2242 2261 2407 2316 super
2445 2261 2552 2310 me,
2588 2261 2653 2301 eo
2691 2247 2835 2316 quod
2871 2245 3091 2300 tinxerit
3131 2261 3216 2301 me
3248 2245 3327 2312 “;
3371 2265 3390 2298 ι

1812 2345 1868 2392 et
1901 2337 2122 2393 Petrum
2151 2353 2163 2388 :
2199 2355 2218 2388 ι
2253 2336 2394 2403 Quia
2426 2338 2583 2390 unxit
2616 2337 2798 2407 ipsum
2838 2335 2982 2392 Deus
3009 2334 3216 2406 Spiritu
3262 2349 3393 2392 san-

1810 2437 1899 2484 cto
1923 2438 1978 2485 et
2003 2430 2205 2484 virtute
2227 2430 2315 2484 ¹¹⁶.
2341 2448 2360 2480 ι
2398 2428 2606 2484 Maced.
2640 2430 2751 2500 Ego
2783 2430 3086 2484 litterarum
3128 2443 3248 2483 sum
3291 2425 3396 2480 im-

1811 2522 2055 2590 peritus,
2114 2524 2436 2592 magistrum
2480 2536 2668 2590 meum
2718 2520 3009 2583 adducam,
3063 2519 3156 2589 qui
3215 2527 3396 2573 tecum

1811 2612 2075 2683 disputet.
2131 2611 2288 2668 Ortli.
2342 2612 2563 2668 Utinam
2615 2613 2941 2682 magistrum
2997 2613 3093 2668 tibi
3144 2625 3398 2667 accersas

868 2721 938 2761 ne
989 2705 1238 2762 homines
1291 2706 1563 2776 sequaris,
1616 2705 1713 2762 sed
1770 2703 1965 2774 Deum,
2032 2707 2128 2778 qui
2173 2707 2350 2762 dixit:
2385 2725 2404 2759 ι
2449 2705 2658 2763 Euntes
2707 2707 2897 2762 docete
2933 2719 3126 2760 omnes
3168 2712 3388 2776 gentes,

130 2800 470 2870 baptizantes
498 2816 613 2868 eos,
648 2801 704 2856 in
743 2803 966 2858 nomine
997 2801 1202 2865 Patris,
1227 2809 1283 2860 et
1316 2802 1462 2869 Filii,
1495 2810 1551 2858 et
1583 2801 1824 2873 Spiritus
1852 2804 2029 2859 sancti
2047 2805 2111 2860 ¹².
2157 2823 2176 2858 ι
2207 2805 2402 2860 Amen.

491 2917 630 2972 ΤΟΥ
676 2918 912 2972 ΑΥΤΟΥ
956 2919 1352 2973 ΑΘΑΝΑΣΙΟΥ

141 3025 340 3100 Ἑτέρα
379 3027 836 3100 διάλεξιςίπρὸς
878 3030 1364 3099 Μακεδονιανὸν,
1408 3031 1541 3100 περὶ
1573 3031 1707 3095 τοῦ,

2243 2917 2316 2974 Ε]
2325 2917 2555 2974 USDEM
2603 2914 2976 2971 ATHANASII

1819 3033 2118 3104 Disputatio
2169 3035 2280 3090 alia
2331 3035 2580 3104 adversus
2631 3029 3095 3092 Macedonianum,
3146 3027 3210 3082 de
3255 3043 3399 3097 qure-

199 3099 252 3151 ει
301 3099 552 3168 ἐφόρεσε
601 3099 774 3170 σῶμα
818 3101 1100 3171 ἔμψυχον
1153 3106 1186 3157 ὁ
1236 3103 1344 3158 τοῦ
1401 3099 1552 3158 Θεοῦ
1599 3104 1710 3158 Λό-

1888 3099 2079 3187 s'tjope,
2129 3121 2200 3160 an
2249 3104 2350 3160 Dei
2400 3103 2628 3159 Verbum
2666 3117 2854 3166 corpus
2898 3103 3194 3154 animatum
3225 3108 3408 3169 gesta-

200 3207 304 3260 τος
333 3193 464 3264 (13)-

637 3311 1204 3366 ΜΑΚΕΔΟΝΙΑΝΟΣ.

204 3423 280 3475 (ιὺ
314 3423 472 3494 μόνον
503 3424 801 3494 σφάλλεσθε
828 3425 1102 3494 λέγοντες,
1133 3426 1214 3479 ὅτι
1245 3425 1529 3495 ὁμοούσιός
1568 3428 1716 3480 ἐστιν

128 3514 164 3565 6
200 3510 428 3584 Υἱὸςτῷ
453 3513 646 3584 Πατρὶ,
677 3513 792 3567 ἀλλ’
830 3515 911 3568 ὃτι
939 3515 1033 3569 καὶ
1064 3514 1241 3585 ψυχὴν
1269 3509 1381 3585 εἶχε
1413 3515 1716 3586 σαρκωθεὶς

130 3607 164 3658 6
206 3603 426 3676 Κύριος.
485 3606 891 3660 ΟΡΘΟΔΟΞΟΣ.
939 3607 1014 3660 Οὐ
1054 3607 1212 3678 μόνον
1254 3606 1584 3678 εύσεϐοὓμεν
1629 3607 1718 3660 λέ-

129 3711 342 3764 γοντες,
379 3697 460 3749 ὅτι
501 3695 784 3767 ὁμοούσιός
827 3697 976 3750 ἐστιν
1015 3699 1043 3750 6
1085 3696 1213 3760 Υἱὸς
1249 3696 1329 3767 τῷ
1371 3697 1566 3767 Πατρὶ,
1601 3695 1715 3750 ἀλλ’

130 3788 220 3840 ὅτι
253 3788 344 3840 καὶ
379 3787 555 3858 ψυχὴν
577 3785 686 3859 εἶχε
728 3787 1050 3860 σαρκωθείς.
1086 3788 1250 3842 Οὐδὲν
1278 3787 1335 3841 δὲ
1373 3787 1514 3858 μέγα
1541 3790 1716 3850 ποιεῖς

131 3879 466 3950 ἀρνούμενος
491 3881 553 3933 τὸ
579 3882 880 3951 ὁμοούσιον,
910 3884 959 3936 εἰ
979 3882 1156 3952 ψυχὴν
1193 3881 1355 3936 αὑτὸν
1381 3881 1523 3953 ἔχειν
1556 3882 1712 3953 ἀρνῇ.

132 3964 307 4022 Τοῦτο
333 3969 442 4041 γάρ
475 3971 618 4023 ἐστιν
653 3968 781 4023 ἴδιον
815 3970 925 4023 τῶν
960 3970 1021 4024 τὸ
1054 3970 1360 4041 ἐτερούσιον
1398 3969 1492 4024 καὶ
1520 3969 1582 4022 τὸ
1626 3970 1718 4022 ἀν-

132 4060 322 4130 όμοιον
348 4058 632 4129 λεγόντων.
671 4062 788 4114 ’Ἰνα
831 4061 940 4132 γὰρ
979 4061 1229 4133 παθητὴν
1275 4061 1374 4134 τὴν
1407 4062 1596 4116 οὐσίαν
1621 4061 1716 4116 τοῦ

134 4149 476 4218 Μονογενοῦς
511 4151 756 4214 εἴπωσιν,
788 4151 994 4222 ἄψυχον
1021 4151 1263 4220 λέγουσι,
1301 4154 1396 4206 καὶ
1432 4153 1497 4206 ἐκ
1526 4153 1716 4207 τούτου

133 4241 603 4306 κατασκευάζουσι
623 4243 684 4296 τὺ
714 4244 984 4315 ἀνόμοιον.
1012 4245 1233 4299 Mam-:6.
1269 4244 1407 4297 Ἀλλ’
1439 4245 1599 4314 ἡμεῖς
1633 4246 1721 4298 ἀν-

131 4336 321 4406 όμοιον
347 4335 446 4406 μὲν
473 4336 533 4389 ού
551 4335 800 4407 λέγομεν,
823 4335 1025 4407 ἄψυχον
1052 4337 1106 4390 δὲ
1121 4337 1370 4408 λέγομεν.
1390 4337 1545 4406 Ὀρθ.
1562 4338 1720 4407 Ὀμο-

131 4427 336 4495 λογεῖς,
383 4429 465 4481 ὃτι
509 4428 658 4499 παρὰ
696 4427 774 4499 τῷ
816 4428 1030 4500 θανάτῳ
1071 4429 1272 4500 ἤρξατο
1310 4429 1592 4482 λυπεῖσθαι
1625 4431 1720 4482 καὶ

1892 3177 1963 3230 rit
1983 3177 2008 3230 ?

2335 3283 2893 3343 MACEDONIANUS.

1890 3400 2011 3456 Non
2054 3401 2256 3458 erratis
2295 3409 2532 3469 tantum,
2563 3399 2712 3471 quod
2746 3396 3271 3454 consubstantialem
3299 3394 3403 3450 P‘a-

1821 3493 1890 3548 tri
1920 3493 2113 3549 Filium
2142 3509 2266 3550 esse
2306 3493 2545 3548 dicatis:
2587 3491 2682 3548 sed
2727 3493 2892 3548 etiam
2923 3491 3070 3561 quod
3108 3488 3401 3544 Dominum

1822 3584 2172 3640 incarnatum
2231 3585 2469 3639 animam
2513 3598 2731 3654 quoque
2781 3581 3044 3637 habuisse
3101 3577 3398 3634 allirmetis.

1823 3677 2315 3734 ORTHODOXUS.
2352 3675 2474 3736 Non
2499 3676 2662 3732 modo
2685 3675 2938 3745 religiose
2963 3672 3251 3734 sentimus,
3275 3685 3400 3725 cum

1822 3765 1970 3822 Patri
2020 3755 2542 3823 consubstantialem
2589 3781 2712 3820 esse
2754 3761 2991 3816 Filium:
3044 3759 3139 3816 sed
3181 3767 3234 3815 et
3277 3775 3403 3813 cum

1823 3875 1948 3914 eum
1987 3860 2334 3914 incarnatum
2365 3859 2604 3912 animam
2635 3855 2894 3910 habuisse
2926 3852 3270 3908 conﬁtemur.
3296 3849 3405 3906 Nc-

1825 3969 1931 4023 que
1977 3968 2107 4007 vero
2148 3951 2327 4021 magni
2359 3950 2492 4021 quid
2540 3950 2738 4005 feceris
2775 3946 3403 4004 consubstantialitatem

1825 4060 2052 4114 negans,
2079 4043 2122 4098 si
2145 4044 2380 4097 animam
2412 4057 2535 4096 eum
2563 4041 2763 4094 habere
2786 4038 3089 4109 negaveris.
3118 4035 3232 4089 Hoc
3257 4035 3404 4090 enim

1825 4153 2015 4194 eorum
2058 4145 2152 4196 est.
2181 4135 2482 4207 proprium,
2531 4133 2624 4203 qui
2671 4131 2994 4188 substantia:
3029 4127 3404 4184 diversitatem

1824 4237 1879 4285 et
1905 4228 2405 4284 dissimilitudinem
2442 4235 2711 4282 asserunt.
2746 4223 2816 4278 Ut
2862 4224 3007 4280 enim
3040 4221 3404 4277 substantiam

1826 4323 2098 4395 Unigeniti
2122 4323 2307 4378 dicant
2329 4335 2452 4376 esse
2476 4319 2776 4390 patibilem,
2799 4315 3152 4370 inanimatam
3179 4328 3298 4368 eam
3324 4311 3406 4366 di-

1826 4423 1976 4480 cunt,
2006 4422 2171 4484 atque
2202 4412 2328 4467 inde
2353 4409 2858 4465 dissimilitudinem
2895 4406 3219 4462 substantiae
3253 4419 3407 4460 com-

131 4519 447 4590 ἀδημονεῖν,
488 4521 564 4584 ὡς
594 4497 662 4575 ἐν
693 4497 772 4592 τῷ
805 4522 946 4574 κατά
977 4497 1254 4574 Ματθαῖον
1285 4519 1600 4590 Εὐαγγελίῳ
1632 4520 1710 4589 γέ·

1826 4507 2214 4561 miniscuntur.
2242 4502 2450 4558 Maced.
2476 4501 2587 4557 Nos
2609 4517 2736 4556 vero
2758 4497 3260 4556 dissimilitudinem
3284 4499 3410 4553 sub-

131 4625 406 4679 γραπται,
443 4610 536 4663 καὶ
579 4613 636 4664 ἐν
668 4611 748 4682 τῷ
784 4612 925 4668 κατά
949 4611 1196 4681 Μάρκον,
1229 4609 1467 4682 Ἤρξατο
1499 4609 1698 4680 θαμϐεῖ

135 4702 266 4757 σθαι
321 4703 416 4755 καὶ
471 4703 805 4774 ἀδημονεῖν;
854 4703 1077 4756 Μακεδ.
1135 4703 1262 4755 Ναί.
1343 4704 1490 4770 Ὀρθ.
1569 4703 1722 4773 ’Λδη-

139 4794 295 4862 μονεῖ
341 4791 398 4844 δὲ
437 4793 532 4846 καὶ
561 4791 916 4862 ἐκθαμϐεῖται
957 4793 1148 4862 θεότης
1186 4793 1277 4846 τὸν
1317 4792 1565 4859 θάνατον,
1592 4793 1626 4865 ἤ
1658 4795 1720 4846 τὸ

133 4888 346 4958 ἄψυχον
375 4887 569 4960 σῶμα;
600 4888 822 4943 Μακεδ.
851 4889 1101 4960 Δηλονότι
1133 4890 1166 4959 ἠ
1210 4886 1398 4958 θεότης
1441 4904 1721 4958 σεσαρκω-

139 4979 302 5050 μένη.
346 4979 488 5048 Ὀρθ.
552 4979 824 5050 Ἀνόμοιος
879 4979 986 5050 ἄρα
1027 4980 1062 5050 ἡ
1124 4977 1216 5031 τοῦ
1251 4977 1384 5030 Υἱοῦ
1419 4977 1607 5048 θεότης
1649 4980 1716 5049 τῇ

136 5070 240 5127 τοῦ
288 5072 498 5146 Πατρὺς
541 5071 788 5143 θεότητι;
844 5071 1067 5127 Μακεδ.
1119 5071 1212 5143 Μὴ
1256 5062 1499 5139 γένοιτοι
1571 5071 1716 5139 Ὁρθ.

141 5163 208 5216 Εἰ
265 5163 520 5235 ἀδημονεῖ
574 5165 668 5218 καὶ⁹
724 5163 1077 5235 ὲκθαμϐεῖται
1133 5163 1224 5216 τὸν
1296 5162 1548 5228 θάνατον,
1604 5161 1722 5227 πῶς

139 5253 366 5309 δύναται
415 5257 597 5327 ὅμοιος
652 5251 787 5310 εἶναι
839 5257 932 5311 καὶ
983 5255 1400 5328 ἀπαράλλακτος
1449 5254 1527 5327 τῷ
1588 5256 1723 5326 μήτε

143 5346 522 5418 ἀδημονοῦντι,
561 5350 698 5420 μήτε
723 5347 1066 5420 λυπουμένῳ,
1092 5348 1232 5418 μήτε
1259 5345 1722 5417 ὲκθαμόουμένῳ;

141 5441 372 5496 Haud.
407 5443 626 5512 Ἐπειδὴ
660 5443 818 5513 σῶμα
859 5439 1196 5513 ἀνθρώπινον
1238 5440 1417 5512 ἔσχεν,
1451 5439 1726 5512 ἀδημονεῖ.

1823 4599 2041 4655 stantia:
2055 4615 2162 4654 non
2179 4599 2434 4661 dicimus,
2450 4595 2545 4651 sed
2563 4594 2744 4648 anima
2761 4608 2950 4648 carere
2965 4591 3218 4647 dicimus.
3249 4589 3402 4646 Ortn.

1822 4693 2106 4748 Eaterisne
2136 4692 2418 4748 Christum
2444 4691 2497 4743 in
2517 4689 2710 4743 mortis
2735 4701 2908 4758 agone
2933 4685 3169 4756 cmpisse
3199 4683 3409 4738 contri-

1823 4787 1958 4842 stari
1975 4783 2142 4858 489
2157 4793 2210 4839 et
2232 4791 2460 4839 moestus
2487 4797 2633 4845 esse,
2652 4789 2713 4835 ut
2731 4780 2787 4834 in
2811 4778 3102 4848 Evangelia
3121 4775 3406 4829 Matthanis

1820 4879 2005 4940 habet,
2043 4877 2220 4948 Cmpit
2256 4875 2569 4931 contristari
2625 4883 2679 4928 et
2745 4883 2976 4926 moestus
3029 4884 3176 4934 esse,
3229 4874 3283 4920 et
3348 4873 3407 4918 ut

1824 4969 2063 5030 Marcus.
2096 4969 2276 5038 Cmpit
2321 4983 2522 5038 pavere
2579 4973 2634 5021 et
2686 4961 2918 5030 taedere?
2948 4959 3160 5017 Maced.
3204 4955 3402 5010 Etiam.

1827 5063 1980 5120 Orlh.
2017 5061 2210 5116 Utrum
2241 5069 2436 5115 morsta
2459 5067 2542 5114 est
2574 5066 2627 5112 et
2652 5068 2882 5114 mortem
2927 5060 3086 5126 pavet
3116 5048 3401 5109 divinitas,

1811 5172 1896 5210 'an
1931 5171 2128 5226 corpus
2159 5150 2718 5208 animaturnﬂllaced.
2741 5148 3010 5204 Divinitas
3039 5153 3186 5199 certe
3216 5142 3404 5226 incarf

1827 5259 1978 5307 nata.
2014 5212 2166 5306 ὁνιΙι.
2198 5247 2320 5302 Filii
2355 5248 2522 5316 igitur
2551 5242 2812 5298 divinitas
2850 5236 3139 5294 dissimilis
3167 5240 3252 5290 est
3283 5212 3409 5286 dei-l

1827 5344 1924 5398 tati
1957 5341 2172 5397 Patris?
2211 5337 2420 5392 Maced.
2459 5332 2649 5390 Absit!
2686 5331 2839 5389 Orth.
2897 5328 2957 5384 Si
2998 5333 3194 5381 maesta
3230 5329 3314 5378 est
3348 5326 3405 5376 et

1831 5445 1992 5508 pavet
2022 5442 2278 5497 mortem,
2309 5429 2588 5502 quomodo
2615 5426 2814 5484 similis
2844 5439 2942 5496 per
2982 5421 3166 5479 omnia
3199 5417 3302 5472 erit
3353 5413 3412 5468 ei

219 5597 266 5632 “
307 5597 440 5652 Luc.
474 5613 550 5663 iv,
586 5597 652 5659 Ι,
683 5597 737 5650 2.
820 5595 861 5628 “
903 5595 1035 5650 Luc.
1070 5612 1142 5659 iv,
1175 5595 1264 5652 l8.
1343 5595 1553 5649 “'Act.
1583 5609 1638 5659 x,
1666 5593 1758 5648 38.
1835 5592 1880 5622 “
1918 5589 2110 5647 Matth.
2148 5602 2343 5654 xxvm,
2377 5586 2466 5642 i9.

223 5753 336 5827 (18)
385 5754 442 5809 1η
484 5755 640 5812 titulo
687 5753 895 5822 Dialogi
949 5751 1121 5808 Palat.
1164 5751 1348 5817 habet,
1401 5750 1693 5821 κεφάλαιον

1818 5761 1996 5820 τερον.
