3842 6186
448 308 581 365 1531

1575 311 1633 369 S.
1676 309 2145 368 ATHANASIUS.
2189 342 2259 352 -—
2296 310 2525 367 DUBlA.

3586 313 3735 368 135?.

440 421 533 490 qui
574 433 678 475 nec
713 419 956 490 angitur,
991 434 1095 476 nec
1135 420 1525 487 contristatur,
1572 437 1705 479 neco
1724 425 1991 481 turbatur

2104 464 2112 485 ι
2155 446 2302 514 Ὀρθ.
2370 444 2541 517 Σῶμα
2574 444 2634 499 δὲ
2696 444 2902 516 ἄψυχον
2943 447 3044 499 οὒκ
3081 445 3360 517 ἀδημονεῖ,
3391 446 3493 500 οὒκ
3526 447 3736 519 ἐκθαμ-

440 508 649 567 Maced.
676 510 892 582 Corpus
914 510 1197 576 habuit,et
1225 512 1438 569 idcirco
1467 515 1845 573 contristatur.
1870 517 2027 574 Orth.

438 607 508 660 At
527 620 727 677 corpus
747 607 868 662 sine
899 606 1081 660 anima
1100 621 1211 661 non
1244 610 1482 678 angitur,
1500 624 1611 664 non
1629 610 1899 674 turbatur,
1921 628 2033 667 non

438 698 717 753 tristatur?
730 696 940 752 Maced.
969 696 1074 755 Sed
1106 700 1228 755 loco
1247 700 1443 755 animae
1461 702 1801 758 divinitatem
1820 703 2029 759 habuit.

439 786 593 844 Orth.
610 790 693 845 An
716 805 915 859 corpus
936 790 1478 863 divinitatifpavorem
1502 794 1754 859 incussit,
1772 805 1869 850 aut
1890 795 2031 850 divi-

437 882 581 937 nitas
602 882 856 952 corpori?
887 881 1096 938 Maced.
1118 883 1345 957 Propter
1359 901 1559 955 corpus
1580 888 1841 945 divinitas
1857 906 2028 962 expa-

437 975 708 1030 vescebnt.
729 974 882 1031 Orth.
915 975 1184 1031 Nimirum
1201 989 1259 1033 ut
1288 980 1626 1049 principatus
1644 984 1809 1036 animi
1829 983 2025 1048 nostri,

436 1065 511 1119 ita
533 1074 588 1121 et
614 1065 876 1123 divinitas
900 1084 930 1122 a
963 1084 1193 1138 corpore
1226 1071 1576 1126 turbabatur.
1615 1070 1831 1128 Maced.
1868 1074 2029 1130 Absit

435 1166 496 1213 ut
527 1159 852 1215 hocdicaml
884 1161 1338 1219 0rth.Goncedas
1365 1164 1532 1231 igitur
1548 1173 1763 1234 oportet
1784 1167 2023 1221 animam

433 1249 739 1322 fuissequae
755 1253 972 1308 turbata
988 1261 1094 1309 est.
1120 1252 1329 1308 Haced.
1348 1255 1505 1311 Absit
1528 1257 1540 1309 l
1562 1255 1716 1312 Orth.
1737 1256 2026 1324 Quomodo

431 1358 566 1413 ergo
609 1345 864 1416 angelum
908 1345 1101 1401 audies
1143 1344 1385 1417 Josepho
1423 1347 1736 1404 dicentem:
1767 1367 1787 1401 ε
1821 1350 2024 1421 Accipe

431 1450 664 1506 puerum
688 1447 742 1492 et
766 1445 997 1491 matrem
1030 1438 1173 1507 ejus,
1209 1447 1264 1494 et
1296 1439 1421 1511 fuge
1460 1441 1515 1494 in
1563 1439 1894 1513 Egyptum:
1932 1442 2021 1497 fu-

430 1536 614 1583 turum
633 1537 716 1585 est
737 1529 882 1585 enim
899 1536 958 1583 ut
975 1527 1219 1586 Herodes
1236 1540 1445 1602 quaerat
1463 1534 1702 1588 animam
1736 1535 1941 1605 pueri"
1965 1553 2013 1600 ς»

437 1631 498 1677 et
548 1622 750 1678 iterum
786 1641 845 1677 ε(
895 1623 1072 1695 Surge
1106 1631 1161 1679 et
1203 1626 1393 1696 accipe
1442 1624 1668 1681 Mariam
1726 1627 2019 1697 conjugem

429 1719 603 1778 tuam,
629 1722 684 1769 et
710 1713 846 1770 vade
876 1716 933 1771 in
956 1726 1161 1772 terram
1181 1715 1350 1773 Israel
1383 1736 1395 1771 :
1428 1717 1677 1772 defuncti
1699 1728 1827 1775 sunt
1847 1720 2014 1782 enim,

2134 536 2330 602 ϐεἴται,
2360 538 2420 591 οὐ
2455 538 2729 593 λυπεῖται.
2752 536 2979 590 Μακεδ.
3020 537 3159 590 Ἀλλ’
3184 533 3299 606 εἶχε
3330 537 3566 610 θεότητα
3613 540 3739 595 ἀντὶ

2132 630 2234 700 τῆς
2276 629 2475 700 ψυχῆς.
2545 630 2691 698 Ὀρθ.
2764 629 2839 681 Τὸ
2916 628 3076 698 σῶμα
3138 630 3310 681 ἐποίει
3358 630 3459 698 τὴν
3503 629 3734 700 θεότητα

2132 719 2611 791 ὲκθαμϐεϊσθαι,ἧ
2650 721 2682 789 ή
2717 719 2909 791 θεότης
2954 720 3014 774 τὸ
3046 720 3242 791 σῶμα;
3276 721 3501 775 Μακεδ.
3529 721 3630 774 Διὰ
3672 720 3735 774 τὸ

2133 812 2294 882 σῶμα
2332 814 2364 883 ή
2407 811 2601 884 θεότης
2645 811 3012 883 ὲξεθαμϐεἰτο.
3050 812 3265 882 Ὀρθόδ.
3306 813 3589 866 Ἐθολοῦτο
3640 809 3732 867 οὖν

2131 907 2163 975 ἡ
2205 904 2396 975 θεότης
2430 905 2535 958 ὑπὸ
2589 904 2873 975 σώματος,
2929 906 3008 969 ὠς
3049 906 3110 959 τὸ
3168 906 3497 976 ἡγεμονικδν
3550 905 3727 977 ἡμῶν.

2128 994 2349 1049 Μακεδ.
2404 995 2494 1065 Μὴ
2553 995 2763 1064 γένοιτο
2817 996 3029 1049 εἰπεῖνῒ
3111 997 3261 1063 Ὀρθ.
3340 997 3584 1067 Ἀνάγκη
3635 993 3729 1050 οὖν

2126 1089 2307 1143 δοῦναι
2339 1090 2520 1161 ψυχὴν
2562 1090 2662 1160 τὴν
2700 1089 3054 1162 Θολουμένην.
3094 1090 3317 1146 Μακεδ.
3351 1091 3445 1163 Μὴ
3478 1092 3693 1160 γένοιτο
3711 1094 3732 1145 l’

2144 1183 2288 1250 Ὀρθ.
2356 1181 2484 1247 Πῶς
2557 1178 2649 1236 οὖν
2697 1182 2905 1255 ἀκούσῃ
2940 1183 3034 1236 τοῦ
3084 1184 3319 1252 ἀγγέλου
3364 1184 3619 1252 λέγοντος
3649 1183 3727 1256 τῷ

2136 1269 2367 1345 Ἰωσήφο
2418 1292 2437 1324 (
2468 1274 2761 1345 Παρὰλαϐε
2814 1274 2914 1346 τὴν
2973 1275 3184 1347 μητέρα
3236 1276 3330 1329 καὶ
3378 1276 3441 1328 τὸ
3486 1275 3724 1337 παιδίον,

2124 1365 2220 1418 καὶ
2272 1364 2441 1435 φεῦγε
2498 1368 2578 1431 εἰς
2639 1365 2951 1435 Αἴγυπτον’
3006 1366 3189 1439 μέλλει
3259 1366 3366 1439 γὰρ
3407 1368 3438 1419 6
3475 1367 3726 1439 Ἡρώδης

2122 1455 2306 1527 ζητεῖν
2334 1456 2433 1527 τὴν
2454 1455 2632 1527 ψυχὴν
2661 1456 2755 1511 τοῦ
2790 1458 3001 1512 παιδίου
3022 1476 3035 1488 ·
3059 1477 3077 1510 ι
3113 1460 3209 1512 καὶ
3242 1459 3432 1513 πάλιν·
3475 1478 3493 1510 ι
3540 1460 3727 1531 Ἐγερ-

2121 1544 2234 1609 θεὶς
2280 1545 2565 1617 παράλαϐε
2598 1546 2833 1618 Μαριὰμ
2866 1546 2965 1617 τὴν
2997 1547 3232 1617 γυναῖκα
3273 1564 3390 1611 σου,
3422 1549 3519 1601 καὶ
3562 1548 3726 1618 δεῦρο

2119 1638 2201 1700 εἰς
2248 1636 2354 1708 γῆν
2399 1638 2645 1710 Ἰσραήλο
2681 1638 2979 1710 τεθνήκασι
3029 1639 3140 1710 γὰρ
3188 1641 3238 1691 οἱ
3285 1639 3579 1709 ζητοῦντες
3625 1641 3728 1709 τὴν

2117 1729 2296 1801 ψυχὴν
2340 1729 2435 1783 τοῦ
2483 1729 2734 1785 παιδίου·
2764 1752 2782 1782 ι
2839 1732 2934 1785 καὶ
2992 1731 3156 1796 αὐτὸς
3202 1733 3231 1784 6
3278 1730 3485 1802 Κύριος
3530 1731 3726 1800 λέγει’

428 1806 523 1877 qui
551 1810 870 1878 quaerebant
897 1810 1135 1864 animam
1171 1810 1376 1881 pueri“
1403 1828 1418 1879 ;
1450 1829 1470 1863 ›
1507 1818 1561 1867 et
1592 1811 1859 1868 Dominus
1896 1813 2005 1883 ipse

2123 1792 2143 1875 λ
2183 1792 2324 1892 ’ἐγώ
2362 1824 2477 1893 εἰμι
2511 1823 2541 1875 6
2588 1823 2793 1894 ποιμὴν
2843 1825 2872 1877 6
2921 1792 3148 1886 καλός(
3173 1825 3203 1876 6
3240 1792 3512 1894 ποιμὴν-ό
3558 1792 3725 1887 καλὸς

427 1894 547 1950 ait:
585 1914 605 1948 ι
636 1893 755 1966 Ego
793 1912 914 1952 sum
964 1905 1155 1969 pastor
1194 1899 1374 1956 bonus
1411 1919 1425 1955 :
1456 1900 1637 1956 bonus
1671 1908 1861 1971 pastor
1896 1902 2016 1955 ani-

427 2000 573 2042 mam
606 2002 760 2044 suam
790 1991 944 2060 ponit
973 2007 1074 2062 pro
1096 1992 1379 2061 ovibus";
1408 2010 1427 2045 ι
1468 1994 1751 2064 εῐιὶεθτυιη
1777 2013 1793 2050 :
1829 2012 1849 2045 ι
1874 1995 2013 2049 Cum

427 2080 573 2144 volo,
602 2095 745 2145 pono
756 2091 966 2145 eam,et
987 2098 1113 2138 cum
1129 2084 1274 2150 volo,
1295 2100 1653 2141 resumoeam
1670 2086 1733 2140 ιο.
1759 2104 1778 2138 ι
1802 2084 2010 2143 Maced.

426 2168 658 2237 Quando
685 2188 816 2229 vero
838 2185 891 2228 et
908 2173 1122 2231 Patrem
1148 2176 1404 2232 audimus
1431 2178 1767 2248 loquentem,
1833 2197 1853 2230 ι
1877 2176 2014 2233 Sab-

425 2258 554 2315 bata
565 2268 620 2316 et
644 2264 962 2321 neomenias
981 2265 1327 2322 vestrasodit
1345 2268 1527 2322 anima
1546 2269 1742 2336 mea",
1773 2288 1793 2321 ι
1816 2268 2013 2326 ideone

423 2356 482 2407 et
521 2350 701 2423 ipsum
731 2354 949 2411 Patrem
992 2358 1234 2414 animam
1273 2362 1478 2417 habere
1520 2361 1818 2418 dicemus?
1848 2362 2006 2418 Orth.

422 2440 543 2499 Non
559 2446 920 2504 considerasti
944 2463 1091 2515 eum,
1108 2466 1270 2521 quem
1296 2450 1575 2507 adduxisti
1605 2452 1805 2507 locum.
1822 2452 2011 2524 Neque

424 2538 571 2592 enim
610 2537 997 2596 demonstrare
1032 2543 1238 2612 poteris
1266 2542 1482 2598 Patrem
1517 2558 1661 2610 esse,
1693 2544 1787 2614 qui
1822 2545 2015 2600 istth

425 2628 702 2699 loquatur.
737 2627 948 2685 Maced.
995 2630 1166 2701 Cujus
1215 2648 1348 2703 ergo
1384 2641 1470 2690 est
1511 2649 1620 2689 vox
1663 2635 1809 2693 ista?
1846 2635 2005 2692 Orth.

422 2719 549 2776 Filii
603 2720 723 2787 Dei,
770 2722 864 2793 qui
902 2722 1040 2777 dixit
1071 2743 1085 2779 :
1115 2723 1425 2796 «Cognovit
1478 2726 1580 2783 bos
1629 2743 2006 2798 possessorem

424 2827 609 2878 suum,
640 2820 695 2870 et
730 2815 922 2871 asinus
945 2831 1192 2887 praisepe
1224 2818 1430 2873 domini
1465 2819 1552 2874 sui
1583 2839 1598 2876 :
1624 2819 1794 2877 Israel
1825 2832 2006 2878 autem

423 2920 513 2960 me
535 2920 645 2960 non
678 2907 959 2977 cognovit,
978 2916 1033 2964 et
1056 2909 1292 2979 populus
1311 2926 1465 2967 meus
1479 2928 1589 2967 non
1610 2913 1948 2970 intellexit“.
1982 2934 2001 2968 ι

423 2994 636 3053 Παεεά.
673 2995 901 3055 Hiccine
930 3007 1015 3056 est
1046 3001 1139 3071 qui
1168 3002 1303 3057 dicit
1329 3022 1343 3058 :
1381 3021 1401 3055 ‹
1422 3001 1754 3062 Neomenias
1792 3016 2006 3064 vestras

2113 1914 2212 1986 τὴν
2249 1914 2426 1986 ψυχὴν
2451 1914 2614 1968 αὐτοῦ
2656 1915 2869 1986 τίθησιν
2914 1915 3054 1987 ὑπὲρ
3088 1914 3198 1970 τῶν
3226 1915 3584 1987 προϐάτων’›
3626 1917 3723 1970 καὶ

2115 2006 2308 2061 πάλιν·
2353 2027 2371 2057 ι
2407 2008 2535 2060 Ὅτε
2589 2006 2749 2070 θέλω,
2799 2006 2988 2079 τίθημι
3039 2006 3230 2079 αὐτὴν,
3267 2008 3364 2060 καὶ
3403 2008 3494 2060 ὅτε
3545 2006 3712 2067 θέλω,

2112 2100 2376 2172 λαμϐάνω
2405 2100 2613 2172 αὑτήν;
2641 2120 2657 2151 υ
2694 2099 2917 2155 Μακεδ.
2957 2098 3172 2169 Ἐπειδὴ
3202 2099 3295 2151 καὶ
3327 2100 3357 2150 6
3391 2099 3584 2168 Πατὴρ
3633 2097 3722 2152 λέ-

2111 2209 2234 2262 γει,
2268 2211 2286 2243 ¢
2317 2191 2428 2255 Τὰς
2455 2191 2748 2263 νεομηνίας
2806 2191 2959 2261 ὑμῶν
2987 2191 3079 2244 καὶ
3106 2189 3174 2243 τὰ
3213 2188 3465 2243 Σάϐϐατα
3498 2193 3653 2268 μισεῖ
3680 2194 3715 2260 ή

2111 2284 2259 2357 ψυχή
2299 2301 2424 2356 μου,
2455 2303 2473 2336 ι
2521 2280 2631 2355 ἆρα
2670 2284 2760 2337 διὰ
2800 2283 2960 2337 τοῦτο
2994 2283 3090 2336 καὶ
3130 2282 3223 2336 τὸν
3271 2283 3493 2352 Πατέρα
3532 2284 3717 2354 ψυχὴν

2111 2376 2257 2447 ἔχειν
2303 2376 2565 2449 λέξομεν;
2602 2377 2753 2445 Ὀρθ.
2801 2374 3027 2448 Πρῶτον
3094 2375 3123 2428 ὂ
3185 2376 3513 2446 παρῆγαγες
3549 2375 3715 2446 ῥητὸν

2109 2466 2210 2519 οὐκ
2238 2466 2486 2538 ἐνόησας.
2519 2467 2595 2519 Οὐ
2627 2466 2738 2535 γὰρ
2792 2463 2939 2535 ἔχεις
2973 2464 3179 2530 δεῖξαι,
3217 2465 3298 2517 ὅτι
3336 2465 3531 2535 Πατήρ
3561 2467 3714 2518 ἐστιν

2108 2558 2139 2611 6
2168 2557 2362 2627 λέγων.
2395 2557 2619 2611 Μακεδ.
2662 2556 2823 2609 Ἀλλὰ
2868 2556 3013 2621 τίνος
3065 2558 3216 2609 ἐστὶν
3249 2557 3281 2626 ἠ
3329 2558 3521 2627 (pravi);
3561 2559 3710 2625 Ὁρθ.

2108 2650 2216 2704 Τοῦ
2244 2649 2371 2704 Υἱοῦ
2402 2648 2497 2703 τοῦ
2528 2648 2663 2703 Θεοῦ
2705 2648 2798 2701 τοῦ
2830 2648 3147 2721 εἰρηκότος·
3187 2667 3205 2700 ι
3239 2649 3425 2717 Ἔγνω
3457 2647 3589 2718 βοῦς
3615 2650 3711 2704 τὸν

2109 2745 2453 2815 κτησάμενον
2483 2743 2667 2808 αὐτὸν,
2703 2742 2799 2795 καὶ
2827 2741 2947 2805 δνος
2988 2740 3086 2812 τὴν
3128 2741 3337 2814 φάτνην
3369 2741 3465 2795 τοῦ
3512 2742 3709 2816 κυρίη

2106 2834 2299 2889 αὐτοῦ·
2341 2835 2556 2907 Ἰσραὴλ
2591 2834 2649 2888 δέ
2685 2851 2753 2903 με
2789 2834 2891 2886 οὐκ
2924 2832 3087 2902 ἔγνω,
3134 2833 3229 2887 καὶ
3261 2835 3288 2887 6
3318 2833 3449 2897 λαός
3495 2850 3599 2904 μου
3642 2835 3706 2887 οὐ

2110 2927 2330 2997 συνῆκε.
2355 2946 2373 2977 ι
2409 2925 2633 2981 Μακεδ.
2681 2918 2852 2990 Οὗτος
2897 2919 2990 2977 οὖν
3042 2927 3190 2978 ἐστιν
3219 2927 3248 2978 6
3285 2925 3497 2994 λέγων·
3543 2944 3564 2977 ι
3593 2925 3708 2990 Τὰς

2106 3020 2395 3092 νεομηνίας
2474 3017 2628 3090 ὑμῶν
2687 3018 2782 3073 καὶ
2830 3018 2902 3071 τὰ
2949 3017 3202 3071 Σάϐϐατα
3270 3020 3418 3088 μισεῖ
3467 3019 3501 3088 ἡ
3557 3018 3718 3092 ψυχή·

421 3096 477 3143 et
505 3086 746 3144 Sabhata
784 3092 902 3145 odit
930 3092 1114 3147 anima
1152 3096 1307 3149 mea?
1330 3114 1349 3148 ι
1374 3093 1529 3151 Orth.
1568 3094 1714 3154 Sane
1758 3100 2000 3170 quidem.

422 3176 560 3202 ηιμ,
601 3179 742 3202 ηε..
782 3181 889 3202 με,
927 3196 979 3202 ,,
1302 3185 1314 3202 ρ
1373 3201 1382 3202 ,
1537 3196 1548 3202 -
1737 3198 1748 3202 -
1848 3198 1858 3202 -
1910 3192 1931 3202 -

2112 3086 2297 3183 μους.»
2341 3086 2523 3180 Ὀρθί
2554 3112 2666 3164 Καὶ
2723 3112 2885 3165 πάνυ.
2934 3111 3068 3163 Τότε
3098 3110 3206 3181 γὰρ
3245 3086 3387 3163 αὐτὰ

422 3176 563 3233 Tum
597 3179 745 3235 enim
778 3181 894 3235 odit
922 3196 1008 3245 ea,
1050 3185 1271 3253 quando
1300 3185 1624 3245 incarnatus
1671 3198 1777 3254 est,
1810 3198 1866 3246 et
1905 3192 2007 3247 fae-

421 3271 528 3326 dus
560 3285 764 3326 novum
803 3272 1059 3330 instituit.
1093 3274 1299 3332 Maced.
1338 3278 1500 3349 Atqui
1522 3281 1761 3337 animam
1791 3282 2004 3349 habuit,

419 3376 549 3417 cum
577 3362 732 3419 Isaiae
759 3364 909 3422 visus
930 3366 1053 3421 est?
1078 3367 1232 3424 Orlh.
1262 3370 1733 3437 Quemadmodum
1755 3392 1859 3431 nec
1888 3392 2006 3432 ma-

420 3470 546 3520 nus,
576 3471 678 3513 nec
707 3456 874 3530 pedes
902 3473 1220 3530 corporeos,
1257 3478 1431 3534 neque
1471 3466 1637 3521 etiam
1678 3469 2006 3525 vestimenta

418 3560 693 3618 corporea.
715 3549 924 3618 habuit,
944 3561 1071 3607 ante
1098 3553 1547 3621 incarnationem,
1577 3560 1800 3630 quando
1822 3561 2002 3626 dixit,

423 3656 443 3690 ι
472 3635 757 3695 Foderunt
777 3658 974 3699 manus
1006 3659 1156 3699 meas
1188 3655 1242 3699 et
1273 3646 1439 3716 pedes
1488 3663 1639 3704 meos
1674 3668 1688 3704 :
1736 3659 1791 3705 et
1835 3666 2004 3722 super

417 3737 631 3786 vestem
648 3748 823 3789 meam
853 3735 1124 3790 miserunt
1156 3740 1437 3804 sortem”,
1464 3760 1482 3793 ι
1523 3743 1619 3797 sed
1656 3759 1779 3811 qua:
1817 3744 2003 3799 futura

413 3827 572 3873 erant
599 3824 973 3890 pronuntiavit
1008 3844 1023 3880 :
1060 3827 1141 3882 sic
1186 3828 1329 3883 etde
1370 3832 1551 3885 anima
1575 3833 1808 3903 loquens
1824 3834 1994 3891 dixit:

419 3908 587 3966 «Odit
605 3914 787 3967 anima
806 3930 945 3971 mea.
978 3937 997 3969 ι
1024 3916 1232 3975 Maced.
1269 3918 1351 3975 Sit
1384 3937 1517 3979 sane
1550 3923 1670 3979 Filii
1698 3942 1800 3981 vox
1834 3927 1951 3982 haec
1981 3947 2004 3986 :.

413 4003 667 4074 nunquid
695 4014 750 4060 et
786 4016 898 4061 tum
945 4006 1116 4066 Filius
1146 4012 1412 4083 loquitur,
1448 4030 1572 4069 cum
1603 4015 1738 4070 dicit
1771 4036 1783 4072 :
1824 4018 1998 4074 «Ecce

413 4109 551 4163 puer
595 4110 752 4154 meus
804 4099 1060 4169 dilectus,
1098 4103 1153 4159 in
1212 4121 1372 4174 quem
1430 4109 1763 4177 complacuit
1812 4114 2006 4170 anima.

413 4199 557 4246 mea,
593 4201 793 4256 ponam
820 4187 1085 4259 Spiritum
1113 4210 1296 4249 meum
1332 4212 1497 4265 super
1529 4198 1744 4251 eum"?
1772 4218 1791 4252 ι
1837 4198 1993 4255 Orth.

410 4276 629 4334 Patrem
651 4280 767 4346 hic,
790 4298 901 4336 non
935 4283 1155 4351 Filium,
1192 4288 1341 4359 loqui
1384 4290 1441 4344 in
1471 4289 1729 4347 confesso
1758 4300 1843 4347 est
1875 4312 1887 4347 :
1915 4303 1995 4348 at-

412 4379 594 4426 tamen
628 4389 739 4428 non
778 4377 925 4445 quod
961 4379 1200 4434 animam
1248 4382 1450 4437 habeat
1487 4384 1569 4439 sic
1609 4385 1853 4454 loquitur
1894 4385 1996 4441 Pa-

2108 3207 2198 3259 ὃτε
2228 3203 2635 3276 ὲνηνθρώπησε,
2667 3204 2761 3257 καὶ
2788 3204 2887 3274 τὴν
2924 3201 3131 3275 Καινὴν
3158 3202 3438 3274 Διαθήκην
3474 3202 3703 3256 διέθετο.

2108 3295 2332 3352 Μακεδ.
2367 3296 2478 3349 Καὶ
2494 3293 2605 3366 εἶχε
2628 3294 2827 3366 ψυχὴν,
2855 3297 2946 3349 ὅτε
2980 3294 3138 3366 ὤφθη
3157 3293 3234 3363 τῷ
3270 3296 3505 3366 Ἠσαῖᾳ;
3547 3296 3703 3365 Ὄρθ.

2109 3389 2317 3460 ’Ὠσπερ
2350 3389 2452 3441 οὐκ
2484 3386 2600 3459 εἶχε
2632 3390 2824 3460 χεῖρας
2854 3387 2951 3441 καὶ
2978 3386 3146 3449 πόδας
3181 3388 3551 3457 σωματικοὺς,
3578 3386 3706 3439 οὔτε

2107 3482 2213 3553 μὴν
2248 3483 2438 3554 ἱμάτια
2484 3481 2773 3552 σωματικὰ
2812 3480 2923 3553 πρὸ
2954 3479 3062 3551 τῆς
3093 3480 3581 3551 ὲνανθρωπήσεως,
3612 3480 3705 3533 ὅτε

2104 3575 2327 3644 ἔλεγεν,
2364 3593 2383 3626 r
2415 3573 2656 3644 Ὠρυξαν
2702 3572 2893 3645 χεῖράς
2942 3589 3046 3642 μου
3096 3571 3191 3624 καὶ
3238 3571 3406 3634 πόδας
3444 3588 3571 3641 μου,
3606 3572 3704 3624 καὶ

2102 3669 2198 3722 ἐπὶ
2245 3667 2336 3721 τὸν
2375 3665 2667 3738 ἱματισμόν
2709 3681 2813 3734 μου
2858 3663 3052 3717 ἔϐαλον
3084 3663 3342 3734 κλήρους,
3371 3682 3389 3714 ι
3448 3662 3586 3716 ἀλλὰ
3631 3663 3703 3716 τὰ

2105 3757 2364 3829 μέλλοντα
2392 3755 2639 3826 γίνεσθαι
2671 3753 2858 3822 ἔλεγεν
2878 3770 2891 3784 °
2929 3751 3073 3805 οὕτω
3106 3751 3200 3805 καὶ
3230 3750 3361 3822 περὶ
3400 3749 3585 3821 ψυχῆς
3610 3748 3701 3803 λέ-

2100 3867 2212 3919 γων
2253 3846 2406 3903 εἴπεο
2444 3867 2464 3902 ι
2495 3850 2723 3920 Μισεῖή
2773 3848 2920 3920 ψυχή
2974 3865 3099 3919 μου.
3129 3866 3152 3900 ι
3202 3845 3431 3900 Mam-:6.
3481 3847 3697 3917 Δῶμεν,

2099 3941 2247 4012 ὅτιή
2297 3940 2450 4012 φωνὴ
2495 3940 2590 3994 τοῦ
2643 3937 2773 3993 Ὶὶοὖ
2824 3941 2974 3992 ἐστι’
3029 3938 3105 4010 μὴ
3168 3938 3264 3991 καὶ
3326 3938 3416 3990 ὅτε
3472 3936 3697 4005 ἔλεγεν,

2105 4051 2124 4085 ι
2166 4033 2295 4086 Ἰδοὺ
2325 4035 2353 4086 6
2389 4034 2531 4097 Παῖς
2580 4050 2682 4104 μου
2723 4034 2751 4086 6
2793 4031 3076 4102 ἀγαπητός
3113 4047 3212 4101 μου
3236 4072 3251 4094 ,
3301 4031 3380 4094 εἰς
3428 4029 3488 4082 ὃν
3536 4030 3698 4101 ηὐδό-

2099 4143 2266 4196 κησεν
2297 4127 2331 4197 ή
2372 4124 2516 4198 ψυχή
2563 4142 2693 4197 μου·
2732 4123 2887 4196 θήσω
2921 4124 2986 4177 τὸ
3036 4110 3280 4193 Πνεῦμα
3319 4140 3422 4191 μου
3465 4122 3553 4175 ἐπ’
3600 4123 3701 4177 αὖ·

2096 4217 2250 4280 τὸν,›
2299 4218 2327 4269 6
2376 4216 2503 4280 Υἱός
2554 4218 2700 4269 ἐστιν
2744 4218 2773 4270 ὁ
2805 4216 3011 4285 λέγων;
3076 4215 3232 4282 Ὀρθ.
3298 4213 3410 4266 Οὐκ
3461 4212 3611 4265 ἔστιν
3669 4216 3698 4267 6

2099 4307 2227 4370 Υἱὸς
2255 4309 2282 4360 6
2319 4306 2513 4376 λέγων,
2539 4307 2653 4360 ἀλλ’
2678 4306 3130 4379 ὁμολογουμένως
3157 4308 3185 4359 6
3214 4306 3428 4376 Πατήρ.
3468 4306 3547 4359 Οὐ
3587 4306 3697 4377 μὴν

2098 4399 2173 4463 ὡς
2215 4399 2379 4464 αὐτὸς
2422 4400 2600 4471 ψυχὴν
2644 4399 2784 4471 ἔχων
2834 4398 3011 4453 ταῦτα
3059 4397 3241 4451 λαλεῖ·
3321 4396 3463 4450 ἀλλὰ
3510 4400 3697 4452 πᾶσαν

411 4467 517 4524 ter,
548 4462 646 4516 sed
685 4464 957 4534 cujusque
998 4469 1176 4523 sancti
1221 4472 1482 4537 animam,
1538 4489 1695 4528 suam
1753 4475 1993 4529 animam

2104 4490 2275 4563 ψυχὴν
2323 4462 2728 4560 animisni};
2782 4490 2961 4562 ψυχὴν
3013 4489 3181 4558 λέγει.
3213 4490 3372 4552 Ἧτις
3409 4485 3507 4543 οὖν
3546 4490 3695 4561 ψυχὴ

409 4550 567 4605 dicit.
601 4552 951 4626 Quaecunque
1000 4559 1169 4630 igitur
1204 4564 1386 4617 anima
1436 4564 1539 4619 sibi
1592 4567 1993 4636 complacuerit

407 4641 466 4697 in
490 4639 649 4706 Filio,
699 4644 825 4710 ista,
872 4647 1070 4718 inquit,
1120 4659 1203 4706 est
1244 4654 1427 4708 anima
1475 4671 1617 4711 mea.
1665 4655 1880 4711 Etenim
1933 4667 1994 4712 ut

409 4733 572 4789 homo
598 4734 807 4804 justus,
845 4736 939 4793 Dei
974 4740 1139 4796 homo
1183 4743 1426 4800 dicitur:
1483 4747 1558 4801 ita
1595 4749 1777 4803 anima
1815 4750 1990 4819 justa,

409 4825 504 4881 Dei
536 4828 720 4882 anima
766 4840 1116 4900 nuncupatur
1163 4843 1217 4890 et
1262 4845 1366 4891 est.
1410 4836 1620 4893 Maced.
1653 4839 1795 4906 Quid
1828 4843 1995 4913 igitur

402 4928 489 4975 est
513 4921 959 4992 bencplacitum?
982 4925 1136 4980 Orth.
1169 4927 1408 4985 Verbum
1456 4934 1799 5003 complacuit,
1861 4951 1992 5006 pro-

404 5013 571 5082 pheta
652 5014 823 5073 lsaias
871 5018 1265 5091 interpretatur
1318 5027 1566 5093 suscepit,
1605 5027 1696 5082 ubi
1752 5029 1984 5085 scribit:

407 5122 427 5154 ε
457 5102 628 5159 Jacob
658 5123 851 5164 servus
893 5127 1071 5176 meus,
1119 5115 1417 5185 suscipiam
1462 5133 1586 5172 eum
1624 5137 1636 5172 :
1669 5119 1838 5175 Israel
1870 5122 1985 5175 ele—

401 5203 524 5250 ctus
547 5212 724 5264 meus,
756 5217 918 5270 quem
949 5204 1186 5276 benigne
1213 5208 1457 5278 suscepit
1487 5211 1671 5264 anima
1701 5227 1842 5267 mea.
1882 5212 1987 5268 Po-

400 5286 484 5340 sui
520 5287 788 5359 Spiritum
820 5309 1002 5350 meum
1029 5312 1196 5368 super
1220 5315 1369 5355 eum.
1401 5321 1420 5352 ›
1441 5300 1793 5375 Quzecunque
1817 5307 1985 5377 igitur

399 5376 583 5433 anima
617 5380 785 5446 hunc,
814 5400 977 5455 quem
1018 5389 1270 5453 ostendo,
1310 5406 1530 5447 servum
1573 5410 1751 5449 meum
1791 5376 1984 5453 susce-

398 5466 501 5537 pit,
523 5484 588 5527 ea
622 5479 708 5527 est
735 5489 854 5530 mea
887 5477 1086 5533 anima.
1131 5478 1339 5535 Maced.
1375 5481 1487 5541 Nos
1532 5484 1831 5560 improprie
1877 5487 1983 5544 Pa-

470 5627 516 5716 ‘_‘
555 5627 747 5716 ξιξιειλ-
790 5635 987 5716 n_._t_5.
1068 5637 1112 5668 ιι
1150 5637 1284 5716 ibid.
1320 5642 1409 5699 eo.
1490 5644 1533 5676 η
1570 5642 1729 5702 Joan.
1770 5664 1834 5716 κ,
1878 5648 1965 5705 η.

406 5709 532 5761 xu,
571 5698 758 5755 17-19.
838 5704 884 5735 ὀ
924 5706 1033 5761 lsa.
1072 5723 1216 5776 xui,
1255 5713 1303 5765 l.

2075 5651 2118 5684 ‘°
2158 5651 2289 5710 ibid.
2334 5653 2417 5710 i8.

2099 4584 2178 4646 εἰς
2228 4582 2318 4635 τὸν
2347 4583 2475 4635 Υἱὸν
2529 4583 2819 4652 ηὑδόκησε,
2866 4582 3007 4655 αὕτη
3058 4599 3182 4654 μου,
3232 4581 3419 4651 φησὶν,
3474 4581 3626 4635 ἔστιν
3658 4585 3694 4653 ἠ

2098 4671 2271 4743 ψυχή.
2302 4673 2388 4736 Ὠς
2420 4673 2528 4743 γὰρ
2554 4676 2581 4728 ὁ
2613 4672 2818 4737 δίκαιος
2833 4673 3138 4744 ἄνθρωπος,
3171 4670 3262 4725 τοῦ
3296 4669 3435 4724 Θεοῦ
3470 4671 3694 4739 λέγεται

2100 4763 2402 4834 ἄνθρωπος’
2430 4764 2572 4817 οὕτω
2600 4765 2695 4818 καὶ
2726 4766 2759 4836 ή
2789 4765 2973 4818 δικαία
3003 4763 3149 4834 ψυχὴ
3172 4761 3265 4816 τοῦ
3293 4761 3431 4816 Θεοῦ
3466 4762 3691 4832 λέγεται

2100 4855 2195 4907 καὶ
2221 4853 2335 4907 ἔστι
2374 4855 2542 4926 ψυχή.
2578 4856 2799 4911 Μακεδ.
2831 4856 2896 4909 Τί
2935 4852 3026 4910 οὖν
3060 4858 3208 4909 ἐστιν
3249 4854 3499 4919 εὐδοκία;
3536 4855 3686 4923 Ὀρθ.

2110 4944 2169 4996 '0
2192 4946 2477 5017 προφήτης
2512 4946 2738 5009 Ἡσαΐας
2767 4947 2827 5000 τὸ
2859 4947 3194 5016 ηὐδόκησε,
3240 4946 3679 5015 προσεδέξατο,

2102 5029 2246 5101 εἷπε,
2286 5036 2486 5105 λέγων·
2533 5057 2552 5089 ί
2595 5037 2791 5092 Ἰακὼϐ
2819 5041 2847 5093 6
2872 5042 3002 5105 παῖς
3026 5058 3151 5111 μου,
3175 5041 3547 5112 ἀντιλήψομαι
3584 5042 3686 5094 αὐ-

2093 5128 2219 5182 τοῦ’
2260 5119 2477 5201 Ἰσραὴλ
2504 5133 2531 5184 6
2576 5131 2832 5196 ἐκλεκτός
2883 5151 3006 5204 μου,
3056 5134 3421 5207 προσεδέξατο
3451 5134 3617 5188 αὐτὸν
3647 5133 3685 5204 ἡ

2092 5219 2238 5291 ψυχή
2271 5238 2393 5292 μου·
2420 5221 2597 5276 ἔδωκα
2630 5223 2688 5277 τὸ
2724 5223 2951 5295 Πνεῦμά
2995 5242 3096 5294 μου
3129 5226 3216 5277 ἐπ’
3243 5225 3428 5278 αὐτόν.
3456 5244 3476 5278 ι
3520 5226 3681 5288 Ἤτις

2091 5308 2183 5365 οὖν
2211 5312 2356 5386 ψυχή
2387 5317 2593 5383 τοῦτον,
2616 5318 2675 5373 ὃν
2701 5318 2948 5390 δείκνυμι
2978 5321 3105 5390 ὑμῖν
3148 5320 3314 5374 παῖδά
3344 5339 3469 5392 μου,
3512 5337 3679 5393 προσ-

2092 5403 2327 5470 εδέξατο,
2364 5408 2499 5480 αὕτη
2535 5428 2634 5481 μου
2671 5413 2790 5464 ἐστὶ
2823 5411 2990 5483 ψυχή.
3018 5412 3244 5466 Μακεὸ.
3277 5414 3470 5483 Ἡμεῖς
3512 5426 3677 5466 zam-

2093 5497 2407 5567 χρηστικῶς
2450 5498 2541 5553 τὸν
2577 5502 2796 5572 Πατέρα
2838 5502 3069 5573 λέγομεν
3099 5503 3381 5575 εἰρηκέναι
3412 5503 3514 5573 τὴν
3562 5519 3672 5575 (εω-

2520 5655 2561 5687 "
2602 5654 2701 5712 lsa.
2743 5674 2793 5722 ι,
2830 5656 2916 5735 l5.
2998 5658 3041 5691 "
3081 5656 3214 5712 ibid.
3249 5657 3305 5715 3.
3418 5656 3485 5720 ,¹⁹
3520 5654 3662 5715 Ρωι.
