3842 6186
172 337 310 395 1333

1257 319 1534 380 CONTRA
1576 317 1927 376 MACEDON.
1973 313 2319 373 DIALOGUS
2357 312 2421 368 ll.

3293 296 3427 353 1534

164 452 288 522 νήν.
332 447 470 502 υΰτε
516 446 624 518 γὰρ
670 442 846 514 ψυχὴν
893 440 1030 512 ἔχων
1076 441 1108 492 ὅ
1147 428 1566 511 Πατὴρλέγει·
1611 454 1628 486 ι
1660 435 1754 496 Εἰς

1870 443 1997 490 trem
2023 433 2126 488 ista
2161 432 2404 486 locutum
2438 425 2611 481 fuisse
2628 424 2881 480 dicimus.
2913 421 3096 490 Neque
3113 416 3260 474 enim
3281 400 3428 484 quod

162 541 226 597 ὃν
270 535 569 613 ηὐδόκησεν
600 541 632 609 ή
667 537 812 606 ψυχή
849 551 947 605 μου
968 551 981 564 ·
1006 553 1023 584 ι
1065 530 1213 593 οὒτε,
1255 531 1330 594 ὡς
1365 531 1429 583 σὺ
1464 528 1746 596 νενόηκας,

167 634 301 704 περὶ
331 633 430 703 τῆς
470 629 579 682 τῶν
621 625 921 696 ἀνθρώπων
947 622 1123 693 ψυχῆς
1156 620 1322 689 λέγει.
1363 621 1506 686 Ὁρθ.
1539 617 1748 686 Δῶμεν,

165 725 252 778 ὅτι
295 717 746 792 καταχρηστικῶς
800 715 1015 787 εἴρηται
1063 713 1190 784 περὶ
1220 711 1314 765 τοῦ
1357 711 1597 781 Πατρός’
1643 703 1752 778 ἆρα

167 816 267 868 καὶ
299 815 426 885 περὶ
453 812 546 865 τοῦ
580 809 709 862 Υἱοῦ
753 806 1206 877 καταχρηστικῶς
1245 803 1491 874 εἴρηταις
1528 799 1750 856 Μακεδ.

169 906 299 961 Ναί.
341 905 495 971 Ὀρθ.
535 901 659 953 Ἐὰν
717 895 810 952 οὖν
843 898 938 951 καὶ
1003 896 1288 968 ἄνθρωπος
1318 895 1541 966 λέγηται
1575 895 1603 946 ὁ
1644 893 1756 946 Πα-

168 1000 298 1072 τὴρ,
339 994 792 1068 καταχρηστικῶς
823 992 1038 1064 εἴρηται
1061 1009 1074 1022 ο
1109 991 1204 1044 καὶ
1250 992 1298 1042 εἰ
1333 991 1461 1060 περὶ
1499 987 1595 1040 τοῦ
1637 987 1753 1039 Πα-

167 1094 318 1164 τρὸς,
357 1088 466 1162 ἆρα
519 1088 612 1141 καὶ
659 1088 749 1140 τὸν
790 1086 915 1138 Υἱὸν
967 1081 1421 1153 καταχρηστικῶς
1468 1079 1752 1150 ἄνθρωπον

168 1183 427 1255 λέξομεν;
472 1180 690 1236 Μακεδ.
738 1178 848 1232 Ποῦ
886 1178 1196 1247 γέγραπται
1241 1170 1697 1243 καταχρηστικῶς
1729 1171 1757 1222 ὁ

171 1277 365 1347 Πατὴρ
437 1273 755 1344 ἀνθρωπος;
830 1272 985 1338 Ὀρθ.
1060 1268 1231 1330 Αὐτὸς
1281 1269 1310 1319 ὁ
1348 1265 1475 1326 Υἱὸς
1529 1264 1586 1316 ὲν
1644 1265 1756 1326 τοῖς

169 1365 526 1436 Εὐαγγελίοις
571 1365 720 1433 λέγει
767 1362 928 1416 αὐτὸν
981 1360 1284 1431 ἄνθρωπον.
1331 1358 1550 1413 Μακεδ.
1602 1357 1758 1410 Ἀνά-

170 1459 345 1530 γνωθι
387 1477 477 1531 μοι
516 1457 615 1511 ποῦ
651 1457 813 1510 αὐτὸν
853 1455 999 1524 λέγει
1043 1453 1352 1525 ἄνθρωπον.
1394 1453 1550 1520 Ὀρθ.
1590 1452 1758 1504 Ὅταν

169 1553 330 1623 λέγῃ,
368 1570 388 1602 ι
421 1548 739 1621 Ἀνθρωπός
771 1564 853 1610 τις
905 1545 1129 1616 ἐποίησε
1166 1546 1377 1615 γάμους
1411 1543 1489 1613 τῷ
1529 1541 1628 1613 υἱῷ
1665 1543 1760 1594 αὐ-

169 1644 292 1708 τοῦ,
315 1663 334 1695 ›
367 1642 515 1696 ποῖον
543 1641 688 1709 λέγει
721 1640 1039 1710 ἀνθρωπον;
1074 1637 1187 1691 Καὶ
1216 1637 1342 1689 ὃταν
1371 1635 1503 1706 λέγῃ
1524 1652 1536 1664 ·
1580 1651 1599 1685 ι
1633 1634 1759 1686 Ἀν-

172 1733 397 1806 θρωπός
424 1751 508 1796 τις
536 1732 834 1802 ἐφύτευσεν
868 1729 1188 1800 ἀμπελῶνα,
1229 1729 1323 1781 καὶ
1355 1726 1563 1793 ἐξέδοτο
1599 1725 1760 1779 αὐτὸν

1855 526 2092 580 animam
2154 521 2372 583 habeat,
2421 517 2592 572 dicit:
2633 535 2651 565 ι
2680 513 2742 568 In
2784 527 2893 583 quo
2938 511 3045 566 sibi
3103 502 3432 576 complacuit

1855 616 2034 670 anima
2065 630 2224 670 mea:
2261 631 2281 664 ›
2307 626 2485 680 neque
2517 609 2584 664 de
2627 607 2808 661 anima
2850 604 3132 659 hominum
3167 597 3429 666 loquitur,

1855 719 1994 766 uttu
2047 709 2266 779 quidem
2312 705 2615 760 existimas.
2656 698 2810 756 Orth.
2851 694 3150 767 lmproprie
3193 691 3433 744 animam

1854 802 2004 858 Patri
2040 799 2205 854 tribui
2251 795 2643 855 concedamus,
2677 789 2924 860 nunquid
2953 796 3008 842 et
3035 787 3102 841 de
3141 783 3280 838 Filio
3326 781 3432 834 im-

1856 892 2117 966 proprie?
2146 887 2356 943 Maced.
2381 886 2580 939 Etiam.
2614 881 2768 937 Orth.
2802 879 2942 946 Quid
2967 878 3011 933 si
3048 884 3229 931 autem
3271 871 3433 927 Pater

1856 989 2020 1042 homo
2042 984 2280 1047 dicatur,
2315 987 2370 1035 et
2393 979 2438 1035 si
2469 977 2766 1046 imprOpr-ie
2786 973 2948 1027 Pater
2976 971 3201 1032 dicitur,
3221 981 3349 1021 num
3380 971 3434 1018 et

1856 1075 2028 1130 Filius
2051 1071 2351 1142 improprie
2393 1070 2558 1122 homo
2606 1063 2862 1119 dicetur?
2889 1060 3097 1114 Maced.
3137 1057 3245 1114 Ubi
3295 1054 3434 1110 scri-

1858 1180 2008 1238 ptum
2034 1174 2119 1219 est
2152 1161 2372 1216 Patrem
2416 1157 2716 1227 improprie
2757 1169 2880 1208 esse
2927 1148 3234 1206 hominem?
3277 1145 3434 1202 Orth.

1858 1256 2023 1328 490
2043 1253 2214 1307 Filius
2237 1253 2353 1321 ipse
2385 1250 2440 1303 in
2477 1244 2792 1315 Evangeliis
2827 1243 3106 1296 hominem
3131 1240 3312 1309 ipsum
3346 1252 3438 1291 vo-

1858 1353 1968 1401 cat.
1993 1341 2201 1397 Maced.
2244 1341 2450 1396 Locum
2494 1339 2631 1406 lege,
2665 1349 2774 1404 quo
2807 1333 2984 1403 ipsum
3029 1330 3302 1384 hominem
3345 1343 3439 1380 vo-

1859 1445 1967 1495 cat.
2003 1437 2154 1494 Orth.
2178 1434 2412 1502 Quando
2465 1431 2620 1495 dicit,
2659 1446 2678 1479 ‹
2718 1426 2894 1481 Homo
2923 1423 3142 1495 quidam
3171 1421 3302 1476 fecit
3331 1436 3438 1475 nu-

1861 1533 2003 1604 ptias
2033 1529 2142 1583 filio
2173 1527 2343 1590 suo“,
2375 1543 2392 1575 ι
2415 1522 2632 1593 qualem
2669 1518 2945 1574 hominem
2973 1513 3141 1569 dicit?
3174 1512 3240 1566 Et
3263 1525 3440 1582 quan.-

1859 1626 1931 1680 do
1988 1624 2140 1689 dicit,
2175 1638 2194 1670 ι
2225 1619 2400 1674 Homo
2423 1615 2650 1686 quidam
2685 1613 2953 1684 plantavit
2991 1610 3228 1670 vineam,
3261 1613 3318 1660 et
3358 1605 3441 1657 ιυρ-

1861 1719 2005 1772 cavit
2021 1731 2140 1770 eam
2161 1711 2488 1784 agricolis“,
2522 1728 2540 1760 ›
2574 1706 2788 1778 qualem
2829 1702 3088 1770 intelligis
3120 1696 3443 1754 hominem?

173 1790 442 1898 γεωργοῖς
461 1867 475 1891 ,
514 1845 532 1878 ι
579 1790 742 1880 ’ποῖον
804 1790 942 1888 νοεῖς
1013 1790 1338 1894 ἀνθρωπον;
1397 1790 1620 1873 Μακεδ.
1673 1818 1761 1870 Ἐν

1870 1805 2072 1861 Maced.
2117 1806 2177 1860 In
2222 1801 2486 1874 parabola
2517 1798 2764 1853 Patrem.
2796 1793 2948 1850 Orth.
2993 1792 3206 1862 Ergone
3252 1790 3439 1860 igitur,

176 1919 465 1991 παραϐολῇ
499 1918 592 1971 τὸν
630 1917 881 1988 Πατέρα.
946 1916 1102 1983 Ὀρθ.
1159 1909 1309 1985 Ἀρα
1337 1906 1452 1976 οὖν,
1485 1909 1671 1981 ἐπειδὴ
1702 1910 1759 1964 ὲν

175 2013 516 2085 παραϐολαῖς
570 2011 660 2064 τὸν
711 2010 934 2081 Πατέρα
990 2009 1139 2077 λέγει
1193 2007 1501 2079 ἄνθρωπον,
1556 2003 1651 2057 καὶ
1704 2004 1761 2056 έν

173 2107 320 2177 αὐτῇ
366 2107 431 2175 τῇ
484 2102 766 2175 παραϐολῇ
819 2103 915 2156 καὶ
958 2101 1149 2155 ἑαυτὸν
1199 2098 1434 2170 Χριστὸν
1480 2095 1762 2165 ἄνθρωπον

177 2193 326 2266 μετά
371 2194 496 2257 τοὺς
528 2192 750 2256 δούλους
783 2190 1214 2262 ἀπεσταλμένον,
1265 2189 1511 2258 εἴποιμεν
1561 2187 1626 2240 ἂν
1670 2187 1766 2238 καὶ

176 2285 345 2338 αὑτὸν
392 2284 483 2337 τὸν
541 2284 669 2337 Υἱὺν
721 2280 1177 2354 καταχρηστικῶς
1246 2278 1763 2350 ὲνηνθρωπηκέναι;

175 2374 405 2428 Μακεδ.
457 2374 549 2445 Μὴ
601 2373 843 2442 γένοιτοι
915 2373 1097 2440 Ὀρθ.ν
1149 2372 1275 2424 Ἐὰν
1335 2370 1392 2423 δὲ
1441 2367 1766 2438 ἀκούσωμεν

177 2467 476 2538 πρόσωπον
501 2466 730 2539 Πατρὺς,
756 2465 784 2519 ὃ
819 2465 1106 2535 βλέπουσιν
1131 2463 1350 2532 ἄγγελοι
1377 2461 1486 2516 τῶν
1519 2461 1766 2526 παιδίων,

177 2561 262 2624 ὡς
311 2562 370 2613 έν
401 2559 756 2628 Εὐαγγελίοις
802 2558 1146 2630 γέγραπταιο
1199 2556 1520 2626 ἀκούσωμεν
1561 2554 1619 2607 δὲ
1675 2555 1769 2608 καὶ

182 2652 484 2707 πρόσωπον
522 2651 673 2714 Υἱοῦ,
721 2650 749 2704 ὃ
782 2650 1020 2720 ἔλαμψεν
1061 2651 1120 2702 ὲν
1169 2647 1246 2721 τῷ
1289 2648 1432 2718 ὄρει,
1465 2647 1570 2702 καὶ
1604 2646 1770 2718 ἐρρά-

181 2764 346 2801 πισεν
379 2749 407 2799 ό
435 2747 748 2818 ὑπηρέτηςο
779 2744 953 2808 οὕτως
1000 2741 1303 2813 ἀκούσομεν
1349 2741 1458 2795 τῶν
1506 2756 1771 2812 σημαινο-

186 2836 465 2908 μένωνςῆ
502 2836 564 2890 τὸ
598 2836 697 2906 μὲν
743 2834 991 2906 σώματος
1042 2832 1364 2903 πρόσωπον,
1397 2831 1459 2884 τὸ
1495 2830 1553 2883 δὲ
1596 2845 1770 2882 κατα-

182 2927 500 3002 χρηστικῶς
519 2929 855 3000 ὀνομάσομεν
878 2926 1188 2997 πρόσωπον,
1215 2925 1243 2978 ὅ
1270 2926 1417 2977 ἐστιν
1438 2922 1735 2986 ὑπόστασις
1754 2937 1770 2988 ;

184 3015 412 3071 Μακεδ.
449 3014 924 3087 Ὁμολογουμένως
952 3013 1127 3078 ἄλλως
1157 3014 1248 3066 ἐπὶ
1279 3013 1374 3066 τοῦ
1405 3013 1641 3084 Πατρὸς,
1678 3013 1772 3065 καὶ

186 3108 366 3171 ἄλλως
412 3109 503 3161 ἐπὶ
536 3107 628 3160 τοῦ
663 3105 817 3164 Υἰοῢ.
861 3107 1014 3173 Ὄρθ.
1061 3105 1174 3158 Οὐκ
1224 3104 1352 3176 ἄρα,
1387 3105 1481 3158 καὶ
1527 3107 1575 3158 εἰ
1642 3104 1771 3177 περὶ

186 3198 287 3252 τοῦ
325 3199 536 3269 Πατρὸς
576 3196 1029 3269 καταχρηστικῶς
1082 3197 1294 3268 εἴρηται
1343 3196 1524 3267 ψυχὴ,
1556 3195 1772 3260 πάντως

189 3290 288 3344 καὶ
323 3291 448 3360 περὶ
489 3289 584 3343 τοῦ
633 3289 794 3343 Υἰοῦο
839 3289 1156 3359 Μανιχαίων
1188 3289 1297 3361 γὰρ
1327 3289 1468 3361 αὕτη
1499 3291 1532 3359 ή
1576 3289 1769 3361 μανία,

190 3381 255 3435 τὸ
286 3379 461 3448 λέγειν
494 3379 568 3451 μὴ
619 3379 1101 3452 ὲνηνθρωπηκέναι
1152 3377 1244 3431 τὸν
1298 3379 1429 3431 Υξὸν
1472 3377 1564 3430 τοῦ
1615 3376 1774 3430 Θεοῦ.

190 3472 418 3528 Μακεδ.
457 3471 964 3544 Ἐνηνθρωπηκέναι
1003 3470 1263 3541 λέγομενο
1298 3469 1410 3523 ἀλλ’
1439 3471 1560 3541 οὐχὶ
1596 3470 1775 3544 ψυχὴν

194 3563 495 3636 εἰληφέναι.
537 3566 688 3631 Ὀρθ.
739 3563 830 3635 Μὴ
870 3561 996 3632 λέγε
1057 3562 1538 3634 ὲνηνθρῳπηκέναι
1594 3564 1772 3635 μόνον,

194 3657 340 3714 ἀλλά-
375 3657 470 3711 καὶ
502 3656 892 3729 σεσαρκῶσθαι.
931 3657 995 3710 Εἰ
1028 3656 1142 3726 γὰρ.
1167 3657 1266 3709 οὺυκ
1297 3655 1488 3710 ἐλαϐεν
1536 3657 1776 3729 ἔμψυχον

199 3749 382 3820 σῶμα,
417 3749 538 3803 οὐδὲ
582 3747 988 3820 ὲνηνθρώπησε.
1038 3747 1262 3802 Μακεδ.
1318 3747 1418 3800 Διά
1453 3748 1544 3814 τί;
1620 3750 1774 3817 Ὀρθ.

201 3840 324 3892 Ὅτι
357 3838 514 3909 σῶμα
543 3837 769 3906 ἄψυχον,
796 3837 856 3889 τὸ
892 3837 965 3908 μὴ
998 3838 1329 3907 κοινωνῆσαν
1371 3836 1518 3907 ψυχῇ
1564 3836 1777 3907 λογικῇ,

1798 3153 1845 3217 C

1862 1915 1987 1953 cum
2025 1900 2080 1952 in
2116 1891 2392 1969 parabolis
2421 1893 2644 1947 Patrem
2687 1888 2836 1942 dicat
2864 1887 3238 1948 hominem,et
3271 1883 3325 1935 in
3360 1896 3444 1935 ea-

1862 1993 1988 2048 dem
2017 1992 2107 2044 illa
2137 1988 2398 2060 parabola
2433 1987 2674 2057 seipsum
2709 1983 2856 2038 dicat
2878 1979 3150 2034 hominem
3181 1981 3302 2046 post
3327 1989 3445 2028 ser-

1863 2099 1962 2138 vos
1985 2083 2235 2146 missum,
2260 2077 2462 2133 Filium
2483 2077 2664 2147 ipsum
2703 2071 3000 2144 improprie
3040 2069 3318 2122 hominem
3364 2062 3445 2118 fa-

1867 2185 2017 2232 ctum
2073 2173 2244 2228 tuisse
2302 2167 2644 2226 dixerimus?
2685 2163 2893 2219 Maced.
2955 2161 3132 2215 Absit.
3181 2157 3332 2214 Orth.
3387 2156 3446 2209 Si

1867 2284 1996 2341 ergo
2020 2265 2354 2322 audierimus
2375 2263 2567 2317 faciem
2597 2258 2798 2323 Patris,
2827 2270 2992 2328 quam
3018 2266 3311 2324 puerorum
3330 2263 3435 2301 an-

1867 2362 1972 2434 geli
2004 2357 2294 2415 videntzsi
2329 2357 2460 2411 item
2505 2351 2847 2408 audierimus
2887 2347 3082 2403 faciem
3130 2343 3277 2408 Filii,
3325 2357 3448 2412 qua:

1868 2457 1927 2510 in
1952 2460 2137 2508 monte
2157 2447 2520 2520 resplenduit,
2560 2453 2614 2501 et
2651 2458 2818 2514 quam
2861 2441 3113 2495 minister
3156 2434 3444 2490 Pontificis

1872 2543 2185 2616 percussit:
2220 2543 2368 2595 itane
2391 2537 2612 2608 propria
2645 2534 2936 2602 utrobique
2955 2528 3350 2601 significatione
3369 2525 3449 2579 fa-

1871 2636 2008 2692 ciem
2037 2625 2390 2704 accipiemus,
2421 2639 2515 2684 aut
2533 2630 2675 2683 hanc
2694 2624 2918 2697 quidem
2943 2620 3194 2692 corporis
3228 2618 3447 2680 faciem,

1871 2729 2019 2784 illam
2050 2725 2345 2796 improprie
2373 2722 2768 2794 appellabimus
2803 2716 3018 2778 faciem,
3038 2728 3160 2784 qua:
3176 2719 3260 2765 est
3275 2711 3450 2780 hypo-

1874 2820 2084 2891 stasis'?
2118 2815 2327 2873 Maced.
2354 2814 2613 2871 Omnium
2647 2823 2922 2867 consensu
2949 2806 3107 2861 aliter
3127 2802 3297 2866 Patri,
3342 2801 3450 2855 alia.

1872 2920 1956 2969 ter
1999 2909 2141 2965 Filio
2185 2907 2468 2964 tribuitur.
2525 2903 2678 2961 Orth.
2711 2901 2831 2956 Non
2885 2913 3018 2969 ergo
3053 2896 3101 2952 si
3147 2891 3451 2964 improprie

1875 3005 2055 3060 anima
2082 3003 2256 3068 Patri,
2289 2999 2554 3056 continuo
2577 3006 2631 3053 et
2651 2994 2789 3050 Filio
2819 2989 3120 3062 improprie
3164 2986 3450 3042 tribuitur.

1875 3098 1973 3154 Est
1999 3098 2115 3152 hac
2134 3094 2560 3150 Manichaeorum
2594 3087 2812 3145 insania
2844 3126 2858 3149 ,
2891 3084 3090 3139 docere
3112 3080 3314 3136 Filium
3351 3076 3450 3132 Dei

1874 3207 1986 3247 non
2017 3189 2186 3245 fuisse
2207 3187 2487 3243 hominem
2517 3183 2747 3238 factum.
2776 3176 2987 3233 Maced.
3019 3174 3310 3229 Hominem
3326 3186 3450 3227 eum

1875 3281 2079 3337 factum
2105 3278 2432 3335 conﬁtemur
2459 3275 2608 3342 ;'sed
2643 3274 2884 3327 animam
2931 3265 3303 3335 assumpsisse
3341 3277 3452 3316 non
3542 3283 3556 3300 ι

1875 3375 2028 3432 item.
2067 3371 2220 3428 Orth.
2265 3368 2385 3424 Non
2437 3366 2716 3422 hominem
2749 3363 2926 3418 solum
2972 3358 3084 3423 dic,
3123 3356 3219 3412 sed
3250 3359 3304 3408 et
3333 3365 3457 3406 caro

1877 3482 2002 3524 nem
2025 3464 2253 3520 factum.
2281 3461 2470 3532 Neque
2500 3459 2651 3514 enim
2693 3458 2856 3512 homo
2896 3452 3212 3510 factusvest,
3245 3445 3293 3501 si
3331 3457 3456 3498 cor-

1877 3577 1980 3631 pus
2032 3559 2336 3613 animatum
2375 3568 2486 3608 non
2533 3549 2855 3620 assumpsit.
2899 3543 3108 3598 Maced.
3164 3538 3305 3606 Quid
3342 3534 3458 3590 ita?

1882 3629 2034 3709 ὁτιὴ.
2058 3651 2196 3718 Quia
2230 3663 2432 3718 corpus
2467 3645 2740 3707 exanime,
2771 3638 2916 3710 quod
2947 3637 3016 3691 ab
3048 3635 3244 3688 animae
3284 3629 3459 3684 ratio-

1878 3745 2021 3799 nalis
2050 3738 2438 3797 communione
2483 3735 2794 3805 scjunctum
2829 3736 2934 3793 est,
2978 3742 3089 3780 non
3123 3731 3210 3778 est
3256 3734 3457 3788 corpus

1877 3836 2199 3902 humanum.
2233 3829 2344 3885 Cur
2361 3835 2540 3882 autem
2561 3827 2735 3880 instar
2765 3841 2782 3874 ι
2810 3815 3208 3892 οερὶιιίεευτίὶαε
3225 3821 3275 3868 et
3298 3811 3458 3865 obtu-

197 3930 302 3983 οὐκ
344 3905 487 3982 ἔστιν
528 3905 861 3999 ἀνθρίῷπινον
894 3905 1078 3997 σῶμα.
1118 3905 1244 3991 Πῶς
1289 3926 1348 3980 δὲ
1557 3905 1768 3990 ἀσπίδος

1881 3927 2056 3982 rantis
2078 3939 2238 3979 aures
2273 3937 2424 3987 suas,
2456 3934 2576 3990 quae
2604 3933 2716 3971 non
2752 3912 3008 3977 exaudiet
3037 3922 3226 3962 vocem
3267 3905 3458 3958 incan-

199 4023 392 4092 κωφῆς
439 4021 529 4074 καὶ
575 4020 806 4091 βυούσης
853 4019 924 4072 τὰ
969 4015 1082 4073 ὦτα
1132 4019 1322 4087 αὐτῆς,
1367 4019 1489 4090 ἥτις
1519 4020 1619 4072 οὑκ
1669 4021 1768 4072 εἱσ-

1884 4019 2123 4080 tantis”,
2146 4037 2163 4068 ›
2201 4017 2276 4070 ita
2301 4030 2400 4069 vos
2431 4020 2485 4068 et
2509 4010 2733 4066 Petrum
2774 4003 2998 4066 auditis,
3041 4002 3095 4055 in
3129 3999 3284 4051 Actis
3330 4009 3461 4063 προς

201 4113 501 4168 ακούσεται
533 4112 714 4183 φωνῆς
763 4111 1074 4181 ὲπᾴόοντος,
1121 4130 1140 4163 ι
1186 4110 1358 4174 οὕτως
1405 4110 1632 4164 ἀκούετε
1688 4109 1768 4162 τοῐ

1884 4113 2149 4166 stolorum
2178 4108 2485 4163 dicentem:
2513 4122 2530 4154 ι
2561 4101 2677 4156 Νοη
2710 4098 3027 4154 derelictam
3053 4107 3177 4148 esse
3206 4089 3348 4160 apud
3375 4089 3460 4141 in-

203 4205 417 4275 Πέτρου
447 4204 694 4273 λέγοντος
716 4205 772 4255 ὲν
789 4207 912 4266 ταῖς
929 4203 1166 4274 Πράξεσι
1190 4203 1299 4255 τῶν
1332 4202 1665 4263 ἀποστόλων,
1702 4202 1760 4254 ὅτ

1885 4206 2030 4261 feros
2057 4203 2292 4258 animam
2325 4199 2464 4269 ejus,
2491 4210 2668 4265 neque
2690 4205 2911 4248 carnem
2937 4188 3058 4258 ejus
3083 4183 3327 4239 sensisse
3349 4194 3466 4234 cor-

210 4319 228 4349 ι
249 4272 432 4368 crees
449 4272 594 4367 ψυχὴ
617 4294 781 4348 αὐτοῦ
815 4272 1139 4365 κατελείφθη
1169 4296 1248 4358 εἰς
1273 4294 1422 4366 ᾇδου,
1450 4294 1572 4348 οιτε
1598 4293 1768 4365 ἡσάρξ

1885 4294 2279 4368 ruptionem"?
2313 4311 2330 4344 ι
2373 4300 2428 4347 et
2471 4288 2670 4344 Isaiam
2695 4285 3028 4339 clamantem
3060 4297 3073 4332 τ
3117 4297 3132 4328 ι
3168 4275 3227 4330 Si
3260 4272 3466 4328 dabitis

202 4389 370 4444 αὑτοῦ
422 4365 931 4458 νοῖδεηδιαφθοράη
990 4387 1098 4440 Καὶ
1155 4389 1184 4439 ὁ
1236 4390 1519 4458 προφήτης
1561 4387 1768 4448 Ἡσαΐας

1885 4405 1986 4460 pro
2019 4395 2245 4458 peccato
2273 4384 2512 4437 animam
2547 4385 2804 4440 vestram,
2826 4370 3083 4427 videbitis
3120 4382 3314 4423 semen
3341 4365 3467 4418 lon-

206 4483 335 4553 βοᾷ·
385 4501 402 4533 ι
443 4481 569 4534 Ἐὰν
609 4457 743 4532 δῶτε
777 4457 908 4550 περ).
943 4477 1216 4550 ἁμαρτίας
1252 4457 1351 4548 τὴν
1390 4457 1564 4548 ψυχὴν
1609 4476 1768 4547 ὑμῶν

1889 4495 2120 4552 gaevum.
2156 4477 2221 4530 Et
2249 4476 2364 4530 vult
2390 4472 2655 4528 Dominus
2686 4469 2741 4522 in
2771 4481 2936 4520 manu
2961 4464 3082 4532 ejus
3104 4459 3322 4514 auferre
3373 4457 3468 4511 do.

202 4550 397 4642 δψεσθε
430 4573 647 4642 σπέρμα
679 4570 1025 4642 μακρόϐιον.)
1061 4571 1171 4622 Καὶ
1199 4568 1544 4641 βουλεύσεται
1579 4568 1768 4639 Κύριος

1889 4573 2058 4642 lorem
2091 4570 2286 4623 anima:
2315 4567 2454 4636 ejus,
2485 4561 2778 4619 ostendere
2810 4559 2859 4612 ei
2891 4557 3094 4616 lucem,
3133 4558 3186 4606 et
3226 4550 3467 4604 formare

203 4668 263 4718 ὲν
297 4665 438 4736 χειρὶ
481 4663 644 4717 αὑτοῦ
680 4663 896 4732 ἀφελεῖν
938 4662 1032 4716 τοῦ
1066 4662 1229 4715 πόνου
1263 4662 1361 4732 τῆς
1392 4660 1570 4730 ψυχῆς
1600 4659 1760 4714 αὐτοῦ

1888 4641 2325 4732 intelligentiam,
2369 4657 2717 4710 innocentem
2785 4648 3000 4704 eilicere
3051 4644 3284 4713 justum,
3331 4638 3471 4691 bene

201 4757 373 4822 δεῖξαι
403 4754 550 4826 αὐτῷ
581 4755 715 4824 φῶς,
752 4755 845 4808 καὶ
872 4754 1080 4833 πλάσαι
1125 4757 1192 4826 τῇ
1238 4753 1468 4816 συνέσει,
1499 4752 1764 4805 δικαιῶσα

1892 4727 2220 4808 servientem
2249 4747 2476 4812 multis;
2511 4752 2566 4799 et
2597 4748 2820 4813 peccata
2843 4752 3030 4792 eorum
3057 4734 3172 4803 ipse
3205 4727 3468 4800 portabit.

203 4847 412 4901 δίκαιον
446 4842 504 4900 εὖ
555 4845 871 4900 δουλεύοντα
927 4847 1176 4910 πολλοῖς·
1230 4847 1324 4899 καὶ
1369 4845 1466 4909 τὰς
1516 4843 1790 4916 ἁμαρτίας

205 4937 383 4994 αὐτῶν
417 4938 578 5001 αὐτὸς
622 4938 844 4992 ἀνοίσει.
879 4939 978 4993 Διά
1003 4938 1161 4992 τοῦτο
1188 4938 1348 5001 αὐτὸς
1393 4937 1788 5007 κληρονομήσει

207 5031 468 5094 πολλοὺς,
517 5031 612 5084 καὶ
656 5030 765 5084 τῶν
817 5030 1049 5103 ἰσχυρῶν
1089 5032 1268 5102 μεριεῖ
1319 5029 1508 5083 σκῦλα.
1549 5027 1687 5080 ’Λνθ’
1718 5020 1792 5080 ὧν

210 5121 481 5193 παρεδόθη
527 5123 608 5186 εἰς
660 5121 888 5176 θάνατον
942 5124 976 5193 ἡ
1029 5121 1174 5192 ψυχὴ
1230 5121 1417 5185 αὑτοῦ,
1449 5121 1540 5174 καὶ
1591 5121 1649 5172 ἐν
1679 5121 1792 5182 τοῖς

206 5210 429 5280 ἀνόμοις
476 5211 760 5284 ἐλογίσθη,
797 5214 890 5266 καὶ
933 5213 1093 5275 αὐτὸς
1127 5212 1398 5284 ἁμαρτίας
1443 5211 1667 5275 πολλῶνς
1695 5212 1790 5264 ἀν-

209 5305 428 5373 ήνεγκε,
477 5303 570 5356 καὶ
627 5304 716 5357 διὰ
766 5305 866 5376 τὴς
915 5305 1144 5375 ἀνομίας
1202 5304 1380 5358 αὐτῶν
1446 5303 1736 5376 παρεδόθη.
1765 5322 1783 5354 ι

209 5392 432 5447 Μακεδ.
471 5395 583 5446 Καὶ
615 5397 777 5465 ἡμεῖς
813 5395 991 5465 ἴσμεν,
1037 5396 1118 5447 ὅτι
1162 5395 1426 5466 πολλαχοῦ
1474 5396 1686 5466 εἴρηται
1733 5396 1790 5445 ἐν

209 5489 276 5556 τῇ
322 5486 534 5557 Γραφῇ,
586 5487 668 5540 ὃτι
717 5486 892 5561 ψυχὴν
939 5485 1112 5560 εἶχεν·
1149 5487 1284 5567 ἀλλά
1337 5485 1791 5559 καταχρηστικῶς

1892 4843 2237 4914 Quapropter
2265 4841 2384 4910 ipse
2415 4835 2718 4908 possidebit
2748 4832 2973 4892 multos,
3023 4837 3076 4881 et
3111 4824 3335 4878 fortium
3383 4818 3473 4872 di-

1892 4937 2043 4993 videt
2078 4936 2275 5007 spolia.
2312 4933 2420 4986 Pro
2439 4947 2505 4987 eo
2535 4937 2716 4984 autem
2750 4925 2896 4995 quod
2920 4921 3122 4976 tradita
3143 4916 3299 4971 estin
3323 4926 3473 4966 mor-

1893 5041 2003 5087 tem
2029 5029 2211 5083 anima
2255 5026 2399 5096 ejus.
2433 5032 2486 5079 et
2518 5025 2661 5077 inter
2702 5019 2924 5088 iniquos
2962 5017 3250 5082 reputatus
3289 5013 3392 5072 est,
3419 5015 3474 5060 et
3545 5044 3551 5050 .

1895 5121 2009 5190 ipse
2034 5125 2257 5189 peccata
2289 5117 2587 5170 multorum
2621 5111 2767 5171 tulit,
2805 5115 2860 5162 et
2895 5111 3119 5176 propter
3150 5098 3472 5168 iniquitates

1890 5229 2079 5270 eorum
2133 5209 2366 5264 traditus
2409 5208 2564 5262 est".
2597 5224 2615 5256 ι
2666 5199 2876 5256 Maced.
2940 5197 3158 5251 Scimus
3211 5205 3354 5261 saepe
3415 5190 3472 5244 in

1899 5306 2184 5376 Scriptura
2213 5303 2346 5366 dici,
2381 5301 2560 5370 ipsum
2594 5296 2796 5350 habere
2824 5291 3089 5353 animam,
3127 5284 3221 5343 sed
3267 5285 3474 5352 impro—
3545 5318 3547 5321 -

1897 5399 2035 5470 prie,
2111 5412 2220 5451 non
2284 5409 2433 5458 vere,
2489 5391 2692 5444 dictum
2743 5395 2847 5443 est.
2914 5381 3066 5438 Ortlt.
3124 5380 3474 5445 Quaecunque

1900 5493 2068 5562 igitur
2097 5490 2334 5544 humana
2363 5484 2430 5538 de
2462 5483 2582 5552 ipso
2619 5487 2748 5535 sunt
2779 5479 2948 5541 dicta,
2994 5473 3178 5544 qualia
3211 5475 3339 5526 sunt
3375 5479 3476 5522 au-

283 5671 326 5700 "
369 5668 555 5740 Matth.
594 5671 810 5736 Παλ.
888 5677 932 5708 ²¹
973 5675 1160 5730 Matth.
1201 5692 1290 5730 Mil
1322 5715 1336 5740 ,
1371 5675 1459 5729 55.
1537 5674 1584 5705 ’³
1627 5672 1768 5728 Psal.

1870 5687 1950 5734 'u,
1991 5670 2021 5723 ὅ
2093 5668 2146 5723 6.
2247 5665 2292 5697 ’⁸
2333 5663 2452 5716 Act.
2493 5676 2561 5723 ιι,
2599 5657 2710 5724 3i;
2753 5655 2897 5711 Psal.
2939 5667 3026 5720 xv,
3093 5652 3176 5706 l0.
3282 5649 3326 5682 "
3366 5643 3476 5702 ιω.

211 5754 343 5807 Lm,
380 5739 553 5796 10-12.
