  <div class='ocr_page' id='page_1' title='image "/cluster/home/n/w/nwhite01/storage/ocr_20150623/28/nnc1.0046978690/741.png"; bbox 0 0 3842 6186; ppageno 0'>
   <div class='ocr_carea' id='block_1_1' title="bbox 450 277 591 339">
    <p class='ocr_par' dir='ltr' id='par_1_1' title="bbox 450 277 591 339">
     <span class='ocr_line' id='line_1_1' title="bbox 450 277 591 339; baseline 0.014 -4"><span class='ocrx_word' id='word_1_1' title='bbox 450 277 591 339; x_wconf 68' lang='grc' dir='ltr'>Ιίιὸδ</span> 
     </span>
    </p>
   </div>
   <div class='ocr_carea' id='block_1_2' title="bbox 1535 276 2481 337">
    <p class='ocr_par' dir='ltr' id='par_1_2' title="bbox 1535 276 2481 337">
     <span class='ocr_line' id='line_1_2' title="bbox 1535 276 2481 337; baseline -0.004 -1"><span class='ocrx_word' id='word_1_2' title='bbox 1535 280 1593 336; x_wconf 81' lang='lat' dir='ltr'><strong>S.</strong></span> <span class='ocrx_word' id='word_1_3' title='bbox 1634 279 2100 337; x_wconf 78' lang='lat' dir='ltr'><strong>ATBANASIUS.</strong></span> <span class='ocrx_word' id='word_1_4' title='bbox 2143 309 2213 320; x_wconf 90' lang='lat'>—</span> <span class='ocrx_word' id='word_1_5' title='bbox 2252 276 2481 335; x_wconf 80' lang='lat' dir='ltr'><strong>DUBIA.</strong></span> 
     </span>
    </p>
   </div>
   <div class='ocr_carea' id='block_1_3' title="bbox 3564 267 3709 327">
    <p class='ocr_par' dir='ltr' id='par_1_3' title="bbox 3564 267 3709 327">
     <span class='ocr_line' id='line_1_3' title="bbox 3564 267 3709 327; baseline 0 0"><span class='ocrx_word' id='word_1_6' title='bbox 3564 267 3709 327; x_wconf 67' lang='lat'><strong>1336</strong></span> 
     </span>
    </p>
   </div>
   <div class='ocr_carea' id='block_1_4' title="bbox 450 380 1998 467">
    <p class='ocr_par' dir='ltr' id='par_1_4' title="bbox 450 393 1995 467">
     <span class='ocr_line' id='line_1_4' title="bbox 450 393 1995 467; baseline -0.003 -15"><span class='ocrx_word' id='word_1_7' title='bbox 450 396 628 462; x_wconf 75' lang='lat' dir='ltr'><strong>ditus,</strong></span> <span class='ocrx_word' id='word_1_8' title='bbox 654 395 828 461; x_wconf 85' lang='lat' dir='ltr'><strong>visus,</strong></span> <span class='ocrx_word' id='word_1_9' title='bbox 859 393 1118 460; x_wconf 81' lang='lat' dir='ltr'><strong>olfactus,</strong></span> <span class='ocrx_word' id='word_1_10' title='bbox 1148 409 1278 461; x_wconf 81' lang='lat' dir='ltr'><strong>vox,</strong></span> <span class='ocrx_word' id='word_1_11' title='bbox 1303 404 1521 467; x_wconf 83' lang='lat' dir='ltr'><strong>gustus,</strong></span> <span class='ocrx_word' id='word_1_12' title='bbox 1547 393 1995 467; x_wconf 69' lang='lat' dir='ltr'><strong>concupiscentia</strong></span> 
     </span>
    </p>
   </div>
   <div class='ocr_carea' id='block_1_5' title="bbox 2101 380 3709 467">
    <p class='ocr_par' dir='ltr' id='par_1_5' title="bbox 2121 380 3709 465">
     <span class='ocr_line' id='line_1_5' title="bbox 2121 380 3709 465; baseline -0.004 -20"><span class='ocrx_word' id='word_1_13' title='bbox 2121 389 2358 465; x_wconf 76' lang='grc' dir='ltr'>εἴρηται,</span> <span class='ocrx_word' id='word_1_14' title='bbox 2419 392 2515 446; x_wconf 75' lang='grc' dir='ltr'>καὶ</span> <span class='ocrx_word' id='word_1_15' title='bbox 2559 392 2660 447; x_wconf 83' lang='grc' dir='ltr'><strong>οὐκ</strong></span> <span class='ocrx_word' id='word_1_16' title='bbox 2701 391 2956 462; x_wconf 76' lang='grc' dir='ltr'>ἀληθείᾳ.</span> <span class='ocrx_word' id='word_1_17' title='bbox 3023 391 3176 459; x_wconf 81' lang='grc' dir='ltr'>’ορ0.</span> <span class='ocrx_word' id='word_1_18' title='bbox 3221 387 3409 442; x_wconf 80' lang='grc' dir='ltr'><strong>Πάντα</strong></span> <span class='ocrx_word' id='word_1_19' title='bbox 3454 380 3558 441; x_wconf 70' lang='grc' dir='ltr'>οὖν</span> <span class='ocrx_word' id='word_1_20' title='bbox 3607 387 3709 440; x_wconf 71' lang='grc' dir='ltr'>ὅσα</span> 
     </span>
    </p>
   </div>
   <div class='ocr_carea' id='block_1_6' title="bbox 449 487 2015 559">
    <p class='ocr_par' dir='ltr' id='par_1_6' title="bbox 449 487 2015 559">
     <span class='ocr_line' id='line_1_6' title="bbox 449 487 2015 559; baseline -0.003 -14"><span class='ocrx_word' id='word_1_21' title='bbox 449 488 627 554; x_wconf 88' lang='lat' dir='ltr'><strong>uolor,</strong></span> <span class='ocrx_word' id='word_1_22' title='bbox 660 497 873 559; x_wconf 86' lang='lat' dir='ltr'><strong>stupor,</strong></span> <span class='ocrx_word' id='word_1_23' title='bbox 905 488 1175 552; x_wconf 86' lang='lat' dir='ltr'><strong>anxietas,</strong></span> <span class='ocrx_word' id='word_1_24' title='bbox 1205 487 1594 553; x_wconf 86' lang='lat' dir='ltr'><strong>obambulatio,</strong></span> <span class='ocrx_word' id='word_1_25' title='bbox 1621 487 1871 555; x_wconf 73' lang='lat' dir='ltr'><strong>ﬁgurate,</strong></span> <span class='ocrx_word' id='word_1_26' title='bbox 1904 502 2015 542; x_wconf 92' lang='lat' dir='ltr'><strong>non</strong></span> 
     </span>
    </p>
   </div>
   <div class='ocr_carea' id='block_1_7' title="bbox 448 577 2016 651">
    <p class='ocr_par' dir='ltr' id='par_1_7' title="bbox 448 577 2016 651">
     <span class='ocr_line' id='line_1_7' title="bbox 448 577 2016 651; baseline -0.001 -17"><span class='ocrx_word' id='word_1_27' title='bbox 448 580 689 651; x_wconf 87' lang='lat' dir='ltr'><strong>proprie,</strong></span> <span class='ocrx_word' id='word_1_28' title='bbox 733 580 879 635; x_wconf 89' lang='lat' dir='ltr'><strong>dicta</strong></span> <span class='ocrx_word' id='word_1_29' title='bbox 915 578 1161 635; x_wconf 83' lang='lat' dir='ltr'><strong>fuerint?</strong></span> <span class='ocrx_word' id='word_1_30' title='bbox 1188 577 1397 634; x_wconf 70' lang='grc' dir='ltr'>Μαρια.</span> <span class='ocrx_word' id='word_1_31' title='bbox 1444 578 1558 635; x_wconf 88' lang='lat' dir='ltr'><strong>lmo</strong></span> <span class='ocrx_word' id='word_1_32' title='bbox 1599 594 1663 635; x_wconf 91' lang='lat' dir='ltr'><strong>ea</strong></span> <span class='ocrx_word' id='word_1_33' title='bbox 1690 594 1813 650; x_wconf 68' lang='lat' dir='ltr'><strong>quae</strong></span> <span class='ocrx_word' id='word_1_34' title='bbox 1854 579 2016 634; x_wconf 88' lang='lat' dir='ltr'><strong>modo</strong></span> 
     </span>
    </p>
   </div>
   <div class='ocr_carea' id='block_1_8' title="bbox 447 672 2013 744">
    <p class='ocr_par' dir='ltr' id='par_1_8' title="bbox 447 672 2013 744">
     <span class='ocr_line' id='line_1_8' title="bbox 447 672 2013 744; baseline -0.001 -16"><span class='ocrx_word' id='word_1_35' title='bbox 447 674 723 729; x_wconf 81' lang='lat' dir='ltr'><strong>recensita</strong></span> <span class='ocrx_word' id='word_1_36' title='bbox 753 681 905 739; x_wconf 90' lang='lat' dir='ltr'><strong>sunt,</strong></span> <span class='ocrx_word' id='word_1_37' title='bbox 938 673 1124 728; x_wconf 81' lang='lat' dir='ltr'><strong>omnia</strong></span> <span class='ocrx_word' id='word_1_38' title='bbox 1154 673 1375 744; x_wconf 84' lang='lat' dir='ltr'><strong>proprie</strong></span> <span class='ocrx_word' id='word_1_39' title='bbox 1397 672 1502 742; x_wconf 89' lang='lat' dir='ltr'><strong>ipsi</strong></span> <span class='ocrx_word' id='word_1_40' title='bbox 1525 681 1843 744; x_wconf 89' lang='lat' dir='ltr'><strong>competunt</strong></span> <span class='ocrx_word' id='word_1_41' title='bbox 1876 690 1891 731; x_wconf 89' lang='lat'><strong>:</strong></span> <span class='ocrx_word' id='word_1_42' title='bbox 1916 673 2013 727; x_wconf 86' lang='lat' dir='ltr'><strong>sed</strong></span> 
     </span>
    </p>
   </div>
   <div class='ocr_carea' id='block_1_9' title="bbox 447 767 2010 841">
    <p class='ocr_par' dir='ltr' id='par_1_9' title="bbox 447 767 2010 841">
     <span class='ocr_line' id='line_1_9' title="bbox 447 767 2010 841; baseline -0.004 -16"><span class='ocrx_word' id='word_1_43' title='bbox 447 772 631 825; x_wconf 82' lang='lat' dir='ltr'><strong>anima</strong></span> <span class='ocrx_word' id='word_1_44' title='bbox 653 771 973 841; x_wconf 82' lang='lat' dir='ltr'><strong>improprie.</strong></span> <span class='ocrx_word' id='word_1_45' title='bbox 1005 769 1159 826; x_wconf 81' lang='lat' dir='ltr'><strong>Orth.</strong></span> <span class='ocrx_word' id='word_1_46' title='bbox 1192 768 1462 823; x_wconf 86' lang='lat' dir='ltr'><strong>Nimirum</strong></span> <span class='ocrx_word' id='word_1_47' title='bbox 1486 768 1579 838; x_wconf 87' lang='lat' dir='ltr'><strong>qui</strong></span> <span class='ocrx_word' id='word_1_48' title='bbox 1606 768 1682 821; x_wconf 88' lang='lat' dir='ltr'><strong>illi</strong></span> <span class='ocrx_word' id='word_1_49' title='bbox 1718 767 2010 833; x_wconf 89' lang='lat' dir='ltr'><strong>laboranti,</strong></span> 
     </span>
    </p>
   </div>
   <div class='ocr_carea' id='block_1_10' title="bbox 446 851 2014 927">
    <p class='ocr_par' dir='ltr' id='par_1_10' title="bbox 446 851 2014 927">
     <span class='ocr_line' id='line_1_10' title="bbox 446 851 2014 927; baseline -0.004 -16"><span class='ocrx_word' id='word_1_50' title='bbox 446 872 624 927; x_wconf 81' lang='lat' dir='ltr'><strong>exque</strong></span> <span class='ocrx_word' id='word_1_51' title='bbox 674 857 918 922; x_wconf 88' lang='lat' dir='ltr'><strong>ossibus,</strong></span> <span class='ocrx_word' id='word_1_52' title='bbox 1000 855 1208 918; x_wconf 89' lang='lat' dir='ltr'><strong>nervis,</strong></span> <span class='ocrx_word' id='word_1_53' title='bbox 1268 856 1445 917; x_wconf 89' lang='lat' dir='ltr'><strong>venis,</strong></span> <span class='ocrx_word' id='word_1_54' title='bbox 1499 853 1716 907; x_wconf 73' lang='lat' dir='ltr'><strong>arteriis</strong></span> <span class='ocrx_word' id='word_1_55' title='bbox 1783 851 2014 920; x_wconf 84' lang='lat' dir='ltr'><strong>aliisque</strong></span> 
     </span>
    </p>
   </div>
   <div class='ocr_carea' id='block_1_11' title="bbox 443 939 2013 1014">
    <p class='ocr_par' dir='ltr' id='par_1_11' title="bbox 443 939 2013 1014">
     <span class='ocr_line' id='line_1_11' title="bbox 443 939 2013 1014; baseline -0.004 -14"><span class='ocrx_word' id='word_1_56' title='bbox 443 945 708 1005; x_wconf 74' lang='lat' dir='ltr'><strong>membris</strong></span> <span class='ocrx_word' id='word_1_57' title='bbox 751 952 806 1000; x_wconf 91' lang='lat' dir='ltr'><strong>et</strong></span> <span class='ocrx_word' id='word_1_58' title='bbox 866 943 1120 1014; x_wconf 90' lang='lat' dir='ltr'><strong>partibus</strong></span> <span class='ocrx_word' id='word_1_59' title='bbox 1167 950 1452 1012; x_wconf 85' lang='lat' dir='ltr'><strong>compacto</strong></span> <span class='ocrx_word' id='word_1_60' title='bbox 1496 939 1717 1009; x_wconf 90' lang='lat' dir='ltr'><strong>corpori</strong></span> <span class='ocrx_word' id='word_1_61' title='bbox 1750 954 1809 995; x_wconf 89' lang='lat' dir='ltr'><strong>se</strong></span> <span class='ocrx_word' id='word_1_62' title='bbox 1856 939 2013 994; x_wconf 89' lang='lat' dir='ltr'><strong>unire</strong></span> 
     </span>
    </p>
   </div>
   <div class='ocr_carea' id='block_1_12' title="bbox 443 1030 2012 1107">
    <p class='ocr_par' dir='ltr' id='par_1_12' title="bbox 443 1030 2012 1107">
     <span class='ocr_line' id='line_1_12' title="bbox 443 1030 2012 1107; baseline -0.004 -17"><span class='ocrx_word' id='word_1_63' title='bbox 443 1038 703 1107; x_wconf 84' lang='lat' dir='ltr'><strong>dignatus</strong></span> <span class='ocrx_word' id='word_1_64' title='bbox 728 1046 837 1100; x_wconf 89' lang='lat' dir='ltr'><strong>est,</strong></span> <span class='ocrx_word' id='word_1_65' title='bbox 872 1037 919 1090; x_wconf 88' lang='lat' dir='ltr'><strong>is</strong></span> <span class='ocrx_word' id='word_1_66' title='bbox 937 1036 1177 1089; x_wconf 86' lang='lat' dir='ltr'><strong>animam</strong></span> <span class='ocrx_word' id='word_1_67' title='bbox 1203 1049 1314 1089; x_wconf 91' lang='lat' dir='ltr'><strong>non</strong></span> <span class='ocrx_word' id='word_1_68' title='bbox 1340 1031 1574 1088; x_wconf 88' lang='lat' dir='ltr'><strong>habuit?</strong></span> <span class='ocrx_word' id='word_1_69' title='bbox 1600 1030 1807 1087; x_wconf 78' lang='lat' dir='ltr'><strong>Haced.</strong></span> <span class='ocrx_word' id='word_1_70' title='bbox 1833 1030 2012 1098; x_wconf 83' lang='lat' dir='ltr'><strong>Quor-</strong></span> 
     </span>
    </p>
   </div>
   <div class='ocr_carea' id='block_1_13' title="bbox 444 1123 2010 1200">
    <p class='ocr_par' dir='ltr' id='par_1_13' title="bbox 444 1123 2010 1200">
     <span class='ocr_line' id='line_1_13' title="bbox 444 1123 2010 1200; baseline -0.004 -17"><span class='ocrx_word' id='word_1_71' title='bbox 444 1146 564 1184; x_wconf 88' lang='lat' dir='ltr'><strong>sum</strong></span> <span class='ocrx_word' id='word_1_72' title='bbox 582 1128 704 1183; x_wconf 81' lang='lat' dir='ltr'><strong>Vita</strong></span> <span class='ocrx_word' id='word_1_73' title='bbox 730 1143 867 1200; x_wconf 92' lang='lat' dir='ltr'><strong>opus</strong></span> <span class='ocrx_word' id='word_1_74' title='bbox 888 1127 1076 1182; x_wconf 86' lang='lat' dir='ltr'><strong>habuit</strong></span> <span class='ocrx_word' id='word_1_75' title='bbox 1092 1126 1313 1180; x_wconf 88' lang='lat' dir='ltr'><strong>anima?</strong></span> <span class='ocrx_word' id='word_1_76' title='bbox 1343 1125 1495 1181; x_wconf 81' lang='lat' dir='ltr'><strong>Orth.</strong></span> <span class='ocrx_word' id='word_1_77' title='bbox 1514 1124 1580 1179; x_wconf 85' lang='lat' dir='ltr'><strong>Et</strong></span> <span class='ocrx_word' id='word_1_78' title='bbox 1600 1124 1731 1195; x_wconf 91' lang='lat' dir='ltr'><strong>quid</strong></span> <span class='ocrx_word' id='word_1_79' title='bbox 1753 1123 2010 1180; x_wconf 88' lang='lat' dir='ltr'><strong>carneilli</strong></span> 
     </span>
    </p>
   </div>
   <div class='ocr_carea' id='block_1_14' title="bbox 442 1215 2010 1289">
    <p class='ocr_par' dir='ltr' id='par_1_14' title="bbox 442 1215 2010 1289">
     <span class='ocr_line' id='line_1_14' title="bbox 442 1215 2010 1289; baseline -0.003 -14"><span class='ocrx_word' id='word_1_80' title='bbox 442 1235 581 1289; x_wconf 89' lang='lat' dir='ltr'><strong>opus</strong></span> <span class='ocrx_word' id='word_1_81' title='bbox 609 1218 730 1282; x_wconf 84' lang='lat' dir='ltr'><strong>fuit,</strong></span> <span class='ocrx_word' id='word_1_82' title='bbox 756 1218 848 1288; x_wconf 87' lang='lat' dir='ltr'><strong>qui</strong></span> <span class='ocrx_word' id='word_1_83' title='bbox 890 1216 1137 1287; x_wconf 87' lang='lat' dir='ltr'><strong>patribus</strong></span> <span class='ocrx_word' id='word_1_84' title='bbox 1175 1216 1385 1271; x_wconf 90' lang='lat' dir='ltr'><strong>nostris</strong></span> <span class='ocrx_word' id='word_1_85' title='bbox 1406 1216 1568 1269; x_wconf 90' lang='lat' dir='ltr'><strong>etiam</strong></span> <span class='ocrx_word' id='word_1_86' title='bbox 1597 1215 1805 1285; x_wconf 90' lang='lat' dir='ltr'><strong>absque</strong></span> <span class='ocrx_word' id='word_1_87' title='bbox 1842 1229 2010 1270; x_wconf 85' lang='lat' dir='ltr'><strong>carne</strong></span> 
     </span>
    </p>
   </div>
   <div class='ocr_carea' id='block_1_15' title="bbox 440 1305 2008 1378">
    <p class='ocr_par' dir='ltr' id='par_1_15' title="bbox 440 1305 2008 1378">
     <span class='ocr_line' id='line_1_15' title="bbox 440 1305 2008 1378; baseline -0.003 -15"><span class='ocrx_word' id='word_1_88' title='bbox 440 1313 593 1366; x_wconf 82' lang='lat' dir='ltr'><strong>visus</strong></span> <span class='ocrx_word' id='word_1_89' title='bbox 625 1310 745 1365; x_wconf 87' lang='lat' dir='ltr'><strong>est?</strong></span> <span class='ocrx_word' id='word_1_90' title='bbox 769 1308 980 1363; x_wconf 78' lang='lat' dir='ltr'><strong>Haced.</strong></span> <span class='ocrx_word' id='word_1_91' title='bbox 1010 1306 1190 1363; x_wconf 86' lang='lat' dir='ltr'><strong>Carne</strong></span> <span class='ocrx_word' id='word_1_92' title='bbox 1231 1322 1370 1378; x_wconf 89' lang='lat' dir='ltr'><strong>opus</strong></span> <span class='ocrx_word' id='word_1_93' title='bbox 1407 1307 1622 1372; x_wconf 84' lang='lat' dir='ltr'><strong>habuit,</strong></span> <span class='ocrx_word' id='word_1_94' title='bbox 1666 1314 1727 1361; x_wconf 94' lang='lat' dir='ltr'><strong>ut</strong></span> <span class='ocrx_word' id='word_1_95' title='bbox 1760 1305 2008 1376; x_wconf 82' lang='lat' dir='ltr'><strong>cruciﬁgi</strong></span> 
     </span>
    </p>
   </div>
   <div class='ocr_carea' id='block_1_16' title="bbox 439 1397 2006 1472">
    <p class='ocr_par' dir='ltr' id='par_1_16' title="bbox 439 1397 2006 1472">
     <span class='ocr_line' id='line_1_16' title="bbox 439 1397 2006 1472; baseline -0.001 -19"><span class='ocrx_word' id='word_1_96' title='bbox 439 1410 647 1472; x_wconf 89' lang='lat' dir='ltr'><strong>posset.</strong></span> <span class='ocrx_word' id='word_1_97' title='bbox 683 1400 837 1457; x_wconf 81' lang='lat' dir='ltr'><strong>Orth.</strong></span> <span class='ocrx_word' id='word_1_98' title='bbox 887 1398 980 1454; x_wconf 89' lang='lat' dir='ltr'><strong>Sic</strong></span> <span class='ocrx_word' id='word_1_99' title='bbox 1023 1400 1205 1453; x_wconf 88' lang='lat' dir='ltr'><strong>anima</strong></span> <span class='ocrx_word' id='word_1_100' title='bbox 1245 1413 1385 1470; x_wconf 92' lang='lat' dir='ltr'><strong>opus</strong></span> <span class='ocrx_word' id='word_1_101' title='bbox 1434 1399 1649 1463; x_wconf 91' lang='lat' dir='ltr'><strong>habuit,</strong></span> <span class='ocrx_word' id='word_1_102' title='bbox 1695 1406 1755 1454; x_wconf 93' lang='lat' dir='ltr'><strong>ut</strong></span> <span class='ocrx_word' id='word_1_103' title='bbox 1800 1397 2006 1465; x_wconf 90' lang='lat' dir='ltr'><strong>dolere,</strong></span> 
     </span>
    </p>
   </div>
   <div class='ocr_carea' id='block_1_17' title="bbox 439 1489 2007 1562">
    <p class='ocr_par' dir='ltr' id='par_1_17' title="bbox 439 1489 2007 1562">
     <span class='ocr_line' id='line_1_17' title="bbox 439 1489 2007 1562; baseline 0 -18"><span class='ocrx_word' id='word_1_104' title='bbox 439 1493 777 1559; x_wconf 73' lang='lat' dir='ltr'><strong>contristari,</strong></span> <span class='ocrx_word' id='word_1_105' title='bbox 811 1498 872 1546; x_wconf 90' lang='lat' dir='ltr'><strong>ut</strong></span> <span class='ocrx_word' id='word_1_106' title='bbox 897 1506 1282 1562; x_wconf 85' lang='lat' dir='ltr'><strong>expavescere,</strong></span> <span class='ocrx_word' id='word_1_107' title='bbox 1339 1501 1399 1546; x_wconf 93' lang='lat' dir='ltr'><strong>ut</strong></span> <span class='ocrx_word' id='word_1_108' title='bbox 1436 1490 1580 1561; x_wconf 91' lang='lat' dir='ltr'><strong>apud</strong></span> <span class='ocrx_word' id='word_1_109' title='bbox 1623 1489 1833 1547; x_wconf 85' lang='lat' dir='ltr'><strong>inferos</strong></span> <span class='ocrx_word' id='word_1_110' title='bbox 1881 1504 2007 1545; x_wconf 89' lang='lat' dir='ltr'><strong>esse</strong></span> 
     </span>
    </p>
   </div>
   <div class='ocr_carea' id='block_1_18' title="bbox 439 1582 2006 1655">
    <p class='ocr_par' dir='ltr' id='par_1_18' title="bbox 439 1582 2006 1655">
     <span class='ocr_line' id='line_1_18' title="bbox 439 1582 2006 1655; baseline -0.002 -16"><span class='ocrx_word' id='word_1_111' title='bbox 439 1592 644 1655; x_wconf 87' lang='lat' dir='ltr'><strong>posset.</strong></span> <span class='ocrx_word' id='word_1_112' title='bbox 681 1582 796 1638; x_wconf 82' lang='lat' dir='ltr'><strong>Hoc</strong></span> <span class='ocrx_word' id='word_1_113' title='bbox 823 1590 909 1640; x_wconf 88' lang='lat' dir='ltr'><strong>est</strong></span> <span class='ocrx_word' id='word_1_114' title='bbox 930 1583 1098 1647; x_wconf 89' lang='lat' dir='ltr'><strong>enim,</strong></span> <span class='ocrx_word' id='word_1_115' title='bbox 1136 1583 1369 1653; x_wconf 80' lang='lat' dir='ltr'><strong>formam</strong></span> <span class='ocrx_word' id='word_1_116' title='bbox 1399 1583 1533 1638; x_wconf 81' lang='lat' dir='ltr'><strong>servi</strong></span> <span class='ocrx_word' id='word_1_117' title='bbox 1567 1583 1852 1652; x_wconf 78' lang='lat' dir='ltr'><strong>accipiens,</strong></span> <span class='ocrx_word' id='word_1_118' title='bbox 1893 1596 2006 1636; x_wconf 90' lang='lat' dir='ltr'><strong>non</strong></span> 
     </span>
    </p>
   </div>
   <div class='ocr_carea' id='block_1_19' title="bbox 437 1673 2001 1747">
    <p class='ocr_par' dir='ltr' id='par_1_19' title="bbox 437 1673 2001 1747">
     <span class='ocr_line' id='line_1_19' title="bbox 437 1673 2001 1747; baseline -0.004 -15"><span class='ocrx_word' id='word_1_119' title='bbox 437 1677 493 1732; x_wconf 88' lang='lat' dir='ltr'><strong>in</strong></span> <span class='ocrx_word' id='word_1_120' title='bbox 526 1690 758 1747; x_wconf 89' lang='lat' dir='ltr'><strong>corpore</strong></span> <span class='ocrx_word' id='word_1_121' title='bbox 786 1674 1050 1730; x_wconf 81' lang='lat' dir='ltr'><strong>duntaxat</strong></span> <span class='ocrx_word' id='word_1_122' title='bbox 1072 1690 1336 1746; x_wconf 82' lang='lat' dir='ltr'><strong>apparere</strong></span> <span class='ocrx_word' id='word_1_123' title='bbox 1357 1715 1370 1737; x_wconf 90' lang='lat'><strong>,</strong></span> <span class='ocrx_word' id='word_1_124' title='bbox 1402 1675 1496 1730; x_wconf 89' lang='lat' dir='ltr'><strong>sed</strong></span> <span class='ocrx_word' id='word_1_125' title='bbox 1527 1674 1809 1730; x_wconf 85' lang='lat' dir='ltr'><strong>servitutis</strong></span> <span class='ocrx_word' id='word_1_126' title='bbox 1837 1673 2001 1729; x_wconf 89' lang='lat' dir='ltr'><strong>etiam</strong></span> 
     </span>
    </p>
   </div>
   <div class='ocr_carea' id='block_1_20' title="bbox 437 1739 2079 1840">
    <p class='ocr_par' dir='ltr' id='par_1_20' title="bbox 437 1739 2079 1840">
     <span class='ocr_line' id='line_1_20' title="bbox 437 1739 2079 1840; baseline -0.004 -15"><span class='ocrx_word' id='word_1_127' title='bbox 437 1772 723 1840; x_wconf 87' lang='lat' dir='ltr'><strong>passiones</strong></span> <span class='ocrx_word' id='word_1_128' title='bbox 752 1782 1056 1824; x_wconf 91' lang='lat' dir='ltr'><strong>assumere.</strong></span> <span class='ocrx_word' id='word_1_129' title='bbox 1085 1766 1142 1820; x_wconf 84' lang='grc' dir='ltr'><em>Μ</em></span> <span class='ocrx_word' id='word_1_130' title='bbox 1146 1768 1294 1822; x_wconf 84' lang='lat' dir='ltr'><strong>aced.</strong></span> <span class='ocrx_word' id='word_1_131' title='bbox 1333 1765 1587 1822; x_wconf 88' lang='lat' dir='ltr'><strong>Formam</strong></span> <span class='ocrx_word' id='word_1_132' title='bbox 1615 1766 1757 1822; x_wconf 89' lang='lat' dir='ltr'><strong>servi</strong></span> <span class='ocrx_word' id='word_1_133' title='bbox 1792 1780 2007 1821; x_wconf 86' lang='lat' dir='ltr'><strong>assum-</strong></span> <span class='ocrx_word' id='word_1_134' title='bbox 2039 1739 2079 1797; x_wconf 71' lang='grc' dir='ltr'><strong>Β</strong></span> 
     </span>
    </p>
   </div>
   <div class='ocr_carea' id='block_1_21' title="bbox 438 1856 2006 1932">
    <p class='ocr_par' dir='ltr' id='par_1_21' title="bbox 438 1856 2006 1932">
     <span class='ocr_line' id='line_1_21' title="bbox 438 1856 2006 1932; baseline -0.003 -16"><span class='ocrx_word' id='word_1_135' title='bbox 438 1862 567 1932; x_wconf 88' lang='lat' dir='ltr'><strong>psit,</strong></span> <span class='ocrx_word' id='word_1_136' title='bbox 603 1860 823 1932; x_wconf 89' lang='lat' dir='ltr'><strong>quando</strong></span> <span class='ocrx_word' id='word_1_137' title='bbox 846 1875 1068 1915; x_wconf 88' lang='lat' dir='ltr'><strong>carnem</strong></span> <span class='ocrx_word' id='word_1_138' title='bbox 1106 1860 1428 1929; x_wconf 86' lang='lat' dir='ltr'><strong>assumpsit.</strong></span> <span class='ocrx_word' id='word_1_139' title='bbox 1470 1857 1623 1914; x_wconf 87' lang='lat' dir='ltr'><strong>Orth.</strong></span> <span class='ocrx_word' id='word_1_140' title='bbox 1663 1856 1863 1912; x_wconf 88' lang='lat' dir='ltr'><strong>Forma</strong></span> <span class='ocrx_word' id='word_1_141' title='bbox 1913 1857 2006 1912; x_wconf 89' lang='lat' dir='ltr'><strong>Dei</strong></span> 
     </span>
    </p>
   </div>
   <div class='ocr_carea' id='block_1_22' title="bbox 436 1948 2006 2023">
    <p class='ocr_par' dir='ltr' id='par_1_22' title="bbox 436 1948 2006 2023">
     <span class='ocr_line' id='line_1_22' title="bbox 436 1948 2006 2023; baseline -0.003 -15"><span class='ocrx_word' id='word_1_142' title='bbox 436 1962 592 2009; x_wconf 85' lang='lat' dir='ltr'><strong>estne</strong></span> <span class='ocrx_word' id='word_1_143' title='bbox 618 1952 858 2023; x_wconf 81' lang='lat' dir='ltr'><strong>perfecta</strong></span> <span class='ocrx_word' id='word_1_144' title='bbox 874 1950 968 2007; x_wconf 90' lang='lat' dir='ltr'><strong>Dei</strong></span> <span class='ocrx_word' id='word_1_145' title='bbox 986 1950 1200 2006; x_wconf 85' lang='lat' dir='ltr'><strong>forma?</strong></span> <span class='ocrx_word' id='word_1_146' title='bbox 1231 1948 1441 2005; x_wconf 81' lang='lat' dir='ltr'><strong>Maced.</strong></span> <span class='ocrx_word' id='word_1_147' title='bbox 1458 1949 1656 2006; x_wconf 87' lang='lat' dir='ltr'><strong>Etiam.</strong></span> <span class='ocrx_word' id='word_1_148' title='bbox 1689 1948 1844 2006; x_wconf 82' lang='lat' dir='ltr'><strong>Orth.</strong></span> <span class='ocrx_word' id='word_1_149' title='bbox 1864 1949 2006 2019; x_wconf 84' lang='lat' dir='ltr'><strong>Ergo</strong></span> 
     </span>
    </p>
   </div>
   <div class='ocr_carea' id='block_1_23' title="bbox 432 2041 2006 2114">
    <p class='ocr_par' dir='ltr' id='par_1_23' title="bbox 432 2041 2006 2114">
     <span class='ocr_line' id='line_1_23' title="bbox 432 2041 2006 2114; baseline -0.004 -13"><span class='ocrx_word' id='word_1_150' title='bbox 432 2055 488 2101; x_wconf 87' lang='lat' dir='ltr'><strong>et</strong></span> <span class='ocrx_word' id='word_1_151' title='bbox 514 2046 684 2101; x_wconf 79' lang='lat' dir='ltr'><strong>forma</strong></span> <span class='ocrx_word' id='word_1_152' title='bbox 725 2048 887 2110; x_wconf 89' lang='lat' dir='ltr'><strong>servi,</strong></span> <span class='ocrx_word' id='word_1_153' title='bbox 904 2043 1142 2114; x_wconf 82' lang='lat' dir='ltr'><strong>perfecta</strong></span> <span class='ocrx_word' id='word_1_154' title='bbox 1159 2044 1304 2100; x_wconf 86' lang='lat' dir='ltr'><strong>servi</strong></span> <span class='ocrx_word' id='word_1_155' title='bbox 1322 2043 1493 2098; x_wconf 80' lang='lat' dir='ltr'><strong>forma</strong></span> <span class='ocrx_word' id='word_1_156' title='bbox 1509 2050 1614 2097; x_wconf 90' lang='lat' dir='ltr'><strong>est.</strong></span> <span class='ocrx_word' id='word_1_157' title='bbox 1630 2041 1769 2097; x_wconf 83' lang='lat' dir='ltr'><strong>Hinc</strong></span> <span class='ocrx_word' id='word_1_158' title='bbox 1784 2042 1928 2097; x_wconf 91' lang='lat' dir='ltr'><strong>enim</strong></span> <span class='ocrx_word' id='word_1_159' title='bbox 1951 2048 2006 2097; x_wconf 91' lang='lat' dir='ltr'><strong>et</strong></span> 
     </span>
    </p>
   </div>
   <div class='ocr_carea' id='block_1_24' title="bbox 432 2132 2001 2208">
    <p class='ocr_par' dir='ltr' id='par_1_24' title="bbox 432 2132 2001 2208">
     <span class='ocr_line' id='line_1_24' title="bbox 432 2132 2001 2208; baseline -0.003 -16"><span class='ocrx_word' id='word_1_160' title='bbox 432 2143 627 2208; x_wconf 76' lang='lat' dir='ltr'><strong>stupor</strong></span> <span class='ocrx_word' id='word_1_161' title='bbox 641 2143 694 2191; x_wconf 90' lang='lat' dir='ltr'><strong>et</strong></span> <span class='ocrx_word' id='word_1_162' title='bbox 707 2136 862 2191; x_wconf 90' lang='lat' dir='ltr'><strong>dolor</strong></span> <span class='ocrx_word' id='word_1_163' title='bbox 877 2145 930 2190; x_wconf 90' lang='lat' dir='ltr'><strong>et</strong></span> <span class='ocrx_word' id='word_1_164' title='bbox 946 2151 1137 2206; x_wconf 89' lang='lat' dir='ltr'><strong>angor,</strong></span> <span class='ocrx_word' id='word_1_165' title='bbox 1154 2135 1299 2206; x_wconf 89' lang='lat' dir='ltr'><strong>quod</strong></span> <span class='ocrx_word' id='word_1_166' title='bbox 1314 2134 1485 2189; x_wconf 81' lang='lat' dir='ltr'><strong>forma</strong></span> <span class='ocrx_word' id='word_1_167' title='bbox 1499 2133 1640 2189; x_wconf 88' lang='lat' dir='ltr'><strong>servi</strong></span> <span class='ocrx_word' id='word_1_168' title='bbox 1656 2132 1893 2204; x_wconf 82' lang='lat' dir='ltr'><strong>perfecta</strong></span> <span class='ocrx_word' id='word_1_169' title='bbox 1909 2133 2001 2187; x_wconf 93' lang='lat' dir='ltr'><strong>sit.</strong></span> 
     </span>
    </p>
   </div>
   <div class='ocr_carea' id='block_1_25' title="bbox 429 2226 2004 2301">
    <p class='ocr_par' dir='ltr' id='par_1_25' title="bbox 429 2226 2004 2301">
     <span class='ocr_line' id='line_1_25' title="bbox 429 2226 2004 2301; baseline -0.003 -16"><span class='ocrx_word' id='word_1_170' title='bbox 429 2230 609 2301; x_wconf 79' lang='lat' dir='ltr'><strong>Atque</strong></span> <span class='ocrx_word' id='word_1_171' title='bbox 626 2231 740 2286; x_wconf 60' lang='lat' dir='ltr'><strong>hac</strong></span> <span class='ocrx_word' id='word_1_172' title='bbox 754 2238 839 2285; x_wconf 86' lang='lat' dir='ltr'><strong>est</strong></span> <span class='ocrx_word' id='word_1_173' title='bbox 855 2230 974 2285; x_wconf 85' lang='lat' dir='ltr'><strong>ovis</strong></span> <span class='ocrx_word' id='word_1_174' title='bbox 993 2229 1083 2284; x_wconf 92' lang='lat' dir='ltr'><strong>illa</strong></span> <span class='ocrx_word' id='word_1_175' title='bbox 1098 2244 1263 2299; x_wconf 87' lang='lat' dir='ltr'><strong>quam</strong></span> <span class='ocrx_word' id='word_1_176' title='bbox 1276 2228 1369 2299; x_wconf 87' lang='lat' dir='ltr'><strong>qui</strong></span> <span class='ocrx_word' id='word_1_177' title='bbox 1383 2228 1576 2298; x_wconf 75' lang='lat' dir='ltr'><strong>quaerit</strong></span> <span class='ocrx_word' id='word_1_178' title='bbox 1596 2234 1650 2283; x_wconf 91' lang='lat' dir='ltr'><strong>et</strong></span> <span class='ocrx_word' id='word_1_179' title='bbox 1671 2226 1898 2292; x_wconf 88' lang='lat' dir='ltr'><strong>invenit,</strong></span> <span class='ocrx_word' id='word_1_180' title='bbox 1918 2240 2004 2280; x_wconf 90' lang='lat' dir='ltr'><strong>su-</strong></span> 
     </span>
    </p>
   </div>
   <div class='ocr_carea' id='block_1_26' title="bbox 429 2318 2003 2391">
    <p class='ocr_par' dir='ltr' id='par_1_26' title="bbox 429 2318 2003 2391">
     <span class='ocr_line' id='line_1_26' title="bbox 429 2318 2003 2391; baseline -0.001 -19"><span class='ocrx_word' id='word_1_181' title='bbox 429 2335 529 2391; x_wconf 88' lang='lat' dir='ltr'><strong>per</strong></span> <span class='ocrx_word' id='word_1_182' title='bbox 545 2321 802 2375; x_wconf 89' lang='lat' dir='ltr'><strong>humeros</strong></span> <span class='ocrx_word' id='word_1_183' title='bbox 820 2319 944 2382; x_wconf 83' lang='lat' dir='ltr'><strong>fert,</strong></span> <span class='ocrx_word' id='word_1_184' title='bbox 959 2336 1070 2374; x_wconf 84' lang='lat' dir='ltr'><strong>non</strong></span> <span class='ocrx_word' id='word_1_185' title='bbox 1090 2328 1147 2374; x_wconf 93' lang='lat' dir='ltr'><strong>ut</strong></span> <span class='ocrx_word' id='word_1_186' title='bbox 1164 2335 1277 2375; x_wconf 91' lang='lat' dir='ltr'><strong>rem</strong></span> <span class='ocrx_word' id='word_1_187' title='bbox 1295 2320 1534 2383; x_wconf 89' lang='lat' dir='ltr'><strong>inanem,</strong></span> <span class='ocrx_word' id='word_1_188' title='bbox 1553 2319 1647 2374; x_wconf 86' lang='lat' dir='ltr'><strong>sed</strong></span> <span class='ocrx_word' id='word_1_189' title='bbox 1663 2319 1863 2373; x_wconf 88' lang='lat' dir='ltr'><strong>animal</strong></span> <span class='ocrx_word' id='word_1_190' title='bbox 1884 2318 2003 2372; x_wconf 88' lang='lat' dir='ltr'><strong>ani-</strong></span> 
     </span>
    </p>
   </div>
   <div class='ocr_carea' id='block_1_27' title="bbox 428 2410 2002 2482">
    <p class='ocr_par' dir='ltr' id='par_1_27' title="bbox 428 2410 2002 2482">
     <span class='ocr_line' id='line_1_27' title="bbox 428 2410 2002 2482; baseline 0 -18"><span class='ocrx_word' id='word_1_191' title='bbox 428 2418 658 2475; x_wconf 87' lang='lat' dir='ltr'><strong>matum,</strong></span> <span class='ocrx_word' id='word_1_192' title='bbox 678 2411 1001 2482; x_wconf 85' lang='lat' dir='ltr'><strong>permittens</strong></span> <span class='ocrx_word' id='word_1_193' title='bbox 1017 2413 1093 2466; x_wconf 93' lang='lat' dir='ltr'><strong>illi</strong></span> <span class='ocrx_word' id='word_1_194' title='bbox 1127 2419 1186 2465; x_wconf 92' lang='lat' dir='ltr'><strong>ut</strong></span> <span class='ocrx_word' id='word_1_195' title='bbox 1212 2412 1495 2482; x_wconf 87' lang='lat' dir='ltr'><strong>passiones</strong></span> <span class='ocrx_word' id='word_1_196' title='bbox 1509 2411 1730 2476; x_wconf 88' lang='lat' dir='ltr'><strong>habeat,</strong></span> <span class='ocrx_word' id='word_1_197' title='bbox 1746 2426 1858 2465; x_wconf 91' lang='lat' dir='ltr'><strong>non</strong></span> <span class='ocrx_word' id='word_1_198' title='bbox 1879 2410 2002 2464; x_wconf 89' lang='lat' dir='ltr'><strong>illas</strong></span> 
     </span>
    </p>
   </div>
   <div class='ocr_carea' id='block_1_28' title="bbox 425 2502 2003 2574">
    <p class='ocr_par' dir='ltr' id='par_1_28' title="bbox 425 2502 2003 2574">
     <span class='ocr_line' id='line_1_28' title="bbox 425 2502 2003 2574; baseline -0.001 -18"><span class='ocrx_word' id='word_1_199' title='bbox 425 2503 646 2573; x_wconf 88' lang='lat' dir='ltr'><strong>quidem</strong></span> <span class='ocrx_word' id='word_1_200' title='bbox 659 2504 892 2574; x_wconf 82' lang='lat' dir='ltr'><strong>peccati,</strong></span> <span class='ocrx_word' id='word_1_201' title='bbox 911 2503 1009 2559; x_wconf 89' lang='lat' dir='ltr'><strong>sed</strong></span> <span class='ocrx_word' id='word_1_202' title='bbox 1028 2514 1261 2558; x_wconf 72' lang='lat' dir='ltr'><strong>uatum:</strong></span> <span class='ocrx_word' id='word_1_203' title='bbox 1286 2519 1355 2558; x_wconf 89' lang='lat' dir='ltr'><strong>ne</strong></span> <span class='ocrx_word' id='word_1_204' title='bbox 1373 2502 1659 2573; x_wconf 86' lang='lat' dir='ltr'><strong>phantasia</strong></span> <span class='ocrx_word' id='word_1_205' title='bbox 1679 2517 1801 2557; x_wconf 90' lang='lat' dir='ltr'><strong>esse</strong></span> <span class='ocrx_word' id='word_1_206' title='bbox 1817 2502 2003 2557; x_wconf 81' lang='lat' dir='ltr'><strong>existi-</strong></span> 
     </span>
    </p>
   </div>
   <div class='ocr_carea' id='block_1_29' title="bbox 426 2590 2001 2659">
    <p class='ocr_par' dir='ltr' id='par_1_29' title="bbox 426 2590 2001 2659">
     <span class='ocr_line' id='line_1_29' title="bbox 426 2590 2001 2659; baseline -0.001 -11"><span class='ocrx_word' id='word_1_207' title='bbox 426 2602 625 2659; x_wconf 91' lang='lat' dir='ltr'><strong>metur,</strong></span> <span class='ocrx_word' id='word_1_208' title='bbox 653 2594 963 2650; x_wconf 89' lang='lat' dir='ltr'><strong>etinsaniat</strong></span> <span class='ocrx_word' id='word_1_209' title='bbox 984 2593 1338 2649; x_wconf 68' lang='lat' dir='ltr'><strong>Manicbazus.</strong></span> <span class='ocrx_word' id='word_1_210' title='bbox 1373 2592 1581 2647; x_wconf 81' lang='lat' dir='ltr'><strong>Maced.</strong></span> <span class='ocrx_word' id='word_1_211' title='bbox 1620 2590 2001 2647; x_wconf 89' lang='lat' dir='ltr'><strong>Concedamus</strong></span> 
     </span>
    </p>
   </div>
   <div class='ocr_carea' id='block_1_30' title="bbox 424 2680 2002 2757">
    <p class='ocr_par' dir='ltr' id='par_1_30' title="bbox 424 2680 2002 2757">
     <span class='ocr_line' id='line_1_30' title="bbox 424 2680 2002 2757; baseline -0.004 -18"><span class='ocrx_word' id='word_1_212' title='bbox 424 2683 583 2757; x_wconf 65' lang='lat'><strong>491</strong></span> <span class='ocrx_word' id='word_1_213' title='bbox 616 2683 685 2741; x_wconf 91' lang='lat' dir='ltr'><strong>de</strong></span> <span class='ocrx_word' id='word_1_214' title='bbox 713 2684 893 2739; x_wconf 89' lang='lat' dir='ltr'><strong>anima</strong></span> <span class='ocrx_word' id='word_1_215' title='bbox 916 2683 1141 2754; x_wconf 90' lang='lat' dir='ltr'><strong>pulchre</strong></span> <span class='ocrx_word' id='word_1_216' title='bbox 1162 2690 1216 2739; x_wconf 91' lang='lat' dir='ltr'><strong>te</strong></span> <span class='ocrx_word' id='word_1_217' title='bbox 1243 2682 1551 2749; x_wconf 86' lang='lat' dir='ltr'><strong>disserere;</strong></span> <span class='ocrx_word' id='word_1_218' title='bbox 1584 2680 1681 2737; x_wconf 90' lang='lat' dir='ltr'><strong>sed</strong></span> <span class='ocrx_word' id='word_1_219' title='bbox 1710 2680 1841 2751; x_wconf 90' lang='lat' dir='ltr'><strong>quid</strong></span> <span class='ocrx_word' id='word_1_220' title='bbox 1870 2694 2002 2734; x_wconf 82' lang='lat' dir='ltr'><strong>cau-</strong></span> 
     </span>
    </p>
   </div>
   <div class='ocr_carea' id='block_1_31' title="bbox 426 2758 2001 2834">
    <p class='ocr_par' dir='ltr' id='par_1_31' title="bbox 426 2758 2001 2834">
     <span class='ocr_line' id='line_1_31' title="bbox 426 2758 2001 2834; baseline -0.004 -2"><span class='ocrx_word' id='word_1_221' title='bbox 426 2791 501 2832; x_wconf 70' lang='lat' dir='ltr'><strong>sat</strong></span> <span class='ocrx_word' id='word_1_222' title='bbox 528 2758 613 2834; x_wconf 83' lang='lat' dir='ltr'><strong>est</strong></span> <span class='ocrx_word' id='word_1_223' title='bbox 662 2791 763 2831; x_wconf 87' lang='lat' dir='ltr'><strong>cur</strong></span> <span class='ocrx_word' id='word_1_224' title='bbox 784 2774 1308 2832; x_wconf 87' lang='lat' dir='ltr'><strong>consubstantialem</strong></span> <span class='ocrx_word' id='word_1_225' title='bbox 1354 2771 1549 2826; x_wconf 87' lang='lat' dir='ltr'><strong>Filium</strong></span> <span class='ocrx_word' id='word_1_226' title='bbox 1580 2770 1732 2826; x_wconf 87' lang='lat' dir='ltr'><strong>Patri</strong></span> <span class='ocrx_word' id='word_1_227' title='bbox 1762 2771 2001 2827; x_wconf 84' lang='lat' dir='ltr'><strong>dicatis?</strong></span> 
     </span>
    </p>
   </div>
   <div class='ocr_carea' id='block_1_32' title="bbox 427 2863 2002 2940">
    <p class='ocr_par' dir='ltr' id='par_1_32' title="bbox 427 2863 2002 2940">
     <span class='ocr_line' id='line_1_32' title="bbox 427 2863 2002 2940; baseline -0.004 -16"><span class='ocrx_word' id='word_1_228' title='bbox 427 2868 578 2924; x_wconf 85' lang='lat' dir='ltr'><strong>Orth.</strong></span> <span class='ocrx_word' id='word_1_229' title='bbox 610 2869 750 2937; x_wconf 84' lang='lat' dir='ltr'><strong>Quia</strong></span> <span class='ocrx_word' id='word_1_230' title='bbox 778 2883 944 2940; x_wconf 84' lang='lat' dir='ltr'><strong>quam</strong></span> <span class='ocrx_word' id='word_1_231' title='bbox 973 2867 1178 2922; x_wconf 82' lang='lat' dir='ltr'><strong>dixeris</strong></span> <span class='ocrx_word' id='word_1_232' title='bbox 1219 2879 1342 2921; x_wconf 88' lang='lat' dir='ltr'><strong>esse</strong></span> <span class='ocrx_word' id='word_1_233' title='bbox 1381 2864 1651 2919; x_wconf 87' lang='lat' dir='ltr'><strong>rationem</strong></span> <span class='ocrx_word' id='word_1_234' title='bbox 1681 2863 2002 2919; x_wconf 64' lang='lat' dir='ltr'><strong>substantiae</strong></span> 
     </span>
    </p>
   </div>
   <div class='ocr_carea' id='block_1_33' title="bbox 422 2955 2000 3030">
    <p class='ocr_par' dir='ltr' id='par_1_33' title="bbox 422 2955 2000 3030">
     <span class='ocr_line' id='line_1_33' title="bbox 422 2955 2000 3030; baseline -0.004 -14"><span class='ocrx_word' id='word_1_235' title='bbox 422 2957 619 3025; x_wconf 82' lang='lat' dir='ltr'><strong>Patris,</strong></span> <span class='ocrx_word' id='word_1_236' title='bbox 659 2975 779 3016; x_wconf 86' lang='lat' dir='ltr'><strong>eam</strong></span> <span class='ocrx_word' id='word_1_237' title='bbox 834 2962 1007 3030; x_wconf 81' lang='lat' dir='ltr'><strong>ipsam</strong></span> <span class='ocrx_word' id='word_1_238' title='bbox 1040 2964 1095 3013; x_wconf 92' lang='lat' dir='ltr'><strong>et</strong></span> <span class='ocrx_word' id='word_1_239' title='bbox 1145 2957 1464 3012; x_wconf 68' lang='lat' dir='ltr'><strong>substantiae</strong></span> <span class='ocrx_word' id='word_1_240' title='bbox 1492 2955 1615 3011; x_wconf 87' lang='lat' dir='ltr'><strong>Filii</strong></span> <span class='ocrx_word' id='word_1_241' title='bbox 1645 2971 1769 3011; x_wconf 87' lang='lat' dir='ltr'><strong>esse</strong></span> <span class='ocrx_word' id='word_1_242' title='bbox 1806 2956 2000 3012; x_wconf 88' lang='lat' dir='ltr'><strong>statui-</strong></span> 
     </span>
    </p>
   </div>
   <div class='ocr_carea' id='block_1_34' title="bbox 423 3141 2001 3223">
    <p class='ocr_par' dir='ltr' id='par_1_34' title="bbox 423 3141 2001 3223">
     <span class='ocr_line' id='line_1_34' title="bbox 423 3141 2001 3223; baseline -0.003 -22"><span class='ocrx_word' id='word_1_243' title='bbox 423 3146 728 3201; x_wconf 65' lang='lat' dir='ltr'><strong>zubstantia</strong></span> <span class='ocrx_word' id='word_1_244' title='bbox 772 3145 970 3201; x_wconf 89' lang='lat' dir='ltr'><strong>simile.</strong></span> <span class='ocrx_word' id='word_1_245' title='bbox 1024 3144 1213 3199; x_wconf 77' lang='grc' dir='ltr'>ΟνιΙι..</span> <span class='ocrx_word' id='word_1_246' title='bbox 1247 3141 1437 3198; x_wconf 89' lang='lat' dir='ltr'><strong>Simile</strong></span> <span class='ocrx_word' id='word_1_247' title='bbox 1462 3142 1775 3223; x_wconf 88' lang='lat' dir='ltr'><strong>substantia</strong></span> <span class='ocrx_word' id='word_1_248' title='bbox 1801 3150 1908 3209; x_wconf 88' lang='lat' dir='ltr'><strong>est,</strong></span> <span class='ocrx_word' id='word_1_249' title='bbox 1940 3150 2001 3197; x_wconf 92' lang='lat' dir='ltr'><strong>ut</strong></span> 
     </span>
    </p>
   </div>
   <div class='ocr_carea' id='block_1_35' title="bbox 418 3235 2001 3309">
    <p class='ocr_par' dir='ltr' id='par_1_35' title="bbox 418 3235 2001 3309">
     <span class='ocr_line' id='line_1_35' title="bbox 418 3235 2001 3309; baseline -0.003 -17"><span class='ocrx_word' id='word_1_250' title='bbox 418 3239 503 3295; x_wconf 81' lang='lat' dir='ltr'><strong>ita</strong></span> <span class='ocrx_word' id='word_1_251' title='bbox 530 3239 732 3302; x_wconf 85' lang='lat' dir='ltr'><strong>dicam,</strong></span> <span class='ocrx_word' id='word_1_252' title='bbox 796 3238 1030 3308; x_wconf 81' lang='lat' dir='ltr'><strong>agrestis</strong></span> <span class='ocrx_word' id='word_1_253' title='bbox 1078 3236 1394 3309; x_wconf 87' lang='lat' dir='ltr'><strong>sapientia:</strong></span> <span class='ocrx_word' id='word_1_254' title='bbox 1441 3244 1501 3289; x_wconf 93' lang='lat' dir='ltr'><strong>ut</strong></span> <span class='ocrx_word' id='word_1_255' title='bbox 1535 3236 1583 3292; x_wconf 90' lang='lat' dir='ltr'><strong>si</strong></span> <span class='ocrx_word' id='word_1_256' title='bbox 1611 3237 1738 3306; x_wconf 87' lang='lat' dir='ltr'><strong>quis</strong></span> <span class='ocrx_word' id='word_1_257' title='bbox 1782 3235 2001 3303; x_wconf 87' lang='lat' dir='ltr'><strong>dixerit,</strong></span> 
     </span>
    </p>
   </div>
   <div class='ocr_carea' id='block_1_36' title="bbox 423 3324 2003 3401">
    <p class='ocr_par' dir='ltr' id='par_1_36' title="bbox 423 3324 2003 3401">
     <span class='ocr_line' id='line_1_36' title="bbox 423 3324 2003 3401; baseline -0.002 -19"><span class='ocrx_word' id='word_1_258' title='bbox 423 3325 571 3397; x_wconf 79' lang='lat' dir='ltr'><strong>quod</strong></span> <span class='ocrx_word' id='word_1_259' title='bbox 601 3327 742 3382; x_wconf 92' lang='lat' dir='ltr'><strong>idem</strong></span> <span class='ocrx_word' id='word_1_260' title='bbox 773 3326 846 3381; x_wconf 87' lang='lat' dir='ltr'><strong>sit</strong></span> <span class='ocrx_word' id='word_1_261' title='bbox 875 3326 1037 3383; x_wconf 92' lang='lat' dir='ltr'><strong>unius</strong></span> <span class='ocrx_word' id='word_1_262' title='bbox 1068 3326 1238 3380; x_wconf 88' lang='lat' dir='ltr'><strong>moris</strong></span> <span class='ocrx_word' id='word_1_263' title='bbox 1281 3332 1337 3380; x_wconf 92' lang='lat' dir='ltr'><strong>et</strong></span> <span class='ocrx_word' id='word_1_264' title='bbox 1369 3324 1563 3381; x_wconf 87' lang='lat' dir='ltr'><strong>similis</strong></span> <span class='ocrx_word' id='word_1_265' title='bbox 1587 3325 1781 3392; x_wconf 89' lang='lat' dir='ltr'><strong>moris,</strong></span> <span class='ocrx_word' id='word_1_266' title='bbox 1831 3325 2003 3401; x_wconf 77' lang='lat' dir='ltr'><strong>idem-</strong></span> 
     </span>
    </p>
   </div>
   <div class='ocr_carea' id='block_1_37' title="bbox 425 3414 2001 3488">
    <p class='ocr_par' dir='ltr' id='par_1_37' title="bbox 425 3414 2001 3488">
     <span class='ocr_line' id='line_1_37' title="bbox 425 3414 2001 3488; baseline 0.001 -17"><span class='ocrx_word' id='word_1_267' title='bbox 425 3431 531 3486; x_wconf 87' lang='lat' dir='ltr'><strong>que</strong></span> <span class='ocrx_word' id='word_1_268' title='bbox 559 3414 725 3470; x_wconf 85' lang='lat' dir='ltr'><strong>unius</strong></span> <span class='ocrx_word' id='word_1_269' title='bbox 758 3415 976 3486; x_wconf 75' lang='lat' dir='ltr'><strong>generis</strong></span> <span class='ocrx_word' id='word_1_270' title='bbox 1006 3424 1059 3471; x_wconf 90' lang='lat' dir='ltr'><strong>et</strong></span> <span class='ocrx_word' id='word_1_271' title='bbox 1085 3415 1280 3471; x_wconf 87' lang='lat' dir='ltr'><strong>similis</strong></span> <span class='ocrx_word' id='word_1_272' title='bbox 1330 3415 1565 3486; x_wconf 82' lang='lat' dir='ltr'><strong>generis,</strong></span> <span class='ocrx_word' id='word_1_273' title='bbox 1619 3417 1785 3472; x_wconf 89' lang='lat' dir='ltr'><strong>unius</strong></span> <span class='ocrx_word' id='word_1_274' title='bbox 1814 3417 2001 3488; x_wconf 72' lang='lat' dir='ltr'><strong>gloria:</strong></span> 
     </span>
    </p>
   </div>
   <div class='ocr_carea' id='block_1_38' title="bbox 421 3508 1999 3578">
    <p class='ocr_par' dir='ltr' id='par_1_38' title="bbox 421 3508 1999 3578">
     <span class='ocr_line' id='line_1_38' title="bbox 421 3508 1999 3578; baseline 0.003 -17"><span class='ocrx_word' id='word_1_275' title='bbox 421 3516 477 3562; x_wconf 72' lang='lat' dir='ltr'><strong>et</strong></span> <span class='ocrx_word' id='word_1_276' title='bbox 506 3509 702 3564; x_wconf 89' lang='lat' dir='ltr'><strong>similis</strong></span> <span class='ocrx_word' id='word_1_277' title='bbox 732 3509 939 3578; x_wconf 70' lang='lat' dir='ltr'><strong>glorise,</strong></span> <span class='ocrx_word' id='word_1_278' title='bbox 976 3508 1140 3564; x_wconf 87' lang='lat' dir='ltr'><strong>unius</strong></span> <span class='ocrx_word' id='word_1_279' title='bbox 1183 3508 1469 3564; x_wconf 62' lang='lat' dir='ltr'><strong>sententiae</strong></span> <span class='ocrx_word' id='word_1_280' title='bbox 1522 3518 1575 3565; x_wconf 91' lang='lat' dir='ltr'><strong>et</strong></span> <span class='ocrx_word' id='word_1_281' title='bbox 1628 3508 1822 3565; x_wconf 87' lang='lat' dir='ltr'><strong>similis</strong></span> <span class='ocrx_word' id='word_1_282' title='bbox 1871 3524 1999 3565; x_wconf 90' lang='lat' dir='ltr'><strong>sen-</strong></span> 
     </span>
    </p>
   </div>
   <div class='ocr_carea' id='block_1_39' title="bbox 422 3599 2000 3672">
    <p class='ocr_par' dir='ltr' id='par_1_39' title="bbox 422 3599 2000 3672">
     <span class='ocr_line' id='line_1_39' title="bbox 422 3599 2000 3672; baseline 0.002 -18"><span class='ocrx_word' id='word_1_283' title='bbox 422 3603 623 3656; x_wconf 70' lang='lat' dir='ltr'><strong>tentiae.</strong></span> <span class='ocrx_word' id='word_1_284' title='bbox 656 3599 866 3656; x_wconf 80' lang='lat' dir='ltr'><strong>Maced.</strong></span> <span class='ocrx_word' id='word_1_285' title='bbox 885 3600 1259 3672; x_wconf 87' lang='lat' dir='ltr'><strong>Nequaquam,</strong></span> <span class='ocrx_word' id='word_1_286' title='bbox 1279 3599 1375 3657; x_wconf 89' lang='lat' dir='ltr'><strong>sed</strong></span> <span class='ocrx_word' id='word_1_287' title='bbox 1393 3599 1695 3655; x_wconf 81' lang='lat' dir='ltr'><strong>substantia</strong></span> <span class='ocrx_word' id='word_1_288' title='bbox 1725 3601 1903 3656; x_wconf 73' lang='lat' dir='ltr'><strong>simile</strong></span> <span class='ocrx_word' id='word_1_289' title='bbox 1933 3600 2000 3657; x_wconf 92' lang='lat' dir='ltr'><strong>de</strong></span> 
     </span>
    </p>
   </div>
   <div class='ocr_carea' id='block_1_40' title="bbox 420 3692 1994 3764">
    <p class='ocr_par' dir='ltr' id='par_1_40' title="bbox 420 3692 1994 3764">
     <span class='ocr_line' id='line_1_40' title="bbox 420 3692 1994 3764; baseline 0.001 -17"><span class='ocrx_word' id='word_1_290' title='bbox 420 3693 781 3763; x_wconf 81' lang='lat' dir='ltr'><strong>incorporeis,</strong></span> <span class='ocrx_word' id='word_1_291' title='bbox 812 3692 1266 3748; x_wconf 80' lang='lat' dir='ltr'><strong>consubstantiale</strong></span> <span class='ocrx_word' id='word_1_292' title='bbox 1303 3694 1371 3749; x_wconf 89' lang='lat' dir='ltr'><strong>de</strong></span> <span class='ocrx_word' id='word_1_293' title='bbox 1412 3692 1738 3764; x_wconf 88' lang='lat' dir='ltr'><strong>corporibus</strong></span> <span class='ocrx_word' id='word_1_294' title='bbox 1770 3692 1994 3749; x_wconf 88' lang='lat' dir='ltr'><strong>dicitur.</strong></span> 
     </span>
    </p>
   </div>
   <div class='ocr_carea' id='block_1_41' title="bbox 424 3780 1998 3854">
    <p class='ocr_par' dir='ltr' id='par_1_41' title="bbox 424 3780 1998 3854">
     <span class='ocr_line' id='line_1_41' title="bbox 424 3780 1998 3854; baseline 0.001 -17"><span class='ocrx_word' id='word_1_295' title='bbox 424 3780 577 3837; x_wconf 82' lang='lat' dir='ltr'><strong>Orth.</strong></span> <span class='ocrx_word' id='word_1_296' title='bbox 610 3781 728 3836; x_wconf 87' lang='lat' dir='ltr'><strong>Dixi</strong></span> <span class='ocrx_word' id='word_1_297' title='bbox 749 3789 1017 3852; x_wconf 81' lang='lat' dir='ltr'><strong>agrestem</strong></span> <span class='ocrx_word' id='word_1_298' title='bbox 1047 3797 1171 3837; x_wconf 90' lang='lat' dir='ltr'><strong>esse</strong></span> <span class='ocrx_word' id='word_1_299' title='bbox 1200 3782 1524 3853; x_wconf 87' lang='lat' dir='ltr'><strong>sapientiam</strong></span> <span class='ocrx_word' id='word_1_300' title='bbox 1549 3801 1564 3838; x_wconf 89' lang='lat'><strong>:</strong></span> <span class='ocrx_word' id='word_1_301' title='bbox 1595 3782 1779 3853; x_wconf 90' lang='lat' dir='ltr'><strong>potius</strong></span> <span class='ocrx_word' id='word_1_302' title='bbox 1798 3784 1998 3854; x_wconf 92' lang='lat' dir='ltr'><strong>quippe</strong></span> 
     </span>
    </p>
   </div>
   <div class='ocr_carea' id='block_1_42' title="bbox 418 3873 1995 3945">
    <p class='ocr_par' dir='ltr' id='par_1_42' title="bbox 418 3873 1995 3945">
     <span class='ocr_line' id='line_1_42' title="bbox 418 3873 1995 3945; baseline 0.001 -17"><span class='ocrx_word' id='word_1_303' title='bbox 418 3874 603 3929; x_wconf 86' lang='lat' dir='ltr'><strong>dicere</strong></span> <span class='ocrx_word' id='word_1_304' title='bbox 634 3890 732 3929; x_wconf 76' lang='lat' dir='ltr'><strong>vos</strong></span> <span class='ocrx_word' id='word_1_305' title='bbox 760 3876 1002 3944; x_wconf 90' lang='lat' dir='ltr'><strong>oportuit</strong></span> <span class='ocrx_word' id='word_1_306' title='bbox 1030 3873 1330 3928; x_wconf 76' lang='lat' dir='ltr'><strong>substantia</strong></span> <span class='ocrx_word' id='word_1_307' title='bbox 1369 3875 1542 3928; x_wconf 82' lang='lat' dir='ltr'><strong>simile</strong></span> <span class='ocrx_word' id='word_1_308' title='bbox 1583 3875 1650 3929; x_wconf 91' lang='lat' dir='ltr'><strong>de</strong></span> <span class='ocrx_word' id='word_1_309' title='bbox 1673 3875 1995 3945; x_wconf 88' lang='lat' dir='ltr'><strong>corporibus</strong></span> 
     </span>
    </p>
   </div>
   <div class='ocr_carea' id='block_1_43' title="bbox 419 3965 1995 4038">
    <p class='ocr_par' dir='ltr' id='par_1_43' title="bbox 419 3965 1995 4038">
     <span class='ocr_line' id='line_1_43' title="bbox 419 3965 1995 4038; baseline 0.002 -18"><span class='ocrx_word' id='word_1_310' title='bbox 419 3968 476 4020; x_wconf 88' lang='lat' dir='ltr'><strong>in</strong></span> <span class='ocrx_word' id='word_1_311' title='bbox 523 3984 645 4038; x_wconf 81' lang='lat' dir='ltr'><strong>quae</strong></span> <span class='ocrx_word' id='word_1_312' title='bbox 693 3968 840 4023; x_wconf 86' lang='lat' dir='ltr'><strong>cadit</strong></span> <span class='ocrx_word' id='word_1_313' title='bbox 885 3966 1209 4034; x_wconf 90' lang='lat' dir='ltr'><strong>similitudo,</strong></span> <span class='ocrx_word' id='word_1_314' title='bbox 1259 3965 1714 4023; x_wconf 79' lang='lat' dir='ltr'><strong>consubstantiale</strong></span> <span class='ocrx_word' id='word_1_315' title='bbox 1759 3983 1889 4022; x_wconf 87' lang='lat' dir='ltr'><strong>vero</strong></span> <span class='ocrx_word' id='word_1_316' title='bbox 1925 3968 1995 4023; x_wconf 91' lang='lat' dir='ltr'><strong>de</strong></span> 
     </span>
    </p>
   </div>
   <div class='ocr_carea' id='block_1_44' title="bbox 416 4059 1993 4132">
    <p class='ocr_par' dir='ltr' id='par_1_44' title="bbox 416 4059 1993 4132">
     <span class='ocr_line' id='line_1_44' title="bbox 416 4059 1993 4132; baseline -0.001 -18"><span class='ocrx_word' id='word_1_317' title='bbox 416 4061 754 4132; x_wconf 88' lang='lat' dir='ltr'><strong>incorporeis</strong></span> <span class='ocrx_word' id='word_1_318' title='bbox 782 4060 911 4125; x_wconf 90' lang='lat' dir='ltr'><strong>dici,</strong></span> <span class='ocrx_word' id='word_1_319' title='bbox 957 4061 1012 4115; x_wconf 90' lang='lat' dir='ltr'><strong>in</strong></span> <span class='ocrx_word' id='word_1_320' title='bbox 1046 4074 1169 4130; x_wconf 67' lang='lat' dir='ltr'><strong>quae</strong></span> <span class='ocrx_word' id='word_1_321' title='bbox 1210 4059 1356 4113; x_wconf 90' lang='lat' dir='ltr'><strong>cadit</strong></span> <span class='ocrx_word' id='word_1_322' title='bbox 1386 4059 1643 4114; x_wconf 90' lang='lat' dir='ltr'><strong>identitas</strong></span> <span class='ocrx_word' id='word_1_323' title='bbox 1675 4077 1690 4112; x_wconf 88' lang='lat'><strong>:</strong></span> <span class='ocrx_word' id='word_1_324' title='bbox 1719 4073 1842 4113; x_wconf 92' lang='lat' dir='ltr'><strong>nam</strong></span> <span class='ocrx_word' id='word_1_325' title='bbox 1864 4075 1993 4112; x_wconf 82' lang='lat' dir='ltr'><strong>con—</strong></span> 
     </span>
    </p>
   </div>
   <div class='ocr_carea' id='block_1_45' title="bbox 416 4150 1992 4224">
    <p class='ocr_par' dir='ltr' id='par_1_45' title="bbox 416 4150 1992 4224">
     <span class='ocr_line' id='line_1_45' title="bbox 416 4150 1992 4224; baseline -0.001 -17"><span class='ocrx_word' id='word_1_326' title='bbox 416 4151 771 4207; x_wconf 74' lang='lat' dir='ltr'><strong>substantiale</strong></span> <span class='ocrx_word' id='word_1_327' title='bbox 784 4159 870 4209; x_wconf 84' lang='lat' dir='ltr'><strong>est</strong></span> <span class='ocrx_word' id='word_1_328' title='bbox 898 4152 1133 4224; x_wconf 83' lang='lat' dir='ltr'><strong>ejusdem</strong></span> <span class='ocrx_word' id='word_1_329' title='bbox 1160 4152 1496 4208; x_wconf 62' lang='lat' dir='ltr'><strong>substantia}.</strong></span> <span class='ocrx_word' id='word_1_330' title='bbox 1527 4150 1734 4206; x_wconf 82' lang='lat' dir='ltr'><strong>Maced.</strong></span> <span class='ocrx_word' id='word_1_331' title='bbox 1758 4152 1827 4206; x_wconf 85' lang='lat' dir='ltr'><strong>At</strong></span> <span class='ocrx_word' id='word_1_332' title='bbox 1856 4168 1992 4208; x_wconf 90' lang='lat' dir='ltr'><strong>con-</strong></span> 
     </span>
    </p>
   </div>
   <div class='ocr_carea' id='block_1_46' title="bbox 417 4244 1987 4316">
    <p class='ocr_par' dir='ltr' id='par_1_46' title="bbox 417 4244 1987 4316">
     <span class='ocr_line' id='line_1_46' title="bbox 417 4244 1987 4316; baseline -0.001 -15"><span class='ocrx_word' id='word_1_333' title='bbox 417 4246 800 4301; x_wconf 86' lang='lat' dir='ltr'><strong>substantialia</strong></span> <span class='ocrx_word' id='word_1_334' title='bbox 871 4246 1254 4316; x_wconf 66' lang='lat' dir='ltr'><strong>praejacentem</strong></span> <span class='ocrx_word' id='word_1_335' title='bbox 1319 4244 1523 4301; x_wconf 88' lang='lat' dir='ltr'><strong>habent</strong></span> <span class='ocrx_word' id='word_1_336' title='bbox 1601 4245 1987 4301; x_wconf 88' lang='lat' dir='ltr'><strong>substantiam.</strong></span> 
     </span>
    </p>
   </div>
   <div class='ocr_carea' id='block_1_47' title="bbox 418 4328 1989 4407">
    <p class='ocr_par' dir='ltr' id='par_1_47' title="bbox 418 4328 1989 4407">
     <span class='ocr_line' id='line_1_47' title="bbox 418 4328 1989 4407; baseline 0.001 -17"><span class='ocrx_word' id='word_1_337' title='bbox 418 4328 572 4390; x_wconf 69' lang='lat' dir='ltr'><strong>Orta.</strong></span> <span class='ocrx_word' id='word_1_338' title='bbox 606 4335 959 4407; x_wconf 79' lang='lat' dir='ltr'><strong>Nequaquam</strong></span> <span class='ocrx_word' id='word_1_339' title='bbox 992 4353 1122 4393; x_wconf 85' lang='lat' dir='ltr'><strong>vere</strong></span> <span class='ocrx_word' id='word_1_340' title='bbox 1151 4337 1290 4394; x_wconf 91' lang='lat' dir='ltr'><strong>dicis</strong></span> <span class='ocrx_word' id='word_1_341' title='bbox 1329 4358 1342 4393; x_wconf 88' lang='lat'><strong>:</strong></span> <span class='ocrx_word' id='word_1_342' title='bbox 1376 4352 1503 4392; x_wconf 90' lang='lat' dir='ltr'><strong>nam</strong></span> <span class='ocrx_word' id='word_1_343' title='bbox 1545 4338 1989 4394; x_wconf 85' lang='lat' dir='ltr'><strong>consubstantia-</strong></span> 
     </span>
    </p>
   </div>
   <div class='ocr_carea' id='block_1_48' title="bbox 2117 475 3703 555">
    <p class='ocr_par' dir='ltr' id='par_1_48' title="bbox 2117 475 3703 555">
     <span class='ocr_line' id='line_1_48' title="bbox 2117 475 3703 555; baseline -0.001 -21"><span class='ocrx_word' id='word_1_344' title='bbox 2117 483 2329 555; x_wconf 73' lang='grc' dir='ltr'>εἴρηται</span> <span class='ocrx_word' id='word_1_345' title='bbox 2371 483 2497 554; x_wconf 75' lang='grc' dir='ltr'>περὶ</span> <span class='ocrx_word' id='word_1_346' title='bbox 2526 481 2692 538; x_wconf 80' lang='grc' dir='ltr'>αὐτοῦ</span> <span class='ocrx_word' id='word_1_347' title='bbox 2732 482 3066 554; x_wconf 82' lang='grc' dir='ltr'>ἀνθρώπινα,</span> <span class='ocrx_word' id='word_1_348' title='bbox 3094 475 3204 535; x_wconf 78' lang='grc' dir='ltr'>οἷον</span> <span class='ocrx_word' id='word_1_349' title='bbox 3247 479 3386 550; x_wconf 81' lang='grc' dir='ltr'>ἀκοὴ</span> <span class='ocrx_word' id='word_1_350' title='bbox 3410 520 3427 543; x_wconf 92' lang='grc'><strong>,</strong></span> <span class='ocrx_word' id='word_1_351' title='bbox 3481 480 3703 550; x_wconf 83' lang='grc' dir='ltr'>ὅρασις,</span> 
     </span>
    </p>
   </div>
   <div class='ocr_carea' id='block_1_49' title="bbox 2114 571 3706 647">
    <p class='ocr_par' dir='ltr' id='par_1_49' title="bbox 2114 571 3706 647">
     <span class='ocr_line' id='line_1_49' title="bbox 2114 571 3706 647; baseline -0.019 -3"><span class='ocrx_word' id='word_1_352' title='bbox 2114 572 2401 646; x_wconf 69' lang='grc' dir='ltr'>ὄσφρησις.</span> <span class='ocrx_word' id='word_1_353' title='bbox 2429 575 2601 647; x_wconf 83' lang='grc' dir='ltr'>φωνὴ,</span> <span class='ocrx_word' id='word_1_354' title='bbox 2617 573 3119 645; x_wconf 78' lang='grc' dir='ltr'>γεῦσις,ὲπιθυμία,</span> <span class='ocrx_word' id='word_1_355' title='bbox 3133 572 3298 645; x_wconf 73' lang='grc' dir='ltr'>λύπη,</span> <span class='ocrx_word' id='word_1_356' title='bbox 3314 571 3553 643; x_wconf 77' lang='grc' dir='ltr'>θάμϐος,</span> 
     </span>
    </p>
   </div>
   <div class='ocr_carea' id='block_1_50' title="bbox 2117 664 3702 739">
    <p class='ocr_par' dir='ltr' id='par_1_50' title="bbox 2117 664 3702 739">
     <span class='ocr_line' id='line_1_50' title="bbox 2117 664 3702 739; baseline -0.002 -20"><span class='ocrx_word' id='word_1_357' title='bbox 2117 665 2294 735; x_wconf 88' lang='grc' dir='ltr'>μονία,</span> <span class='ocrx_word' id='word_1_358' title='bbox 2334 666 2656 736; x_wconf 82' lang='grc' dir='ltr'><strong>περίπατος,</strong></span> <span class='ocrx_word' id='word_1_359' title='bbox 2694 664 3151 739; x_wconf 79' lang='grc' dir='ltr'><strong>καταχρηστικῶς</strong></span> <span class='ocrx_word' id='word_1_360' title='bbox 3183 664 3399 737; x_wconf 82' lang='grc' dir='ltr'>εἴρηται</span> <span class='ocrx_word' id='word_1_361' title='bbox 3421 706 3438 731; x_wconf 93' lang='grc'><strong>,</strong></span> <span class='ocrx_word' id='word_1_362' title='bbox 3470 664 3577 718; x_wconf 77' lang='grc' dir='ltr'>καὶ</span> <span class='ocrx_word' id='word_1_363' title='bbox 3607 665 3702 717; x_wconf 78' lang='grc' dir='ltr'><strong>οὐκ</strong></span> 
     </span>
    </p>
   </div>
   <div class='ocr_carea' id='block_1_51' title="bbox 2113 755 3701 827">
    <p class='ocr_par' dir='ltr' id='par_1_51' title="bbox 2113 755 3701 827">
     <span class='ocr_line' id='line_1_51' title="bbox 2113 755 3701 827; baseline -0.001 -18"><span class='ocrx_word' id='word_1_364' title='bbox 2113 755 2367 827; x_wconf 73' lang='grc' dir='ltr'>ἀληθείας</span> <span class='ocrx_word' id='word_1_365' title='bbox 2402 756 2622 810; x_wconf 83' lang='grc' dir='ltr'>Μακεδ.</span> <span class='ocrx_word' id='word_1_366' title='bbox 2659 757 2845 812; x_wconf 82' lang='grc' dir='ltr'>Πάντα</span> <span class='ocrx_word' id='word_1_367' title='bbox 2875 756 3047 811; x_wconf 81' lang='grc' dir='ltr'>ταῦτα</span> <span class='ocrx_word' id='word_1_368' title='bbox 3073 756 3142 809; x_wconf 84' lang='grc' dir='ltr'><strong>τὰ</strong></span> <span class='ocrx_word' id='word_1_369' title='bbox 3168 756 3550 827; x_wconf 81' lang='grc' dir='ltr'><strong>προειρημένα</strong></span> <span class='ocrx_word' id='word_1_370' title='bbox 3582 755 3701 822; x_wconf 76' lang='grc' dir='ltr'>ἀλη-</span> 
     </span>
    </p>
   </div>
   <div class='ocr_carea' id='block_1_52' title="bbox 2113 845 3699 921">
    <p class='ocr_par' dir='ltr' id='par_1_52' title="bbox 2113 845 3699 921">
     <span class='ocr_line' id='line_1_52' title="bbox 2113 845 3699 921; baseline -0.003 -20"><span class='ocrx_word' id='word_1_371' title='bbox 2113 846 2222 910; x_wconf 87' lang='grc' dir='ltr'><strong>θῶς</strong></span> <span class='ocrx_word' id='word_1_372' title='bbox 2252 848 2484 920; x_wconf 85' lang='grc' dir='ltr'>είρηται,</span> <span class='ocrx_word' id='word_1_373' title='bbox 2510 849 2653 921; x_wconf 80' lang='grc' dir='ltr'>ψυχὴ</span> <span class='ocrx_word' id='word_1_374' title='bbox 2684 849 2741 903; x_wconf 82' lang='grc' dir='ltr'>δὲ</span> <span class='ocrx_word' id='word_1_375' title='bbox 2775 845 3248 921; x_wconf 79' lang='grc' dir='ltr'><strong>καταχρηστικῶς.</strong></span> <span class='ocrx_word' id='word_1_376' title='bbox 3303 849 3459 915; x_wconf 86' lang='grc' dir='ltr'>Ὀρθ.</span> <span class='ocrx_word' id='word_1_377' title='bbox 3516 847 3632 900; x_wconf 77' lang='grc' dir='ltr'>Καὶ</span> <span class='ocrx_word' id='word_1_378' title='bbox 3671 848 3699 898; x_wconf 88' lang='grc' dir='ltr'><strong>ὁ</strong></span> 
     </span>
    </p>
   </div>
   <div class='ocr_carea' id='block_1_53' title="bbox 2113 936 3700 1023">
    <p class='ocr_par' dir='ltr' id='par_1_53' title="bbox 2113 936 3700 1023">
     <span class='ocr_line' id='line_1_53' title="bbox 2113 936 3700 1023; baseline 0 -32"><span class='ocrx_word' id='word_1_379' title='bbox 2113 936 2451 1003; x_wconf 78' lang='grc' dir='ltr'>καταξιώσας</span> <span class='ocrx_word' id='word_1_380' title='bbox 2478 940 2738 1023; x_wconf 61' lang='grc' dir='ltr'>κοπιῶντι</span> <span class='ocrx_word' id='word_1_381' title='bbox 2763 940 2840 1011; x_wconf 78' lang='grc' dir='ltr'><strong>τῷ</strong></span> <span class='ocrx_word' id='word_1_382' title='bbox 2874 940 3107 1011; x_wconf 88' lang='grc' dir='ltr'>σώματι,</span> <span class='ocrx_word' id='word_1_383' title='bbox 3132 941 3228 993; x_wconf 83' lang='grc' dir='ltr'>καὶ</span> <span class='ocrx_word' id='word_1_384' title='bbox 3252 938 3311 1006; x_wconf 79' lang='grc' dir='ltr'>ἐξ</span> <span class='ocrx_word' id='word_1_385' title='bbox 3343 939 3580 1000; x_wconf 76' lang='grc' dir='ltr'>ὀστέων,</span> <span class='ocrx_word' id='word_1_386' title='bbox 3612 942 3700 993; x_wconf 68' lang='grc' dir='ltr'><strong>καὶ</strong></span> 
     </span>
    </p>
   </div>
   <div class='ocr_carea' id='block_1_54' title="bbox 2113 1029 3697 1104">
    <p class='ocr_par' dir='ltr' id='par_1_54' title="bbox 2113 1029 3697 1104">
     <span class='ocr_line' id='line_1_54' title="bbox 2113 1029 3697 1104; baseline -0.001 -21"><span class='ocrx_word' id='word_1_387' title='bbox 2113 1029 2340 1101; x_wconf 84' lang='grc' dir='ltr'><strong>νεύρων,</strong></span> <span class='ocrx_word' id='word_1_388' title='bbox 2368 1032 2465 1085; x_wconf 79' lang='grc' dir='ltr'>καὶ</span> <span class='ocrx_word' id='word_1_389' title='bbox 2497 1030 2731 1101; x_wconf 76' lang='grc' dir='ltr'>φλεῦῶν,</span> <span class='ocrx_word' id='word_1_390' title='bbox 2755 1032 2850 1085; x_wconf 71' lang='grc' dir='ltr'><strong>καὶ</strong></span> <span class='ocrx_word' id='word_1_391' title='bbox 2867 1030 3162 1104; x_wconf 83' lang='grc' dir='ltr'>ἀρτηριῶν,</span> <span class='ocrx_word' id='word_1_392' title='bbox 3184 1031 3277 1083; x_wconf 82' lang='grc' dir='ltr'><strong>καί</strong></span> <span class='ocrx_word' id='word_1_393' title='bbox 3315 1030 3496 1085; x_wconf 79' lang='grc' dir='ltr'>ἄλλων</span> <span class='ocrx_word' id='word_1_394' title='bbox 3526 1030 3697 1098; x_wconf 82' lang='grc' dir='ltr'>μελῶν</span> 
     </span>
    </p>
   </div>
   <div class='ocr_carea' id='block_1_55' title="bbox 2110 1117 3697 1195">
    <p class='ocr_par' dir='ltr' id='par_1_55' title="bbox 2110 1117 3697 1195">
     <span class='ocr_line' id='line_1_55' title="bbox 2110 1117 3697 1195; baseline 0 -21"><span class='ocrx_word' id='word_1_395' title='bbox 2110 1120 2204 1174; x_wconf 81' lang='grc' dir='ltr'>τοῦ</span> <span class='ocrx_word' id='word_1_396' title='bbox 2225 1121 2472 1193; x_wconf 86' lang='grc' dir='ltr'>σώματος</span> <span class='ocrx_word' id='word_1_397' title='bbox 2491 1124 2581 1175; x_wconf 70' lang='grc' dir='ltr'>καὶ</span> <span class='ocrx_word' id='word_1_398' title='bbox 2603 1123 2781 1194; x_wconf 83' lang='grc' dir='ltr'>μερῶν</span> <span class='ocrx_word' id='word_1_399' title='bbox 2802 1122 3141 1195; x_wconf 82' lang='grc' dir='ltr'>συμπαγέντι</span> <span class='ocrx_word' id='word_1_400' title='bbox 3161 1121 3451 1192; x_wconf 84' lang='grc' dir='ltr'>ἐνωθῆναι,</span> <span class='ocrx_word' id='word_1_401' title='bbox 3468 1123 3575 1175; x_wconf 83' lang='grc' dir='ltr'><strong>οὐκ</strong></span> <span class='ocrx_word' id='word_1_402' title='bbox 3590 1117 3697 1192; x_wconf 75' lang='grc' dir='ltr'>εἶχε</span> 
     </span>
    </p>
   </div>
   <div class='ocr_carea' id='block_1_56' title="bbox 2108 1211 3695 1286">
    <p class='ocr_par' dir='ltr' id='par_1_56' title="bbox 2108 1211 3695 1286">
     <span class='ocr_line' id='line_1_56' title="bbox 2108 1211 3695 1286; baseline 0.001 -21"><span class='ocrx_word' id='word_1_403' title='bbox 2108 1211 2316 1284; x_wconf 75' lang='grc' dir='ltr'>ψυχήνς</span> <span class='ocrx_word' id='word_1_404' title='bbox 2352 1213 2570 1268; x_wconf 83' lang='grc' dir='ltr'>Μακεδ.</span> <span class='ocrx_word' id='word_1_405' title='bbox 2594 1214 2658 1266; x_wconf 94' lang='grc' dir='ltr'>Τί</span> <span class='ocrx_word' id='word_1_406' title='bbox 2690 1214 2877 1286; x_wconf 84' lang='grc' dir='ltr'>χρείαν</span> <span class='ocrx_word' id='word_1_407' title='bbox 2913 1211 3024 1285; x_wconf 75' lang='grc' dir='ltr'>εἶχε</span> <span class='ocrx_word' id='word_1_408' title='bbox 3054 1213 3232 1285; x_wconf 79' lang='grc' dir='ltr'>ψυχῆς</span> <span class='ocrx_word' id='word_1_409' title='bbox 3260 1215 3295 1285; x_wconf 81' lang='grc' dir='ltr'>ἡ</span> <span class='ocrx_word' id='word_1_410' title='bbox 3327 1215 3495 1284; x_wconf 85' lang='grc' dir='ltr'><strong>Ζωή;</strong></span> <span class='ocrx_word' id='word_1_411' title='bbox 3543 1215 3695 1281; x_wconf 72' lang='grc' dir='ltr'>Ὀρθ.</span> 
     </span>
    </p>
   </div>
   <div class='ocr_carea' id='block_1_57' title="bbox 2109 1302 3700 1379">
    <p class='ocr_par' dir='ltr' id='par_1_57' title="bbox 2109 1302 3700 1379">
     <span class='ocr_line' id='line_1_57' title="bbox 2109 1302 3700 1379; baseline 0 -22"><span class='ocrx_word' id='word_1_412' title='bbox 2109 1305 2174 1357; x_wconf 89' lang='grc' dir='ltr'>Τί</span> <span class='ocrx_word' id='word_1_413' title='bbox 2199 1305 2255 1358; x_wconf 83' lang='grc' dir='ltr'>δὲ</span> <span class='ocrx_word' id='word_1_414' title='bbox 2272 1306 2460 1378; x_wconf 81' lang='grc' dir='ltr'>χρείαν</span> <span class='ocrx_word' id='word_1_415' title='bbox 2498 1302 2612 1377; x_wconf 83' lang='grc' dir='ltr'>εἶχε</span> <span class='ocrx_word' id='word_1_416' title='bbox 2654 1307 2753 1378; x_wconf 88' lang='grc' dir='ltr'><strong>τῆς</strong></span> <span class='ocrx_word' id='word_1_417' title='bbox 2782 1306 3003 1379; x_wconf 80' lang='grc' dir='ltr'>σαρκὸς,</span> <span class='ocrx_word' id='word_1_418' title='bbox 3046 1308 3075 1359; x_wconf 93' lang='grc' dir='ltr'><strong>ὁ</strong></span> <span class='ocrx_word' id='word_1_419' title='bbox 3107 1306 3236 1360; x_wconf 84' lang='grc' dir='ltr'>ἄνευ</span> <span class='ocrx_word' id='word_1_420' title='bbox 3271 1304 3478 1377; x_wconf 77' lang='grc' dir='ltr'>σαρκὸς</span> <span class='ocrx_word' id='word_1_421' title='bbox 3512 1304 3700 1373; x_wconf 75' lang='grc' dir='ltr'>ὀφθεὶς</span> 
     </span>
    </p>
   </div>
   <div class='ocr_carea' id='block_1_58' title="bbox 2108 1394 3701 1471">
    <p class='ocr_par' dir='ltr' id='par_1_58' title="bbox 2108 1394 3701 1471">
     <span class='ocr_line' id='line_1_58' title="bbox 2108 1394 3701 1471; baseline -0.004 -18"><span class='ocrx_word' id='word_1_422' title='bbox 2108 1399 2247 1471; x_wconf 82' lang='grc' dir='ltr'>πρὸς</span> <span class='ocrx_word' id='word_1_423' title='bbox 2289 1401 2414 1464; x_wconf 77' lang='grc' dir='ltr'>τοὺς</span> <span class='ocrx_word' id='word_1_424' title='bbox 2448 1400 2688 1471; x_wconf 85' lang='grc' dir='ltr'>πατέρας</span> <span class='ocrx_word' id='word_1_425' title='bbox 2717 1397 2912 1470; x_wconf 84' lang='grc' dir='ltr'>ὴμῶν;</span> <span class='ocrx_word' id='word_1_426' title='bbox 2950 1396 3172 1452; x_wconf 82' lang='grc' dir='ltr'>Μακεδ.</span> <span class='ocrx_word' id='word_1_427' title='bbox 3215 1397 3311 1459; x_wconf 73' lang='lat' dir='ltr'><strong>Et;</strong></span> <span class='ocrx_word' id='word_1_428' title='bbox 3352 1394 3417 1449; x_wconf 79' lang='grc' dir='ltr'><strong>τδ</strong></span> <span class='ocrx_word' id='word_1_429' title='bbox 3451 1412 3701 1467; x_wconf 83' lang='grc' dir='ltr'>σταυρω-</span> 
     </span>
    </p>
   </div>
   <div class='ocr_carea' id='block_1_59' title="bbox 2108 1486 3701 1564">
    <p class='ocr_par' dir='ltr' id='par_1_59' title="bbox 2108 1486 3701 1564">
     <span class='ocr_line' id='line_1_59' title="bbox 2108 1486 3701 1564; baseline -0.004 -19"><span class='ocrx_word' id='word_1_430' title='bbox 2108 1491 2265 1562; x_wconf 81' lang='grc' dir='ltr'>θῆναι</span> <span class='ocrx_word' id='word_1_431' title='bbox 2288 1491 2477 1564; x_wconf 86' lang='grc' dir='ltr'>χρείαν</span> <span class='ocrx_word' id='word_1_432' title='bbox 2516 1486 2630 1562; x_wconf 76' lang='grc' dir='ltr'>εἷχε</span> <span class='ocrx_word' id='word_1_433' title='bbox 2664 1490 2888 1563; x_wconf 83' lang='grc' dir='ltr'>σαρκός.</span> <span class='ocrx_word' id='word_1_434' title='bbox 2949 1491 3104 1558; x_wconf 85' lang='grc' dir='ltr'>Ὀρθ.</span> <span class='ocrx_word' id='word_1_435' title='bbox 3155 1489 3267 1542; x_wconf 75' lang='grc' dir='ltr'><strong>Καὶ</strong></span> <span class='ocrx_word' id='word_1_436' title='bbox 3298 1489 3378 1552; x_wconf 82' lang='grc' dir='ltr'>εἰς</span> <span class='ocrx_word' id='word_1_437' title='bbox 3407 1487 3472 1540; x_wconf 83' lang='grc' dir='ltr'>τὸ</span> <span class='ocrx_word' id='word_1_438' title='bbox 3528 1486 3701 1554; x_wconf 79' lang='grc' dir='ltr'>λυπη-</span> 
     </span>
    </p>
   </div>
   <div class='ocr_carea' id='block_1_60' title="bbox 2107 1579 3699 1659">
    <p class='ocr_par' dir='ltr' id='par_1_60' title="bbox 2107 1579 3699 1659">
     <span class='ocr_line' id='line_1_60' title="bbox 2107 1579 3699 1659; baseline -0.007 -18"><span class='ocrx_word' id='word_1_439' title='bbox 2107 1588 2285 1659; x_wconf 87' lang='grc' dir='ltr'>θῆναι,</span> <span class='ocrx_word' id='word_1_440' title='bbox 2322 1588 2417 1640; x_wconf 71' lang='grc' dir='ltr'><strong>καὶ</strong></span> <span class='ocrx_word' id='word_1_441' title='bbox 2465 1586 2824 1658; x_wconf 82' lang='grc' dir='ltr'><strong>ἀδημονῆσαι,</strong></span> <span class='ocrx_word' id='word_1_442' title='bbox 2873 1584 2968 1637; x_wconf 78' lang='grc' dir='ltr'>καὶ</span> <span class='ocrx_word' id='word_1_443' title='bbox 3021 1580 3463 1652; x_wconf 75' lang='grc' dir='ltr'>ἐκθαμεηθῆναι,</span> <span class='ocrx_word' id='word_1_444' title='bbox 3496 1579 3598 1633; x_wconf 82' lang='grc' dir='ltr'>καὶ</span> <span class='ocrx_word' id='word_1_445' title='bbox 3644 1580 3699 1630; x_wconf 85' lang='grc' dir='ltr'>ὲν</span> 
     </span>
    </p>
   </div>
   <div class='ocr_carea' id='block_1_61' title="bbox 2106 1670 3699 1749">
    <p class='ocr_par' dir='ltr' id='par_1_61' title="bbox 2106 1670 3699 1749">
     <span class='ocr_line' id='line_1_61' title="bbox 2106 1670 3699 1749; baseline -0.005 -17"><span class='ocrx_word' id='word_1_446' title='bbox 2106 1678 2235 1749; x_wconf 72' lang='grc' dir='ltr'>ᾅδου</span> <span class='ocrx_word' id='word_1_447' title='bbox 2279 1676 2551 1748; x_wconf 88' lang='grc' dir='ltr'>γενέσθαι,</span> <span class='ocrx_word' id='word_1_448' title='bbox 2583 1676 2771 1747; x_wconf 88' lang='grc' dir='ltr'>χρείαν</span> <span class='ocrx_word' id='word_1_449' title='bbox 2814 1670 2928 1746; x_wconf 81' lang='grc' dir='ltr'>εἶχε</span> <span class='ocrx_word' id='word_1_450' title='bbox 2958 1674 3158 1746; x_wconf 81' lang='grc' dir='ltr'>ψυχῆς.</span> <span class='ocrx_word' id='word_1_451' title='bbox 3207 1674 3378 1726; x_wconf 76' lang='grc' dir='ltr'>Τοῦτο</span> <span class='ocrx_word' id='word_1_452' title='bbox 3416 1673 3533 1744; x_wconf 74' lang='grc' dir='ltr'>γάρ</span> <span class='ocrx_word' id='word_1_453' title='bbox 3584 1673 3699 1724; x_wconf 81' lang='grc' dir='ltr'>ἐστι</span> 
     </span>
    </p>
   </div>
   <div class='ocr_carea' id='block_1_62' title="bbox 2112 1764 3699 1841">
    <p class='ocr_par' dir='ltr' id='par_1_62' title="bbox 2112 1764 3699 1841">
     <span class='ocr_line' id='line_1_62' title="bbox 2112 1764 3699 1841; baseline -0.004 -17"><span class='ocrx_word' id='word_1_454' title='bbox 2112 1771 2179 1824; x_wconf 84' lang='grc' dir='ltr'>τὸ</span> <span class='ocrx_word' id='word_1_455' title='bbox 2212 1769 2696 1841; x_wconf 69' lang='grc' dir='ltr'>μορφὴνδούλου</span> <span class='ocrx_word' id='word_1_456' title='bbox 2720 1766 2944 1834; x_wconf 75' lang='grc' dir='ltr'>λαϐὼν,</span> <span class='ocrx_word' id='word_1_457' title='bbox 2973 1767 3035 1820; x_wconf 82' lang='grc' dir='ltr'><strong>οὐ</strong></span> <span class='ocrx_word' id='word_1_458' title='bbox 3071 1767 3132 1820; x_wconf 84' lang='grc' dir='ltr'>τὸ</span> <span class='ocrx_word' id='word_1_459' title='bbox 3165 1768 3224 1820; x_wconf 81' lang='grc' dir='ltr'>ὲν</span> <span class='ocrx_word' id='word_1_460' title='bbox 3259 1764 3476 1838; x_wconf 81' lang='grc' dir='ltr'>σώματι</span> <span class='ocrx_word' id='word_1_461' title='bbox 3521 1767 3699 1833; x_wconf 74' lang='grc' dir='ltr'>φανῆ-</span> 
     </span>
    </p>
   </div>
   <div class='ocr_carea' id='block_1_63' title="bbox 2107 1854 3693 1933">
    <p class='ocr_par' dir='ltr' id='par_1_63' title="bbox 2107 1854 3693 1933">
     <span class='ocr_line' id='line_1_63' title="bbox 2107 1854 3693 1933; baseline -0.004 -17"><span class='ocrx_word' id='word_1_462' title='bbox 2107 1880 2192 1917; x_wconf 90' lang='grc' dir='ltr'><strong>ναι</strong></span> <span class='ocrx_word' id='word_1_463' title='bbox 2223 1863 2401 1933; x_wconf 88' lang='grc' dir='ltr'>μόνον,</span> <span class='ocrx_word' id='word_1_464' title='bbox 2430 1859 2565 1915; x_wconf 83' lang='grc' dir='ltr'>ἀλλὰ</span> <span class='ocrx_word' id='word_1_465' title='bbox 2591 1860 2685 1914; x_wconf 74' lang='grc' dir='ltr'>καὶ</span> <span class='ocrx_word' id='word_1_466' title='bbox 2708 1857 2769 1912; x_wconf 84' lang='grc' dir='ltr'>τὸ</span> <span class='ocrx_word' id='word_1_467' title='bbox 2809 1858 2879 1913; x_wconf 88' lang='grc' dir='ltr'><strong>τά</strong></span> <span class='ocrx_word' id='word_1_468' title='bbox 2904 1858 3051 1930; x_wconf 78' lang='grc' dir='ltr'>πάθη</span> <span class='ocrx_word' id='word_1_469' title='bbox 3079 1859 3177 1928; x_wconf 89' lang='grc' dir='ltr'><strong>τῆς</strong></span> <span class='ocrx_word' id='word_1_470' title='bbox 3201 1854 3449 1920; x_wconf 80' lang='grc' dir='ltr'>δουλείας</span> <span class='ocrx_word' id='word_1_471' title='bbox 3476 1856 3693 1910; x_wconf 78' lang='grc' dir='ltr'>λαϐεῖν.</span> 
     </span>
    </p>
   </div>
   <div class='ocr_carea' id='block_1_64' title="bbox 2106 1946 3700 2024">
    <p class='ocr_par' dir='ltr' id='par_1_64' title="bbox 2106 1946 3700 2024">
     <span class='ocr_line' id='line_1_64' title="bbox 2106 1946 3700 2024; baseline -0.003 -16"><span class='ocrx_word' id='word_1_472' title='bbox 2106 1954 2326 2010; x_wconf 78' lang='grc' dir='ltr'>Μακεδ.</span> <span class='ocrx_word' id='word_1_473' title='bbox 2371 1952 2605 2024; x_wconf 73' lang='grc' dir='ltr'>Μορφὴν</span> <span class='ocrx_word' id='word_1_474' title='bbox 2634 1950 2819 2005; x_wconf 84' lang='grc' dir='ltr'>δούλου</span> <span class='ocrx_word' id='word_1_475' title='bbox 2843 1949 3023 2015; x_wconf 75' lang='grc' dir='ltr'>ἔλαϐε,</span> <span class='ocrx_word' id='word_1_476' title='bbox 3067 1950 3247 2021; x_wconf 82' lang='grc' dir='ltr'>σάρκα</span> <span class='ocrx_word' id='word_1_477' title='bbox 3296 1946 3503 2004; x_wconf 72' lang='grc' dir='ltr'>λαϐών.</span> <span class='ocrx_word' id='word_1_478' title='bbox 3543 1949 3700 2017; x_wconf 76' lang='grc' dir='ltr'>Ὀρθ.</span> 
     </span>
    </p>
   </div>
   <div class='ocr_carea' id='block_1_65' title="bbox 2115 2042 3700 2117">
    <p class='ocr_par' dir='ltr' id='par_1_65' title="bbox 2115 2042 3700 2117">
     <span class='ocr_line' id='line_1_65' title="bbox 2115 2042 3700 2117; baseline -0.003 -17"><span class='ocrx_word' id='word_1_479' title='bbox 2115 2047 2181 2099; x_wconf 85' lang='grc' dir='ltr'><strong>Ἦ</strong></span> <span class='ocrx_word' id='word_1_480' title='bbox 2205 2044 2388 2117; x_wconf 78' lang='grc' dir='ltr'>μορφὴ</span> <span class='ocrx_word' id='word_1_481' title='bbox 2415 2044 2509 2098; x_wconf 81' lang='grc' dir='ltr'>τοῦ</span> <span class='ocrx_word' id='word_1_482' title='bbox 2532 2043 2667 2098; x_wconf 82' lang='grc' dir='ltr'>Θεοῦ</span> <span class='ocrx_word' id='word_1_483' title='bbox 2695 2044 2875 2098; x_wconf 81' lang='grc' dir='ltr'>τελεία</span> <span class='ocrx_word' id='word_1_484' title='bbox 2907 2045 3023 2097; x_wconf 79' lang='grc' dir='ltr'>ἐστὶ</span> <span class='ocrx_word' id='word_1_485' title='bbox 3046 2045 3229 2116; x_wconf 83' lang='grc' dir='ltr'>μορφὴ</span> <span class='ocrx_word' id='word_1_486' title='bbox 3258 2042 3393 2096; x_wconf 89' lang='grc' dir='ltr'><strong>Θεοῦ</strong></span> <span class='ocrx_word' id='word_1_487' title='bbox 3416 2060 3433 2109; x_wconf 91' lang='lat'><strong>;</strong></span> <span class='ocrx_word' id='word_1_488' title='bbox 3467 2044 3700 2097; x_wconf 77' lang='grc' dir='ltr'>Μακεδ.</span> 
     </span>
    </p>
   </div>
   <div class='ocr_carea' id='block_1_66' title="bbox 2112 2134 3702 2209">
    <p class='ocr_par' dir='ltr' id='par_1_66' title="bbox 2112 2134 3702 2209">
     <span class='ocr_line' id='line_1_66' title="bbox 2112 2134 3702 2209; baseline -0.003 -17"><span class='ocrx_word' id='word_1_489' title='bbox 2112 2138 2242 2192; x_wconf 89' lang='grc' dir='ltr'>Ναί.</span> <span class='ocrx_word' id='word_1_490' title='bbox 2300 2140 2455 2207; x_wconf 75' lang='grc' dir='ltr'>Ὀρθ.</span> <span class='ocrx_word' id='word_1_491' title='bbox 2503 2137 2617 2192; x_wconf 75' lang='grc' dir='ltr'>Καὶ</span> <span class='ocrx_word' id='word_1_492' title='bbox 2664 2139 2698 2209; x_wconf 78' lang='grc' dir='ltr'><strong>ἡ</strong></span> <span class='ocrx_word' id='word_1_493' title='bbox 2767 2137 2949 2208; x_wconf 79' lang='grc' dir='ltr'>μορφὴ</span> <span class='ocrx_word' id='word_1_494' title='bbox 2997 2135 3104 2207; x_wconf 76' lang='grc' dir='ltr'>ἄρα</span> <span class='ocrx_word' id='word_1_495' title='bbox 3153 2134 3249 2189; x_wconf 80' lang='grc' dir='ltr'><strong>τοῦ</strong></span> <span class='ocrx_word' id='word_1_496' title='bbox 3279 2134 3467 2188; x_wconf 80' lang='grc' dir='ltr'>δούλου</span> <span class='ocrx_word' id='word_1_497' title='bbox 3518 2134 3702 2188; x_wconf 78' lang='grc' dir='ltr'>τελεία</span> 
     </span>
    </p>
   </div>
   <div class='ocr_carea' id='block_1_67' title="bbox 2107 2224 3700 2301">
    <p class='ocr_par' dir='ltr' id='par_1_67' title="bbox 2107 2224 3700 2301">
     <span class='ocr_line' id='line_1_67' title="bbox 2107 2224 3700 2301; baseline -0.003 -19"><span class='ocrx_word' id='word_1_498' title='bbox 2107 2229 2289 2301; x_wconf 76' lang='grc' dir='ltr'>μορφὴ</span> <span class='ocrx_word' id='word_1_499' title='bbox 2314 2229 2407 2282; x_wconf 81' lang='grc' dir='ltr'><strong>τοῦ</strong></span> <span class='ocrx_word' id='word_1_500' title='bbox 2441 2229 2628 2282; x_wconf 79' lang='grc' dir='ltr'>δούλου</span> <span class='ocrx_word' id='word_1_501' title='bbox 2667 2227 2805 2281; x_wconf 74' lang='grc' dir='ltr'>ἐστί.</span> <span class='ocrx_word' id='word_1_502' title='bbox 2836 2226 2935 2281; x_wconf 84' lang='grc' dir='ltr'>Διά</span> <span class='ocrx_word' id='word_1_503' title='bbox 2979 2225 3139 2279; x_wconf 82' lang='grc' dir='ltr'>τοῦτο</span> <span class='ocrx_word' id='word_1_504' title='bbox 3176 2224 3286 2297; x_wconf 84' lang='grc' dir='ltr'><strong>γὰρ</strong></span> <span class='ocrx_word' id='word_1_505' title='bbox 3313 2226 3411 2278; x_wconf 69' lang='grc' dir='ltr'>καὶ</span> <span class='ocrx_word' id='word_1_506' title='bbox 3462 2224 3700 2296; x_wconf 78' lang='grc' dir='ltr'>θάμϐος,</span> 
     </span>
    </p>
   </div>
   <div class='ocr_carea' id='block_1_68' title="bbox 2105 2314 3701 2391">
    <p class='ocr_par' dir='ltr' id='par_1_68' title="bbox 2105 2314 3701 2391">
     <span class='ocr_line' id='line_1_68' title="bbox 2105 2314 3701 2391; baseline -0.001 -17"><span class='ocrx_word' id='word_1_507' title='bbox 2105 2320 2199 2374; x_wconf 70' lang='grc' dir='ltr'>καὶ</span> <span class='ocrx_word' id='word_1_508' title='bbox 2246 2320 2426 2391; x_wconf 86' lang='grc' dir='ltr'>λύπη,</span> <span class='ocrx_word' id='word_1_509' title='bbox 2472 2321 2567 2374; x_wconf 77' lang='grc' dir='ltr'><strong>καὶ</strong></span> <span class='ocrx_word' id='word_1_510' title='bbox 2609 2318 2907 2390; x_wconf 84' lang='grc' dir='ltr'>ἀδημονία,</span> <span class='ocrx_word' id='word_1_511' title='bbox 2948 2318 3038 2372; x_wconf 84' lang='grc' dir='ltr'><strong>διὰ</strong></span> <span class='ocrx_word' id='word_1_512' title='bbox 3077 2318 3139 2372; x_wconf 85' lang='grc' dir='ltr'>τὸ</span> <span class='ocrx_word' id='word_1_513' title='bbox 3173 2318 3383 2372; x_wconf 76' lang='grc' dir='ltr'>τελείαν</span> <span class='ocrx_word' id='word_1_514' title='bbox 3424 2314 3574 2372; x_wconf 77' lang='grc' dir='ltr'>εἶναι</span> <span class='ocrx_word' id='word_1_515' title='bbox 3606 2318 3701 2389; x_wconf 70' lang='grc' dir='ltr'>τὴν</span> 
     </span>
    </p>
   </div>
   <div class='ocr_carea' id='block_1_69' title="bbox 2101 2409 3699 2483">
    <p class='ocr_par' dir='ltr' id='par_1_69' title="bbox 2101 2409 3699 2483">
     <span class='ocr_line' id='line_1_69' title="bbox 2101 2409 3699 2483; baseline -0.001 -18"><span class='ocrx_word' id='word_1_516' title='bbox 2101 2411 2195 2465; x_wconf 84' lang='grc' dir='ltr'>τοῦ</span> <span class='ocrx_word' id='word_1_517' title='bbox 2238 2411 2422 2465; x_wconf 85' lang='grc' dir='ltr'>δούλου</span> <span class='ocrx_word' id='word_1_518' title='bbox 2461 2412 2695 2483; x_wconf 79' lang='grc' dir='ltr'>μορφήν.</span> <span class='ocrx_word' id='word_1_519' title='bbox 2741 2410 2854 2463; x_wconf 78' lang='grc' dir='ltr'><strong>Καὶ</strong></span> <span class='ocrx_word' id='word_1_520' title='bbox 2905 2409 3067 2463; x_wconf 80' lang='grc' dir='ltr'>τοῦτὸ</span> <span class='ocrx_word' id='word_1_521' title='bbox 3115 2411 3229 2462; x_wconf 75' lang='grc' dir='ltr'>ἐστι</span> <span class='ocrx_word' id='word_1_522' title='bbox 3276 2409 3338 2462; x_wconf 82' lang='grc' dir='ltr'>τὸ</span> <span class='ocrx_word' id='word_1_523' title='bbox 3391 2409 3699 2482; x_wconf 78' lang='grc' dir='ltr'>πρόϐατον,</span> 
     </span>
    </p>
   </div>
   <div class='ocr_carea' id='block_1_70' title="bbox 2101 2502 3702 2576">
    <p class='ocr_par' dir='ltr' id='par_1_70' title="bbox 2101 2502 3702 2576">
     <span class='ocr_line' id='line_1_70' title="bbox 2101 2502 3702 2576; baseline -0.001 -18"><span class='ocrx_word' id='word_1_524' title='bbox 2101 2503 2129 2558; x_wconf 85' lang='grc' dir='ltr'><strong>ὃ</strong></span> <span class='ocrx_word' id='word_1_525' title='bbox 2174 2503 2413 2576; x_wconf 81' lang='grc' dir='ltr'>ζητήσας</span> <span class='ocrx_word' id='word_1_526' title='bbox 2462 2506 2556 2559; x_wconf 77' lang='grc' dir='ltr'>καὶ</span> <span class='ocrx_word' id='word_1_527' title='bbox 2611 2502 2811 2576; x_wconf 87' lang='grc' dir='ltr'>εὑρὼν,</span> <span class='ocrx_word' id='word_1_528' title='bbox 2858 2504 2953 2557; x_wconf 71' lang='grc' dir='ltr'><strong>ἐπὶ</strong></span> <span class='ocrx_word' id='word_1_529' title='bbox 3002 2503 3110 2558; x_wconf 88' lang='grc' dir='ltr'><strong>τῶν</strong></span> <span class='ocrx_word' id='word_1_530' title='bbox 3141 2503 3306 2575; x_wconf 83' lang='grc' dir='ltr'>ῶμων</span> <span class='ocrx_word' id='word_1_531' title='bbox 3356 2503 3552 2576; x_wconf 78' lang='grc' dir='ltr'>φέρει,</span> <span class='ocrx_word' id='word_1_532' title='bbox 3602 2505 3702 2557; x_wconf 73' lang='grc' dir='ltr'><strong>οὐκ</strong></span> 
     </span>
    </p>
   </div>
   <div class='ocr_carea' id='block_1_71' title="bbox 2100 2594 3698 2667">
    <p class='ocr_par' dir='ltr' id='par_1_71' title="bbox 2100 2594 3698 2667">
     <span class='ocr_line' id='line_1_71' title="bbox 2100 2594 3698 2667; baseline -0.004 -16"><span class='ocrx_word' id='word_1_533' title='bbox 2100 2596 2267 2652; x_wconf 77' lang='grc' dir='ltr'>ἀσκὸν</span> <span class='ocrx_word' id='word_1_534' title='bbox 2295 2596 2520 2667; x_wconf 79' lang='grc' dir='ltr'>ἄψυχον,</span> <span class='ocrx_word' id='word_1_535' title='bbox 2549 2595 2662 2650; x_wconf 86' lang='grc' dir='ltr'>ἀλλ’</span> <span class='ocrx_word' id='word_1_536' title='bbox 2709 2595 2953 2667; x_wconf 73' lang='grc' dir='ltr'>ἔμψυχον</span> <span class='ocrx_word' id='word_1_537' title='bbox 2984 2594 3144 2663; x_wconf 78' lang='grc' dir='ltr'>ζῶον,</span> <span class='ocrx_word' id='word_1_538' title='bbox 3194 2596 3496 2667; x_wconf 77' lang='grc' dir='ltr'>συγχωρῶν</span> <span class='ocrx_word' id='word_1_539' title='bbox 3548 2596 3698 2666; x_wconf 62' lang='grc' dir='ltr'>αὐτῷ</span> 
     </span>
    </p>
   </div>
   <div class='ocr_carea' id='block_1_72' title="bbox 2101 2675 3698 2758">
    <p class='ocr_par' dir='ltr' id='par_1_72' title="bbox 2101 2675 3698 2758">
     <span class='ocr_line' id='line_1_72' title="bbox 2101 2675 3698 2758; baseline -0.001 -17"><span class='ocrx_word' id='word_1_540' title='bbox 2101 2675 2245 2757; x_wconf 76' lang='grc' dir='ltr'>ἔχειν</span> <span class='ocrx_word' id='word_1_541' title='bbox 2284 2687 2354 2742; x_wconf 84' lang='grc' dir='ltr'><strong>τὰ</strong></span> <span class='ocrx_word' id='word_1_542' title='bbox 2383 2687 2531 2758; x_wconf 85' lang='grc' dir='ltr'>πάθη</span> <span class='ocrx_word' id='word_1_543' title='bbox 2551 2686 2577 2754; x_wconf 88' lang='grc'>,’</span> <span class='ocrx_word' id='word_1_544' title='bbox 2608 2686 2669 2739; x_wconf 83' lang='grc' dir='ltr'><strong>οὐ</strong></span> <span class='ocrx_word' id='word_1_545' title='bbox 2702 2686 2771 2740; x_wconf 89' lang='grc' dir='ltr'><strong>τά</strong></span> <span class='ocrx_word' id='word_1_546' title='bbox 2815 2686 2919 2755; x_wconf 89' lang='grc' dir='ltr'><strong>τῆς</strong></span> <span class='ocrx_word' id='word_1_547' title='bbox 2964 2686 3269 2758; x_wconf 82' lang='grc' dir='ltr'>ἁμαρτίας,</span> <span class='ocrx_word' id='word_1_548' title='bbox 3315 2685 3454 2740; x_wconf 80' lang='grc' dir='ltr'><strong>ἀλλά</strong></span> <span class='ocrx_word' id='word_1_549' title='bbox 3484 2686 3561 2739; x_wconf 72' lang='grc' dir='ltr'>τὰ</span> <span class='ocrx_word' id='word_1_550' title='bbox 3601 2687 3698 2757; x_wconf 77' lang='grc' dir='ltr'><strong>τῆς</strong></span> 
     </span>
    </p>
   </div>
   <div class='ocr_carea' id='block_1_73' title="bbox 2099 2778 3696 2851">
    <p class='ocr_par' dir='ltr' id='par_1_73' title="bbox 2099 2778 3696 2851">
     <span class='ocr_line' id='line_1_73' title="bbox 2099 2778 3696 2851; baseline 0.001 -19"><span class='ocrx_word' id='word_1_551' title='bbox 2099 2779 2353 2850; x_wconf 73' lang='grc' dir='ltr'>φύσεωςο</span> <span class='ocrx_word' id='word_1_552' title='bbox 2406 2778 2496 2833; x_wconf 80' lang='grc' dir='ltr'><strong>ἵνα</strong></span> <span class='ocrx_word' id='word_1_553' title='bbox 2555 2778 2632 2851; x_wconf 84' lang='grc' dir='ltr'>μὴ</span> <span class='ocrx_word' id='word_1_554' title='bbox 2697 2778 2968 2849; x_wconf 83' lang='grc' dir='ltr'>φαντασία</span> <span class='ocrx_word' id='word_1_555' title='bbox 3029 2778 3295 2850; x_wconf 79' lang='grc' dir='ltr'>νομισθῇ,</span> <span class='ocrx_word' id='word_1_556' title='bbox 3343 2779 3441 2832; x_wconf 79' lang='grc' dir='ltr'>καὶ</span> <span class='ocrx_word' id='word_1_557' title='bbox 3510 2780 3696 2833; x_wconf 72' lang='grc' dir='ltr'>Μανι-</span> 
     </span>
    </p>
   </div>
   <div class='ocr_carea' id='block_1_74' title="bbox 2099 2867 3696 2941">
    <p class='ocr_par' dir='ltr' id='par_1_74' title="bbox 2099 2867 3696 2941">
     <span class='ocr_line' id='line_1_74' title="bbox 2099 2867 3696 2941; baseline 0 -20"><span class='ocrx_word' id='word_1_558' title='bbox 2099 2871 2252 2939; x_wconf 86' lang='grc' dir='ltr'>χαῖος</span> <span class='ocrx_word' id='word_1_559' title='bbox 2307 2870 2473 2939; x_wconf 86' lang='grc' dir='ltr'>μανῇ.</span> <span class='ocrx_word' id='word_1_560' title='bbox 2503 2867 2726 2922; x_wconf 79' lang='grc' dir='ltr'>Μακεδ.</span> <span class='ocrx_word' id='word_1_561' title='bbox 2755 2867 2967 2939; x_wconf 87' lang='grc' dir='ltr'>Δῶμεν,</span> <span class='ocrx_word' id='word_1_562' title='bbox 2993 2868 3075 2921; x_wconf 88' lang='grc' dir='ltr'><strong>ὁτι</strong></span> <span class='ocrx_word' id='word_1_563' title='bbox 3107 2870 3237 2941; x_wconf 75' lang='grc' dir='ltr'>περὶ</span> <span class='ocrx_word' id='word_1_564' title='bbox 3279 2868 3460 2940; x_wconf 69' lang='grc' dir='ltr'>ψυχῆς</span> <span class='ocrx_word' id='word_1_565' title='bbox 3507 2868 3696 2930; x_wconf 75' lang='grc' dir='ltr'>καλῶς</span> 
     </span>
    </p>
   </div>
   <div class='ocr_carea' id='block_1_75' title="bbox 2098 2959 3695 3031">
    <p class='ocr_par' dir='ltr' id='par_1_75' title="bbox 2098 2959 3695 3031">
     <span class='ocr_line' id='line_1_75' title="bbox 2098 2959 3695 3031; baseline 0.001 -18"><span class='ocrx_word' id='word_1_566' title='bbox 2098 2960 2311 3030; x_wconf 87' lang='grc' dir='ltr'>λέγεις,</span> <span class='ocrx_word' id='word_1_567' title='bbox 2364 2960 2453 3013; x_wconf 79' lang='grc' dir='ltr'><strong>διὰ</strong></span> <span class='ocrx_word' id='word_1_568' title='bbox 2489 2960 2542 3012; x_wconf 88' lang='grc' dir='ltr'><strong>τί</strong></span> <span class='ocrx_word' id='word_1_569' title='bbox 2583 2961 2680 3013; x_wconf 83' lang='grc' dir='ltr'>καὶ</span> <span class='ocrx_word' id='word_1_570' title='bbox 2726 2959 3008 3031; x_wconf 77' lang='grc' dir='ltr'>ὁμωύσιον</span> <span class='ocrx_word' id='word_1_571' title='bbox 3052 2959 3239 3029; x_wconf 80' lang='grc' dir='ltr'>λέγετε</span> <span class='ocrx_word' id='word_1_572' title='bbox 3287 2962 3381 3012; x_wconf 78' lang='grc' dir='ltr'>τὸν</span> <span class='ocrx_word' id='word_1_573' title='bbox 3430 2960 3567 3014; x_wconf 81' lang='grc' dir='ltr'><strong>Υίὸν</strong></span> <span class='ocrx_word' id='word_1_574' title='bbox 3618 2961 3695 3030; x_wconf 81' lang='grc' dir='ltr'>τῷ</span> 
     </span>
    </p>
   </div>
   <div class='ocr_carea' id='block_1_76' title="bbox 334 3048 1998 3124">
    <p class='ocr_par' dir='ltr' id='par_1_76' title="bbox 334 3048 1996 3113">
     <span class='ocr_line' id='line_1_76' title="bbox 334 3048 1996 3113; baseline -0.002 -5"><span class='ocrx_word' id='word_1_575' title='bbox 334 3070 341 3075; x_wconf 90' lang='grc'><strong>·</strong></span> <span class='ocrx_word' id='word_1_576' title='bbox 424 3069 567 3109; x_wconf 88' lang='lat' dir='ltr'><strong>mus.</strong></span> <span class='ocrx_word' id='word_1_577' title='bbox 597 3052 805 3107; x_wconf 68' lang='lat' dir='ltr'><strong>Hac-ed.</strong></span> <span class='ocrx_word' id='word_1_578' title='bbox 841 3052 948 3108; x_wconf 87' lang='lat' dir='ltr'><strong>Sed</strong></span> <span class='ocrx_word' id='word_1_579' title='bbox 981 3051 1110 3107; x_wconf 81' lang='lat' dir='ltr'><strong>illud</strong></span> <span class='ocrx_word' id='word_1_580' title='bbox 1134 3066 1243 3105; x_wconf 93' lang='lat' dir='ltr'><strong>non</strong></span> <span class='ocrx_word' id='word_1_581' title='bbox 1263 3058 1347 3106; x_wconf 89' lang='lat' dir='ltr'><strong>est</strong></span> <span class='ocrx_word' id='word_1_582' title='bbox 1378 3048 1866 3113; x_wconf 89' lang='lat' dir='ltr'><strong>consubstantiale,</strong></span> <span class='ocrx_word' id='word_1_583' title='bbox 1901 3048 1996 3104; x_wconf 88' lang='lat' dir='ltr'><strong>sed</strong></span> 
     </span>
    </p>
   </div>
   <div class='ocr_carea' id='block_1_77' title="bbox 2101 3048 3693 3124">
    <p class='ocr_par' dir='ltr' id='par_1_77' title="bbox 2102 3051 3693 3124">
     <span class='ocr_line' id='line_1_77' title="bbox 2102 3051 3693 3124; baseline 0.001 -20"><span class='ocrx_word' id='word_1_584' title='bbox 2102 3052 2312 3123; x_wconf 86' lang='grc' dir='ltr'>Πατρί;</span> <span class='ocrx_word' id='word_1_585' title='bbox 2378 3051 2531 3121; x_wconf 82' lang='grc' dir='ltr'>Ὀρθ.</span> <span class='ocrx_word' id='word_1_586' title='bbox 2594 3051 2716 3104; x_wconf 82' lang='grc' dir='ltr'>Ὅτι</span> <span class='ocrx_word' id='word_1_587' title='bbox 2751 3051 2810 3105; x_wconf 84' lang='grc' dir='ltr'><strong>δν</strong></span> <span class='ocrx_word' id='word_1_588' title='bbox 2841 3051 2937 3107; x_wconf 83' lang='grc' dir='ltr'><strong>ὲάν</strong></span> <span class='ocrx_word' id='word_1_589' title='bbox 2961 3052 3123 3124; x_wconf 80' lang='grc' dir='ltr'>εἴπῃς</span> <span class='ocrx_word' id='word_1_590' title='bbox 3153 3052 3309 3120; x_wconf 86' lang='grc' dir='ltr'>λόγον</span> <span class='ocrx_word' id='word_1_591' title='bbox 3354 3053 3459 3123; x_wconf 87' lang='grc' dir='ltr'><strong>τῆς</strong></span> <span class='ocrx_word' id='word_1_592' title='bbox 3502 3052 3693 3117; x_wconf 82' lang='grc' dir='ltr'>οὐσίας</span> 
     </span>
    </p>
   </div>
   <div class='ocr_carea' id='block_1_78' title="bbox 2102 3140 3693 3217">
    <p class='ocr_par' dir='ltr' id='par_1_78' title="bbox 2102 3140 3693 3217">
     <span class='ocr_line' id='line_1_78' title="bbox 2102 3140 3693 3217; baseline 0.001 -21"><span class='ocrx_word' id='word_1_593' title='bbox 2102 3142 2197 3196; x_wconf 83' lang='grc' dir='ltr'>τοῦ</span> <span class='ocrx_word' id='word_1_594' title='bbox 2228 3142 2463 3214; x_wconf 82' lang='grc' dir='ltr'>Πατρὸς.</span> <span class='ocrx_word' id='word_1_595' title='bbox 2494 3142 2684 3196; x_wconf 83' lang='grc' dir='ltr'>τοῦτον</span> <span class='ocrx_word' id='word_1_596' title='bbox 2725 3142 2888 3197; x_wconf 83' lang='grc' dir='ltr'>αὐτὸν</span> <span class='ocrx_word' id='word_1_597' title='bbox 2933 3143 3025 3198; x_wconf 70' lang='grc' dir='ltr'><strong>τὸν</strong></span> <span class='ocrx_word' id='word_1_598' title='bbox 3066 3144 3222 3213; x_wconf 86' lang='grc' dir='ltr'>λόγον</span> <span class='ocrx_word' id='word_1_599' title='bbox 3254 3140 3395 3198; x_wconf 77' lang='grc' dir='ltr'>εἶναι</span> <span class='ocrx_word' id='word_1_600' title='bbox 3425 3144 3693 3217; x_wconf 77' lang='grc' dir='ltr'>τιθέμεθα</span> 
     </span>
    </p>
   </div>
   <div class='ocr_carea' id='block_1_79' title="bbox 2102 3230 3694 3303">
    <p class='ocr_par' dir='ltr' id='par_1_79' title="bbox 2102 3230 3694 3303">
     <span class='ocr_line' id='line_1_79' title="bbox 2102 3230 3694 3303; baseline 0.003 -19"><span class='ocrx_word' id='word_1_601' title='bbox 2102 3232 2198 3285; x_wconf 80' lang='grc' dir='ltr'><strong>καὶ</strong></span> <span class='ocrx_word' id='word_1_602' title='bbox 2253 3232 2352 3303; x_wconf 88' lang='grc' dir='ltr'><strong>τῆς</strong></span> <span class='ocrx_word' id='word_1_603' title='bbox 2402 3230 2497 3286; x_wconf 81' lang='grc' dir='ltr'><strong>τοῦ</strong></span> <span class='ocrx_word' id='word_1_604' title='bbox 2566 3231 2697 3285; x_wconf 84' lang='grc' dir='ltr'><strong>Υἱοῦ</strong></span> <span class='ocrx_word' id='word_1_605' title='bbox 2764 3232 2970 3298; x_wconf 82' lang='grc' dir='ltr'>οὐσίας.</span> <span class='ocrx_word' id='word_1_606' title='bbox 3026 3233 3253 3288; x_wconf 80' lang='grc' dir='ltr'>Μακεὸ.</span> <span class='ocrx_word' id='word_1_607' title='bbox 3310 3234 3474 3288; x_wconf 78' lang='grc' dir='ltr'>Ἀλλὰ</span> <span class='ocrx_word' id='word_1_608' title='bbox 3534 3235 3694 3289; x_wconf 70' lang='grc' dir='ltr'>τοῦτο</span> 
     </span>
    </p>
   </div>
   <div class='ocr_carea' id='block_1_80' title="bbox 2100 3323 3693 3396">
    <p class='ocr_par' dir='ltr' id='par_1_80' title="bbox 2100 3323 3693 3396">
     <span class='ocr_line' id='line_1_80' title="bbox 2100 3323 3693 3396; baseline 0.003 -18"><span class='ocrx_word' id='word_1_609' title='bbox 2100 3325 2201 3379; x_wconf 86' lang='grc' dir='ltr'><strong>οὐκ</strong></span> <span class='ocrx_word' id='word_1_610' title='bbox 2255 3324 2402 3378; x_wconf 75' lang='grc' dir='ltr'>ἐστιν</span> <span class='ocrx_word' id='word_1_611' title='bbox 2462 3323 2776 3396; x_wconf 83' lang='grc' dir='ltr'>ὁμοούσιον,</span> <span class='ocrx_word' id='word_1_612' title='bbox 2823 3324 2961 3379; x_wconf 86' lang='grc' dir='ltr'>ἀλλὰ</span> <span class='ocrx_word' id='word_1_613' title='bbox 3010 3324 3367 3396; x_wconf 86' lang='grc' dir='ltr'>ὁμοιοούσιον.</span> <span class='ocrx_word' id='word_1_614' title='bbox 3411 3327 3577 3395; x_wconf 83' lang='grc' dir='ltr'>Ὄρθ,</span> <span class='ocrx_word' id='word_1_615' title='bbox 3620 3327 3693 3382; x_wconf 79' lang='grc' dir='ltr'><strong>Τὸ</strong></span> 
     </span>
    </p>
   </div>
   <div class='ocr_carea' id='block_1_81' title="bbox 2100 3416 3687 3489">
    <p class='ocr_par' dir='ltr' id='par_1_81' title="bbox 2100 3416 3687 3489">
     <span class='ocr_line' id='line_1_81' title="bbox 2100 3416 3687 3489; baseline -0.001 -17"><span class='ocrx_word' id='word_1_616' title='bbox 2100 3418 2455 3489; x_wconf 82' lang='grc' dir='ltr'>ὁμοιοούσιον,</span> <span class='ocrx_word' id='word_1_617' title='bbox 2501 3418 2567 3473; x_wconf 75' lang='grc' dir='ltr'>ἵν’</span> <span class='ocrx_word' id='word_1_618' title='bbox 2602 3417 2774 3483; x_wconf 77' lang='grc' dir='ltr'>οὕτως</span> <span class='ocrx_word' id='word_1_619' title='bbox 2806 3418 2964 3483; x_wconf 84' lang='grc' dir='ltr'>εῐπω,</span> <span class='ocrx_word' id='word_1_620' title='bbox 2996 3417 3255 3489; x_wconf 82' lang='grc' dir='ltr'>ἄγροικος</span> <span class='ocrx_word' id='word_1_621' title='bbox 3300 3416 3465 3487; x_wconf 75' lang='grc' dir='ltr'>σοφία</span> <span class='ocrx_word' id='word_1_622' title='bbox 3507 3417 3687 3470; x_wconf 76' lang='grc' dir='ltr'>ἐστίν’</span> 
     </span>
    </p>
   </div>
   <div class='ocr_carea' id='block_1_82' title="bbox 2098 3509 3691 3583">
    <p class='ocr_par' dir='ltr' id='par_1_82' title="bbox 2098 3509 3691 3583">
     <span class='ocr_line' id='line_1_82' title="bbox 2098 3509 3691 3583; baseline 0 -21"><span class='ocrx_word' id='word_1_623' title='bbox 2098 3509 2175 3573; x_wconf 87' lang='grc' dir='ltr'>ὡς</span> <span class='ocrx_word' id='word_1_624' title='bbox 2217 3511 2310 3564; x_wconf 77' lang='grc' dir='ltr'><strong>ἐὰν</strong></span> <span class='ocrx_word' id='word_1_625' title='bbox 2337 3511 2470 3583; x_wconf 83' lang='grc' dir='ltr'><strong>λέγῃ</strong></span> <span class='ocrx_word' id='word_1_626' title='bbox 2498 3528 2584 3574; x_wconf 89' lang='grc' dir='ltr'><strong>τις</strong></span> <span class='ocrx_word' id='word_1_627' title='bbox 2625 3511 2718 3565; x_wconf 78' lang='grc' dir='ltr'><strong>τὸν</strong></span> <span class='ocrx_word' id='word_1_628' title='bbox 2765 3510 3068 3582; x_wconf 86' lang='grc' dir='ltr'>ὁμότροπον</span> <span class='ocrx_word' id='word_1_629' title='bbox 3099 3510 3481 3583; x_wconf 78' lang='grc' dir='ltr'>ὁμοιότροπον,</span> <span class='ocrx_word' id='word_1_630' title='bbox 3532 3510 3567 3581; x_wconf 84' lang='grc' dir='ltr'><strong>ἢ</strong></span> <span class='ocrx_word' id='word_1_631' title='bbox 3600 3509 3691 3563; x_wconf 83' lang='grc' dir='ltr'>τὸν</span> 
     </span>
    </p>
   </div>
   <div class='ocr_carea' id='block_1_83' title="bbox 2098 3601 3690 3676">
    <p class='ocr_par' dir='ltr' id='par_1_83' title="bbox 2098 3601 3690 3676">
     <span class='ocr_line' id='line_1_83' title="bbox 2098 3601 3690 3676; baseline -0.001 -20"><span class='ocrx_word' id='word_1_632' title='bbox 2098 3602 2333 3674; x_wconf 81' lang='grc' dir='ltr'>ὁμογενῆ</span> <span class='ocrx_word' id='word_1_633' title='bbox 2369 3603 2680 3676; x_wconf 84' lang='grc' dir='ltr'>ὁμοιογενῆ,</span> <span class='ocrx_word' id='word_1_634' title='bbox 2710 3602 2744 3675; x_wconf 77' lang='grc' dir='ltr'>ἢ</span> <span class='ocrx_word' id='word_1_635' title='bbox 2773 3603 2864 3657; x_wconf 84' lang='grc' dir='ltr'>τὸν</span> <span class='ocrx_word' id='word_1_636' title='bbox 2891 3601 3146 3674; x_wconf 78' lang='grc' dir='ltr'>ὁμόδοξον</span> <span class='ocrx_word' id='word_1_637' title='bbox 3174 3602 3509 3673; x_wconf 79' lang='grc' dir='ltr'>ὁμοιὸδοξον,</span> <span class='ocrx_word' id='word_1_638' title='bbox 3540 3602 3577 3674; x_wconf 80' lang='grc' dir='ltr'>ἤ</span> <span class='ocrx_word' id='word_1_639' title='bbox 3600 3602 3690 3655; x_wconf 77' lang='grc' dir='ltr'>τὸν</span> 
     </span>
    </p>
   </div>
   <div class='ocr_carea' id='block_1_84' title="bbox 2097 3694 3790 3768">
    <p class='ocr_par' dir='ltr' id='par_1_84' title="bbox 2097 3694 3790 3768">
     <span class='ocr_line' id='line_1_84' title="bbox 2097 3694 3790 3768; baseline 0.001 -20"><span class='ocrx_word' id='word_1_640' title='bbox 2097 3695 2375 3768; x_wconf 83' lang='grc' dir='ltr'>ὁμόφρονα</span> <span class='ocrx_word' id='word_1_641' title='bbox 2406 3697 2756 3768; x_wconf 83' lang='grc' dir='ltr'>ὁμοιὸφρονα.</span> <span class='ocrx_word' id='word_1_642' title='bbox 2774 3694 2997 3751; x_wconf 61' lang='lat' dir='ltr'><strong>Mazaca.</strong></span> <span class='ocrx_word' id='word_1_643' title='bbox 3020 3694 3152 3757; x_wconf 70' lang='grc' dir='ltr'>Οὐκ·</span> <span class='ocrx_word' id='word_1_644' title='bbox 3172 3695 3309 3750; x_wconf 82' lang='grc' dir='ltr'><strong>ἀλλά</strong></span> <span class='ocrx_word' id='word_1_645' title='bbox 3347 3695 3408 3748; x_wconf 82' lang='grc' dir='ltr'>τὸ</span> <span class='ocrx_word' id='word_1_646' title='bbox 3424 3697 3688 3767; x_wconf 54' lang='lat' dir='ltr'><strong>egomet?</strong></span> <span class='ocrx_word' id='word_1_647' title='bbox 3782 3720 3790 3728; x_wconf 87' lang='lat'><strong><em>-</em></strong></span> 
     </span>
    </p>
   </div>
   <div class='ocr_carea' id='block_1_85' title="bbox 2096 3788 3687 3860">
    <p class='ocr_par' dir='ltr' id='par_1_85' title="bbox 2096 3788 3687 3860">
     <span class='ocr_line' id='line_1_85' title="bbox 2096 3788 3687 3860; baseline 0.001 -19"><span class='ocrx_word' id='word_1_648' title='bbox 2096 3805 2237 3842; x_wconf 84' lang='grc' dir='ltr'>σιον</span> <span class='ocrx_word' id='word_1_649' title='bbox 2267 3788 2361 3841; x_wconf 79' lang='grc' dir='ltr'><strong>ἐπὶ</strong></span> <span class='ocrx_word' id='word_1_650' title='bbox 2402 3788 2520 3847; x_wconf 86' lang='grc' dir='ltr'>,τῶν</span> <span class='ocrx_word' id='word_1_651' title='bbox 2550 3790 2885 3860; x_wconf 83' lang='grc' dir='ltr'>ἀσωμάτων·</span> <span class='ocrx_word' id='word_1_652' title='bbox 2917 3788 2978 3842; x_wconf 85' lang='grc' dir='ltr'>τὸ</span> <span class='ocrx_word' id='word_1_653' title='bbox 3008 3788 3064 3841; x_wconf 83' lang='grc' dir='ltr'>δὲ</span> <span class='ocrx_word' id='word_1_654' title='bbox 3097 3788 3423 3858; x_wconf 68' lang='grc' dir='ltr'>όμοούσιον</span> <span class='ocrx_word' id='word_1_655' title='bbox 3457 3788 3555 3843; x_wconf 77' lang='grc' dir='ltr'>ὲπί</span> <span class='ocrx_word' id='word_1_656' title='bbox 3582 3790 3687 3843; x_wconf 85' lang='grc' dir='ltr'><strong>τῶν</strong></span> 
     </span>
    </p>
   </div>
   <div class='ocr_carea' id='block_1_86' title="bbox 2098 3876 3688 3953">
    <p class='ocr_par' dir='ltr' id='par_1_86' title="bbox 2098 3876 3688 3953">
     <span class='ocr_line' id='line_1_86' title="bbox 2098 3876 3688 3953; baseline 0.003 -23"><span class='ocrx_word' id='word_1_657' title='bbox 2098 3877 2385 3948; x_wconf 85' lang='grc' dir='ltr'>σωμάτων.</span> <span class='ocrx_word' id='word_1_658' title='bbox 2404 3880 2549 3948; x_wconf 80' lang='grc' dir='ltr'>Ὀρθ.</span> <span class='ocrx_word' id='word_1_659' title='bbox 2566 3876 2754 3942; x_wconf 85' lang='grc' dir='ltr'>Εἶπον,</span> <span class='ocrx_word' id='word_1_660' title='bbox 2771 3880 2854 3934; x_wconf 83' lang='grc' dir='ltr'>ὅτι</span> <span class='ocrx_word' id='word_1_661' title='bbox 2869 3880 3126 3952; x_wconf 83' lang='grc' dir='ltr'>ἄγροικος</span> <span class='ocrx_word' id='word_1_662' title='bbox 3148 3881 3309 3951; x_wconf 83' lang='grc' dir='ltr'>σοφία</span> <span class='ocrx_word' id='word_1_663' title='bbox 3325 3880 3465 3934; x_wconf 77' lang='grc' dir='ltr'>ἐστί·</span> <span class='ocrx_word' id='word_1_664' title='bbox 3487 3882 3688 3953; x_wconf 78' lang='grc' dir='ltr'>μᾶλλον</span> 
     </span>
    </p>
   </div>
   <div class='ocr_carea' id='block_1_87' title="bbox 2094 3969 3687 4045">
    <p class='ocr_par' dir='ltr' id='par_1_87' title="bbox 2094 3969 3687 4045">
     <span class='ocr_line' id='line_1_87' title="bbox 2094 3969 3687 4045; baseline 0.003 -23"><span class='ocrx_word' id='word_1_665' title='bbox 2094 3969 2203 4043; x_wconf 78' lang='grc' dir='ltr'><strong>γὰρ</strong></span> <span class='ocrx_word' id='word_1_666' title='bbox 2234 3970 2295 4023; x_wconf 82' lang='grc' dir='ltr'>τὸ</span> <span class='ocrx_word' id='word_1_667' title='bbox 2320 3972 2699 4040; x_wconf 73' lang='grc' dir='ltr'>ὀμοιοούσιον</span> <span class='ocrx_word' id='word_1_668' title='bbox 2713 3972 2819 4026; x_wconf 78' lang='grc' dir='ltr'>ἔδει</span> <span class='ocrx_word' id='word_1_669' title='bbox 2849 3973 3106 4041; x_wconf 86' lang='grc' dir='ltr'>λέγεσθαι</span> <span class='ocrx_word' id='word_1_670' title='bbox 3132 3972 3264 4045; x_wconf 86' lang='grc' dir='ltr'>παρ’</span> <span class='ocrx_word' id='word_1_671' title='bbox 3289 3974 3318 4025; x_wconf 85' lang='grc' dir='ltr'>ὑ</span> <span class='ocrx_word' id='word_1_672' title='bbox 3327 3972 3447 4043; x_wconf 89' lang='grc' dir='ltr'><strong>μῶν</strong></span> <span class='ocrx_word' id='word_1_673' title='bbox 3470 3974 3687 4028; x_wconf 72' lang='grc' dir='ltr'>ἐπὶτῶν</span> 
     </span>
    </p>
   </div>
   <div class='ocr_carea' id='block_1_88' title="bbox 2094 4057 3685 4137">
    <p class='ocr_par' dir='ltr' id='par_1_88' title="bbox 2094 4057 3685 4137">
     <span class='ocr_line' id='line_1_88' title="bbox 2094 4057 3685 4137; baseline 0.001 -21"><span class='ocrx_word' id='word_1_674' title='bbox 2094 4063 2383 4134; x_wconf 83' lang='grc' dir='ltr'>σωμάτων,</span> <span class='ocrx_word' id='word_1_675' title='bbox 2414 4065 2499 4134; x_wconf 79' lang='grc' dir='ltr'><strong>ἐφ’</strong></span> <span class='ocrx_word' id='word_1_676' title='bbox 2529 4057 2606 4117; x_wconf 82' lang='grc' dir='ltr'>ὧν</span> <span class='ocrx_word' id='word_1_677' title='bbox 2646 4066 2737 4119; x_wconf 74' lang='grc' dir='ltr'>καὶ</span> <span class='ocrx_word' id='word_1_678' title='bbox 2760 4065 3033 4137; x_wconf 85' lang='grc' dir='ltr'>ὁμοιότης,</span> <span class='ocrx_word' id='word_1_679' title='bbox 3050 4065 3113 4118; x_wconf 82' lang='grc' dir='ltr'>τὸ</span> <span class='ocrx_word' id='word_1_680' title='bbox 3139 4064 3196 4117; x_wconf 74' lang='grc' dir='ltr'>δὲ</span> <span class='ocrx_word' id='word_1_681' title='bbox 3223 4066 3560 4134; x_wconf 72' lang='grc' dir='ltr'>ὁμοούσιον</span> <span class='ocrx_word' id='word_1_682' title='bbox 3592 4068 3685 4119; x_wconf 70' lang='grc' dir='ltr'><strong>ἐπὶ</strong></span> 
     </span>
    </p>
   </div>
   <div class='ocr_carea' id='block_1_89' title="bbox 2090 4150 3684 4230">
    <p class='ocr_par' dir='ltr' id='par_1_89' title="bbox 2090 4150 3684 4230">
     <span class='ocr_line' id='line_1_89' title="bbox 2090 4150 3684 4230; baseline 0.003 -22"><span class='ocrx_word' id='word_1_683' title='bbox 2090 4156 2198 4210; x_wconf 85' lang='grc' dir='ltr'><strong>τῶν</strong></span> <span class='ocrx_word' id='word_1_684' title='bbox 2226 4156 2551 4227; x_wconf 81' lang='grc' dir='ltr'>ἀσωμάτων,</span> <span class='ocrx_word' id='word_1_685' title='bbox 2566 4159 2651 4227; x_wconf 76' lang='grc' dir='ltr'><strong>ἐφ’</strong></span> <span class='ocrx_word' id='word_1_686' title='bbox 2672 4150 2747 4211; x_wconf 85' lang='grc' dir='ltr'>ὧν</span> <span class='ocrx_word' id='word_1_687' title='bbox 2772 4160 2807 4230; x_wconf 81' lang='grc' dir='ltr'><strong>ἡ</strong></span> <span class='ocrx_word' id='word_1_688' title='bbox 2836 4158 3126 4228; x_wconf 77' lang='grc' dir='ltr'>ταυτότης·</span> <span class='ocrx_word' id='word_1_689' title='bbox 3145 4156 3331 4228; x_wconf 77' lang='grc' dir='ltr'>τὸγὰρ</span> <span class='ocrx_word' id='word_1_690' title='bbox 3358 4159 3684 4227; x_wconf 73' lang='grc' dir='ltr'>ὀμοούσιόγ</span> 
     </span>
    </p>
   </div>
   <div class='ocr_carea' id='block_1_90' title="bbox 2090 4246 3683 4321">
    <p class='ocr_par' dir='ltr' id='par_1_90' title="bbox 2090 4246 3683 4321">
     <span class='ocr_line' id='line_1_90' title="bbox 2090 4246 3683 4321; baseline 0.004 -23"><span class='ocrx_word' id='word_1_691' title='bbox 2090 4246 2210 4299; x_wconf 80' lang='grc' dir='ltr'>ἐστι</span> <span class='ocrx_word' id='word_1_692' title='bbox 2253 4247 2314 4300; x_wconf 87' lang='grc' dir='ltr'>τὸ</span> <span class='ocrx_word' id='word_1_693' title='bbox 2366 4249 2780 4304; x_wconf 76' lang='grc' dir='ltr'>ταυτοούσιον.</span> <span class='ocrx_word' id='word_1_694' title='bbox 2827 4249 3050 4305; x_wconf 83' lang='grc' dir='ltr'>Μακεδ.</span> <span class='ocrx_word' id='word_1_695' title='bbox 3098 4248 3257 4304; x_wconf 85' lang='grc' dir='ltr'>Ἀλλά</span> <span class='ocrx_word' id='word_1_696' title='bbox 3301 4249 3375 4303; x_wconf 72' lang='grc' dir='ltr'>τὰ</span> <span class='ocrx_word' id='word_1_697' title='bbox 3419 4251 3683 4321; x_wconf 82' lang='grc' dir='ltr'>ὁμοούσισ</span> 
     </span>
    </p>
   </div>
   <div class='ocr_carea' id='block_1_91' title="bbox 2090 4336 3684 4414">
    <p class='ocr_par' dir='ltr' id='par_1_91' title="bbox 2090 4336 3684 4414">
     <span class='ocr_line' id='line_1_91' title="bbox 2090 4336 3684 4414; baseline 0.004 -24"><span class='ocrx_word' id='word_1_698' title='bbox 2090 4336 2269 4409; x_wconf 77' lang='grc' dir='ltr'>ἔχουσι</span> <span class='ocrx_word' id='word_1_699' title='bbox 2306 4340 2776 4412; x_wconf 79' lang='grc' dir='ltr'>προϋποκειμένην</span> <span class='ocrx_word' id='word_1_700' title='bbox 2818 4342 3027 4396; x_wconf 87' lang='grc' dir='ltr'>οὐσίαν.</span> <span class='ocrx_word' id='word_1_701' title='bbox 3085 4343 3240 4411; x_wconf 83' lang='grc' dir='ltr'>Ὄρθ.</span> <span class='ocrx_word' id='word_1_702' title='bbox 3300 4343 3418 4396; x_wconf 89' lang='grc' dir='ltr'><strong>Οὐκ</strong></span> <span class='ocrx_word' id='word_1_703' title='bbox 3466 4342 3684 4414; x_wconf 85' lang='grc' dir='ltr'>ἀληθῶς</span> 
     </span>
    </p>
   </div>
   <div class='ocr_carea' id='block_1_92' title="bbox 417 4427 1998 4506">
    <p class='ocr_par' dir='ltr' id='par_1_92' title="bbox 417 4427 1995 4503">
     <span class='ocr_line' id='line_1_92' title="bbox 417 4427 1995 4503; baseline 0.003 -22"><span class='ocrx_word' id='word_1_704' title='bbox 417 4429 486 4483; x_wconf 88' lang='lat' dir='ltr'><strong>lis</strong></span> <span class='ocrx_word' id='word_1_705' title='bbox 524 4436 610 4483; x_wconf 89' lang='lat' dir='ltr'><strong>est</strong></span> <span class='ocrx_word' id='word_1_706' title='bbox 638 4427 751 4483; x_wconf 88' lang='lat' dir='ltr'><strong>Eva</strong></span> <span class='ocrx_word' id='word_1_707' title='bbox 777 4429 1010 4495; x_wconf 84' lang='lat' dir='ltr'><strong>Adamo,</strong></span> <span class='ocrx_word' id='word_1_708' title='bbox 1039 4446 1215 4503; x_wconf 89' lang='lat' dir='ltr'><strong>neque</strong></span> <span class='ocrx_word' id='word_1_709' title='bbox 1243 4439 1426 4486; x_wconf 89' lang='lat' dir='ltr'><strong>tamen</strong></span> <span class='ocrx_word' id='word_1_710' title='bbox 1460 4431 1662 4486; x_wconf 89' lang='lat' dir='ltr'><strong>habent</strong></span> <span class='ocrx_word' id='word_1_711' title='bbox 1695 4430 1995 4501; x_wconf 75' lang='lat' dir='ltr'><strong>prrejacen-</strong></span> 
     </span>
    </p>
   </div>
   <div class='ocr_carea' id='block_1_93' title="bbox 2101 4427 3685 4506">
    <p class='ocr_par' dir='ltr' id='par_1_93' title="bbox 2101 4429 3685 4506">
     <span class='ocr_line' id='line_1_93' title="bbox 2101 4429 3685 4506; baseline 0.003 -23"><span class='ocrx_word' id='word_1_712' title='bbox 2101 4429 2305 4500; x_wconf 53' lang='grc' dir='ltr'>λέγεις’</span> <span class='ocrx_word' id='word_1_713' title='bbox 2331 4432 2426 4486; x_wconf 76' lang='grc' dir='ltr'>καὶ</span> <span class='ocrx_word' id='word_1_714' title='bbox 2457 4432 2565 4504; x_wconf 88' lang='grc' dir='ltr'><strong>γὰρ</strong></span> <span class='ocrx_word' id='word_1_715' title='bbox 2586 4433 2866 4505; x_wconf 89' lang='grc' dir='ltr'>ὁμοούσιός</span> <span class='ocrx_word' id='word_1_716' title='bbox 2896 4435 3044 4487; x_wconf 80' lang='grc' dir='ltr'>ἐστιν</span> <span class='ocrx_word' id='word_1_717' title='bbox 3067 4436 3101 4505; x_wconf 86' lang='grc' dir='ltr'>ἡ</span> <span class='ocrx_word' id='word_1_718' title='bbox 3135 4433 3250 4488; x_wconf 75' lang='grc' dir='ltr'>Εὔα</span> <span class='ocrx_word' id='word_1_719' title='bbox 3277 4433 3572 4506; x_wconf 81' lang='grc' dir='ltr'>τῷἈδάμ,</span> <span class='ocrx_word' id='word_1_720' title='bbox 3592 4437 3685 4491; x_wconf 85' lang='grc' dir='ltr'>καὶ</span> 
     </span>
    </p>
   </div>
   <div class='ocr_carea' id='block_1_94' title="bbox 413 4520 1992 4580">
    <p class='ocr_par' dir='ltr' id='par_1_94' title="bbox 413 4520 1992 4580">
     <span class='ocr_line' id='line_1_94' title="bbox 413 4520 1992 4580; baseline 0.003 -7"><span class='ocrx_word' id='word_1_721' title='bbox 413 4528 521 4575; x_wconf 90' lang='lat' dir='ltr'><strong>tem</strong></span> <span class='ocrx_word' id='word_1_722' title='bbox 536 4520 819 4576; x_wconf 88' lang='lat' dir='ltr'><strong>hominum</strong></span> <span class='ocrx_word' id='word_1_723' title='bbox 833 4522 1429 4580; x_wconf 80' lang='lat' dir='ltr'><strong>substantiam.Maced.</strong></span> <span class='ocrx_word' id='word_1_724' title='bbox 1449 4522 1554 4580; x_wconf 89' lang='lat' dir='ltr'><strong>Sed</strong></span> <span class='ocrx_word' id='word_1_725' title='bbox 1574 4534 1774 4580; x_wconf 88' lang='lat' dir='ltr'><strong>terram</strong></span> <span class='ocrx_word' id='word_1_726' title='bbox 1791 4525 1992 4579; x_wconf 89' lang='lat' dir='ltr'><strong>habent</strong></span> 
     </span>
    </p>
   </div>
   <div class='ocr_carea' id='block_1_95' title="bbox 413 4611 1991 4685">
    <p class='ocr_par' dir='ltr' id='par_1_95' title="bbox 413 4611 1991 4685">
     <span class='ocr_line' id='line_1_95' title="bbox 413 4611 1991 4685; baseline 0 -17"><span class='ocrx_word' id='word_1_727' title='bbox 413 4614 816 4685; x_wconf 69' lang='lat' dir='ltr'><strong>praeiacentem.</strong></span> <span class='ocrx_word' id='word_1_728' title='bbox 852 4611 1007 4669; x_wconf 79' lang='lat' dir='ltr'><strong>Orth.</strong></span> <span class='ocrx_word' id='word_1_729' title='bbox 1042 4611 1153 4669; x_wconf 90' lang='lat' dir='ltr'><strong>Nec</strong></span> <span class='ocrx_word' id='word_1_730' title='bbox 1182 4622 1364 4669; x_wconf 87' lang='lat' dir='ltr'><strong>tamen</strong></span> <span class='ocrx_word' id='word_1_731' title='bbox 1414 4614 1538 4670; x_wconf 89' lang='lat' dir='ltr'><strong>ideo</strong></span> <span class='ocrx_word' id='word_1_732' title='bbox 1586 4623 1715 4670; x_wconf 88' lang='lat' dir='ltr'><strong>sunt</strong></span> <span class='ocrx_word' id='word_1_733' title='bbox 1753 4615 1991 4669; x_wconf 87' lang='lat' dir='ltr'><strong>consub-</strong></span> 
     </span>
    </p>
   </div>
   <div class='ocr_carea' id='block_1_96' title="bbox 411 4705 1986 4776">
    <p class='ocr_par' dir='ltr' id='par_1_96' title="bbox 411 4705 1986 4776">
     <span class='ocr_line' id='line_1_96' title="bbox 411 4705 1986 4776; baseline -0.001 -15"><span class='ocrx_word' id='word_1_734' title='bbox 411 4705 719 4765; x_wconf 86' lang='lat' dir='ltr'><strong>stantiales,</strong></span> <span class='ocrx_word' id='word_1_735' title='bbox 739 4705 866 4776; x_wconf 90' lang='lat' dir='ltr'><strong>quia</strong></span> <span class='ocrx_word' id='word_1_736' title='bbox 890 4722 956 4762; x_wconf 85' lang='lat' dir='ltr'><strong>ex</strong></span> <span class='ocrx_word' id='word_1_737' title='bbox 989 4712 1134 4761; x_wconf 90' lang='lat' dir='ltr'><strong>terra</strong></span> <span class='ocrx_word' id='word_1_738' title='bbox 1157 4713 1304 4772; x_wconf 90' lang='lat' dir='ltr'><strong>sunt,</strong></span> <span class='ocrx_word' id='word_1_739' title='bbox 1334 4706 1429 4762; x_wconf 86' lang='lat' dir='ltr'><strong>sed</strong></span> <span class='ocrx_word' id='word_1_740' title='bbox 1464 4707 1591 4776; x_wconf 92' lang='lat' dir='ltr'><strong>quia</strong></span> <span class='ocrx_word' id='word_1_741' title='bbox 1616 4707 1861 4762; x_wconf 87' lang='lat' dir='ltr'><strong>eamdem</strong></span> <span class='ocrx_word' id='word_1_742' title='bbox 1888 4708 1986 4759; x_wconf 86' lang='lat' dir='ltr'><strong>ad-</strong></span> 
     </span>
    </p>
   </div>
   <div class='ocr_carea' id='block_1_97' title="bbox 411 4794 1989 4868">
    <p class='ocr_par' dir='ltr' id='par_1_97' title="bbox 411 4794 1989 4868">
     <span class='ocr_line' id='line_1_97' title="bbox 411 4794 1989 4868; baseline 0.001 -19"><span class='ocrx_word' id='word_1_743' title='bbox 411 4795 636 4850; x_wconf 88' lang='lat' dir='ltr'><strong>mittunt</strong></span> <span class='ocrx_word' id='word_1_744' title='bbox 659 4795 982 4851; x_wconf 70' lang='lat' dir='ltr'><strong>substantia:</strong></span> <span class='ocrx_word' id='word_1_745' title='bbox 1011 4796 1301 4851; x_wconf 89' lang='lat' dir='ltr'><strong>rationem.</strong></span> <span class='ocrx_word' id='word_1_746' title='bbox 1325 4794 1536 4854; x_wconf 81' lang='lat' dir='ltr'><strong>Maced.</strong></span> <span class='ocrx_word' id='word_1_747' title='bbox 1566 4797 1767 4853; x_wconf 81' lang='lat' dir='ltr'><strong>Verum</strong></span> <span class='ocrx_word' id='word_1_748' title='bbox 1788 4813 1889 4868; x_wconf 88' lang='lat' dir='ltr'><strong>ego</strong></span> <span class='ocrx_word' id='word_1_749' title='bbox 1907 4797 1989 4851; x_wconf 88' lang='lat' dir='ltr'><strong>id-</strong></span> 
     </span>
    </p>
   </div>
   <div class='ocr_carea' id='block_1_98' title="bbox 409 4888 1984 4960">
    <p class='ocr_par' dir='ltr' id='par_1_98' title="bbox 409 4888 1984 4960">
     <span class='ocr_line' id='line_1_98' title="bbox 409 4888 1984 4960; baseline 0 -18"><span class='ocrx_word' id='word_1_750' title='bbox 409 4888 560 4942; x_wconf 84' lang='lat' dir='ltr'><strong>circo</strong></span> <span class='ocrx_word' id='word_1_751' title='bbox 606 4889 1104 4943; x_wconf 87' lang='lat' dir='ltr'><strong>consubstantiales</strong></span> <span class='ocrx_word' id='word_1_752' title='bbox 1158 4904 1282 4944; x_wconf 91' lang='lat' dir='ltr'><strong>esse</strong></span> <span class='ocrx_word' id='word_1_753' title='bbox 1316 4890 1461 4955; x_wconf 92' lang='lat' dir='ltr'><strong>dico,</strong></span> <span class='ocrx_word' id='word_1_754' title='bbox 1513 4889 1642 4960; x_wconf 87' lang='lat' dir='ltr'><strong>quia</strong></span> <span class='ocrx_word' id='word_1_755' title='bbox 1677 4906 1746 4945; x_wconf 82' lang='lat' dir='ltr'><strong>ex</strong></span> <span class='ocrx_word' id='word_1_756' title='bbox 1796 4889 1984 4945; x_wconf 89' lang='lat' dir='ltr'><strong>eadem</strong></span> 
     </span>
    </p>
   </div>
   <div class='ocr_carea' id='block_1_99' title="bbox 412 4979 1987 5051">
    <p class='ocr_par' dir='ltr' id='par_1_99' title="bbox 412 4979 1987 5051">
     <span class='ocr_line' id='line_1_99' title="bbox 412 4979 1987 5051; baseline 0.003 -20"><span class='ocrx_word' id='word_1_757' title='bbox 412 4979 571 5047; x_wconf 81' lang='lat' dir='ltr'><strong>plane</strong></span> <span class='ocrx_word' id='word_1_758' title='bbox 591 4986 721 5034; x_wconf 90' lang='lat' dir='ltr'><strong>sunt</strong></span> <span class='ocrx_word' id='word_1_759' title='bbox 749 4979 1076 5046; x_wconf 88' lang='lat' dir='ltr'><strong>substantia,</strong></span> <span class='ocrx_word' id='word_1_760' title='bbox 1106 4995 1169 5035; x_wconf 82' lang='lat' dir='ltr'><strong>ex</strong></span> <span class='ocrx_word' id='word_1_761' title='bbox 1199 4989 1343 5035; x_wconf 90' lang='lat' dir='ltr'><strong>terra</strong></span> <span class='ocrx_word' id='word_1_762' title='bbox 1372 4996 1587 5051; x_wconf 85' lang='lat' dir='ltr'><strong>nempe.</strong></span> <span class='ocrx_word' id='word_1_763' title='bbox 1611 4980 1708 5036; x_wconf 91' lang='lat' dir='ltr'><strong>Dic</strong></span> <span class='ocrx_word' id='word_1_764' title='bbox 1739 4980 1905 5051; x_wconf 84' lang='lat' dir='ltr'><strong>igitur</strong></span> <span class='ocrx_word' id='word_1_765' title='bbox 1932 4988 1987 5036; x_wconf 86' lang='lat' dir='ltr'><strong>et</strong></span> 
     </span>
    </p>
   </div>
   <div class='ocr_carea' id='block_1_100' title="bbox 409 5073 1985 5140">
    <p class='ocr_par' dir='ltr' id='par_1_100' title="bbox 409 5073 1985 5140">
     <span class='ocr_line' id='line_1_100' title="bbox 409 5073 1985 5140; baseline 0.001 -16"><span class='ocrx_word' id='word_1_766' title='bbox 409 5084 596 5136; x_wconf 79' lang='lat' dir='ltr'><strong>canes,</strong></span> <span class='ocrx_word' id='word_1_767' title='bbox 621 5077 677 5124; x_wconf 92' lang='lat' dir='ltr'><strong>et</strong></span> <span class='ocrx_word' id='word_1_768' title='bbox 705 5080 989 5140; x_wconf 81' lang='lat' dir='ltr'><strong>serpentes</strong></span> <span class='ocrx_word' id='word_1_769' title='bbox 1016 5080 1069 5129; x_wconf 85' lang='lat' dir='ltr'><strong>et</strong></span> <span class='ocrx_word' id='word_1_770' title='bbox 1100 5079 1297 5127; x_wconf 89' lang='lat' dir='ltr'><strong>cuncta</strong></span> <span class='ocrx_word' id='word_1_771' title='bbox 1330 5080 1524 5129; x_wconf 81' lang='lat' dir='ltr'><strong>caetera</strong></span> <span class='ocrx_word' id='word_1_772' title='bbox 1556 5075 1854 5128; x_wconf 87' lang='lat' dir='ltr'><strong>animantia</strong></span> <span class='ocrx_word' id='word_1_773' title='bbox 1884 5073 1985 5126; x_wconf 93' lang='lat' dir='ltr'><strong>ho-</strong></span> 
     </span>
    </p>
   </div>
   <div class='ocr_carea' id='block_1_101' title="bbox 411 5160 1985 5236">
    <p class='ocr_par' dir='ltr' id='par_1_101' title="bbox 411 5160 1985 5236">
     <span class='ocr_line' id='line_1_101' title="bbox 411 5160 1985 5236; baseline 0.004 -24"><span class='ocrx_word' id='word_1_774' title='bbox 411 5160 652 5217; x_wconf 90' lang='lat' dir='ltr'><strong>minibus</strong></span> <span class='ocrx_word' id='word_1_775' title='bbox 678 5177 799 5218; x_wconf 89' lang='lat' dir='ltr'><strong>esse</strong></span> <span class='ocrx_word' id='word_1_776' title='bbox 840 5164 1359 5229; x_wconf 86' lang='lat' dir='ltr'><strong>consubstantialia,</strong></span> <span class='ocrx_word' id='word_1_777' title='bbox 1404 5181 1579 5236; x_wconf 90' lang='lat' dir='ltr'><strong>neque</strong></span> <span class='ocrx_word' id='word_1_778' title='bbox 1607 5166 1783 5221; x_wconf 88' lang='lat' dir='ltr'><strong>solum</strong></span> <span class='ocrx_word' id='word_1_779' title='bbox 1826 5166 1985 5222; x_wconf 89' lang='lat' dir='ltr'><strong>bruta</strong></span> 
     </span>
    </p>
   </div>
   <div class='ocr_carea' id='block_1_102' title="bbox 409 5252 1983 5328">
    <p class='ocr_par' dir='ltr' id='par_1_102' title="bbox 409 5252 1983 5328">
     <span class='ocr_line' id='line_1_102' title="bbox 409 5252 1983 5328; baseline 0.002 -21"><span class='ocrx_word' id='word_1_780' title='bbox 409 5252 711 5308; x_wconf 88' lang='lat' dir='ltr'><strong>animantia</strong></span> <span class='ocrx_word' id='word_1_781' title='bbox 727 5295 742 5318; x_wconf 89' lang='lat'><strong>,</strong></span> <span class='ocrx_word' id='word_1_782' title='bbox 766 5255 858 5310; x_wconf 88' lang='lat' dir='ltr'><strong>sed</strong></span> <span class='ocrx_word' id='word_1_783' title='bbox 886 5259 1045 5311; x_wconf 88' lang='lat' dir='ltr'><strong>etiam</strong></span> <span class='ocrx_word' id='word_1_784' title='bbox 1078 5258 1289 5325; x_wconf 89' lang='lat' dir='ltr'><strong>plantas</strong></span> <span class='ocrx_word' id='word_1_785' title='bbox 1306 5266 1359 5312; x_wconf 93' lang='lat' dir='ltr'><strong>et</strong></span> <span class='ocrx_word' id='word_1_786' title='bbox 1377 5257 1422 5313; x_wconf 92' lang='lat' dir='ltr'><strong>si</strong></span> <span class='ocrx_word' id='word_1_787' title='bbox 1443 5257 1572 5328; x_wconf 91' lang='lat' dir='ltr'><strong>quid</strong></span> <span class='ocrx_word' id='word_1_788' title='bbox 1590 5257 1735 5312; x_wconf 89' lang='lat' dir='ltr'><strong>aliud</strong></span> <span class='ocrx_word' id='word_1_789' title='bbox 1753 5273 1820 5312; x_wconf 80' lang='lat' dir='ltr'><strong>ex</strong></span> <span class='ocrx_word' id='word_1_790' title='bbox 1837 5265 1983 5311; x_wconf 87' lang='lat' dir='ltr'><strong>terra</strong></span> 
     </span>
    </p>
   </div>
   <div class='ocr_carea' id='block_1_103' title="bbox 408 5345 1983 5418">
    <p class='ocr_par' dir='ltr' id='par_1_103' title="bbox 408 5345 1983 5418">
     <span class='ocr_line' id='line_1_103' title="bbox 408 5345 1983 5418; baseline 0.004 -21"><span class='ocrx_word' id='word_1_791' title='bbox 408 5353 590 5398; x_wconf 87' lang='lat' dir='ltr'><strong>ortum</strong></span> <span class='ocrx_word' id='word_1_792' title='bbox 639 5345 819 5401; x_wconf 85' lang='lat' dir='ltr'><strong>habet.</strong></span> <span class='ocrx_word' id='word_1_793' title='bbox 852 5345 975 5403; x_wconf 87' lang='lat' dir='ltr'><strong>Uno</strong></span> <span class='ocrx_word' id='word_1_794' title='bbox 1006 5348 1206 5418; x_wconf 89' lang='lat' dir='ltr'><strong>quippe</strong></span> <span class='ocrx_word' id='word_1_795' title='bbox 1249 5349 1470 5405; x_wconf 90' lang='lat' dir='ltr'><strong>nomine</strong></span> <span class='ocrx_word' id='word_1_796' title='bbox 1528 5350 1713 5404; x_wconf 90' lang='lat' dir='ltr'><strong>omnia</strong></span> <span class='ocrx_word' id='word_1_797' title='bbox 1766 5357 1983 5404; x_wconf 88' lang='lat' dir='ltr'><strong>terrena</strong></span> 
     </span>
    </p>
   </div>
   <div class='ocr_carea' id='block_1_104' title="bbox 406 5438 1984 5503">
    <p class='ocr_par' dir='ltr' id='par_1_104' title="bbox 406 5438 1984 5503">
     <span class='ocr_line' id='line_1_104' title="bbox 406 5438 1984 5503; baseline 0.003 -12"><span class='ocrx_word' id='word_1_798' title='bbox 406 5445 698 5503; x_wconf 87' lang='lat' dir='ltr'><strong>vocantur,</strong></span> <span class='ocrx_word' id='word_1_799' title='bbox 749 5438 844 5493; x_wconf 89' lang='lat' dir='ltr'><strong>sed</strong></span> <span class='ocrx_word' id='word_1_800' title='bbox 894 5454 1005 5494; x_wconf 88' lang='lat' dir='ltr'><strong>non</strong></span> <span class='ocrx_word' id='word_1_801' title='bbox 1044 5440 1289 5495; x_wconf 89' lang='lat' dir='ltr'><strong>eamdem</strong></span> <span class='ocrx_word' id='word_1_802' title='bbox 1321 5441 1614 5497; x_wconf 90' lang='lat' dir='ltr'><strong>admittunt</strong></span> <span class='ocrx_word' id='word_1_803' title='bbox 1662 5442 1984 5497; x_wconf 69' lang='lat' dir='ltr'><strong>substantiae</strong></span> 
     </span>
    </p>
   </div>
   <div class='ocr_carea' id='block_1_105' title="bbox 406 5526 1976 5601">
    <p class='ocr_par' dir='ltr' id='par_1_105' title="bbox 406 5526 1976 5601">
     <span class='ocr_line' id='line_1_105' title="bbox 406 5526 1976 5601; baseline 0.004 -20"><span class='ocrx_word' id='word_1_804' title='bbox 406 5526 696 5581; x_wconf 85' lang='lat' dir='ltr'><strong>rationem.</strong></span> <span class='ocrx_word' id='word_1_805' title='bbox 726 5526 935 5585; x_wconf 80' lang='lat' dir='ltr'><strong>Maced.</strong></span> <span class='ocrx_word' id='word_1_806' title='bbox 970 5529 1082 5601; x_wconf 82' lang='lat' dir='ltr'><strong>Ego</strong></span> <span class='ocrx_word' id='word_1_807' title='bbox 1116 5547 1221 5585; x_wconf 91' lang='lat' dir='ltr'><strong>non</strong></span> <span class='ocrx_word' id='word_1_808' title='bbox 1240 5548 1361 5587; x_wconf 89' lang='lat' dir='ltr'><strong>sum</strong></span> <span class='ocrx_word' id='word_1_809' title='bbox 1389 5540 1626 5588; x_wconf 82' lang='lat' dir='ltr'><strong>sectator</strong></span> <span class='ocrx_word' id='word_1_810' title='bbox 1647 5533 1976 5588; x_wconf 84' lang='lat' dir='ltr'><strong>Aristotelis.</strong></span> 
     </span>
    </p>
   </div>
   <div class='ocr_carea' id='block_1_106' title="bbox 407 5614 1980 5698">
    <p class='ocr_par' dir='ltr' id='par_1_106' title="bbox 407 5614 1980 5698">
     <span class='ocr_line' id='line_1_106' title="bbox 407 5614 1980 5698; baseline 0.005 -24"><span class='ocrx_word' id='word_1_811' title='bbox 407 5614 565 5674; x_wconf 79' lang='lat' dir='ltr'><strong>Orth.</strong></span> <span class='ocrx_word' id='word_1_812' title='bbox 584 5616 770 5688; x_wconf 86' lang='lat' dir='ltr'><strong>Neque</strong></span> <span class='ocrx_word' id='word_1_813' title='bbox 787 5636 907 5692; x_wconf 86' lang='lat' dir='ltr'><strong>ego.</strong></span> <span class='ocrx_word' id='word_1_814' title='bbox 927 5621 1137 5678; x_wconf 78' lang='lat' dir='ltr'><strong>Maced.</strong></span> <span class='ocrx_word' id='word_1_815' title='bbox 1172 5622 1278 5679; x_wconf 90' lang='lat' dir='ltr'><strong>Sed</strong></span> <span class='ocrx_word' id='word_1_816' title='bbox 1303 5626 1625 5682; x_wconf 87' lang='lat' dir='ltr'><strong>Aristoteles</strong></span> <span class='ocrx_word' id='word_1_817' title='bbox 1652 5627 1847 5698; x_wconf 89' lang='lat' dir='ltr'><strong>inquit,</strong></span> <span class='ocrx_word' id='word_1_818' title='bbox 1878 5627 1980 5682; x_wconf 92' lang='lat' dir='ltr'><strong>ho-</strong></span> 
     </span>
    </p>
   </div>
   <div class='ocr_carea' id='block_1_107' title="bbox 410 5718 1978 5788">
    <p class='ocr_par' dir='ltr' id='par_1_107' title="bbox 410 5718 1978 5788">
     <span class='ocr_line' id='line_1_107' title="bbox 410 5718 1978 5788; baseline 0.01 -25"><span class='ocrx_word' id='word_1_819' title='bbox 410 5725 811 5780; x_wconf 77' lang='lat' dir='ltr'><strong>monymorum,</strong></span> <span class='ocrx_word' id='word_1_820' title='bbox 847 5732 944 5773; x_wconf 82' lang='lat' dir='ltr'><strong>seu</strong></span> <span class='ocrx_word' id='word_1_821' title='bbox 976 5732 1208 5788; x_wconf 86' lang='lat' dir='ltr'><strong>quorum</strong></span> <span class='ocrx_word' id='word_1_822' title='bbox 1233 5734 1521 5777; x_wconf 89' lang='lat' dir='ltr'><strong>commune</strong></span> <span class='ocrx_word' id='word_1_823' title='bbox 1543 5734 1763 5788; x_wconf 89' lang='lat' dir='ltr'><strong>nomen,</strong></span> <span class='ocrx_word' id='word_1_824' title='bbox 1795 5718 1978 5778; x_wconf 85' lang='lat' dir='ltr'><strong>diver-</strong></span> 
     </span>
    </p>
   </div>
   <div class='ocr_carea' id='block_1_108' title="bbox 2099 4522 3683 4598">
    <p class='ocr_par' dir='ltr' id='par_1_108' title="bbox 2099 4522 3683 4598">
     <span class='ocr_line' id='line_1_108' title="bbox 2099 4522 3683 4598; baseline 0.004 -23"><span class='ocrx_word' id='word_1_825' title='bbox 2099 4523 2200 4576; x_wconf 82' lang='grc' dir='ltr'><strong>οὐκ</strong></span> <span class='ocrx_word' id='word_1_826' title='bbox 2216 4522 2397 4594; x_wconf 76' lang='grc' dir='ltr'>ἔχουσι</span> <span class='ocrx_word' id='word_1_827' title='bbox 2412 4528 2711 4595; x_wconf 83' lang='grc' dir='ltr'>προῦποκει</span> <span class='ocrx_word' id='word_1_828' title='bbox 2718 4524 2886 4597; x_wconf 87' lang='grc' dir='ltr'>μένην</span> <span class='ocrx_word' id='word_1_829' title='bbox 2903 4525 3091 4580; x_wconf 85' lang='grc' dir='ltr'>οὐσίαν</span> <span class='ocrx_word' id='word_1_830' title='bbox 3107 4525 3204 4579; x_wconf 88' lang='grc' dir='ltr'><strong>ἀνθ</strong></span> <span class='ocrx_word' id='word_1_831' title='bbox 3213 4524 3433 4598; x_wconf 81' lang='grc' dir='ltr'>ρώπων.</span> <span class='ocrx_word' id='word_1_832' title='bbox 3453 4527 3683 4582; x_wconf 78' lang='grc' dir='ltr'>Μακεδ.</span> 
     </span>
    </p>
   </div>
   <div class='ocr_carea' id='block_1_109' title="bbox 2110 4615 3685 4689">
    <p class='ocr_par' dir='ltr' id='par_1_109' title="bbox 2110 4615 3685 4689">
     <span class='ocr_line' id='line_1_109' title="bbox 2110 4615 3685 4689; baseline 0.003 -21"><span class='ocrx_word' id='word_1_833' title='bbox 2110 4615 2269 4670; x_wconf 85' lang='grc' dir='ltr'>Ἀλλά</span> <span class='ocrx_word' id='word_1_834' title='bbox 2292 4615 2391 4688; x_wconf 84' lang='grc' dir='ltr'>τὴν</span> <span class='ocrx_word' id='word_1_835' title='bbox 2422 4616 2525 4687; x_wconf 90' lang='grc' dir='ltr'><strong>γῆν</strong></span> <span class='ocrx_word' id='word_1_836' title='bbox 2562 4615 2742 4688; x_wconf 77' lang='grc' dir='ltr'>ἔχουσι</span> <span class='ocrx_word' id='word_1_837' title='bbox 2760 4617 3254 4689; x_wconf 83' lang='grc' dir='ltr'>προῦποκειμένην.</span> <span class='ocrx_word' id='word_1_838' title='bbox 3272 4618 3427 4686; x_wconf 83' lang='grc' dir='ltr'>Ὀρθ.</span> <span class='ocrx_word' id='word_1_839' title='bbox 3454 4619 3607 4672; x_wconf 81' lang='grc' dir='ltr'>Ἀλλ’</span> <span class='ocrx_word' id='word_1_840' title='bbox 3624 4620 3685 4673; x_wconf 84' lang='grc' dir='ltr'><strong>οὐ</strong></span> 
     </span>
    </p>
   </div>
   <div class='ocr_carea' id='block_1_110' title="bbox 2094 4708 3682 4783">
    <p class='ocr_par' dir='ltr' id='par_1_110' title="bbox 2094 4708 3682 4783">
     <span class='ocr_line' id='line_1_110' title="bbox 2094 4708 3682 4783; baseline 0.002 -20"><span class='ocrx_word' id='word_1_841' title='bbox 2094 4708 2185 4764; x_wconf 84' lang='grc' dir='ltr'><strong>διὰ</strong></span> <span class='ocrx_word' id='word_1_842' title='bbox 2228 4710 2385 4764; x_wconf 84' lang='grc' dir='ltr'>τοῦτὸ</span> <span class='ocrx_word' id='word_1_843' title='bbox 2422 4711 2559 4766; x_wconf 79' lang='grc' dir='ltr'>εἰσιν</span> <span class='ocrx_word' id='word_1_844' title='bbox 2588 4708 2884 4782; x_wconf 84' lang='grc' dir='ltr'>ὁμοούσιοι,</span> <span class='ocrx_word' id='word_1_845' title='bbox 2931 4710 3118 4783; x_wconf 74' lang='grc' dir='ltr'>ἐπειδὴ</span> <span class='ocrx_word' id='word_1_846' title='bbox 3149 4711 3214 4764; x_wconf 83' lang='grc' dir='ltr'>ὲκ</span> <span class='ocrx_word' id='word_1_847' title='bbox 3248 4711 3345 4782; x_wconf 85' lang='grc' dir='ltr'><strong>τῆς</strong></span> <span class='ocrx_word' id='word_1_848' title='bbox 3375 4711 3488 4781; x_wconf 83' lang='grc' dir='ltr'><strong>γῆς</strong></span> <span class='ocrx_word' id='word_1_849' title='bbox 3520 4715 3682 4777; x_wconf 77' lang='grc' dir='ltr'>εἰσιν,</span> 
     </span>
    </p>
   </div>
   <div class='ocr_carea' id='block_1_111' title="bbox 2094 4801 3771 4873">
    <p class='ocr_par' dir='ltr' id='par_1_111' title="bbox 2094 4801 3771 4873">
     <span class='ocr_line' id='line_1_111' title="bbox 2094 4801 3771 4873; baseline 0.001 -17"><span class='ocrx_word' id='word_1_850' title='bbox 2094 4801 2208 4856; x_wconf 77' lang='grc' dir='ltr'>ἀλλ’</span> <span class='ocrx_word' id='word_1_851' title='bbox 2239 4803 2322 4856; x_wconf 85' lang='grc' dir='ltr'>ὅτι</span> <span class='ocrx_word' id='word_1_852' title='bbox 2352 4802 2443 4855; x_wconf 82' lang='grc' dir='ltr'>τὸν</span> <span class='ocrx_word' id='word_1_853' title='bbox 2494 4803 2654 4857; x_wconf 84' lang='grc' dir='ltr'>αὑτὸν</span> <span class='ocrx_word' id='word_1_854' title='bbox 2700 4802 3041 4873; x_wconf 74' lang='grc' dir='ltr'>ἐπιδέχονται</span> <span class='ocrx_word' id='word_1_855' title='bbox 3098 4802 3254 4873; x_wconf 85' lang='grc' dir='ltr'>λόγον</span> <span class='ocrx_word' id='word_1_856' title='bbox 3309 4803 3415 4873; x_wconf 84' lang='grc' dir='ltr'><strong>τῆς</strong></span> <span class='ocrx_word' id='word_1_857' title='bbox 3466 4806 3679 4869; x_wconf 86' lang='grc' dir='ltr'>οὐσίας.</span> <span class='ocrx_word' id='word_1_858' title='bbox 3759 4856 3771 4868; x_wconf 80' lang='grc'><strong>,</strong></span> 
     </span>
    </p>
   </div>
   <div class='ocr_carea' id='block_1_112' title="bbox 2094 4896 3680 4970">
    <p class='ocr_par' dir='ltr' id='par_1_112' title="bbox 2094 4896 3680 4970">
     <span class='ocr_line' id='line_1_112' title="bbox 2094 4896 3680 4970; baseline 0 -19"><span class='ocrx_word' id='word_1_859' title='bbox 2094 4896 2317 4952; x_wconf 79' lang='grc' dir='ltr'>Μακεδ.</span> <span class='ocrx_word' id='word_1_860' title='bbox 2356 4896 2498 4967; x_wconf 86' lang='grc' dir='ltr'><strong>Ἐγὼ</strong></span> <span class='ocrx_word' id='word_1_861' title='bbox 2543 4897 2600 4951; x_wconf 87' lang='grc' dir='ltr'>δὲ</span> <span class='ocrx_word' id='word_1_862' title='bbox 2629 4896 2715 4951; x_wconf 87' lang='grc' dir='ltr'><strong>διὰ</strong></span> <span class='ocrx_word' id='word_1_863' title='bbox 2736 4897 2895 4950; x_wconf 82' lang='grc' dir='ltr'>τοῦτο</span> <span class='ocrx_word' id='word_1_864' title='bbox 2929 4898 3073 4966; x_wconf 88' lang='grc' dir='ltr'>λέγω</span> <span class='ocrx_word' id='word_1_865' title='bbox 3096 4897 3437 4969; x_wconf 87' lang='grc' dir='ltr'>ὁμοουσίους,</span> <span class='ocrx_word' id='word_1_866' title='bbox 3492 4899 3680 4970; x_wconf 72' lang='grc' dir='ltr'>ἐπειδὴ</span> 
     </span>
    </p>
   </div>
   <div class='ocr_carea' id='block_1_113' title="bbox 2093 4986 3683 5060">
    <p class='ocr_par' dir='ltr' id='par_1_113' title="bbox 2093 4986 3683 5060">
     <span class='ocr_line' id='line_1_113' title="bbox 2093 4986 3683 5060; baseline 0.001 -19"><span class='ocrx_word' id='word_1_867' title='bbox 2093 4990 2158 5042; x_wconf 78' lang='grc' dir='ltr'>ἐκ</span> <span class='ocrx_word' id='word_1_868' title='bbox 2180 4989 2279 5059; x_wconf 88' lang='grc' dir='ltr'><strong>τῆς</strong></span> <span class='ocrx_word' id='word_1_869' title='bbox 2307 4989 2477 5059; x_wconf 86' lang='grc' dir='ltr'>αὐτῆς</span> <span class='ocrx_word' id='word_1_870' title='bbox 2496 4989 2633 5042; x_wconf 77' lang='grc' dir='ltr'>εἰσιν</span> <span class='ocrx_word' id='word_1_871' title='bbox 2657 4989 2864 5053; x_wconf 78' lang='grc' dir='ltr'>οὐσίας,</span> <span class='ocrx_word' id='word_1_872' title='bbox 2884 4990 2949 5042; x_wconf 85' lang='grc' dir='ltr'>ὲκ</span> <span class='ocrx_word' id='word_1_873' title='bbox 2972 4990 3071 5060; x_wconf 86' lang='grc' dir='ltr'><strong>τῆς</strong></span> <span class='ocrx_word' id='word_1_874' title='bbox 3095 4989 3220 5060; x_wconf 85' lang='grc' dir='ltr'>γῆς.</span> <span class='ocrx_word' id='word_1_875' title='bbox 3237 4990 3391 5057; x_wconf 83' lang='grc' dir='ltr'>Ὀρθ.</span> <span class='ocrx_word' id='word_1_876' title='bbox 3422 4986 3568 5043; x_wconf 80' lang='grc' dir='ltr'><strong>Εἴπε</strong></span> <span class='ocrx_word' id='word_1_877' title='bbox 3589 4987 3683 5043; x_wconf 77' lang='grc' dir='ltr'>οὖν</span> 
     </span>
    </p>
   </div>
   <div class='ocr_carea' id='block_1_114' title="bbox 2093 5080 3678 5151">
    <p class='ocr_par' dir='ltr' id='par_1_114' title="bbox 2093 5080 3678 5151">
     <span class='ocr_line' id='line_1_114' title="bbox 2093 5080 3678 5151; baseline 0.001 -17"><span class='ocrx_word' id='word_1_878' title='bbox 2093 5081 2188 5134; x_wconf 78' lang='grc' dir='ltr'>καὶ</span> <span class='ocrx_word' id='word_1_879' title='bbox 2212 5083 2337 5144; x_wconf 80' lang='grc' dir='ltr'>τοὺς</span> <span class='ocrx_word' id='word_1_880' title='bbox 2369 5080 2558 5145; x_wconf 80' lang='grc' dir='ltr'>κύνας,</span> <span class='ocrx_word' id='word_1_881' title='bbox 2615 5081 2710 5135; x_wconf 68' lang='grc' dir='ltr'>καὶ</span> <span class='ocrx_word' id='word_1_882' title='bbox 2737 5082 2863 5144; x_wconf 74' lang='grc' dir='ltr'>τοὺς</span> <span class='ocrx_word' id='word_1_883' title='bbox 2891 5080 3063 5151; x_wconf 72' lang='grc' dir='ltr'>ὄφεις,</span> <span class='ocrx_word' id='word_1_884' title='bbox 3113 5082 3210 5135; x_wconf 70' lang='grc' dir='ltr'>καὶ</span> <span class='ocrx_word' id='word_1_885' title='bbox 3238 5082 3419 5135; x_wconf 84' lang='grc' dir='ltr'>πάντα</span> <span class='ocrx_word' id='word_1_886' title='bbox 3446 5083 3520 5136; x_wconf 85' lang='grc' dir='ltr'>τὰ</span> <span class='ocrx_word' id='word_1_887' title='bbox 3546 5083 3678 5136; x_wconf 71' lang='grc' dir='ltr'>ἄλλα</span> 
     </span>
    </p>
   </div>
   <div class='ocr_carea' id='block_1_115' title="bbox 2092 5171 3675 5245">
    <p class='ocr_par' dir='ltr' id='par_1_115' title="bbox 2092 5171 3675 5245">
     <span class='ocr_line' id='line_1_115' title="bbox 2092 5171 3675 5245; baseline 0.003 -21"><span class='ocrx_word' id='word_1_888' title='bbox 2092 5171 2227 5236; x_wconf 84' lang='grc' dir='ltr'>ζῶα,</span> <span class='ocrx_word' id='word_1_889' title='bbox 2256 5172 2514 5243; x_wconf 86' lang='grc' dir='ltr'>ὁμοούσια</span> <span class='ocrx_word' id='word_1_890' title='bbox 2533 5175 2646 5238; x_wconf 80' lang='grc' dir='ltr'>τοῖς</span> <span class='ocrx_word' id='word_1_891' title='bbox 2675 5171 3006 5245; x_wconf 82' lang='grc' dir='ltr'>ἀνθρώποις·</span> <span class='ocrx_word' id='word_1_892' title='bbox 3040 5172 3219 5227; x_wconf 85' lang='grc' dir='ltr'><strong>καὶού</strong></span> <span class='ocrx_word' id='word_1_893' title='bbox 3258 5174 3421 5244; x_wconf 88' lang='grc' dir='ltr'>μόνον</span> <span class='ocrx_word' id='word_1_894' title='bbox 3453 5174 3528 5229; x_wconf 80' lang='grc' dir='ltr'>τὰ</span> <span class='ocrx_word' id='word_1_895' title='bbox 3553 5176 3675 5230; x_wconf 77' lang='grc' dir='ltr'>ἄλο-</span> 
     </span>
    </p>
   </div>
   <div class='ocr_carea' id='block_1_116' title="bbox 2090 5262 3671 5337">
    <p class='ocr_par' dir='ltr' id='par_1_116' title="bbox 2090 5262 3671 5337">
     <span class='ocr_line' id='line_1_116' title="bbox 2090 5262 3671 5337; baseline 0.003 -23"><span class='ocrx_word' id='word_1_896' title='bbox 2090 5279 2162 5331; x_wconf 89' lang='grc' dir='ltr'><strong>γα</strong></span> <span class='ocrx_word' id='word_1_897' title='bbox 2195 5262 2328 5328; x_wconf 80' lang='grc' dir='ltr'>ξῶα,</span> <span class='ocrx_word' id='word_1_898' title='bbox 2356 5262 2493 5317; x_wconf 80' lang='grc' dir='ltr'>ἀλλὰ</span> <span class='ocrx_word' id='word_1_899' title='bbox 2523 5265 2617 5318; x_wconf 81' lang='grc' dir='ltr'>καὶ</span> <span class='ocrx_word' id='word_1_900' title='bbox 2648 5263 2716 5318; x_wconf 88' lang='grc' dir='ltr'><strong>τά</strong></span> <span class='ocrx_word' id='word_1_901' title='bbox 2743 5263 2907 5335; x_wconf 72' lang='grc' dir='ltr'>φυτὰ,</span> <span class='ocrx_word' id='word_1_902' title='bbox 2925 5263 3020 5317; x_wconf 73' lang='grc' dir='ltr'>καὶ</span> <span class='ocrx_word' id='word_1_903' title='bbox 3054 5264 3109 5317; x_wconf 75' lang='grc' dir='ltr'>εἴ</span> <span class='ocrx_word' id='word_1_904' title='bbox 3138 5282 3192 5318; x_wconf 86' lang='grc' dir='ltr'><strong>τι</strong></span> <span class='ocrx_word' id='word_1_905' title='bbox 3219 5265 3408 5337; x_wconf 73' lang='grc' dir='ltr'>ἕτερόν</span> <span class='ocrx_word' id='word_1_906' title='bbox 3442 5270 3592 5320; x_wconf 73' lang='grc' dir='ltr'>ἐστιν</span> <span class='ocrx_word' id='word_1_907' title='bbox 3611 5267 3671 5318; x_wconf 76' lang='grc' dir='ltr'>ἐκ</span> 
     </span>
    </p>
   </div>
   <div class='ocr_carea' id='block_1_117' title="bbox 2087 5354 3666 5429">
    <p class='ocr_par' dir='ltr' id='par_1_117' title="bbox 2087 5354 3666 5429">
     <span class='ocr_line' id='line_1_117' title="bbox 2087 5354 3666 5429; baseline 0.003 -23"><span class='ocrx_word' id='word_1_908' title='bbox 2087 5354 2189 5419; x_wconf 82' lang='grc' dir='ltr'><strong>τῆς</strong></span> <span class='ocrx_word' id='word_1_909' title='bbox 2218 5355 2338 5424; x_wconf 86' lang='grc' dir='ltr'>γῆς.</span> <span class='ocrx_word' id='word_1_910' title='bbox 2385 5355 2719 5427; x_wconf 79' lang='grc' dir='ltr'>Ὀμωνύμως</span> <span class='ocrx_word' id='word_1_911' title='bbox 2766 5355 2874 5427; x_wconf 83' lang='grc' dir='ltr'><strong>γὰρ</strong></span> <span class='ocrx_word' id='word_1_912' title='bbox 2919 5354 3100 5409; x_wconf 84' lang='grc' dir='ltr'>πάντα</span> <span class='ocrx_word' id='word_1_913' title='bbox 3129 5357 3293 5429; x_wconf 80' lang='grc' dir='ltr'>γήϊνα</span> <span class='ocrx_word' id='word_1_914' title='bbox 3340 5357 3666 5413; x_wconf 76' lang='grc' dir='ltr'>καλοῦνται·</span> 
     </span>
    </p>
   </div>
   <div class='ocr_carea' id='block_1_118' title="bbox 2088 5444 3665 5520">
    <p class='ocr_par' dir='ltr' id='par_1_118' title="bbox 2088 5444 3665 5520">
     <span class='ocr_line' id='line_1_118' title="bbox 2088 5444 3665 5520; baseline 0.004 -21"><span class='ocrx_word' id='word_1_915' title='bbox 2088 5444 2201 5499; x_wconf 74' lang='grc' dir='ltr'>ἀλλ’</span> <span class='ocrx_word' id='word_1_916' title='bbox 2236 5446 2298 5499; x_wconf 85' lang='grc' dir='ltr'><strong>οὐ</strong></span> <span class='ocrx_word' id='word_1_917' title='bbox 2350 5445 2441 5501; x_wconf 75' lang='grc' dir='ltr'><strong>τὸν</strong></span> <span class='ocrx_word' id='word_1_918' title='bbox 2498 5446 2658 5500; x_wconf 81' lang='grc' dir='ltr'>αὐτὸν</span> <span class='ocrx_word' id='word_1_919' title='bbox 2709 5448 3049 5519; x_wconf 74' lang='grc' dir='ltr'>ἐπιδέχονται</span> <span class='ocrx_word' id='word_1_920' title='bbox 3097 5448 3255 5517; x_wconf 83' lang='grc' dir='ltr'>λόγον</span> <span class='ocrx_word' id='word_1_921' title='bbox 3304 5450 3405 5520; x_wconf 83' lang='grc' dir='ltr'><strong>τῆς</strong></span> <span class='ocrx_word' id='word_1_922' title='bbox 3462 5450 3665 5513; x_wconf 81' lang='grc' dir='ltr'>οὐσίας.</span> 
     </span>
    </p>
   </div>
   <div class='ocr_carea' id='block_1_119' title="bbox 2087 5534 3665 5608">
    <p class='ocr_par' dir='ltr' id='par_1_119' title="bbox 2087 5534 3665 5608">
     <span class='ocr_line' id='line_1_119' title="bbox 2087 5534 3665 5608; baseline 0.003 -19"><span class='ocrx_word' id='word_1_923' title='bbox 2087 5534 2308 5590; x_wconf 86' lang='grc' dir='ltr'>Μακεδ.</span> <span class='ocrx_word' id='word_1_924' title='bbox 2340 5535 2483 5606; x_wconf 86' lang='grc' dir='ltr'><strong>Ἐγὼ</strong></span> <span class='ocrx_word' id='word_1_925' title='bbox 2501 5537 2602 5592; x_wconf 84' lang='grc' dir='ltr'><strong>οὐκ</strong></span> <span class='ocrx_word' id='word_1_926' title='bbox 2624 5538 2900 5593; x_wconf 86' lang='grc' dir='ltr'>ἀκολουθῶ</span> <span class='ocrx_word' id='word_1_927' title='bbox 2941 5539 3322 5608; x_wconf 81' lang='grc' dir='ltr'>Ἀριστοτέλει.</span> <span class='ocrx_word' id='word_1_928' title='bbox 3354 5540 3511 5607; x_wconf 83' lang='grc' dir='ltr'>Ὀρθ.</span> <span class='ocrx_word' id='word_1_929' title='bbox 3538 5539 3665 5593; x_wconf 69' lang='grc' dir='ltr'>Οὐδὲ</span> 
     </span>
    </p>
   </div>
   <div class='ocr_carea' id='block_1_120' title="bbox 2091 5627 3662 5701">
    <p class='ocr_par' dir='ltr' id='par_1_120' title="bbox 2091 5627 3662 5701">
     <span class='ocr_line' id='line_1_120' title="bbox 2091 5627 3662 5701; baseline 0.003 -20"><span class='ocrx_word' id='word_1_930' title='bbox 2091 5628 2199 5700; x_wconf 82' lang='grc' dir='ltr'>γὰρ</span> <span class='ocrx_word' id='word_1_931' title='bbox 2229 5627 2359 5697; x_wconf 77' lang='grc' dir='ltr'>ἐγώ.</span> <span class='ocrx_word' id='word_1_932' title='bbox 2384 5629 2606 5684; x_wconf 85' lang='grc' dir='ltr'>Μακεδ.</span> <span class='ocrx_word' id='word_1_933' title='bbox 2644 5630 2805 5685; x_wconf 83' lang='grc' dir='ltr'>Ἀλλά</span> <span class='ocrx_word' id='word_1_934' title='bbox 2838 5630 3213 5701; x_wconf 80' lang='grc' dir='ltr'>Ἀριστοτέλης</span> <span class='ocrx_word' id='word_1_935' title='bbox 3256 5627 3381 5684; x_wconf 81' lang='grc' dir='ltr'>εἷπε</span> <span class='ocrx_word' id='word_1_936' title='bbox 3414 5631 3524 5685; x_wconf 81' lang='grc' dir='ltr'><strong>τῶν</strong></span> <span class='ocrx_word' id='word_1_937' title='bbox 3568 5632 3662 5701; x_wconf 82' lang='grc' dir='ltr'>ὁμ-</span> 
     </span>
    </p>
   </div>
   <div class='ocr_carea' id='block_1_121' title="bbox 2086 5720 3660 5795">
    <p class='ocr_par' dir='ltr' id='par_1_121' title="bbox 2086 5720 3660 5795">
     <span class='ocr_line' id='line_1_121' title="bbox 2086 5720 3660 5795; baseline -0.002 -19"><span class='ocrx_word' id='word_1_938' title='bbox 2086 5720 2316 5793; x_wconf 84' lang='grc' dir='ltr'>ωνύμων</span> <span class='ocrx_word' id='word_1_939' title='bbox 2346 5721 2438 5777; x_wconf 81' lang='grc' dir='ltr'>τὸν</span> <span class='ocrx_word' id='word_1_940' title='bbox 2466 5721 2624 5792; x_wconf 81' lang='grc' dir='ltr'>λόγον</span> <span class='ocrx_word' id='word_1_941' title='bbox 2653 5723 2751 5794; x_wconf 85' lang='grc' dir='ltr'><strong>τῆς</strong></span> <span class='ocrx_word' id='word_1_942' title='bbox 2786 5722 2975 5786; x_wconf 85' lang='grc' dir='ltr'>οὐσίας</span> <span class='ocrx_word' id='word_1_943' title='bbox 3014 5721 3198 5795; x_wconf 71' lang='grc' dir='ltr'>ἕτερον</span> <span class='ocrx_word' id='word_1_944' title='bbox 3222 5740 3384 5781; x_wconf 69' lang='grc' dir='ltr'>ειναι.</span> <span class='ocrx_word' id='word_1_945' title='bbox 3404 5725 3558 5793; x_wconf 74' lang='grc' dir='ltr'>ὀρθ,</span> <span class='ocrx_word' id='word_1_946' title='bbox 3592 5721 3660 5774; x_wconf 79' lang='grc' dir='ltr'><strong>Σὺ</strong></span> 
     </span>
    </p>
   </div>
  </div>
