3842 6186
116 282 144 335 1
155 277 276 338 δῖ’]

917 281 1506 342 CONFU'I‘ATIONES
1544 284 1992 353 ousnuncau
2039 241 2632 348 PROPOSITIONUM.

3281 291 3419 349 1333

114 393 182 447 δὲ
212 391 317 449 τὸν
342 392 505 448 αὐτὸν
533 389 670 449 εἶναι
703 393 860 465 λόγον
879 395 1060 465 λέγεις
1084 397 1186 469 τῆς
1206 396 1396 462 οὐσίας
1422 397 1700 471 ἀνθρώπω

1830 411 1947 453 sam
1991 412 2115 454 esse
2168 400 2491 457 substantiae
2549 400 2838 457 rationem.
2891 401 3046 461 01th.
3084 405 3154 460 At
3191 412 3248 461 tu
3277 405 3418 464 dicis

118 485 229 541 καὶ
261 485 425 551 δνων,
482 487 577 541 καὶ
615 485 774 557 βοῶν.
834 487 930 542 καὶ
976 488 1182 553 ἵππων,
1241 490 1338 544 καὶ
1386 489 1497 545 τῶν
1550 488 1726 545 ἄλλων

117 575 329 644 (diem;
366 577 589 633 Maneo.
602 578 731 633 Ναί.
748 580 903 648 Ὄρθ.
937 580 1041 635 Τὸν
1064 580 1227 635 αὑτὸν
1256 580 1365 655 ἄρα
1391 581 1548 652 λόγον
1581 583 1727 654 ἔχεις

116 668 228 738 τῆς
248 666 441 732 ούσίας
453 671 566 732 τοῖς
590 669 808 740 ἀλόγοις
832 669 1087 737 {Mazaei
1104 671 1233 727 Ναί.
1255 673 1348 726 Ἐκ
1375 672 1474 744 τῆς
1493 674 1595 746 γῆς
1616 674 1726 748 γὰρ

117 758 439 832 ἐγενόμεθα
478 761 697 825 πάντες.
740 762 888 831 Ὀρθ.
926 762 1067 833 Ἐγὼ
1102 764 1200 836 μὲν
1225 763 1325 819 οὐκ
1369 764 1726 837 Ἀριστοτέλει

116 854 467 919 ἀκολουθῶν,
507 854 621 909 ἀλλ’
664 856 802 927 αὐτῇ
838 858 906 927 τῇ
963 855 1212 928 ἀληθείᾳ,
1246 857 1353 911 τῶν
1413 856 1720 929 ὁμωνύμων

112 947 217 1001 τὸν
238 947 403 1016 λόγον
434 947 536 1019 τῆς
563 948 752 1013 οὐσίας
783 949 843 1002 οὐ
877 948 970 1002 τὸν
998 948 1161 1004 αὐτὸν
1189 950 1333 1020 λέγω
1352 991 1367 1013 ,
1403 950 1523 1004 οὐδὲ
1546 950 1720 1006 ταυτὰ

115 1041 240 1103 τοῖς
269 1038 490 1108 ἀλόγοις
533 1039 605 1094 τὰ
648 1039 860 1109 λογικά.
892 1041 1008 1105 Πᾶς
1040 1040 1097 1096 δὲ
1148 1042 1423 1113 αἱρετικὸς
1477 1061 1496 1094 ι
1537 1059 1721 1113 παρα-

118 1127 440 1201 συνεϐλήθη
474 1132 588 1193 τοῖς
622 1134 844 1202 κτήνεσι
882 1135 994 1196 τοῖς
1028 1132 1295 1203 ἀνοήτοις,
1341 1132 1435 1185 καὶ
1463 1131 1717 1203 ὡμοιώθη

116 1220 336 1283 αὐτοῖς.
364 1239 383 1271 ι
403 1219 626 1276 Μακεδ.
651 1221 743 1292 Μὴ
779 1220 965 1294 ὕϐριζε
991 1221 1391 1293 διαλεγόμενος.
1409 1223 1563 1290 Ὀρθ.
1580 1219 1719 1291 Ἐγὼ

115 1311 225 1382 οὐχ
252 1311 461 1383 ὑϐρίζω
480 1329 493 1343 ·
522 1312 638 1367 ἀλλ’
666 1315 711 1385 ,ἡ
742 1312 809 1385 σὴ
840 1313 993 1386 φωνὴ
1023 1313 1181 1368 τοῦτο
1217 1314 1511 1386 συνήγαγε.

1822 490 2073 547 eamdem
2111 506 2235 548 esse
2274 495 2544 551 rationem
2596 497 2922 553 substantiae
2969 498 3272 564 hominum,
3308 502 3420 557 asi-

1823 600 2042 653 norum,
2102 586 2294 655 boum,
2330 606 2596 661 equorum
2637 603 2690 648 et
2738 593 2970 649 aliorum
2991 595 3366 652 animantium
3393 598 3421 652 ἲ

1825 677 2035 735 Haced.
2070 679 2269 735 Etiam.
2300 681 2453 738 Ortli.
2476 682 2733 740 Eamdem
2754 701 2884 757 ergo
2900 687 3217 743 substantia
3248 690 3419 744 ratic-

1823 786 1949 825 nem
2007 771 2178 827 habes
2207 789 2373 845 quam
2401 775 2562 831 bruta
2591 778 2917 835 animantia.
2973 778 3180 836 Maced.
3212 780 3415 839 Etiam.

1828 862 1982 919 Orth.
2018 864 2133 937 Ego
2163 867 2384 937 quidem
2417 886 2527 925 non
2562 870 2936 938 Aristotelem,
2984 874 3081 929 sed
3127 876 3415 930 veritatem

1824 965 2200 1023 consectatus,
2220 975 2330 1015 non
2360 961 2485 1016 dico
2511 978 2701 1018 comm
2728 980 2961 1034 quorum
2994 982 3287 1022 commune
3311 982 3418 1021 no-

1823 1055 1971 1109 men,
1991 1046 2240 1102 eamdem
2267 1063 2391 1105 esse
2423 1050 2746 1106 substantiae
2777 1054 3070 1121 rationem,
3114 1073 3292 1127 neque
3323 1071 3417 1111 ea-

1823 1134 1946 1190 dem
1987 1153 2113 1194 esse
2160 1140 2561 1198 irrationabilia
2621 1161 2744 1215 qua:
2794 1150 3162 1205 rationabilia.
3221 1148 3417 1207 Omnis

1816 1235 2006 1287 autem
2043 1230 2334 1289 haereticus
2369 1253 2388 1286 ι
2422 1246 2775 1306 comparatus
2821 1248 2907 1295 est
2957 1242 3223 1311 jumentis
3278 1243 3417 1297 insi-

1821 1320 2121 1390 pientibus,
2144 1332 2201 1379 et
2230 1325 2429 1383 similis
2462 1325 2641 1384 factus
2659 1338 2743 1385 est
2776 1332 2885 1388 illis
2907 1334 2971 1385 '°.
2999 1354 3017 1386 ι
3039 1332 3247 1389 Maced.
3276 1333 3417 1389 Abs-

116 1409 241 1465 tine
284 1425 316 1463 a
356 1409 707 1466 contumeliis
747 1410 892 1466 inter
941 1410 1355 1482 disputandum.
1392 1408 1546 1465 Ortli.
1583 1408 1697 1483 Ego
1741 1418 2134 1475 contumeliose
2178 1435 2288 1476 non
2326 1435 2450 1493 ago,
2491 1424 2588 1480 sed
2621 1425 2755 1480 illud
2791 1441 2860 1481 ex
2896 1427 3059 1484 dictis
3113 1428 3223 1483 tuis
3281 1442 3418 1483 con-

118 1506 407 1577 sequitur.

124 1627 242 1684 Τοῦ
276 1628 465 1683 αὑτοῦ
498 1628 816 1697 ἐπιστολὴ,
849 1630 1160 1699 προοιμίου
1180 1629 1438 1700 δύναμιν
1460 1628 1715 1699 ἔχουσα,

194 1700 302 1754 καὶ
329 1700 664 1769 τραγῳδίαν
684 1700 795 1769 τῆς
811 1700 928 1755 τῶν
952 1699 1341 1769 Ἐκκλησιῶν
1355 1700 1641 1771 ταραχῆς.

203 1812 534 1885 Ἐθαύμασά
563 1832 655 1868 σου
694 1814 784 1869 τὸν
826 1815 1106 1885 φιλόλογον
1149 1816 1242 1870 καὶ
1283 1814 1550 1887 φιλαλήθη
1586 1831 1715 1869 σκο-

73 1918 78 1921 “
119 1906 251 1970 nov,
286 1900 333 1960 ὧ
362 1907 653 1962 πιστότατε
684 1907 837 1962 δοῦλε
867 1908 1105 1982 Χριστοῦ
1145 1908 1219 1979 (τί
1252 1908 1362 1980 γάρ
1397 1908 1462 1963 ἂν
1496 1907 1714 1979 εὕροιμι

116 1996 226 2066 τῆς
285 1995 442 2063 ἀξίας
487 1996 690 2069 ταύτης
745 1996 931 2067 ίσον;)
978 1996 1271 2051 Εὐστάθιε·
1310 1995 1405 2050 καί¹
1458 1993 1716 2049 τοσοῦτον

116 2089 439 2159 ἐθαύμασα,
465 2088 719 2142 τοσοῦτον
740 2089 1003 2161 ἡττήθην,
1026 2088 1102 2152 ὼς
1134 2088 1334 2143 αὐτίκα
1361 2087 1714 2158 διαναστῆναι

118 2181 266 2256 πρὸς
292 2182 392 2255 τὴν
415 2176 489 2237 ὧν
514 2183 808 2247 ἐκέλευσας
826 2180 1124 2248 διακονίαν,
1151 2181 1474 2252 εἰσφέροντα
1505 2181 1714 2255 προθύ-

123 2295 245 2349 μως
274 2277 336 2331 τὸ
384 2276 688 2348 βούλεσθαι,
731 2280 778 2331 εί
815 2277 912 2331 καὶ
951 2276 1130 2331 λείπει
1161 2276 1222 2330 τὸ
1269 2276 1550 2331 δύνασθαι.
1587 2276 1714 2341 Πῶς

116 2370 235 2443 γὰρ
264 2369 331 2424 ἂν
364 2370 653 2442 δυνηθείην
679 2369 712 2442 ἢ
743 2369 820 2441 τῷ
848 2368 1034 2442 θερμῷ
1059 2386 1153 2422 σου
1179 2367 1326 2440 ζήλῳ
1356 2367 1713 2434 συνεξισῶσαι

116 2462 317 2531 λόγον,
371 2462 406 2533 ἢ
438 2463 499 2516 τὸ
545 2461 990 2535 χρεωστούμενον
1039 2464 1106 2534 τῇ
1150 2460 1382 2534 ἀληθείᾳ
1426 2461 1711 2533 πληρῶσαι

122 2549 402 2623 μέτρον,ἢ
424 2550 518 2605 τοῦ
542 2549 637 2604 νῦν
664 2551 948 2622 ὀχλοῦντος
969 2551 1198 2621 ψεύδους
1227 2553 1575 2623 παραστῆσαι
1599 2552 1710 2624 (19)

118 2640 214 2695 τὸν
242 2639 442 2710 δγκον;
470 2641 737 2710 Δέγονται
769 2641 954 2712 πάσης
974 2640 1197 2711 ἀλογίας
1218 2643 1313 2696 καὶ
1338 2642 1597 2705 ἀπονοίας
1618 2643 1713 2710 γέ-

122 2749 298 2804 μοντα
333 2734 583 2805 ῥήματα⁶
622 2733 718 2788 καὶ
755 2732 1005 2802 λέγονται
1038 2734 1179 2806 μετά
1215 2734 1397 2805 πάσης
1436 2733 1711 2798 ἀναιδείας

120 2823 220 2876 καὶ
245 2821 552 2889 αὐθεντίας,
582 2823 659 2888 ὡς
704 2825 769 2877 ἐκ
794 2822 986 2877 τούτου
1023 2825 1153 2895 ῥᾷον
1189 2824 1490 2895 τολμᾶσθαι
1524 2825 1593 2877 τὰ
1635 2823 1711 2896 μὴ

117 2915 387 2987 πρότερον
404 2915 762 2987 τολμηθέντα,
780 2916 876 2970 καὶ
898 2916 999 2988 τὴν
1024 2918 1309 2990 αἱρετικὴν
1338 2918 1538 2972 κακίαν
1570 2935 1712 2989 μηκ-

119 3009 205 3064 έτι
264 3008 439 3082 λάθρα
462 3010 558 3063 καὶ
576 3010 719 3064 κατὰ
751 3009 946 3081 μικρὸν
972 3010 1345 3064 ἐπιϐουλεύειν
1365 3014 1478 3076 τοῖς
1508 3010 1709 3065 ἀπλου-

1828 1625 2082 1699 Ejusdem
2109 1630 2359 1698 epistola,
2416 1632 2755 1709 praffalionis
2802 1635 2918 1689 loco
2959 1637 3181 1709 scripta,
3221 1638 3276 1691 in
3306 1653 3415 1709 qua

2084 1711 2320 1755 motuum
2343 1703 2825 1758 ecclesiasticarum
2855 1703 3134 1777 tragoedia.

1891 1810 2222 1867 Litterarum
2255 1815 2500 1870 studium
2534 1823 2713 1881 tuum,
2747 1818 3108 1889 veritatisque
3138 1819 3410 1891 indagan-

1816 1899 1899 1955 dre
1943 1917 2196 1971 scopum,
2250 1903 2555 1960 admiratus
2592 1921 2737 1972 sum,
2776 1922 2810 1961 o
2840 1907 3157 1965 ﬁdelissime
3202 1910 3411 1966 Christi

1816 2010 1973 2050 serve
2021 2000 2151 2066 (quo
2192 2004 2244 2050 le
2269 1995 2415 2051 enim
2452 1996 2690 2067 digniori
2752 2002 3074 2071 compellem
3117 2003 3411 2075 nomine?)

1814 2086 2072 2144 Eustatbi
2106 2107 2119 2143 :
2152 2098 2207 2144 et
2262 2097 2551 2161 tantopere
2593 2092 2849 2155 miratus,
2902 2101 3186 2164 tantopere
3231 2096 3411 2152 vietus

1816 2196 1964 2245 sum,
2017 2190 2077 2235 ut
2108 2180 2402 2237 'conl'estim
2444 2182 2665 2253 jussum
2713 2184 2849 2239 mihi
2897 2195 3010 2240 ate
3041 2187 3408 2242 ministerium

1814 2286 2109 2343 aggressus
2146 2273 2272 2339 sim,
2315 2283 2625 2347 promptam
2660 2292 2874 2331 mecum
2904 2278 3139 2334 aﬁ'ercus
3160 2280 3411 2334 volunta-

1813 2368 1947 2424 tem,
1985 2361 2088 2416 etsi
2118 2362 2266 2418 vires
2297 2378 2383 2418 me
2413 2363 2693 2421 deﬁciant.
2738 2365 2843 2433 Qui
2876 2369 3021 2422 enim
3054 2384 3270 2438 possem
3299 2369 3410 2425 fer-

1810 2449 1942 2504 vido
1993 2451 2177 2507 studio
2213 2461 2310 2509 tuo
2359 2469 2581 2525 aequare
2629 2472 2973 2525 sermonem,
3026 2469 3121 2514 aut
3166 2462 3406 2516 debitam

1814 2547 2032 2602 veritati
2068 2549 2295 2621 implere
2335 2567 2677 2618 mensuram,
2711 2564 2808 2610 aut
2844 2557 3250 2625 mendaciijam
3290 2566 3410 2613 tur-

1809 2635 1911 2693 bas
1941 2639 2156 2709 agentis
2185 2645 2627 2710 exsuperantiam
2663 2643 2982 2700 declarare?
3010 2644 3189 2701 Verba
3222 2648 3409 2718 profe-

1810 2737 2011 2784 runtur
2040 2731 2294 2786 amentiae
2333 2739 2496 2802 atque
2535 2732 2870 2805 insipientize
2922 2738 3080 2808 plena
3109 2740 3408 2795 :dicuntur

1809 2829 1992 2876 autem
2031 2837 2247 2877 sunnna
2280 2839 2406 2878 cum
2458 2825 2800 2896 impudentia
2853 2840 2908 2884 et
2957 2833 3309 2901 arrogantia:
3346 2843 3406 2889 nt

1810 2913 2014 2995 exhinc
2037 2914 2225 2970 ausint
2251 2931 2374 2986 quae
2404 2933 2516 2971 non
2555 2930 2683 2974 sunt
2734 2920 3003 2978 hactenus
3038 2924 3198 2990 ausi,
3232 2925 3405 2981 haere-

1811 3004 2029 3074 ticaque
2060 3004 2385 3074 improbitas
2418 3024 2528 3062 non
2560 3008 2700 3064 clam
2749 3010 2983 3068 ulterius
3032 3023 3085 3068 et
3139 3014 3403 3083 paulatim

122 3101 373 3175 στέροις,
418 3100 535 3155 ἀλλ’
583 3101 659 3167 ὡς
691 3102 950 3157 ἁπάντων
997 3100 1227 3173 ἔχουσαν
1281 3100 1532 3167 ἐξουσίαν
1587 3119 1700 3156 νεα-

1814 3094 2242 3165 simplicioribus
2273 3096 2584 3162 insidietur,
2619 3098 2717 3155 sed
2747 3102 2908 3171 quasi
2938 3110 3100 3157 nacta
3130 3103 3184 3157 in
3208 3120 3403 3160 omnes

118 3191 418 3257 νιεῦεσθαι,
446 3194 540 3246 καὶ
574 3191 716 3247 κατά
747 3193 968 3247 πάντων
1001 3192 1340 3257 ἐπιτάσσειν,
1371 3191 1705 3265 νομοθετεῖν,

117 3283 300 3338 ἕλκειν
331 3284 467 3356 πρὸς
494 3284 555 3338 τὸ
583 3282 795 3351 δοκοῦν,
830 3286 1084 3339 ἀπαιτεῖν
1126 3285 1376 3358 ὑπακοὴν
1406 3286 1707 3358 ἀνυπέρθε-

117 3396 232 3445 τον,
247 3377 698 3450 καταγινώσκειν,
716 3379 872 3444 δίκας
901 3378 1322 3451 εἰσπράττεσθαι
1343 3379 1443 3451 τῆς
1462 3396 1529 3433 πε
1537 3381 1591 3451 ρ).
1606 3380 1707 3453 τήν

120 3472 403 3527 εὐσέϐειαν
429 3472 715 3544 ἀκριϐείας
731 3489 745 3503 ·
768 3473 863 3527 καὶ
894 3473 985 3526 τὸν
1009 3473 1110 3545 μὲν
1126 3473 1316 3546 ῦϐρεσι
1337 3472 1704 3546 περιϐάλλειν,

119 3562 211 3616 τὸν
230 3562 286 3617 δὲ
306 3564 565 3636 πατρίδος
591 3562 834 3618 ἐλαύνειν
853 3580 868 3594 ’
888 3563 1060 3633 τούτῳ
1084 3562 1312 3636 βρόχους
1344 3563 1705 3636 ἐγκλημάτων

121 3654 381 3721 πλέκειν,
425 3657 630 3710 ἐκεῖνον
681 3654 922 3727 γυμνοῦν
980 3656 1079 3728 τῆς
1147 3654 1458 3727 προσούσης
1513 3653 1698 3721 ἀξίας·

119 3744 276 3800 ἄλλον
319 3745 674 3800 καταϐάλλειν
713 3745 791 3816 τῷ
832 3744 1060 3818 θράσει,
1091 3745 1279 3817 ἕτερον
1334 3743 1704 3816 συναρπάζειν

117 3837 200 3911 τῷ
230 3838 447 3910 κόμπῳ.
484 3837 682 3893 Σιωπῶ
726 3837 797 3893 τὰ
826 3837 1038 3910 δεσμὰ,
1070 3838 1140 3893 τά
1184 3837 1558 3909 δεσμωτήρια,
1602 3836 1703 3902 τάς

122 3928 342 4001 ζημίας,
376 3931 475 3994 τὰς
518 3929 761 4002 ἀτιμίας,
791 3929 891 3993 τὰς
925 3929 1219 4001 μάστιγας,
1252 3926 1323 3981 τὰ
1364 3926 1472 3981 τῶν
1524 3926 1701 3997 φόνων

121 4021 325 4080 ἐλεεινὰ
348 4020 616 4093 θεάματα,
635 4022 730 4075 καὶ¹
753 4021 891 4093 μετὰ
916 4021 1014 4094 τὴν
1040 4023 1237 4094 πεῖραν
1261 4021 1431 4091 αὐτὴν
1447 4020 1514 4073 δι’
1538 4020 1639 4073 ύπε
1650 4037 1703 4092 ρ-

121 4114 277 4186 ϐολὴν
304 4114 700 4188 ἀπιστούμενα.
725 4114 836 4168 Καὶ
860 4113 1035 4168 ταῦτα
1058 4113 1466 4186 δραματουργεῖ
1482 4112 1591 4184 (20)
1614 4113 1701 4167 διά

119 4207 326 4263 πολλῶν
364 4207 572 4280 ἱερέων.
605 4208 668 4260 Ὢ
694 4206 795 4277 τῆς
826 4208 1042 4278 ἀνιέρου
1075 4206 1312 4279 τόλμηςί
1350 4207 1412 4259 Ὢ
1440 4206 1539 4277 τῆς
1568 4206 1700 4274 ἀφο-

121 4302 282 4375 ρήτου
310 4300 493 4371 δίκηςί
518 4296 621 4354 Ὧν
665 4300 949 4371 προοίμιον
985 4300 1297 4372 ἱερουργίας
1329 4316 1389 4353 τε
1411 4299 1506 4353 καὶ
1550 4298 1698 4351 διδα-

1809 3193 2160 3258 potestatem,
2194 3186 2458 3244 ferociter
2488 3197 2634 3261 agat,
2676 3192 2933 3248 omnibus
2971 3192 3222 3263 imperet,
3253 3195 3402 3268 leges

1807 3280 2156 3351 praescribat,
2192 3280 2260 3335 ad
2291 3282 2494 3353 placita
2527 3298 2626 3338 sua
2657 3284 2963 3353 pertrahat.
2984 3284 3402 3355 obsequentiam

1806 3370 2068 3442 postulet,
2115 3370 2325 3441 absque
2381 3385 2535 3425 mora
2592 3371 2835 3438 damnet,
2887 3388 3079 3445 poenas
3118 3383 3298 3430 sumat
3332 3376 3405 3433 de

1806 3463 2157 3520 studentibus
2187 3464 2291 3535 piae
2324 3464 2577 3536 religioni
2613 3483 2625 3519 :
2660 3473 2715 3541 et
2757 3465 2906 3521 hunc
2936 3467 3156 3538 quidem
3202 3477 3403 3525 contu-

1805 3560 1985 3616 meliis
2015 3568 2251 3625 oneret,
2289 3559 2447 3614 illum
2490 3560 2668 3631 patria
2713 3561 2919 3632 pellat,
2967 3560 3059 3613 alii
3091 3561 3403 3617 accusatio-

1805 3666 1936 3706 num
1962 3652 2188 3723 laqueos
2205 3660 2499 3708 connectat
2516 3693 2530 3717 ,
2558 3652 2711 3707 illum
2736 3652 3001 3724 dignitate
3030 3654 3228 3724 spoliet
3260 3670 3358 3710 sua
3379 3696 3398 3721 ,

1804 3745 1973 3799 alium
2021 3744 2251 3800 audacia
2282 3759 2383 3800 sua
2432 3744 2657 3814 dejiciat
2686 3787 2703 3813 ,
2763 3746 2931 3800 alium
2982 3744 3127 3800 fastu
3180 3761 3282 3801 suo
3327 3744 3399 3802 ad

1802 3852 1935 3894 suas
1969 3847 2154 3910 partes
2184 3837 2442 3908 abripiat.
2475 3836 2654 3892 Taceo
2675 3837 2912 3903 vincula,
2944 3851 3218 3903 carceres,
3254 3838 3398 3891 mul-

1804 3936 1947 3993 ctas,
1974 3928 2294 4001 cpprobria,
2320 3926 2553 3999 ﬂagella,
2602 3927 2767 4000 492
2818 3928 3130 3982 miseranda
3165 3928 3397 3982 caedium

1801 4022 2139 4092 Spectacula,
2195 4035 2319 4091 qure
2362 4021 2448 4076 vel
2502 4028 2626 4091 post
2672 4022 2847 4090 ipsam
2896 4019 3292 4089 experientiam
3324 4018 3400 4073 ob

1800 4115 2144 4170 atrocitatem
2179 4114 2403 4169 nimiam
2436 4114 2528 4169 vix
2579 4112 2899 4168 creduntur.
2930 4111 3057 4166 Harc
3086 4127 3250 4183 porro
3282 4122 3398 4166 trao

1800 4211 1979 4283 goedia
2011 4211 2213 4265 multos
2253 4209 2572 4265 sacerdotes
2620 4215 2878 4263 auctores
2917 4207 3107 4264 habet.
3161 4205 3207 4263 0
3235 4224 3395 4264 exse-

1799 4302 2060 4357 crandam
2105 4302 2428 4357 audaciam!
2492 4300 2537 4355 0
2576 4300 2921 4355 intoleranda
2970 4300 3126 4371 jura!
3193 4301 3399 4371 quibus

122 4395 340 4459 σκαλίας
384 4394 445 4447 τὸ
493 4393 826 4463 γλυκύτατον
872 4396 1079 4447 ἐκεῖνοο
1135 4393 1345 4465 Εἰρήνη
1391 4394 1589 4446 πᾶσιν·
1623 4383 1697 4446 ὧν

1814 4396 2088 4449 exordium
2116 4393 2411 4451 sacerdotii
2444 4408 2509 4447 ac
2538 4393 2841 4463 magisterii
2867 4392 2971 4446 fuit
3006 4391 3397 4448 dulcissimum

120 4487 275 4560 ἔργον
296 4485 609 4559 περιφέρειν
626 4485 687 4538 τὸ
711 4486 994 4557 κήρυγμα,
1009 4485 1070 4539 τὸ
1093 4484 1265 4539 πολλὰ
1293 4482 1694 4556 παραγγέλλειν

1822 4487 1929 4541 llud
1953 4486 2160 4541 dictum
2189 4505 2203 4541 :
2229 4484 2342 4541 Pax
2371 4485 2629 4541 omnibus
2658 4502 2671 4539 :
2704 4500 2936 4555 quorum
2970 4500 3109 4556 Opus
3142 4493 3223 4540 est
3254 4500 3394 4556 prte-

121 4577 245 4650 περὶ
268 4577 593 4650 πραότητος,
626 4577 773 4639 ὅπως
802 4575 1114 4645 φυλάσσωσι
1135 4574 1227 4641 τὸ,
1261 4594 1280 4627 ι
1318 4576 1397 4645 Τῇ
1428 4576 1694 4646 πραότητι

1814 4578 2134 4634 licationem
2172 4580 2605 4647 circumquaque
2631 4575 2795 4641 ferre,
2814 4577 3002 4631 multis
3030 4577 3209 4632 verbis
3235 4591 3393 4630 man-

120 4671 386 4725 παιδεύειν
438 4672 566 4735 τοὺς
614 4670 1183 4742 ἀντιδιατιθεμένους,
1231 4691 1250 4724 ι
1309 4670 1491 4734 καλῶς
1555 4688 1693 4742 πρε-

122 4765 363 4819 σϐεύουσι
389 4765 483 4818 τό·
519 4785 538 4818 ι
571 4765 762 4836 Ἡμεῖς
790 4768 840 4820 οἱ
880 4765 1095 4819 δυνατοὶ
1131 4764 1419 4837 ὀφείλομεν
1443 4764 1511 4818 τὰ
1536 4763 1695 4817 ἀσθε-

1795 4671 2148 4727 suetudinem
2205 4670 2629 4734 commendare,
2689 4677 2752 4723 ut
2814 4669 3194 4740 obtemperent
3260 4669 3397 4736 illi,

1800 4781 1820 4815 σ
1847 4764 1981 4819 Cum
2014 4763 2437 4819 mansuetudine
2462 4763 2682 4818 erudire
2707 4762 3055 4820 adversarios
3077 4764 3143 4826 ³⁷,
3171 4782 3188 4813 ι
3218 4761 3390 4831 probe

79 4848 95 4863 ’
120 4858 327 4928 νήματα
356 4856 465 4911 τῶν
499 4857 776 4912 ἀδυνάτων
821 4856 1130 4927 βαστάζειν·
1157 4876 1177 4909 ι
1207 4857 1347 4911 πάνυ
1387 4856 1497 4929 γὰρ
1529 4858 1693 4922 ὁσίως

1814 4856 2127 4909 tnnuntiant
2162 4855 2297 4909 illud
2332 4872 2345 4909 :
2377 4874 2396 4906 ι
2428 4852 2539 4910 Nos
2570 4855 2661 4925 qui
2699 4854 2868 4910 fortes
2894 4869 3106 4914 sumus,
3125 4851 3389 4907 debemus

121 4942 336 5021 τηροῦσι
365 4952 491 5013 τοὺς
536 4951 733 5020 σοφοὺς
768 4950 980 5004 Παύλου
1024 4950 1248 5020 λόγους9
1285 4970 1304 5004 ι
1331 4951 1426 5015 Τίς
1455 4950 1691 5014 ἀσθενεῖ,

122 5043 214 5095 καὶ
240 5042 336 5095 οὐκ
386 5042 630 5110 ἀσθενῶ;
668 5044 765 5108 Τίς
809 5041 1251 5107 σκανδαλίζεται,
1287 5042 1382 5097 καὶ
1429 5043 1529 5096 οὐκ
1581 5042 1691 5111 ἐγὼ

122 5132 423 5205 πυροῦμαι;
458 5154 477 5186 ι
511 5134 636 5188 καί·
667 5155 686 5188 ι
726 5136 1062 5189 Πᾶσιπάντα
1088 5135 1307 5205 γέγονα,
1342 5135 1429 5189 ἴνα
1482 5135 1689 5199 πάντας

121 5220 376 5290 κερδανῶ.
405 5242 424 5274 ι
476 5223 588 5277 Ποῦ
635 5223 729 5279 νῦν
776 5225 871 5278 τό·
919 5245 937 5277 ι
968 5225 1061 5298 Μὴ
1101 5230 1307 5297 μισεῖτε
1350 5226 1426 5291 ὼς
1472 5225 1687 5299 ἐχθρὸν,

119 5312 252 5371 ἀλλὰ
292 5314 588 5371 νουθετεῖτε
629 5317 705 5382 ὡς
750 5318 1017 5389 ἀδελφόν;
1052 5338 1072 5372 ι
1099 5320 1212 5374 Ποῦ
1238 5319 1366 5375 νῦν·
1424 5338 1444 5372 ι
1485 5321 1601 5375 Ἰνα
1629 5320 1692 5373 τὸ

191 5467 247 5540 ’⁸,
268 5467 413 5540 Psal.
449 5487 654 5540 XLVIII,
697 5474 782 5529 l3.

919 5475 964 5508 "’
1004 5473 1113 5530 Tit.
1153 5491 1228 5541 ιι,
1266 5476 1355 5532 15.

119 5538 318 5604 ιι.22.

191 5702 294 5771 (19)
328 5701 420 5761 Sic
456 5702 709 5764 Vatican.
741 5703 884 5763 Editi
913 5722 1065 5777 vero,
1107 5710 1473 5779 παραστῆναι.

1484 5476 1530 5508 ’⁸
1568 5475 1687 5532 Gal.
1723 5493 1811 5543 vt,
1845 5476 1870 5530 1
1904 5494 1918 5543 ;
1959 5474 2163 5547 Ephes.
2198 5492 2273 5542 tv,
2304 5475 2362 5533 2.

1800 4951 2151 5007 inﬁrmitates
2206 4950 2547 5004 inlirmorum
2598 4958 2821 5020 portare
2872 4948 2938 5001 ’⁸.
2992 4967 3011 5000 ι
3076 4946 3387 5001 Admodum

1799 5044 1945 5099 enim
1977 5051 2166 5098 sancte
2188 5042 2483 5098 observant
2504 5042 2619 5097 haec
2649 5042 2925 5112 sapienter
2946 5055 2976 5094 a
3004 5038 3174 5093 Paulo
3196 5039 3342 5093 dicta
3367 5056 3383 5093 :

1805 5155 1824 5188 ι
1863 5112 2011 5202 Quis
2035 5134 2366 5200 inﬁrtnatur,
2402 5142 2456 5189 et
2480 5150 2582 5205 ego
2614 5151 2723 5189 non
2751 5134 3039 5188 inﬁrmor?
3063 5131 3198 5199 Quis
3220 5148 3385 5188 sean-

1799 5228 2090 5291 dalizatur,
2133 5234 2190 5282 et
2240 5242 2342 5297 ego
2401 5240 2512 5280 non
2566 5242 2698 5281 uror
2733 5226 2818 5278 "‘i
2849 5245 2867 5278 ›
2922 5234 2977 5280 et
3011 5242 3025 5279 :
3059 5242 3078 5275 ι
3114 5220 3386 5279 Omnibus

1796 5321 1985 5377 omnia
2035 5318 2216 5375 faetus
2246 5334 2392 5386 sum,
2431 5329 2489 5375 ut
2525 5334 2717 5375 omnes
2751 5316 3089 5373 lucrifaciam
3112 5317 3181 5371 ⁸⁸.
3217 5337 3236 5369 ι
3275 5313 3383 5371 Ubi

2470 5478 2515 5510 ι’
2553 5474 2597 5531 ll
2630 5475 2759 5535 Cor.
2795 5494 2885 5541 ιι.
2918 5477 3010 5533 29.
3117 5476 3165 5511 ⁸ο
3198 5478 3219 5532 l
3250 5473 3384 5535 Cor.

1868 5710 1980 5780 (ΞΟ)
2009 5710 2263 5769 Vatican.
2295 5707 2851 5783 δραματουργεῖσθαι.
