3842 6186
451 314 594 375 ίῖἷθ

1585 320 1644 376 S:
1690 319 2163 376 ATHANASIUS.
2207 353 2275 364 -—
2318 320 2547 378 DUBIA.

3592 317 3747 372 1350

451 447 601 489 nunc
643 432 776 487 illud
811 452 825 488 :
858 452 877 485 ι
912 431 991 488 Ne
1036 432 1161 489 odio
1189 433 1435 491 habeatis
1486 446 1537 491 ut
1588 438 1892 501 inimicum,
1932 437 2027 492 sed

2133 438 2303 510 χωλὸν
2341 437 2416 509 μὴ
2444 439 2685 509 ἐντραπῇ
2715 435 2849 507 (21),
2886 434 3009 507 ἰαθῇ
3042 435 3102 488 δὲ
3151 431 3386 505 μάλλονς
3421 451 3440 485 ι
3477 432 3598 485 Ποῦ
3634 432 3739 489 τό.

450 525 740 581 admonete
764 535 822 581 ut
848 525 1073 580 fratrem
1096 526 1138 558 “
1157 527 1181 581 ?
1200 547 1221 577 ι
1249 526 1351 582 Ubi
1382 528 1513 583 illud
1548 547 1561 583 :
1593 547 1612 580 ι
1654 527 1722 583 Ut
1747 545 1857 583 non
1885 529 2035 584 clau-

450 618 645 675 dicans
679 620 803 689 quis
846 627 1012 684 erret,
1065 621 1240 692 magis
1276 629 1457 675 autem
1501 623 1833 677 sanetur"?
1859 640 1878 674 ι
1930 621 2034 677 Ubi

451 711 585 765 illud
622 729 634 767 :
674 729 694 763 ι
732 712 932 783 Argue,
984 712 1234 776 obsecra,
1288 712 1531 783 increpa,
1584 728 1708 767 cum
1740 714 1886 767 omni
1940 729 2036 783 pa-

450 803 641 857 tientia
670 814 720 858 et
742 804 1102 859 doctrina”?
1134 824 1152 856 ι
1175 802 1382 858 indicta
1416 820 1582 861 causa
1612 806 1995 861 condemnatio
2016 847 2032 873 ,

452 894 662 964 absque
686 895 1030 949 convictione
1062 896 1349 950 sententia.
1413 895 1656 951 Audacia
1685 911 1782 967 pro
1814 894 2034 950 fortitu-

452 986 580 1041 dine
610 995 891 1056 reputatur
912 1027 926 1051 ,
959 988 1260 1043 crudelitas
1287 989 1437 1043 zelus
1461 999 1716 1053 vocatur,
1752 989 1913 1044 dolus
1936 1005 2035 1051 pro

449 1078 719 1148 sapientia
751 1080 999 1135 habetur.
1034 1079 1293 1147 Quaenam
1329 1082 1594 1152 tragoedia
1615 1082 1900 1151 quibusvis
1922 1083 2035 1137 cla-

331 1189 349 1200 ο
451 1171 697 1226 moribus
721 1187 819 1226 usa
871 1174 1022 1228 hisce
1062 1174 1230 1243 gestis
1282 1189 1379 1243 par
1413 1174 1611 1228 fuerit?
1640 1173 1846 1247 Exigua
1884 1173 2031 1231 Jere-

449 1263 575 1317 miae
614 1266 928 1320 lamentatio
965 1277 1048 1320 est
1095 1266 1161 1320 ad
1211 1274 1289 1321 tot
1324 1274 1714 1337 tantorumque
1762 1269 2031 1324 malorum

450 1358 776 1427 gravitatem
807 1368 861 1413 et
904 1359 1357 1429 magnitudinem.
1410 1359 1477 1414 At
1521 1377 1589 1415 ne
1641 1362 1925 1415 videamur
1962 1363 2033 1416 ob

450 1446 979 1503 demonstrationum
1022 1450 1309 1518 penuriam
1351 1451 1663 1521 planctibus
1711 1452 2029 1517 immorari,

448 1554 548 1611 age
576 1541 643 1596 ad
681 1542 894 1613 singula
934 1558 1055 1613 qua:
1084 1543 1370 1612 objiciunt,
1409 1559 1532 1598 cum
1565 1545 1794 1600 veritate
1822 1545 2034 1615 simpli-

448 1630 585 1686 citer
623 1647 1003 1688 occurramus.
1039 1632 1281 1688 Tametsi
1336 1633 1494 1689 factis
1540 1635 1618 1689 illi
1654 1636 1790 1701 suis,
1848 1637 2033 1707 prius-

445 1738 611 1793 quam
644 1726 823 1780 verbis
854 1728 1086 1781 convicti
1128 1738 1277 1793 sunt,
1323 1728 1480 1798 juxta
1512 1728 1644 1782 illud
1671 1729 1867 1785 divina:
1893 1730 2029 1802 legis

2142 551 2160 582 ι
2195 529 2475 599 Ἔλεγξον,
2519 528 2878 599 ἐπιτίμησον,
2925 526 3303 600 παρακάλεσον
3341 527 3400 579 ἐν
3427 525 3585 595 πάσῃ
3634 542 3739 595 μα-

2136 624 2413 697 κροθυμίᾳ
2459 623 2554 677 καὶ
2607 623 2831 693 διδαχῇ;
2866 641 2886 675 ι
2938 621 3123 693 Χωρὶς
3152 619 3389 692 κρίσεως
3419 619 3731 688 καταδίκη·

2135 720 2308 790 χωρὶς
2341 717 2576 788 ἐλέγχων
2604 714 2897 784 ἀπόφασις.
2939 714 3001 766 Ἥ
3024 711 3297 784 θρασύτης
3323 709 3554 781 ἀνδρεία
3586 710 3732 762 νενό-

2139 826 2355 881 μισταν
2385 809 2418 879 ἡ
2473 807 2693 877 ὠμότης
2720 804 2882 876 ζῆλος
2928 803 3273 875 ὠνόμασται-
3310 803 3340 855 ό
3378 799 3541 863 δόλος
3570 799 3725 866 σοφία

2134 902 2461 971 λελόγισται.
2481 898 2615 952 Ποία
2641 896 3020 969 μεγαλόφωνος
3034 892 3311 967 τραγῳδία
3331 891 3546 944 τούτων
3570 889 3723 955 ἀξίας

2133 994 2344 1066 Μικρὸν
2377 991 2640 1062 Ἱερεμίου
2671 988 2869 1060 θρῆνος
2901 986 3039 1059 πρὸς
3061 983 3331 1038 τοσούτων
3362 980 3556 1036 κακῶν
3593 979 3724 1047 πλῆ-

2135 1086 2227 1150 θος
2253 1085 2347 1139 καὶ
2379 1084 2628 1157 μέγεθος.
2681 1081 2823 1135 Ἀλλ’
2866 1081 2952 1133 ἴνα
2988 1077 3062 1149 μὴ
3106 1078 3346 1147 δόξωμεν
3387 1074 3457 1127 δι’
3491 1072 3723 1143 ἀπορίαν

2132 1177 2241 1230 τῶν
2286 1169 2614 1240 ἀποδείξεων
2667 1170 3022 1244 ἐνδιατρίϐειν
3068 1172 3188 1231 ταῖς
3236 1169 3545 1237 οἰμωγαῖς,
3597 1164 3720 1233 φέρε

2134 1270 2270 1342 πρὸς
2290 1269 2541 1334 ἕκαστον,
2555 1260 2629 1320 ὧν
2651 1263 3065 1337 προϐάλλονται,
3087 1258 3223 1331 μετὰ
3245 1256 3510 1328 ἀληθείας
3540 1254 3723 1316 ἁπλῶς

2135 1363 2576 1434 ἀπαντήσωμεν,
2632 1358 2875 1424 καίτοιγε
2928 1355 3021 1407 καὶ
3071 1352 3177 1425 πρὸ
3222 1351 3333 1403 τῶν
3383 1348 3566 1417 λόγων
3613 1351 3726 1409 τοῖς

2133 1459 2319 1530 ἔργοις
2350 1453 2701 1527 ἐληλεγμένοι
2728 1445 3235 1522 τυγχάνουσι,κατά
3264 1443 3364 1514 τὴν
3384 1441 3541 1494 Θείαν
3568 1457 3724 1509 νομο-

2133 1549 2319 1603 θεσίαν
2347 1547 2445 1619 τὴν
2477 1546 2742 1614 λέγουσαν
2762 1561 2775 1574 ·
2810 1562 2829 1594 ι
2863 1543 2959 1595 Ἐκ
2992 1538 3103 1592 τῶν
3134 1535 3364 1608 καρπῶν
3392 1531 3582 1586 αὐτῶν
3610 1533 3725 1582 ἐπι-

2132 1638 2410 1710 γνώσεσθε
2436 1634 2655 1699 αὐτούς.
2698 1633 2919 1707 Καρποὶ
2955 1630 3012 1684 δὲ
3041 1629 3148 1682 τῶν
3190 1628 3315 1699 ἄρτι
3347 1624 3720 1694 πονουμένων,

2130 1730 2206 1793 ὡς
2234 1728 2401 1791 ἐοικε,
2431 1726 2494 1779 τὸ
2521 1722 2858 1796 σκορπίζειν,
2894 1722 2957 1775 οὐ
2988 1720 3051 1773 τὸ
3080 1719 3333 1786 συνάγειν
3352 1734 3367 1748 θ
3392 1716 3459 1769 τὸ
3484 1714 3718 1776 διώκειν,

446 1815 654 1870 dictum
685 1836 697 1872 :
728 1836 746 1869 ι
790 1817 863 1872 Ex
890 1818 1161 1875 fructibus
1192 1834 1382 1875 eorum
1410 1822 1757 1891 cognoscetis
1788 1837 1885 1877 eos
1902 1822 1967 1877 “.
2006 1842 2025 1873 ι

2133 1820 2193 1873 οὐ
2219 1818 2280 1872 τὸ
2315 1816 2611 1885 ἐπανάγειν
2630 1832 2643 1845 ο
2675 1815 2736 1868 τὸ
2760 1811 3151 1875 καταϐάλλειν,
3180 1810 3239 1862 οὐ
3270 1809 3333 1861 τὸ
3361 1807 3608 1879 ἐγείρειν
3625 1823 3638 1836 ο
3664 1806 3722 1857 τὸ

446 1904 686 1963 Fructus
744 1923 907 1977 porro
955 1912 1332 1979 operariorum
1389 1911 1706 1981 hujusmodi
1767 1913 2032 1971 hactenus

448 1998 573 2060 fuit,
601 1999 893 2070 dissipare,
926 2018 1033 2056 non
1063 2004 1363 2073 colligere;
1413 2004 1689 2074 persequi,
1722 2020 1832 2059 non
1866 2005 2028 2060 redu-

446 2102 605 2155 cere;
639 2089 897 2158 dejicere,
935 2109 1043 2148 non
1069 2094 1341 2160 excitare;
1385 2094 1699 2158 vulnerare,
1727 2110 1835 2148 non
1868 2108 2033 2150 sana-

447 2194 550 2246 re;
610 2181 795 2237 odisse
834 2198 942 2237 non
996 2192 1268 2244 errantes,
1326 2198 1437 2239 non
1488 2200 1733 2254 quaerere
1761 2195 2028 2241 errantes.

446 2272 603 2340 Quod
630 2277 798 2346 igitur
827 2279 1033 2349 absque
1061 2278 1348 2334 mendacio
1380 2280 1644 2349 scriptum
1674 2280 1792 2343 fuit,
1837 2280 1891 2335 id
1913 2295 2032 2334 ma-

446 2366 642 2423 nifeste
675 2370 956 2439 impletum
995 2379 1081 2426 est
1110 2390 1123 2426 :
1150 2390 1169 2423 ι
1212 2370 1416 2428 Omnes
1450 2372 1542 2443 qui
1584 2374 1671 2443 pie
1707 2374 1891 2428 volent
1947 2375 2030 2428 vi-

444 2473 570 2514 vere
597 2459 651 2514 in
682 2459 902 2517 Christo
930 2460 1060 2519 Jesu
1089 2466 1526 2534 persecutionem
1560 2466 1873 2535 patientur;
1898 2466 2027 2519 mali

444 2561 624 2606 autem
656 2551 908 2609 homines
936 2562 992 2610 et
1046 2555 1368 2611 seductores
1426 2556 1712 2626 proﬁcient
1756 2556 1810 2609 in
1845 2555 2025 2626 pejus,

2131 1906 2551 1982 τραυματίζειν,
2594 1907 2655 1960 οὐ
2688 1906 2751 1959 τὸ
2798 1903 3155 1977 θεραπεύειν·
3194 1902 3257 1954 τὸ
3309 1902 3494 1971 μισεῖν
3546 1898 3618 1950 τὰ
3653 1898 3722 1967 μὴ

2132 2003 2482 2073 πλανώμενα,
2512 2001 2574 2054 οὐ
2600 1999 2662 2053 τὸ
2704 1998 2885 2069 ζητεῖν
2910 1996 2980 2050 τά
3005 1993 3359 2066 πλανώμενα.
3384 1992 3464 2045 Τὸ
3498 1992 3600 2062 μὲν
3622 1987 3710 2044 οὖν

2132 2094 2382 2165 ἀψευδῶς
2436 2091 2824 2163 γεγραμμένον
2881 2088 3162 2161 προδήλως
3208 2086 3617 2156 πεπλήρωται,
3645 2085 3723 2136 ὅτι

2137 2189 2387 2251 «Πάντες
2418 2189 2467 2240 oi
2501 2186 2743 2248 θέλοντες
2787 2184 2886 2254 ζῇν
2919 2182 3159 2246 εὐσεϐῶς
3194 2184 3251 2234 ἐν
3283 2177 3512 2252 Χριστῷ
3550 2175 3721 2247 Ἰησο]

2127 2280 2541 2351 διωχθήσονται*
2578 2277 2808 2349 πονηροὶ
2836 2276 2893 2329 δέ
2927 2275 3206 2347 ἄνθρωποι
3230 2273 3327 2326 καὶ
3355 2271 3559 2342 γόητες
3595 2285 3720 2339 προ-

2132 2372 2390 2442 κόψουσιν
2422 2370 2516 2424 ἐπὶ
2559 2372 2761 2443 χεῖρον,
2799 2367 3112 2430 πλανῶντες
3154 2367 3249 2419 καὶ
3298 2360 3669 2431 πλανώμενοι.
3698 2379 3713 2409 ι

2132 2464 2213 2519 Τά
2245 2464 2301 2518 δέ
2339 2465 2479 2537 μέρη
2509 2466 2606 2535 τῆς
2639 2464 2772 2536 παρ’
2812 2464 2969 2536 ἡμῶν
2998 2462 3306 2531 ἀντιλογίας
3328 2457 3717 2516 ὑποτέτακται,

2132 2558 2226 2612 καὶ
2257 2558 2430 2623 οὕτως
2459 2557 2600 2610 κατά
2617 2558 2773 2623 τάξιν
2809 2556 3135 2631 διῃρημένα.

441 2654 693 2703 errantes
714 2655 769 2702 et
797 2649 850 2703 in
877 2665 1121 2707 errorem
1155 2652 1436 2708 mittentes
1491 2651 1559 2705 ³³.
1602 2670 1622 2705 ι
1672 2649 1943 2707 Caeterum
1986 2651 2388 2710 confutationis
2418 2663 2623 2709 nostra:
2662 2660 2848 2723 partes
2883 2651 3281 2722 subjiciuntur,
3316 2652 3490 2717 atque
3529 2641 3726 2699 ordine

441 2734 876 2809 distinguuntur.

514 2966 778 3024 Adversus
807 2985 894 3025 eos
924 2971 1015 3041 qui
1052 2971 1268 3093 c.3305:
1308 2969 1645 3027 multitudine
1681 2972 1954 3027 veritatem

1130 3057 1204 3093 nu
1246 3051 1409 3093 tcum.

1130 3051 1409 3111 tjudtcuut.

511 3145 822 3203 Certamina
848 3148 1033 3219 igitur,
1065 3148 1175 3204 Deo
1205 3150 1450 3221 auspice,
1499 3150 1766 3208 adversus
1809 3151 2033 3208 menda-
2055 3164 2104 3228 ε

442 3240 589 3294 cium
631 3240 838 3306 inituri,
901 3240 1097 3295 ducem
1152 3251 1206 3297 et
1266 3244 1590 3313 magistrum
1651 3245 2030 3303 invocabimus

442 3329 611 3385 Deum
646 3331 910 3386 veritatis.
975 3330 1095 3401 Ipse
1122 3333 1269 3387 enim
1315 3342 1420 3397 est,
1444 3335 1538 3404 qui
1579 3350 1609 3389 a
1643 3337 1900 3392 vanitatis
1930 3352 2031 3392 nos

444 3418 745 3473 mendaciis
775 3421 1045 3486 liberavit,
1098 3439 1246 3477 nunc
1282 3424 1499 3493 quidem
1534 3426 1781 3482 clamans
1813 3445 1826 3481 :
1865 3447 1883 3479 ι
1921 3427 2031 3497 Ego

416 3489 565 3565 .sum
592 3513 794 3568 veritas
813 3513 858 3545 ³⁸
883 3531 896 3577 ;
933 3534 952 3565 ι
982 3530 1130 3570 nunc
1159 3531 1290 3570 vero
1320 3518 1651 3573 cohortans:
1679 3536 1699 3569 ι
1735 3518 2026 3584 Conﬁdite,

440 3617 543 3672 ego
591 3604 698 3658 vici
734 3606 994 3660 mundum
1014 3606 1079 3661 ³⁷.
1123 3626 1140 3658 ι
1178 3607 1463 3676 Quomodo
1510 3610 1679 3681 igitur
1725 3627 1835 3666 non
1868 3612 2029 3667 mise-

440 3695 600 3749 randi
629 3696 703 3749 illi
733 3737 749 3762 ,
798 3698 892 3767 qui
931 3698 1037 3753 vim
1078 3700 1575 3771 auctoritatemque
1601 3701 1886 3769 doctrinae,
1910 3704 2029 3758 sola

440 3788 793 3843 multitudine
825 3791 1125 3845 metiuntur
1155 3811 1167 3846 :
1194 3808 1295 3847 nec
1327 3793 1680 3848 cmtsiderant
1735 3794 2027 3850 Dominum

442 3887 691 3933 nostrum
718 3878 995 3934 Christum
1033 3880 1321 3941 duodecim
1350 3884 1675 3954 discipulos.
1725 3886 2025 3955 simplices,

441 3970 791 4037 illitteratos,
849 3988 1154 4043 pauperes,
1192 3976 1448 4046 ignaros,
1509 3978 1706 4032 ﬁducia
1761 3980 2026 4037 adversus

441 4063 704 4116 mundum
767 4070 937 4117 totum
997 4065 1168 4135 gratis
1225 4068 1561 4124 munivisse?
1622 4068 1713 4125 Sic
1760 4071 1882 4126 illos
1938 4073 2025 4126 in-

441 4159 663 4210 struens
721 4171 829 4210 non
883 4164 945 4209 ut
995 4156 1281 4212 duodecim
1313 4202 1328 4225 ,
1408 4162 1682 4231 myriades
1730 4178 2026 4232 sequeren-

442 4251 553 4307 tur,
588 4244 679 4298 seil
721 4246 1017 4315 myriades,
1070 4247 1359 4302 duodecim
1405 4250 1529 4304 illos
1580 4252 1734 4320 sequi
1785 4253 2028 4307 vellent?

441 4329 522 4385 Ita
557 4348 774 4403 semper
805 4336 973 4390 vincit
1014 4338 1235 4401 veritas,
1259 4341 1615 4407 quantumvis
1647 4341 1791 4412 apud
1819 4357 2025 4412 paucos

442 4423 772 4503 inveniatur;
793 4428 883 4494 qui
904 4435 1082 4481 autem
1102 4428 1419 4497 quaestionis
1444 4433 1734 4502 propositae
1756 4435 2022 4489 rationem

2902 2848 2945 2899 Ι.

2129 2967 2288 3037 Πρὸς
2347 2965 2489 3031 τοὺς
2541 2963 2758 3029 πλήθει
3033 2961 3355 3029 κρίνοντας
3403 2961 3526 3031 τὴν
3580 2964 3723 3032 ιιιήέ

2855 3049 3006 3087 ειαν.

2202 3150 2504 3213 Μέλλοντες
2526 3150 2583 3203 δὲ
2612 3151 2708 3203 σὺν
2737 3147 2856 3219 Θεῷ
2888 3146 2997 3201 τῶν
3027 3142 3170 3199 κατά
3198 3142 3291 3197 τοῦ
3320 3143 3554 3214 ψεύδους
3583 3145 3723 3214 ἀγώ-

2132 3263 2241 3300 νων
2264 3242 2557 3308 ἅπτεσθαι,
2585 3242 2908 3312 καλέσωμεν
2941 3241 3021 3304 είς
3050 3239 3309 3309 όδήγησιν
3339 3239 3434 3293 τόν
3467 3239 3603 3294 Θεὸν
3628 3241 3723 3308 τῆς

2131 3335 2413 3408 ἀληθείας.
2454 3333 2628 3398 Αὐτὸς
2658 3332 2766 3406 γάρ
2810 3333 2962 3403 ἡμᾶς
2994 3332 3061 3385 ἐκ
3099 3329 3195 3383 τοῦ
3226 3329 3460 3400 ψεύδους
3485 3332 3587 3402 τῆς
3624 3350 3722 3403 μα-

2129 3427 2416 3497 ταιότητος
2447 3423 2821 3496 ἐλυτρὼσατοο
2862 3422 2957 3476 νῦν
3007 3422 3107 3493 μὲν
3144 3419 3285 3492 βοῶν
3306 3426 3337 3450 ·”
3367 3439 3387 3472 ι
3432 3421 3581 3490 Ἐγώ
3612 3426 3719 3494 εἰμι

2128 3523 2161 3591 ἡ
2211 3517 2469 3589 ἀλήθειαο
2503 3536 2523 3569 ι
2572 3516 2667 3569 νῦν
2698 3515 2757 3568 δὲ
2805 3513 3169 3586 παρεγγυῶν⁸
3215 3532 3233 3564 ι
3262 3512 3566 3584 θαρσεῖτε,
3616 3514 3720 3583 ἐγὼ

2129 3611 2389 3680 νενίκηκα
2417 3609 2508 3662 τὸν
2529 3608 2755 3678 κόσμον.
2780 3626 2800 3658 ι
2829 3605 2954 3670 Πῶς
2976 3602 3068 3659 οὖν
3089 3606 3190 3659 οὐκ
3210 3603 3436 3658 ἐλεεινοί
3455 3607 3508 3659 οἱ
3532 3607 3722 3676 πλήθει

2134 3703 2281 3774 μόνῳ
2311 3700 2406 3755 τοῦ
2442 3701 2603 3771 λόγου
2626 3701 2726 3772 τὴν
2762 3699 2917 3770 ἰσχὺν
2945 3699 3338 3768 ἀπονέμοντες,
3370 3700 3485 3753 καὶ·
3505 3702 3568 3753 οὐ
3598 3718 3718 3753 συν-

2132 3797 2319 3861 ιέντες,
2350 3798 2543 3867 ὅτιπερ
2580 3797 2608 3849 ό
2638 3796 2915 3867 Δεσπότης
2939 3794 3176 3870 Χριστὸς
3212 3792 3422 3848 δώδεκα
3455 3794 3720 3866 μαθηταῖς

2129 3888 2324 3952 ἁπλοῖς
2343 3928 2359 3953 ,
2384 3888 2778 3961 ἀγραμμάτοις
2797 3928 2812 3952 ,
2839 3888 3069 3957 πένησιν
3088 3926 3104 3949 ,
3140 3885 3471 3950 εὐαλὼτοις,
3498 3888 3561 3940 τὸ
3585 3888 3721 3941 κατὰ

2129 3980 2331 4043 παντὸς
2361 3979 2456 4034 τοῦ
2483 3980 2687 4051 κόσμου
2712 3979 2913 4051 θάρσος
2943 3977 3265 4050 δεδώρηται,
3291 3979 3722 4049 παρασκευάσας

2128 4074 2325 4137 αὐτοὺς
2354 4075 2416 4126 οὐ
2466 4077 2586 4136 ταῖς
2619 4071 2828 4125 δώδεκα
2868 4072 3123 4142 μυριάσιν
3153 4069 3558 4142 ἀκολουθῆσαι,
3588 4071 3723 4125 ἀλλά

2128 4166 2229 4229 τὰς
2270 4165 2539 4237 μυριάδας
2565 4162 2854 4216 συνθέσθαι
2882 4166 2993 4225 τοῖς
3018 4161 3261 4227 δὼδεκας
3298 4161 3491 4227 Οὕτως
3512 4164 3603 4217 ἀεὶ
3624 4162 3724 4233 τῆς

2128 4256 2389 4327 ἀληθείας
2427 4255 2488 4309 τὸ
2528 4253 2767 4327 κράτος,
2803 4253 2905 4307 κᾶν
2948 4254 3080 4323 παρ’
3127 4252 3333 4321 ὀλίγοις
3389 4254 3535 4318 τέως
3579 4253 3725 4325 εὑρί-

2131 4365 2348 4418 σκηται.
2408 4348 2468 4399 Ὀ
2506 4346 2565 4400 δὲ
2624 4344 2699 4417 μὴ
2750 4344 2962 4416 τολμῶν
2999 4344 3181 4397 δοῦναι
3219 4343 3380 4413 λόγον
3446 4345 3555 4415 τῆς
3595 4362 3724 4417 προ-

2129 4438 2389 4509 κειμένης
2450 4437 2766 4508 ζητήσεως,
2845 4434 2970 4506 μήτ’
3039 4434 3289 4507 εὐπορῶν
3368 4436 3720 4503 ἀποδείξεων,

440 4515 574 4570 dare
617 4533 725 4571 non
757 4518 941 4584 audet,
984 4535 1086 4574 nec
1119 4521 1684 4579 demonstrationibus
1719 4525 2022 4582 instructus

2133 4530 2221 4584 καὶ
2273 4529 2361 4582 διά
2413 4527 2570 4581 τοῦτο
2620 4525 2982 4596 καταφεύγων
3039 4527 3122 4589 είς
3174 4524 3402 4595 πλῆθος,
3469 4526 3724 4597 ὁμολογεῖ

439 4617 545 4673 est,
600 4618 765 4681 atque
814 4611 1021 4666 idcirco
1059 4613 1127 4667 ad
1170 4615 1536 4671 multitudinis
1581 4616 1829 4690 confugit
1882 4634 2022 4690 pra:-

441 4701 680 4756 sidium:
720 4702 767 4755 is
798 4702 903 4756 hoc
956 4702 1075 4771 ipso
1119 4721 1179 4760 se
1213 4706 1419 4761 victum
1469 4708 1773 4778 proﬁtetur,
1820 4719 1878 4765 ut
1926 4712 2021 4781 qui

440 4795 648 4848 nullum
685 4795 853 4848 alium
892 4796 1237 4853 conﬁdentia:
1259 4799 1456 4854 habeat
1491 4801 1849 4869 locum.Quid
1880 4805 2023 4859 mul-

440 4886 731 4941 titudinem
762 4888 922 4941 nobis
967 4888 1193 4959 ingeris,
1243 4892 1402 4960 quasi
1452 4892 1677 4948 alteram
1712 4896 1888 4955 turris
1925 4912 2023 4951 ex-

440 4979 795 5033 structionem
848 4977 956 5034 Deo
991 4980 1276 5045 minitans,
1318 4983 1387 5037 ad
1436 4984 1643 5041 insana:
1682 4986 1847 5054 illius}
1886 4989 2020 5043 mul-

440 5068 690 5124 titudinis
731 5071 1085 5139 exemplum?
1140 5072 1404 5128 Ostendat
1440 5075 1575 5130 mihi
1627 5077 1719 5132 illa
1771 5081 2018 5153 veritatis

438 5161 626 5223 decus,
652 5162 899 5231 proxima
923 5162 1037 5217 hzec
1060 5164 1145 5219 via
1170 5166 1276 5220 erit
1298 5166 1364 5220 ad
1397 5168 1859 5236 persuadendum.
1880 5170 2016 5225 Mul-

438 5252 613 5307 titudo
638 5261 818 5308 autem
844 5270 943 5311 sua
970 5257 1297 5312 auctoritate
1318 5257 1437 5313 sine
1458 5259 2021 5320 demonstrationibus

438 5346 823 5416 comprobans,
844 5358 929 5403 est
959 5349 1051 5402 illa
1072 5350 1291 5421 quidem
1321 5351 1517 5407 idonea
1546 5351 1615 5407 ad
1644 5355 2018 5413 incutiendum

2122 4624 2222 4695 τὴν
2267 4619 2458 4696 ἧτταν,
2502 4621 2580 4685 ὡς
2609 4621 2762 4675 οὐδὲν
2809 4620 2949 4691 ἔχων
2998 4618 3311 4690 παρρησίας
3365 4619 3607 4687 ἐφόδιον,
3655 4622 3722 4674 Τὸ

2126 4712 2331 4784 πλῆθος
2364 4714 2499 4783 ἡμῖν
2523 4711 2804 4775 ἐπισείεις,
2837 4710 3026 4780 ὥσπερ
3050 4708 3289 4762 ἀπειλῶν
3315 4709 3396 4780 τῷ
3428 4709 3555 4781 Θεῷ
3586 4729 3720 4783 πυρ-

2124 4805 2380 4874 γοποιίαν
2411 4803 2694 4875 δευτέραν,
2743 4802 2885 4855 κατά
2921 4802 3156 4873 μίμησιν
3202 4800 3561 4871 πολυχειρίας
3596 4819 3723 4874 (pps-
3760 4870 3763 4871 ν

2126 4897 2444 4961 νοθλαϐοῢς.
2478 4896 2719 4962 Δειξὰτω
2748 4913 2838 4967 μοι
2873 4894 3069 4958 κάλλος
3115 4893 3399 4965 ἀληθείας,
3447 4898 3546 4949 καὶ
3599 4895 3721 4949 σύν·

2123 5007 2292 5061 τομος
2334 4990 2498 5053 εὐθὺς
2538 4992 2573 5061 ἡ
2616 4986 2808 5043 πειθώ.
2844 4986 3057 5058 Πλῆθος
3081 4985 3138 5039 δὲ
3182 4986 3353 5056 χωρὶς
3387 4985 3718 5049 ἀποδείξεων

2125 5082 2441 5147 αὐθεντοῦν,
2475 5083 2710 5154 φοϐῆσαι
2750 5083 2848 5154 μὲν
2882 5080 3087 5147 ἱκανὸν,
3119 5082 3305 5132 πεῖσαι
3332 5078 3392 5132 δέ
3439 5077 3714 5148 οὐδαμῶς.

2130 5175 2201 5226 Ἢ
2226 5174 2389 5227 πόσαι
2422 5172 2681 5245 μυριάδες
2708 5170 2953 5225 πείσουσί
2978 5186 3047 5240 με
3071 5169 3173 5239 τὴν
3195 5168 3411 5239 ἡμέραν
3434 5167 3613 5222 νύκτα
3637 5183 3721 5220 νο-

2131 5266 2320 5336 μίσαι;
2351 5266 2385 5337 ἢ
2416 5266 2477 5319 τὸ
2500 5263 2736 5336 χαλκοῦν
2762 5264 3006 5334 νόμισμα
3025 5261 3102 5325 ὡς
3120 5259 3357 5332 χρυσοῦν
3384 5258 3609 5324 ειδέναι,
3629 5258 3719 5311 καὶ

2127 5359 2270 5413 οὕτω
2312 5359 2593 5431 δέχεσθαι;
2629 5358 2664 5429 ἢ
2712 5356 3034 5431 προσίεσθαι
3086 5354 3419 5426 δηλητήριον
3454 5351 3716 5425 πρόδηλον

509 5500 552 5582 ις
592 5501 633 5554 ||
665 5501 1117 5582 Thessumtjﬁ.
1192 5507 1236 5539 ”
1277 5506 1594 5582 Hebrtgtt,
1629 5510 1717 5566 13.
1794 5514 1839 5545 ³³
1878 5511 1923 5566 ll
1959 5512 2022 5569 Ti

2140 5532 2216 5577 tv,
2250 5515 2305 5569 2.
2387 5516 2433 5547 “
2468 5514 2659 5570 Matth.
2696 5530 2806 5582 vtt,
2839 5512 2930 5568 20.
3010 5511 3057 5544 ⁸³
3097 5507 3140 5562 ιι
3177 5507 3321 5563 Tim.
3358 5523 3461 5572 ut,
3498 5504 3589 5572 12,
3629 5504 3713 5561 ιδ.

437 5569 483 5605 ³⁸
521 5569 680 5627 Joan.
716 5592 836 5644 λιν,
869 5575 924 5632 6.
1000 5576 1043 5608 ³⁷
1085 5576 1242 5633 Joan.
1280 5594 1404 5643 ινι,
1436 5580 1525 5635 55.

512 5728 625 5800 (2|)
661 5729 753 5785 Sic
786 5748 917 5791 mss.
951 5731 1090 5790 l'lditi
1120 5752 1275 5821 vero,
1323 5739 1384 5793 τὸ
1407 5739 1578 5811 χωλὸν
1621 5742 1668 5795 εί
1701 5740 1908 5811 τραπῇ,
1969 5738 2029 5791 ia‘

2133 5735 2202 5807 μὴ
2238 5736 2293 5792 δὲ
2323 5736 2557 5806 μαλλῶν.
