3842 6186
130 336 273 392 1341

912 331 1493 391 CONFUTATIONES
1531 330 1975 400 QUARUMDAM
2011 328 2594 388 PROPOSITIONUM.

3270 324 3410 380 1542

126 449 260 506 ἀντὶ
281 446 616 518 καταλλήλου
638 446 845 517 τροφῆς
862 462 877 511 ;
897 443 1030 499 Εῐτα
1055 448 1260 517 γηΐνων
1288 446 1386 517 μὲν
1405 446 1569 500 ἕνεκα
1592 462 1728 518 πρα-

1830 457 2066 515 metum;
2107 448 2204 503 sed
2235 447 2301 502 ad
2334 445 2802 518 persuadendum,
2850 442 3003 499 nullo
3034 440 3215 497 modo.
3261 442 3407 508 Quot

126 538 365 609 γμάτων
388 534 487 588 οὐκ
512 534 890 605 αίσθησόμεθα
912 534 1112 605 πλῆθος
1131 534 1373 603 ψευδωνύ
1384 553 1497 605 μων
1517 552 1530 565 ·
1556 537 1721 606 ούρα-

129 630 267 685 νίων
290 628 347 680 δὲ
384 626 542 697 χάριν
562 626 847 697 δογμάτων
876 626 1137 697 νεύμασιν
1166 627 1575 692 ἀναποδείκτοις
1590 629 1723 681 ἀκο-

130 720 407 790 λουθήσω,
432 719 539 773 τῶν
563 719 729 773 πάλαι
767 720 859 771 καὶ
893 719 1167 790 πρόπαλαι
1204 719 1340 790 μετὰ
1362 719 1561 788 πολλῆς
1584 736 1721 789 συμ-

130 812 368 883 φωνίας,
397 813 490 865 καὶ
518 812 617 881 τῆς
651 811 758 864 τῶν
791 810 1024 882 Γραφῶν
1059 812 1363 882 μαρτυρίας
1397 810 1726 882 παραδοθέν-

132 922 251 960 των
278 905 677 990 ἀναχωρήσαςς
709 905 823 957 Οὐκ
849 903 1165 974 ἠκούσαμεν
1194 903 1286 957 τοῦ
1308 906 1510 974 Κυρίου
1539 903 1726 972 λέγον-

128 1012 261 1059 τος·
308 1014 327 1046 t
387 995 580 1047 Πολλοὶ
626 994 837 1064 κλητοὶ,
892 994 1064 1061 ὀλίγοι
1115 994 1171 1047 δὲ
1224 993 1502 1058 ὲκλεκτοί;
1563 1012 1582 1044 ιι
1632 992 1726 1044 καὶ

84 1147 96 1163 0
131 1086 339 1142 πάλινο
377 1105 398 1138 t
436 1085 605 1156 Στενὴ
635 1086 727 1138 καὶ
754 1085 1088 1156 τεθλιμμένη
1130 1086 1163 1154 ἡ
1204 1084 1323 1148 ὁδὸς
1364 1088 1397 1156 ή
1438 1085 1725 1153 ἀπάγουσα

131 1182 219 1243 εἰς
240 1180 340 1251 τὴν
363 1176 529 1250 ζωὴν,
553 1179 646 1232 καὶ
669 1177 839 1247 ὀλίγοι
866 1180 1002 1230 εἰσιν
1022 1180 1071 1231 οἱ
1098 1177 1444 1248 εὑρίσκοντες
1464 1180 1668 1249 αύτήν;
1701 1198 1719 1230 ι

133 1270 236 1334 Τίς
270 1265 364 1323 οὖν
397 1266 457 1322 εὖ
489 1268 700 1339 φρονῶν
725 1268 824 1320 οὐκ
855 1267 1073 1337 εὔχεται
1100 1268 1208 1320 τῶν
1236 1269 1431 1337 ὀλίγων
1462 1263 1598 1323 εἶναι
1618 1270 1726 1323 τῶν

131 1363 227 1417 διὰ
254 1363 355 1432 τῆς
389 1362 577 1432 στενῆς
616 1361 891 1413 είσιόντων
926 1362 1006 1423 εἰς
1054 1361 1353 1431 σωτηρίαν,
1388 1362 1421 1431 ἢ
1456 1361 1568 1415 τῶν
1597 1363 1727 1415 πολ-

134 1454 268 1516 λῶν,
293 1453 402 1507 τῶν
422 1453 510 1506 διὰ
537 1453 637 1522 τῆς
664 1452 925 1515 πλατείας
956 1456 1035 1516 είς
1067 1451 1341 1506 ἀπώλειαν
1364 1451 1722 1524 ώθουμένων;

134 1546 238 1611 Τίς
272 1546 330 1599 δὲ
359 1546 460 1598 οὐκ
491 1544 557 1599 ἂν
587 1543 937 1615 ἐπιθυμήσοι,
972 1545 1021 1596 εί
1062 1544 1203 1598 κατὰ
1232 1544 1322 1597 τὸν
1353 1546 1543 1615 καιρὸν
1582 1547 1725 1598 ἐκεῖ·

135 1655 232 1696 νον
258 1637 446 1707 ἔτυχεν
472 1635 547 1688 ὢν
571 1635 671 1706 τῆς
701 1635 980 1706 ἀθλήσεως
1004 1634 1099 1688 τοῦ
1130 1636 1399 1708 μακαρίου
1428 1638 1724 1705 Στεφάνου,

132 1731 239 1802 τῆς
277 1731 487 1784 ἐκείνου
522 1728 737 1800 μερίδος
777 1727 1053 1797 γενέσθαι,
1078 1726 1171 1780 τοῦ
1207 1728 1368 1798 μόνου
1417 1732 1529 1791 τοῖς
1558 1729 1726 1792 λίθοις

138 1797 497 1893 βαλλομένου,
524 1797 637 1874 Ἵτοῦ
676 1821 841 1872 πᾶσιν
883 1819 964 1883 είς
1010 1797 1224 1887 γέλωτα
1274 1821 1658 1894 προκειμένου,
1690 1821 1723 1892 ἢ
1756 1797 1800 1851 Β

134 1914 251 1969 τῶν
273 1914 447 1985 δχλων
479 1913 588 1967 τῶν
621 1912 881 1983 οἰομένων
904 1912 964 1965 τὸ
993 1911 1304 1979 ἀξιόπιστον
1329 1915 1394 1967 ὲκ
1420 1914 1518 1985 τῆς
1552 1913 1728 1983 κακῆς

134 2007 429 2070 αὑθεντίας
453 2023 468 2071 ;
500 2000 595 2069 Εἷς
620 2002 922 2075 εὐδοκιμῶν
948 2004 1338 2076 προτιμότερος
1366 2004 1508 2076 ὑπὲρ
1533 2004 1731 2075 μυριά-

134 2100 238 2163 δας
258 2096 523 2168 αὐθαδείᾳ
554 2094 978 2167 σεμνυνομὲνας,
1002 2094 1077 2158 ῲς
1105 2096 1199 2147 καὶ
1236 2096 1328 2148 ἐπὶ
1356 2096 1454 2166 τῆς
1486 2094 1729 2158 Παλαιᾶς

136 2186 416 2258 Διαθήκης
443 2185 772 2258 εὑρίσκομεν
791 2201 805 2214 ⁸
842 2186 900 2236 ἐν
985 2184 1223 2254 χιλιάδες
1259 2184 1358 2254 μὲν
1382 2183 1607 2236 ἔπιπτον
1632 2182 1726 2235 τοῦ

136 2278 270 2333 λαοῦ
316 2277 562 2350 θεηλάτῳ
596 2277 800 2347 πληγῇ,
839 2275 997 2345 μόνος
1045 2275 1104 2329 δὲ
1153 2277 1183 2329 ό
1225 2276 1411 2339 Φινεὲς
1459 2274 1610 2346 ἔστη,
1634 2275 1729 2327 καὶ⁴

146 2369 455 2435 ὲξιλάσατο,
506 2367 603 2421 καὶ
656 2366 927 2420 ἐκόπασεν
973 2367 1007 2436 ή
1059 2364 1306 2436 θραῦσις.
1357 2367 1421 2418 El
1468 2366 1525 2420 δὲ
1576 2362 1729 2419 εἶπεν

137 2462 350 2523 ικεῖνος
368 2476 381 2489 ·
416 2459 542 2522 Πῶς
565 2458 826 2528 τολμήσει
851 2455 986 2530 [τις]
1020 2458 1157 2529 πρὸς
1192 2458 1262 2511 τὰ
1291 2456 1596 2528 συμφώνως
1624 2458 1730 2511 ὑπὸ

145 2551 421 2607 τοσούτων
466 2551 765 2622 γενόμενα;
794 2550 911 2614 πῶς
960 2550 1210 2604 ἐναντίαν
1255 2549 1530 2620 ἐπιθῶμαι
1554 2550 1730 2620 ψῆφον

137 2642 255 2697 τῶν
275 2640 420 2696 οὕτω
467 2643 768 2714 κρινάντων
799 2642 931 2713 ζῇν;
962 2638 1075 2694 οὔτ’
1104 2639 1169 2695 ἂν
1201 2639 1364 2705 αὐτὸς
1387 2640 1726 2712 ἠρίστευσεν,

140 2733 257 2788 οὔτ’
290 2734 357 2790 ἂν
403 2734 466 2787 τὸ
507 2733 678 2788 κακὸν
719 2733 946 2805 ἔστησεν
969 2750 983 2763 ο
1016 2731 1128 2786 οὔτ’
1165 2732 1231 2787 ἂν
1258 2735 1308 2787 οί
1338 2734 1515 2786 λοιποὶ
1545 2731 1732 2786 διεσώ-

142 2826 339 2899 θησαν,
370 2825 485 2880 ούτ⁹
512 2826 578 2880 ἂν
608 2826 739 2890 Θεὸς
766 2826 865 2897 τὴν
895 2825 1180 2897 εὐμένειαν
1206 2826 1514 2897 ἐχαρίσατο.
1550 2823 1729 2879 Καλὸν

142 2913 260 2984 οὖν,
295 2917 458 2972 καλὸν
491 2917 587 2971 καὶ
617 2917 680 2970 τὸ
723 2916 820 2970 ἕνα
852 2916 1061 2970 δίκαιον
1097 2916 1588 2989 παρρησιάζεσθαι,
1633 2917 1730 2970 καὶ

142 3011 209 3066 σὺ
243 3009 453 3064 πολλῶν
480 3008 799 3082 συμφωνίαν
827 3008 1012 3063 ἄδικον
1040 3008 1282 3063 λύεσθαι.
1331 3008 1490 3062 Ἀλλὰ
1529 3009 1592 3062 σὺ
1631 3008 1730 3080 μὲν

1820 540 1966 595 enim
1998 539 2272 610 myriades
2300 538 2434 593 mihi
2464 536 2841 608 persuaserint
2902 543 2960 589 ut
3002 533 3146 588 diem
3185 542 3408 590 noctem

1821 648 1944 689 esse
1968 630 2245 686 statuam?
2279 638 2339 683 ut
2368 644 2571 685 aereum
2601 626 2878 683 numisma
2907 640 3005 695 pro
3040 640 3213 680 aureo
3236 640 3409 695 agno-

1824 737 1973 779 scam
2002 729 2056 776 et
2089 719 2400 789 accipiam?
2430 726 2488 772 ut
2538 726 2786 789 apertum
2816 718 2969 773 virus
3017 733 3117 788 pro
3160 731 3407 787 congruo

1824 814 2166 870 nutrimento
2178 812 2425 868 sumam?
2442 811 2645 866 Deinde
2666 826 2846 865 rerum
2864 811 3205 865 terrestrium
3228 810 3405 880 gratia

1823 922 1934 962 non
1978 920 2241 961 curamus
2282 904 2685 958 multitudinem
2713 902 2851 958 falso
2879 903 3307 963 nominatornm,
3347 880 3431 955 et;

1822 996 1983 1069 593
2013 997 2068 1050 in
2115 995 2432 1050 cmlestibus
2474 993 2823 1064 dogmatibus
2874 994 3022 1047 nulla
3066 990 3404 1047 demonstra-

1825 1088 1973 1143 tione
2006 1086 2204 1141 fultum
2234 1102 2433 1157 sequar
2466 1095 2685 1149 nutum,
2719 1086 2787 1140 ab
2831 1085 2899 1140 iis
2945 1085 3157 1140 scilicet
3191 1084 3403 1140 disces-

1825 1197 2009 1245 surus,
2044 1195 2166 1249 quae
2209 1194 2408 1250 magno
2435 1193 2731 1242 consensu,
2765 1178 3063 1248 multisque
3093 1178 3406 1250 Scriptura-

1824 1288 1946 1327 rum
1976 1248 2321 1327 testimoniis
2344 1270 2459 1339 jam
2498 1268 2626 1323 inde
2658 1269 2727 1324 ab
2758 1267 3159 1337 antiquissimis
3195 1248 3406 1337 ternpo-

1823 1364 1978 1420 ribus
2034 1372 2161 1419 sunt
2215 1361 2456 1416 tradita?
2499 1361 2693 1414 Annon
2748 1359 3057 1413 audivimus
3113 1358 3405 1413 Dominum

1823 1456 2098 1511 dicentem
2121 1473 2133 1509 :
2160 1472 2178 1506 ι
2210 1454 2363 1508 Multi
2389 1459 2517 1508 sunt
2539 1452 2739 1515 vocati,
2758 1451 2917 1522 pauci
2941 1467 3070 1505 vero
3097 1451 3254 1506 electi
3274 1450 3356 1503 ³⁸⁸3
3377 1469 3398 1500 ι

1824 1554 1879 1602 et
1908 1547 2107 1601 iterum
2139 1564 2152 1600 :
2197 1563 2216 1597 ι
2258 1546 2501 1615 Angusta
2528 1552 2630 1609 est,
2661 1551 2716 1599 et
2744 1544 2936 1599 stricta
2962 1544 3069 1606 via,
3105 1558 3227 1612 quae
3255 1542 3404 1597 ducit

1827 1639 1895 1694 ad
1912 1638 2101 1702 vitam,
2124 1644 2178 1693 et
2207 1637 2364 1707 pauci
2382 1644 2511 1692 sunt
2538 1637 2633 1706 qui
2663 1636 2947 1690 inveniunt
2977 1650 3095 1690 eam
3119 1634 3202 1687 '9?
3226 1655 3242 1686 ι
3266 1633 3404 1699 Quis

1828 1730 1992 1801 igitur
2021 1743 2153 1784 sana
2188 1736 2367 1782 mente
2395 1727 2656 1798 praeditus
2684 1742 2791 1781 non
2824 1726 2974 1780 malit
3017 1727 3071 1780 in
3100 1740 3404 1796 paucorum

1826 1836 1952 1876 esse
1988 1834 2237 1883 numero,
2272 1833 2368 1888 per
2414 1826 2702 1891 angustam
2734 1818 2798 1872 ad
2830 1818 3059 1873 salutem
3092 1814 3405 1885 ingredien:

1827 1910 1984 1974 tium,
2012 1925 2176 1980 quam
2202 1910 2497 1963 multorum
2528 1923 2622 1976 per
2647 1909 2812 1961 latam
2843 1906 2909 1961 ad
2934 1906 3209 1961 interitum
3243 1920 3407 1959 ruen-

1826 2002 2000 2057 tium?
2024 2000 2158 2067 Quis
2194 2015 2348 2065 vero,
2377 2000 2421 2055 si
2453 2007 2586 2054 aetas
2615 2014 2713 2055 sua
2744 2001 2800 2054 in
2841 2008 3056 2069 tempus
3086 1996 3405 2052 certaminis

1828 2096 2004 2152 sancti
2033 2093 2296 2165 Stephani
2326 2094 2629 2156 incidisset,
2654 2107 2763 2146 non
2790 2091 2860 2145 ab
2881 2091 3027 2145 illius
3052 2090 3235 2161 potius
3258 2098 3407 2145 stare

1827 2185 2078 2257 partibus
2124 2190 2454 2254 ex0ptasset,
2496 2183 2591 2253 qui
2638 2183 2793 2237 solus
2823 2182 3096 2252 lapidibus
3151 2180 3404 2243 obrutus,

1828 2279 1981 2335 solus
2013 2276 2270 2332 omnibus
2314 2274 2646 2331 deridendus
2675 2274 2778 2328 fuit
2809 2274 3147 2344 propositus,
3183 2287 3346 2341 quam
3373 2286 3408 2325 a

1828 2378 1981 2442 parte
2004 2370 2150 2440 vulgi
2180 2384 2248 2424 ex
2285 2383 2451 2439 prava
2485 2368 2659 2422 turbae
2692 2366 3015 2421 auctoritate
3040 2367 3224 2419 veram
3247 2361 3408 2417 ﬁdem

1828 2463 2193 2519 aestimantis?
2238 2461 2411 2531 Major
2453 2460 2631 2517 honos
2680 2459 2965 2515 habendus
3015 2465 3128 2521 est,
3184 2457 3267 2511 vel
3312 2455 3409 2509 uni

1826 2554 2069 2625 probata:
2099 2552 2222 2606 fidei
2251 2553 2390 2617 viro,
2448 2567 2614 2621 quam
2655 2552 2842 2606 decem
2874 2551 3106 2604 aliorum
3138 2547 3408 2609 millibus,

1829 2647 1920 2718 qui
1950 2662 2009 2703 se
2038 2645 2363 2700 insolentius
2388 2643 2662 2713 jactitant.
2695 2642 2866 2712 Cujus
2895 2641 2975 2696 rei
3004 2639 3314 2708 exemplum
3348 2637 3408 2693 in

1828 2736 2013 2793 Veteri
2067 2750 2285 2806 quoque
2334 2734 2689 2790 Testamento
2724 2732 2968 2787 invenire
3019 2738 3136 2794 est,
3185 2729 3275 2783 ubi
3312 2729 3411 2781 ali-

1828 2837 1962 2899 quot
1989 2826 2270 2882 hominum
2294 2825 2537 2891 millibus
2563 2825 2716 2879 clade
2737 2822 2999 2878 divinitus
3033 2820 3279 2874 immissa
3308 2834 3408 2873 oc-

1830 2917 2234 2977 cumbentibus.
2270 2917 2418 2971 solus
2449 2915 2683 2970 Phinees
2732 2914 2885 2969 Stetit
2918 2922 2971 2968 et
3022 2912 3188 2966 Deum
3224 2910 3410 2979 plac‘a-

1828 3009 1930 3075 vit,
1963 3008 2310 3076 cohibitaque
2347 3014 2432 3062 est
2474 3006 2678 3062 clades.
2721 3004 2878 3072 Quod
2908 3003 2953 3059 si
3001 3002 3227 3057 dixisset
3274 3001 3406 3055 ille:

146 3103 510 3176 προτίμησον,
551 3103 600 3156 εἰ
632 3102 798 3166 δοκεῖ,
846 3100 941 3155 τοῦ
974 3102 1284 3173 σωζομένου
1333 3101 1457 3155 Νῶε
1496 3101 1559 3156 τὸ
1593 3102 1727 3155 ὑπο-

1831 3100 1972 3169 Quid
1998 3101 2121 3172 quis
2153 3100 2417 3155 adversus
2441 3106 2643 3154 tantam
2676 3098 2889 3168 sibique
2920 3095 3025 3165 ipsi
3056 3092 3412 3149 consentien-

148 3193 373 3267 ϐρύχιον
410 3194 649 3266 πλῆθος·
683 3194 807 3264 ἐμοὶ
846 3193 904 3247 δὲ
948 3193 1303 3285 συγχώρησον
1351 3197 1416 3265 τῇ
1454 3195 1581 3257 τοὺς
1621 3193 1729 3246 ὀλί-

148 3302 281 3355 γους
312 3286 509 3359 ἐχούσῃ
541 3285 759 3357 κιϐωτῷ
789 3286 1182 3358 προσδραμεῖν.
1232 3286 1344 3339 Καὶ
1392 3287 1457 3339 σὺ
1510 3286 1628 3357 μὲν,
1680 3287 1729 3338 εί

149 3378 350 3449 βούλει,
404 3377 566 3444 τάξον
619 3380 845 3434 σεαυτὸν
902 3378 1043 3450 μετὰ
1096 3377 1305 3432 πολλῶν
1351 3379 1410 3431 ὲν
1439 3378 1725 3448 Σοδόμοις’

146 3468 260 3538 ἐγὼ
284 3469 344 3523 δὲ
387 3468 688 3523 συνοδεύσω
733 3468 813 3539 τῷ
839 3469 996 3532 Λὼτ,
1048 3466 1150 3523 κᾶν
1198 3469 1357 3539 μόνος
1398 3468 1506 3521 τῶν
1559 3468 1730 3539 ὄχλων

147 3558 537 3630 συμφερόντως
583 3559 907 3630 χωρίσηται.
942 3559 1090 3629 Πλὴν
1122 3559 1247 3629 ἐμοὶ
1287 3560 1381 3612 καὶ
1413 3558 1618 3628 πλῆθος
1642 3561 1729 3612 αί-

144 3649 405 3721 δέσιμον,
458 3651 519 3703 οὐ
560 3650 622 3703 τὸ
655 3650 856 3719 φεῦγον
903 3650 1169 3717 ἐξέτασιν,
1216 3650 1353 3704 ἀλλὰ
1394 3650 1455 3704 τὸ
1496 3650 1731 3722 παρέχον

150 3739 424 3806 ἀπόδειξιν
446 3756 459 3770 ’
492 3740 551 3793 ού
585 3739 646 3792 τὸ
688 3739 901 3812 πικρῶς
948 3740 1307 3811 ἀμυνόμενον,
1344 3739 1477 3793 ἀλλὰ
1526 3740 1587 3793 τὸ
1621 3757 1730 3792 πα-

149 3830 353 3905 τρικῶς
377 3830 757 3903 διορθούμενον
778 3848 793 3863 ⁸
826 3833 887 3885 οὐ
919 3831 980 3885 τὸ
1008 3835 1196 3903 χαῖρον
1228 3831 1568 3903 καινοτομίᾳ,
1597 3830 1732 3884 ἀλλὰ

148 3925 211 3980 τὸ
242 3924 508 3994 φυλάττον
537 3924 796 3996 πατρῴαν
822 3926 921 3994 κλη
932 3926 1204 3995 ρονομίαν.
1244 3926 1403 3978 Ποῖον
1423 3924 1481 3977 δέ
1519 3942 1609 3995 μοι
1635 3924 1733 3977 καὶ

150 4016 353 4088 πλῆθος
384 4017 599 4087 λέγεις;
634 4018 710 4071 Τὸ
748 4019 1019 4091 μισθωθὲν
1064 4018 1327 4090 κολακείᾳ
1375 4019 1468 4071 καὶ
1501 4016 1729 4088 δώροις,

148 4109 211 4164 τὸ
238 4109 443 4163 κλαπὲν
464 4110 705 4181 ἀμαθείᾳ
732 4127 792 4163 τε
819 4112 913 4164 καὶ
937 4112 1149 4182 ἀγνοίᾳ,
1174 4110 1237 4163 τὸ
1253 4108 1542 4172 πεπτωκὸς
1562 4108 1735 4179 δειλίᾳ.

148 4217 211 4255 τε
242 4202 338 4256 καὶ
369 4201 541 4272 φόϐῳ,
598 4202 660 4255 τὸ
697 4204 1045 4273 προτιμῆσαν
1081 4203 1414 4274 πρόσκαιρον
1457 4202 1734 4274 ἁμαρτίας

153 4292 450 4347 ἀπόλαυσιν
480 4293 583 4363 τῆς
631 4293 849 4347 αἰωνίου
880 4293 1055 4365 ζωῆς,
1089 4294 1232 4365 ἆπερ
1278 4292 1462 4346 πολλοὶ
1488 4292 1734 4363 φανερῶς

152 4384 541 4456 ῶμολόγησαν;
570 4386 772 4457 Πλήθει
810 4386 879 4442 (τὸ
931 4385 1124 4456 ψεῦδος
1161 4384 1488 4457 κρατύνεις;
1526 4384 1732 4451 ἔδειξας

1830 3202 1941 3250 tem
1985 3192 2130 3248 ausit
2169 3189 2616 3245 multitudinem?
2658 3190 2752 3259 qui
2796 3187 3009 3242 calculo
3054 3200 3178 3240 meo
3208 3184 3413 3252 impro-

1830 3287 1972 3343 babo
1994 3300 2156 3355 quam
2186 3285 2264 3339 illi
2285 3284 2533 3354 delegere
2555 3281 2763 3335 vitam?
2784 3296 2892 3335 non
2920 3293 3052 3334 sane
3079 3285 3173 3330 aut
3198 3274 3414 3329 fortiter

1830 3394 1891 3434 se
1937 3378 2200 3448 gessisset
2248 3384 2342 3431 aut
2390 3374 2744 3447 repressisset
2788 3371 2992 3425 malum
3031 3389 3044 3424 :
3077 3385 3185 3423 non
3215 3365 3413 3436 reliqui

1830 3471 1967 3527 salvi
2002 3469 2253 3533 fuissent,
2285 3484 2394 3523 non
2426 3483 2524 3523 sua
2552 3483 2647 3522 eos
2677 3464 3056 3521 benevolentia
3093 3464 3233 3517 Deus
3274 3460 3413 3517 fuis-z

1832 3569 1914 3618 set
1940 3562 2214 3632 dignatus.
2240 3559 2431 3632 Operae
2458 3560 2623 3630 igitur
2646 3560 2881 3629 pretium
2912 3563 3015 3619 est,
3040 3561 3099 3607 ut
3128 3555 3242 3608 sive
3265 3566 3411 3607 unus

1829 3657 1915 3708 vir
1964 3654 2171 3725 probus
2215 3654 2386 3708 libere
2420 3660 2543 3724 agat
2596 3659 2650 3707 et
2706 3653 2983 3722 loquatur,
3038 3649 3153 3705 sive
3210 3662 3413 3716 pravus

1831 3748 2127 3802 multorum
2170 3759 2475 3801 consensus
2507 3746 2771 3800 solvatur.
2809 3743 2878 3796 At
2908 3752 2987 3803 tu,
3019 3741 3065 3794 si
3099 3739 3269 3803 lubet,
3296 3735 3416 3791 Noe

1833 3845 2047 3892 servato
2076 3835 2383 3891 demersam
2409 3835 2814 3889 multitudinem
2840 3839 3139 3901 antepone:
3167 3827 3415 3895 mihique

1832 3929 2071 3984 concede
2125 3936 2184 3982 ut
2214 3929 2281 3983 ad
2314 3944 2499 3983 arcam
2536 3943 2839 3999 paucorum
2870 3924 3277 3994 receptaculum
3322 3933 3417 3973 ac-

1832 4040 2071 4080 curram.
2092 4022 2195 4091 Tu,
2233 4026 2279 4079 si
2316 4024 2515 4095 placet,
2549 4039 2673 4078 cum
2695 4023 2854 4076 turba
2885 4018 3138 4075 Sodomis
3170 4015 3412 4075 sociare,

1832 4131 1933 4186 ego
1960 4114 2134 4170 Lotho
2162 4130 2349 4170 comes
2394 4130 2490 4170 ero
2519 4114 2655 4178 viae,
2692 4112 2907 4169 etiamsi
2959 4111 3110 4165 solus
3154 4109 3270 4177 ipse
3315 4118 3414 4175 pro

1834 4210 2010 4263 salute
2049 4222 2147 4262 sua
2193 4221 2313 4262 sese
2351 4222 2382 4261 a
2426 4207 2585 4261 turba
2616 4204 2935 4276 segregarit.
2970 4201 3240 4255 Caeterum
3278 4195 3415 4249 mihi

1835 4300 2194 4355 nihilominus
2245 4298 2557 4354 veneranda
2610 4295 2925 4358 multitudo,
2980 4308 3092 4347 non
3144 4291 3237 4345 illa
3293 4302 3417 4358 qua;

1834 4391 2272 4463 disquisitionem
2309 4391 2467 4462 fugit,
2503 4390 2598 4446 sed
2630 4405 2753 4461 qua:
2798 4387 3179 4459 probationem
3212 4381 3369 4436 affert
3400 4398 3413 4432 :

149 4476 245 4532 τοῦ
291 4477 466 4532 δεινοῦ
508 4478 607 4548 τὴν
652 4478 904 4532 ἐπίτασιν
929 4492 944 4505 ’
997 4479 1108 4549 ὅσῳ
1144 4478 1253 4551 γὰρ
1298 4477 1518 4541 πλείους
1551 4480 1608 4530 ἐν
1651 4476 1728 4549 τῷ

1832 4499 1941 4539 non
1970 4500 2089 4554 qua:
2117 4485 2313 4539 acerbe
2350 4492 2577 4553 pugnat,
2610 4483 2705 4538 sed
2740 4496 2863 4552 quae
2886 4488 3109 4550 paterne
3148 4472 3374 4543 corrigit
3401 4487 3417 4523 :

150 4568 326 4641 κακῷ,
355 4570 591 4641 τοσούτῳ
623 4569 822 4641 μείζων
856 4572 889 4642 ή
918 4571 1189 4642 συμφορά.

1836 4590 1946 4628 non
1976 4590 2097 4644 quae
2131 4573 2329 4645 gaudet
2358 4572 2617 4636 novitate,
2656 4571 2752 4628 sed
2778 4587 2900 4642 qua:
2927 4575 3207 4639 paternam
3237 4563 3419 4616 servat

151 4660 541 4717 hereditatem.
586 4660 668 4716 Tu
711 4677 841 4716 vero
882 4664 1098 4733 qualem
1143 4662 1276 4716 mihi
1303 4661 1710 4718 multitudinem
1741 4667 2030 4721 nominas?
2062 4666 2193 4720 Eam
2225 4667 2508 4731 nimirum,
2574 4680 2696 4736 qua:
2751 4663 3071 4719 adulatione
3120 4666 3173 4716 et
3229 4669 3419 4712 mune-

150 4753 306 4809 ribus
339 4752 609 4808 conducta
637 4764 719 4809 est
749 4771 764 4807 :
793 4769 937 4818 eam,
970 4769 1094 4825 quae
1124 4752 1399 4825 imperitia
1427 4762 1479 4809 et
1509 4754 1729 4809 inscitia
1756 4757 1977 4826 abrepta
2004 4765 2088 4813 est
2114 4796 2130 4822 ,

150 4859 293 4910 eam,
328 4860 450 4915 quae
497 4853 946 4901 momentaneam
986 4848 1199 4917 peccati
1229 4848 1567 4917 voluptatem
1613 4850 1739 4903 vita:
1775 4850 1996 4919 praefert
2035 4857 2255 4905 aeternae
2319 4870 2333 4904 :

2205 4772 2347 4824 eam,
2402 4772 2522 4827 qua:
2576 4758 2731 4827 lapsa
2797 4754 3091 4809 timiditate
3137 4759 3190 4805 et
3221 4754 3367 4803 metu
3398 4786 3414 4808 ,

2397 4849 2451 4904 id
2486 4851 2630 4921 quod
2683 4850 2840 4904 multi
2881 4848 3057 4919 palam
3105 4848 3234 4898 sunt
3282 4853 3417 4893 con-

153 4938 303 4994 fessi.
342 4935 690 4993 Multitudine
721 4938 1069 4994 mendacium
1104 4941 1374 4996 roboras?
1413 4940 1542 4994 mali
1572 4939 1972 4997 vehementiam
2026 4943 2227 4999 innuis.
2252 4941 2366 4997 Hoc
2385 4943 2530 4998 enim
2577 4943 2755 5012 major
2799 4951 2884 4997 est
2931 4937 3247 4999 calamitas,
3307 4943 3417 5001 quo

154 5035 339 5105 plures
366 5029 512 5083 malo
542 5037 673 5085 sunt
702 5031 985 5101 implicati.

905 5143 973 5195 Il.

156 5259 311 5327 Πρὸς
350 5257 492 5323 τοὺς
522 5257 882 5327 κελεύοντας
920 5255 1006 5323 μὴ
1031 5254 1157 5327 δεῖν
1194 5254 1315 5327 and
1350 5252 1604 5324 Γραφῶν
1642 5253 1734 5327 ζη-

229 5328 350 5450 aegr
401 5328 439 5394 ἢ
486 5326 732 5391 λαλεῖν,
779 5325 1191 5395 ἀρκουμένους
1240 5324 1315 5394 τῇ
1354 5326 1489 5394 παρ’
1527 5324 1732 5391 αἰτεῖς

229 5415 271 5451 π
299 5413 450 5451 στει.

228 5490 303 5543 Τὸ
334 5489 432 5560 μὲν
467 5485 565 5542 οὖν
597 5488 761 5559 μηδὲν
805 5483 944 5541 εἶναι
988 5487 1086 5559 τὴν
1133 5488 1353 5560 ἄκριτον
1380 5487 1487 5540 τῶν
1517 5486 1727 5541 πολλῶν

162 5580 501 5655 συμφωνίαν,
533 5577 683 5652 οἶμαι
716 5580 851 5651 μηδὲ
876 5580 1003 5643 τοὺς
1052 5579 1306 5643 ἐναντίως
1336 5581 1468 5650 ἡμῖν
1510 5577 1732 5651 ἔχοντας

245 5741 291 5777 ³⁸
330 5739 519 5796 Matth.
560 5739 804 5806 nm”.
879 5740 924 5773 ”
960 5739 1148 5797 Matth.
1188 5755 1295 5805 vn,
1339 5738 1418 5793 id.

1837 5257 2103 5325 Adversus
2136 5273 2222 5311 eos
2254 5258 2343 5325 qui
2383 5272 2474 5309 nec
2503 5252 2977 5325 quwrendumlrnec‘
3008 5247 3323 5325 loquendum
3352 5263 3419 5302 ex

1973 5320 2619 5397 Scriptura’pra'cipiunt,
2650 5341 2748 5378 sua
2774 5324 2874 5391 ipsi
2903 5320 3007 5391 ﬁde
3035 5320 3285 5375 contenti.

1906 5483 2123 5539 bnllius
2149 5499 2279 5553 ergo
2298 5482 2459 5553 pretii
2482 5497 2603 5537 esse
2633 5479 3093 5535 inconsideratum
3120 5478 3414 5532 multorum

1837 5593 2189 5646 consensum,
2227 5593 2295 5633 ne
2330 5576 2674 5633 adversarios
2704 5576 2922 5647 quidem
2956 5574 3294 5629 inliciaturos
3327 5586 3416 5626 ar-
