3842 6210
366 262 514 318 4563

1540 261 1598 317 ε.
1643 257 2110 316 ATHANASICS.
2150 286 2221 299 —
2259 256 2482 314 DL'BIA.

3492 258 3651 315 1314

372 369 570 425 bitror.
598 368 754 426 Nunc
785 371 851 427 ad
898 372 1107 443 reliqua
1138 374 1295 431 nobis
1328 374 1788 447 pr0grediendum
1836 383 1944 439 est,

2073 372 2232 427 ,οιπδν
2264 370 2511 444 ἀντερεῖν
2532 390 2545 403 ·
2576 374 2707 445 ἡμῖν
2719 373 2776 426 δέ
2802 374 2938 428 ῐτέον
2968 373 3104 445 πρὸς
3119 373 3187 428 τὰ
3218 374 3362 445 ἑξῆς,
3422 377 3522 431 καὶ
3552 376 3652 440 ἐξ·

370 462 818 534 conl’utandaque
843 481 1030 519 eorum
1064 467 1294 521 audacia
1349 468 1442 537 qui
1472 483 1633 523 omne
1665 483 1946 525 sacrarum

378 554 683 610 litterarum
745 556 987 611 studium
1044 571 1508 628 supervacaneum
1557 574 1683 615 esse
1727 569 1955 614 conten-

376 647 537 710 dunt,
604 655 719 702 tum
778 649 924 720 quod
976 650 1196 719 propria
1257 650 1458 720 cuique
1510 649 1643 706 ﬁdes
1686 650 1953 718 suﬂiciat,

374 747 492 792 tum
545 742 688 810 quod
738 742 1018 812 inquisitio
1071 743 1422 799 obscuriores
1476 743 1635 801 nobis
1682 760 1773 801 res
1808 746 1956 814 ipsas

379 831 589 885 reddat.
632 833 950 903 Agnoscunt
1000 835 1229 891 scilicet
1274 836 1365 890 isti
1404 836 1508 905 ipsi
1542 837 1628 893 sui
1681 836 1956 907 dogmatis

381 924 773 979 infirmitatem.
806 925 917 981 Nos
950 943 1079 982 vero
1120 937 1174 983 et
1206 931 1447 1001 mysterii
1477 931 1692 984 veritati
1737 943 1791 987 ct
1834 933 1956 998 ejus

380 1016 472 1081 qui
505 1016 789 1071 verissime
818 1015 991 1082 dixit,
1023 1038 1041 1067 ι
1066 1017 1256 1074 Omnis
1277 1021 1369 1090 qui
1402 1022 1597 1090 quaerit
1628 1022 1973 1087 ittvettit"°,r.

382 1108 582 1161 auxilio
612 1109 969 1169 conlidentes,
1001 1117 1053 1165 et
1086 1110 1384 1180 quaerimus
1413 1123 1473 1167 ut
1505 1122 1741 1184 oportet,
1770 1122 1827 1169 et
1871 1115 1952 1168 in-

380 1199 631 1251 venimus
692 1213 812 1267 quas
849 1207 1083 1268 oportet,
1110 1208 1164 1254 et
1190 1200 1633 1260 demonstramus
1668 1218 1788 1273 qua:
1817 1204 1957 1259 dici-

383 1302 528 1350 mus,
558 1297 613 1342 et
642 1288 708 1341 ad
740 1304 921 1343 rerum
949 1306 1172 1360 scopum
1204 1293 1476 1348 sermonis
1500 1286 1869 1349 attendimus:
1901 1303 1960 1349 ut

379 1386 437 1433 et
473 1377 789 1433 domesticis
821 1380 1272 1448 persuadeamus,
1321 1388 1376 1435 ct
1419 1382 1765 1439 adversarios
1794 1383 1959 1437 refel-

385 1469 582 1531 lamus,
617 1477 670 1523 et
695 1471 1060 1539 nosmetipsos
1088 1488 1183 1542 per
1212 1473 1619 1542 inquisitionem
1650 1474 1962 1529 lucrifacia-

385 1575 542 1623 tuus,
577 1570 638 1613 ut
680 1560 915 1630 denique
945 1578 1053 1616 non
1095 1564 1415 1620 inconstans
1445 1565 1642 1636 dogma
1690 1582 1963 1636 propona-

2054 464 2333 534 ἐλεγκτέον
2349 466 2449 537 τὴν
2477 464 2676 536 τόλμαν
2698 465 2806 519 τῶν
2825 466 3085 537 περιττὴν
3112 462 3252 521 εἶναι
3275 466 3373 537 τὴν
3385 469 3519 539 περὶ
3537 469 3646 534 τὰς

2055 557 2218 626 ἀγίας
2260 557 2486 629 Γραφάς
2521 558 2973 628 ἀποφαινομένων
2997 558 3297 631 διατριϐὴν,
3319 560 3396 624 ὡς
3426 561 3642 631 ἀρκού-

2058 665 2157 720 σης
2198 647 2414 719 ἐκάστῳ
2452 648 2553 716 τῆς
2594 649 2800 712 οἰκείας
2827 648 3082 714 πίστεως,
3115 651 3210 704 καὶ
3254 650 3453 721 μᾶλλον
3500 652 3649 705 ἀσά-

2056 757 2216 811 φειαν
2242 740 2574 811 ἐμποιούσης
2602 742 2734 811 ἡμῖν
2773 743 2871 812 τῆς
2912 739 3210 811 ζητήσεως.
3239 742 3425 795 Ταῦτα
3449 742 3509 795 δὲ
3540 760 3648 796 κα·-

2054 834 2501 901 ταγινωσκόντων
2548 835 2697 888 ἐστὶν
2743 834 2816 898 ὡς
2873 834 3179 888 ἀσυστάτου
3217 835 3312 888 τοῦ
3341 836 3646 906 δόγματος.

2069 922 2206 975 Ἀλλ’
2254 924 2414 993 ἡμεῖς
2455 923 2782 995 θαρροῦντες
2822 927 2888 995 τῇ
2934 924 3162 998 ἀληθείᾳ
3195 925 3289 979 τοῦ
3334 929 3650 998 μυστηρίου

2057 1015 2153 1068 καὶ
2177 1017 2243 1085 τῇ
2279 1014 2499 1086 βοηθείᾳ.
2522 1015 2617 1069 τοῦ
2651 1015 2938 1086 ἀψευδοῦς,
2970 1017 3236 1082 εἰπόντος,
3281 1036 3300 1070 ι
3333 1019 3452 1083 Πᾶς
3479 1022 3511 1072 ὁ
3546 1020 3649 1090 ζη-

2056 1105 2166 1157 τῶν
2193 1105 2458 1177 εὑρίσκει,
2491 1125 2511 1159 ι
2547 1107 2641 1160 καὶ
2664 1105 2936 1178 ζητοῦμεν
2964 1108 3041 1172 ὼς
3065 1109 3163 1174 δεῖ,
3189 1110 3285 1162 καὶ
3310 1110 3651 1182 εὑρίσκομεν

2058 1198 2094 1252 ἃ
2126 1197 2228 1262 δεῖ,
2264 1199 2358 1252 καὶ
2395 1198 2533 1269 μετά
2558 1198 2883 1264 ἀποδείξεως
2924 1199 3176 1270 λέγομεν,
3206 1200 3299 1254 καὶ
3327 1202 3466 1271 μετά
3514 1219 3651 1273 προ-

2059 1290 2260 1355 θέσεως
2285 1290 2514 1361 γνησίας
2536 1290 2827 1361 ἀκούομεν,
2861 1291 2939 1355 ὡς
2973 1293 3067 1345 καὶ
3090 1293 3215 1356 τοὺς
3251 1293 3490 1356 οἰκείους
3525 1296 3652 1364 stet-

2060 1380 2193 1444 θειν,
2234 1382 2329 1435 καὶ
2360 1384 2485 1447 τοὺς
2512 1383 2784 1447 ἐναντίους
2821 1381 3086 1454 ἐλέγχειν,
3118 1385 3214 1438 καὶ
3247 1386 3396 1456 ἡμᾶς
3439 1387 3652 1450 αὐτοὺς

2058 1473 2147 1529 διὰ
2180 1475 2281 1545 τῆς
2312 1476 2540 1546 ἐρεύνης
2566 1476 2893 1547 κερδαίνειν,
2922 1476 3017 1530 καὶ
3050 1476 3124 1547 μὴ
3166 1476 3467 1531 ἀσύστατον
3506 1481 3654 1550 πρᾶ-

2061 1583 2180 1635 γμα
2202 1566 2487 1620 δεικνύειν.
2525 1567 2808 1639 Ἀμελήσω
2832 1566 3065 1640 Γραφῶν
3085 1583 3100 1634 ;
3124 1567 3287 1622 πόθεν
3314 1564 3408 1622 οὖν
3439 1572 3475 1639 ή
3505 1569 3653 1637 γνῶ-

386 1666 527 1705 tnus.
580 1650 893 1722 Scripturas
944 1654 1254 1725 negligam?
1300 1656 1446 1711 unde
1506 1673 1635 1727 ergo
1687 1658 1964 1728 cognitio?

2073 1675 2183 1724 σιςς
2255 1659 2581 1729 Καταλείψω
2623 1658 2856 1728 γνῶσιν;
2914 1659 3079 1714 πόθεν
3147 1661 3181 1731 ἡ
3222 1659 3437 1725 πίστις;
3492 1661 3651 1715 Παῦ-

384 1743 765 1814 Cognitioncm
819 1746 1340 1816 t-cliuquam‘i‘unde
1378 1746 1552 1804 ﬁdes?
1596 1750 1796 1804 clamat
1823 1749 1964 1804 Pau-

2073 1753 2152 1815 λος
2189 1751 2319 1822 βοᾷ’
2361 1769 2380 1802 ι
2421 1751 2546 1814 Πῶς
2579 1750 2980 1812 πιστεύσουσιν,
3018 1751 3114 1804 ἐάν
3159 1752 3232 1823 μὴ
3267 1751 3585 1815 ἀκούσωσις
3628 1773 3650 1804 ι

385 1835 471 1891 ius
494 1854 506 1889 :
531 1854 549 1886 ι
576 1834 860 1902 Quomodo
882 1840 1105 1892 credent
1132 1836 1298 1910 494
1327 1840 1373 1894 si
1396 1855 1505 1895 non
1537 1840 1811 1897 audierint
1832 1842 1873 1874 “
1893 1843 1916 1897 ?
1939 1863 1958 1896 ι

392 1937 446 1982 et
478 1930 670 1982 iterum
707 1947 718 1982 :
759 1948 778 1980 ι
827 1927 987 1986 Fides
1034 1946 1098 1985 ex
1141 1933 1328 1986 auditu
1369 1951 1381 1986 :
1418 1933 1642 1989 auditus
1694 1949 1824 1989 vero
1868 1949 1967 2006 per

387 2021 612 2075 verbum
652 2020 746 2075 Dei
775 2022 841 2080 δ’.
882 2041 901 2075 ι
940 2021 1111 2092 Igitur
1140 2024 1232 2093 qui
1271 2025 1489 2079 verbum
1525 2027 1770 2093 cohibet,
1807 2029 1968 2083 audio

386 2121 500 2165 tum
537 2113 796 2177 obstruit,
820 2122 874 2168 et
901 2113 1055 2168 ﬁdem
1084 2115 1325 2185 expellit.
1360 2113 1638 2174 Romanas
1668 2119 1814 2188 leges
1846 2120 1968 2175 sine

388 2205 632 2273 periculo
678 2220 838 2258 nemo
869 2205 1217 2274 ignoravcrit.
1256 2206 1405 2273 Quas
1445 2223 1574 2277 ergo
1607 2216 1801 2277 parant
1831 2208 1970 2263 insi-

387 2296 507 2350 dias
559 2295 652 2366 qui
711 2310 906 2367 magna
955 2298 1197 2354 cmlestis
1251 2299 1394 2371 regis
1443 2302 1662 2355 oracula
1715 2301 1968 2356 meditari

388 2397 551 2456 atque
576 2387 819 2441 ediscere
859 2388 1190 2457 prohibent?
1223 2388 1508 2461 Scriptura
1534 2401 1619 2447 est
1655 2393 1851 2447 animm
1881 2393 1966 2447 ci-

387 2480 511 2536 bus.
546 2480 742 2536 Desine
771 2497 927 2552 ergo,
953 2498 985 2537 ο
1015 2484 1199 2548 homo,
1222 2485 1363 2540 fame
1386 2486 1662 2540 internum
1692 2486 1966 2541 hominem

388 2589 608 2643 necare,
654 2575 964 2643 diramque,
1014 2591 1123 2629 non
1174 2576 1333 2646 panis
1398 2583 1453 2631 et
1494 2591 1681 2643 aquae,
1727 2577 1823 2633 scd
1869 2594 1971 2632 au-

388 2665 569 2719 diendi
602 2667 825 2721 verbum
874 2666 1108 2729 Domini,
1145 2664 1345 2722 [autem
1390 2667 1685 2723 attrahere.
1735 2666 1833 2722 Est
1874 2669 1969 2739 qui

391 2757 599 2827 inﬂigat
630 2759 876 2824 vulnera,
914 2766 968 2813 et
995 2771 1050 2812 tu
1083 2758 1409 2813 medicinam
1440 2774 1547 2814 non
1576 2761 1659 2815 vis
1683 2758 1971 2816 adhiberi?

394 2845 590 2904 Desine
620 2850 827 2904 variam
862 2843 1265 2905 iucdiciualium
1303 2852 1606 2907 libellorum
1642 2853 1967 2922 sapientiam

388 2940 648 2994 vanitatis
676 2942 897 2995 natuine
930 2943 1204 3013 evulgare.
1249 2943 1516 2999 Reverere
1551 2946 1869 2999 eunuchum
1903 2946 1970 3000 il-

390 3033 505 3086 lum
552 3033 802 3089 lectionis
849 3033 1181 3099 studiosum,
1214 3035 1485 3115 universis
1531 3036 1733 3107 reginas
1772 3039 1968 3109 opibus
1997 3076 2038 3132 C

391 3123 766 3193 praepositum,
810 3125 905 3194 qui
958 3140 1027 3179 ne
1074 3126 1129 3179 iu
1174 3125 1369 3181 itinere
1406 3127 1628 3197 quidem
1678 3129 1967 3185 lectionem

392 3214 807 3277 intermittebat,
846 3214 1005 3284 cujus
1036 3217 1378 3287 propositum
1425 3220 1739 3289 approbatis
1787 3219 1973 3275 Domi-

392 3319 517 3368 uus,
559 3305 752 3360 statim
782 3305 859 3359 illi
895 3306 1173 3362 doctorem
1216 3309 1389 3374 misit,
1421 3310 1517 3380 qui
1554 3312 1774 3367 lectioni
1805 3314 1977 3368 inter-

392 3397 752 3467 pretationem
778 3396 1027 3463 addcret,
1057 3406 1109 3454 et
1135 3398 1435 3472 Scriptura:
1463 3404 1619 3458 illum
1648 3385 1975 3462 auctoritate

394 3488 462 3543 ad
488 3488 824 3543 Salvatorem
849 3489 1175 3560 perduceret
1192 3492 1267 3555 f’.
1303 3492 1667 3560 Quamobrem
1702 3497 1820 3566 ipse
1839 3512 1979 3568 pra:-

393 3577 555 3647 cepit,
596 3596 615 3630 ι
660 3575 997 3633 Scrutamini
1045 3579 1359 3651 Scripturas
1406 3582 1474 3647 ⁸³,
1517 3603 1539 3637 ο
1583 3590 1974 3641 scrutationem

393 3680 597 3722 vocans
631 3667 947 3738 diligentem
979 3678 1354 3741 attentamque
1377 3674 1717 3729 occultorum
1746 3676 1978 3745 inquisi-

395 3759 619 3814 tionem.
671 3757 750 3812 Ex
798 3759 1101 3830 Scripturis
1137 3763 1341 3819 sanctis
1386 3773 1473 3820 est
1518 3767 1858 3821 occultorum
1888 3766 1981 3822 de-

396 3843 644 3915 claratio,
667 3851 784 3921 spei
817 3853 1242 3918 ﬁrmamentum,
1273 3857 1701 3926 promissionum
1729 3866 1977 3923 eventus,

397 3941 700 3998 Salvatoris
752 3944 994 4000 inventio
1027 3965 1040 4000 :
1073 3966 1092 3998 ‹
1146 3946 1456 4004 Invenimus
1509 3944 1699 4015 illum',
1752 3951 1819 4006 de
1871 3965 1981 4021 quo

396 4036 619 4105 scripsit
663 4035 839 4092 Moses
892 4046 946 4092 et
994 4040 1273 4110 prophetas
1314 4041 1381 4097 “.
1441 4062 1459 4095 ι
1501 4041 1600 4098 His
1641 4042 1871 4098 vocibus
1927 4053 1982 4098 et

395 4126 596 4181 Paulus
639 4126 708 4181 ad
751 4129 1137 4184 stabiliendam
1179 4132 1467 4186 veritatem
1516 4150 1651 4190 usus
1683 4142 1787 4191 cst.
1822 4131 1980 4200 Quod

398 4222 443 4276 si
482 4223 682 4277 Paulus
712 4221 804 4291 qui
836 4222 1046 4276 audivit
1074 4237 1275 4277 arcana
1298 4224 1486 4287 verba,
1524 4239 1850 4284 arcanorum
1894 4231 1983 4288 ille

397 4321 593 4382 mysta,
626 4312 719 4382 qui
747 4311 1027 4366 Christum
1059 4312 1115 4366 in
1161 4328 1221 4367 se
1261 4312 1455 4368 habuit
1497 4315 1831 4385 loquentem,
1869 4321 1984 4389 pri-

2066 1843 2161 1897 καὶ
2211 1842 2407 1896 πάλιν·
2447 1860 2465 1893 1
2508 1842 2673 1894 Ὥστε
2707 1843 2738 1911 ἡ
2787 1842 2972 1905 πίστις
3018 1839 3079 1906 ἐξ
3121 1842 3322 1913 ἀκοῆς
3353 1843 3388 1913 ἡ
3422 1842 3480 1896 δὲ
3511 1843 3657 1912 ἀκοὴ

2063 1931 2152 1987 διὰ
2179 1935 2421 2004 ῥήματος
2452 1931 2608 1986 Θεοῦ.
2654 1952 2672 1984 υ
2711 1934 2770 1987 '0
2786 1932 2965 1986 τοίνυν
2992 1932 3056 1985 τὸ
3094 1933 3244 2004 ῥῆμα
3275 1932 3523 1999 κωλύων,
3552 1933 3659 2004 τὴν

2064 2025 2234 2097 ἀκοὴν
2269 2024 2589 2096 ἐμφράττει,
2621 2024 2720 2094 τὴν
2754 2025 2937 2079 πίστιν
2979 2024 3250 2079 ἐκϐάλλει.
3295 2026 3405 2078 Καὶ
3448 2025 3658 2095 νόμους

2069 2117 2168 2188 μὲν
2207 2117 2492 2188 Ῥωμαίων
2537 2118 2749 2186 ἀγνοεῖν
2791 2117 3074 2171 ἀκίνδυνον
3103 2117 3278 2171 οὑδενί
3300 2134 3314 2148 ’
3360 2118 3429 2170 τὰ
3456 2118 3517 2170 δέ
3554 2135 3658 2187 με⁶

2067 2209 2209 2278 γάλα
2234 2209 2582 2279 θεσπίσματα
2614 2208 2707 2263 τοῦ
2744 2208 3009 2280 βασιλέως
3036 2208 3145 2263 τῶν
3178 2209 3423 2283 οὐρανῶν
3453 2212 3504 2264 ot
3548 2226 3662 2263 κω-

2066 2298 2287 2362 λύοντες
2324 2298 2553 2370 μελετᾷν
2580 2299 2677 2352 καὶ
2722 2298 3013 2370 μανθάνειν
3041 2300 3199 2353 ποίαν
3226 2299 3521 2371 ἐπιϐουλὴν
3553 2300 3660 2354 οὑκ

2066 2391 2420 2462 ἐργάζονταις
2457 2392 2643 2463 Τροφὴ
2670 2391 2847 2463 ψυχῆς
2875 2392 2908 2462 ὴ
2941 2391 3153 2464 Γραφή.
3199 2392 3413 2447 Παῦσαι
3445 2389 3543 2448 οὖν
3572 2392 3659 2446 λι-

2071 2483 2344 2555 μοκτονῶν
2375 2483 2466 2536 τὸν
2503 2484 2613 2538 ἔσω
2657 2484 2963 2557 ἄνθρωπον,
3019 2484 3296 2555 ἄνθρωπε,
3344 2485 3441 2540 καὶ
3495 2484 3659 2557 λιμὸν

2068 2574 2259 2645 ἄγριον
2287 2574 2756 2645 ἐπισπασάμενος,
2782 2576 2881 2628 οὑκ
2922 2576 3087 2647 ἄρτου
3126 2576 3221 2630 καὶ
3268 2576 3483 2640 ὕδατος,
3517 2576 3659 2630 ἀλλά

2068 2664 2163 2719 τοῦ
2194 2665 2423 2719 ἀκοῦσαι
2456 2665 2614 2734 λόγον
2640 2667 2870 2738 Κυρίου.
2908 2666 3098 2732 Ι’Δλλος
3124 2669 3379 2740 ἐπιφέρει
3404 2668 3474 2722 τά
3493 2669 3662 2739 τραύ-

2073 2772 2241 2827 ματα,
2279 2756 2372 2809 καὶ
2402 2756 2466 2809 σὺ
2494 2754 2724 2819 κωλύεις
2754 2755 2986 2825 ὑπάγειν
3012 2749 3084 2811 τὰ
3105 2756 3407 2828 φάρμακα;
3437 2748 3656 2814 Παῦσπι

2075 2846 2312 2915 ματαίαν
2347 2845 2666 2915 ἀποφαίνων
2697 2846 2795 2918 τὴν
2843 2846 3095 2917 ποικίλην
3122 2848 3228 2900 τῶν
3280 2849 3544 2920 ἰατρικῶν
3574 2849 3661 2919 βι-

2071 2935 2235 2991 ϐλίων
2263 2937 2489 3007 σοφίαν·
2520 2937 2798 3010 αἰδέσθητι
2841 2938 2932 2993 τὸν
2981 2939 3261 3010 φιλόλογον
3308 2943 3521 2994 ἐκεῖνον
3565 2941 3658 2994 εὑ-

2072 3024 2282 3097 νοῢχον,
2309 3026 2368 3089 ὃς
2399 3023 2468 3099 ἦν
2497 3028 2591 3083 ἐπὶ
2628 3028 2809 3096 πάσης
2835 3028 2935 3100 τῆς
2965 3030 3138 3101 γάζης
3178 3029 3277 3100 τῆς
3310 3029 3655 3101 βασιλίσσης,

2077 3119 2204 3189 μήτ’
2230 3120 2288 3174 ἐν
2311 3119 2417 3191 ὀδῷ
2445 3119 2927 3191 καταλιμπάνοντα
2958 3120 3058 3192 τὴν
3094 3121 3421 3189 ἀνάγνωσιν·
3461 3116 3525 3177 οὗ
3555 3122 3661 3193 τὴν

2074 3209 2332 3281 πρόθεσιν
2371 3209 2769 3282 ἀποδεξάμενος
2815 3211 2846 3262 ὁ
2875 3211 3171 3281 Δεσπότης,
3206 3211 3450 3282 ἔπεμψεν
3497 3211 3662 3275 εὐθὺς

2073 3301 2223 3373 αὑτῷ
2248 3302 2337 3356 τὸν
2361 3303 2700 3369 διδάσκαλον,
2726 3302 3085 3375 προστιθέντα
3110 3304 3177 3373 τῇ
3215 3302 3525 3369 ἀναγνώσει
3560 3303 3665 3374 τὴν

2075 3393 2298 3461 γνῶσιν,
2333 3392 2443 3446 ἀπὸ
2480 3392 2589 3446 τῶν
2627 3393 2860 3464 Γραφῶν
2889 3408 2949 3445 τε
2992 3392 3157 3447 αὐτὸν
3202 3392 3552 3462 προσάγοντα
3580 3394 3662 3463 τῷ

2077 3483 2307 3555 Σωτῆρι.
2343 3481 2434 3536 Διὸ
2466 3483 2561 3536 καὶ¹
2602 3482 2764 3546 αὑτὸς
2803 3481 3121 3547 ἐκέλευσεν,
3159 3499 3178 3532 ι
3226 3482 3518 3551 Ἐρευνᾶτε
3558 3482 3664 3546 τὰς

2076 3577 2320 3649 Γραφάς,
2362 3596 2383 3629 ι
2422 3577 2648 3648 ἐρευνᾷν
2684 3573 2853 3628 εἰπὼν
2887 3573 2987 3645 τὴν
3019 3572 3250 3645 ἐπιμελῆ
3275 3573 3372 3625 καὶ
3396 3574 3658 3642 νηφάλιον

2077 3669 2187 3723 τῶν
2218 3668 2619 3740 κεκρυμμένων
2651 3666 2916 3735 ἐξέτασιν.
2956 3666 3052 3720 Ἐκ
3073 3665 3181 3719 τῶν
3206 3665 3378 3732 ἁγίων
3396 3665 3658 3737 Γραφῶν,

2080 3760 2112 3830 ή
2135 3759 2242 3812 τῶν
2274 3759 2488 3830 ἀδήλων
2517 3758 2844 3829 φανέρωσις,
2870 3758 2903 3829 ή
2928 3755 3038 3809 τῶν
3070 3754 3303 3808 ἐλπίδων
3344 3752 3659 3824 βεϐαίωσις,

2079 3853 2114 3922 η
2148 3852 2254 3905 τῶν
2285 3852 2633 3922 ὑποσχέσεων
2655 3849 2897 3914 ἔκϐασις,
2917 3852 2951 3919 ἠ
2995 3846 3090 3901 τοῦ
3114 3847 3366 3918 Σωτῆρος
3407 3845 3620 3917 εὕρεσις
3639 3862 3654 3876 ·

2087 3961 2107 3995 ι
2151 3946 2246 3997 Ὃν
2268 3943 2471 4014 ἔγραψε
2493 3943 2697 4013 Μωσῆς
2737 3943 2832 3995 καὶ
2850 3941 2900 3994 ot
2937 3942 3214 4010 προφῆται
3251 3937 3588 4009 εὑρήκαμεν.
3631 3955 3653 3988 ι

2081 4036 2318 4099 Ταύταις
2362 4035 2626 4105 κέχρηται
2654 4036 2774 4097 ταῖς
2820 4035 3023 4100 φωναῖς
3075 4031 3210 4102 πρὸς
3260 4030 3523 4082 σύστασιν
3549 4028 3658 4099 ’τῆς

2081 4127 2335 4199 ἀληθείας
2366 4129 2396 4181 ὁ
2424 4126 2656 4189 Παῦλος.
2680 4126 2745 4178 Et
2764 4124 2822 4177 δὲ
2855 4122 3066 4186 Παῦλος
3096 4125 3125 4176 ὁ
3145 4120 3254 4174 τῶν
3280 4122 3540 4193 ἀρρήτων
3564 4123 3661 4191 ρη-

2086 4220 2269 4290 μάτων
2313 4218 2608 4290 ἀκροατὴς,
2647 4217 2676 4269 ὁ
2715 4216 2824 4269 τῶν
2862 4216 3188 4286 ἀπορρήτων
3237 4211 3471 4282 μύστης,
3505 4213 3535 4264 ὁ
3567 4211 3659 4263 τὸν

2083 4313 2314 4384 Χριστὸν
2338 4313 2476 4383 ἔχων
2500 4313 2555 4364 ἐν
2586 4308 2762 4380 ἐαυτῷ
2792 4307 3076 4371 λαλοῦντα,
3098 4306 3160 4360 οὑ
3189 4305 3452 4376 κέχρηται
3474 4303 3658 4366 ἁπλῶς

398 4413 524 4457 vata
576 4403 926 4468 auctoritate,
972 4405 1112 4457 citra
1159 4419 1445 4462 sacrarum
1478 4405 1785 4463 litterarum
1831 4412 1969 4467 testi.

2082 4404 2337 4475 αὑθεντίᾳ
2354 4403 2478 4473 δίχα
2496 4402 2594 4472 τῆς
2614 4400 2723 4455 τῶν
2754 4398 2986 4472 Γραφῶν
3010 4396 3312 4470 μαρτυρίας
3329 4411 3345 4425 ο
3373 4393 3491 4458 πῶς
3518 4396 3664 4448 ἀκίν-

400 4495 665 4559 mouium,
693 4510 828 4549 usus
857 4510 965 4548 non
999 4504 1117 4549 est:
1158 4497 1252 4565 qui
1288 4512 1398 4550 non
1432 4498 1800 4566 periculosum
1832 4517 1979 4559 nunc

402 4586 566 4641 fuerit
597 4602 785 4642 curam
822 4586 1020 4641 divinae
1049 4589 1185 4659 legis
1212 4582 1475 4658 alijicerc,
1512 4597 1567 4645 et
1585 4593 1771 4649 cordis
1803 4597 1976 4651 nostri

400 4680 689 4749 opiniones
718 4679 1002 4748 proferre?
1029 4680 1137 4735 Sed
1165 4690 1295 4756 sunt
1325 4683 1590 4735 nonnulla
1616 4699 1738 4753 quae
1757 4695 1975 4756 captum

402 4780 652 4827 nostrum
704 4778 988 4839 superant.
1042 4754 1190 4852 Idem
1232 4778 1285 4825 et
1314 4786 1415 4842 ego
1462 4773 1658 4840 fateor,
1693 4783 1749 4831 et
1778 4754 1881 4832 hoc
1910 4795 1977 4833 ex

403 4861 689 4934 Scriptura
721 4864 1092 4926 addiscamus,
1131 4870 1191 4918 ut
1224 4863 1464 4919 sciamus
1497 4867 1790 4936 quaerenda
1838 4885 1982 4939 qua:-

403 4956 527 5011 dam
560 4972 701 5020 esse,
736 4965 795 5010 ut
826 4971 947 5026 quae
972 4956 1307 5025 apprehendi
1340 4957 1578 5025 possint.
1612 4956 1683 5012 Ut
1710 4961 1853 5014 enim
1886 4977 1981 5015 au-

404 5050 592 5102 dacter
616 5049 800 5102 omnia
832 5048 1163 5117 perscrutari
1196 5049 1344 5117 pium
1369 5063 1478 5103 non
1502 5059 1587 5105 est
1609 5089 1625 5115 ,
1652 5050 1726 5104 ita
1759 5067 1975 5107 omnem

405 5154 632 5209 prorsus
663 5139 1072 5208 inquisitionem
1117 5141 1393 5211 ncgligere
1426 5155 1539 5194 non
1582 5149 1668 5196 est
1698 5150 1972 5198 sanctum.

403 5230 545 5295 Quid
575 5243 738 5299 porro
768 5228 1060 5286 adoremus
1090 5246 1256 5285 nosse
1283 5246 1474 5287 omnes
1507 5240 1740 5301 oportet,
1773 5247 1975 5288 secun-

404 5320 534 5377 dum
575 5320 629 5374 id
659 5320 806 5390 quod
837 5320 1102 5391 scriptum
1134 5330 1220 5378 est
1252 5341 1265 5377 :
1305 5342 1323 5375 ι
1356 5321 1467 5378 Nos
1507 5322 1802 5380 adoramus
1831 5322 1979 5394 quod

404 5414 616 5467 sciurus
664 5412 730 5466 “.
790 5430 810 5464 ι
849 5411 1109 5479 Quaerere
1150 5422 1331 5470 autem
1383 5424 1679 5487 quantum,
1722 5418 1980 5488 qualiter,

2083 4496 2235 4549 δυνον
2259 4494 2354 4547 νῦν
2388 4492 2610 4564 ἀμελεῖν
2646 4492 2745 4562 μέν
2778 4493 2879 4562 τῆς
2925 4490 3075 4554 θείας
3102 4488 3447 4558 νομοθεσίας,
3480 4485 3658 4541 λαλεῖν

2083 4585 2142 4640 δέ
2168 4585 2237 4639 τά
2287 4584 2546 4639 δοκοῦντα
2585 4583 2696 4637 ἀπὸ
2741 4581 3004 4653 καρδίας;
3063 4579 3203 4633 Ἀλλ’
3244 4579 3360 4632 ἐστι
3408 4578 3533 4631 τινὰ
3561 4580 3660 4649 τὴν

2085 4678 2356 4750 ἡμετέραν
2418 4675 2723 4745 κατάληψιν
2778 4673 3174 4746 ὑπερϐαίνοντα
3193 4688 3207 4703 ο
3273 4671 3417 4742 φημὶ
3483 4671 3657 4738 κάγώ.

2084 4772 2196 4824 Καὶ
2225 4770 2385 4824 τοῦτο
2428 4766 2523 4823 οὖν
2555 4768 2663 4822 ἀπὸ
2695 4767 2926 4838 Γραφῶν
2969 4763 3326 4835 διδαχθῶμεν,
3360 4763 3438 4825 ὡς
3468 4763 3659 4817 εἰδέναι

2082 4862 2206 4916 τινὰ
2241 4863 2339 4933 μέν
2372 4860 2634 4933 ζητητέον
2666 4859 2743 4923 ὡς
2772 4857 2990 4928 ἐφικτά.
3034 4856 3174 4910 Οὔτε
3208 4855 3317 4926 γάρ
3349 4855 3413 4907 τὸ
3442 4856 3661 4908 πάντων

2083 4951 2428 5023 κατατολμᾷν
2460 4949 2698 5013 εὐσεϐὲς,
2724 4948 2850 5002 οὔτε
2874 4948 2936 5002 τὸ
2973 4947 3191 5002 πάντων
3221 4945 3551 5017 καταμελεῖν
3573 4947 3659 4999 εὑ-

2083 5048 2233 5116 αγές.
2276 5047 2341 5100 Τί
2371 5041 2465 5099 οὖν
2509 5040 2942 5116 προσκυνοῦμεν,
2976 5038 3174 5093 εἰδέναι
3214 5037 3414 5099 πάντες
3448 5036 3660 5105 ὀφείλο-

2088 5158 2207 5212 μεν,
2243 5138 2383 5193 κατὰ
2410 5134 2917 5208 τὸ,γεγραμμένον·
2955 5150 2975 5183 ι
3020 5130 3215 5200 Ἡμεῖς
3248 5128 3661 5201 προσκυνοῦμεν

2082 5233 2111 5285 ὃ
2155 5233 2395 5303 οἴδαμεν.
2444 5247 2462 5282 r
2510 5229 2584 5281 Τὸ
2614 5227 2670 5291 δέ
2713 5226 2918 5297 ἡλίκον,
2961 5223 2996 5294 ἦ
3044 5218 3178 5286 οἷον,
3213 5221 3246 5292 ἢ
3282 5219 3420 5285 πῶς,
3453 5219 3488 5290 ἢ
3534 5218 3654 5281 ποῦ,

2093 5323 2428 5397 μαινομένων
2472 5321 2674 5392 ζητεῖν.
2723 5316 2862 5372 Ἀλλ’
2892 5317 2942 5368 οἱ
2991 5311 3300 5383 βουλόμενοι
3329 5308 3401 5363 τὰ
3457 5309 3658 5364 ἐαυτῶν

2090 5415 2320 5487 κρίνειν,
2376 5410 2699 5483 ἀπείργουσι
2751 5405 2860 5460 τῶν
2919 5401 3174 5475 Γραφῶν,
3228 5400 3501 5473 προφάσει
3563 5399 3660 5471 μὲν

466 5569 514 5639 ’ἤ
556 5567 745 5622 Matth.
776 5583 876 5639 vn,
914 5569 968 5624 8.
1042 5571 1086 5603 “
1127 5568 1287 5628 Rom.
1327 5590 1382 5638 ι,
1425 5573 1509 5628 14.
1585 5575 1628 5607 δ’
1671 5573 1806 5630 ibid.
1848 5574 1932 5631 l7.

2097 5572 2221 5627 Act.
2258 5586 2380 5639 vut,
2419 5566 2610 5624 27-59.
2691 5564 2737 5597 ⁸⁵
2772 5560 2932 5618 Joan.
2958 5575 3016 5625 ν,
3047 5557 3134 5614 39.
3216 5556 3260 5589 δ’
3307 5553 3459 5610 loan.
3494 5570 3535 5622 ι,
3568 5553 3655 5611 ιε.

412 5641 452 5668 “"
491 5637 650 5692 Joau.
688 5654 760 5701 tv,
793 5638 885 5695 22.
