3842 6210
202 226 224 279 1
236 224 341 279 515

1013 221 1240 281 CONFU
1249 219 1592 279 TATIONES
1633 222 2077 290 QUARUMDAM
2106 221 2694 282 PROPOSITIONUM.

3304 223 3452 283 ιδισ

195 339 294 395 τοῦ
345 340 419 413 μὴ
451 343 819 414 κατατολμᾷν,
859 342 933 406 ὡς
969 312 1301 413 ἀπροσίτων,
1351 344 1418 413 τῇ
1453 341 1511 395 δὲ
1549 341 1773 414 ἀληθείᾳ

1877 342 2173 413 quomodo,
2209 341 2303 397 ubi
2331 383 2347 402 .
2398 342 2786 398 insanientium
2818 349 2924 398 est.
2979 336 3174 397 Verum
3212 343 3305 413 qui
3349 343 3457 413 ipsi

198 434 341 506 ὑπὲρ
371 434 466 488 τοῦ
499 434 721 504 φεύγειν
748 435 839 489 τὸν
878 435 936 502 ἐξ
974 434 1153 488 αὐτῶν
1184 433 1404 504 ἔλεγχον
1434 433 1537 504 τῆς
1569 434 1780 499 οἰκείας

196 526 538 591 κακοδοξίας.
568 528 676 580 Καὶ
721 528 850 582 ὅταν
888 528 1036 581 ἴδωσι
1069 527 1169 597 μὲν
1195 526 1403 579 ἑαυτων
1433 526 1779 595 κακοφροσύ-

196 634 297 688 νην
359 618 835 690 συμποδιζομένην
885 618 992 672 ἀπὸ
1045 618 1144 687 τῆς
1203 616 1311 670 τῶν
1361 616 1592 688 Γραφῶν
1640 617 1781 670 άπο-

192 710 442 777 δείξεως,
494 712 950 782 παραγράφονται
998 711 1106 764 τῶν
1156 709 1387 783 Γραφῶν
1437 711 1529 764 τὸν
1574 711 1776 764 σκοπὸν

194 804 291 856 καὶ
314 801 412 874 τὴν
445 802 633 875 χρείαν
657 820 669 831 ·
708 804 837 856 ὅταν
874 802 931 856 δὲ
977 802 1240 874 νομίσωσι
1278 801 1551 856 συντελεῖν
1592 803 1776 867 αὐτοῖς

194 893 403 965 γυμνόν
427 910 480 946 τι
515 892 676 964 ῥητὸν
705 893 842 964 πρὸς
872 893 971 965 τὴν
1016 894 1151 948 ίδίαν
1180 893 1492 965 ἐγχείρησιν
1519 892 1774 963 ἀποτμη-

195 985 290 1038 θὲν
337 984 437 1054 τῆς
488 984 694 1049 οἰκείας
728 978 1085 1049 ἀκολουθίας,
1134 984 1385 1037 ἕλκουσιν
1435 983 1589 1037 αὐτοὶ
1635 984 1776 1053 πρὸς

194 1077 296 1147 τὴν
329 1076 462 1130 ίδὶαν
493 1076 858 1149 κατασκευὴν,
890 1077 951 1130 οὐ
982 1079 1049 1147 τῇ
1086 1074 1388 1145 δηλουμένη
1423 1074 1631 1145 διανοίᾳ
1656 1073 1778 1126 δου-

196 1168 466 1233 λεύοντες,
522 1168 660 1222 ἀλλά
705 1170 841 1239 πρὸς
886 1167 982 1239 τὴν
1018 1168 1224 1220 οἰκείαν
1263 1166 1622 1236 κακοτεχνίαν
1677 1165 1778 1229 τάς

197 1259 466 1323 συλλαϐὰς
497 1258 825 1330 βιαζόμενοι,
855 1259 1045 1331 ὥσπερ
1077 1258 1320 1313 ποιοῦσιν
1360 1258 1455 1313 ἐπὶ
1498 1256 1615 1321 τοῦ,
1648 1276 1665 1309 ι
1712 1258 1772 1311 ’0

194 1352 371 1420 Λόγος
403 1351 539 1423 σάρξ
562 1353 797 1421 ἐγένετο.
842 1371 861 1404 ι

195 1446 292 1500 sed
324 1446 374 1501 vi
405 1447 643 1526 syllabas
679 1448 745 1503 ad
772 1448 1213 1519 perversissimas
1267 1462 1398 1503 suas
1426 1455 1574 1503 artes
1600 1444 2010 1515 detorquentes,
2041 1445 2183 1516 quod
2213 1446 2374 1501 etiam
2406 1446 2609 1501 faciunt
2647 1447 2701 1500 in
2753 1446 2848 1501 illo
2894 1464 2908 1500 :

196 1538 403 1596 factum
438 1550 523 1598 est
549 1543 615 1599 ⁸⁷.
661 1562 681 1597 ι

945 1663 1041 1719 III.

192 1775 354 1844 Πρὸς
395 1775 536 1841 τοὺς
583 1774 1110 1845 προϐαλλομένους
1154 1778 1463 1840 κακοήθως
1510 1772 1600 1838 τὸ,
1645 1791 1664 1824 ι
1711 1772 1775 1826 '0

610 1847 801 1917 Λόγος
838 1846 995 1915 σὰρξ
1026 1846 1285 1917 ἐγένετο.
1333 1867 1351 1897 ι

265 1956 443 2012 Πολλά
500 1957 599 2030 μὲν
626 1963 740 2023 τοῖς
786 1956 1079 2013 ἐκπεσοῦσι
1106 1958 1207 2030 τῆς
1252 1957 1533 2029 ἀληθείας.
1566 1957 1674 2011 εἴτε
1707 1957 1773 2010 δι’

192 2047 333 2119 ἔριν,
370 2051 480 2104 εῐτε
522 2050 589 2103 δι’
613 2050 855 2120 ἄγνοιαν,
879 2051 1015 2122 πρὸς
1041 2052 1259 2121 ἀπάτην
1300 2051 1677 2121 ὲπινενόηται’
1712 2049 1775 2103 τὸ

191 2139 274 2202 δὲ,
333 2158 354 2192 ι
425 2141 483 2195 '0
532 2142 705 2210 Λόγος
739 2143 956 2211 ἐγένετο
989 2142 1147 2214 σὰρξ,
1206 2162 1226 2195 ι
1278 2144 1566 2215 εἰρημένον
1605 2144 1776 2215 ὑπερ-

193 2232 347 2302 φυῶς
395 2249 456 2286 τε
493 2233 587 2287 καὶ
620 2234 760 2307 ὑπὲρ
795 2235 1037 2298 ἔπαινον,
1089 2234 1400 2301 ἐξελέξαντο
1432 2235 1525 2289 καὶ
1578 2235 1628 2289 οἱ
1666 2237 1775 2291 πά-

191 2324 285 2378 λαι
336 2324 481 2378 κατά
523 2324 623 2390 τὰς
674 2326 914 2396 αἱρέσεις
953 2326 1224 2397 πολέμιοι,
1258 2326 1354 2380 καὶ
1396 2328 1446 2379 οἱ
1484 2324 1578 2380 νῦν
1627 2327 1777 2381 ἀντί-

192 2413 359 2481 δικοι,
407 2413 658 2483 καθάπερ
706 2413 781 2478 ὡς
834 2416 1131 2488 μυστήριον
1185 2414 1418 2483 ἄμαχον,
1473 2413 1550 2477 ὡς
1594 2414 1778 2483 ἐνόμι-

196 2519 330 2568 σαν,
389 2505 520 2575 ἠμῖν
571 2504 914 2573 ἐπετείχισαν
981 2503 1339 2574 κατατρέχειν
1399 2503 1607 2556 ἐκεῖθεν
1680 2501 1776 2556 καὶ

197 2593 414 2665 βάλλειν
445 2595 553 2648 τῶν
596 2594 889 2666 όρθοδόξων
932 2595 1031 2667 τὴν
1066 2595 1322 2665 φάλαγγα
1370 2594 1771 2667 μηχανώμενοι,

195 2683 428 2749 πολλούς
458 2703 518 2738 τε
561 2684 780 2756 δεσμεῖν
811 2688 879 2758 τῇ
926 2685 1098 2756 πλοκῇ
1146 2685 1239 2739 τοῦ
1280 2685 1608 2757 ζητήματος.
1646 2704 1665 2737 ι
1717 2686 1775 2740 Ὀ

195 2777 372 2849 Λόγος
403 2776 540 2849 σὰρξ
594 2777 830 2846 ἐγένετο,
876 2796 895 2828 ι
928 2777 1091 2841 αὐτὸς
1136 2780 1164 2830 ό
1200 2776 1336 2848 σὰρξ
1367 2777 1678 2849 γενόμενος,
1713 2777 1776 2831 τὸ

196 2846 372 2929 fido;
404 2846 639 2933 ἐδέξατο.
671 2867 767 2930 Τίς
815 2868 875 2920 οὐ
925 2868 1137 2937 φρίττει
1317 2869 1426 2921 τῶν
1470 2846 1775 2939 είρημὲνων

195 2958 492 3023 ἅπόνοιαν;
543 2959 616 3011 Τὸ
648 2958 1028 3031 γεγραμμένον
1074 2958 1468 3028 ἀποκόψαντες,
1505 2955 1679 3022 εἷπον,
1713 2959 1775 3013 τὸ

198 3049 280 3122 μὴ
308 3050 363 3104 δὲ
385 3050 767 3122 γεγραμμένον
797 3051 1243 3122 ὲκαινοτόμησαν.
1278 3052 1334 3104 '0
1355 3050 1464 3123 γάρ
1489 3050 1657 3105 εἰπὼν
1687 3050 1768 3118 τὸ,

199 3161 221 3195 ι
257 3143 315 3196 '0
330 3141 503 3209 Λόγος
520 3139 655 3211 σάρξ
681 3141 946 3209 ὲγένετο,ι
969 3141 1273 3212 προσέθηκε
1302 3142 1397 3195 καὶ
1424 3142 1505 3206 τὸ,
1525 3160 1542 3193 ι
1574 3142 1771 3213 Ἐσκή-

193 3250 370 3291 νωσεν
392 3235 451 3285 ὲν
472 3235 603 3304 ἡμῖν
622 3248 636 3263 υ
675 3252 694 3286 ι
720 3232 807 3285 ἴνα
843 3232 1005 3285 διπλᾶ
1037 3233 1315 3303 νοήσωμεν
1345 3231 1549 3295 εὐθέως
1577 3230 1645 3284 τά
1670 3249 1770 3302 ση-

198 3328 524 3400 μαινόμενα,
564 3326 656 3380 τδν
711 3327 904 3395 Λόγον,
946 3326 1045 3396 τὴν
1088 3326 1287 3397 σάρκα,
1322 3325 1385 3378 τὸ
1419 3322 1672 3395 σκηνοῦν,
1710 3322 1771 3377 τὸ

197 3421 568 3493 σκηνούμενον
585 3437 600 3450 θ
620 3420 716 3473 καὶ
733 3421 870 3492 μήτε
886 3420 1118 3490 τροπὴν,
1141 3421 1281 3490 μήτε
1310 3418 1615 3481 ἀλλοίωσιν,
1632 3418 1771 3489 μήτε

192 3531 249 3566 τι
273 3512 483 3566 τοιοῦτο
532 3512 624 3566 ἐπὶ
663 3512 759 3582 τῆς
796 3511 1065 3583 άτρέπτου
1098 3511 1285 3574 οὐσίας
1327 3510 1667 3581 ὲκλάδωμεν.
1701 3510 1771 3564 Ἦ

192 3604 308 3677 γάρ
336 3605 401 3659 ἂν
431 3600 572 3666 εἷπε,
600 3605 871 3674 Σκήνωμα
901 3603 1134 3671 ἐγένετο,
1167 3602 1268 3656 οὒκ
1305 3621 1323 3653 ι
1350 3603 1687 3673 Ἑσκήνωσεν
1714 3602 1771 3655 ὲν

193 3693 549 3766 ἡμῖν,ιεὶ’περ
580 3693 718 3764 αὑτὴ
757 3693 789 3762 ἡ
822 3690 915 3744 τοῦ
949 3692 1123 3760 Λόγου
1145 3690 1304 3760 φύσις
1338 3692 1417 3754 είς
1438 3692 1638 3763 σαρκὸς
1666 3690 1771 3761 φύ-

196 3805 285 3841 σιν
333 3786 585 3858 μετέστη.
629 3785 768 3838 Ἀλλ’
810 3786 911 3856 οὐχ
951 3780 1061 3839 οἷόν
1088 3802 1147 3838 τε
1178 3783 1496 3853 λογίσασθαι
1527 3783 1771 3856 περὶτοῦ

192 3882 442 3951 λέγοντος
464 3898 476 3910 ·
514 3899 533 3932 ι
572 3880 760 3944 Ἴδετε,
801 3880 960 3940 ἴδετε,
988 3881 1071 3933 ὄτι
1109 3877 1221 3947 ἐγώ
1258 3881 1394 3949 εἰμι,
1418 3880 1512 3932 καὶ
1544 3879 1644 3931 οὐκ
1673 3876 1772 3947 ἡλ-

191 3975 449 4044 λοίωμαι.
483 3993 500 4024 ι
529 3973 651 4036 Πῶς
668 3969 760 4027 οὖν
787 3973 881 4026 καὶ⁸
903 3972 1119 4040 ἐγένετο
1140 3971 1297 4044 σάρξ,
1320 3972 1416 4026 καὶ
1429 3973 1529 4025 οὐκ
1549 3970 1774 4041 ἠλλοίω-

190 4082 322 4132 ται;
356 4064 432 4137 τῷ
453 4063 719 4134 ὲνωθῆναι
774 4064 959 4134 σαρκὶ,
1007 4063 1068 4115 ού
1116 4062 1195 4133 τῷ
1232 4062 1656 4135 μεταποιηθῆναι
1691 4064 1771 4126 είς

193 4158 393 4229 σάρκα.
417 4157 508 4209 Διὸ
538 4157 633 4209 καὶ
653 4155 897 4224 λέγεται,
939 4172 958 4205 ι
1004 4153 1348 4228 Ἐφανερὼθη
1378 4154 1561 4224 σαρκὶ,
1617 4171 1637 4205 ι
1672 4154 1772 4207 οὐκ

205 4248 557 4321 Ἐφανερώθη
583 4250 617 4319 ἡ
645 4247 810 4319 σάρξ·
857 4248 973 4311 καὶ,
1008 4265 1030 4299 ι
1075 4246 1394 4316 Σπέρματος
1432 4246 1702 4317 Ἀϐραὰμ,
1742 4263 1763 4297 ι

1804 1665 1851 1723 Β

1799 3010 1840 3066 C

1878 435 1946 490 de
1973 435 2089 490 suis
2123 433 2470 503 dogmatibus
2513 435 2872 503 pronuntiare
2895 435 3108 497 volunt,
3143 449 3172 486 a
3204 432 3456 505 Scriptu-

1876 525 1954 580 ris
1983 525 2119 581 alios
2150 524 2450 591 deterrent,
2482 526 2586 582 hoc
2611 525 2830 596 quidem
2857 526 3108 591 obtentu,
3140 542 3209 581 ne
3248 535 3460 582 temere

1877 616 1944 669 ad
1970 616 2248 671 inaccessa
2285 616 2569 672 videamur
2616 617 2758 671 velle
2801 624 3127 686 penetrare,
3167 632 3229 672 re
3271 628 3453 673 autem

1875 720 2025 771 vera,
2059 722 2128 760 ne
2166 705 2421 761 haeretica
2452 723 2550 762 sua
2587 707 2841 777 dogmata
2872 706 3127 763 falsitatis
3162 724 3227 762 ex
3260 709 3457 769 iisdem

1876 797 2292 854 convincantur.
2341 797 2498 864 Quod
2532 799 2579 854 si
2608 798 2851 862 videant,
2879 800 3064 869 petitis
3097 816 3126 853 e
3171 797 3458 871 Scriptura

1876 889 2435 946 «lemonstralionibus
2483 891 2769 947 stultitiam
2803 906 2958 945 suam
2991 891 3287 961 impediri,
3337 899 3453 946 tum

1879 979 2290 1052 Scripturarum
2338 998 2566 1052 scopum
2616 984 2820 1051 pariter
2871 989 2927 1037 et
2979 982 3238 1052 loquendi
3294 997 3456 1037 usum

1878 1074 2188 1128 invertunt:
2212 1075 2296 1129 sin
2320 1074 2543 1129 verbum
2574 1073 2791 1144 aliquod
2822 1074 3029 1129 nudum
3060 1090 3161 1130 suo
3187 1074 3449 1145 prodesse

1879 1164 2134 1220 instituto
2180 1165 2510 1235 intelligant,
2555 1165 2608 1220 id
2644 1166 2823 1235 ipsum
2858 1181 2889 1219 a
2923 1167 3157 1236 genuina
3191 1166 3458 1221 orationis

1878 1258 2018 1313 serie
2047 1260 2340 1313 rescissum
2383 1258 2448 1312 ad
2481 1259 2729 1328 proprias
2756 1273 2938 1314 causa:
2977 1274 3088 1315 sua:
3113 1260 3459 1314 demonstra-

1875 1349 2053 1404 tiones
2102 1350 2424 1419 pertrahunt
2471 1367 2484 1404 :
2522 1364 2630 1403 non
2679 1358 2804 1419 apto
2851 1349 3035 1405 sensui
3080 1350 3456 1413 attendentes,

2974 1464 2993 1497 ι
3057 1444 3298 1501 Verbum
3326 1459 3457 1500 caro

2612 1646 2702 1701 111.

1878 1764 2139 1820 Adversus
2188 1780 2315 1827 eos,
2363 1762 2455 1831 qui
2496 1761 2722 1833 maligne
2770 1762 2920 1816 nobis
2970 1762 3227 1833 objiciunt
3281 1765 3455 1824 illud:

2207 1869 2226 1902 ι
2284 1848 2508 1905 Verbum
2538 1866 2664 1904 cura
2697 1850 2901 1920 factum
2932 1860 3029 1906 est.
3081 1873 3101 1906 ι

1946 1961 2113 2019 Multa
2145 1961 2213 2017 ab
2246 1962 2314 2016 iis
2341 1961 2483 2030 quia
2504 1962 2753 2026 veritate,
2773 1963 2885 2017 sive
2907 1979 3005 2034 per
3023 1967 3452 2034 contentionem,

1875 2053 1991 2110 sive
2048 2068 2146 2123 per
2203 2053 2568 2124 ignorantiam
2613 2055 2970 2119 exciderunt,
3040 2056 3109 2110 ad
3158 2058 3452 2114 fallendum

1875 2145 2179 2212 excogitata
2230 2151 2402 2200 sunt:
2438 2144 2572 2198 illud
2620 2152 2800 2199 autem
2846 2146 3055 2201 dictum
3088 2150 3235 2219 quod
3284 2165 3452 2222 supra

1874 2244 2086 2291 natura:
2131 2235 2312 2300 ﬁdem,
2345 2250 2447 2290 nec
2473 2236 2606 2291 satis
2649 2236 2980 2293 laudandum
3012 2250 3118 2305 est,
3155 2260 3174 2294 ι
3211 2240 3452 2298 Verbum

1875 2342 2006 2382 caro
2044 2326 2250 2382 factum
2285 2335 2391 2391 est,
2433 2347 2452 2379 ι
2494 2334 2549 2383 et
2587 2336 2798 2385 veteres
2842 2330 3109 2386 haeresum
3143 2350 3455 2405 propugna-

1874 2421 2024 2470 tores
2051 2415 2389 2485 selegerunt,
2429 2426 2482 2469 et
2515 2417 2691 2471 nostri
2723 2417 2883 2474 hodie
2928 2422 3303 2491 antagonistaa,
3332 2434 3452 2479 tan.

1875 2520 2037 2576 quam
2070 2506 2506 2575 inexpugnabile,
2552 2516 2611 2562 ut
2642 2508 2746 2579 ipsi
2792 2511 3012 2594 quidem
3060 2523 3275 2583 putant,
3316 2532 3443 2585 pro-

1875 2597 2241 2668 pugnaculum
2272 2599 2432 2654 nubis
2460 2598 2815 2668 obiecerunt:
2848 2602 2951 2657 huc
2984 2606 3193 2659 scilicet
3212 2610 3454 2663 molien-

1875 2696 1982 2752 tes,
2009 2698 2068 2742 ut
2099 2687 2225 2743 inde
2255 2689 2309 2743 in
2334 2690 2669 2746 orthodoxos
2698 2692 2998 2761 incurrere,
3032 2712 3221 2752 omnes
3254 2714 3446 2753 eorum

1876 2780 2115 2850 impetus
2155 2782 2511 2851 propulsare,
2564 2791 2618 2838 et
2666 2784 2986 2853 quaestionis
3027 2787 3191 2858 hujus
3240 2790 3454 2861 laqueis

1875 2874 2078 2930 multos
2123 2872 2338 2929 irretire
2388 2875 2617 2944 possint.
2654 2874 2813 2939 Nam,
2864 2895 2884 2928 ι
2924 2876 3161 2935 Verbum
3202 2898 3331 2936 caro
3372 2884 3453 2938 fa-

1876 2971 2028 3017 ctum
2058 2972 2164 3028 est,
2206 2984 2227 3017 ι
2259 2964 2710 3036 interpretantur,
2731 2966 2967 3023 Verbmn
2998 2971 3053 3025 in
3086 2987 3306 3029 carnem
3326 2992 3454 3030 con-
3534 3014 3544 3022 ς

1873 3071 2091 3112 versum
2139 3058 2382 3128 suscepit
2436 3059 2768 3129 passionem.
2817 3059 2952 3126 Quis
2984 3079 3093 3119 non
3138 3066 3298 3120 istam
3330 3084 3455 3125 ver-

1872 3148 2065 3205 borum
2092 3149 2313 3206 horreat
2332 3152 2608 3206 vesaniam
2626 3153 2649 3206 ?
2666 3152 2796 3218 Quae
2820 3154 3023 3225 scripta
3046 3165 3282 3229 suntqea
3304 3175 3452 3217 rese-

1872 3249 2022 3302 cant,
2048 3256 2170 3311 qua:
2199 3256 2330 3297 vero
2352 3242 2553 3313 scripta
2580 3258 2687 3299 non
2723 3255 2871 3308 sunt,
2904 3248 3263 3304 innovaruut.
3302 3248 3447 3307 Idem

1870 3328 2035 3401 495
2073 3333 2217 3387 enim
2250 3334 2344 3403 qui
2374 3333 2510 3387 dixit
2540 3349 2554 3385 :
2594 3352 2613 3385 ι
2647 3334 2881 3389 Verbum
2911 3350 3040 3391 caro
3078 3338 3275 3393 factum
3291 3352 3394 3406 est,
3424 3362 3443 3394 ι

1874 3421 2159 3491 subjunxit
2189 3434 2244 3478 et
2272 3424 2426 3488 illud,
2461 3443 2479 3476 ι
2525 3424 2801 3480 Habitavit
2830 3427 2883 3481 in
2910 3429 3089 3493 nobis,
3133 3448 3155 3483 ι
3184 3438 3242 3491 ut
3267 3433 3450 3502 dupli-

1872 3507 1958 3563 cia
1985 3511 2167 3565 statim
2206 3526 2567 3581 agnoscamus
2600 3515 2927 3585 signilicata,
2969 3516 3207 3574 Verbum
3244 3516 3450 3578 ct‘car-

1873 3615 2034 3657 nem:
2066 3601 2199 3656 illud
2228 3605 2371 3673 quod
2395 3605 2625 3670 habitat,
2655 3615 2709 3661 et
2741 3607 2874 3660 illml
2904 3608 2958 3662 in
2991 3624 3100 3678 quo
3141 3611 3446 3681 habitatur,

1872 3699 1928 3746 et
1957 3692 2282 3748 immutabili
2331 3696 2658 3753 substantias.
2696 3714 2797 3753 nec
2825 3701 3204 3766 mutationem,
3241 3720 3342 3759 nec
3365 3703 3453 3759 al:

1872 3785 2218 3847 terationem,
2270 3801 2372 3841 nec
2419 3789 2595 3844 simile
2638 3790 2768 3858 quid
2819 3791 3181 3861 assignemus.
3231 3794 3447 3867 Alioqui

1872 3875 2017 3929 enim
2052 3875 2302 3935 dixisset.
2322 3876 2702 3934 llahitaculnm
2733 3881 2933 3935 factum
2950 3892 3055 3946 est,
3086 3900 3195 3939 nun
3229 3904 3248 3936 ι
3281 3888 3443 3942 ﬂabi-

1874 3971 2007 4023 tavit
2035 3970 2086 4022 in
2109 3971 2270 4026 nobis
2298 3991 2311 4025 :
2346 3991 2364 4024 ι
2390 3973 2657 4042 siquidem
2689 3982 2883 4029 natura
2920 3975 3083 4032 Verbi
3108 3979 3161 4031 in
3195 3989 3445 4035 naturam

1872 4063 2055 4116 carnis
2088 4061 2279 4117 fuisset
2310 4070 2535 4118 mutata.
2580 4065 2644 4121 At
2669 4068 3022 4124 mutationem
3072 4071 3307 4140 aliquam
3363 4072 3447 4128 fa-

1872 4161 2014 4209 ctam
2046 4157 2241 4210 essein
2272 4170 2338 4210 eo
2371 4156 2462 4227 qui
2495 4156 2649 4222 dicit,
2685 4178 2703 4210 ι
2752 4158 2960 4224 Videte,
2988 4162 3328 4234 videte,quia
3346 4181 3448 4237 ego

1873 4261 2016 4311 sum,
2056 4256 2238 4303 etnon
2272 4260 2451 4302 mutor
2483 4249 2553 4314 “,
2595 4271 2614 4303 ι
2648 4254 2817 4309 nullis
2861 4256 3115 4325 colligere
3145 4258 3449 4313 rationibus

192 4343 383 4415 φησὶν,
420 4362 438 4395 ι
457 4340 753 4395 ἐπελάϐετο
771 4358 784 4370 ·
813 4359 831 4391 ι
853 4341 912 4393 οὐ
943 4339 1169 4410 Σπέρμα
1198 4337 1448 4409 Ἀϐραὰμ
1475 4336 1765 4391 ἀλλοιωθὲν

1875 4354 2187 4410 possumus.
2230 4337 2513 4406 Quomodo
2557 4342 2722 4412 igitur
2761 4361 2891 4399 caro
2946 4345 3158 4412 factus,
3203 4357 3447 4404 mutatus

189 4435 441 4503 ὲγένετο’
491 4432 608 4496 καὶ,
632 4450 650 4481 ι
674 4431 819 4485 Ναὸν
846 4431 969 4501 ἔσχε
1003 4430 1063 4483 τὸ
1098 4428 1276 4499 σῶμα,
1306 4449 1324 4482 ι
1369 4429 1469 4481 οὐκ
1514 4429 1606 4491 Εἰς
1640 4432 1765 4481 ναὸν

1875 4439 2053 4487 autem
2072 4445 2179 4485 non
2201 4442 2284 4487 est
2300 4432 2498 4488 ?C.irni
2518 4436 2657 4489 uniri
2678 4452 2783 4491 non
2798 4446 2880 4493 est
2898 4438 2949 4492 in
2969 4454 3186 4494 carnem
3209 4456 3449 4495 commu-

192 4525 629 4599 μεταϐέϐληταν
681 4524 796 4587 καὶ,
827 4522 927 4575 «Ὀ
967 4524 1024 4575 ἐν
1075 4522 1259 4592 μορφῇ
1313 4517 1451 4573 Θεοῦ
1501 4519 1766 4591 ὑπάρχων

1875 4528 2000 4581 tari.
2020 4526 2150 4595 Quae
2162 4533 2216 4580 et
2235 4542 2399 4581 causa
2416 4536 2499 4584 est
2523 4546 2622 4583 cur
2649 4530 2881 4596 dicatur,
2923 4550 2941 4581 ι
2964 4531 3341 4588 Mauifcstatus
3364 4542 3448 4589 est

194 4619 412 4692 μορφὴν
430 4617 616 4672 δούλου
633 4608 843 4681 ἔλαϐεν,
874 4614 961 4668 »οὐ
988 4614 1186 4685 Μορφὴ
1223 4612 1408 4666 δούλου
1426 4610 1664 4680 γέγονεν.
1706 4611 1769 4664 El

1876 4619 1933 4672 in
1964 4635 2129 4675 carne
2157 4621 2226 4686 θ’,
2253 4640 2272 4673 ι
2292 4637 2399 4676 non
2420 4620 2760 4677 Manifestata
2777 4631 2860 4677 est
2892 4638 3042 4679 caro.
3085 4623 3166 4686 Et,
3190 4642 3209 4675 ι
3250 4622 3448 4680 Semen

188 4713 251 4767 δέ
270 4729 355 4776 τις
382 4709 700 4782 φιλονεικῶν
720 4710 781 4763 οὐ
816 4707 1136 4779 βούλεταιτὸ
1169 4705 1245 4776 τῷ
1264 4703 1381 4775 Θεῷ
1406 4705 1616 4777 πρέπον
1645 4720 1772 4757 σκο-

1875 4709 2107 4765 Abrahae
2132 4713 2449 4781 assumpsit,
2474 4731 2494 4764 ι
2533 4712 2709 4782 inquit
2739 4712 3034 4782 Apostolus
3057 4716 3102 4747 ⁵ο
3128 4733 3142 4769 :
3176 4730 3308 4779 non,
3345 4712 3447 4770 Se-

191 4809 339 4870 πεῖν,
370 4804 506 4858 ἀλλά
543 4801 814 4857 δουλεύειν
854 4802 972 4865 ταῖς
1032 4798 1324 4862 συλλαϐαῖς
1357 4796 1494 4851 ’ἄνευ
1532 4796 1769 4859 διανοίας

189 4896 470 4959 εὐσεϐοῦς,
530 4894 749 4950 ἀπαντά
776 4910 837 4946 τε
889 4893 1143 4947 ἀπαιτεῖν
1169 4889 1239 4944 τά
1270 4889 1344 4961 μὴ
1367 4888 1553 4942 δέοντα
1569 4903 1582 4918 ·
1609 4903 1771 4956 γινω-

192 4990 373 5045 σκέτω
394 4987 702 5059 σοφώτερον
733 4985 923 5041 ἑαυτὸν
937 4985 1035 5056 τῆς
1050 4984 1269 5055 χάριτος
1294 4981 1388 5035 τοῦ
1409 4980 1563 5049 ἁγίου
1597 4969 1796 5033 Πνεύσ²

189 5096 367 5153 ματος
396 5079 732 5148 ἀποφαίνων,
760 5078 855 5131 καὶ
888 5077 963 5148 μὴ
1005 5076 1290 5146 δεχόμενος
1310 5073 1409 5145 τὴν
1437 5070 1648 5125 ἐκεῖθεν
1690 5086 1769 5122 νο-

194 5174 473 5249 μοθεσίαν,
501 5172 602 5245 τὴν
637 5172 727 5226 διά
780 5170 992 5225 πολλῶν
1033 5168 1227 5239 φωνῶν
1252 5165 1432 5237 ιερῶν,
1470 5165 1546 5229 ὡς
1579 5163 1768 5236 προεί-

191 5284 378 5343 ρηται,
424 5266 798 5337 σαφηνίσασαν
836 5265 967 5336 ἡμῖν
995 5260 1088 5317 τοῦ
1122 5257 1286 5334 ῥητοῦ
1324 5258 1423 5329 τὴν
1446 5257 1695 5328 δύναμιν,
1733 5256 1767 5328 ἢ

186 5362 258 5416 oi;
282 5360 406 5431 δίχα
431 5360 748 5431 τολμήσεως
783 5358 877 5411 καὶ
912 5354 1091 5427 μάχην
1130 5350 1442 5419 ἐπεισάγειν
1472 5351 1584 5412 τοῖς
1606 5347 1772 5411 θείοις

186 5453 390 5523 λόγοις,
422 5454 517 5509 καὶ
542 5448 650 5506 τῶν
679 5449 848 5520 ἁγίων
887 5448 1193 5519 δογμάτων,
1216 5444 1293 5508 ὡς
1320 5442 1576 5497 ἐναντίων
1611 5439 1774 5510 ἀλλή-

185 5547 326 5610 λοις,
354 5542 830 5615 καταψηφίζεσθαι
853 5558 868 5574 ο
890 5540 1049 5612 εἴπερ
1076 5537 1318 5593 ἐναντίον
1339 5534 1420 5599 τὸ,
1456 5553 1477 5585 ι
1524 5532 1772 5602 Ἐγένετο

1870 4816 1997 4856 men
2027 4801 2258 4857 Abrahae
2286 4803 2606 4858 immutatus
2640 4803 2817 4859 factus
2841 4813 2944 4860 est.
2978 4804 3065 4867 Et,
3103 4823 3123 4856 ι
3161 4805 3469 4876 Τοιιιρευιιια

1870 4894 2061 4949 habuit
2103 4910 2326 4964 corpus,
2358 4914 2377 4947 ι
2415 4910 2552 4959 non,
2589 4894 2645 4949 In
2678 4896 2937 4965 templum
2991 4910 3291 4951 conversus
3337 4903 3443 4951 est.

1870 4981 1959 5045 Et,
1991 5000 2010 5033 ι
2041 4981 2178 5038 Cum
2204 4984 2258 5038 in
2287 4985 2462 5039 forma
2492 4982 2584 5039 Dei
2605 4989 2773 5047 esset,
2798 4983 3026 5038 formam
3057 4985 3200 5039 servi
3228 5000 3447 5039 assum-

1871 5074 1981 5145 psit
2001 5074 2071 5137 ",
2093 5093 2113 5127 ι
2134 5090 2266 5139 non,
2294 5072 2486 5130 Forma
2534 5075 2677 5131 servi
2713 5073 2890 5128 factus
2924 5083 3027 5130 est.
3071 5072 3227 5139 Quod
3249 5074 3295 5128 si
3321 5074 3448 5144 quis

1869 5165 2270 5229 contentiosus,
2303 5164 2439 5219 nolit
2459 5180 2579 5235 qua:
2609 5164 2777 5219 Deum
2812 5164 3284 5232 derentcogitare,
3319 5163 3442 5228 sed.

1870 5257 1961 5327 pia
1995 5256 2201 5327 rejecta
2225 5263 2432 5321 mente,
2450 5256 2680 5327 syllabis
2708 5255 2997 5317 inservire,
3030 5256 3321 5324 omniaque
3344 5271 3445 5326 pe.

1869 5358 1986 5406 tere
2016 5364 2138 5420 quae
2167 5347 2396 5417 petenda
2423 5347 2647 5402 minime
2674 5354 2891 5416 oportet
2924 5364 2937 5400 :
2963 5346 3176 5401 noverit
3203 5346 3313 5409 ille,
3358 5361 3440 5410 se,

1872 5448 1968 5494 aut
2003 5439 2176 5495 multo
2224 5438 2610 5509 sapientiorem
2646 5452 2790 5502 esse,
2824 5424 2932 5492 suo
2949 5434 3176 5505 judicio,
3203 5433 3444 5505 Spiritus

1873 5532 2052 5587 sancti
2105 5531 2302 5602 gratia,
2343 5543 2447 5585 nec
2491 5527 2777 5584 admittere
2799 5526 3100 5597 profectam
3149 5527 3276 5582 inde
3303 5516 3443 5599 legis

266 5702 308 5733 "
346 5697 503 5755 Joan.
542 5715 594 5764 ι,
633 5697 721 5755 14.
799 5695 843 5729 ⁵⁸
879 5693 1016 5749 Mala
1051 5693 1106 5749 h.
1144 5707 1238 5760 ιιι,
1274 5691 1328 5746 6.
1404 5689 1448 5721 δ’
1489 5686 1508 5740 ι
1543 5685 1687 5742 Tim.
1728 5701 1773 5741 ll.

1875 5686 1949 5742 l6.
2027 5686 2071 5718 '°
2113 5683 2278 5741 Hebr.
2317 5701 2390 5752 ιι,
2429 5683 2516 5743 16.
2592 5683 2634 5716 ⁸⁹
2674 5680 2908 5753 Philipp.
2947 5697 3025 5750 ιι,
3062 5680 3130 5748 6,
3170 5683 3222 5737 7.
