3842 6186
414 235 553 295 i547
1575 235 1632 292 S.
1674 230 2138 289 ATHANASIUS.
2180 261 2248 272 —
2291 228 2517 286 DUBIA.
3586 220 3719 282 1568

413 350 776 417 sanctionem,
827 363 949 420 qum
985 354 1068 403 tot
1101 348 1298 415 sacris,
1341 364 1462 420 quae
1499 351 1663 422 paulo
1689 357 1815 404 ante
1844 363 1994 402 com-

2111 343 2259 414 σὰρξ,
2300 363 2318 395 ι
2370 343 2465 397 τοῦ
2528 342 2761 414 Μορφὴν
2787 341 2976 396 δούλου
3035 341 3240 396 λαϐεῖν.
3305 341 3445 396 Ἀλλ’
3508 339 3723 410 ἄπαγε,
3798 300 3811 395 ί

414 450 731 499 memorata:
787 448 939 503 sunt,
967 442 1216 507 vocibus,
1246 443 1399 497 verbi
1439 443 1602 498 nobis
1639 443 1750 496 vim
1785 439 1994 511 liquido

2111 435 2329 489 5είλαιε’
2354 433 2477 488 οὗτε
2511 435 2573 489 τὸ
2607 434 2751 487 θεῖον
2803 435 3085 506 τρέπεται,
3118 432 3243 488 οὔτε
3274 435 3310 505 ή
3345 434 3487 501 ἁγία
3522 432 3720 506 Γραφὴ

413 534 688 605 explanat,
715 542 809 588 aut
853 534 1114 589 audacter
1155 535 1357 589 bellum
1398 536 1571 589 sacris
1594 530 1840 589 oraculis
1871 548 1994 586 mo-

414 641 565 689 vere,
627 634 682 681 et
730 624 982 696 dogmata
1033 632 1242 690 sancta,
1276 633 1335 680 ut
1366 626 1471 680 sibi
1524 626 1659 694 ipsis
1710 623 1993 695 opposita,

417 716 789 772 condemnare
821 735 835 771 :
863 717 916 771 si
950 715 1113 770 modo
1144 715 1291 769 dicta
1324 716 1431 770 ista
1456 717 1598 769 inter
1619 729 1678 769 se
1711 718 1992 784 pugnant:

392 818 444 860 ’t
483 808 626 864 Caro
653 807 857 862 factum
906 815 1011 872 est,
1073 826 1093 859 ι
1122 814 1196 870 ει,
1244 825 1263 859 ι
1303 805 1555 860 Formam
1591 805 1735 859 servi
1778 818 1995 858 assum-

416 901 548 970 psit.
572 920 590 952 ι
613 898 718 954 Sed
745 915 915 969 apage
940 914 1197 969 perverse
1229 899 1411 953 homo.
1433 897 1543 952 Nec
1582 897 1729 951 enim
1755 902 1999 950 mutatur

418 990 700 1050 divin-itas.
731 1007 831 1045 nec
861 1006 1046 1046 secum
1106 999 1311 1061 pugnat
1340 988 1622 1060 Scriptura
1665 1002 1842 1041 sacra.
1876 985 2001 1039 llaec

416 1085 566 1140 enim
623 1082 854 1137 auditori
915 1082 1166 1136 veritatis
1211 1082 1410 1151 cupido
1439 1081 1789 1149 semetipsam
1834 1079 2003 1131 inter-

418 1182 671 1246 pretatur
704 1189 717 1225 :
755 1180 905 1227 recte
950 1172 1177 1242 intelligi
1221 1171 1377 1226 facile
1410 1180 1610 1241 potest,
1644 1170 1859 1238 sibique
1894 1167 1999 1236 ipsi

419 1266 717 1322 consentit.
754 1262 907 1317 Hanc
930 1264 1115 1332 itaque
1144 1264 1287 1333 piam
1332 1263 1680 1321 sententiam,
1707 1261 1873 1315 divini
1901 1275 2003 1313 no-

419 1359 508 1414 bis
561 1359 685 1412 libri
736 1357 1104 1411 tradiderunt.
1137 1355 1253 1410 Vox
1315 1364 1494 1410 autem
1534 1374 1550 1404 ι
1586 1353 1812 1408 Factum
1836 1361 1942 1414 est,
1979 1371 1998 1404 ι

421 1449 546 1504 ideo
576 1449 775 1517 scripta
797 1456 917 1510 est,
951 1463 1059 1501 non
1096 1457 1153 1500 ut
1175 1446 1339 1500 Verbi
1378 1446 1548 1500 divini
1584 1445 2000 1500 conversionem

422 1541 813 1610 cogitaremus,
878 1538 972 1594 sed
1005 1546 1063 1591 ut
1099 1553 1367 1593 summam
1391 1540 1471 1593 sic
1505 1537 1762 1591 unionem
1802 1550 2005 1604 cogno—

422 1649 703 1698 sceremus
728 1673 743 1696 ,
771 1632 1211 1701 quandoquidem
1242 1639 1297 1685 et
1326 1638 1608 1701 peccatum
1639 1646 1747 1684 non
1782 1629 2003 1698 quidem

2104 528 2239 599 πρὸς
2263 526 2462 597 ἑαυτὴν
2487 526 2833 597 διαμάχεται,
2856 527 3235 599 έρμηνεύουσα
3255 530 3373 591 τοῖς
3394 528 3719 599 φιλαλήθως

2103 618 2393 672 ἀκούουσιν
2417 634 2433 648 °
2476 617 2882 690 εὐπαράδεκτός
2932 620 3080 673 ἐστιν
3108 619 3205 689 ὅλη
3249 620 3345 673 καὶ
3391 620 3714 690 σύμφωνος.

2105 709 2216 779 Τὴν
2252 709 2352 779 μὲν
2402 704 2498 761 οὖν
2530 707 2729 779 εὐσεϐῆ
2775 709 3015 763 διάνοιαν
3036 709 3240 781 ταύτην
3265 712 3404 781 ἡμῖν
3449 711 3514 762 αί
3575 709 3716 762 θεῖαι

2105 800 2291 853 Βίϐλοι
2325 799 2681 871 παραδιδόασι
2702 816 2714 828 ·
2749 800 2811 853 τὸ
2834 800 2912 865 δὲ,
2942 819 2964 851 ι
3009 800 3276 871 Ἐγένετο,
3315 821 3334 852 ι
3366 803 3711 873 γέγραπται,

2105 893 2203 962 οὐχ
2237 892 2325 945 ἵνα
2353 890 2448 944 τοῦ
2480 889 2616 944 Θεοῦ
2676 891 2852 959 Λόγου
2892 891 3110 964 ,τροπὴν
3162 892 3542 963 ἐννοήσωμεν,
3595 893 3712 945 ἀλλ.

2108 983 2195 1037 ῖνα
2226 982 2326 1053 τὴν
2381 983 2559 1051 ἄκραν
2612 982 2806 1036 ἕνωσιν
2865 981 3009 1035 οὕτω
3068 985 3541 1055 κατανοήσωμεν·
3595 987 3712 1038 ἐπεὶ

2106 1076 2384 1147 ἁμαρτίαν
2412 1076 2475 1128 οὐ
2505 1074 2721 1144 λέγεται
2755 1074 3138 1145 πεποιηκέναι,
3174 1075 3311 1129 ἀλλὰ
3343 1076 3706 1146 πεποιῆσθαι·

2113 1185 2133 1219 ι
2161 1168 2265 1220 Τὸν
2296 1166 2406 1239 γὰρ
2467 1169 2541 1238 μὴ
2595 1168 2826 1235 γνόντα,
2860 1185 2879 1218 ι
2917 1168 3103 1239 φησιν,
3161 1186 3180 1219 t
3219 1169 3526 1240 ἁμαρτίαν,
3573 1171 3711 1240 ὑπὲρ

2107 1259 2266 1330 ἡμῶν
2313 1259 2587 1332 ἁμαρτίαν
2626 1259 2982 1329 ὲποίησεν,,ι
3014 1262 3075 1313 οὐ
3132 1260 3211 1331 τῷ
3271 1261 3711 1333 parumthth

2108 1352 2199 1403 τὸν
2246 1351 2419 1419 Λόγον
2458 1353 2539 1414 είς
2592 1350 2867 1423 ἁμαρτίας
2925 1351 3230 1422 ἐνέργημα,
3273 1353 3308 1426 ἦ
3346 1354 3711 1424 πεποιηκέναι

2111 1445 2386 1515 ἁμαρτίαν
2411 1463 2422 1474 ·
2473 1443 2607 1497 ἀλλὰ
2634 1442 2710 1512 τῷ
2744 1442 2930 1495 λαϐεῖν
2960 1444 3060 1514 τὴν
3100 1443 3379 1515 ἡμετέραν
3408 1444 3710 1515 ἁμαρτίαν,

2110 1543 2205 1595 καὶ
2249 1538 2511 1608 ἀφανίσαι
2556 1539 2750 1608 αὐτὴν,
2779 1536 2922 1590 κατὰ
2942 1536 3003 1589 τὸ
3027 1537 3418 1607 γεγραμμένον
3441 1555 3457 1568 ο
3492 1556 3513 1588 r
3543 1536 3714 1601 Αὐτὸς

2110 1633 2211 1696 τὰς
2257 1631 2533 1701 ἁμαρτίας
2582 1628 2742 1700 ἡμῶν
2789 1630 2957 1700 αἴρει.
3006 1648 3026 1681 ›
3060 1630 3273 1701 Ὠσπερ
3333 1626 3431 1683 οὖν
3467 1629 3716 1702 ἁμαρτία

422 1725 642 1789 fecisse,
674 1724 768 1778 sed
797 1724 977 1779 factus
1007 1723 1178 1778 fuisse
1205 1724 1449 1778 dicitur:
1485 1742 1503 1773 ι
1542 1722 1677 1777 Eum
1711 1726 1879 1792 enim,
1912 1724 2004 1795 qui

2112 1724 2405 1794 πεποίηται
2432 1721 2527 1775 καὶ
2553 1720 2770 1792 κατάρα
2800 1721 3122 1801 γέγονεν,ού
3149 1721 3228 1792 τῷ
3252 1726 3708 1794 μετατραπῆναι·

423 1832 534 1871 non
592 1817 744 1869 novit
779 1825 1087 1885 peccatum,
1128 1833 1147 1865 ι
1187 1815 1262 1866 ait
1297 1812 1609 1883 Scriptura,
1642 1833 1660 1865 ι
1703 1830 1804 1885 pro
1847 1814 2007 1869 nobis

422 1914 706 1977 peccatum
746 1904 874 1959 fecit
901 1907 982 1971 δίς
1024 1924 1041 1956 i
1081 1919 1189 1958 non
1215 1904 1360 1973 quod
1399 1904 1637 1958 Verbum
1669 1908 1753 1959 vel
1786 1905 1841 1958 in
1879 1919 2008 1974 pec-

422 1998 531 2053 cati
580 1998 953 2068 operationem
999 1995 1165 2050 fuerit
1213 1995 1676 2059 conversum,vel
1720 2004 2006 2066 peccatum

424 2088 651 2154 fecerit,
685 2090 777 2143 sed
811 2089 956 2158 qttod
986 2099 1172 2141 nostra
1196 2095 1417 2157 peccata
1435 2087 1752 2157 sumpserit,
1783 2087 2007 2141 eadem-

424 2198 534 2254 que
584 2182 868 2236 sustulerit
895 2200 908 2234 :
938 2181 1094 2248 juxta
1152 2179 1285 2233 illud
1316 2198 1328 2232 :
1363 2198 1382 2230 ι
1418 2179 1539 2250 ipse
1598 2179 1744 2233 enim
1779 2184 2004 2248 peccata

424 2282 613 2328 nostra
646 2273 787 2326 tollit
810 2271 878 2327 ⁸³.
910 2290 929 2324 ι
952 2270 1422 2338 Quemadmodum
1456 2271 1623 2341 igitur
1646 2280 1928 2340 peccaturo
1952 2277 2006 2324 et

424 2367 777 2422 maledictum
837 2363 1015 2418 factus
1068 2372 1175 2428 est,
1230 2363 1351 2418 sine
1396 2371 1579 2416 tamen
1610 2360 2001 2416 conversione:

424 2459 502 2513 ita
537 2466 593 2513 et
621 2473 751 2511 caro
781 2456 958 2511 factus
982 2464 1086 2520 est,
1127 2471 1237 2509 non
1286 2454 1343 2508 in
1395 2469 1618 2507 carnem
1679 2468 2001 2514 conversus,

426 2550 525 2607 sed
561 2550 640 2603 illi
686 2549 891 2603 unitus.
926 2548 1101 2616 Atque
1143 2547 1272 2599 hinc
1301 2552 1385 2600 est
1415 2545 1559 2615 quod
1590 2544 1755 2598 homo
1788 2557 2007 2613 quoque

425 2657 522 2713 per
547 2642 705 2697 [idem
755 2653 807 2695 et
832 2641 1063 2712 gratiam
1097 2638 1207 2692 Deo
1234 2639 1674 2709 conglutinatus,
1707 2654 1852 2694 unus
1891 2637 2007 2709 spi-

426 2734 568 2789 ritus
614 2733 847 2788 dicatur.
898 2750 918 2782 ι
951 2732 1054 2798 Qui
1104 2731 1344 2786 adhaeret
1400 2730 1661 2798 Domino,
1710 2731 1806 2795 ait,
1862 2745 2007 2785 unus

426 2827 655 2896 spiritus
687 2833 770 2881 est
805 2827 888 2880 “z
921 2844 939 2877 ι
960 2841 1067 2880 non
1090 2823 1237 2896 quod
1269 2826 1430 2880 homo
1476 2825 1531 2879 in
1573 2824 1793 2879 deitatis
1841 2832 2005 2878 natu-

425 2926 545 2973 ram
571 2934 872 2975 conversus
903 2920 996 2985 sit,
1048 2917 1145 2974 sed
1175 2917 1323 2988 quod
1368 2917 1644 2987 ejusmodi
1686 2915 2006 2985 c'onjunctio

428 3011 762 3080 spiritualem
835 3011 1156 3082 dignitatem
1231 3010 1335 3080 ipsi
1406 3011 1630 3064 tribuat.
1717 3007 2003 3064 Consimili

2112 1816 2255 1869 οὕτω
2285 1815 2381 1868 καὶ
2417 1813 2553 1884 σὰρξ
2574 1814 2810 1882 ἐγένετο,
2845 1813 2945 1865 οὐκ
2969 1814 3052 1875 είς
3083 1812 3291 1883 ταύτην
3324 1813 3710 1883 μεταϐληθεὶς,

2111 1905 2284 1976 ταύτῃ
2311 1905 2368 1957 δὲ
2397 1904 2643 1968 ένωθείς.
2692 1902 2972 1957 Ἐντεῦθεν
3004 1904 3100 1957 καὶ
3130 1904 3443 1975 ἄνθρωπος,
3483 1905 3609 1977 Θεῷ
3633 1906 3716 1959 διὰ

2114 1998 2348 2060 πίστεως
2380 1995 2663 2067 κολληθεὶς
2690 1997 2784 2050 καὶ
2820 1996 3062 2068 χάριτος,
3092 1995 3152 2049 ἒν
3198 1996 3424 2065 λέγεται
3459 2000 3712 2070 πνεῦμα·

2119 2105 2139 2137 ι
2186 2088 2244 2142 '0
2299 2086 2637 2157 κολλώμενος
2670 2086 2748 2158 τῷ
2803 2088 3017 2159 Κυρίῳ,
3051 2107 3070 2140 ι
3107 2087 3351 2159 φησίν,ι
3395 2088 3457 2142 ἓν
3500 2090 3720 2162 πνεῦμά

2114 2182 2281 2233 ἐστιν·
2331 2197 2350 2230 ι
2386 2179 2483 2249 οὐχ
2510 2178 2585 2242 ὡς
2616 2179 2711 2232 τοῦ
2739 2178 3028 2252 ἀνθρώπου
3068 2182 3149 2244 είς
3192 2181 3293 2252 τὴν
3330 2182 3433 2252 τῆς
3461 2182 3719 2256 θεότητος

2115 2271 2280 2340 φύσιν
2340 2270 2815 2341 μεταϐαλλομένου
2836 2287 2849 2299 ·
2888 2271 3004 2324 ἀλλ’
3032 2272 3108 2336 ὡς
3139 2274 3239 2343 τῆς
3270 2273 3539 2345 τοιαύτης
3600 2293 3721 2328 συν-

2116 2364 2314 2431 αφείας
2329 2363 2426 2435 τὴν
2460 2362 2834 2433 πνευματικὴν
2851 2362 3008 2428 ἀξίαν
3027 2363 3175 2434 αὑτῷ
3202 2365 3590 2437 δωρουμένης.
3621 2368 3720 2419 Τὸν

2112 2455 2274 2507 αὑτὸν
2298 2454 2357 2507 δὲ
2420 2455 2625 2524 τρόπον
2683 2455 2777 2509 καὶ
2823 2456 2851 2508 ό
2881 2455 3074 2525 Λόγος,
3128 2457 3230 2510 οὐκ
3268 2457 3348 2521 είς
3386 2459 3603 2530 σαρκὸς
3636 2477 3723 2530 με-

2110 2548 2276 2617 τέστη
2310 2545 2493 2617 φύσιν,
2530 2546 2645 2601 ἀλλ’
2685 2547 2907 2613 ἑνωθεὶς
2954 2550 3141 2618 σαρκὶ,
3195 2549 3334 2620 σάρξ
3365 2551 3601 2619 λέγεται
3635 2569 3723 2620 γε·

2110 2638 2328 2708 γονέναι
2347 2656 2361 2669 ·
2386 2639 2566 2703 καθὼς
2590 2640 2684 2693 καὶ
2702 2641 2990 2711 ἄνθρωπος
3021 2640 3306 2711 κολληθεὶς
3340 2641 3464 2713 Θεῷ
3501 2642 3720 2713 πνεῦμα

2109 2732 2327 2801 λέγεται
2357 2729 2519 2797 εἶναι,
2562 2733 2637 2806 μὴ
2670 2732 2769 2804 τὴν
2804 2733 3013 2786 οἰκείαν
3037 2734 3226 2786 οὐσίαν
3260 2733 3590 2799 ἀποϐαλὼν,

2111 2823 2398 2877 κοινωνίαν
2427 2824 2485 2877 δὲ
2529 2821 2874 2894 προσλαϐών.
2915 2821 3076 2875 Ἀλλά
3116 2823 3168 2874 τί
3195 2823 3255 2875 τὸ
3287 2823 3454 2891 σοφὸν
3491 2824 3607 2880 τῶν
3633 2825 3717 2879 ἁν-

2110 2912 2467 2981 τιλεγόντων;
2508 2913 2761 2983 Ἕμεινεν
2808 2910 2837 2963 ὃ
2862 2906 2931 2982 ἦν
2952 2928 2966 2942 ·
3003 2910 3223 2980 ἐγένετο
3243 2910 3271 2965 ὃ
3304 2912 3408 2964 οὐκ
3454 2908 3531 2985 ἦν
3551 2930 3566 2943 ·
3606 2916 3715 2984 έμε-

2114 3005 2273 3078 ρίσθη
2309 3008 2342 3076 ἡ
2377 3004 2674 3077 ἀμέριστος
2699 3004 2881 3075 φύσις,
2913 3005 3009 3057 καὶ
3059 3003 3119 3058 τὺ
3153 3005 3252 3076 μὲν
3296 3005 3471 3076 αὐτῆς
3515 3005 3718 3078 ἔμεινε,

425 3103 612 3167 modo,
675 3120 694 3153 ι
748 3100 988 3157 Verbum
1040 3118 1171 3157 caro
1225 3102 1429 3157 factum
1472 3122 1491 3155 ι
1526 3102 1751 3167 dicitur,
1794 3118 1902 3156 non
1955 3101 2004 3155 in

2112 3100 2175 3153 τὸ
2198 3100 2254 3153 δὲ
2270 3097 2669 3170 μεταϐέϐληται
2692 3115 2705 3129 ⁸
2740 3097 2774 3168 ἢ
2802 3096 2862 3150 τὸ
2893 3099 3002 3150 πᾶν
3040 3095 3468 3167 μεταϐέϐληται,
3506 3100 3542 3168 ἢ
3580 3099 3715 3152 κατὰ

427 3196 613 3250 carnis
662 3205 915 3249 naturam
972 3210 1325 3258 conversum,
1385 3195 1503 3259 sed,
1535 3195 1690 3250 carni
1755 3196 2004 3250 unitum:

426 3286 887 3354 quemadmodum
935 3285 1100 3339 homo
1160 3302 1378 3358 quoque
1409 3285 1520 3341 Deo
1552 3288 1842 3356 copulatus
1881 3286 2008 3357 Spi-

425 3378 567 3432 ritus
588 3393 711 3432 esse
744 3377 966 3441 dicitur,
1022 3394 1133 3432 non
1157 3379 1306 3447 quod
1353 3379 1720 3434 substantiam
1762 3379 2010 3434 amiserit

426 3469 727 3538 propriam,
751 3467 845 3523 sed
876 3467 1018 3537 quod
1056 3468 1109 3521 in
1154 3466 1394 3539 Spiritus
1432 3470 1873 3525 communionem
1912 3486 2008 3526 ve-

426 3558 590 3610 nerit.
616 3555 746 3623 Quae
773 3567 902 3611 sunt
931 3556 1372 3613 adversariorum
1405 3562 1674 3631 argutize?
1699 3562 1857 3628 Quod
1890 3570 2010 3617 erat

427 3646 652 3711 mansit,
675 3647 816 3716 quod
850 3662 960 3700 non
1011 3656 1131 3701 erat
1166 3646 1343 3704 lactus
1370 3659 1473 3704 est.
1511 3649 1675 3720 Igitur
1709 3659 1803 3704 aut
1832 3651 2008 3708 divisa

426 3744 515 3790 est
573 3749 764 3789 natura
818 3735 1116 3801 individua,
1152 3745 1205 3792 et
1233 3754 1359 3807 pars
1384 3739 1602 3809 quidem
1634 3754 1741 3793 una
1773 3742 2006 3807 mansit,

430 3827 603 3881 altera
658 3838 868 3880 mutata
920 3845 1034 3895 est;
1087 3836 1181 3883 aut
1233 3836 1406 3883 totum
1457 3838 1726 3884 mutatum
1762 3842 1877 3896 est,
1918 3843 2010 3886 aut

429 3917 613 3987 specie
670 3916 873 3972 factum
912 3928 1018 3983 est,
1044 3930 1138 3973 aut
1176 3921 1284 3974 dici
1316 3922 1409 3974 illa
1431 3923 1652 3991 quidem
1682 3923 1901 3987 debent,
1933 3925 2014 3978 in-

428 4009 599 4076 telligi
646 4024 755 4064 non
810 4010 1029 4064 debent.
1066 4011 1200 4077 Quis
1234 4011 1399 4082 igitur
1440 4013 1594 4067 verbi
1629 4013 1764 4067 nihil
1797 4015 2009 4084 signiﬁ-

428 4104 608 4157 cantis
655 4104 825 4157 usus?
860 4102 1059 4158 Verum
1106 4111 1164 4156 ut
1188 4104 1258 4158 ab
1298 4105 1455 4159 initio
1500 4106 1760 4160 traditum
1785 4113 1889 4168 est,
1928 4105 2012 4160 ﬁr-

428 4209 578 4248 mum
600 4203 703 4258 est,
722 4206 771 4250 et
791 4197 934 4266 quod
960 4197 1163 4251 dictum
1185 4206 1286 4260 est,
1302 4205 1355 4252 et
1372 4198 1515 4267 quod
1536 4198 1687 4253 velut
1711 4198 2008 4254 obscurum

374 4352 377 4357 ι
430 4284 557 4339 inde
590 4290 961 4357 consequitur.
985 4287 1189 4355 Estque
1222 4289 1603 4359 interpretatio
1631 4290 1928 4360 perspicua
1955 4297 2010 4345 et

430 4377 701 4430 sententia
745 4379 851 4447 pia,
882 4386 935 4431 et
973 4380 1118 4449 quod
1153 4378 1269 4433 ﬁeri
1317 4396 1425 4435 non
1468 4388 1667 4451 potest,
1702 4381 2006 4454 expugnari

429 4482 539 4520 non
570 4477 768 4536 potest.
799 4468 942 4523 Nihil
965 4471 1053 4523 hic
1099 4470 1383 4539 indecens,
1433 4488 1534 4527 nec
1563 4473 1865 4528 contradici
1905 4474 2011 4529 [ide

431 4560 754 4631 dignissimo
774 4563 1131 4633 plurimorum
1153 4573 1454 4637 martyrum
1476 4569 1788 4624 testimonio
1804 4578 2006 4640 potest.

435 4650 597 4706 Salva
635 4661 819 4708 manet
846 4660 901 4708 et
933 4654 1237 4712 divinitatis
1271 4657 1707 4726 immutabilitas,
1733 4672 1787 4716 et
1816 4663 2004 4732 passio

431 4744 644 4815 templi,
669 4754 728 4799 ut
749 4756 980 4809 vocant,
1028 4762 1140 4802 non
1170 4764 1301 4805 vero
1344 4753 1668 4807 suscitantis
1711 4754 1851 4809 illud
1886 4756 2003 4812 Dei.

432 4837 573 4903 Quid
607 4836 752 4907 quod
781 4838 1079 4894 secundum
1102 4841 1259 4908 istos,
1292 4857 1362 4897 ne
1394 4852 1567 4899 mater
1590 4844 1812 4915 quidem
1841 4845 2009 4902 fuerit

427 4927 619 5000 Virgo.
652 4930 707 4984 Si
733 4934 876 4985 enim
904 4929 1149 4987 Verbum
1187 4934 1427 5004 seipsum
1458 4935 1589 4990 fecit
1619 4952 1864 5002 carnem,
1894 4954 2007 4994 non

429 5040 497 5078 ex
521 5024 611 5076 illa
644 5039 867 5080 carnem
913 5028 1243 5083 assumendo
1289 5030 1510 5099 prodiit.
1543 5028 1831 5096 Quomodo
1852 5034 2001 5090 enim

429 5122 627 5177 mater,
675 5115 835 5183 cujus
879 5116 1024 5186 quod
1068 5126 1257 5172 natum
1291 5127 1397 5183 est,
1440 5119 1578 5174 nihil
1611 5136 1798 5176 secum
1838 5122 2006 5195 496

429 5201 616 5256 :zli‘ert?
673 5203 958 5270 Quomodo
1010 5217 1200 5276 partus
1269 5208 1484 5264 dicatur
1556 5218 1852 5268 extraneus
1915 5213 2007 5268 ille

430 5296 586 5364 quasi
638 5312 734 5366 per
765 5299 1009 5351 canalem
1062 5299 1362 5355 transitus?
1401 5301 1519 5357 Non
1553 5303 1720 5373 igitur
1753 5302 2003 5368 Matrem,

430 5389 524 5443 sed
571 5406 669 5445 vas
702 5388 912 5446 faciunt
941 5390 1220 5464 Virginem
1274 5408 1540 5464 sanctam.
1592 5395 1736 5463 Quin
1775 5413 1845 5453 ne
1899 5396 2005 5452 hoc

430 5482 646 5549 quidem
677 5484 1035 5552 perspiciunt,
1059 5499 1119 5541 se
1142 5485 1350 5541 dictum
1380 5486 1534 5555 illud,
1564 5507 1583 5540 ι
1608 5487 1849 5546 Verbum
1871 5504 2002 5545 caro

2111 3192 2332 3263 δόκησιν
2376 3191 2631 3260 γέγονεν,
2681 3190 2715 3260 ἢ
2761 3189 3018 3259 λέγεσθαι
3076 3189 3176 3259 μὲν
3239 3187 3451 3256 ὀφείλει
3509 3189 3711 3255 ἁπλῶς,

2111 3285 2348 3339 νοεῖσθαι
2382 3284 2440 3337 δὲ
2478 3284 2575 3354 οὐχ
2613 3281 2865 3353 ἁρμόζει.
2899 3281 3010 3334 Καὶ
3031 3282 3114 3345 τίς
3144 3280 3305 3352 χρεία
3329 3281 3510 3348 Λόγου
3552 3283 3712 3354 μηδὲν
3814 3340 3815 3349 γ

2113 3375 2503 3447 σημαίνοντος;
2543 3352 2701 3426 -Ἇλλί
2741 3372 2818 3436 ὡς
2865 3372 2960 3425 ἀπ’
2988 3371 3166 3444 ἀρχῆς
3199 3370 3598 3441 παραδέδοται,
3621 3352 3717 3425 καὶ
3814 3352 3815 3447 ᾖ

2110 3468 2172 3521 τὸ
2204 3467 2494 3538 εἰρημένον
2526 3466 2762 3537 βέϐαιον,
2812 3466 2910 3519 καὶ
2951 3465 3013 3518 τὸ
3048 3466 3343 3532 ἀκόλουθον
3374 3467 3455 3532 ὡς
3502 3468 3714 3538 ἄδηλον,
3814 3465 3815 3525 l

2111 3561 2206 3614 καὶ
2231 3562 2264 3632 ὴ
2299 3559 2565 3632 ἑρμηνεία
2592 3559 2789 3630 σαφὴς,
2816 3559 2965 3630 καὶὴ
3002 3558 3212 3613 διάνοια
3250 3560 3510 3630 εὐσεϐὴς,
3540 3562 3637 3615 καὶ
3661 3561 3717 3613 τὸ
3814 3560 3815 3569 “

2110 3653 2370 3708 ἀδύνατον
2396 3653 2630 3722 ἄμαχον,
2669 3651 2765 3705 καὶ
2793 3650 2852 3703 τὸ
2884 3650 3164 3721 εὐπρεπὲς
3198 3652 3561 3723 συνυπάρχον
3584 3697 3598 3719 ,
3625 3654 3711 3707 καὶ

2110 3748 2172 3800 τὸ
2224 3745 2537 3811 ἀξιόπιστον
2583 3747 2650 3799 ὲκ
2700 3744 2914 3799 πολλῶν
2958 3746 3253 3817 μαρτύρων
3291 3746 3710 3818 ἀναντίρρητον,

2111 3839 2291 3891 καὶτὸ
2342 3836 2614 3910 ἄτρεπτον
2654 3837 2752 3908 τῆς
2792 3836 3045 3907 θεότητος
3078 3837 3297 3899 ἄσυλον,
3327 3841 3426 3890 καὶ
3462 3839 3527 3891 τὸ
3550 3839 3713 3902 πάθος

2108 3928 2205 3982 τοῦ
2258 3929 2554 3999 λεγομένου
2601 3926 2757 3990 ναοῦ,
2784 3927 2846 3980 οὐ
2882 3927 2976 3980 τοῦ
3017 3928 3333 3999 ἐγείραντος
3360 3929 3527 3982 τοῦτο
3559 3929 3709 3984 Θεοῦ.

2111 4020 2256 4093 Πρὸς
2299 4019 2510 4084 τούτοις
2545 4018 2667 4071 οὐδὲ
2718 4019 2752 4089 ἡ
2796 4017 3074 4090 Παρθένος
3101 4021 3301 4073 νοεῖται
3355 4021 3546 4092 μήτηρ
3579 4020 3715 4076 κατά

2109 4113 2201 4165 τὸν
2224 4112 2450 4165 ἐκείνων
2493 4112 2674 4180 λόγον.
2720 4110 2896 4183 Εἴπερ
2930 4112 3121 4164 ἑαυτὸν
3144 4114 3172 4165 ὁ
3199 4111 3373 4181 Λόγος
3406 4113 3594 4185 σάρκα
3622 4131 3715 4168 πε-

2112 4203 2361 4276 ποίηκεν,
2380 4204 2440 4256 οὐ
2476 4205 2655 4274 σάρκα
2679 4203 2860 4258 λαϐὼν
2895 4203 2956 4271 ἐξ
2988 4204 3159 4275 αὐτῆς
3189 4204 3554 4275 προελήλυθε.
3594 4205 3711 4266 Πῶς

2110 4294 2221 4368 γὰρ
2269 4297 2476 4369 μήτηρ,
2513 4290 2581 4368 ἧς
2618 4296 2769 4349 οὐδὲν
2800 4299 2860 4350 τὸ
2892 4296 3083 4369 τεχθὲν
3115 4296 3471 4366 ἐπιφέρεται;
3504 4298 3633 4362 Πῶς
3668 4297 3712 4349 δ’

2113 4388 2180 4443 ἂν
2228 4388 2323 4442 καὶ
2367 4388 2582 4460 λεχθείη
2613 4389 2833 4454 τοκετὸς
2883 4391 2917 4461 ἡ
2961 4390 3117 4461 δίκην
3169 4391 3411 4462 σωλῆνος
3448 4392 3711 4454 ἀνοίκειος

2118 4479 2389 4551 πάροδος;
2440 4482 2643 4546 Σκεῦος
2700 4477 2794 4535 οὖν
2850 4481 3117 4547 ποιοῦσιν,
3185 4482 3247 4535 οὐ
3326 4484 3570 4555 μητέρα,
3622 4483 3710 4553 τὴν

2114 4571 2277 4640 ἁγίαν
2318 4573 2613 4645 Παρθένον.
2657 4574 2768 4628 Καὶ
2803 4572 2923 4627 οὐδὲ
2950 4572 3110 4626 τοῦτο
3154 4571 3415 4626 δύνανται
3460 4575 3705 4633 συνιδεῖν.

2114 4664 2196 4717 ὅτι
2227 4665 2289 4718 τὸ
2316 4683 2335 4716 ι
2376 4665 2432 4719 ’0
2466 4665 2640 4734 Λόγος
2682 4664 2819 4737 σὰρξ
2857 4664 3074 4734 ἐγένετο
3112 4683 3131 4716 ι
3166 4665 3291 4719 καθ’
3340 4666 3560 4719 ἑαυτῶν
3585 4666 3707 4736 μᾶλ-

2114 4757 2206 4811 λον
2252 4758 2666 4829 προϐάλλονται.
2702 4762 2766 4816 Εί
2815 4763 2917 4834 μὲν
2965 4762 3075 4835 γὰρ
3113 4761 3274 4826 ἄλλος
3316 4763 3346 4815 ὁ
3387 4762 3593 4831 Λόγος,
3626 4763 3707 4816 καὶ

2110 4848 2238 4903 ἄλλο
2268 4848 2424 4922 σὰρξ,
2479 4851 2593 4917 δύο,
2652 4852 2748 4907 καὶ
2798 4854 2898 4925 οὐχ
2930 4853 2990 4907 έν
3014 4870 3026 4883 ·
3057 4855 3106 4906 εί
3144 4854 3203 4907 δὲ
3236 4852 3300 4906 τὸ
3333 4854 3522 4907 αὐτὸό
3547 4856 3703 4923 Λόγος

2110 4939 2205 4992 καὶ
2234 4940 2267 5011 ἡ
2297 4939 2456 5011 σὰρξ,
2493 4940 2556 4995 τό
2578 4960 2596 4993 ι
2624 4941 2872 5011 Ἐγένετο
2896 4963 2914 4994 ι
2950 4943 3189 4996 λέλυται.
3222 4944 3299 4997 Οὐ
3328 4943 3444 5014 γὰρ
3479 4947 3510 4998 ὀ
3541 4945 3704 5013 Λόγος

2108 5030 2283 5099 Λόγος
2306 5032 2523 5100 ἐγένετο
2540 5050 2554 5063 ο
2588 5034 2650 5087 τὸ
2669 5035 2727 5088 δὲ
2758 5036 2816 5088 ὲν
2849 5034 2927 5107 τῷ
2955 5034 3103 5105 αὐτῷ
3130 5034 3190 5087 δν
3224 5035 3354 5090 ἄλλο
3375 5053 3431 5089 τι
3454 5038 3560 5091 οὐκ
3597 5037 3703 5107 ἑγίο

2108 5138 2249 5177 νετο.
2277 5125 2440 5179 Ὥστε
2469 5125 2683 5198 ἀνάγκη
2708 5126 2741 5199 ἢ
2774 5128 2837 5181 τὸ
2885 5146 2906 5180 ι
2955 5129 3203 5198 Ἐγένετο
3259 5148 3279 5182 ι
3304 5130 3698 5202 ἀνατραπῆναι,

2112 5213 2256 5284 ἢτὰς
2284 5215 2379 5269 δύο
2410 5216 2599 5287 φύσεις
2630 5219 3052 5292 ὁμολογηθῆναι.
3088 5221 3164 5275 Τὸ
3189 5220 3302 5293 γὰρ
3344 5240 3366 5274 ι
3403 5222 3693 5291 Ἐγένετο»

2112 5306 2253 5360 κατά
2305 5307 2367 5362 τὸ
2410 5308 2626 5380 ἀληθῶς
2659 5311 2987 5382 φαινόμενον
3031 5311 3248 5385 εἴρηται,
3279 5312 3425 5384 πρὸς
3458 5313 3561 5385 τὴν
3603 5312 3696 5367 τῶν

2109 5399 2361 5472 ὁρώντων
2414 5401 2681 5473 ὑπόληψιν
2700 5443 2716 5468 ,
2763 5403 3104 5473 ἀγνοούντων
3144 5403 3240 5458 τὸν
3301 5405 3382 5478 μὴ
3430 5405 3695 5478 ὁρώμενον

2108 5490 2241 5544 Θεὸν
2291 5492 2465 5562 Λόγον
2516 5494 2660 5549 τότε.
2688 5495 2898 5566 Ὠσπερ
2933 5495 3029 5552 ἐάν
3058 5514 3146 5562 τις
3193 5496 3362 5571 εἵπετ’
3413 5497 3479 5552 ὐ
3505 5492 3693 5573 ποιμὴν

500 5632 547 5665 ⁵³
596 5633 633 5686 ll
672 5634 802 5689 Cor.
834 5654 887 5703 v,
915 5638 1015 5697 ει.
1091 5639 1136 5671 ⁵³
1176 5637 1280 5697 lsa.
1319 5656 1452 5709 Lm,
1493 5642 1577 5700 10.
1656 5643 1703 5677 ⁸⁸
1741 5596 1775 5699 Ι,
1799 5642 1925 5699 Cor.
1957 5658 2051 5711 vi,
2085 5642 2170 5698 l7.
