3868 6202
138 217 286 275 1549

908 210 1489 282 CONFUTATIONES
1526 225 1967 294 ρυΑιιωιυΑιί
2005 222 2604 288 ΡΒΟΡΟΒΙΤΙΟΝΙΙΜΪ

3277 232 3422 293 133)

137 335 418 410 πρόϐατον
478 336 537 404 ἐξ
583 338 778 410 ἀνδρὸς
828 341 1248 413 μεταϐέϐληταιο
1297 344 1434 398 ἀλλὰ
1472 345 1706 418 καθάπεε

1828 345 2032 402 factum
2057 357 2164 410 εει,
2206 374 2224 401 ο
2264 360 2457 404 contra
2493 352 2820 422 semetipsos
2855 362 3134 425 torquere.
3180 355 3236 413 Si
3268 362 3417 417 enim

138 428 418 501 πρόϐατον
452 429 512 495 ἐξ
556 430 751 501 ἀνδρὸς
782 431 999 501 άληθῶς
1021 435 1342 500 ἐνεδύοίατο,
1394 438 1453 490 οὺ
1512 436 1725 507 φύσεως

135 520 356 591 ἀνάγκῃ
404 521 665 591 ἀκουσίῳ,
708 521 845 577 ἀλλὰ
873 525 1249 597 προαιρέσεως
1279 526 1475 599 γνώμῃ
1506 529 1599 581 καὶ
1630 530 1724 580 εὑ-

134 611 300 684 δοκίᾳ
331 613 511 684 μόνον.

1833 439 1981 494 aliud
2022 439 2279 506 Verbum,
2325 442 2476 497 aliud
2527 459 2690 499 caro:
2727 445 2838 501 duo
2877 459 3028 516 sunt,
3073 465 3183 506 non
3220 468 3418 514 unum.

1835 528 1891 584 Si
1928 528 2165 585 Verbum
2204 540 2258 587 et
2290 547 2422 587 caro
2447 533 2590 588 idem
2615 545 2766 601 sunt,
2783 538 2992 592 corruit
3022 556 3123 594 vox
3148 560 3166 590 σ
3190 540 3418 597 Factum

1832 632 1940 679 est.
1982 644 2001 677 ι
2036 624 2222 695 Neque
2260 628 2407 681 enim
2463 626 2706 685 Verbum
2765 631 2970 686 factum
3023 644 3108 689 est
3151 633 3416 691 Verbum.

134 703 298 769 Quod
333 719 459 759 vero
510 720 679 760 unum
708 707 982 777 quoddam
1003 717 1110 774 est,
1161 711 1307 766 aliud
1338 712 1470 783 quid
1502 729 1610 768 non
1634 722 1720 769 est
1750 712 1977 770 factum.
2012 714 2185 786 Igitur
2217 733 2447 774 necesse
2488 731 2573 775 est
2627 729 2687 776 ut
2746 724 2829 778 vel
2864 724 3025 787 illud,
3100 744 3119 776 ι
3185 725 3416 782 Factum

132 804 242 859 est,
282 814 303 846 ι
334 797 768 865 proscribamus,
800 800 884 855 vel
918 800 1057 857 duas
1086 816 1211 858 esse
1263 813 1491 860 naturas
1526 804 1877 863 allirmemus.
1906 806 2248 864 Vocabulum
2286 810 2432 865 enim
2465 829 2484 863 ι
2514 810 2745 869 Factum
2805 827 2914 879 est,
2950 836 2970 868 ι
3016 817 3219 872 dicitur
3274 834 3414 889 qua-

133 891 301 941 tenus
332 902 522 942 revera
554 890 828 958 apparuit,
856 897 917 944 ut
988 892 1025 945 ii
1068 893 1164 962 qui
1235 893 1507 950 vidissent
1541 896 1809 952 certiores
1839 897 2059 964 tierent,
2107 899 2203 970 qui
2232 900 2445 957 scilicet
2488 910 2605 957 tum
2639 906 2907 976 temporis
2947 905 3118 961 Deum
3148 906 3413 972 Verbum,

131 978 285 1046 quod
313 980 536 1035 minime
555 981 866 1049 videbatur,
893 984 1229 1054 ignorarent.
1258 984 1330 1040 Ut
1351 988 1398 1042 si
1421 986 1547 1057 quis
1574 987 1811 1043 dixerit:
1843 988 2043 1045 Pastor
2095 990 2189 1047 ille
2249 991 2318 1048 de
2334 993 2456 1048 viro
2478 993 2536 1048 in
2564 1010 2723 1050 ovem
2767 1005 3011 1053 mutatus
3045 1008 3150 1062 est,
3219 1014 3416 1069 nempe

131 1083 410 1143 quatenus
437 1090 627 1131 revera
649 1091 807 1132 ovem
841 1078 1044 1144 induit,
1078 1095 1190 1135 non
1218 1082 1553 1137 necessitate
1586 1081 1826 1152 quadam
1889 1096 2103 1141 naturae
2164 1085 2537 1141 involuntaria
2566 1126 2582 1154 ,
2625 1087 2720 1143 sed
2758 1091 2996 1145 consilio
3027 1091 3296 1146 duntaxat
3359 1097 3418 1146 et

131 1177 334 1239 sponte
355 1186 480 1226 sua.

883 1286 978 1342 ιν.

130 1398 296 1467 Πρὸς
350 1398 493 1465 τοὺς
549 1399 841 1468 λέγοντας
885 1403 1035 1471 μίαν
1070 1404 1273 1472 φύσιν
1303 1404 1401 1457 ἐπὶ
1439 1404 1719 1472 Χριστοῦ.

205 1487 334 1552 Πῶς
360 1484 451 1542 οὖν
469 1489 707 1561 τολμῶσί
735 1509 898 1556 τινες,
934 1492 1076 1562 μετὰ
1112 1493 1174 1545 τὸ
1208 1493 1482 1565 δειχθῆναι
1507 1495 1599 1548 δύο
1633 1495 1722 1549 τὸν

126 1580 310 1648 Λόγον
332 1582 426 1634 καὶ
452 1581 549 1652 τὴν
574 1583 771 1653 σάρκα,
796 1584 902 1637 τῶν
932 1583 1025 1637 δύο
1060 1585 1274 1654 φύσεων
1308 1586 1590 1639 ἐκϐάλλειν
1622 1588 1721 1659 τὴν

2568 1288 2662 1343 1V.

1822 1400 2186 1456 Adversuseos
2206 1402 2295 1471 qui
2317 1418 2477 1455 unam
2495 1402 2546 1455 in
2572 1400 2787 1456 Christo
2809 1412 3058 1458 naturam
3077 1422 3191 1461 esse
3206 1408 3409 1465 dicunt.

1891 1491 2187 1562 Postquam
2218 1493 2384 1561 igitur
2420 1494 2530 1547 duo
2561 1510 2684 1548 esse
2720 1492 2959 1549 Verbum
2984 1504 3039 1550 et
3069 1512 3290 1552 carnem
3316 1501 3412 1571 de-

1821 1592 2190 1641 monstratum
2219 1591 2325 1648 est,
2371 1585 2504 1653 quid
2539 1594 2621 1640 est
2666 1602 2765 1640 cur
2794 1589 3024 1641 duarum
3066 1592 3413 1659 conjunctio-

130 1673 355 1726 σύνοδον
389 1689 403 1737 ;
437 1672 639 1739 πάσαις
697 1676 995 1747 μαχόμενοι
1016 1678 1135 1739 ταῖς
1200 1676 1385 1744 ἁγίαις
1435 1677 1706 1749 Γραφαίς,

1823 1696 1947 1735 nem
1980 1687 2301 1734 naturarum
2328 1678 2551 1749 quidam
2577 1678 2808 1747 rejicere
2844 1694 2952 1732 non
2990 1678 3288 1735 dubitant?
3314 1682 3410 1753 qui

127 1766 320 1818 πᾶσαν
349 1764 503 1837 ὓϐριν
550 1766 846 1836 ἐπάγοντες
889 1770 954 1839 τῇ
984 1768 1292 1840 ἀνυϐρίστῳ
1328 1768 1511 1839 φύσει,
1557 1774 1722 1825 παντὶ

127 1855 457 1924 φθονοῦντες
507 1855 586 1927 τῷ
638 1857 781 1926 γένει
816 1857 925 1911 τῶν
956 1857 1262 1930 ἀνθρώπων
1294 1861 1422 1932 περὶ
1450 1863 1549 1931 τῆς
1572 1860 1722 1926 θείας

126 1946 623 2019 ἐνανθρωπήσεωςο
674 1950 893 2004 ἀπασαν
920 1951 1258 2022 προφητείαν
1282 1952 1487 2023 ταύτης
1526 1952 1722 2006 ἐκϐάλ-

123 2039 336 2104 λουσιν,
376 2042 425 2093 oi
453 2041 512 2094 τὸ
534 2040 758 2095 διπλοῦν
785 2042 893 2096 τῶν
920 2042 1136 2112 φύσεων
1161 2043 1503 2109 ἀθετοῦντες.
1535 2046 1721 2099 Πάντα

123 2130 232 2182 ὅσα
286 2130 668 2202 ταπεινότερον
712 2131 930 2203 εἴρηται
979 2135 1046 2203 τῇ
1090 2132 1250 2202 φύσει
1302 2133 1568 2206 δεχόμενα
1619 2135 1722 2206 τῆς

123 2221 356 2292 σαρκὸς,
388 2225 546 2294 τηρεῖ
564 2222 659 2276 τοῦ
688 2224 861 2293 Λόγου
888 2223 986 2295 τὴν
1009 2223 1166 2289 δόξαν
1188 2225 1443 2297 ἀκέραιον
1466 2243 1479 2256 °
1514 2227 1720 2298 ταύτης

124 2313 557 2387 ἐκϐαλλομένης,
611 2314 827 2387 ἀνάγκη
881 2315 1063 2369 πάντα
1119 2317 1450 2389 συνδραμεῖν
1503 2318 1583 2382 είς
1628 2318 1719 2371 τὸν

122 2407 325 2478 Λόγον.
371 2408 531 2463 Πᾶσα
584 2412 698 2473 τοῖς
749 2408 1056 2481 ἀνθρώποις
1103 2410 1256 2475 ἐλπὶς
1293 2413 1387 2465 καὶ
1435 2414 1719 2484 παρρησία

121 2498 219 2554 διὰ
237 2499 341 2570 τῆς
363 2499 456 2552 τοῦ
486 2500 661 2569 Λόγου
690 2500 826 2572 πρὸς
843 2500 940 2572 τὴν
973 2502 1229 2574 ἀπαρχὴν
1254 2503 1413 2573 ἡμῶν
1448 2502 1712 2568 ἐνώσεως.

123 2594 193 2647 Oi
257 2592 317 2646 δέ
358 2590 449 2647 τὸν
493 2593 662 2664 Λόγον
694 2594 995 2664 φάσκοντες
1031 2595 1110 2658 είς
1165 2594 1345 2667 σάρκα
1391 2595 1714 2666 τετράφθαι,

121 2686 187 2739 τὸ
222 2687 487 2758 καύχημα
520 2686 612 2740 τοῦ
643 2687 832 2756 γένους
888 2687 1183 2749 ἐκένωσαν,
1212 2688 1419 2752 καὶτὰς
1457 2687 1717 2761 λαμπρὰς

122 2774 287 2846 ἡμῶν
330 2776 551 2840 ἐλπίδας
597 2776 889 2840 ἀϐεϐαίους
921 2776 1224 2849 ἀπέφηναν.
1264 2779 1376 2832 Οὐκ
1403 2778 1483 2831 ἐτι
1518 2779 1716 2851 σεμνύ-

120 2886 276 2921 νεται
337 2868 605 2941 Ἁϐραάμ,
652 2869 751 2921 οὐκ
792 2867 872 2921 ἔτι
923 2869 1216 2938 ἀγάλλεται
1261 2868 1462 2923 Δαϐίδ·
1499 2869 1714 2940 ψευδεῖς

118 2964 181 3015 αἱ
208 2961 347 3033 πρὸς
374 2961 536 3015 αὑτὸν
568 2960 918 3031 ὑποσχέσεις,
957 2961 1116 3033 εἴπερ
1140 2962 1240 3015 οὐκ
1271 2964 1335 3016 ἐκ
1367 2963 1581 3034 καρποῦ
1612 2965 1712 3034 τῆς

1823 1771 2024 1826 bellum
2084 1770 2391 1842 Scripturis
2439 1768 2646 1825 sanctis
2697 1770 2959 1831 inierunt,
2986 1778 3239 1826 naturam
3275 1774 3410 1830 nulli

1823 1861 2118 1916 obnoxiam
2181 1863 2397 1932 injuriae
2454 1861 2804 1917 contumeliis
2860 1861 3125 1927 alliciunt,
3166 1863 3410 1919 divinam

1822 1953 2255 2009 incarnationem
2305 1953 2490 2023 generi
2536 1952 2820 2006 hominum
2846 1953 3101 2007 universo
3128 1954 3405 2010 invident’:

1821 2054 2089 2116 respuunt
2141 2061 2361 2101 omnem
2414 2046 2481 2101 de
2529 2046 2616 2098 illa
2663 2045 2866 2099 editam
2912 2047 3279 2115 prophetiam,
3311 2045 3406 2117 qui

1820 2138 2051 2192 duarum
2084 2135 2342 2191 unionem
2373 2142 2688 2188 naturarum
2709 2132 3409 2204 dissolvunt.Quaecunque

1819 2228 2083 2283 humilius
2113 2228 2180 2283 de
2233 2226 2454 2282 Christo
2499 2226 2779 2289 dicuntur,
2816 2240 2879 2280 ea
2914 2227 3101 2281 carnis
3132 2228 3405 2297 applicata

1819 2330 2048 2384 naturae,
2081 2319 2285 2375 salvam
2332 2316 2498 2373 Verbi
2549 2318 2780 2388 gloriam
2835 2328 3200 2373 conservant:
3235 2333 3407 2374 carne

1820 2412 2055 2477 sublata,
2084 2412 2139 2465 in
2167 2408 2406 2465 Verbum
2428 2410 2610 2465 omnia
2656 2418 2991 2463 concurrant
3030 2424 3257 2465 necesse
3294 2417 3401 2466 εει.

1818 2501 2009 2558 Omnis
2051 2504 2366 2558 horninibus
2390 2518 2515 2572 spes
2544 2511 2628 2557 est
2665 2513 2719 2557 et
2754 2502 2951 2557 ﬁducia
2980 2519 3045 2557 ex
3080 2501 3244 2557 Verbi
3275 2517 3403 2557 cum

1817 2592 2075 2663 primitiis
2109 2593 2313 2649 nostris
2364 2594 2587 2648 unione.
2624 2592 2728 2659 Qui
2768 2576 2899 2648 vero
2928 2594 3168 2650 Verbum
3208 2595 3403 2650 dicunt

1817 2684 1872 2739 in
1905 2700 2124 2739 carnem
2158 2700 2282 2741 esse
2313 2693 2605 2749 mutatum,
2646 2685 2720 2738 illi
2748 2693 2802 2740 et
2825 2686 3202 2756 gloriationem
3233 2703 3401 2758 gene-

1815 2778 1894 2831 ris
1919 2778 2096 2833 nostri
2127 2777 2193 2831 ad
2226 2777 2458 2832 nihilum
2483 2777 2831 2847 redegerunt,
2855 2785 2907 2831 et
2939 2780 3255 2847 praeclaram
3295 2793 3399 2833 no-

1816 2878 1984 2927 stram
2016 2886 2166 2940 spem
2203 2870 2559 2925 inﬁrmiorem
2602 2868 2977 2924 reddiderunt.
3005 2868 3125 2923 Non
3164 2870 3400 2940 amplius

1814 2959 2080 3031 gloriatur
2124 2959 2399 3014 Abraham
2432 2978 2445 3013 :
2481 2974 2591 3013 non
2635 2959 2870 3029 amplius
2906 2962 3143 3014 exsultat
3174 2958 3344 3015 David
3379 2977 3398 3015 :

118 3054 336 3118 κοιλίας
371 3053 535 3108 αὐτοῦ
567 3055 630 3108 τὸ
659 3054 803 3109 κατὰ
852 3054 1033 3127 σάρκα
1065 3056 1350 3109 ἀνίσταται
1378 3059 1406 3110 ὁ
1437 3058 1675 3129 Χριστός
1694 3074 1706 3089 ·

1819 3050 2088 3121 promissa
2112 3051 2179 3105 ad
2199 3049 2350 3104 illum
2384 3049 2524 3105 facta
2575 3048 2859 3104 mendacia
2882 3057 3066 3112 erunt,
3104 3050 3151 3105 si
3176 3050 3397 3120 quidem

118 3145 239 3198 ἀλλ’
264 3148 293 3197 ὁ
322 3145 456 3210 Θεὸς
512 3147 705 3215 Λόγος,
760 3146 922 3210 αὐτὸς
957 3144 1148 3199 ἐαυτὸν
1220 3147 1399 3218 σάρκα
1458 3150 1708 3219 ποιήσας,

115 3236 221 3308 τὴν
265 3237 556 3309 ἐπιδημίαν
600 3237 908 3309 ἐχαρίσατο.
938 3237 1064 3301 Πῶς
1108 3232 1200 3291 οὖν
1225 3239 1325 3292 οὐκ
1366 3239 1711 3309 αἰσχύνονται

116 3333 218 3384 καὶ
244 3331 486 3402 Γραφαῖς
512 3332 683 3395 θείαις
710 3332 1092 3403 πολεμοῦντες,
1120 3334 1214 3387 καὶ
1242 3333 1549 3405 ἀνθρώποις
1578 3333 1710 3404 φθο-

114 3420 361 3487 νοῦντες,
410 3423 506 3474 καὶ
544 3423 677 3476 Θεὸν
706 3423 781 3487 ὡς
810 3424 1050 3496 παθητὸν
1102 3423 1569 3495 βλασφημοῦντες,
1616 3424 1709 3477 καὶ

110 3515 335 3583 ψευδεῖς
366 3514 530 3567 αὐτοῦ
579 3516 912 3584 ἐπαγγελίας
953 3516 1282 3587 μηνύοντες,
1340 3516 1537 3587 μᾶλλον
1566 3518 1623 3570 δὲ
1646 3517 1708 3569 οὐ

110 3608 334 3677 ψευδεῖς
367 3608 545 3678 μόνον,
580 3607 716 3661 ἀλλὰ
745 3609 838 3661 καὶ
868 3609 1153 3681 ἐπιορκίαν
1179 3609 1273 3662 τοῦ
1298 3610 1561 3679 ἀψευδοῦς
1573 3610 1707 3664 Θεοῦ

111 3694 521 3771 καταχέοντες;
602 3719 621 3752 ι
663 3701 868 3772 Ὠμοσε
920 3701 1069 3774 γὰρ,
1140 3702 1294 3773 φησὶ,
1354 3701 1558 3774 Κύριος
1630 3701 1708 3773 τῷ

110 3792 285 3845 Δαϐὶδ
310 3791 584 3862 ἀλήθειαν,
622 3791 718 3845 καὶ
747 3792 807 3844 οὐ
842 3790 918 3863 μὴ
948 3791 1206 3861 ἀθετήσει
1240 3792 1439 3862 αὐτήνο
1470 3792 1535 3845 ἐκ
1572 3808 1710 3862 καρ-

109 3885 222 3938 ποῦ
247 3886 346 3956 τῆς
364 3885 569 3948 κοιλίας
590 3884 756 3938 αὑτοῦ
786 3884 1007 3938 καθίσαι
1034 3886 1127 3939 ἐπὶ
1146 3884 1241 3937 τοῦ
1266 3885 1455 3955 θρόνου
1482 3885 1666 3938 αὑτοῦ.
1683 3904 1701 3937 ι

106 3975 299 4045 Μηδὲν
323 3970 414 4028 οὖν
446 3976 511 4029 ἐκ
537 3975 638 4045 τῆς
682 3974 870 4039 οὐσίας
898 3973 993 4028 τοῦ
1026 3974 1190 4028 Δαϐὶδ
1231 3974 1545 4039 δεδωκότος,
1589 3975 1705 4029 ἀλλ’

105 4068 178 4118 ἐκ
210 4065 307 4118 τοῦ
341 4065 514 4134 Λόγου
540 4065 1022 4137 καινοτομηθείσης
1056 4065 1277 4137 σαρκὸς,
1302 4067 1396 4120 καὶ
1425 4067 1521 4137 μία
1545 4046 1708 4136 φύσις

104 4161 169 4211 ἐν
196 4158 279 4229 τῷ
303 4158 548 4229 Δεσπότῃ
588 4157 828 4228 Χριστῷ,
870 4159 966 4211 καὶ⁹
992 4158 1075 4211 δεῖ
1114 4158 1331 4222 πάντως
1358 4158 1519 4212 αὑτὸν
1566 4163 1706 4213 νοεῖν

103 4250 140 4319 ἢ
172 4248 380 4321 Κύριον
412 4249 505 4304 τοῦ
537 4248 699 4302 Δαϐὶδ
726 4249 758 4320 ἢ
791 4248 935 4303 υἱόν·
968 4248 1036 4302 τά
1067 4250 1176 4321 γὰρ
1203 4249 1295 4303 δύο
1328 4251 1360 4321 ἡ
1404 4250 1503 4321 μία
1538 4249 1700 4318 φύσις

100 4342 210 4397 οὐκ
253 4339 576 4410 ἐπιδέχεται.
622 4340 685 4394 Ei
735 4339 867 4404 Θεὸς
904 4340 1084 4411 μόνον.
1112 4341 1173 4393 οὐ
1204 4341 1406 4410 κυρίως
1442 4340 1602 4405 Υίός’
1639 4342 1699 4394 ού

101 4431 220 4503 γάρ
252 4432 429 4503 ἀρχὴν
444 4431 537 4484 τοῦ
562 4427 700 4485 εἶναι
725 4430 783 4498 ἐξ
799 4431 963 4484 αὑτοῦ
991 4431 1257 4502 λαμϐάνει
1278 4449 1293 4464 ο
1325 4432 1448 4486 οὐδὲ
1469 4432 1695 4503 γνήσιος

98 4525 244 4590 υίὸς,
288 4526 318 4577 ό
383 4522 547 4595 μηδὲν
579 4523 716 4593 ἔχων
766 4525 831 4577 ἐκ
874 4523 974 4594 τῆς
1025 4524 1215 4587 οὐσίας
1256 4522 1351 4577 τοῦ
1395 4522 1692 4595 λεγομένου

105 4616 349 4687 πατρός.

1812 3138 2066 3199 Christus
2112 3144 2413 3198 secundum
2464 3157 2685 3197 carnem
2722 3141 2789 3196 de
2837 3142 3018 3196 fructu
3049 3145 3256 3197 ventris
3278 3143 3400 3212 ejus

1811 3252 1920 3291 non
1949 3246 2173 3292 exortus
2199 3244 2302 3292 est.
2337 3236 2564 3291 Atenim
2598 3234 2739 3290 Deus
2769 3232 3007 3289 Verbum
3043 3235 3399 3305 semetipsum

1811 3342 2032 3383 carnem
2089 3328 2294 3383 faciens
2354 3343 2455 3383 suo
2516 3343 2619 3383 nos
2664 3328 2901 3383 adventu
2974 3328 3235 3399 dignatus
3286 3335 3395 3383 est.

1812 3418 2102 3486 Quomodo
2144 3420 2310 3490 igitur
2355 3435 2466 3473 non
2495 3421 2662 3490 pudet
2694 3434 2790 3475 eos
2826 3427 3017 3474 contra
3050 3419 3395 3490 Scripturam

1811 3519 2057 3565 Sanctam
2077 3511 2277 3565 bellum
2309 3510 2510 3575 facere,
2534 3511 2848 3565 hominibus
2867 3510 3131 3577 invidere,
3149 3513 3204 3564 in
3224 3511 3394 3566 Deum

1812 3610 1869 3653 ut
1902 3600 2217 3670 passibilem
2249 3601 2647 3670 blasphemare,
2668 3600 3063 3669 promissiones
3087 3599 3207 3669 ejus
3240 3615 3395 3655 men-

1809 3692 1953 3747 dacii
2008 3707 2239 3763 arguere
2270 3712 2283 3748 :
2320 3693 2430 3747 imo
2460 3709 2569 3747 non
2603 3694 2709 3749 hoc
2741 3700 2974 3755 tantum,
3002 3693 3097 3747 sed
3130 3700 3185 3747 et
3222 3691 3393 3747 Deum

1809 3785 2011 3855 ipsum,
2044 3786 2137 3854 qui
2168 3783 2387 3837 mentiri
2426 3785 2625 3849 nescit,
2655 3783 2880 3853 perjurii
2917 3781 3218 3837 accusare?
3243 3799 3263 3832 ι
3295 3780 3395 3836 Ju-

1807 3876 1951 3929 ravit
2013 3874 2181 3938 enim,
2262 3874 2472 3943 inquit,
2537 3872 2803 3929 Dominus
2856 3871 3027 3927 David
3081 3872 3391 3936 veritatem,

1807 3975 1861 4024 et
1918 3982 2028 4022 non
2088 3965 2444 4021 frustrabitur
2487 3982 2651 4021 eam:
2685 3966 2752 4021 de
2800 3968 2983 4023 fructu
3025 3969 3236 4022 ventris
3268 3967 3391 4036 ejus

1809 4073 2091 4115 sessurum
2130 4074 2292 4128 super
2342 4058 2515 4128 ipsius
2546 4060 2830 4114 throno".
2862 4078 2882 4111 ι
2917 4059 3053 4114 Cum
3095 4074 3225 4129 ergo
3252 4058 3391 4113 nihil

1806 4150 2038 4205 carnide
2056 4149 2365 4204 substantia
2393 4164 2495 4203 sua
2521 4148 2687 4203 David
2703 4148 2933 4213 dederit,
2965 4149 3059 4204 sed
3094 4165 3162 4204 ex
3184 4146 3387 4212 Verbo,

1806 4257 1948 4297 novo
1991 4242 2228 4312 quodam
2280 4239 2443 4295 modo
2477 4239 2620 4294 facta
2663 4242 2756 4301 sit,
2801 4255 2910 4294 una
2965 4247 3160 4294 natura
3200 4246 3285 4294 est
3327 4239 3385 4294 in

1808 4331 2036 4389 Domino
2056 4333 2297 4397 Christo,
2324 4332 2416 4404 qui
2450 4332 2806 4386 nihilominus
2838 4339 2933 4386 aut
2991 4331 3257 4388 Dominus
3291 4339 3388 4387 aut

1805 4428 1946 4483 ﬁlius
1976 4426 2198 4482 Davidis
2237 4426 2623 4497 intelligendus
2647 4434 2731 4481 εει
2770 4445 2782 4480 :
2816 4425 2925 4481 duo
2948 4424 3091 4480 enim
3128 4426 3239 4488 illa,
3276 4440 3386 4480 una

1800 4518 2101 4589 eademque
2130 4525 2324 4572 natura
2347 4534 2453 4572 non
2478 4515 2737 4573 admittit.
2765 4516 2824 4571 Si
2854 4516 3246 4579 Deustautum,
3275 4532 3387 4570 non

1800 4613 2021 4684 proprie
2047 4610 2221 4667 Filius
2247 4629 2260 4667 :
2291 4612 2493 4682 quippe
2522 4611 2616 4682 qui
2655 4611 2923 4681 originem
2967 4610 3288 4665 substantiae
3316 4607 3385 4659 ab

95 4710 230 4779 ipso
290 4723 403 4763 non
445 4707 614 4762 trahit
648 4727 662 4762 :
701 4721 804 4763 nec
856 4722 986 4763 vero
1036 4722 1328 4780 germanus
1384 4706 1551 4775 ﬁlius,
1609 4707 1706 4780 qui
1775 4708 1981 4761 nullam
2033 4706 2356 4762 substantiae
2380 4705 2502 4776 ejus
2545 4703 2641 4776 qui
2693 4715 2852 4775 pater
2898 4704 3104 4759 dicitur
3169 4708 3382 4773 partem

97 4799 293 4855 habet.

863 4888 930 4945 V.

93 5003 262 5070 Πρὸς
288 4999 432 5067 τοὺς
451 5002 762 5072 λέγοντας,
801 5000 890 5054 ὅτι
921 5000 990 5055 τὸ
1018 5000 1334 5072 ὁμολογεῖν
1357 5001 1550 5072 φύσιν
1570 5001 1687 5072 τὴν

133 5072 359 5140 σάρκα,
382 5071 635 5140 τετράδα
657 5071 830 5126 ἐστίν
855 5072 991 5126 ἀντὶ
1021 5071 1262 5141 Τριάδὸς
1284 5071 1619 5140 κηρύττειν.

169 5185 343 5238 Πάλιν
387 5183 486 5256 τὴν
522 5184 689 5257 αὐτὴν
720 5185 1058 5255 κακουργίαν
1103 5188 1160 5240 ἐν
1208 5186 1417 5258 ἑτέροις
1477 5188 1686 5258 ῥήμασι

89 5278 255 5349 παρά
312 5277 424 5331 τῶν
454 5279 712 5333 ἐναντίων
745 5278 1189 5351 προϐαλλομένην
1215 5278 1346 5348 ὁρῶ.
1385 5279 1533 5332 ’Λνω
1577 5277 1687 5351 γὰρ

87 5371 288 5435 ἁπλῶς
316 5372 586 5436 είπόντες,
604 5373 697 5426 δύο
709 5373 872 5436 Υἱοὺς
894 5373 1135 5442 εἰσάγειν
1168 5375 1293 5436 τοὺς
1313 5373 1381 5426 ἐνσ
1400 5373 1480 5425 ἐνὶ
1508 5373 1576 5426 τὰ
1591 5372 1684 5425 δύο

86 5464 376 5530 νοοῦντας,
401 5465 616 5537 μορφὴν
638 5464 773 5519 Θεοῦ
804 5467 900 5520 καὶ
933 5466 1144 5539 μορφὴν
1160 5465 1369 5530 δούλου,
1405 5464 1567 5522 πάλιν
1592 5467 1681 5520 ἐν·

169 5625 214 5656 ³⁸
259 5622 404 5679 Psal.
444 5638 606 5677 ωιτη
633 5662 647 5687 ,
687 5626 772 5680 ll.

2528 4882 2595 4938 V.

1795 5002 2060 5058 Adversus
2107 5017 2193 5055 eos
2223 4999 2314 5070 qui
2360 4998 2544 5052 dicunt
2576 5013 2791 5070 carnem
2830 4996 3071 5070 conﬁteri
3099 5005 3375 5059 naturam,

1964 5088 2078 5127 esse
2113 5065 2520 5142 quaiernilatem
2564 5083 2661 5137 pro
2700 5068 2963 5122 Trinitate
3004 5065 3198 5120 dicere.

1828 5188 2068 5244 Rursum
2086 5186 2273 5242 eadem
2288 5186 2632 5240 adversarios
2649 5183 2995 5254 improbitate
3010 5182 3062 5237 in
3078 5183 3202 5238 aliis
3216 5197 3377 5254 agere

1793 5278 2260 5351 disputationibus
2278 5277 2456 5331 video.
2482 5276 2616 5329 Nam
2635 5290 2759 5330 cum
2780 5291 2946 5346 supra
2960 5275 3283 5346 simpliciter
3298 5276 3376 5330 di-

1793 5373 2032 5436 xissent,
2070 5370 2163 5442 qui
2186 5369 2398 5424 duasin
2419 5383 2530 5422 uno
2546 5367 2767 5423 Christo
2782 5365 3008 5431 formas,
3042 5365 3204 5422 Deiet
3229 5366 3373 5423 servi

1790 5465 2223 5530 considerarent,
2238 5465 2333 5519 eos
2346 5460 2483 5516 duos
2502 5458 2668 5515 Filios
2685 5459 2964 5526 inducere,
2982 5475 3129 5515 nunc
3151 5473 3214 5513 ru
3247 5471 3375 5518 sum
