  <div class='ocr_page' id='page_1' title='image "/cluster/home/n/w/nwhite01/storage/ocr_20150623/28/nnc1.0046978690/749.png"; bbox 0 0 3868 6202; ppageno 0'>
   <div class='ocr_carea' id='block_1_1' title="bbox 465 232 591 287">
    <p class='ocr_par' dir='ltr' id='par_1_1' title="bbox 465 232 591 287">
     <span class='ocr_line' id='line_1_1' title="bbox 465 232 591 287; baseline -0.016 0"><span class='ocrx_word' id='word_1_1' title='bbox 465 232 591 287; x_wconf 72' lang='lat' dir='ltr'><strong>I531</strong></span> 
     </span>
    </p>
   </div>
   <div class='ocr_carea' id='block_1_2' title="bbox 1608 196 2562 320">
    <p class='ocr_par' dir='ltr' id='par_1_2' title="bbox 1608 196 2562 320">
     <span class='ocr_line' id='line_1_2' title="bbox 1608 196 2562 320; baseline 0 -36"><span class='ocrx_word' id='word_1_2' title='bbox 1608 228 1666 285; x_wconf 92' lang='lat' dir='ltr'><strong>s.</strong></span> <span class='ocrx_word' id='word_1_3' title='bbox 1708 227 2176 320; x_wconf 55' lang='lat' dir='ltr'><strong>arnmasws.</strong></span> <span class='ocrx_word' id='word_1_4' title='bbox 2216 258 2286 273; x_wconf 86' lang='grc'><strong><em>-</em></strong></span> <span class='ocrx_word' id='word_1_5' title='bbox 2325 196 2562 284; x_wconf 55' lang='lat' dir='ltr'><strong>nonut,</strong></span> 
     </span>
    </p>
   </div>
   <div class='ocr_carea' id='block_1_3' title="bbox 3590 219 3737 275">
    <p class='ocr_par' dir='ltr' id='par_1_3' title="bbox 3590 219 3737 275">
     <span class='ocr_line' id='line_1_3' title="bbox 3590 219 3737 275; baseline -0.014 0"><span class='ocrx_word' id='word_1_6' title='bbox 3590 220 3617 274; x_wconf 75' lang='grc' dir='ltr'><strong>Ι</strong></span> <span class='ocrx_word' id='word_1_7' title='bbox 3628 219 3737 275; x_wconf 62' lang='lat'><strong>352</strong></span> 
     </span>
    </p>
   </div>
   <div class='ocr_carea' id='block_1_4' title="bbox 461 336 2049 422">
    <p class='ocr_par' dir='ltr' id='par_1_4' title="bbox 461 339 2049 422">
     <span class='ocr_line' id='line_1_4' title="bbox 461 339 2049 422; baseline -0.003 -18"><span class='ocrx_word' id='word_1_8' title='bbox 461 346 620 422; x_wconf 60' lang='lat'><strong>597</strong></span> <span class='ocrx_word' id='word_1_9' title='bbox 675 354 1099 417; x_wconf 84' lang='lat' dir='ltr'><strong>quatermtatem</strong></span> <span class='ocrx_word' id='word_1_10' title='bbox 1170 345 1293 403; x_wconf 86' lang='lat' dir='ltr'><strong>illos</strong></span> <span class='ocrx_word' id='word_1_11' title='bbox 1339 339 1639 417; x_wconf 68' lang='lat' dir='ltr'><strong>praedicare</strong></span> <span class='ocrx_word' id='word_1_12' title='bbox 1711 346 2049 402; x_wconf 88' lang='lat' dir='ltr'><strong>calumnian-</strong></span> 
     </span>
    </p>
   </div>
   <div class='ocr_carea' id='block_1_5' title="bbox 2151 336 3744 422">
    <p class='ocr_par' dir='ltr' id='par_1_5' title="bbox 2157 336 3744 420">
     <span class='ocr_line' id='line_1_5' title="bbox 2157 336 3744 420; baseline -0.007 -21"><span class='ocrx_word' id='word_1_13' title='bbox 2157 344 2331 400; x_wconf 85' lang='grc' dir='ltr'>ταῦθα</span> <span class='ocrx_word' id='word_1_14' title='bbox 2362 344 2596 420; x_wconf 77' lang='grc' dir='ltr'><strong>τετράδα</strong></span> <span class='ocrx_word' id='word_1_15' title='bbox 2635 341 2932 416; x_wconf 82' lang='grc' dir='ltr'><strong>κηρύσσειν</strong></span> <span class='ocrx_word' id='word_1_16' title='bbox 2971 337 3368 410; x_wconf 79' lang='grc' dir='ltr'><strong>συκοφαντοῦσι</strong></span> <span class='ocrx_word' id='word_1_17' title='bbox 3412 338 3540 400; x_wconf 75' lang='grc' dir='ltr'>τοὺς</span> <span class='ocrx_word' id='word_1_18' title='bbox 3572 336 3744 407; x_wconf 81' lang='grc' dir='ltr'>φύσει</span> 
     </span>
    </p>
   </div>
   <div class='ocr_carea' id='block_1_6' title="bbox 461 436 2050 511">
    <p class='ocr_par' dir='ltr' id='par_1_6' title="bbox 461 436 2050 511">
     <span class='ocr_line' id='line_1_6' title="bbox 461 436 2050 511; baseline -0.001 -16"><span class='ocrx_word' id='word_1_19' title='bbox 461 455 571 506; x_wconf 90' lang='lat' dir='ltr'><strong>tur,</strong></span> <span class='ocrx_word' id='word_1_20' title='bbox 635 439 729 511; x_wconf 86' lang='lat' dir='ltr'><strong>qui</strong></span> <span class='ocrx_word' id='word_1_21' title='bbox 764 447 963 493; x_wconf 87' lang='lat' dir='ltr'><strong>natura</strong></span> <span class='ocrx_word' id='word_1_22' title='bbox 999 453 1223 494; x_wconf 87' lang='lat' dir='ltr'><strong>carnem</strong></span> <span class='ocrx_word' id='word_1_23' title='bbox 1267 445 1613 509; x_wconf 84' lang='lat' dir='ltr'><strong>assuinptam</strong></span> <span class='ocrx_word' id='word_1_24' title='bbox 1654 439 1908 493; x_wconf 87' lang='lat' dir='ltr'><strong>credunt.</strong></span> <span class='ocrx_word' id='word_1_25' title='bbox 1934 436 2050 493; x_wconf 86' lang='lat' dir='ltr'><strong>Hoc</strong></span> 
     </span>
    </p>
   </div>
   <div class='ocr_carea' id='block_1_7' title="bbox 461 528 2049 604">
    <p class='ocr_par' dir='ltr' id='par_1_7' title="bbox 461 528 2049 604">
     <span class='ocr_line' id='line_1_7' title="bbox 461 528 2049 604; baseline -0.001 -18"><span class='ocrx_word' id='word_1_26' title='bbox 461 528 625 604; x_wconf 73' lang='lat' dir='ltr'><strong>porro</strong></span> <span class='ocrx_word' id='word_1_27' title='bbox 670 532 863 587; x_wconf 91' lang='lat' dir='ltr'><strong>dicunt</strong></span> <span class='ocrx_word' id='word_1_28' title='bbox 898 546 1003 587; x_wconf 85' lang='lat' dir='ltr'><strong>sua</strong></span> <span class='ocrx_word' id='word_1_29' title='bbox 1046 529 1171 586; x_wconf 83' lang='lat' dir='ltr'><strong>freti</strong></span> <span class='ocrx_word' id='word_1_30' title='bbox 1204 531 1556 597; x_wconf 84' lang='lat' dir='ltr'><strong>auctoritate,</strong></span> <span class='ocrx_word' id='word_1_31' title='bbox 1599 546 1711 585; x_wconf 88' lang='lat' dir='ltr'><strong>non</strong></span> <span class='ocrx_word' id='word_1_32' title='bbox 1749 537 1932 584; x_wconf 89' lang='lat' dir='ltr'><strong>autem</strong></span> <span class='ocrx_word' id='word_1_33' title='bbox 1981 545 2049 585; x_wconf 75' lang='lat' dir='ltr'><strong>ex</strong></span> 
     </span>
    </p>
   </div>
   <div class='ocr_carea' id='block_1_8' title="bbox 461 622 2051 695">
    <p class='ocr_par' dir='ltr' id='par_1_8' title="bbox 461 622 2051 695">
     <span class='ocr_line' id='line_1_8' title="bbox 461 622 2051 695; baseline 0 -17"><span class='ocrx_word' id='word_1_34' title='bbox 461 626 696 695; x_wconf 78' lang='lat' dir='ltr'><strong>quadam</strong></span> <span class='ocrx_word' id='word_1_35' title='bbox 728 625 1146 694; x_wconf 81' lang='lat' dir='ltr'><strong>consequentia.</strong></span> <span class='ocrx_word' id='word_1_36' title='bbox 1189 622 1516 693; x_wconf 78' lang='lat' dir='ltr'><strong>Quanquam</strong></span> <span class='ocrx_word' id='word_1_37' title='bbox 1556 639 1664 678; x_wconf 91' lang='lat' dir='ltr'><strong>non</strong></span> <span class='ocrx_word' id='word_1_38' title='bbox 1687 632 1796 677; x_wconf 90' lang='lat' dir='ltr'><strong>tam</strong></span> <span class='ocrx_word' id='word_1_39' title='bbox 1824 623 1935 679; x_wconf 82' lang='lat' dir='ltr'><strong>illis</strong></span> <span class='ocrx_word' id='word_1_40' title='bbox 1951 637 2051 678; x_wconf 84' lang='lat' dir='ltr'><strong>no-</strong></span> 
     </span>
    </p>
   </div>
   <div class='ocr_carea' id='block_1_9' title="bbox 462 712 2050 784">
    <p class='ocr_par' dir='ltr' id='par_1_9' title="bbox 462 712 2050 784">
     <span class='ocr_line' id='line_1_9' title="bbox 462 712 2050 784; baseline 0.001 -18"><span class='ocrx_word' id='word_1_41' title='bbox 462 712 677 767; x_wconf 88' lang='lat' dir='ltr'><strong>biscum</strong></span> <span class='ocrx_word' id='word_1_42' title='bbox 729 727 820 766; x_wconf 90' lang='lat' dir='ltr'><strong>res</strong></span> <span class='ocrx_word' id='word_1_43' title='bbox 879 718 983 776; x_wconf 90' lang='lat' dir='ltr'><strong>est,</strong></span> <span class='ocrx_word' id='word_1_44' title='bbox 1029 726 1190 781; x_wconf 89' lang='lat' dir='ltr'><strong>quam</strong></span> <span class='ocrx_word' id='word_1_45' title='bbox 1226 727 1351 767; x_wconf 89' lang='lat' dir='ltr'><strong>cum</strong></span> <span class='ocrx_word' id='word_1_46' title='bbox 1408 714 1619 768; x_wconf 78' lang='lat' dir='ltr'><strong>sanctis</strong></span> <span class='ocrx_word' id='word_1_47' title='bbox 1670 713 1928 769; x_wconf 87' lang='lat' dir='ltr'><strong>omnibus</strong></span> <span class='ocrx_word' id='word_1_48' title='bbox 1954 715 2050 784; x_wconf 87' lang='lat' dir='ltr'><strong>qui</strong></span> 
     </span>
    </p>
   </div>
   <div class='ocr_carea' id='block_1_10' title="bbox 462 800 2052 874">
    <p class='ocr_par' dir='ltr' id='par_1_10' title="bbox 462 800 2052 874">
     <span class='ocr_line' id='line_1_10' title="bbox 462 800 2052 874; baseline 0.003 -17"><span class='ocrx_word' id='word_1_49' title='bbox 462 803 654 857; x_wconf 90' lang='lat' dir='ltr'><strong>eadem</strong></span> <span class='ocrx_word' id='word_1_50' title='bbox 682 818 778 872; x_wconf 89' lang='lat' dir='ltr'><strong>per</strong></span> <span class='ocrx_word' id='word_1_51' title='bbox 813 800 1054 872; x_wconf 80' lang='lat' dir='ltr'><strong>Spiritus</strong></span> <span class='ocrx_word' id='word_1_52' title='bbox 1087 803 1263 857; x_wconf 90' lang='lat' dir='ltr'><strong>sancti</strong></span> <span class='ocrx_word' id='word_1_53' title='bbox 1294 804 1528 873; x_wconf 78' lang='lat' dir='ltr'><strong>gratiam</strong></span> <span class='ocrx_word' id='word_1_54' title='bbox 1570 804 1964 874; x_wconf 69' lang='lat' dir='ltr'><strong>praedicarunt.</strong></span> <span class='ocrx_word' id='word_1_55' title='bbox 2004 804 2052 862; x_wconf 79' lang='grc' dir='ltr'><strong>Λ</strong></span> 
     </span>
    </p>
   </div>
   <div class='ocr_carea' id='block_1_11' title="bbox 461 895 2050 965">
    <p class='ocr_par' dir='ltr' id='par_1_11' title="bbox 461 895 2050 965">
     <span class='ocr_line' id='line_1_11' title="bbox 461 895 2050 965; baseline 0.003 -17"><span class='ocrx_word' id='word_1_56' title='bbox 461 896 663 964; x_wconf 77' lang='lat' dir='ltr'><strong>quibus</strong></span> <span class='ocrx_word' id='word_1_57' title='bbox 694 911 795 950; x_wconf 90' lang='lat' dir='ltr'><strong>nos</strong></span> <span class='ocrx_word' id='word_1_58' title='bbox 823 895 1077 949; x_wconf 89' lang='lat' dir='ltr'><strong>illustrati</strong></span> <span class='ocrx_word' id='word_1_59' title='bbox 1110 895 1382 950; x_wconf 78' lang='lat' dir='ltr'><strong>sinceram</strong></span> <span class='ocrx_word' id='word_1_60' title='bbox 1407 895 1462 949; x_wconf 88' lang='lat' dir='ltr'><strong>in</strong></span> <span class='ocrx_word' id='word_1_61' title='bbox 1493 900 1717 952; x_wconf 85' lang='lat' dir='ltr'><strong>nomine</strong></span> <span class='ocrx_word' id='word_1_62' title='bbox 1744 896 1950 965; x_wconf 84' lang='lat' dir='ltr'><strong>Patris,</strong></span> <span class='ocrx_word' id='word_1_63' title='bbox 1994 905 2050 954; x_wconf 90' lang='lat' dir='ltr'><strong>et</strong></span> 
     </span>
    </p>
   </div>
   <div class='ocr_carea' id='block_1_12' title="bbox 462 983 2052 1055">
    <p class='ocr_par' dir='ltr' id='par_1_12' title="bbox 462 983 2052 1055">
     <span class='ocr_line' id='line_1_12' title="bbox 462 983 2052 1055; baseline 0.003 -17"><span class='ocrx_word' id='word_1_64' title='bbox 462 983 585 1039; x_wconf 81' lang='lat' dir='ltr'><strong>Filii</strong></span> <span class='ocrx_word' id='word_1_65' title='bbox 628 992 681 1039; x_wconf 91' lang='lat' dir='ltr'><strong>et</strong></span> <span class='ocrx_word' id='word_1_66' title='bbox 729 984 968 1055; x_wconf 85' lang='lat' dir='ltr'><strong>Spiritus</strong></span> <span class='ocrx_word' id='word_1_67' title='bbox 996 986 1174 1039; x_wconf 86' lang='lat' dir='ltr'><strong>sancti</strong></span> <span class='ocrx_word' id='word_1_68' title='bbox 1212 985 1617 1042; x_wconf 78' lang='lat' dir='ltr'><strong>confessionem</strong></span> <span class='ocrx_word' id='word_1_69' title='bbox 1650 988 1968 1053; x_wconf 87' lang='lat' dir='ltr'><strong>didicimus,</strong></span> <span class='ocrx_word' id='word_1_70' title='bbox 1997 995 2052 1044; x_wconf 92' lang='lat' dir='ltr'><strong>et</strong></span> 
     </span>
    </p>
   </div>
   <div class='ocr_carea' id='block_1_13' title="bbox 461 1075 2052 1136">
    <p class='ocr_par' dir='ltr' id='par_1_13' title="bbox 461 1075 2052 1136">
     <span class='ocr_line' id='line_1_13' title="bbox 461 1075 2052 1136; baseline 0.004 -7"><span class='ocrx_word' id='word_1_71' title='bbox 461 1076 825 1131; x_wconf 67' lang='lat' dir='ltr'><strong>oeconomiam</strong></span> <span class='ocrx_word' id='word_1_72' title='bbox 860 1075 1255 1132; x_wconf 81' lang='lat' dir='ltr'><strong>incarnationis</strong></span> <span class='ocrx_word' id='word_1_73' title='bbox 1279 1077 1514 1132; x_wconf 86' lang='lat' dir='ltr'><strong>duarum</strong></span> <span class='ocrx_word' id='word_1_74' title='bbox 1545 1079 1804 1135; x_wconf 86' lang='lat' dir='ltr'><strong>unionem</strong></span> <span class='ocrx_word' id='word_1_75' title='bbox 1826 1091 2052 1136; x_wconf 90' lang='lat' dir='ltr'><strong>natura-</strong></span> 
     </span>
    </p>
   </div>
   <div class='ocr_carea' id='block_1_14' title="bbox 464 1167 2051 1245">
    <p class='ocr_par' dir='ltr' id='par_1_14' title="bbox 464 1167 2051 1245">
     <span class='ocr_line' id='line_1_14' title="bbox 464 1167 2051 1245; baseline 0.006 -25"><span class='ocrx_word' id='word_1_76' title='bbox 464 1183 584 1221; x_wconf 91' lang='lat' dir='ltr'><strong>rum</strong></span> <span class='ocrx_word' id='word_1_77' title='bbox 639 1169 1019 1237; x_wconf 91' lang='lat' dir='ltr'><strong>cognovimus.</strong></span> <span class='ocrx_word' id='word_1_78' title='bbox 1074 1167 1180 1234; x_wconf 86' lang='lat' dir='ltr'><strong>Qui</strong></span> <span class='ocrx_word' id='word_1_79' title='bbox 1233 1185 1364 1226; x_wconf 80' lang='lat' dir='ltr'><strong>vero</strong></span> <span class='ocrx_word' id='word_1_80' title='bbox 1420 1172 1648 1227; x_wconf 87' lang='lat' dir='ltr'><strong>humilia</strong></span> <span class='ocrx_word' id='word_1_81' title='bbox 1708 1174 1891 1228; x_wconf 86' lang='lat' dir='ltr'><strong>omnia</strong></span> <span class='ocrx_word' id='word_1_82' title='bbox 1944 1174 2051 1245; x_wconf 89' lang='lat' dir='ltr'><strong>ipsi</strong></span> 
     </span>
    </p>
   </div>
   <div class='ocr_carea' id='block_1_15' title="bbox 461 1256 2048 1333">
    <p class='ocr_par' dir='ltr' id='par_1_15' title="bbox 461 1256 2048 1333">
     <span class='ocr_line' id='line_1_15' title="bbox 461 1256 2048 1333; baseline 0.006 -22"><span class='ocrx_word' id='word_1_83' title='bbox 461 1256 585 1311; x_wconf 82' lang='lat' dir='ltr'><strong>Filii</strong></span> <span class='ocrx_word' id='word_1_84' title='bbox 608 1258 798 1313; x_wconf 85' lang='lat' dir='ltr'><strong>deitati</strong></span> <span class='ocrx_word' id='word_1_85' title='bbox 837 1259 1028 1313; x_wconf 90' lang='lat' dir='ltr'><strong>volunt</strong></span> <span class='ocrx_word' id='word_1_86' title='bbox 1056 1260 1248 1326; x_wconf 88' lang='lat' dir='ltr'><strong>tribui,</strong></span> <span class='ocrx_word' id='word_1_87' title='bbox 1275 1263 1477 1318; x_wconf 86' lang='lat' dir='ltr'><strong>tollunt</strong></span> <span class='ocrx_word' id='word_1_88' title='bbox 1527 1264 1715 1320; x_wconf 90' lang='lat' dir='ltr'><strong>carnis</strong></span> <span class='ocrx_word' id='word_1_89' title='bbox 1744 1273 1999 1320; x_wconf 89' lang='lat' dir='ltr'><strong>naturam</strong></span> <span class='ocrx_word' id='word_1_90' title='bbox 2030 1306 2048 1333; x_wconf 90' lang='lat'><strong>,</strong></span> 
     </span>
    </p>
   </div>
   <div class='ocr_carea' id='block_1_16' title="bbox 461 1350 2048 1424">
    <p class='ocr_par' dir='ltr' id='par_1_16' title="bbox 461 1350 2048 1424">
     <span class='ocr_line' id='line_1_16' title="bbox 461 1350 2048 1424; baseline 0.007 -21"><span class='ocrx_word' id='word_1_91' title='bbox 461 1359 521 1404; x_wconf 90' lang='lat' dir='ltr'><strong>ut</strong></span> <span class='ocrx_word' id='word_1_92' title='bbox 541 1350 703 1421; x_wconf 84' lang='lat' dir='ltr'><strong>hujus</strong></span> <span class='ocrx_word' id='word_1_93' title='bbox 726 1353 1013 1421; x_wconf 88' lang='lat' dir='ltr'><strong>passiones</strong></span> <span class='ocrx_word' id='word_1_94' title='bbox 1027 1355 1339 1409; x_wconf 89' lang='lat' dir='ltr'><strong>necessario</strong></span> <span class='ocrx_word' id='word_1_95' title='bbox 1357 1356 1705 1412; x_wconf 88' lang='lat' dir='ltr'><strong>ascribantur</strong></span> <span class='ocrx_word' id='word_1_96' title='bbox 1724 1356 1836 1413; x_wconf 88' lang='lat' dir='ltr'><strong>Deo</strong></span> <span class='ocrx_word' id='word_1_97' title='bbox 1849 1356 2048 1424; x_wconf 82' lang='lat' dir='ltr'><strong>Verbo,</strong></span> 
     </span>
    </p>
   </div>
   <div class='ocr_carea' id='block_1_17' title="bbox 460 1443 2051 1521">
    <p class='ocr_par' dir='ltr' id='par_1_17' title="bbox 460 1443 2051 1521">
     <span class='ocr_line' id='line_1_17' title="bbox 460 1443 2051 1521; baseline 0.006 -24"><span class='ocrx_word' id='word_1_98' title='bbox 460 1458 729 1499; x_wconf 85' lang='lat' dir='ltr'><strong>converso</strong></span> <span class='ocrx_word' id='word_1_99' title='bbox 758 1444 833 1497; x_wconf 90' lang='lat' dir='ltr'><strong>illi</strong></span> <span class='ocrx_word' id='word_1_100' title='bbox 862 1443 1083 1515; x_wconf 89' lang='lat' dir='ltr'><strong>quidem</strong></span> <span class='ocrx_word' id='word_1_101' title='bbox 1118 1446 1275 1517; x_wconf 90' lang='lat' dir='ltr'><strong>prius</strong></span> <span class='ocrx_word' id='word_1_102' title='bbox 1305 1447 1364 1502; x_wconf 90' lang='lat' dir='ltr'><strong>in</strong></span> <span class='ocrx_word' id='word_1_103' title='bbox 1404 1462 1650 1513; x_wconf 85' lang='lat' dir='ltr'><strong>carnem,</strong></span> <span class='ocrx_word' id='word_1_104' title='bbox 1706 1448 1803 1505; x_wconf 91' lang='lat' dir='ltr'><strong>sed</strong></span> <span class='ocrx_word' id='word_1_105' title='bbox 1838 1465 1902 1506; x_wconf 90' lang='lat' dir='ltr'><strong>ea</strong></span> <span class='ocrx_word' id='word_1_106' title='bbox 1928 1466 2051 1521; x_wconf 67' lang='lat' dir='ltr'><strong>quae</strong></span> 
     </span>
    </p>
   </div>
   <div class='ocr_carea' id='block_1_18' title="bbox 459 1534 2052 1610">
    <p class='ocr_par' dir='ltr' id='par_1_18' title="bbox 459 1534 2052 1610">
     <span class='ocr_line' id='line_1_18' title="bbox 459 1534 2052 1610; baseline 0.005 -21"><span class='ocrx_word' id='word_1_107' title='bbox 459 1534 646 1590; x_wconf 91' lang='lat' dir='ltr'><strong>carnis</strong></span> <span class='ocrx_word' id='word_1_108' title='bbox 700 1542 831 1589; x_wconf 88' lang='lat' dir='ltr'><strong>sunt</strong></span> <span class='ocrx_word' id='word_1_109' title='bbox 871 1551 1091 1592; x_wconf 88' lang='lat' dir='ltr'><strong>rursum</strong></span> <span class='ocrx_word' id='word_1_110' title='bbox 1126 1538 1380 1607; x_wconf 89' lang='lat' dir='ltr'><strong>patienti.</strong></span> <span class='ocrx_word' id='word_1_111' title='bbox 1428 1538 1609 1610; x_wconf 85' lang='lat' dir='ltr'><strong>Atque</strong></span> <span class='ocrx_word' id='word_1_112' title='bbox 1649 1540 1755 1594; x_wconf 91' lang='lat' dir='ltr'><strong>bac</strong></span> <span class='ocrx_word' id='word_1_113' title='bbox 1784 1539 1853 1595; x_wconf 90' lang='lat' dir='ltr'><strong>de</strong></span> <span class='ocrx_word' id='word_1_114' title='bbox 1882 1556 2052 1599; x_wconf 90' lang='lat' dir='ltr'><strong>causa</strong></span> 
     </span>
    </p>
   </div>
   <div class='ocr_carea' id='block_1_19' title="bbox 458 1627 2051 1702">
    <p class='ocr_par' dir='ltr' id='par_1_19' title="bbox 458 1627 2051 1702">
     <span class='ocr_line' id='line_1_19' title="bbox 458 1627 2051 1702; baseline 0.004 -18"><span class='ocrx_word' id='word_1_115' title='bbox 458 1628 669 1684; x_wconf 89' lang='lat' dir='ltr'><strong>crimen</strong></span> <span class='ocrx_word' id='word_1_116' title='bbox 708 1627 959 1685; x_wconf 89' lang='lat' dir='ltr'><strong>ﬁdelibus</strong></span> <span class='ocrx_word' id='word_1_117' title='bbox 984 1631 1313 1702; x_wconf 77' lang='lat' dir='ltr'><strong>impingunt,</strong></span> <span class='ocrx_word' id='word_1_118' title='bbox 1337 1647 1459 1702; x_wconf 68' lang='lat' dir='ltr'><strong>quae</strong></span> <span class='ocrx_word' id='word_1_119' title='bbox 1506 1632 1613 1689; x_wconf 88' lang='lat' dir='ltr'><strong>sibi</strong></span> <span class='ocrx_word' id='word_1_120' title='bbox 1661 1633 1916 1689; x_wconf 88' lang='lat' dir='ltr'><strong>videntur</strong></span> <span class='ocrx_word' id='word_1_121' title='bbox 1948 1649 2051 1691; x_wconf 87' lang='lat' dir='ltr'><strong>sua</strong></span> 
     </span>
    </p>
   </div>
   <div class='ocr_carea' id='block_1_20' title="bbox 2149 428 3745 509">
    <p class='ocr_par' dir='ltr' id='par_1_20' title="bbox 2149 428 3745 509">
     <span class='ocr_line' id='line_1_20' title="bbox 2149 428 3745 509; baseline -0.007 -17"><span class='ocrx_word' id='word_1_122' title='bbox 2149 437 2250 509; x_wconf 83' lang='grc' dir='ltr'>τὴν</span> <span class='ocrx_word' id='word_1_123' title='bbox 2282 437 2463 509; x_wconf 80' lang='grc' dir='ltr'>σάρκα</span> <span class='ocrx_word' id='word_1_124' title='bbox 2498 434 2818 507; x_wconf 75' lang='grc' dir='ltr'>ἀνειλῆφθαι</span> <span class='ocrx_word' id='word_1_125' title='bbox 2848 433 3222 495; x_wconf 84' lang='grc' dir='ltr'><strong>πιστεύοντας.</strong></span> <span class='ocrx_word' id='word_1_126' title='bbox 3255 429 3428 485; x_wconf 79' lang='grc' dir='ltr'>Τοῦτο</span> <span class='ocrx_word' id='word_1_127' title='bbox 3451 429 3511 482; x_wconf 74' lang='grc' dir='ltr'>δὲ</span> <span class='ocrx_word' id='word_1_128' title='bbox 3540 428 3745 494; x_wconf 68' lang='grc' dir='ltr'>λέγου-</span> 
     </span>
    </p>
   </div>
   <div class='ocr_carea' id='block_1_21' title="bbox 2153 520 3743 599">
    <p class='ocr_par' dir='ltr' id='par_1_21' title="bbox 2153 520 3743 599">
     <span class='ocr_line' id='line_1_21' title="bbox 2153 520 3743 599; baseline -0.004 -20"><span class='ocrx_word' id='word_1_129' title='bbox 2153 543 2206 579; x_wconf 93' lang='grc' dir='ltr'><strong>σι</strong></span> <span class='ocrx_word' id='word_1_130' title='bbox 2242 528 2340 599; x_wconf 84' lang='grc' dir='ltr'>μὲν</span> <span class='ocrx_word' id='word_1_131' title='bbox 2372 529 2459 581; x_wconf 86' lang='grc' dir='ltr'><strong>ἐπ’</strong></span> <span class='ocrx_word' id='word_1_132' title='bbox 2488 526 2762 593; x_wconf 77' lang='grc' dir='ltr'>ἐξουσίας,</span> <span class='ocrx_word' id='word_1_133' title='bbox 2790 525 2892 578; x_wconf 85' lang='grc' dir='ltr'>οὑκ</span> <span class='ocrx_word' id='word_1_134' title='bbox 2936 523 3001 578; x_wconf 78' lang='grc' dir='ltr'>ἐκ</span> <span class='ocrx_word' id='word_1_135' title='bbox 3050 540 3196 586; x_wconf 88' lang='grc' dir='ltr'>τινος</span> <span class='ocrx_word' id='word_1_136' title='bbox 3226 520 3565 585; x_wconf 77' lang='grc' dir='ltr'><strong>ἀκολουθίας·</strong></span> <span class='ocrx_word' id='word_1_137' title='bbox 3594 535 3743 592; x_wconf 83' lang='grc' dir='ltr'>προ-</span> 
     </span>
    </p>
   </div>
   <div class='ocr_carea' id='block_1_22' title="bbox 2150 610 3737 688">
    <p class='ocr_par' dir='ltr' id='par_1_22' title="bbox 2150 610 3737 688">
     <span class='ocr_line' id='line_1_22' title="bbox 2150 610 3737 688; baseline -0.005 -18"><span class='ocrx_word' id='word_1_138' title='bbox 2150 616 2375 688; x_wconf 81' lang='grc' dir='ltr'>φέρουσι</span> <span class='ocrx_word' id='word_1_139' title='bbox 2407 616 2467 670; x_wconf 84' lang='grc' dir='ltr'>δὲ</span> <span class='ocrx_word' id='word_1_140' title='bbox 2498 617 2560 669; x_wconf 83' lang='grc' dir='ltr'>οὐ</span> <span class='ocrx_word' id='word_1_141' title='bbox 2591 614 2845 669; x_wconf 81' lang='grc' dir='ltr'>τοσοῦτον</span> <span class='ocrx_word' id='word_1_142' title='bbox 2878 615 3032 684; x_wconf 78' lang='grc' dir='ltr'>ἡμῖν,</span> <span class='ocrx_word' id='word_1_143' title='bbox 3066 613 3190 666; x_wconf 87' lang='grc' dir='ltr'>ὅσον</span> <span class='ocrx_word' id='word_1_144' title='bbox 3215 614 3330 674; x_wconf 85' lang='grc' dir='ltr'>τοῖς</span> <span class='ocrx_word' id='word_1_145' title='bbox 3358 610 3534 680; x_wconf 82' lang='grc' dir='ltr'>ἁγίοις</span> <span class='ocrx_word' id='word_1_146' title='bbox 3574 611 3737 675; x_wconf 77' lang='grc' dir='ltr'>πᾶσι,</span> 
     </span>
    </p>
   </div>
   <div class='ocr_carea' id='block_1_23' title="bbox 2149 702 3740 779">
    <p class='ocr_par' dir='ltr' id='par_1_23' title="bbox 2149 702 3740 779">
     <span class='ocr_line' id='line_1_23' title="bbox 2149 702 3740 779; baseline -0.006 -15"><span class='ocrx_word' id='word_1_147' title='bbox 2149 715 2262 776; x_wconf 85' lang='grc' dir='ltr'>τοῖς</span> <span class='ocrx_word' id='word_1_148' title='bbox 2290 709 2513 763; x_wconf 81' lang='grc' dir='ltr'>τοιαῦτα</span> <span class='ocrx_word' id='word_1_149' title='bbox 2543 708 2631 762; x_wconf 87' lang='grc' dir='ltr'><strong>διά</strong></span> <span class='ocrx_word' id='word_1_150' title='bbox 2658 708 2760 779; x_wconf 80' lang='grc' dir='ltr'>τῆς</span> <span class='ocrx_word' id='word_1_151' title='bbox 2789 705 3166 777; x_wconf 82' lang='grc' dir='ltr'><strong>πνευματικῆς</strong></span> <span class='ocrx_word' id='word_1_152' title='bbox 3191 703 3460 776; x_wconf 76' lang='grc' dir='ltr'>κηρύξασι</span> <span class='ocrx_word' id='word_1_153' title='bbox 3486 702 3740 775; x_wconf 82' lang='grc' dir='ltr'>χάριτος,</span> 
     </span>
    </p>
   </div>
   <div class='ocr_carea' id='block_1_24' title="bbox 2152 794 3745 875">
    <p class='ocr_par' dir='ltr' id='par_1_24' title="bbox 2152 794 3745 875">
     <span class='ocr_line' id='line_1_24' title="bbox 2152 794 3745 875; baseline -0.006 -19"><span class='ocrx_word' id='word_1_154' title='bbox 2152 804 2280 875; x_wconf 81' lang='grc' dir='ltr'>παρ’</span> <span class='ocrx_word' id='word_1_155' title='bbox 2312 794 2387 856; x_wconf 84' lang='grc' dir='ltr'>ὧν</span> <span class='ocrx_word' id='word_1_156' title='bbox 2426 803 2588 872; x_wconf 82' lang='grc' dir='ltr'><strong>ἡμεῖς</strong></span> <span class='ocrx_word' id='word_1_157' title='bbox 2619 799 3001 870; x_wconf 78' lang='grc' dir='ltr'><strong>φωτισθέντες,</strong></span> <span class='ocrx_word' id='word_1_158' title='bbox 3033 798 3133 869; x_wconf 76' lang='grc' dir='ltr'><strong>τὴν</strong></span> <span class='ocrx_word' id='word_1_159' title='bbox 3166 796 3265 869; x_wconf 86' lang='grc' dir='ltr'>μὲν</span> <span class='ocrx_word' id='word_1_160' title='bbox 3291 795 3572 850; x_wconf 79' lang='grc' dir='ltr'>ἀνόθευτον</span> <span class='ocrx_word' id='word_1_161' title='bbox 3606 796 3745 866; x_wconf 81' lang='grc' dir='ltr'>ὀμο-</span> 
     </span>
    </p>
   </div>
   <div class='ocr_carea' id='block_1_25' title="bbox 2151 880 3744 963">
    <p class='ocr_par' dir='ltr' id='par_1_25' title="bbox 2151 880 3744 963">
     <span class='ocr_line' id='line_1_25' title="bbox 2151 880 3744 963; baseline -0.003 -18"><span class='ocrx_word' id='word_1_162' title='bbox 2151 891 2338 961; x_wconf 85' lang='grc' dir='ltr'>λογίαν</span> <span class='ocrx_word' id='word_1_163' title='bbox 2362 895 2420 945; x_wconf 82' lang='grc' dir='ltr'><strong>ἐν</strong></span> <span class='ocrx_word' id='word_1_164' title='bbox 2446 890 2670 962; x_wconf 84' lang='grc' dir='ltr'>ὀνόματι</span> <span class='ocrx_word' id='word_1_165' title='bbox 2688 888 2923 963; x_wconf 69' lang='grc' dir='ltr'>Πατρός,</span> <span class='ocrx_word' id='word_1_166' title='bbox 2949 889 3043 944; x_wconf 81' lang='grc' dir='ltr'>καὶ</span> <span class='ocrx_word' id='word_1_167' title='bbox 3060 886 3218 951; x_wconf 81' lang='grc' dir='ltr'><strong>Υίοῦ,</strong></span> <span class='ocrx_word' id='word_1_168' title='bbox 3249 887 3346 941; x_wconf 77' lang='grc' dir='ltr'>καὶ</span> <span class='ocrx_word' id='word_1_169' title='bbox 3377 886 3533 956; x_wconf 81' lang='grc' dir='ltr'>ἁγίου</span> <span class='ocrx_word' id='word_1_170' title='bbox 3557 880 3744 941; x_wconf 83' lang='grc' dir='ltr'>Πνεύ-</span> 
     </span>
    </p>
   </div>
   <div class='ocr_carea' id='block_1_26' title="bbox 2154 979 3743 1055">
    <p class='ocr_par' dir='ltr' id='par_1_26' title="bbox 2154 979 3743 1055">
     <span class='ocr_line' id='line_1_26' title="bbox 2154 979 3743 1055; baseline -0.003 -17"><span class='ocrx_word' id='word_1_171' title='bbox 2154 1001 2323 1055; x_wconf 89' lang='grc' dir='ltr'>ματος</span> <span class='ocrx_word' id='word_1_172' title='bbox 2350 982 2728 1054; x_wconf 77' lang='grc' dir='ltr'><strong>ἐδιδάχθημεν,</strong></span> <span class='ocrx_word' id='word_1_173' title='bbox 2756 981 2856 1053; x_wconf 77' lang='grc' dir='ltr'>τὴν</span> <span class='ocrx_word' id='word_1_174' title='bbox 2886 981 2945 1035; x_wconf 81' lang='grc' dir='ltr'>δὲ</span> <span class='ocrx_word' id='word_1_175' title='bbox 2976 980 3076 1051; x_wconf 82' lang='grc' dir='ltr'>τῆς</span> <span class='ocrx_word' id='word_1_176' title='bbox 3097 979 3562 1052; x_wconf 87' lang='grc' dir='ltr'>ἐνανθρωπήσεως</span> <span class='ocrx_word' id='word_1_177' title='bbox 3582 979 3743 1033; x_wconf 75' lang='grc' dir='ltr'>οἰκο-</span> 
     </span>
    </p>
   </div>
   <div class='ocr_carea' id='block_1_27' title="bbox 2151 1069 3744 1147">
    <p class='ocr_par' dir='ltr' id='par_1_27' title="bbox 2151 1069 3744 1147">
     <span class='ocr_line' id='line_1_27' title="bbox 2151 1069 3744 1147; baseline -0.004 -17"><span class='ocrx_word' id='word_1_178' title='bbox 2151 1076 2345 1147; x_wconf 90' lang='grc' dir='ltr'>νομίαν</span> <span class='ocrx_word' id='word_1_179' title='bbox 2375 1077 2439 1129; x_wconf 86' lang='grc' dir='ltr'><strong>ἐκ</strong></span> <span class='ocrx_word' id='word_1_180' title='bbox 2468 1074 2560 1128; x_wconf 91' lang='grc' dir='ltr'><strong>δύο</strong></span> <span class='ocrx_word' id='word_1_181' title='bbox 2599 1075 2815 1143; x_wconf 79' lang='grc' dir='ltr'>φύσεων</span> <span class='ocrx_word' id='word_1_182' title='bbox 2849 1073 3249 1144; x_wconf 80' lang='grc' dir='ltr'>ἐγνωρίσαμεν.</span> <span class='ocrx_word' id='word_1_183' title='bbox 3301 1071 3437 1125; x_wconf 78' lang='grc' dir='ltr'>Ἀλλ’</span> <span class='ocrx_word' id='word_1_184' title='bbox 3468 1073 3519 1124; x_wconf 77' lang='lat' dir='ltr'><strong>oi.</strong></span> <span class='ocrx_word' id='word_1_185' title='bbox 3553 1069 3744 1140; x_wconf 82' lang='grc' dir='ltr'>βουλό-</span> 
     </span>
    </p>
   </div>
   <div class='ocr_carea' id='block_1_28' title="bbox 2152 1161 3743 1235">
    <p class='ocr_par' dir='ltr' id='par_1_28' title="bbox 2152 1161 3743 1235">
     <span class='ocr_line' id='line_1_28' title="bbox 2152 1161 3743 1235; baseline -0.002 -16"><span class='ocrx_word' id='word_1_186' title='bbox 2152 1182 2306 1235; x_wconf 78' lang='grc' dir='ltr'>μενοι</span> <span class='ocrx_word' id='word_1_187' title='bbox 2329 1165 2509 1218; x_wconf 87' lang='grc' dir='ltr'>πάντα</span> <span class='ocrx_word' id='word_1_188' title='bbox 2541 1163 2778 1217; x_wconf 82' lang='grc' dir='ltr'>ταπεινά</span> <span class='ocrx_word' id='word_1_189' title='bbox 2802 1163 2989 1235; x_wconf 72' lang='grc' dir='ltr'>φέρειν</span> <span class='ocrx_word' id='word_1_190' title='bbox 3016 1164 3097 1227; x_wconf 83' lang='grc' dir='ltr'>εἰς</span> <span class='ocrx_word' id='word_1_191' title='bbox 3130 1161 3300 1233; x_wconf 81' lang='grc' dir='ltr'>αὐτὴν</span> <span class='ocrx_word' id='word_1_192' title='bbox 3334 1161 3428 1216; x_wconf 80' lang='grc' dir='ltr'>τοῦ</span> <span class='ocrx_word' id='word_1_193' title='bbox 3458 1161 3590 1215; x_wconf 85' lang='grc' dir='ltr'><strong>Υἱοῦ</strong></span> <span class='ocrx_word' id='word_1_194' title='bbox 3618 1161 3743 1216; x_wconf 88' lang='grc' dir='ltr'>θεό-</span> 
     </span>
    </p>
   </div>
   <div class='ocr_carea' id='block_1_29' title="bbox 2150 1254 3743 1330">
    <p class='ocr_par' dir='ltr' id='par_1_29' title="bbox 2150 1254 3743 1330">
     <span class='ocr_line' id='line_1_29' title="bbox 2150 1254 3743 1330; baseline 0 -21"><span class='ocrx_word' id='word_1_195' title='bbox 2150 1274 2317 1330; x_wconf 89' lang='grc' dir='ltr'>τητα,</span> <span class='ocrx_word' id='word_1_196' title='bbox 2347 1258 2810 1329; x_wconf 81' lang='grc' dir='ltr'>παραγράφονται</span> <span class='ocrx_word' id='word_1_197' title='bbox 2842 1259 2942 1327; x_wconf 84' lang='grc' dir='ltr'>τῆς</span> <span class='ocrx_word' id='word_1_198' title='bbox 2971 1256 3174 1327; x_wconf 83' lang='grc' dir='ltr'>σαρκὸς</span> <span class='ocrx_word' id='word_1_199' title='bbox 3205 1254 3302 1325; x_wconf 78' lang='grc' dir='ltr'>τὴν</span> <span class='ocrx_word' id='word_1_200' title='bbox 3337 1254 3514 1324; x_wconf 72' lang='grc' dir='ltr'>φύσινο</span> <span class='ocrx_word' id='word_1_201' title='bbox 3549 1255 3638 1308; x_wconf 79' lang='grc' dir='ltr'>ἵνα</span> <span class='ocrx_word' id='word_1_202' title='bbox 3665 1256 3743 1309; x_wconf 82' lang='grc' dir='ltr'>τὰ</span> 
     </span>
    </p>
   </div>
   <div class='ocr_carea' id='block_1_30' title="bbox 2152 1345 3742 1420">
    <p class='ocr_par' dir='ltr' id='par_1_30' title="bbox 2152 1345 3742 1420">
     <span class='ocr_line' id='line_1_30' title="bbox 2152 1345 3742 1420; baseline -0.003 -17"><span class='ocrx_word' id='word_1_203' title='bbox 2152 1349 2297 1420; x_wconf 84' lang='grc' dir='ltr'>πάθη</span> <span class='ocrx_word' id='word_1_204' title='bbox 2328 1349 2534 1420; x_wconf 80' lang='grc' dir='ltr'>ταύτης</span> <span class='ocrx_word' id='word_1_205' title='bbox 2572 1349 2636 1414; x_wconf 80' lang='grc' dir='ltr'>ἐξ</span> <span class='ocrx_word' id='word_1_206' title='bbox 2680 1348 2928 1418; x_wconf 78' lang='grc' dir='ltr'>ἀνάγκης</span> <span class='ocrx_word' id='word_1_207' title='bbox 2956 1349 3242 1418; x_wconf 76' lang='grc' dir='ltr'>ἐπιγραφῇ</span> <span class='ocrx_word' id='word_1_208' title='bbox 3279 1345 3356 1417; x_wconf 82' lang='grc' dir='ltr'>τῷ</span> <span class='ocrx_word' id='word_1_209' title='bbox 3399 1345 3517 1416; x_wconf 87' lang='grc' dir='ltr'><strong>Θεῷ</strong></span> <span class='ocrx_word' id='word_1_210' title='bbox 3550 1346 3742 1417; x_wconf 79' lang='grc' dir='ltr'>Λόγῳ,</span> 
     </span>
    </p>
   </div>
   <div class='ocr_carea' id='block_1_31' title="bbox 2149 1437 3743 1516">
    <p class='ocr_par' dir='ltr' id='par_1_31' title="bbox 2149 1437 3743 1516">
     <span class='ocr_line' id='line_1_31' title="bbox 2149 1437 3743 1516; baseline -0.002 -20"><span class='ocrx_word' id='word_1_211' title='bbox 2149 1444 2412 1516; x_wconf 79' lang='grc' dir='ltr'>τραπέντι</span> <span class='ocrx_word' id='word_1_212' title='bbox 2458 1443 2556 1514; x_wconf 86' lang='grc' dir='ltr'>μὲν</span> <span class='ocrx_word' id='word_1_213' title='bbox 2591 1443 2857 1515; x_wconf 87' lang='grc' dir='ltr'>πρότερον</span> <span class='ocrx_word' id='word_1_214' title='bbox 2896 1443 2976 1505; x_wconf 82' lang='grc' dir='ltr'><strong>εἰς</strong></span> <span class='ocrx_word' id='word_1_215' title='bbox 3021 1442 3223 1512; x_wconf 84' lang='grc' dir='ltr'>σάρκα,</span> <span class='ocrx_word' id='word_1_216' title='bbox 3248 1440 3470 1494; x_wconf 83' lang='grc' dir='ltr'>παθόντι</span> <span class='ocrx_word' id='word_1_217' title='bbox 3498 1437 3743 1505; x_wconf 85' lang='grc' dir='ltr'>δὲαῦθις</span> 
     </span>
    </p>
   </div>
   <div class='ocr_carea' id='block_1_32' title="bbox 2148 1532 3745 1607">
    <p class='ocr_par' dir='ltr' id='par_1_32' title="bbox 2148 1532 3745 1607">
     <span class='ocr_line' id='line_1_32' title="bbox 2148 1532 3745 1607; baseline -0.001 -19"><span class='ocrx_word' id='word_1_218' title='bbox 2148 1536 2218 1588; x_wconf 80' lang='grc' dir='ltr'><strong>τὰ</strong></span> <span class='ocrx_word' id='word_1_219' title='bbox 2246 1536 2344 1606; x_wconf 81' lang='grc' dir='ltr'>τῆς</span> <span class='ocrx_word' id='word_1_220' title='bbox 2368 1535 2590 1607; x_wconf 81' lang='grc' dir='ltr'>σαρκός.</span> <span class='ocrx_word' id='word_1_221' title='bbox 2617 1535 2728 1587; x_wconf 75' lang='grc' dir='ltr'><strong>Καὶ</strong></span> <span class='ocrx_word' id='word_1_222' title='bbox 2754 1533 2944 1586; x_wconf 85' lang='grc' dir='ltr'>τούτου</span> <span class='ocrx_word' id='word_1_223' title='bbox 2991 1532 3151 1604; x_wconf 84' lang='grc' dir='ltr'>χάριν</span> <span class='ocrx_word' id='word_1_224' title='bbox 3186 1532 3441 1603; x_wconf 75' lang='grc' dir='ltr'>ἔγκλημα</span> <span class='ocrx_word' id='word_1_225' title='bbox 3482 1535 3596 1596; x_wconf 82' lang='grc' dir='ltr'>τοῖς</span> <span class='ocrx_word' id='word_1_226' title='bbox 3642 1549 3745 1586; x_wconf 85' lang='grc' dir='ltr'>πι-</span> 
     </span>
    </p>
   </div>
   <div class='ocr_carea' id='block_1_33' title="bbox 2153 1624 3748 1698">
    <p class='ocr_par' dir='ltr' id='par_1_33' title="bbox 2153 1624 3748 1698">
     <span class='ocr_line' id='line_1_33' title="bbox 2153 1624 3748 1698; baseline -0.001 -18"><span class='ocrx_word' id='word_1_227' title='bbox 2153 1630 2297 1690; x_wconf 88' lang='grc' dir='ltr'>στοῖς</span> <span class='ocrx_word' id='word_1_228' title='bbox 2320 1627 2677 1690; x_wconf 86' lang='grc' dir='ltr'>ἐπισείουσιν,</span> <span class='ocrx_word' id='word_1_229' title='bbox 2707 1625 2963 1698; x_wconf 84' lang='grc' dir='ltr'>αύθεντίᾳ</span> <span class='ocrx_word' id='word_1_230' title='bbox 3006 1626 3143 1698; x_wconf 79' lang='grc' dir='ltr'>μόνῃ</span> <span class='ocrx_word' id='word_1_231' title='bbox 3184 1626 3253 1678; x_wconf 84' lang='grc' dir='ltr'>τὰ</span> <span class='ocrx_word' id='word_1_232' title='bbox 3277 1624 3537 1678; x_wconf 82' lang='grc' dir='ltr'>δοκοῦντα</span> <span class='ocrx_word' id='word_1_233' title='bbox 3564 1641 3748 1678; x_wconf 70' lang='grc' dir='ltr'><strong>κατα⁹</strong></span> 
     </span>
    </p>
   </div>
   <div class='ocr_carea' id='block_1_34' title="bbox 460 1716 2049 1791">
    <p class='ocr_par' dir='ltr' id='par_1_34' title="bbox 460 1720 2045 1782">
     <span class='ocr_line' id='line_1_34' title="bbox 460 1720 2045 1782; baseline 0.003 -7"><span class='ocrx_word' id='word_1_234' title='bbox 460 1720 637 1775; x_wconf 86' lang='lat' dir='ltr'><strong>solum</strong></span> <span class='ocrx_word' id='word_1_235' title='bbox 674 1720 1003 1777; x_wconf 88' lang='lat' dir='ltr'><strong>auctoritate</strong></span> <span class='ocrx_word' id='word_1_236' title='bbox 1043 1730 1376 1778; x_wconf 87' lang='lat' dir='ltr'><strong>astruentes.</strong></span> <span class='ocrx_word' id='word_1_237' title='bbox 1413 1721 1558 1779; x_wconf 88' lang='lat' dir='ltr'><strong>Sane</strong></span> <span class='ocrx_word' id='word_1_238' title='bbox 1586 1724 1635 1779; x_wconf 85' lang='lat' dir='ltr'><strong>si</strong></span> <span class='ocrx_word' id='word_1_239' title='bbox 1682 1725 1869 1782; x_wconf 89' lang='lat' dir='ltr'><strong>carnis</strong></span> <span class='ocrx_word' id='word_1_240' title='bbox 1894 1741 2045 1782; x_wconf 88' lang='lat' dir='ltr'><strong>eam-</strong></span> 
     </span>
    </p>
   </div>
   <div class='ocr_carea' id='block_1_35' title="bbox 2151 1716 3746 1791">
    <p class='ocr_par' dir='ltr' id='par_1_35' title="bbox 2151 1716 3746 1791">
     <span class='ocr_line' id='line_1_35' title="bbox 2151 1716 3746 1791; baseline -0.002 -19"><span class='ocrx_word' id='word_1_241' title='bbox 2151 1718 2521 1783; x_wconf 78' lang='grc' dir='ltr'>σκευάζοντες.</span> <span class='ocrx_word' id='word_1_242' title='bbox 2549 1720 2612 1772; x_wconf 83' lang='grc' dir='ltr'>Εί</span> <span class='ocrx_word' id='word_1_243' title='bbox 2636 1719 2735 1791; x_wconf 83' lang='grc' dir='ltr'>μὲν</span> <span class='ocrx_word' id='word_1_244' title='bbox 2757 1717 2865 1789; x_wconf 83' lang='grc' dir='ltr'><strong>γὰρ</strong></span> <span class='ocrx_word' id='word_1_245' title='bbox 2891 1718 3149 1790; x_wconf 83' lang='grc' dir='ltr'>ἐλέγομεν</span> <span class='ocrx_word' id='word_1_246' title='bbox 3175 1719 3273 1789; x_wconf 74' lang='grc' dir='ltr'>τῆς</span> <span class='ocrx_word' id='word_1_247' title='bbox 3289 1718 3476 1781; x_wconf 68' lang='grc' dir='ltr'>οὐσίας</span> <span class='ocrx_word' id='word_1_248' title='bbox 3500 1716 3594 1770; x_wconf 83' lang='grc' dir='ltr'><strong>τοῦ</strong></span> <span class='ocrx_word' id='word_1_249' title='bbox 3623 1717 3746 1770; x_wconf 76' lang='lat' dir='ltr'><strong>Ila-</strong></span> 
     </span>
    </p>
   </div>
   <div class='ocr_carea' id='block_1_36' title="bbox 459 1812 2042 1888">
    <p class='ocr_par' dir='ltr' id='par_1_36' title="bbox 459 1812 2042 1888">
     <span class='ocr_line' id='line_1_36' title="bbox 459 1812 2042 1888; baseline 0.003 -20"><span class='ocrx_word' id='word_1_250' title='bbox 459 1812 582 1869; x_wconf 86' lang='lat' dir='ltr'><strong>dem</strong></span> <span class='ocrx_word' id='word_1_251' title='bbox 616 1829 740 1870; x_wconf 87' lang='lat' dir='ltr'><strong>esse</strong></span> <span class='ocrx_word' id='word_1_252' title='bbox 768 1830 933 1885; x_wconf 92' lang='lat' dir='ltr'><strong>quam</strong></span> <span class='ocrx_word' id='word_1_253' title='bbox 971 1813 1175 1880; x_wconf 90' lang='lat' dir='ltr'><strong>Patris,</strong></span> <span class='ocrx_word' id='word_1_254' title='bbox 1208 1823 1263 1871; x_wconf 93' lang='lat' dir='ltr'><strong>et</strong></span> <span class='ocrx_word' id='word_1_255' title='bbox 1325 1814 1474 1880; x_wconf 88' lang='lat' dir='ltr'><strong>Filii,</strong></span> <span class='ocrx_word' id='word_1_256' title='bbox 1507 1822 1562 1871; x_wconf 91' lang='lat' dir='ltr'><strong>et</strong></span> <span class='ocrx_word' id='word_1_257' title='bbox 1595 1816 1835 1888; x_wconf 89' lang='lat' dir='ltr'><strong>Spiritus</strong></span> <span class='ocrx_word' id='word_1_258' title='bbox 1859 1817 2042 1874; x_wconf 87' lang='lat' dir='ltr'><strong>sancti</strong></span> 
     </span>
    </p>
   </div>
   <div class='ocr_carea' id='block_1_37' title="bbox 460 1905 2045 1982">
    <p class='ocr_par' dir='ltr' id='par_1_37' title="bbox 460 1905 2045 1982">
     <span class='ocr_line' id='line_1_37' title="bbox 460 1905 2045 1982; baseline 0.004 -22"><span class='ocrx_word' id='word_1_259' title='bbox 460 1906 824 1961; x_wconf 89' lang='lat' dir='ltr'><strong>substantiam</strong></span> <span class='ocrx_word' id='word_1_260' title='bbox 855 1905 1091 1977; x_wconf 78' lang='lat' dir='ltr'><strong>professi</strong></span> <span class='ocrx_word' id='word_1_261' title='bbox 1137 1924 1329 1965; x_wconf 91' lang='lat' dir='ltr'><strong>sumus</strong></span> <span class='ocrx_word' id='word_1_262' title='bbox 1360 1924 1627 1981; x_wconf 84' lang='lat' dir='ltr'><strong>unquam,</strong></span> <span class='ocrx_word' id='word_1_263' title='bbox 1661 1912 2045 1982; x_wconf 86' lang='lat' dir='ltr'><strong>quaternitatis</strong></span> 
     </span>
    </p>
   </div>
   <div class='ocr_carea' id='block_1_38' title="bbox 460 2001 2045 2075">
    <p class='ocr_par' dir='ltr' id='par_1_38' title="bbox 460 2001 2045 2075">
     <span class='ocr_line' id='line_1_38' title="bbox 460 2001 2045 2075; baseline 0.003 -19"><span class='ocrx_word' id='word_1_264' title='bbox 460 2017 660 2057; x_wconf 91' lang='lat' dir='ltr'><strong>nomen</strong></span> <span class='ocrx_word' id='word_1_265' title='bbox 689 2001 814 2071; x_wconf 88' lang='lat' dir='ltr'><strong>jure</strong></span> <span class='ocrx_word' id='word_1_266' title='bbox 834 2002 993 2058; x_wconf 88' lang='lat' dir='ltr'><strong>nobis</strong></span> <span class='ocrx_word' id='word_1_267' title='bbox 1025 2003 1307 2073; x_wconf 82' lang='lat' dir='ltr'><strong>objicitur,</strong></span> <span class='ocrx_word' id='word_1_268' title='bbox 1341 2003 1543 2075; x_wconf 90' lang='lat' dir='ltr'><strong>quippe</strong></span> <span class='ocrx_word' id='word_1_269' title='bbox 1577 2005 1670 2074; x_wconf 90' lang='lat' dir='ltr'><strong>qui</strong></span> <span class='ocrx_word' id='word_1_270' title='bbox 1700 2005 1947 2061; x_wconf 90' lang='lat' dir='ltr'><strong>eamdem</strong></span> <span class='ocrx_word' id='word_1_271' title='bbox 1989 2004 2045 2060; x_wconf 91' lang='lat' dir='ltr'><strong>in</strong></span> 
     </span>
    </p>
   </div>
   <div class='ocr_carea' id='block_1_39' title="bbox 460 2095 2045 2169">
    <p class='ocr_par' dir='ltr' id='par_1_39' title="bbox 460 2095 2045 2169">
     <span class='ocr_line' id='line_1_39' title="bbox 460 2095 2045 2169; baseline 0.003 -21"><span class='ocrx_word' id='word_1_272' title='bbox 460 2103 698 2165; x_wconf 88' lang='lat' dir='ltr'><strong>quatuor</strong></span> <span class='ocrx_word' id='word_1_273' title='bbox 712 2095 962 2165; x_wconf 88' lang='lat' dir='ltr'><strong>personis</strong></span> <span class='ocrx_word' id='word_1_274' title='bbox 980 2097 1274 2153; x_wconf 85' lang='lat' dir='ltr'><strong>essentiam</strong></span> <span class='ocrx_word' id='word_1_275' title='bbox 1298 2098 1738 2169; x_wconf 89' lang='lat' dir='ltr'><strong>contemplemur</strong></span> <span class='ocrx_word' id='word_1_276' title='bbox 1758 2115 1773 2165; x_wconf 90' lang='lat'><strong>;</strong></span> <span class='ocrx_word' id='word_1_277' title='bbox 1795 2098 1881 2154; x_wconf 90' lang='lat' dir='ltr'><strong>sin</strong></span> <span class='ocrx_word' id='word_1_278' title='bbox 1899 2097 2045 2168; x_wconf 88' lang='lat' dir='ltr'><strong>quod</strong></span> 
     </span>
    </p>
   </div>
   <div class='ocr_carea' id='block_1_40' title="bbox 461 2187 2044 2246">
    <p class='ocr_par' dir='ltr' id='par_1_40' title="bbox 461 2187 2044 2246">
     <span class='ocr_line' id='line_1_40' title="bbox 461 2187 2044 2246; baseline 0.003 -4"><span class='ocrx_word' id='word_1_279' title='bbox 461 2203 552 2244; x_wconf 87' lang='lat' dir='ltr'><strong>res</strong></span> <span class='ocrx_word' id='word_1_280' title='bbox 600 2196 685 2244; x_wconf 81' lang='lat' dir='ltr'><strong>est</strong></span> <span class='ocrx_word' id='word_1_281' title='bbox 731 2187 967 2246; x_wconf 87' lang='lat' dir='ltr'><strong>dicimus</strong></span> <span class='ocrx_word' id='word_1_282' title='bbox 1000 2189 1570 2246; x_wconf 88' lang='lat' dir='ltr'><strong>:consubstantialem</strong></span> <span class='ocrx_word' id='word_1_283' title='bbox 1607 2190 1756 2246; x_wconf 88' lang='lat' dir='ltr'><strong>Patri</strong></span> <span class='ocrx_word' id='word_1_284' title='bbox 1790 2206 1914 2246; x_wconf 88' lang='lat' dir='ltr'><strong>esse</strong></span> <span class='ocrx_word' id='word_1_285' title='bbox 1951 2190 2044 2246; x_wconf 85' lang='lat' dir='ltr'><strong>Fi-</strong></span> 
     </span>
    </p>
   </div>
   <div class='ocr_carea' id='block_1_41' title="bbox 462 2277 2043 2351">
    <p class='ocr_par' dir='ltr' id='par_1_41' title="bbox 462 2277 2043 2351">
     <span class='ocr_line' id='line_1_41' title="bbox 462 2277 2043 2351; baseline 0.002 -19"><span class='ocrx_word' id='word_1_286' title='bbox 462 2277 617 2342; x_wconf 89' lang='lat' dir='ltr'><strong>lium,</strong></span> <span class='ocrx_word' id='word_1_287' title='bbox 669 2278 1194 2335; x_wconf 88' lang='lat' dir='ltr'><strong>consubstantialem</strong></span> <span class='ocrx_word' id='word_1_288' title='bbox 1257 2280 1386 2335; x_wconf 83' lang='lat' dir='ltr'><strong>item</strong></span> <span class='ocrx_word' id='word_1_289' title='bbox 1437 2278 1699 2351; x_wconf 91' lang='lat' dir='ltr'><strong>Spiritum</strong></span> <span class='ocrx_word' id='word_1_290' title='bbox 1745 2290 1994 2336; x_wconf 85' lang='lat' dir='ltr'><strong>sanctum</strong></span> <span class='ocrx_word' id='word_1_291' title='bbox 2025 2320 2043 2346; x_wconf 82' lang='lat'><strong>,</strong></span> 
     </span>
    </p>
   </div>
   <div class='ocr_carea' id='block_1_42' title="bbox 465 2372 2046 2446">
    <p class='ocr_par' dir='ltr' id='par_1_42' title="bbox 465 2372 2046 2446">
     <span class='ocr_line' id='line_1_42' title="bbox 465 2372 2046 2446; baseline 0.003 -21"><span class='ocrx_word' id='word_1_292' title='bbox 465 2385 687 2426; x_wconf 85' lang='lat' dir='ltr'><strong>carnem</strong></span> <span class='ocrx_word' id='word_1_293' title='bbox 730 2386 859 2427; x_wconf 88' lang='lat' dir='ltr'><strong>vero</strong></span> <span class='ocrx_word' id='word_1_294' title='bbox 910 2372 980 2427; x_wconf 88' lang='lat' dir='ltr'><strong>ad</strong></span> <span class='ocrx_word' id='word_1_295' title='bbox 1034 2374 1357 2429; x_wconf 66' lang='lat' dir='ltr'><strong>oeconomia:</strong></span> <span class='ocrx_word' id='word_1_296' title='bbox 1396 2374 1885 2446; x_wconf 86' lang='lat' dir='ltr'><strong>complementum,</strong></span> <span class='ocrx_word' id='word_1_297' title='bbox 1934 2390 2046 2430; x_wconf 87' lang='lat' dir='ltr'><strong>non</strong></span> 
     </span>
    </p>
   </div>
   <div class='ocr_carea' id='block_1_43' title="bbox 463 2462 2041 2534">
    <p class='ocr_par' dir='ltr' id='par_1_43' title="bbox 463 2462 2041 2534">
     <span class='ocr_line' id='line_1_43' title="bbox 463 2462 2041 2534; baseline 0.001 -16"><span class='ocrx_word' id='word_1_298' title='bbox 463 2462 785 2518; x_wconf 74' lang='lat' dir='ltr'><strong>substantia:</strong></span> <span class='ocrx_word' id='word_1_299' title='bbox 816 2463 1239 2527; x_wconf 85' lang='lat' dir='ltr'><strong>incrementum,</strong></span> <span class='ocrx_word' id='word_1_300' title='bbox 1277 2473 1598 2533; x_wconf 89' lang='lat' dir='ltr'><strong>susceptam</strong></span> <span class='ocrx_word' id='word_1_301' title='bbox 1633 2483 1646 2516; x_wconf 87' lang='lat'><strong><em>:</em></strong></span> <span class='ocrx_word' id='word_1_302' title='bbox 1677 2480 1787 2534; x_wconf 88' lang='lat' dir='ltr'><strong>qua</strong></span> <span class='ocrx_word' id='word_1_303' title='bbox 1830 2465 1910 2519; x_wconf 88' lang='lat' dir='ltr'><strong>illi</strong></span> <span class='ocrx_word' id='word_1_304' title='bbox 1955 2480 2041 2520; x_wconf 81' lang='lat' dir='ltr'><strong>ra-</strong></span> 
     </span>
    </p>
   </div>
   <div class='ocr_carea' id='block_1_44' title="bbox 461 2553 2047 2611">
    <p class='ocr_par' dir='ltr' id='par_1_44' title="bbox 461 2553 2047 2611">
     <span class='ocr_line' id='line_1_44' title="bbox 461 2553 2047 2611; baseline 0.001 -2"><span class='ocrx_word' id='word_1_305' title='bbox 461 2555 613 2610; x_wconf 86' lang='lat' dir='ltr'><strong>tione</strong></span> <span class='ocrx_word' id='word_1_306' title='bbox 652 2555 1023 2610; x_wconf 84' lang='lat' dir='ltr'><strong>accessionem</strong></span> <span class='ocrx_word' id='word_1_307' title='bbox 1054 2553 1272 2610; x_wconf 88' lang='lat' dir='ltr'><strong>numeri</strong></span> <span class='ocrx_word' id='word_1_308' title='bbox 1316 2568 1384 2609; x_wconf 75' lang='lat' dir='ltr'><strong>ex</strong></span> <span class='ocrx_word' id='word_1_309' title='bbox 1414 2554 1599 2610; x_wconf 78' lang='lat' dir='ltr'><strong>carnis</strong></span> <span class='ocrx_word' id='word_1_310' title='bbox 1646 2561 1843 2610; x_wconf 88' lang='lat' dir='ltr'><strong>natura</strong></span> <span class='ocrx_word' id='word_1_311' title='bbox 1882 2555 2047 2611; x_wconf 81' lang='lat' dir='ltr'><strong>fabri-</strong></span> 
     </span>
    </p>
   </div>
   <div class='ocr_carea' id='block_1_45' title="bbox 460 2646 2046 2712">
    <p class='ocr_par' dir='ltr' id='par_1_45' title="bbox 460 2646 2046 2712">
     <span class='ocr_line' id='line_1_45' title="bbox 460 2646 2046 2712; baseline 0.003 -10"><span class='ocrx_word' id='word_1_312' title='bbox 460 2654 613 2712; x_wconf 81' lang='lat' dir='ltr'><strong>cant,</strong></span> <span class='ocrx_word' id='word_1_313' title='bbox 651 2646 786 2702; x_wconf 89' lang='lat' dir='ltr'><strong>adeo</strong></span> <span class='ocrx_word' id='word_1_314' title='bbox 844 2646 1139 2709; x_wconf 87' lang='lat' dir='ltr'><strong>diversam,</strong></span> <span class='ocrx_word' id='word_1_315' title='bbox 1173 2660 1240 2700; x_wconf 89' lang='lat' dir='ltr'><strong>ac</strong></span> <span class='ocrx_word' id='word_1_316' title='bbox 1309 2646 1355 2702; x_wconf 90' lang='lat' dir='ltr'><strong>si</strong></span> <span class='ocrx_word' id='word_1_317' title='bbox 1403 2647 1509 2702; x_wconf 90' lang='lat' dir='ltr'><strong>alia</strong></span> <span class='ocrx_word' id='word_1_318' title='bbox 1559 2646 2046 2706; x_wconf 89' lang='lat' dir='ltr'><strong>consubstantialis</strong></span> 
     </span>
    </p>
   </div>
   <div class='ocr_carea' id='block_1_46' title="bbox 464 2736 2047 2810">
    <p class='ocr_par' dir='ltr' id='par_1_46' title="bbox 464 2736 2047 2810">
     <span class='ocr_line' id='line_1_46' title="bbox 464 2736 2047 2810; baseline 0.003 -18"><span class='ocrx_word' id='word_1_319' title='bbox 464 2753 702 2809; x_wconf 87' lang='lat' dir='ltr'><strong>persona</strong></span> <span class='ocrx_word' id='word_1_320' title='bbox 756 2745 926 2805; x_wconf 84' lang='lat' dir='ltr'><strong>esset,</strong></span> <span class='ocrx_word' id='word_1_321' title='bbox 971 2736 1509 2808; x_wconf 81' lang='lat' dir='ltr'><strong>superinducentes?</strong></span> <span class='ocrx_word' id='word_1_322' title='bbox 1548 2754 1728 2810; x_wconf 90' lang='lat' dir='ltr'><strong>neque</strong></span> <span class='ocrx_word' id='word_1_323' title='bbox 1774 2738 1831 2794; x_wconf 90' lang='lat' dir='ltr'><strong>id</strong></span> <span class='ocrx_word' id='word_1_324' title='bbox 1863 2746 2047 2796; x_wconf 89' lang='lat' dir='ltr'><strong>tamen</strong></span> 
     </span>
    </p>
   </div>
   <div class='ocr_carea' id='block_1_47' title="bbox 462 2828 2046 2901">
    <p class='ocr_par' dir='ltr' id='par_1_47' title="bbox 462 2828 2046 2901">
     <span class='ocr_line' id='line_1_47' title="bbox 462 2828 2046 2901; baseline 0.001 -17"><span class='ocrx_word' id='word_1_325' title='bbox 462 2844 630 2885; x_wconf 90' lang='lat' dir='ltr'><strong>carne</strong></span> <span class='ocrx_word' id='word_1_326' title='bbox 679 2829 736 2883; x_wconf 89' lang='lat' dir='ltr'><strong>in</strong></span> <span class='ocrx_word' id='word_1_327' title='bbox 772 2846 832 2884; x_wconf 87' lang='lat' dir='ltr'><strong>se</strong></span> <span class='ocrx_word' id='word_1_328' title='bbox 888 2828 1002 2898; x_wconf 85' lang='lat' dir='ltr'><strong>ipsa</strong></span> <span class='ocrx_word' id='word_1_329' title='bbox 1036 2828 1386 2884; x_wconf 84' lang='lat' dir='ltr'><strong>considerata</strong></span> <span class='ocrx_word' id='word_1_330' title='bbox 1408 2868 1424 2895; x_wconf 92' lang='lat'><strong>,</strong></span> <span class='ocrx_word' id='word_1_331' title='bbox 1455 2828 1551 2884; x_wconf 89' lang='lat' dir='ltr'><strong>sed</strong></span> <span class='ocrx_word' id='word_1_332' title='bbox 1590 2828 1648 2885; x_wconf 91' lang='lat' dir='ltr'><strong>in</strong></span> <span class='ocrx_word' id='word_1_333' title='bbox 1694 2830 2046 2901; x_wconf 88' lang='lat' dir='ltr'><strong>inseparabili</strong></span> 
     </span>
    </p>
   </div>
   <div class='ocr_carea' id='block_1_48' title="bbox 463 2915 2048 2991">
    <p class='ocr_par' dir='ltr' id='par_1_48' title="bbox 463 2915 2048 2991">
     <span class='ocr_line' id='line_1_48' title="bbox 463 2915 2048 2991; baseline 0.001 -16"><span class='ocrx_word' id='word_1_334' title='bbox 463 2934 592 2975; x_wconf 90' lang='lat' dir='ltr'><strong>eum</strong></span> <span class='ocrx_word' id='word_1_335' title='bbox 640 2917 750 2973; x_wconf 79' lang='lat' dir='ltr'><strong>Deo</strong></span> <span class='ocrx_word' id='word_1_336' title='bbox 782 2915 966 2973; x_wconf 81' lang='lat' dir='ltr'><strong>Verbo</strong></span> <span class='ocrx_word' id='word_1_337' title='bbox 991 2917 1384 2986; x_wconf 88' lang='lat' dir='ltr'><strong>conjunctione</strong></span> <span class='ocrx_word' id='word_1_338' title='bbox 1418 2918 1624 2990; x_wconf 86' lang='lat' dir='ltr'><strong>agnita,</strong></span> <span class='ocrx_word' id='word_1_339' title='bbox 1683 2928 1745 2974; x_wconf 92' lang='lat' dir='ltr'><strong>ut</strong></span> <span class='ocrx_word' id='word_1_340' title='bbox 1773 2935 1839 2977; x_wconf 89' lang='lat' dir='ltr'><strong>ea</strong></span> <span class='ocrx_word' id='word_1_341' title='bbox 1869 2934 2048 2991; x_wconf 86' lang='lat' dir='ltr'><strong>neque</strong></span> 
     </span>
    </p>
   </div>
   <div class='ocr_carea' id='block_1_49' title="bbox 2147 1803 3744 1881">
    <p class='ocr_par' dir='ltr' id='par_1_49' title="bbox 2147 1803 3744 1881">
     <span class='ocr_line' id='line_1_49' title="bbox 2147 1803 3744 1881; baseline -0.001 -19"><span class='ocrx_word' id='word_1_342' title='bbox 2147 1809 2295 1881; x_wconf 80' lang='grc' dir='ltr'>τρὸς,</span> <span class='ocrx_word' id='word_1_343' title='bbox 2334 1809 2552 1864; x_wconf 76' lang='grc' dir='ltr'>καὶτοῦ</span> <span class='ocrx_word' id='word_1_344' title='bbox 2585 1809 2738 1873; x_wconf 84' lang='grc' dir='ltr'>Υίοῠ,</span> <span class='ocrx_word' id='word_1_345' title='bbox 2775 1808 2986 1863; x_wconf 78' lang='grc' dir='ltr'>καὶτοῦ</span> <span class='ocrx_word' id='word_1_346' title='bbox 3043 1809 3199 1879; x_wconf 84' lang='grc' dir='ltr'>ἁγίου</span> <span class='ocrx_word' id='word_1_347' title='bbox 3242 1809 3559 1879; x_wconf 81' lang='grc' dir='ltr'>Πνεύματος</span> <span class='ocrx_word' id='word_1_348' title='bbox 3593 1803 3744 1862; x_wconf 77' lang='grc' dir='ltr'>εἶναι</span> 
     </span>
    </p>
   </div>
   <div class='ocr_carea' id='block_1_50' title="bbox 2147 1898 3747 1974">
    <p class='ocr_par' dir='ltr' id='par_1_50' title="bbox 2147 1898 3747 1974">
     <span class='ocr_line' id='line_1_50' title="bbox 2147 1898 3747 1974; baseline -0.001 -20"><span class='ocrx_word' id='word_1_349' title='bbox 2147 1901 2246 1973; x_wconf 75' lang='grc' dir='ltr'>τὴν</span> <span class='ocrx_word' id='word_1_350' title='bbox 2272 1902 2473 1974; x_wconf 88' lang='grc' dir='ltr'>σάρκα,</span> <span class='ocrx_word' id='word_1_351' title='bbox 2515 1901 2698 1966; x_wconf 82' lang='grc' dir='ltr'>καλῶς</span> <span class='ocrx_word' id='word_1_352' title='bbox 2730 1901 2963 1974; x_wconf 86' lang='grc' dir='ltr'>τετράδα</span> <span class='ocrx_word' id='word_1_353' title='bbox 2994 1898 3302 1972; x_wconf 79' lang='grc' dir='ltr'>ὠνόμαζον,</span> <span class='ocrx_word' id='word_1_354' title='bbox 3330 1901 3405 1965; x_wconf 88' lang='grc' dir='ltr'><strong>ὡς</strong></span> <span class='ocrx_word' id='word_1_355' title='bbox 3438 1901 3537 1972; x_wconf 76' lang='grc' dir='ltr'>τῆς</span> <span class='ocrx_word' id='word_1_356' title='bbox 3562 1900 3747 1970; x_wconf 73' lang='grc' dir='ltr'>αὐτῆς</span> 
     </span>
    </p>
   </div>
   <div class='ocr_carea' id='block_1_51' title="bbox 2147 1994 3747 2067">
    <p class='ocr_par' dir='ltr' id='par_1_51' title="bbox 2147 1994 3747 2067">
     <span class='ocr_line' id='line_1_51' title="bbox 2147 1994 3747 2067; baseline 0 -18"><span class='ocrx_word' id='word_1_357' title='bbox 2147 1996 2338 2060; x_wconf 80' lang='grc' dir='ltr'>οὐσίας</span> <span class='ocrx_word' id='word_1_358' title='bbox 2389 1997 2446 2047; x_wconf 84' lang='grc' dir='ltr'><strong>ἐν</strong></span> <span class='ocrx_word' id='word_1_359' title='bbox 2488 1995 2712 2067; x_wconf 86' lang='grc' dir='ltr'>τέταρσι</span> <span class='ocrx_word' id='word_1_360' title='bbox 2762 1994 3076 2067; x_wconf 83' lang='grc' dir='ltr'>προσώποις</span> <span class='ocrx_word' id='word_1_361' title='bbox 3120 1995 3535 2066; x_wconf 77' lang='grc' dir='ltr'>θεωρουμένης·</span> <span class='ocrx_word' id='word_1_362' title='bbox 3587 1997 3637 2048; x_wconf 87' lang='grc' dir='ltr'><strong>εί</strong></span> <span class='ocrx_word' id='word_1_363' title='bbox 3677 1995 3747 2049; x_wconf 72' lang='grc' dir='ltr'>δὲ</span> 
     </span>
    </p>
   </div>
   <div class='ocr_carea' id='block_1_52' title="bbox 2148 2084 3747 2158">
    <p class='ocr_par' dir='ltr' id='par_1_52' title="bbox 2148 2084 3747 2158">
     <span class='ocr_line' id='line_1_52' title="bbox 2148 2084 3747 2158; baseline 0.001 -22"><span class='ocrx_word' id='word_1_364' title='bbox 2148 2084 2399 2157; x_wconf 82' lang='grc' dir='ltr'>λέγομεν,</span> <span class='ocrx_word' id='word_1_365' title='bbox 2442 2086 2579 2158; x_wconf 84' lang='grc' dir='ltr'>ὅπερ</span> <span class='ocrx_word' id='word_1_366' title='bbox 2625 2086 2796 2151; x_wconf 80' lang='grc' dir='ltr'>ἐστὶν,</span> <span class='ocrx_word' id='word_1_367' title='bbox 2836 2084 3121 2157; x_wconf 85' lang='grc' dir='ltr'>όμοούσιον</span> <span class='ocrx_word' id='word_1_368' title='bbox 3170 2086 3269 2155; x_wconf 80' lang='grc' dir='ltr'>μὲν</span> <span class='ocrx_word' id='word_1_369' title='bbox 3314 2085 3391 2156; x_wconf 85' lang='grc' dir='ltr'>τῷ</span> <span class='ocrx_word' id='word_1_370' title='bbox 3424 2085 3602 2157; x_wconf 78' lang='grc' dir='ltr'>Πατρὶ</span> <span class='ocrx_word' id='word_1_371' title='bbox 3643 2086 3747 2139; x_wconf 76' lang='grc' dir='ltr'>τὸν</span> 
     </span>
    </p>
   </div>
   <div class='ocr_carea' id='block_1_53' title="bbox 2149 2178 3748 2250">
    <p class='ocr_par' dir='ltr' id='par_1_53' title="bbox 2149 2178 3748 2250">
     <span class='ocr_line' id='line_1_53' title="bbox 2149 2178 3748 2250; baseline 0.002 -19"><span class='ocrx_word' id='word_1_372' title='bbox 2149 2179 2296 2244; x_wconf 75' lang='grc' dir='ltr'>Υίδν,</span> <span class='ocrx_word' id='word_1_373' title='bbox 2339 2178 2625 2250; x_wconf 87' lang='grc' dir='ltr'>όμοούσιον</span> <span class='ocrx_word' id='word_1_374' title='bbox 2666 2179 2723 2233; x_wconf 83' lang='grc' dir='ltr'>δὲ</span> <span class='ocrx_word' id='word_1_375' title='bbox 2770 2178 2833 2234; x_wconf 83' lang='grc' dir='ltr'>τὸ</span> <span class='ocrx_word' id='word_1_376' title='bbox 2875 2180 3101 2250; x_wconf 83' lang='grc' dir='ltr'>Πνεῦμα</span> <span class='ocrx_word' id='word_1_377' title='bbox 3131 2179 3194 2232; x_wconf 85' lang='grc' dir='ltr'>τὸ</span> <span class='ocrx_word' id='word_1_378' title='bbox 3234 2178 3421 2248; x_wconf 76' lang='grc' dir='ltr'>ἅγιονο</span> <span class='ocrx_word' id='word_1_379' title='bbox 3454 2178 3748 2249; x_wconf 78' lang='grc' dir='ltr'>εἰληφέναι</span> 
     </span>
    </p>
   </div>
   <div class='ocr_carea' id='block_1_54' title="bbox 2145 2269 3749 2341">
    <p class='ocr_par' dir='ltr' id='par_1_54' title="bbox 2145 2269 3749 2341">
     <span class='ocr_line' id='line_1_54' title="bbox 2145 2269 3749 2341; baseline 0.001 -19"><span class='ocrx_word' id='word_1_380' title='bbox 2145 2269 2204 2323; x_wconf 89' lang='grc' dir='ltr'><strong>δέ</strong></span> <span class='ocrx_word' id='word_1_381' title='bbox 2244 2270 2343 2341; x_wconf 85' lang='grc' dir='ltr'>τὴν</span> <span class='ocrx_word' id='word_1_382' title='bbox 2379 2270 2559 2341; x_wconf 90' lang='grc' dir='ltr'>σάρκα</span> <span class='ocrx_word' id='word_1_383' title='bbox 2602 2272 2682 2334; x_wconf 87' lang='grc' dir='ltr'><strong>είς</strong></span> <span class='ocrx_word' id='word_1_384' title='bbox 2726 2269 3078 2341; x_wconf 84' lang='grc' dir='ltr'>ἐκπλήρωσιν</span> <span class='ocrx_word' id='word_1_385' title='bbox 3121 2270 3455 2341; x_wconf 87' lang='grc' dir='ltr'>οἰκονομίας,</span> <span class='ocrx_word' id='word_1_386' title='bbox 3506 2270 3609 2323; x_wconf 86' lang='grc' dir='ltr'>οὐκ</span> <span class='ocrx_word' id='word_1_387' title='bbox 3656 2272 3749 2334; x_wconf 84' lang='grc' dir='ltr'><strong>είς</strong></span> 
     </span>
    </p>
   </div>
   <div class='ocr_carea' id='block_1_55' title="bbox 2146 2360 3750 2435">
    <p class='ocr_par' dir='ltr' id='par_1_55' title="bbox 2146 2360 3750 2435">
     <span class='ocr_line' id='line_1_55' title="bbox 2146 2360 3750 2435; baseline 0.002 -22"><span class='ocrx_word' id='word_1_388' title='bbox 2146 2361 2375 2431; x_wconf 76' lang='grc' dir='ltr'>αὔξησιν</span> <span class='ocrx_word' id='word_1_389' title='bbox 2406 2361 2626 2424; x_wconf 79' lang='grc' dir='ltr'>οὐσίας’</span> <span class='ocrx_word' id='word_1_390' title='bbox 2664 2360 2781 2425; x_wconf 81' lang='grc' dir='ltr'>πῶς</span> <span class='ocrx_word' id='word_1_391' title='bbox 2827 2361 3062 2434; x_wconf 83' lang='grc' dir='ltr'>ἀριθμοῦ</span> <span class='ocrx_word' id='word_1_392' title='bbox 3111 2361 3429 2435; x_wconf 85' lang='grc' dir='ltr'>προσθήκην</span> <span class='ocrx_word' id='word_1_393' title='bbox 3481 2362 3750 2435; x_wconf 57' lang='grc' dir='ltr'>ἐργάζοιτ’</span> 
     </span>
    </p>
   </div>
   <div class='ocr_carea' id='block_1_56' title="bbox 2146 2452 3743 2527">
    <p class='ocr_par' dir='ltr' id='par_1_56' title="bbox 2146 2452 3743 2527">
     <span class='ocr_line' id='line_1_56' title="bbox 2146 2452 3743 2527; baseline 0.003 -24"><span class='ocrx_word' id='word_1_394' title='bbox 2146 2468 2254 2516; x_wconf 89' lang='grc' dir='ltr'>ται,</span> <span class='ocrx_word' id='word_1_395' title='bbox 2280 2453 2380 2522; x_wconf 82' lang='grc' dir='ltr'>τῆς</span> <span class='ocrx_word' id='word_1_396' title='bbox 2407 2453 2611 2523; x_wconf 86' lang='grc' dir='ltr'>σαρκὸς</span> <span class='ocrx_word' id='word_1_397' title='bbox 2634 2452 2734 2525; x_wconf 79' lang='grc' dir='ltr'>τὴν</span> <span class='ocrx_word' id='word_1_398' title='bbox 2762 2453 2924 2524; x_wconf 86' lang='grc' dir='ltr'>φύσιν</span> <span class='ocrx_word' id='word_1_399' title='bbox 2967 2454 3218 2508; x_wconf 78' lang='grc' dir='ltr'>τοσοῦτον</span> <span class='ocrx_word' id='word_1_400' title='bbox 3248 2455 3743 2527; x_wconf 85' lang='grc' dir='ltr'>παρηλλαγμένην,</span> 
     </span>
    </p>
   </div>
   <div class='ocr_carea' id='block_1_57' title="bbox 2142 2543 3745 2620">
    <p class='ocr_par' dir='ltr' id='par_1_57' title="bbox 2142 2543 3745 2620">
     <span class='ocr_line' id='line_1_57' title="bbox 2142 2543 3745 2620; baseline 0.003 -24"><span class='ocrx_word' id='word_1_401' title='bbox 2142 2543 2222 2608; x_wconf 84' lang='grc' dir='ltr'>ὡς</span> <span class='ocrx_word' id='word_1_402' title='bbox 2258 2545 2446 2617; x_wconf 75' lang='grc' dir='ltr'>ἕτερον</span> <span class='ocrx_word' id='word_1_403' title='bbox 2496 2545 2788 2615; x_wconf 88' lang='grc' dir='ltr'>πρόσωπον</span> <span class='ocrx_word' id='word_1_404' title='bbox 2827 2548 3215 2618; x_wconf 83' lang='grc' dir='ltr'>ἐπεισάγοντες</span> <span class='ocrx_word' id='word_1_405' title='bbox 3262 2548 3579 2620; x_wconf 84' lang='grc' dir='ltr'>ὁμοούσιον;</span> <span class='ocrx_word' id='word_1_406' title='bbox 3644 2550 3745 2601; x_wconf 75' lang='grc' dir='ltr'>καὶ</span> 
     </span>
    </p>
   </div>
   <div class='ocr_carea' id='block_1_58' title="bbox 2146 2635 3747 2713">
    <p class='ocr_par' dir='ltr' id='par_1_58' title="bbox 2146 2635 3747 2713">
     <span class='ocr_line' id='line_1_58' title="bbox 2146 2635 3747 2713; baseline 0.002 -25"><span class='ocrx_word' id='word_1_407' title='bbox 2146 2635 2305 2689; x_wconf 80' lang='grc' dir='ltr'>τοῦτο</span> <span class='ocrx_word' id='word_1_408' title='bbox 2340 2637 2402 2690; x_wconf 86' lang='grc' dir='ltr'><strong>ού</strong></span> <span class='ocrx_word' id='word_1_409' title='bbox 2440 2635 2565 2690; x_wconf 86' lang='grc' dir='ltr'>καθ’</span> <span class='ocrx_word' id='word_1_410' title='bbox 2612 2637 2811 2710; x_wconf 79' lang='grc' dir='ltr'>ἑαυτὴν</span> <span class='ocrx_word' id='word_1_411' title='bbox 2860 2640 3031 2712; x_wconf 81' lang='grc' dir='ltr'>αὐτῆς</span> <span class='ocrx_word' id='word_1_412' title='bbox 3077 2640 3480 2713; x_wconf 82' lang='grc' dir='ltr'>θεωρουμένης,</span> <span class='ocrx_word' id='word_1_413' title='bbox 3527 2638 3647 2693; x_wconf 82' lang='grc' dir='ltr'>ἁλλ’</span> <span class='ocrx_word' id='word_1_414' title='bbox 3678 2641 3747 2693; x_wconf 82' lang='grc' dir='ltr'><strong>ἐν</strong></span> 
     </span>
    </p>
   </div>
   <div class='ocr_carea' id='block_1_59' title="bbox 2146 2729 3747 2805">
    <p class='ocr_par' dir='ltr' id='par_1_59' title="bbox 2146 2729 3747 2805">
     <span class='ocr_line' id='line_1_59' title="bbox 2146 2729 3747 2805; baseline 0.003 -23"><span class='ocrx_word' id='word_1_415' title='bbox 2146 2729 2438 2802; x_wconf 79' lang='grc' dir='ltr'>ἀχωρίστῳ</span> <span class='ocrx_word' id='word_1_416' title='bbox 2482 2730 2750 2803; x_wconf 83' lang='grc' dir='ltr'>συναφείᾳ</span> <span class='ocrx_word' id='word_1_417' title='bbox 2789 2731 2928 2802; x_wconf 85' lang='grc' dir='ltr'>πρὸς</span> <span class='ocrx_word' id='word_1_418' title='bbox 2978 2731 3071 2785; x_wconf 80' lang='grc' dir='ltr'>τὸν</span> <span class='ocrx_word' id='word_1_419' title='bbox 3116 2732 3451 2800; x_wconf 76' lang='grc' dir='ltr'>ΘεὸνΛόγον</span> <span class='ocrx_word' id='word_1_420' title='bbox 3478 2734 3747 2805; x_wconf 80' lang='grc' dir='ltr'>γνωριζο-</span> 
     </span>
    </p>
   </div>
   <div class='ocr_carea' id='block_1_60' title="bbox 2151 2819 3740 2896">
    <p class='ocr_par' dir='ltr' id='par_1_60' title="bbox 2151 2819 3740 2896">
     <span class='ocr_line' id='line_1_60' title="bbox 2151 2819 3740 2896; baseline 0.004 -23"><span class='ocrx_word' id='word_1_421' title='bbox 2151 2821 2354 2892; x_wconf 80' lang='grc' dir='ltr'><strong>μένης⁸</strong></span> <span class='ocrx_word' id='word_1_422' title='bbox 2390 2819 2532 2874; x_wconf 79' lang='grc' dir='ltr'>ὥστε</span> <span class='ocrx_word' id='word_1_423' title='bbox 2564 2822 2761 2893; x_wconf 84' lang='grc' dir='ltr'>μηκέτι</span> <span class='ocrx_word' id='word_1_424' title='bbox 2809 2823 3225 2895; x_wconf 74' lang='grc' dir='ltr'>κεχωρισμένην</span> <span class='ocrx_word' id='word_1_425' title='bbox 3266 2823 3435 2895; x_wconf 72' lang='grc' dir='ltr'>αὐτὴν</span> <span class='ocrx_word' id='word_1_426' title='bbox 3478 2824 3740 2896; x_wconf 84' lang='grc' dir='ltr'>ὁρᾶσθαι,</span> 
     </span>
    </p>
   </div>
   <div class='ocr_carea' id='block_1_61' title="bbox 2152 2912 3738 2990">
    <p class='ocr_par' dir='ltr' id='par_1_61' title="bbox 2152 2912 3738 2990">
     <span class='ocr_line' id='line_1_61' title="bbox 2152 2912 3738 2990; baseline 0.004 -26"><span class='ocrx_word' id='word_1_427' title='bbox 2152 2913 2291 2984; x_wconf 88' lang='grc' dir='ltr'>μήτε</span> <span class='ocrx_word' id='word_1_428' title='bbox 2329 2912 2405 2975; x_wconf 83' lang='grc' dir='ltr'>ὡς</span> <span class='ocrx_word' id='word_1_429' title='bbox 2453 2913 2848 2985; x_wconf 60' lang='grc' dir='ltr'>ὁμοούσιονπῷ</span> <span class='ocrx_word' id='word_1_430' title='bbox 2884 2916 2984 2987; x_wconf 83' lang='grc' dir='ltr'><strong>ίσῳ</strong></span> <span class='ocrx_word' id='word_1_431' title='bbox 3030 2916 3216 2988; x_wconf 85' lang='grc' dir='ltr'>τρόπῳ</span> <span class='ocrx_word' id='word_1_432' title='bbox 3258 2916 3738 2990; x_wconf 82' lang='grc' dir='ltr'>συναριθμεῖσθαι.</span> 
     </span>
    </p>
   </div>
   <div class='ocr_carea' id='block_1_62' title="bbox 466 3002 2049 3104">
    <p class='ocr_par' dir='ltr' id='par_1_62' title="bbox 466 3011 2048 3085">
     <span class='ocr_line' id='line_1_62' title="bbox 466 3011 2048 3085; baseline 0 -17"><span class='ocrx_word' id='word_1_433' title='bbox 466 3013 700 3085; x_wconf 90' lang='lat' dir='ltr'><strong>amplius</strong></span> <span class='ocrx_word' id='word_1_434' title='bbox 734 3011 989 3067; x_wconf 88' lang='lat' dir='ltr'><strong>videatur</strong></span> <span class='ocrx_word' id='word_1_435' title='bbox 1048 3019 1323 3082; x_wconf 86' lang='lat' dir='ltr'><strong>separata,</strong></span> <span class='ocrx_word' id='word_1_436' title='bbox 1359 3027 1538 3084; x_wconf 87' lang='lat' dir='ltr'><strong>neque</strong></span> <span class='ocrx_word' id='word_1_437' title='bbox 1570 3020 1631 3067; x_wconf 90' lang='lat' dir='ltr'><strong>ut</strong></span> <span class='ocrx_word' id='word_1_438' title='bbox 1678 3014 2048 3069; x_wconf 84' lang='lat' dir='ltr'><strong>consubstan-</strong></span> 
     </span>
    </p>
   </div>
   <div class='ocr_carea' id='block_1_63' title="bbox 2151 3002 3745 3104">
    <p class='ocr_par' dir='ltr' id='par_1_63' title="bbox 2164 3002 3745 3084">
     <span class='ocr_line' id='line_1_63' title="bbox 2164 3002 3745 3084; baseline 0.006 -26"><span class='ocrx_word' id='word_1_439' title='bbox 2164 3006 2223 3058; x_wconf 83' lang='grc' dir='ltr'><strong>ὐ</strong></span> <span class='ocrx_word' id='word_1_440' title='bbox 2256 3005 2355 3077; x_wconf 81' lang='grc' dir='ltr'>μὲν</span> <span class='ocrx_word' id='word_1_441' title='bbox 2384 3002 2478 3061; x_wconf 81' lang='grc' dir='ltr'>οὖν</span> <span class='ocrx_word' id='word_1_442' title='bbox 2523 3008 2791 3080; x_wconf 77' lang='grc' dir='ltr'>ἡμέτερος</span> <span class='ocrx_word' id='word_1_443' title='bbox 2842 3008 2997 3079; x_wconf 86' lang='grc' dir='ltr'>λόγος</span> <span class='ocrx_word' id='word_1_444' title='bbox 3043 3010 3138 3064; x_wconf 80' lang='grc' dir='ltr'>καὶ</span> <span class='ocrx_word' id='word_1_445' title='bbox 3184 3010 3283 3082; x_wconf 77' lang='grc' dir='ltr'>τὴν</span> <span class='ocrx_word' id='word_1_446' title='bbox 3324 3010 3745 3084; x_wconf 80' lang='grc' dir='ltr'>ἐνανθρὼπησιν</span> 
     </span>
    </p>
   </div>
   <div class='ocr_carea' id='block_1_64' title="bbox 464 3103 2047 3174">
    <p class='ocr_par' dir='ltr' id='par_1_64' title="bbox 464 3103 2047 3174">
     <span class='ocr_line' id='line_1_64' title="bbox 464 3103 2047 3174; baseline 0 -15"><span class='ocrx_word' id='word_1_447' title='bbox 464 3105 615 3161; x_wconf 87' lang='lat' dir='ltr'><strong>tialis</strong></span> <span class='ocrx_word' id='word_1_448' title='bbox 674 3104 901 3174; x_wconf 86' lang='lat' dir='ltr'><strong>reliquis</strong></span> <span class='ocrx_word' id='word_1_449' title='bbox 958 3103 1210 3174; x_wconf 90' lang='lat' dir='ltr'><strong>personis</strong></span> <span class='ocrx_word' id='word_1_450' title='bbox 1271 3103 1389 3172; x_wconf 90' lang='lat' dir='ltr'><strong>pari</strong></span> <span class='ocrx_word' id='word_1_451' title='bbox 1432 3103 1594 3159; x_wconf 93' lang='lat' dir='ltr'><strong>modo</strong></span> <span class='ocrx_word' id='word_1_452' title='bbox 1635 3112 2047 3160; x_wconf 88' lang='lat' dir='ltr'><strong>annumeretur.</strong></span> 
     </span>
    </p>
   </div>
   <div class='ocr_carea' id='block_1_65' title="bbox 465 3179 2051 3265">
    <p class='ocr_par' dir='ltr' id='par_1_65' title="bbox 465 3179 2051 3265">
     <span class='ocr_line' id='line_1_65' title="bbox 465 3179 2051 3265; baseline 0.001 -16"><span class='ocrx_word' id='word_1_453' title='bbox 465 3193 664 3251; x_wconf 76' lang='lat' dir='ltr'><strong>Noster</strong></span> <span class='ocrx_word' id='word_1_454' title='bbox 693 3193 860 3265; x_wconf 86' lang='lat' dir='ltr'><strong>igitur</strong></span> <span class='ocrx_word' id='word_1_455' title='bbox 888 3209 1071 3249; x_wconf 86' lang='lat' dir='ltr'><strong>sermo</strong></span> <span class='ocrx_word' id='word_1_456' title='bbox 1104 3179 1539 3248; x_wconf 70' lang='lat' dir='ltr'><strong>incarnationem</strong></span> <span class='ocrx_word' id='word_1_457' title='bbox 1571 3194 1881 3264; x_wconf 88' lang='lat' dir='ltr'><strong>proﬁtetur,</strong></span> <span class='ocrx_word' id='word_1_458' title='bbox 1911 3209 2051 3265; x_wconf 87' lang='lat' dir='ltr'><strong>qua-</strong></span> 
     </span>
    </p>
   </div>
   <div class='ocr_carea' id='block_1_66' title="bbox 465 3283 2052 3351">
    <p class='ocr_par' dir='ltr' id='par_1_66' title="bbox 465 3283 2052 3351">
     <span class='ocr_line' id='line_1_66' title="bbox 465 3283 2052 3351; baseline -0.001 -9"><span class='ocrx_word' id='word_1_459' title='bbox 465 3286 806 3351; x_wconf 66' lang='lat' dir='ltr'><strong>ter-nitatem,</strong></span> <span class='ocrx_word' id='word_1_460' title='bbox 837 3293 896 3339; x_wconf 94' lang='lat' dir='ltr'><strong>ut</strong></span> <span class='ocrx_word' id='word_1_461' title='bbox 948 3284 1084 3350; x_wconf 80' lang='lat' dir='ltr'><strong>dixi,</strong></span> <span class='ocrx_word' id='word_1_462' title='bbox 1113 3298 1226 3337; x_wconf 91' lang='lat' dir='ltr'><strong>non</strong></span> <span class='ocrx_word' id='word_1_463' title='bbox 1284 3283 1517 3349; x_wconf 90' lang='lat' dir='ltr'><strong>inducit,</strong></span> <span class='ocrx_word' id='word_1_464' title='bbox 1559 3291 1614 3340; x_wconf 89' lang='lat' dir='ltr'><strong>et</strong></span> <span class='ocrx_word' id='word_1_465' title='bbox 1646 3283 1812 3341; x_wconf 77' lang='lat' dir='ltr'><strong>Verbi</strong></span> <span class='ocrx_word' id='word_1_466' title='bbox 1867 3293 2052 3341; x_wconf 90' lang='lat' dir='ltr'><strong>tuetur</strong></span> 
     </span>
    </p>
   </div>
   <div class='ocr_carea' id='block_1_67' title="bbox 468 3374 2049 3447">
    <p class='ocr_par' dir='ltr' id='par_1_67' title="bbox 468 3374 2049 3447">
     <span class='ocr_line' id='line_1_67' title="bbox 468 3374 2049 3447; baseline 0.001 -14"><span class='ocrx_word' id='word_1_467' title='bbox 468 3378 993 3447; x_wconf 88' lang='lat' dir='ltr'><strong>impassibilitatem,</strong></span> <span class='ocrx_word' id='word_1_468' title='bbox 1020 3383 1075 3430; x_wconf 90' lang='lat' dir='ltr'><strong>et</strong></span> <span class='ocrx_word' id='word_1_469' title='bbox 1106 3374 1409 3446; x_wconf 84' lang='lat' dir='ltr'><strong>Scripturis</strong></span> <span class='ocrx_word' id='word_1_470' title='bbox 1446 3377 1720 3434; x_wconf 80' lang='lat' dir='ltr'><strong>universis</strong></span> <span class='ocrx_word' id='word_1_471' title='bbox 1747 3378 2049 3434; x_wconf 88' lang='lat' dir='ltr'><strong>consentit.</strong></span> 
     </span>
    </p>
   </div>
   <div class='ocr_carea' id='block_1_68' title="bbox 467 3464 2051 3525">
    <p class='ocr_par' dir='ltr' id='par_1_68' title="bbox 467 3464 2051 3525">
     <span class='ocr_line' id='line_1_68' title="bbox 467 3464 2051 3525; baseline 0.001 -2"><span class='ocrx_word' id='word_1_472' title='bbox 467 3468 924 3523; x_wconf 82' lang='lat' dir='ltr'><strong>Adversariorum</strong></span> <span class='ocrx_word' id='word_1_473' title='bbox 982 3480 1115 3522; x_wconf 86' lang='lat' dir='ltr'><strong>vero</strong></span> <span class='ocrx_word' id='word_1_474' title='bbox 1166 3464 1419 3521; x_wconf 90' lang='lat' dir='ltr'><strong>doctrina</strong></span> <span class='ocrx_word' id='word_1_475' title='bbox 1442 3475 1497 3523; x_wconf 90' lang='lat' dir='ltr'><strong>et</strong></span> <span class='ocrx_word' id='word_1_476' title='bbox 1539 3467 1698 3524; x_wconf 90' lang='lat' dir='ltr'><strong>ﬁdem</strong></span> <span class='ocrx_word' id='word_1_477' title='bbox 1735 3484 1951 3525; x_wconf 88' lang='lat' dir='ltr'><strong>omnem</strong></span> <span class='ocrx_word' id='word_1_478' title='bbox 1982 3469 2051 3525; x_wconf 89' lang='lat' dir='ltr'><strong>iis</strong></span> 
     </span>
    </p>
   </div>
   <div class='ocr_carea' id='block_1_69' title="bbox 467 3557 2052 3630">
    <p class='ocr_par' dir='ltr' id='par_1_69' title="bbox 467 3557 2052 3630">
     <span class='ocr_line' id='line_1_69' title="bbox 467 3557 2052 3630; baseline 0.001 -17"><span class='ocrx_word' id='word_1_479' title='bbox 467 3575 591 3630; x_wconf 68' lang='lat' dir='ltr'><strong>quae</strong></span> <span class='ocrx_word' id='word_1_480' title='bbox 622 3559 691 3615; x_wconf 92' lang='lat' dir='ltr'><strong>ab</strong></span> <span class='ocrx_word' id='word_1_481' title='bbox 724 3559 883 3613; x_wconf 92' lang='lat' dir='ltr'><strong>initio</strong></span> <span class='ocrx_word' id='word_1_482' title='bbox 920 3557 1127 3627; x_wconf 89' lang='lat' dir='ltr'><strong>scripta</strong></span> <span class='ocrx_word' id='word_1_483' title='bbox 1160 3564 1289 3613; x_wconf 87' lang='lat' dir='ltr'><strong>sunt</strong></span> <span class='ocrx_word' id='word_1_484' title='bbox 1321 3566 1502 3629; x_wconf 83' lang='lat' dir='ltr'><strong>negat,</strong></span> <span class='ocrx_word' id='word_1_485' title='bbox 1535 3566 1590 3614; x_wconf 90' lang='lat' dir='ltr'><strong>et</strong></span> <span class='ocrx_word' id='word_1_486' title='bbox 1622 3561 1807 3616; x_wconf 89' lang='lat' dir='ltr'><strong>carnis</strong></span> <span class='ocrx_word' id='word_1_487' title='bbox 1836 3576 2052 3616; x_wconf 79' lang='lat' dir='ltr'><strong>assum—</strong></span> 
     </span>
    </p>
   </div>
   <div class='ocr_carea' id='block_1_70' title="bbox 468 3648 2053 3722">
    <p class='ocr_par' dir='ltr' id='par_1_70' title="bbox 468 3648 2053 3722">
     <span class='ocr_line' id='line_1_70' title="bbox 468 3648 2053 3722; baseline 0.003 -19"><span class='ocrx_word' id='word_1_488' title='bbox 468 3652 715 3722; x_wconf 87' lang='lat' dir='ltr'><strong>ptionem</strong></span> <span class='ocrx_word' id='word_1_489' title='bbox 752 3650 966 3720; x_wconf 80' lang='lat' dir='ltr'><strong>rejicit;</strong></span> <span class='ocrx_word' id='word_1_490' title='bbox 994 3650 1230 3720; x_wconf 80' lang='lat' dir='ltr'><strong>denique</strong></span> <span class='ocrx_word' id='word_1_491' title='bbox 1262 3657 1357 3705; x_wconf 85' lang='lat' dir='ltr'><strong>aut</strong></span> <span class='ocrx_word' id='word_1_492' title='bbox 1392 3648 1631 3706; x_wconf 80' lang='lat' dir='ltr'><strong>Verbum</strong></span> <span class='ocrx_word' id='word_1_493' title='bbox 1666 3650 1835 3707; x_wconf 88' lang='lat' dir='ltr'><strong>Deum</strong></span> <span class='ocrx_word' id='word_1_494' title='bbox 1874 3660 2053 3707; x_wconf 88' lang='lat' dir='ltr'><strong>muta-</strong></span> 
     </span>
    </p>
   </div>
   <div class='ocr_carea' id='block_1_71' title="bbox 467 3741 2050 3815">
    <p class='ocr_par' dir='ltr' id='par_1_71' title="bbox 467 3741 2050 3815">
     <span class='ocr_line' id='line_1_71' title="bbox 467 3741 2050 3815; baseline 0.002 -20"><span class='ocrx_word' id='word_1_495' title='bbox 467 3752 584 3796; x_wconf 88' lang='lat' dir='ltr'><strong>tum</strong></span> <span class='ocrx_word' id='word_1_496' title='bbox 617 3752 672 3798; x_wconf 92' lang='lat' dir='ltr'><strong>et</strong></span> <span class='ocrx_word' id='word_1_497' title='bbox 706 3758 948 3813; x_wconf 82' lang='lat' dir='ltr'><strong>passum,</strong></span> <span class='ocrx_word' id='word_1_498' title='bbox 983 3750 1077 3796; x_wconf 86' lang='lat' dir='ltr'><strong>aut</strong></span> <span class='ocrx_word' id='word_1_499' title='bbox 1110 3742 1232 3797; x_wconf 89' lang='lat' dir='ltr'><strong>ﬁcte</strong></span> <span class='ocrx_word' id='word_1_500' title='bbox 1254 3750 1409 3813; x_wconf 85' lang='lat' dir='ltr'><strong>gesta</strong></span> <span class='ocrx_word' id='word_1_501' title='bbox 1434 3741 1608 3799; x_wconf 83' lang='lat' dir='ltr'><strong>fuisse</strong></span> <span class='ocrx_word' id='word_1_502' title='bbox 1632 3744 1819 3798; x_wconf 92' lang='lat' dir='ltr'><strong>omnia</strong></span> <span class='ocrx_word' id='word_1_503' title='bbox 1844 3744 2050 3815; x_wconf 92' lang='lat' dir='ltr'><strong>liquido</strong></span> 
     </span>
    </p>
   </div>
   <div class='ocr_carea' id='block_1_72' title="bbox 468 3832 2051 3899">
    <p class='ocr_par' dir='ltr' id='par_1_72' title="bbox 468 3832 2051 3899">
     <span class='ocr_line' id='line_1_72' title="bbox 468 3832 2051 3899; baseline 0.001 -12"><span class='ocrx_word' id='word_1_504' title='bbox 468 3832 733 3888; x_wconf 87' lang='lat' dir='ltr'><strong>declarat.</strong></span> <span class='ocrx_word' id='word_1_505' title='bbox 758 3832 913 3899; x_wconf 88' lang='lat' dir='ltr'><strong>Quod</strong></span> <span class='ocrx_word' id='word_1_506' title='bbox 958 3834 1006 3887; x_wconf 90' lang='lat' dir='ltr'><strong>si</strong></span> <span class='ocrx_word' id='word_1_507' title='bbox 1040 3834 1165 3888; x_wconf 85' lang='lat' dir='ltr'><strong>ideo</strong></span> <span class='ocrx_word' id='word_1_508' title='bbox 1199 3848 1419 3887; x_wconf 90' lang='lat' dir='ltr'><strong>carnem</strong></span> <span class='ocrx_word' id='word_1_509' title='bbox 1455 3835 1772 3890; x_wconf 83' lang='lat' dir='ltr'><strong>necessario</strong></span> <span class='ocrx_word' id='word_1_510' title='bbox 1804 3835 1965 3890; x_wconf 90' lang='lat' dir='ltr'><strong>nobis</strong></span> <span class='ocrx_word' id='word_1_511' title='bbox 1995 3836 2051 3889; x_wconf 91' lang='lat' dir='ltr'><strong>in</strong></span> 
     </span>
    </p>
   </div>
   <div class='ocr_carea' id='block_1_73' title="bbox 470 3923 2049 3997">
    <p class='ocr_par' dir='ltr' id='par_1_73' title="bbox 470 3923 2049 3997">
     <span class='ocr_line' id='line_1_73' title="bbox 470 3923 2049 3997; baseline 0.001 -18"><span class='ocrx_word' id='word_1_512' title='bbox 470 3925 858 3995; x_wconf 89' lang='lat' dir='ltr'><strong>quaternitatis</strong></span> <span class='ocrx_word' id='word_1_513' title='bbox 894 3939 1183 3978; x_wconf 75' lang='lat' dir='ltr'><strong>numer-um</strong></span> <span class='ocrx_word' id='word_1_514' title='bbox 1213 3923 1424 3978; x_wconf 89' lang='lat' dir='ltr'><strong>ducunt</strong></span> <span class='ocrx_word' id='word_1_515' title='bbox 1480 3925 1877 3992; x_wconf 83' lang='lat' dir='ltr'><strong>asciscendam,</strong></span> <span class='ocrx_word' id='word_1_516' title='bbox 1903 3926 2049 3997; x_wconf 91' lang='lat' dir='ltr'><strong>quod</strong></span> 
     </span>
    </p>
   </div>
   <div class='ocr_carea' id='block_1_74' title="bbox 470 4016 2052 4089">
    <p class='ocr_par' dir='ltr' id='par_1_74' title="bbox 470 4016 2052 4089">
     <span class='ocr_line' id='line_1_74' title="bbox 470 4016 2052 4089; baseline 0.001 -18"><span class='ocrx_word' id='word_1_517' title='bbox 470 4031 565 4089; x_wconf 90' lang='lat' dir='ltr'><strong>per</strong></span> <span class='ocrx_word' id='word_1_518' title='bbox 595 4017 968 4072; x_wconf 86' lang='lat' dir='ltr'><strong>mediatriceui</strong></span> <span class='ocrx_word' id='word_1_519' title='bbox 997 4016 1350 4087; x_wconf 89' lang='lat' dir='ltr'><strong>purissimam</strong></span> <span class='ocrx_word' id='word_1_520' title='bbox 1382 4030 1602 4071; x_wconf 89' lang='lat' dir='ltr'><strong>carnem</strong></span> <span class='ocrx_word' id='word_1_521' title='bbox 1626 4018 1797 4071; x_wconf 89' lang='lat' dir='ltr'><strong>multa</strong></span> <span class='ocrx_word' id='word_1_522' title='bbox 1832 4033 1935 4073; x_wconf 92' lang='lat' dir='ltr'><strong>nos</strong></span> <span class='ocrx_word' id='word_1_523' title='bbox 1962 4018 2052 4073; x_wconf 86' lang='lat' dir='ltr'><strong>be-</strong></span> 
     </span>
    </p>
   </div>
   <div class='ocr_carea' id='block_1_75' title="bbox 470 4108 2049 4180">
    <p class='ocr_par' dir='ltr' id='par_1_75' title="bbox 470 4108 2049 4180">
     <span class='ocr_line' id='line_1_75' title="bbox 470 4108 2049 4180; baseline 0.001 -16"><span class='ocrx_word' id='word_1_524' title='bbox 470 4108 662 4164; x_wconf 85' lang='lat' dir='ltr'><strong>neﬁcia</strong></span> <span class='ocrx_word' id='word_1_525' title='bbox 687 4111 998 4180; x_wconf 79' lang='lat' dir='ltr'><strong>aecepimus</strong></span> <span class='ocrx_word' id='word_1_526' title='bbox 1015 4116 1065 4164; x_wconf 93' lang='lat' dir='ltr'><strong>et</strong></span> <span class='ocrx_word' id='word_1_527' title='bbox 1100 4116 1421 4178; x_wconf 85' lang='lat' dir='ltr'><strong>accepturos</strong></span> <span class='ocrx_word' id='word_1_528' title='bbox 1442 4109 1701 4179; x_wconf 82' lang='lat' dir='ltr'><strong>deinceps</strong></span> <span class='ocrx_word' id='word_1_529' title='bbox 1733 4125 2049 4179; x_wconf 88' lang='lat' dir='ltr'><strong>speramus:</strong></span> 
     </span>
    </p>
   </div>
   <div class='ocr_carea' id='block_1_76' title="bbox 472 4201 2049 4272">
    <p class='ocr_par' dir='ltr' id='par_1_76' title="bbox 472 4201 2049 4272">
     <span class='ocr_line' id='line_1_76' title="bbox 472 4201 2049 4272; baseline 0.001 -15"><span class='ocrx_word' id='word_1_530' title='bbox 472 4209 642 4257; x_wconf 86' lang='lat' dir='ltr'><strong>restat</strong></span> <span class='ocrx_word' id='word_1_531' title='bbox 675 4208 734 4255; x_wconf 93' lang='lat' dir='ltr'><strong>ut</strong></span> <span class='ocrx_word' id='word_1_532' title='bbox 781 4210 960 4272; x_wconf 79' lang='lat' dir='ltr'><strong>togam</strong></span> <span class='ocrx_word' id='word_1_533' title='bbox 998 4201 1166 4266; x_wconf 89' lang='lat' dir='ltr'><strong>illam,</strong></span> <span class='ocrx_word' id='word_1_534' title='bbox 1209 4204 1369 4271; x_wconf 88' lang='lat' dir='ltr'><strong>cujus</strong></span> <span class='ocrx_word' id='word_1_535' title='bbox 1418 4218 1573 4258; x_wconf 92' lang='lat' dir='ltr'><strong>oram</strong></span> <span class='ocrx_word' id='word_1_536' title='bbox 1631 4203 1727 4258; x_wconf 91' lang='lat' dir='ltr'><strong>ubi</strong></span> <span class='ocrx_word' id='word_1_537' title='bbox 1778 4218 1902 4257; x_wconf 91' lang='lat' dir='ltr'><strong>cum</strong></span> <span class='ocrx_word' id='word_1_538' title='bbox 1945 4202 2049 4259; x_wconf 91' lang='lat' dir='ltr'><strong>ﬁde</strong></span> 
     </span>
    </p>
   </div>
   <div class='ocr_carea' id='block_1_77' title="bbox 362 4291 2049 4365">
    <p class='ocr_par' dir='ltr' id='par_1_77' title="bbox 362 4291 2049 4365">
     <span class='ocr_line' id='line_1_77' title="bbox 362 4291 2049 4365; baseline 0.001 -17"><span class='ocrx_word' id='word_1_539' title='bbox 362 4291 370 4297; x_wconf 90' lang='grc'><em>’</em></span> <span class='ocrx_word' id='word_1_540' title='bbox 471 4294 743 4364; x_wconf 86' lang='lat' dir='ltr'><strong>tetigisset</strong></span> <span class='ocrx_word' id='word_1_541' title='bbox 803 4294 894 4348; x_wconf 87' lang='lat' dir='ltr'><strong>illa</strong></span> <span class='ocrx_word' id='word_1_542' title='bbox 924 4294 1127 4350; x_wconf 79' lang='lat' dir='ltr'><strong>fontem</strong></span> <span class='ocrx_word' id='word_1_543' title='bbox 1165 4295 1452 4365; x_wconf 87' lang='lat' dir='ltr'><strong>sanguinis</strong></span> <span class='ocrx_word' id='word_1_544' title='bbox 1492 4294 1889 4351; x_wconf 83' lang='lat' dir='ltr'><strong>circumferens</strong></span> <span class='ocrx_word' id='word_1_545' title='bbox 1927 4312 2049 4352; x_wconf 88' lang='lat' dir='ltr'><strong>mu-</strong></span> 
     </span>
    </p>
   </div>
   <div class='ocr_carea' id='block_1_78' title="bbox 2151 3097 3746 3173">
    <p class='ocr_par' dir='ltr' id='par_1_78' title="bbox 2151 3097 3746 3173">
     <span class='ocr_line' id='line_1_78' title="bbox 2151 3097 3746 3173; baseline 0.004 -21"><span class='ocrx_word' id='word_1_546' title='bbox 2151 3097 2426 3171; x_wconf 84' lang='grc' dir='ltr'>όμολογεῖ,</span> <span class='ocrx_word' id='word_1_547' title='bbox 2463 3100 2559 3152; x_wconf 74' lang='grc' dir='ltr'>καὶ</span> <span class='ocrx_word' id='word_1_548' title='bbox 2605 3099 2857 3171; x_wconf 85' lang='grc' dir='ltr'>τετράδα,</span> <span class='ocrx_word' id='word_1_549' title='bbox 2895 3100 3078 3166; x_wconf 85' lang='grc' dir='ltr'>καθώς</span> <span class='ocrx_word' id='word_1_550' title='bbox 3128 3118 3313 3173; x_wconf 85' lang='grc' dir='ltr'>φησιν,</span> <span class='ocrx_word' id='word_1_551' title='bbox 3341 3102 3400 3155; x_wconf 88' lang='grc' dir='ltr'>οὐ</span> <span class='ocrx_word' id='word_1_552' title='bbox 3436 3106 3601 3167; x_wconf 89' lang='grc' dir='ltr'>ποιεῖ,</span> <span class='ocrx_word' id='word_1_553' title='bbox 3642 3104 3746 3159; x_wconf 73' lang='grc' dir='ltr'>καὶ</span> 
     </span>
    </p>
   </div>
   <div class='ocr_carea' id='block_1_79' title="bbox 2153 3186 3747 3269">
    <p class='ocr_par' dir='ltr' id='par_1_79' title="bbox 2153 3186 3747 3269">
     <span class='ocr_line' id='line_1_79' title="bbox 2153 3186 3747 3269; baseline 0.006 -30"><span class='ocrx_word' id='word_1_554' title='bbox 2153 3186 2410 3255; x_wconf 80' lang='grc' dir='ltr'>φυλάττει</span> <span class='ocrx_word' id='word_1_555' title='bbox 2442 3188 2519 3260; x_wconf 85' lang='grc' dir='ltr'><strong>τῷ</strong></span> <span class='ocrx_word' id='word_1_556' title='bbox 2550 3189 2706 3261; x_wconf 83' lang='grc' dir='ltr'>Λόγῳ</span> <span class='ocrx_word' id='word_1_557' title='bbox 2737 3190 2797 3243; x_wconf 81' lang='grc' dir='ltr'>τὸ</span> <span class='ocrx_word' id='word_1_558' title='bbox 2829 3191 3057 3256; x_wconf 88' lang='grc' dir='ltr'>ἀπαθὲς,</span> <span class='ocrx_word' id='word_1_559' title='bbox 3092 3194 3187 3245; x_wconf 75' lang='grc' dir='ltr'>καὶ</span> <span class='ocrx_word' id='word_1_560' title='bbox 3215 3193 3353 3265; x_wconf 70' lang='grc' dir='ltr'>πρὸς</span> <span class='ocrx_word' id='word_1_561' title='bbox 3389 3194 3570 3258; x_wconf 80' lang='grc' dir='ltr'>πάσας</span> <span class='ocrx_word' id='word_1_562' title='bbox 3601 3212 3747 3269; x_wconf 85' lang='grc' dir='ltr'>συμ-</span> 
     </span>
    </p>
   </div>
   <div class='ocr_carea' id='block_1_80' title="bbox 2152 3279 3747 3359">
    <p class='ocr_par' dir='ltr' id='par_1_80' title="bbox 2152 3279 3747 3359">
     <span class='ocr_line' id='line_1_80' title="bbox 2152 3279 3747 3359; baseline 0.007 -28"><span class='ocrx_word' id='word_1_563' title='bbox 2152 3282 2321 3348; x_wconf 77' lang='grc' dir='ltr'>φωνεῖ</span> <span class='ocrx_word' id='word_1_564' title='bbox 2347 3279 2445 3343; x_wconf 89' lang='grc' dir='ltr'><strong>τὰς</strong></span> <span class='ocrx_word' id='word_1_565' title='bbox 2510 3281 2672 3349; x_wconf 84' lang='grc' dir='ltr'>ἁγίας</span> <span class='ocrx_word' id='word_1_566' title='bbox 2705 3282 2956 3354; x_wconf 88' lang='grc' dir='ltr'>Γραφάς·</span> <span class='ocrx_word' id='word_1_567' title='bbox 2988 3285 3022 3355; x_wconf 86' lang='grc' dir='ltr'>ἡ</span> <span class='ocrx_word' id='word_1_568' title='bbox 3062 3283 3119 3337; x_wconf 84' lang='grc' dir='ltr'>δὲ</span> <span class='ocrx_word' id='word_1_569' title='bbox 3149 3285 3257 3339; x_wconf 84' lang='grc' dir='ltr'>τῶν</span> <span class='ocrx_word' id='word_1_570' title='bbox 3287 3288 3546 3341; x_wconf 83' lang='grc' dir='ltr'>ἐναντίων</span> <span class='ocrx_word' id='word_1_571' title='bbox 3577 3306 3747 3359; x_wconf 85' lang='grc' dir='ltr'>νομο-</span> 
     </span>
    </p>
   </div>
   <div class='ocr_carea' id='block_1_81' title="bbox 2151 3367 3749 3448">
    <p class='ocr_par' dir='ltr' id='par_1_81' title="bbox 2151 3367 3749 3448">
     <span class='ocr_line' id='line_1_81' title="bbox 2151 3367 3749 3448; baseline 0.009 -27"><span class='ocrx_word' id='word_1_572' title='bbox 2151 3367 2309 3423; x_wconf 88' lang='grc' dir='ltr'>θεσία</span> <span class='ocrx_word' id='word_1_573' title='bbox 2338 3370 2434 3422; x_wconf 81' lang='grc' dir='ltr'>καὶ</span> <span class='ocrx_word' id='word_1_574' title='bbox 2463 3372 2576 3434; x_wconf 88' lang='grc' dir='ltr'>τοῖς</span> <span class='ocrx_word' id='word_1_575' title='bbox 2613 3374 3025 3445; x_wconf 84' lang='grc' dir='ltr'>γεγραμμένοις</span> <span class='ocrx_word' id='word_1_576' title='bbox 3048 3376 3144 3429; x_wconf 87' lang='grc' dir='ltr'><strong>ἀπ’</strong></span> <span class='ocrx_word' id='word_1_577' title='bbox 3170 3377 3347 3448; x_wconf 78' lang='grc' dir='ltr'>ἀρχῆς</span> <span class='ocrx_word' id='word_1_578' title='bbox 3381 3380 3620 3443; x_wconf 71' lang='grc' dir='ltr'>ἀπειθεῖ,</span> <span class='ocrx_word' id='word_1_579' title='bbox 3646 3384 3749 3437; x_wconf 78' lang='grc' dir='ltr'>καὶ</span> 
     </span>
    </p>
   </div>
   <div class='ocr_carea' id='block_1_82' title="bbox 2149 3465 3749 3544">
    <p class='ocr_par' dir='ltr' id='par_1_82' title="bbox 2149 3465 3749 3544">
     <span class='ocr_line' id='line_1_82' title="bbox 2149 3465 3749 3544; baseline 0.008 -27"><span class='ocrx_word' id='word_1_580' title='bbox 2149 3465 2251 3535; x_wconf 80' lang='grc' dir='ltr'>τῆς</span> <span class='ocrx_word' id='word_1_581' title='bbox 2287 3465 2490 3537; x_wconf 86' lang='grc' dir='ltr'>σαρκὸς</span> <span class='ocrx_word' id='word_1_582' title='bbox 2524 3465 2622 3538; x_wconf 75' lang='grc' dir='ltr'>τὴν</span> <span class='ocrx_word' id='word_1_583' title='bbox 2652 3468 2921 3540; x_wconf 77' lang='grc' dir='ltr'>ἀνάληψιν</span> <span class='ocrx_word' id='word_1_584' title='bbox 2946 3470 3149 3535; x_wconf 76' lang='grc' dir='ltr'>ἀθετεῖ,</span> <span class='ocrx_word' id='word_1_585' title='bbox 3177 3473 3273 3526; x_wconf 71' lang='grc' dir='ltr'>καὶ</span> <span class='ocrx_word' id='word_1_586' title='bbox 3297 3473 3388 3526; x_wconf 82' lang='grc' dir='ltr'>τὸν</span> <span class='ocrx_word' id='word_1_587' title='bbox 3406 3473 3540 3527; x_wconf 77' lang='grc' dir='ltr'>Θεὸν</span> <span class='ocrx_word' id='word_1_588' title='bbox 3565 3475 3749 3544; x_wconf 85' lang='grc' dir='ltr'>Λόγον</span> 
     </span>
    </p>
   </div>
   <div class='ocr_carea' id='block_1_83' title="bbox 2150 3559 3747 3634">
    <p class='ocr_par' dir='ltr' id='par_1_83' title="bbox 2150 3559 3747 3634">
     <span class='ocr_line' id='line_1_83' title="bbox 2150 3559 3747 3634; baseline 0.004 -21"><span class='ocrx_word' id='word_1_589' title='bbox 2150 3559 2449 3631; x_wconf 85' lang='grc' dir='ltr'>τετράφθαι</span> <span class='ocrx_word' id='word_1_590' title='bbox 2490 3561 2585 3614; x_wconf 78' lang='grc' dir='ltr'>καὶ</span> <span class='ocrx_word' id='word_1_591' title='bbox 2628 3561 2954 3615; x_wconf 84' lang='grc' dir='ltr'>πεπονθέναι</span> <span class='ocrx_word' id='word_1_592' title='bbox 2998 3562 3166 3634; x_wconf 86' lang='grc' dir='ltr'>δηλοῖ,</span> <span class='ocrx_word' id='word_1_593' title='bbox 3196 3562 3229 3631; x_wconf 78' lang='grc' dir='ltr'><strong>ἢ</strong></span> <span class='ocrx_word' id='word_1_594' title='bbox 3261 3565 3402 3616; x_wconf 85' lang='grc' dir='ltr'><strong>κατά</strong></span> <span class='ocrx_word' id='word_1_595' title='bbox 3433 3566 3747 3634; x_wconf 72' lang='grc' dir='ltr'>φαντασίαν</span> 
     </span>
    </p>
   </div>
   <div class='ocr_carea' id='block_1_84' title="bbox 2154 3652 3744 3733">
    <p class='ocr_par' dir='ltr' id='par_1_84' title="bbox 2154 3652 3744 3733">
     <span class='ocr_line' id='line_1_84' title="bbox 2154 3652 3744 3733; baseline 0.005 -27"><span class='ocrx_word' id='word_1_596' title='bbox 2154 3652 2332 3706; x_wconf 73' lang='grc' dir='ltr'>πάντα</span> <span class='ocrx_word' id='word_1_597' title='bbox 2372 3652 2756 3724; x_wconf 84' lang='grc' dir='ltr'>ἐπιδεδεῖχθαι.</span> <span class='ocrx_word' id='word_1_598' title='bbox 2786 3654 2850 3707; x_wconf 77' lang='lat' dir='ltr'><strong>Ei</strong></span> <span class='ocrx_word' id='word_1_599' title='bbox 2875 3655 2933 3709; x_wconf 85' lang='grc' dir='ltr'>δὲ</span> <span class='ocrx_word' id='word_1_600' title='bbox 2964 3654 3051 3708; x_wconf 81' lang='grc' dir='ltr'><strong>διὰ</strong></span> <span class='ocrx_word' id='word_1_601' title='bbox 3090 3655 3292 3721; x_wconf 77' lang='grc' dir='ltr'>πολλὰς</span> <span class='ocrx_word' id='word_1_602' title='bbox 3330 3658 3480 3729; x_wconf 77' lang='grc' dir='ltr'>ἡμᾶς</span> <span class='ocrx_word' id='word_1_603' title='bbox 3510 3660 3744 3733; x_wconf 82' lang='grc' dir='ltr'>εὐεργε-</span> 
     </span>
    </p>
   </div>
   <div class='ocr_carea' id='block_1_85' title="bbox 2154 3742 3747 3824">
    <p class='ocr_par' dir='ltr' id='par_1_85' title="bbox 2154 3742 3747 3824">
     <span class='ocr_line' id='line_1_85' title="bbox 2154 3742 3747 3824; baseline 0.008 -30"><span class='ocrx_word' id='word_1_604' title='bbox 2154 3742 2272 3807; x_wconf 90' lang='grc' dir='ltr'>σίας</span> <span class='ocrx_word' id='word_1_605' title='bbox 2302 3743 2390 3797; x_wconf 78' lang='grc' dir='ltr'><strong>διὰ</strong></span> <span class='ocrx_word' id='word_1_606' title='bbox 2430 3745 2530 3815; x_wconf 86' lang='grc' dir='ltr'>τῆς</span> <span class='ocrx_word' id='word_1_607' title='bbox 2576 3745 2966 3818; x_wconf 86' lang='grc' dir='ltr'>μεσιτευούσης</span> <span class='ocrx_word' id='word_1_608' title='bbox 2988 3748 3259 3819; x_wconf 86' lang='grc' dir='ltr'>ἀχράντου</span> <span class='ocrx_word' id='word_1_609' title='bbox 3295 3752 3497 3821; x_wconf 81' lang='grc' dir='ltr'>σαρκὸς</span> <span class='ocrx_word' id='word_1_610' title='bbox 3517 3752 3747 3824; x_wconf 77' lang='grc' dir='ltr'>εἰληφέ-</span> 
     </span>
    </p>
   </div>
   <div class='ocr_carea' id='block_1_86' title="bbox 2152 3836 3746 3914">
    <p class='ocr_par' dir='ltr' id='par_1_86' title="bbox 2152 3836 3746 3914">
     <span class='ocr_line' id='line_1_86' title="bbox 2152 3836 3746 3914; baseline 0.009 -30"><span class='ocrx_word' id='word_1_611' title='bbox 2152 3849 2242 3885; x_wconf 91' lang='grc' dir='ltr'><strong>ναι</strong></span> <span class='ocrx_word' id='word_1_612' title='bbox 2274 3850 2333 3887; x_wconf 89' lang='grc' dir='ltr'><strong>τε</strong></span> <span class='ocrx_word' id='word_1_613' title='bbox 2355 3836 2450 3888; x_wconf 73' lang='grc' dir='ltr'>καὶ</span> <span class='ocrx_word' id='word_1_614' title='bbox 2477 3836 2743 3907; x_wconf 79' lang='grc' dir='ltr'>λήψεσθαι</span> <span class='ocrx_word' id='word_1_615' title='bbox 2792 3839 3043 3903; x_wconf 78' lang='grc' dir='ltr'>ἐλπίζειν.</span> <span class='ocrx_word' id='word_1_616' title='bbox 3059 3840 3456 3910; x_wconf 82' lang='grc' dir='ltr'>ἀναγκάζουσιν</span> <span class='ocrx_word' id='word_1_617' title='bbox 3476 3846 3629 3914; x_wconf 77' lang='grc' dir='ltr'>ἡμᾶς</span> <span class='ocrx_word' id='word_1_618' title='bbox 3661 3849 3746 3911; x_wconf 86' lang='grc' dir='ltr'><strong>είς</strong></span> 
     </span>
    </p>
   </div>
   <div class='ocr_carea' id='block_1_87' title="bbox 2152 3924 3749 4011">
    <p class='ocr_par' dir='ltr' id='par_1_87' title="bbox 2152 3924 3749 4011">
     <span class='ocr_line' id='line_1_87' title="bbox 2152 3924 3749 4011; baseline 0.01 -35"><span class='ocrx_word' id='word_1_619' title='bbox 2152 3924 2384 3996; x_wconf 85' lang='grc' dir='ltr'>ἀριθμὸν</span> <span class='ocrx_word' id='word_1_620' title='bbox 2436 3927 2694 4000; x_wconf 83' lang='grc' dir='ltr'>τετράδος</span> <span class='ocrx_word' id='word_1_621' title='bbox 2729 3930 3180 4003; x_wconf 72' lang='grc' dir='ltr'>παραλαμϐάνειν</span> <span class='ocrx_word' id='word_1_622' title='bbox 3221 3933 3321 4005; x_wconf 83' lang='grc' dir='ltr'>τὴν</span> <span class='ocrx_word' id='word_1_623' title='bbox 3380 3935 3587 4007; x_wconf 73' lang='grc' dir='ltr'>σάρκαο</span> <span class='ocrx_word' id='word_1_624' title='bbox 3622 3936 3749 4011; x_wconf 80' lang='grc' dir='ltr'>ὥρα</span> 
     </span>
    </p>
   </div>
   <div class='ocr_carea' id='block_1_88' title="bbox 2153 4016 3748 4096">
    <p class='ocr_par' dir='ltr' id='par_1_88' title="bbox 2153 4016 3748 4096">
     <span class='ocr_line' id='line_1_88' title="bbox 2153 4016 3748 4096; baseline 0.01 -29"><span class='ocrx_word' id='word_1_625' title='bbox 2153 4016 2337 4079; x_wconf 84' lang='grc' dir='ltr'>αὐτοῖς</span> <span class='ocrx_word' id='word_1_626' title='bbox 2374 4018 2469 4071; x_wconf 79' lang='grc' dir='ltr'>καὶ</span> <span class='ocrx_word' id='word_1_627' title='bbox 2500 4018 2562 4071; x_wconf 86' lang='grc' dir='ltr'>τὸ</span> <span class='ocrx_word' id='word_1_628' title='bbox 2587 4021 2799 4091; x_wconf 85' lang='grc' dir='ltr'>ίμάτιόν</span> <span class='ocrx_word' id='word_1_629' title='bbox 2835 4038 2937 4074; x_wconf 89' lang='grc' dir='ltr'><strong>που</strong></span> <span class='ocrx_word' id='word_1_630' title='bbox 2968 4023 3061 4077; x_wconf 84' lang='grc' dir='ltr'>τοῦ</span> <span class='ocrx_word' id='word_1_631' title='bbox 3089 4025 3416 4095; x_wconf 81' lang='grc' dir='ltr'>κρασπέδου,</span> <span class='ocrx_word' id='word_1_632' title='bbox 3445 4020 3505 4080; x_wconf 77' lang='grc' dir='ltr'><strong>οὗ</strong></span> <span class='ocrx_word' id='word_1_633' title='bbox 3528 4030 3748 4096; x_wconf 83' lang='grc' dir='ltr'>πιστῶς</span> 
     </span>
    </p>
   </div>
   <div class='ocr_carea' id='block_1_89' title="bbox 2154 4107 3751 4194">
    <p class='ocr_par' dir='ltr' id='par_1_89' title="bbox 2154 4107 3751 4194">
     <span class='ocr_line' id='line_1_89' title="bbox 2154 4107 3751 4194; baseline 0.01 -34"><span class='ocrx_word' id='word_1_634' title='bbox 2154 4107 2405 4181; x_wconf 87' lang='grc' dir='ltr'>ἁψαμένη</span> <span class='ocrx_word' id='word_1_635' title='bbox 2441 4113 2474 4182; x_wconf 88' lang='grc' dir='ltr'><strong>ή</strong></span> <span class='ocrx_word' id='word_1_636' title='bbox 2520 4111 2657 4184; x_wconf 85' lang='grc' dir='ltr'>γυνὴ</span> <span class='ocrx_word' id='word_1_637' title='bbox 2688 4115 2720 4185; x_wconf 83' lang='grc' dir='ltr'><strong>ἡ</strong></span> <span class='ocrx_word' id='word_1_638' title='bbox 2748 4113 2847 4185; x_wconf 81' lang='grc' dir='ltr'>τὴν</span> <span class='ocrx_word' id='word_1_639' title='bbox 2888 4114 2983 4168; x_wconf 82' lang='grc' dir='ltr'>τοῦ</span> <span class='ocrx_word' id='word_1_640' title='bbox 3011 4117 3240 4188; x_wconf 77' lang='grc' dir='ltr'>αἵματος</span> <span class='ocrx_word' id='word_1_641' title='bbox 3287 4120 3469 4191; x_wconf 82' lang='grc' dir='ltr'>πηγὴν</span> <span class='ocrx_word' id='word_1_642' title='bbox 3516 4123 3751 4194; x_wconf 83' lang='grc' dir='ltr'>περιφέ-</span> 
     </span>
    </p>
   </div>
   <div class='ocr_carea' id='block_1_90' title="bbox 2156 4202 3746 4283">
    <p class='ocr_par' dir='ltr' id='par_1_90' title="bbox 2156 4202 3746 4283">
     <span class='ocr_line' id='line_1_90' title="bbox 2156 4202 3746 4283; baseline 0.01 -30"><span class='ocrx_word' id='word_1_643' title='bbox 2156 4217 2345 4271; x_wconf 91' lang='grc' dir='ltr'>ρουσα,</span> <span class='ocrx_word' id='word_1_644' title='bbox 2386 4202 2483 4275; x_wconf 78' lang='grc' dir='ltr'>τὴν</span> <span class='ocrx_word' id='word_1_645' title='bbox 2538 4205 2683 4258; x_wconf 83' lang='grc' dir='ltr'>ῐασιν</span> <span class='ocrx_word' id='word_1_646' title='bbox 2744 4205 2991 4277; x_wconf 81' lang='grc' dir='ltr'>ἔκλεψεν,</span> <span class='ocrx_word' id='word_1_647' title='bbox 3045 4211 3127 4273; x_wconf 85' lang='grc' dir='ltr'><strong>εἰς</strong></span> <span class='ocrx_word' id='word_1_648' title='bbox 3174 4211 3574 4283; x_wconf 85' lang='grc' dir='ltr'>συναρίθμησιν</span> <span class='ocrx_word' id='word_1_649' title='bbox 3632 4216 3746 4269; x_wconf 84' lang='grc' dir='ltr'><strong>τῶν</strong></span> 
     </span>
    </p>
   </div>
   <div class='ocr_carea' id='block_1_91' title="bbox 2157 4296 3747 4380">
    <p class='ocr_par' dir='ltr' id='par_1_91' title="bbox 2157 4296 3747 4380">
     <span class='ocr_line' id='line_1_91' title="bbox 2157 4296 3747 4380; baseline 0.01 -34"><span class='ocrx_word' id='word_1_650' title='bbox 2157 4296 2644 4367; x_wconf 83' lang='grc' dir='ltr'>μνημονευομένων</span> <span class='ocrx_word' id='word_1_651' title='bbox 2691 4297 3008 4369; x_wconf 76' lang='grc' dir='ltr'>λαμϐάνειν,</span> <span class='ocrx_word' id='word_1_652' title='bbox 3048 4301 3145 4354; x_wconf 86' lang='grc' dir='ltr'><strong>καί</strong></span> <span class='ocrx_word' id='word_1_653' title='bbox 3197 4320 3249 4356; x_wconf 90' lang='grc' dir='ltr'><strong>τι</strong></span> <span class='ocrx_word' id='word_1_654' title='bbox 3288 4305 3539 4374; x_wconf 86' lang='grc' dir='ltr'>πέμπτον</span> <span class='ocrx_word' id='word_1_655' title='bbox 3571 4308 3633 4360; x_wconf 84' lang='grc' dir='ltr'><strong>ἐν</strong></span> <span class='ocrx_word' id='word_1_656' title='bbox 3666 4309 3747 4380; x_wconf 80' lang='grc' dir='ltr'>τῷ</span> 
     </span>
    </p>
   </div>
   <div class='ocr_carea' id='block_1_92' title="bbox 473 4382 2049 4468">
    <p class='ocr_par' dir='ltr' id='par_1_92' title="bbox 473 4384 2048 4451">
     <span class='ocr_line' id='line_1_92' title="bbox 473 4384 2048 4451; baseline 0.004 -12"><span class='ocrx_word' id='word_1_657' title='bbox 473 4384 593 4449; x_wconf 91' lang='lat' dir='ltr'><strong>lier,</strong></span> <span class='ocrx_word' id='word_1_658' title='bbox 628 4384 915 4440; x_wconf 86' lang='lat' dir='ltr'><strong>sanitatem</strong></span> <span class='ocrx_word' id='word_1_659' title='bbox 950 4385 1126 4441; x_wconf 82' lang='lat' dir='ltr'><strong>furata</strong></span> <span class='ocrx_word' id='word_1_660' title='bbox 1162 4395 1248 4443; x_wconf 88' lang='lat' dir='ltr'><strong>est</strong></span> <span class='ocrx_word' id='word_1_661' title='bbox 1270 4427 1285 4451; x_wconf 89' lang='lat'><strong>,</strong></span> <span class='ocrx_word' id='word_1_662' title='bbox 1311 4389 1365 4442; x_wconf 92' lang='lat' dir='ltr'><strong>in</strong></span> <span class='ocrx_word' id='word_1_663' title='bbox 1402 4396 1826 4443; x_wconf 75' lang='lat' dir='ltr'><strong>memoratarum</strong></span> <span class='ocrx_word' id='word_1_664' title='bbox 1854 4404 2048 4445; x_wconf 84' lang='lat' dir='ltr'><strong>nume-</strong></span> 
     </span>
    </p>
   </div>
   <div class='ocr_carea' id='block_1_93' title="bbox 2151 4382 3739 4468">
    <p class='ocr_par' dir='ltr' id='par_1_93' title="bbox 2152 4386 3739 4468">
     <span class='ocr_line' id='line_1_93' title="bbox 2152 4386 3739 4468; baseline 0.01 -30"><span class='ocrx_word' id='word_1_665' title='bbox 2152 4386 2468 4458; x_wconf 85' lang='grc' dir='ltr'>κηρύγματι</span> <span class='ocrx_word' id='word_1_666' title='bbox 2504 4391 2603 4460; x_wconf 79' lang='grc' dir='ltr'>τῆς</span> <span class='ocrx_word' id='word_1_667' title='bbox 2647 4390 2952 4460; x_wconf 82' lang='grc' dir='ltr'>δοξολογίας</span> <span class='ocrx_word' id='word_1_668' title='bbox 2975 4393 3036 4446; x_wconf 82' lang='grc' dir='ltr'><strong>τὺ</strong></span> <span class='ocrx_word' id='word_1_669' title='bbox 3080 4395 3294 4465; x_wconf 81' lang='grc' dir='ltr'>ἱμάτιον</span> <span class='ocrx_word' id='word_1_670' title='bbox 3336 4399 3739 4468; x_wconf 82' lang='grc' dir='ltr'>παρεισάγειν·</span> 
     </span>
    </p>
   </div>
   <div class='ocr_carea' id='block_1_94' title="bbox 474 4475 2050 4549">
    <p class='ocr_par' dir='ltr' id='par_1_94' title="bbox 474 4475 2050 4549">
     <span class='ocr_line' id='line_1_94' title="bbox 474 4475 2050 4549; baseline 0.003 -19"><span class='ocrx_word' id='word_1_671' title='bbox 474 4491 593 4530; x_wconf 87' lang='lat' dir='ltr'><strong>rum</strong></span> <span class='ocrx_word' id='word_1_672' title='bbox 618 4475 916 4539; x_wconf 88' lang='lat' dir='ltr'><strong>ascribere,</strong></span> <span class='ocrx_word' id='word_1_673' title='bbox 936 4486 991 4532; x_wconf 93' lang='lat' dir='ltr'><strong>et</strong></span> <span class='ocrx_word' id='word_1_674' title='bbox 1024 4477 1279 4547; x_wconf 86' lang='lat' dir='ltr'><strong>quintum</strong></span> <span class='ocrx_word' id='word_1_675' title='bbox 1304 4477 1524 4549; x_wconf 89' lang='lat' dir='ltr'><strong>aliquod</strong></span> <span class='ocrx_word' id='word_1_676' title='bbox 1558 4480 1613 4531; x_wconf 92' lang='lat' dir='ltr'><strong>in</strong></span> <span class='ocrx_word' id='word_1_677' title='bbox 1659 4478 2050 4548; x_wconf 65' lang='lat' dir='ltr'><strong>praedicatione</strong></span> 
     </span>
    </p>
   </div>
   <div class='ocr_carea' id='block_1_95' title="bbox 470 4567 2052 4640">
    <p class='ocr_par' dir='ltr' id='par_1_95' title="bbox 470 4567 2052 4640">
     <span class='ocr_line' id='line_1_95' title="bbox 470 4567 2052 4640; baseline 0.004 -20"><span class='ocrx_word' id='word_1_678' title='bbox 470 4567 710 4639; x_wconf 87' lang='lat' dir='ltr'><strong>gloriosa</strong></span> <span class='ocrx_word' id='word_1_679' title='bbox 748 4568 839 4622; x_wconf 90' lang='lat' dir='ltr'><strong>illa</strong></span> <span class='ocrx_word' id='word_1_680' title='bbox 868 4578 1047 4639; x_wconf 85' lang='lat' dir='ltr'><strong>togam</strong></span> <span class='ocrx_word' id='word_1_681' title='bbox 1100 4569 1361 4624; x_wconf 91' lang='lat' dir='ltr'><strong>inducere</strong></span> <span class='ocrx_word' id='word_1_682' title='bbox 1386 4588 1400 4623; x_wconf 90' lang='lat'><strong>:</strong></span> <span class='ocrx_word' id='word_1_683' title='bbox 1433 4584 1540 4624; x_wconf 91' lang='lat' dir='ltr'><strong>non</strong></span> <span class='ocrx_word' id='word_1_684' title='bbox 1569 4570 1719 4623; x_wconf 89' lang='lat' dir='ltr'><strong>illam</strong></span> <span class='ocrx_word' id='word_1_685' title='bbox 1747 4570 1967 4640; x_wconf 90' lang='lat' dir='ltr'><strong>quidem</strong></span> <span class='ocrx_word' id='word_1_686' title='bbox 1992 4580 2052 4626; x_wconf 90' lang='lat' dir='ltr'><strong>ut</strong></span> 
     </span>
    </p>
   </div>
   <div class='ocr_carea' id='block_1_96' title="bbox 472 4660 2051 4729">
    <p class='ocr_par' dir='ltr' id='par_1_96' title="bbox 472 4660 2051 4729">
     <span class='ocr_line' id='line_1_96' title="bbox 472 4660 2051 4729; baseline 0.004 -17"><span class='ocrx_word' id='word_1_687' title='bbox 472 4660 592 4729; x_wconf 91' lang='lat' dir='ltr'><strong>pari</strong></span> <span class='ocrx_word' id='word_1_688' title='bbox 630 4673 754 4713; x_wconf 92' lang='lat' dir='ltr'><strong>cum</strong></span> <span class='ocrx_word' id='word_1_689' title='bbox 805 4661 977 4716; x_wconf 91' lang='lat' dir='ltr'><strong>unitis</strong></span> <span class='ocrx_word' id='word_1_690' title='bbox 1024 4662 1239 4717; x_wconf 88' lang='lat' dir='ltr'><strong>naturis</strong></span> <span class='ocrx_word' id='word_1_691' title='bbox 1275 4661 1437 4716; x_wconf 92' lang='lat' dir='ltr'><strong>modo</strong></span> <span class='ocrx_word' id='word_1_692' title='bbox 1470 4661 1814 4725; x_wconf 86' lang='lat' dir='ltr'><strong>honoratam,</strong></span> <span class='ocrx_word' id='word_1_693' title='bbox 1849 4661 1945 4718; x_wconf 90' lang='lat' dir='ltr'><strong>sed</strong></span> <span class='ocrx_word' id='word_1_694' title='bbox 1992 4672 2051 4717; x_wconf 88' lang='lat' dir='ltr'><strong>ut</strong></span> 
     </span>
    </p>
   </div>
   <div class='ocr_carea' id='block_1_97' title="bbox 473 4748 2051 4821">
    <p class='ocr_par' dir='ltr' id='par_1_97' title="bbox 473 4748 2051 4821">
     <span class='ocr_line' id='line_1_97' title="bbox 473 4748 2051 4821; baseline 0.002 -18"><span class='ocrx_word' id='word_1_695' title='bbox 473 4748 545 4803; x_wconf 77' lang='lat' dir='ltr'><strong>ad</strong></span> <span class='ocrx_word' id='word_1_696' title='bbox 588 4749 842 4819; x_wconf 89' lang='lat' dir='ltr'><strong>stupendi</strong></span> <span class='ocrx_word' id='word_1_697' title='bbox 892 4750 1263 4821; x_wconf 85' lang='lat' dir='ltr'><strong>operationem</strong></span> <span class='ocrx_word' id='word_1_698' title='bbox 1305 4751 1555 4806; x_wconf 88' lang='lat' dir='ltr'><strong>miraculi</strong></span> <span class='ocrx_word' id='word_1_699' title='bbox 1605 4752 1859 4806; x_wconf 86' lang='lat' dir='ltr'><strong>ascitam.</strong></span> <span class='ocrx_word' id='word_1_700' title='bbox 1910 4751 2051 4807; x_wconf 89' lang='lat' dir='ltr'><strong>Cum</strong></span> 
     </span>
    </p>
   </div>
   <div class='ocr_carea' id='block_1_98' title="bbox 474 4840 2054 4913">
    <p class='ocr_par' dir='ltr' id='par_1_98' title="bbox 474 4840 2054 4913">
     <span class='ocr_line' id='line_1_98' title="bbox 474 4840 2054 4913; baseline 0.003 -20"><span class='ocrx_word' id='word_1_701' title='bbox 474 4840 642 4911; x_wconf 79' lang='lat' dir='ltr'><strong>igitur</strong></span> <span class='ocrx_word' id='word_1_702' title='bbox 663 4848 868 4895; x_wconf 89' lang='lat' dir='ltr'><strong>tantam</strong></span> <span class='ocrx_word' id='word_1_703' title='bbox 909 4857 941 4896; x_wconf 90' lang='lat' dir='ltr'><strong>a</strong></span> <span class='ocrx_word' id='word_1_704' title='bbox 979 4841 1276 4912; x_wconf 89' lang='lat' dir='ltr'><strong>purissima</strong></span> <span class='ocrx_word' id='word_1_705' title='bbox 1325 4856 1493 4899; x_wconf 86' lang='lat' dir='ltr'><strong>carne</strong></span> <span class='ocrx_word' id='word_1_706' title='bbox 1538 4845 1770 4913; x_wconf 88' lang='lat' dir='ltr'><strong>gratiam</strong></span> <span class='ocrx_word' id='word_1_707' title='bbox 1818 4844 2054 4913; x_wconf 90' lang='lat' dir='ltr'><strong>accipiat</strong></span> 
     </span>
    </p>
   </div>
   <div class='ocr_carea' id='block_1_99' title="bbox 475 4932 2057 5005">
    <p class='ocr_par' dir='ltr' id='par_1_99' title="bbox 475 4932 2057 5005">
     <span class='ocr_line' id='line_1_99' title="bbox 475 4932 2057 5005; baseline 0.005 -21"><span class='ocrx_word' id='word_1_708' title='bbox 475 4938 622 5003; x_wconf 77' lang='lat' dir='ltr'><strong>toga,</strong></span> <span class='ocrx_word' id='word_1_709' title='bbox 664 4932 989 5003; x_wconf 89' lang='lat' dir='ltr'><strong>mulierique</strong></span> <span class='ocrx_word' id='word_1_710' title='bbox 1012 4933 1307 5004; x_wconf 88' lang='lat' dir='ltr'><strong>impertiat,</strong></span> <span class='ocrx_word' id='word_1_711' title='bbox 1337 4948 1439 4989; x_wconf 88' lang='lat' dir='ltr'><strong>nec</strong></span> <span class='ocrx_word' id='word_1_712' title='bbox 1466 4943 1649 4988; x_wconf 89' lang='lat' dir='ltr'><strong>tamen</strong></span> <span class='ocrx_word' id='word_1_713' title='bbox 1677 4935 1930 5005; x_wconf 74' lang='lat' dir='ltr'><strong>gloriosae</strong></span> <span class='ocrx_word' id='word_1_714' title='bbox 1961 4951 2057 5001; x_wconf 85' lang='lat' dir='ltr'><strong>ce-</strong></span> 
     </span>
    </p>
   </div>
   <div class='ocr_carea' id='block_1_100' title="bbox 477 5024 2054 5099">
    <p class='ocr_par' dir='ltr' id='par_1_100' title="bbox 477 5024 2054 5099">
     <span class='ocr_line' id='line_1_100' title="bbox 477 5024 2054 5099; baseline 0.005 -22"><span class='ocrx_word' id='word_1_715' title='bbox 477 5024 798 5081; x_wconf 88' lang='lat' dir='ltr'><strong>lebrationis</strong></span> <span class='ocrx_word' id='word_1_716' title='bbox 846 5040 1134 5082; x_wconf 89' lang='lat' dir='ltr'><strong>numerum</strong></span> <span class='ocrx_word' id='word_1_717' title='bbox 1182 5035 1398 5098; x_wconf 84' lang='lat' dir='ltr'><strong>augeat,</strong></span> <span class='ocrx_word' id='word_1_718' title='bbox 1426 5042 1529 5084; x_wconf 88' lang='lat' dir='ltr'><strong>nos</strong></span> <span class='ocrx_word' id='word_1_719' title='bbox 1568 5042 1789 5099; x_wconf 89' lang='lat' dir='ltr'><strong>quoque</strong></span> <span class='ocrx_word' id='word_1_720' title='bbox 1830 5043 2054 5085; x_wconf 87' lang='lat' dir='ltr'><strong>carnem</strong></span> 
     </span>
    </p>
   </div>
   <div class='ocr_carea' id='block_1_101' title="bbox 477 5113 2055 5192">
    <p class='ocr_par' dir='ltr' id='par_1_101' title="bbox 477 5113 2055 5192">
     <span class='ocr_line' id='line_1_101' title="bbox 477 5113 2055 5192; baseline 0.004 -23"><span class='ocrx_word' id='word_1_721' title='bbox 477 5113 627 5169; x_wconf 83' lang='lat' dir='ltr'><strong>illam</strong></span> <span class='ocrx_word' id='word_1_722' title='bbox 680 5115 921 5170; x_wconf 88' lang='lat' dir='ltr'><strong>divinam</strong></span> <span class='ocrx_word' id='word_1_723' title='bbox 976 5117 1336 5187; x_wconf 89' lang='lat' dir='ltr'><strong>omnipotenti</strong></span> <span class='ocrx_word' id='word_1_724' title='bbox 1379 5117 1559 5174; x_wconf 82' lang='lat' dir='ltr'><strong>Verbo</strong></span> <span class='ocrx_word' id='word_1_725' title='bbox 1610 5121 2055 5192; x_wconf 88' lang='lat' dir='ltr'><strong>inseparabiliter</strong></span> 
     </span>
    </p>
   </div>
   <div class='ocr_carea' id='block_1_102' title="bbox 477 5207 2055 5284">
    <p class='ocr_par' dir='ltr' id='par_1_102' title="bbox 477 5207 2055 5284">
     <span class='ocr_line' id='line_1_102' title="bbox 477 5207 2055 5284; baseline 0.006 -24"><span class='ocrx_word' id='word_1_726' title='bbox 477 5207 685 5262; x_wconf 89' lang='lat' dir='ltr'><strong>unitam</strong></span> <span class='ocrx_word' id='word_1_727' title='bbox 713 5207 1067 5274; x_wconf 88' lang='lat' dir='ltr'><strong>honorantes,</strong></span> <span class='ocrx_word' id='word_1_728' title='bbox 1111 5210 1343 5264; x_wconf 90' lang='lat' dir='ltr'><strong>salutem</strong></span> <span class='ocrx_word' id='word_1_729' title='bbox 1374 5211 1593 5280; x_wconf 91' lang='lat' dir='ltr'><strong>quidem</strong></span> <span class='ocrx_word' id='word_1_730' title='bbox 1638 5228 1740 5269; x_wconf 90' lang='lat' dir='ltr'><strong>nos</strong></span> <span class='ocrx_word' id='word_1_731' title='bbox 1773 5228 1869 5284; x_wconf 92' lang='lat' dir='ltr'><strong>per</strong></span> <span class='ocrx_word' id='word_1_732' title='bbox 1905 5213 2055 5269; x_wconf 89' lang='lat' dir='ltr'><strong>illam</strong></span> 
     </span>
    </p>
   </div>
   <div class='ocr_carea' id='block_1_103' title="bbox 474 5299 2056 5370">
    <p class='ocr_par' dir='ltr' id='par_1_103' title="bbox 474 5299 2056 5370">
     <span class='ocr_line' id='line_1_103' title="bbox 474 5299 2056 5370; baseline 0.005 -17"><span class='ocrx_word' id='word_1_733' title='bbox 474 5299 740 5369; x_wconf 84' lang='lat' dir='ltr'><strong>consequi</strong></span> <span class='ocrx_word' id='word_1_734' title='bbox 768 5299 1109 5370; x_wconf 89' lang='lat' dir='ltr'><strong>proﬁtemur,</strong></span> <span class='ocrx_word' id='word_1_735' title='bbox 1178 5303 1269 5357; x_wconf 86' lang='lat' dir='ltr'><strong>sed</strong></span> <span class='ocrx_word' id='word_1_736' title='bbox 1301 5301 1588 5358; x_wconf 87' lang='lat' dir='ltr'><strong>Trinitatis</strong></span> <span class='ocrx_word' id='word_1_737' title='bbox 1624 5319 1913 5361; x_wconf 87' lang='lat' dir='ltr'><strong>numerum</strong></span> <span class='ocrx_word' id='word_1_738' title='bbox 1945 5306 2056 5363; x_wconf 90' lang='lat' dir='ltr'><strong>sal-</strong></span> 
     </span>
    </p>
   </div>
   <div class='ocr_carea' id='block_1_104' title="bbox 475 5392 2051 5466">
    <p class='ocr_par' dir='ltr' id='par_1_104' title="bbox 475 5392 2051 5466">
     <span class='ocr_line' id='line_1_104' title="bbox 475 5392 2051 5466; baseline 0.007 -22"><span class='ocrx_word' id='word_1_739' title='bbox 475 5406 605 5445; x_wconf 84' lang='lat' dir='ltr'><strong>vum</strong></span> <span class='ocrx_word' id='word_1_740' title='bbox 646 5392 971 5457; x_wconf 89' lang='lat' dir='ltr'><strong>retinemus,</strong></span> <span class='ocrx_word' id='word_1_741' title='bbox 1009 5408 1135 5449; x_wconf 91' lang='lat' dir='ltr'><strong>cum</strong></span> <span class='ocrx_word' id='word_1_742' title='bbox 1172 5410 1340 5449; x_wconf 90' lang='lat' dir='ltr'><strong>unum</strong></span> <span class='ocrx_word' id='word_1_743' title='bbox 1390 5395 1463 5451; x_wconf 90' lang='lat' dir='ltr'><strong>sit</strong></span> <span class='ocrx_word' id='word_1_744' title='bbox 1502 5411 1633 5451; x_wconf 90' lang='lat' dir='ltr'><strong>caro</strong></span> <span class='ocrx_word' id='word_1_745' title='bbox 1681 5412 1806 5453; x_wconf 89' lang='lat' dir='ltr'><strong>cum</strong></span> <span class='ocrx_word' id='word_1_746' title='bbox 1841 5396 2051 5466; x_wconf 82' lang='lat' dir='ltr'><strong>Verbo,</strong></span> 
     </span>
    </p>
   </div>
   <div class='ocr_carea' id='block_1_105' title="bbox 476 5485 2056 5563">
    <p class='ocr_par' dir='ltr' id='par_1_105' title="bbox 476 5485 2056 5563">
     <span class='ocr_line' id='line_1_105' title="bbox 476 5485 2056 5563; baseline 0.006 -26"><span class='ocrx_word' id='word_1_747' title='bbox 476 5489 595 5537; x_wconf 82' lang='lat' dir='ltr'><strong>tum</strong></span> <span class='ocrx_word' id='word_1_748' title='bbox 647 5491 869 5555; x_wconf 88' lang='lat' dir='ltr'><strong>propter</strong></span> <span class='ocrx_word' id='word_1_749' title='bbox 906 5485 1330 5557; x_wconf 88' lang='lat' dir='ltr'><strong>inseparabilem</strong></span> <span class='ocrx_word' id='word_1_750' title='bbox 1383 5487 1665 5555; x_wconf 87' lang='lat' dir='ltr'><strong>unionem,</strong></span> <span class='ocrx_word' id='word_1_751' title='bbox 1692 5496 1809 5546; x_wconf 87' lang='lat' dir='ltr'><strong>tum</strong></span> <span class='ocrx_word' id='word_1_752' title='bbox 1832 5501 2056 5563; x_wconf 88' lang='lat' dir='ltr'><strong>propter</strong></span> 
     </span>
    </p>
   </div>
   <div class='ocr_carea' id='block_1_106' title="bbox 522 5609 1563 5716">
    <p class='ocr_par' dir='ltr' id='par_1_106' title="bbox 522 5609 1563 5716">
     <span class='ocr_line' id='line_1_106' title="bbox 522 5609 1563 5716; baseline 0.004 -24"><span class='ocrx_word' id='word_1_753' title='bbox 522 5609 663 5710; x_wconf 58' lang='lat' dir='ltr'><strong>iii)</strong></span> <span class='ocrx_word' id='word_1_754' title='bbox 695 5635 838 5694; x_wconf 82' lang='lat' dir='ltr'><strong>Edit.</strong></span> <span class='ocrx_word' id='word_1_755' title='bbox 866 5639 1104 5711; x_wconf 74' lang='lat' dir='ltr'><strong>Comm,</strong></span> <span class='ocrx_word' id='word_1_756' title='bbox 1133 5641 1563 5716; x_wconf 64' lang='grc' dir='ltr'>ἐφαρμόζοντας.</span> 
     </span>
    </p>
   </div>
   <div class='ocr_carea' id='block_1_107' title="bbox 2152 4471 3741 4561">
    <p class='ocr_par' dir='ltr' id='par_1_107' title="bbox 2152 4471 3741 4561">
     <span class='ocr_line' id='line_1_107' title="bbox 2152 4471 3741 4561; baseline 0.009 -31"><span class='ocrx_word' id='word_1_757' title='bbox 2152 4479 2250 4549; x_wconf 86' lang='grc' dir='ltr'>οὐχ</span> <span class='ocrx_word' id='word_1_758' title='bbox 2295 4480 2372 4544; x_wconf 84' lang='grc' dir='ltr'>ὡς</span> <span class='ocrx_word' id='word_1_759' title='bbox 2413 4481 2642 4554; x_wconf 76' lang='grc' dir='ltr'>τιμηθέν</span> <span class='ocrx_word' id='word_1_760' title='bbox 2684 4471 2763 4554; x_wconf 75' lang='grc' dir='ltr'><strong>τῷ</strong></span> <span class='ocrx_word' id='word_1_761' title='bbox 2804 4483 2951 4556; x_wconf 87' lang='grc' dir='ltr'><strong>αύτῷ</strong></span> <span class='ocrx_word' id='word_1_762' title='bbox 2987 4485 3093 4556; x_wconf 85' lang='grc' dir='ltr'>τῆς</span> <span class='ocrx_word' id='word_1_763' title='bbox 3134 4488 3380 4551; x_wconf 80' lang='grc' dir='ltr'>ἑνώσεως</span> <span class='ocrx_word' id='word_1_764' title='bbox 3411 4488 3588 4561; x_wconf 83' lang='grc' dir='ltr'>τόπῳ,</span> <span class='ocrx_word' id='word_1_765' title='bbox 3626 4492 3741 4545; x_wconf 81' lang='grc' dir='ltr'>ἀλλ’</span> 
     </span>
    </p>
   </div>
   <div class='ocr_carea' id='block_1_108' title="bbox 2152 4568 3742 4650">
    <p class='ocr_par' dir='ltr' id='par_1_108' title="bbox 2152 4568 3742 4650">
     <span class='ocr_line' id='line_1_108' title="bbox 2152 4568 3742 4650; baseline 0.01 -29"><span class='ocrx_word' id='word_1_766' title='bbox 2152 4568 2229 4633; x_wconf 84' lang='grc' dir='ltr'><strong>ὡς</strong></span> <span class='ocrx_word' id='word_1_767' title='bbox 2261 4571 2612 4644; x_wconf 80' lang='grc' dir='ltr'>παραληφθὲν</span> <span class='ocrx_word' id='word_1_768' title='bbox 2660 4575 2741 4638; x_wconf 79' lang='grc' dir='ltr'>εἰς</span> <span class='ocrx_word' id='word_1_769' title='bbox 2790 4575 3233 4650; x_wconf 88' lang='grc' dir='ltr'>θαυματουργίαν</span> <span class='ocrx_word' id='word_1_770' title='bbox 3272 4578 3599 4649; x_wconf 80' lang='grc' dir='ltr'>παράδοξον.</span> <span class='ocrx_word' id='word_1_771' title='bbox 3632 4583 3742 4637; x_wconf 83' lang='grc' dir='ltr'>Τοῦ</span> 
     </span>
    </p>
   </div>
   <div class='ocr_carea' id='block_1_109' title="bbox 2153 4662 3744 4748">
    <p class='ocr_par' dir='ltr' id='par_1_109' title="bbox 2153 4662 3744 4748">
     <span class='ocr_line' id='line_1_109' title="bbox 2153 4662 3744 4748; baseline 0.009 -33"><span class='ocrx_word' id='word_1_772' title='bbox 2153 4662 2330 4716; x_wconf 91' lang='grc' dir='ltr'>τοίνυν</span> <span class='ocrx_word' id='word_1_773' title='bbox 2367 4665 2584 4736; x_wconf 79' lang='grc' dir='ltr'>ἱματίου</span> <span class='ocrx_word' id='word_1_774' title='bbox 2636 4668 2905 4741; x_wconf 88' lang='grc' dir='ltr'>τοσαύτην</span> <span class='ocrx_word' id='word_1_775' title='bbox 2956 4671 3020 4723; x_wconf 90' lang='grc' dir='ltr'><strong>ἐκ</strong></span> <span class='ocrx_word' id='word_1_776' title='bbox 3059 4672 3159 4743; x_wconf 77' lang='grc' dir='ltr'>τῆς</span> <span class='ocrx_word' id='word_1_777' title='bbox 3208 4673 3479 4743; x_wconf 82' lang='grc' dir='ltr'>ἀχράντου</span> <span class='ocrx_word' id='word_1_778' title='bbox 3533 4678 3744 4748; x_wconf 75' lang='grc' dir='ltr'>σαρκὸς</span> 
     </span>
    </p>
   </div>
   <div class='ocr_carea' id='block_1_110' title="bbox 2153 4752 3743 4839">
    <p class='ocr_par' dir='ltr' id='par_1_110' title="bbox 2153 4752 3743 4839">
     <span class='ocr_line' id='line_1_110' title="bbox 2153 4752 3743 4839; baseline 0.008 -31"><span class='ocrx_word' id='word_1_779' title='bbox 2153 4754 2409 4820; x_wconf 76' lang='grc' dir='ltr'>λαϐόντος</span> <span class='ocrx_word' id='word_1_780' title='bbox 2438 4752 2619 4831; x_wconf 79' lang='grc' dir='ltr'>χάριν,</span> <span class='ocrx_word' id='word_1_781' title='bbox 2649 4760 2744 4813; x_wconf 75' lang='grc' dir='ltr'><strong>καὶ</strong></span> <span class='ocrx_word' id='word_1_782' title='bbox 2772 4759 3090 4830; x_wconf 86' lang='grc' dir='ltr'>μεταδόντος</span> <span class='ocrx_word' id='word_1_783' title='bbox 3113 4764 3180 4834; x_wconf 81' lang='grc' dir='ltr'><strong>τῇ</strong></span> <span class='ocrx_word' id='word_1_784' title='bbox 3199 4765 3441 4832; x_wconf 82' lang='grc' dir='ltr'>γυναικὶ,</span> <span class='ocrx_word' id='word_1_785' title='bbox 3470 4767 3571 4818; x_wconf 72' lang='grc' dir='ltr'>καὶ</span> <span class='ocrx_word' id='word_1_786' title='bbox 3604 4770 3743 4839; x_wconf 72' lang='grc' dir='ltr'>μηδὲ</span> 
     </span>
    </p>
   </div>
   <div class='ocr_carea' id='block_1_111' title="bbox 2156 4846 3735 4929">
    <p class='ocr_par' dir='ltr' id='par_1_111' title="bbox 2156 4846 3735 4929">
     <span class='ocr_line' id='line_1_111' title="bbox 2156 4846 3735 4929; baseline 0.008 -30"><span class='ocrx_word' id='word_1_787' title='bbox 2156 4846 2470 4920; x_wconf 88' lang='grc' dir='ltr'>προσθήκην</span> <span class='ocrx_word' id='word_1_788' title='bbox 2500 4849 2597 4903; x_wconf 77' lang='grc' dir='ltr'><strong>τοῦ</strong></span> <span class='ocrx_word' id='word_1_789' title='bbox 2625 4850 2858 4923; x_wconf 82' lang='grc' dir='ltr'>ἀριθμοῦ</span> <span class='ocrx_word' id='word_1_790' title='bbox 2887 4853 2982 4907; x_wconf 77' lang='grc' dir='ltr'>ἐπὶ</span> <span class='ocrx_word' id='word_1_791' title='bbox 3023 4852 3331 4922; x_wconf 80' lang='grc' dir='ltr'>δοξολογίας</span> <span class='ocrx_word' id='word_1_792' title='bbox 3378 4860 3735 4929; x_wconf 80' lang='grc' dir='ltr'>ποιήσαντος·</span> 
     </span>
    </p>
   </div>
   <div class='ocr_carea' id='block_1_112' title="bbox 2152 4938 3739 5025">
    <p class='ocr_par' dir='ltr' id='par_1_112' title="bbox 2152 4938 3739 5025">
     <span class='ocr_line' id='line_1_112' title="bbox 2152 4938 3739 5025; baseline 0.008 -32"><span class='ocrx_word' id='word_1_793' title='bbox 2152 4938 2299 4994; x_wconf 72' lang='grc' dir='ltr'>οὕτω</span> <span class='ocrx_word' id='word_1_794' title='bbox 2325 4942 2420 4995; x_wconf 79' lang='grc' dir='ltr'>καὶ</span> <span class='ocrx_word' id='word_1_795' title='bbox 2465 4943 2564 5015; x_wconf 83' lang='grc' dir='ltr'>τὴν</span> <span class='ocrx_word' id='word_1_796' title='bbox 2597 4942 2777 4997; x_wconf 71' lang='grc' dir='ltr'>ἔνθεον</span> <span class='ocrx_word' id='word_1_797' title='bbox 2807 4945 2986 5018; x_wconf 84' lang='grc' dir='ltr'>σάρκα</span> <span class='ocrx_word' id='word_1_798' title='bbox 3026 4946 3126 5017; x_wconf 85' lang='grc' dir='ltr'>τὴν</span> <span class='ocrx_word' id='word_1_799' title='bbox 3158 4948 3547 5021; x_wconf 78' lang='grc' dir='ltr'>ἀναποόλήτως</span> <span class='ocrx_word' id='word_1_800' title='bbox 3599 4954 3739 5025; x_wconf 82' lang='grc' dir='ltr'>ἡνω-</span> 
     </span>
    </p>
   </div>
   <div class='ocr_carea' id='block_1_113' title="bbox 2157 5031 3737 5115">
    <p class='ocr_par' dir='ltr' id='par_1_113' title="bbox 2157 5031 3737 5115">
     <span class='ocr_line' id='line_1_113' title="bbox 2157 5031 3737 5115; baseline 0.006 -30"><span class='ocrx_word' id='word_1_801' title='bbox 2157 5031 2328 5105; x_wconf 82' lang='grc' dir='ltr'>μένην</span> <span class='ocrx_word' id='word_1_802' title='bbox 2357 5033 2434 5105; x_wconf 85' lang='grc' dir='ltr'>τῷ</span> <span class='ocrx_word' id='word_1_803' title='bbox 2466 5036 2857 5108; x_wconf 85' lang='grc' dir='ltr'>παντοδυνὰμῳ</span> <span class='ocrx_word' id='word_1_804' title='bbox 2899 5037 3056 5109; x_wconf 82' lang='grc' dir='ltr'>Λόγῳ</span> <span class='ocrx_word' id='word_1_805' title='bbox 3094 5039 3380 5110; x_wconf 87' lang='grc' dir='ltr'>τιμῶντες,</span> <span class='ocrx_word' id='word_1_806' title='bbox 3424 5041 3610 5113; x_wconf 79' lang='grc' dir='ltr'>εὑρεῖν</span> <span class='ocrx_word' id='word_1_807' title='bbox 3642 5045 3737 5115; x_wconf 82' lang='grc' dir='ltr'>μὲν</span> 
     </span>
    </p>
   </div>
   <div class='ocr_carea' id='block_1_114' title="bbox 2153 5125 3739 5206">
    <p class='ocr_par' dir='ltr' id='par_1_114' title="bbox 2153 5125 3739 5206">
     <span class='ocr_line' id='line_1_114' title="bbox 2153 5125 3739 5206; baseline 0.008 -27"><span class='ocrx_word' id='word_1_808' title='bbox 2153 5125 2223 5179; x_wconf 79' lang='grc' dir='ltr'>δι’</span> <span class='ocrx_word' id='word_1_809' title='bbox 2249 5127 2422 5197; x_wconf 80' lang='grc' dir='ltr'>αὐτῆς</span> <span class='ocrx_word' id='word_1_810' title='bbox 2475 5129 2844 5201; x_wconf 80' lang='grc' dir='ltr'>ὁμολογοῦμεν</span> <span class='ocrx_word' id='word_1_811' title='bbox 2891 5130 2990 5203; x_wconf 75' lang='grc' dir='ltr'>τὴν</span> <span class='ocrx_word' id='word_1_812' title='bbox 3044 5133 3340 5204; x_wconf 88' lang='grc' dir='ltr'>σωτηρίαν,</span> <span class='ocrx_word' id='word_1_813' title='bbox 3369 5136 3650 5206; x_wconf 76' lang='grc' dir='ltr'>τηροῦμεν</span> <span class='ocrx_word' id='word_1_814' title='bbox 3681 5138 3739 5190; x_wconf 76' lang='grc' dir='ltr'>δὲ</span> 
     </span>
    </p>
   </div>
   <div class='ocr_carea' id='block_1_115' title="bbox 2157 5215 3739 5297">
    <p class='ocr_par' dir='ltr' id='par_1_115' title="bbox 2157 5215 3739 5297">
     <span class='ocr_line' id='line_1_115' title="bbox 2157 5215 3739 5297; baseline 0.008 -28"><span class='ocrx_word' id='word_1_815' title='bbox 2157 5217 2252 5270; x_wconf 78' lang='grc' dir='ltr'>καὶ</span> <span class='ocrx_word' id='word_1_816' title='bbox 2279 5215 2373 5271; x_wconf 83' lang='grc' dir='ltr'>τὸν</span> <span class='ocrx_word' id='word_1_817' title='bbox 2397 5218 2629 5291; x_wconf 60' lang='grc' dir='ltr'>ἀριθμόν</span> <span class='ocrx_word' id='word_1_818' title='bbox 2664 5219 2764 5291; x_wconf 85' lang='grc' dir='ltr'>τῆς</span> <span class='ocrx_word' id='word_1_819' title='bbox 2794 5221 3024 5293; x_wconf 88' lang='grc' dir='ltr'>Τριάδος</span> <span class='ocrx_word' id='word_1_820' title='bbox 3052 5224 3544 5297; x_wconf 86' lang='grc' dir='ltr'>ἀπαρεγχείρητον,</span> <span class='ocrx_word' id='word_1_821' title='bbox 3577 5228 3655 5292; x_wconf 86' lang='grc' dir='ltr'><strong>ὡς</strong></span> <span class='ocrx_word' id='word_1_822' title='bbox 3680 5228 3739 5282; x_wconf 84' lang='grc' dir='ltr'>ἒν</span> 
     </span>
    </p>
   </div>
   <div class='ocr_carea' id='block_1_116' title="bbox 2155 5300 3737 5387">
    <p class='ocr_par' dir='ltr' id='par_1_116' title="bbox 2155 5300 3737 5387">
     <span class='ocr_line' id='line_1_116' title="bbox 2155 5300 3737 5387; baseline 0.038 -46"><span class='ocrx_word' id='word_1_823' title='bbox 2155 5300 2318 5360; x_wconf 73' lang='grc' dir='ltr'><strong>οὖσαν</strong></span> <span class='ocrx_word' id='word_1_824' title='bbox 2347 5307 2463 5378; x_wconf 67' lang='grc' dir='ltr'>ἅμα</span> <span class='ocrx_word' id='word_1_825' title='bbox 2482 5307 2560 5380; x_wconf 82' lang='grc' dir='ltr'>τῷ</span> <span class='ocrx_word' id='word_1_826' title='bbox 2588 5309 2746 5380; x_wconf 79' lang='grc' dir='ltr'>Λόγῳ</span> <span class='ocrx_word' id='word_1_827' title='bbox 2770 5311 2914 5365; x_wconf 88' lang='grc' dir='ltr'>κατὰ</span> <span class='ocrx_word' id='word_1_828' title='bbox 2931 5311 2992 5365; x_wconf 86' lang='grc' dir='ltr'>τὸ</span> <span class='ocrx_word' id='word_1_829' title='bbox 3016 5312 3320 5386; x_wconf 83' lang='grc' dir='ltr'>ἀχώριστον</span> <span class='ocrx_word' id='word_1_830' title='bbox 3340 5316 3438 5387; x_wconf 70' lang='grc' dir='ltr'><strong>τῆς</strong></span> <span class='ocrx_word' id='word_1_831' title='bbox 3465 5316 3737 5383; x_wconf 39' lang='lat' dir='ltr'><strong>“dna”;</strong></span> 
     </span>
    </p>
   </div>
   <div class='ocr_carea' id='block_1_117' title="bbox 2156 5397 3737 5482">
    <p class='ocr_par' dir='ltr' id='par_1_117' title="bbox 2156 5397 3737 5482">
     <span class='ocr_line' id='line_1_117' title="bbox 2156 5397 3737 5482; baseline 0.009 -33"><span class='ocrx_word' id='word_1_832' title='bbox 2156 5397 2251 5450; x_wconf 76' lang='grc' dir='ltr'>καὶ</span> <span class='ocrx_word' id='word_1_833' title='bbox 2299 5397 2600 5472; x_wconf 85' lang='grc' dir='ltr'>ἀδιαίρετον</span> <span class='ocrx_word' id='word_1_834' title='bbox 2648 5401 2751 5471; x_wconf 85' lang='grc' dir='ltr'>τῆς</span> <span class='ocrx_word' id='word_1_835' title='bbox 2802 5406 3247 5476; x_wconf 87' lang='grc' dir='ltr'>προσκυνήσεως.</span> <span class='ocrx_word' id='word_1_836' title='bbox 3294 5406 3433 5462; x_wconf 84' lang='grc' dir='ltr'>Ἀλλ’</span> <span class='ocrx_word' id='word_1_837' title='bbox 3477 5402 3583 5463; x_wconf 78' lang='grc' dir='ltr'>ὅσα</span> <span class='ocrx_word' id='word_1_838' title='bbox 3608 5410 3737 5482; x_wconf 87' lang='grc' dir='ltr'>-μέν</span> 
     </span>
    </p>
   </div>
   <div class='ocr_carea' id='block_1_118' title="bbox 2156 5490 3735 5570">
    <p class='ocr_par' dir='ltr' id='par_1_118' title="bbox 2156 5490 3735 5570">
     <span class='ocr_line' id='line_1_118' title="bbox 2156 5490 3735 5570; baseline 0.009 -28"><span class='ocrx_word' id='word_1_839' title='bbox 2156 5490 2529 5562; x_wconf 79' lang='grc' dir='ltr'>ἐφαρμόζοντα</span> <span class='ocrx_word' id='word_1_840' title='bbox 2560 5491 2673 5565; x_wconf 72' lang='lat'><strong>(22)</strong></span> <span class='ocrx_word' id='word_1_841' title='bbox 2692 5495 2760 5566; x_wconf 71' lang='grc' dir='ltr'>τῇ</span> <span class='ocrx_word' id='word_1_842' title='bbox 2791 5494 2912 5568; x_wconf 79' lang='grc' dir='ltr'>θείᾳ</span> <span class='ocrx_word' id='word_1_843' title='bbox 2936 5495 3095 5565; x_wconf 83' lang='grc' dir='ltr'>φύσει</span> <span class='ocrx_word' id='word_1_844' title='bbox 3124 5498 3390 5567; x_wconf 88' lang='grc' dir='ltr'>φάσκουσι</span> <span class='ocrx_word' id='word_1_845' title='bbox 3426 5501 3735 5570; x_wconf 84' lang='grc' dir='ltr'>γεγονέναι,</span> 
     </span>
    </p>
   </div>
  </div>
