3868 6202
100 289 240 348 Ᾱῖιὸὗ

867 281 1457 341 CONFUTATIONES
1488 276 1935 349 QUA‘RUMDAM
1968 275 2552 332 PROPOSITIONUM.

3224 278 3274 290 -ι

3224 278 3274 290 -νι

3193 270 3323 327 δυ’ιῆ

100 403 160 457 τὸ
197 402 417 457 δυνατὸν
464 400 558 455 τοῦ
611 400 747 452 Θεοῦ
795 399 931 471 πρὸς
982 396 1323 467 κατασκευὴν
1377 394 1691 466 ἀπρεποῦς

1795 388 2054 445 ndivisam
2089 388 2482 443 adorationem.
2516 385 2621 442 Sed
2639 399 2976 456 quaecunque
3008 379 3202 439 divinae
3229 401 3327 439 na-

102 497 303 559 ὲννοίας
333 494 683 566 λαμϐάνουσι,
719 491 929 544 Παύλου
961 489 1207 558 λέγοντος
1227 503 1242 519 ’
1290 485 1567 540 Ἀδύνατον
1588 483 1666 555 τῷ

103 586 222 657 Θεῷ
260 586 355 639 καὶ
385 585 447 638 τὺ
482 581 804 653 ψεύσασθαι.
841 580 935 633 καὶ
969 578 1031 632 τὸ
1072 576 1262 631 ἑαυτὸν
1296 571 1664 645 ἀρνήσασθαι·

103 678 202 732 ὅσα
225 676 282 730 δὲ
320 675 414 730 καὶ
443 673 749 745 ἁρμόζοντα
784 671 861 742 τῷ
890 669 1009 740 Θεῷ
1035 668 1128 722 κα⁶ι
1157 667 1397 737 σωτήρια
1422 664 1518 717 καὶ
1548 662 1668 715 θεο-

105 770 288 843 τερεπῆ
334 770 430 824 καὶ
472 768 849 840 φιλάνθρωπα,
895 762 1068 818 ταῦτα
1115 768 1254 832 πρὸς
1296 759 1358 811 τὸ
1413 756 1669 811 ἀδύνατον

110 861 487 936 μεταφέρουσι,
531 858 604 930 μὴ
649 854 1103 928 παραχωροῦντες
1138 855 1205 922 τῇ
1244 850 1532 920 δεσποτικῇ
1581 864 1670 900 σοι

107 955 205 1027 φίᾳ
248 953 342 1007 τοῦ
379 951 633 1006 δύνασθαι
672 950 767 1002 καὶ
801 947 984 1002 λαϐεῖν
1029 947 1225 1017 σάρκα,
1253 944 1347 997 καὶ
1394 942 1467 1013 μὴ
1497 941 1671 993 ποιεῖν

106 1045 358 1118 τετράδα.
390 1043 543 1098 Οὕτω
589 1040 770 1114 κρίσις
803 1040 986 1102 αὐτοῖς
1032 1037 1429 1108 ὲμφιλόνεικος,
1476 1033 1545 1087 τὰ
1573 1031 1673 1103 μὲν

106 1136 369 1208 ἀπρεπῶς
413 1136 545 1205 παρ’
570 1132 749 1186 αὐτῶν
796 1128 1259 1198 καινοτομούμενα
1307 1122 1555 1195 βεϐαιοῦν
1595 1119 1673 1191 τῷ

105 1231 301 1298 λέγειν,
334 1228 416 1281 ὅτι
442 1226 618 1279 πάντα
663 1222 887 1277 δύναται
928 1225 956 1275 ὁ
997 1219 1128 1283 Θεός
1149 1236 1162 1249 ·
1194 1217 1262 1271 τὰ
1307 1218 1363 1270 δὲ
1393 1215 1544 1289 παρά
1571 1213 1675 1284 τῆς

105 1320 267 1389 ἁγίας
290 1317 511 1390 Γραφῆς
537 1314 774 1379 εὐσεϐῶς
797 1312 1179 1385 κηρυσσόμενα
1211 1308 1404 1380 μηκέτι
1426 1305 1674 1377 δέχεσθαι

103 1413 179 1476 ὡς
224 1410 420 1482 ἀληθῆ,
454 1409 548 1461 καλ⁴
590 1407 810 1473 δυνατὰ,
846 1407 940 1459 καὶ
974 1402 1351 1475 συμφέροντα’
1379 1398 1676 1470 λαμϐάνειν

101 1504 161 1556 δὲ
212 1501 351 1556 αὐτὰ
395 1501 474 1564 εἰς
516 1498 717 1570 πλοκὴν
747 1498 1097 1569 ζητημάτων,
1128 1495 1223 1548 καὶ
1258 1493 1334 1565 μὴ
1372 1491 1676 1546 ἀποδιδόναι

100 1597 171 1665 τῇ
204 1592 430 1663 δυνάμει
458 1591 550 1644 τοῦ
598 1591 772 1644 πάντα
804 1588 1081 1651 ποιοῦντος
1125 1586 1194 1640 τὰ
1230 1586 1501 1657 ἀνήκοντα
1535 1580 1677 1652 ὑπὲρ

100 1684 451 1757 ἀνθρωπίνην
476 1682 795 1754 κατάληψιν.

849 1793 941 1848 Ἦ.

101 1907 269 1978 Πρὸς
319 1908 461 1973 τοὺς
500 1905 941 1978 λέγονταςηβτι
997 1903 1123 1978 κατ’
1146 1901 1460 1978 ἇνᾷρωπον
1482 1903 1675 1978 ,γινώ-

176 1973 353 2032 σκειν
368 1979 473 2030 τὸν
491 1973 800 2043 Δεσπότην
817 1973 1091 2043 Χριστὸν,
1119 1976 1205 2038 εὶς
1219 1973 1528 2041 ἄνθρωπόν
1547 1974 1677 2027 ἐστι

176 2048 290 2114 τὰς
317 2046 573 2114 ἐλπίδας
605 2047 790 2115 ἔχειν.

193 2136 355 2192 Ἀλλά
385 2136 517 2209 γὰρ,
569 2135 643 2206 μὴ
686 2132 1043 2207 ἀρκεσθέντες
1080 2135 1191 2196 τοῖς
1231 2131 1404 2195 οὕτως
1462 2131 1680 2194 ἀτόποις

105 2231 209 2286 καὶ
244 2229 621 2300 ἀναισχύντοις
663 2226 1031 2300 προϐλήμασι,
1064 2224 1407 2297 προσέθηκαν
1447 2225 1540 2276 καὶ¹
1589 2222 1682 2276 άλ-

104 2320 214 2390 λην
256 2319 600 2389 ίταμωτέραν
635 2316 930 2385 ἀπόφασιν,
982 2314 1231 2385 λέγοντες
1280 2316 1360 2378 εἰς
1403 2313 1686 2385 ἄνθρωπον

106 2411 257 2481 ἔχειν
309 2411 409 2473 τὰς
453 2407 675 2471 ἐλπίδας
726 2408 855 2471 τοὺς
902 2406 1035 2462 Θεὸν
1092 2407 1185 2459 καὶ
1231 2404 1515 2476 ἄνθρωπον
1562 2402 1685 2458 καθ’

108 2500 380 2573 ἑκατέραν
406 2498 565 2570 φύσιν
589 2497 981 2568 ὁμολογοῦντας
1009 2497 1100 2551 τὸν
1126 2496 1377 2568 Χριστόν.
1418 2495 1539 2548 Ἐπὶ
1565 2494 1688 2548 τού-

108 2608 228 2655 τοις
293 2589 472 2645 αύτῶν
521 2588 788 2642 πυθέσθαι
847 2587 1028 2642 καλόν.
1082 2588 1175 2639 Δεῖ
1239 2584 1521 2639 πείθεσθαι
1569 2587 1691 2649 ταῖς

111 2681 305 2749 ἁγίαις
342 2680 604 2752 Γραφαῖς,
639 2679 672 2749 ἢ
717 2677 836 2731 κατ’
859 2678 1055 2740 αὐτοὺς
1098 2678 1160 2731 ού
1199 2677 1311 2741 δεϊ;
1343 2678 1408 2730 El
1452 2676 1550 2747 μὲν
1581 2675 1691 2747 γὰρ

112 2770 219 2836 δεῖ,
255 2773 385 2842 παρ’
406 2768 587 2823 αὐτῶν
611 2768 952 2840 ἀκηκόαμεν,
1000 2768 1095 2822 καὶ
1141 2768 1331 2830 αὐταῖς
1362 2766 1691 2836 ἐγκαλείτω-

119 2880 226 2918 σαν
247 2877 260 2891 ·
293 2865 344 2916 εἰ
366 2862 424 2916 δὲ
460 2861 692 2931 λέγοιεν,
727 2860 803 2924 ὡς
839 2860 900 2914 οὐ
926 2860 1028 2925 δεῖ,
1063 2860 1311 2932 φανερῶς
1336 2859 1693 2930 ὁμολογείτω-

114 2970 222 3008 σαν
251 2953 353 3026 τὴν
390 2953 527 3024 πρὸς
568 2952 669 3017 τὰς
718 2952 869 3024 ἱερὰς
917 2951 1131 3022 βίϐλους
1181 2950 1441 3007 ἄσπονδον
1490 2951 1689 3022 μάχην,

1705 1732 1753 1792 Β

1767 490 1904 537 tura:
1956 496 2067 536 non
2100 481 2452 546 conveniunt,
2484 494 2547 536 ea
2581 479 2835 548 potentiae
2869 478 2961 533 Dei
2985 479 3051 533 ad
3079 491 3327 533 asu-uen-

1764 574 1890 630 dam
1925 572 2216 628 absurdam
2255 588 2408 628 suam
2453 572 2766 643 opinionem
2804 570 3119 633 ascribunt,
3156 568 3327 624 Paulo

1767 664 1981 719 dicente
1998 662 2165 719 Deum
2186 678 2295 717 non
2308 676 2468 733 posse
2481 661 2719 725 mentiri,
2735 675 2835 713 nec
2854 659 3089 729 scipsutn
3112 675 3263 730 negat
3276 675 3328 715 e.

1767 754 1897 821 Quae
1915 769 2043 808 vero
2058 762 2111 807 et
2136 750 2247 807 Deo
2277 750 3099 817 convenientia,etsalutaria,et
3127 749 3329 814 divina,

1767 857 1819 899 et
1844 846 1899 899 in
1928 844 2209 898 hominum
2246 842 2474 913 gratiam
2521 842 2662 896 facta
2693 847 2841 905 sunt,
2870 856 2933 895 ea
2974 840 3332 910 impossibilia

1768 953 1891 992 esse
1918 937 2108 991 dicunt
2133 955 2146 990 :
2185 950 2361 1007 neque
2390 935 2444 990 id
2476 934 2674 989 divina:
2694 933 2971 1002 sapientiae
3003 932 3332 995 concedunt,

1772 1036 1831 1083 ut
1859 1028 2033 1098 possit
2060 1042 2281 1083 carnem
2304 1040 2540 1089 sumere,
2558 1024 2689 1095 quin
2709 1023 2871 1078 faciat
2895 1023 3332 1093 quaternitatem.

1770 1119 1849 1173 lta
1867 1120 2124 1174 nimirum
2149 1118 2225 1174 illi
2253 1118 2578 1173 contentiosi
2610 1124 2758 1182 sunt,
2781 1123 2840 1170 ut
2864 1115 3099 1170 absurda
3117 1116 3338 1185 quidem

1773 1227 1872 1266 sua
1897 1217 2201 1266 commenta
2237 1209 2563 1264 conﬁrmare
2589 1209 2837 1262 nitantur
2872 1208 3126 1274 dicendo,
3157 1209 3338 1263 omnia

1774 1318 1935 1374 posse
1955 1301 2293 1373 Deum;quae
2315 1316 2443 1357 vero
2467 1301 2555 1371 pie
2583 1316 2613 1354 a
2641 1314 2798 1356 sacra
2827 1298 3111 1369 Scriptura
3141 1299 3340 1370 praedi-

1774 1405 1990 1460 cantur,
2020 1411 2130 1451 non
2154 1395 2444 1450 admittant
2462 1402 2524 1449 ut
2544 1406 2692 1459 vera,
2723 1405 2784 1447 ut
2814 1394 3118 1463 possrhilia,
3144 1401 3204 1447 ut
3235 1394 3341 1447 uti-

1774 1486 1875 1553 lia;
1904 1485 2001 1541 sed
2032 1502 2100 1540 ex
2146 1486 2216 1541 iis
2261 1485 2626 1555 quastionum
2673 1485 2896 1554 laqueos
2951 1490 3192 1547 nectant,
3241 1499 3342 1540 nec

1777 1581 2019 1633 omnium
2035 1577 2315 1634 Creatoris
2344 1576 2598 1647 potestati
2621 1591 2685 1631 ea
2710 1575 2955 1631 tribuant
2976 1589 3099 1645 quae
3124 1582 3343 1646 captum

1781 1677 2043 1744 superant
2074 1670 2395 1727 humanum.

2420 1780 2587 1855 493
2618 1780 2702 1837 v1.

1781 1893 2042 1949 Adversus
2070 1911 2158 1949 eos
2201 1895 2292 1965 qui
2323 1896 2505 1950 dicunt
2541 1894 2810 1965 Christum
2852 1893 3139 1949 Dominum
3167 1905 3227 1948 ut
3253 1895 3347 1950 Ιιο-

1850 1966 2041 2086 rbm'nem
2079 1981 2377 2036 agnoscere,
2411 1982 2522 2020 esse
2547 1966 2601 2020 in
2632 1964 2891 2020 hominem
2912 1980 3053 2035 spem
3079 1981 3232 2020 suam
3258 1965 3349 2021 Ita-

1885 2050 1990 2086 ere.

1885 2050 1990 2088 ere.

1851 2126 1922 2180 At
1948 2126 2027 2180 illi
2062 2141 2175 2182 non
2211 2129 2450 2182 contenti
2483 2135 2594 2181 tam
2636 2127 2890 2184 absurdis
2918 2128 3351 2199 impudentibus—

1784 2231 1890 2286 que
1936 2218 2627 2288 propositionibus,aliam
2678 2218 2849 2273 multo
2895 2218 3352 2289 impudentiorem

1785 2313 2110 2368 sententiam
2167 2313 2443 2376 addidere,
2476 2312 2741 2376 dicentes,
2779 2313 2836 2367 in
2873 2313 3147 2369 hominem
3198 2327 3352 2384 spem

1786 2403 1909 2459 illos
1939 2405 2160 2469 habere,
2186 2404 2279 2475 qui
2308 2404 2586 2459 Christum
2605 2404 2904 2460 secundum
2932 2415 3220 2475 utramque
3248 2418 3351 2458 na-

1789 2502 1970 2549 turam
2015 2495 2185 2551 Deum
2220 2505 2273 2551 et
2318 2495 2593 2551 hominem
2620 2511 2742 2551 esse
2781 2496 3116 2551 confitentur
3147 2514 3159 2549 :
3191 2511 3356 2566 super

1789 2587 1876 2643 his
1903 2588 2213 2658 percontari
2250 2589 2372 2643 illos
2399 2601 2576 2658 operae
2596 2588 2829 2658 pretium
2851 2589 3032 2643 fuerit.
3077 2588 3185 2642 Aut
3221 2603 3355 2643 san-

1794 2679 1899 2734 ctis
1920 2679 2300 2748 obtemperare
2330 2678 2633 2750 Scripturis
2660 2686 2894 2749 oportet,
2928 2689 3022 2733 aut
3055 2680 3355 2735 secundum

1791 2770 1915 2825 illos
1940 2784 2048 2825 non
2082 2779 2324 2840 oportet;
2349 2770 2395 2825 si
2441 2779 2674 2841 Oportet,
2709 2770 2763 2824 id
2794 2785 2860 2826 ex
2886 2767 3188 2842 Scripturis
3215 2771 3359 2826 didi-

1790 2863 1987 2927 cimus,
2019 2862 2143 2917 illas
2172 2877 2302 2933 ergo
2322 2863 2606 2930 incusem;
2637 2863 2685 2918 si
2709 2862 2914 2927 dicant,
2946 2878 3053 2918 non
3083 2871 3357 2934 oportere,

1792 2953 1970 3023 palam
2004 2967 2135 3024 ergo
2156 2952 2360 3008 faciant
2390 2966 2552 3008 suum
2586 2952 2643 3008 in
2692 2967 2882 3008 sacros
2912 2953 3084 3009 libros
3114 2955 3361 3010 irrecon-

112 3046 217 3100 και
243 3045 418 3108 οὐδεὶς
466 3045 598 3115 ἡμῖν
652 3044 790 3114 πρὸς
822 3043 1039 3109 αὐτοὺς,
1070 3039 1160 3096 οἷα
1191 3043 1328 3115 πρὸς
1360 3043 1689 3117 ἀλλοτρίους,

1795 3040 2034 3097 ciliahile
2092 3042 2316 3107 bellum,
2340 3057 2443 3097 nec
2472 3043 2617 3098 ullus
2646 3038 2806 3098 nobis
2835 3058 2960 3098 cum
3014 3044 3145 3110 illis,
3170 3054 3362 3116 utpote

114 3137 298 3206 λόγος.
328 3133 468 3206 Παρ⁹
496 3133 674 3188 αὐτῶν
702 3134 1015 3205 ἀκηκόαμεν
1032 3150 1047 3163 ·
1089 3132 1439 3205 «Ἀνθρωπος
1467 3135 1524 3187 ὲν
1554 3133 1691 3203 πλη-

114 3231 193 3301 γῇ
224 3227 322 3292 ὢν,
360 3229 456 3281 καὶ
505 3225 661 3289 εἰδὼς
690 3225 877 3298 φέρειν
922 3224 1222 3296 μαλακίανο
1254 3243 1273 3276 υ
1316 3224 1412 3278 καὶ
1453 3219 1693 3288 ὃτιῪὶὸς

116 3317 414 3389 ἀνθρώπου
443 3318 559 3373 ἐστί
580 3335 594 3349 ·
628 3336 647 3368 ι
668 3317 781 3372 Νῦν
805 3316 863 3370 δέ
904 3334 971 3387 με
1000 3315 1211 3386 ζητεῖτε
1234 3316 1573 3378 ἀποκτεῖναι,
1597 3314 1694 3369 ἄν·

116 3409 345 3483 θρωπον
376 3408 436 3473 ὃς
465 3409 563 3480 τὴν
591 3406 850 3478 ἀλήθειαν
886 3400 1160 3476 λελάληκα
1205 3406 1355 3476 ὑμῖν.
1405 3399 1502 3467 Εἷς
1540 3403 1692 3467 Θεὸς,

116 3496 207 3565 εἷς
231 3500 327 3555 καὶ
365 3499 590 3571 μεσίτης
613 3496 748 3551 Θεοῦ
779 3496 875 3551 καὶ
913 3494 1235 3566 ἀνθρώπων,
1273 3493 1558 3566 ἄνθρωπος
1593 3494 1698 3565 Ἰη-

121 3592 256 3656 σοῦς
284 3591 536 3664 Χριστός.
585 3591 644 3644 ὐ
668 3589 885 3662 πρῶτος
919 3588 1204 3660 ἄνθρωπος
1250 3588 1315 3641 ὲκ
1348 3588 1453 3658 γῆς
1482 3586 1694 3658 χοῖκὸς,

116 3688 149 3740 ὸ
177 3683 433 3755 δεύτερος
455 3682 739 3754 ἄνθρωπος
768 3683 797 3735 ό
824 3680 1027 3753 Κύριος
1067 3680 1127 3746 ἐξ
1175 3677 1426 3751 οὐρανοῦ.
1464 3680 1521 3732 '0
1551 3677 1701 3749 πρῶ-

118 3790 220 3841 τος
252 3776 446 3847 ’Δδάμ,
494 3776 524 3829 ὁ
555 3773 614 3828 δὲ
644 3773 871 3843 ἔσχατος
899 3772 1154 3844 Χριστός.
1181 3773 1258 3825 Δι’
1293 3769 1575 3843 ἀνθρώπου
1602 3770 1699 3826 θά-

114 3885 306 3934 νατος,
346 3866 413 3920 δι’
445 3864 732 3937 ἀνθρώπου
774 3864 1071 3927 ἀνάστασις
1131 3863 1357 3936 νεκρῶν.
1383 3881 1403 3914 ι
1450 3861 1700 3917 Τοσαῦτα

117 3965 184 4015 ἐν
227 3959 428 4028 λόγοις,
467 3958 563 4012 καὶ
600 3955 781 4027 πολλῷ
822 3955 994 4009 πλείω
1041 3955 1246 4026 σφόδρα
1299 3955 1400 4009 ὅσα
1448 3955 1610 4009 πάλιν
1643 3956 1700 4008 ὲν

119 4048 335 4121 ἔργοις.
380 4045 670 4120 Ἐγεννήθη
710 4045 928 4118 βρέφος,
957 4045 1301 4118 περιεγράφη
1342 4045 1700 4116 σπαργάνοις,

121 4141 346 4214 ἐτράφη
387 4140 642 4208 γάλακτι,
688 4137 1029 4211 περιετμήθη
1068 4136 1213 4193 κατά
1238 4137 1328 4192 τὸν
1360 4138 1542 4209 νόμον,
1572 4153 1705 4208 προ-

124 4233 330 4303 ἔκοψεν
365 4232 572 4304 ἡλικίᾳ,
607 4232 701 4287 καὶ
730 4230 909 4303 σοφίᾳ,
950 4232 1044 4285 καὶ
1076 4231 1280 4304 χάριτι,
1321 4233 1509 4284 πεῖναν
1541 4230 1700 4300 ἔγνω,

122 4325 295 4395 δίψαν
325 4325 425 4379 οὐκ
451 4323 707 4395 ἠγνόησε,
745 4324 922 4379 πόνων
948 4322 1197 4394 αἴσθησιν
1234 4321 1412 4387 ἔλαϐε,
1459 4321 1704 4393 ταραχῆς

1796 3133 2105 3197 extraneis,
2141 3133 2211 3187 sit
2260 3148 2458 3189 sermo.
2517 3131 2596 3187 Ex
2650 3132 2948 3205 Scripturis
3004 3136 3358 3192 audivimus:

1802 3243 1821 3276 ι
1858 3224 2033 3281 Homo
2064 3226 2121 3280 in
2152 3226 2310 3296 plaga
2337 3226 2702 3291 constitutus,
2733 3237 2788 3281 et
2817 3227 2998 3283 sciens
3025 3227 3167 3285 ferre
3206 3228 3362 3284 inﬁr-

1797 3316 2042 3372 mitatem
2075 3317 2161 3372 “:
2196 3336 2216 3370 ι
2252 3324 2307 3371 et
2340 3317 2486 3387 quod
2525 3315 2698 3372 Filius
2722 3319 2793 3373 sit
2831 3318 3065 3375 hominis
3099 3334 3115 3371 :
3148 3337 3167 3371 ι
3205 3319 3363 3375 Nunc

1798 3416 1979 3465 autem
2017 3409 2262 3480 quaeritis
2292 3425 2380 3466 me
2406 3408 2733 3474 interficere,
2771 3411 3043 3466 hominem
3091 3413 3184 3482 qui
3219 3413 3365 3468 veri-

1800 3510 1963 3556 tatem
1991 3494 2206 3557 locutus
2253 3515 2374 3556 sum
2417 3499 2574 3555 vobis
2596 3500 2661 3556 ".
2693 3498 2848 3555 Unus
2881 3498 3046 3563 Deus,
3087 3516 3229 3557 unus
3256 3516 3367 3556 me-

1799 3592 1980 3647 diator
2008 3593 2100 3647 Dei
2150 3600 2204 3648 et
2248 3591 2553 3655 hominum,
2587 3591 2749 3648 homo
2800 3591 2964 3650 Jesus
3008 3595 3262 3651 Christus
3292 3595 3358 3651 ⁵⁸.

1800 3682 2017 3738 Primus
2034 3683 2199 3737 homo
2212 3697 2280 3737 ex
2309 3693 2454 3737 terra
2481 3688 2753 3748 terrenus,
2778 3681 3049 3738 secundus
3079 3683 3243 3738 homo
3267 3682 3368 3738 Do-

1802 3775 1984 3831 minus
2012 3776 2229 3831 excmlo
2243 3775 2542 3833 “.Primus
2559 3777 2750 3841 Adam,
2781 3776 3007 3831 ultimus
3046 3790 3174 3831 vero
3203 3776 3365 3832 Chri-

1803 3877 1941 3923 stus.
1972 3865 2077 3922 Per
2100 3867 2372 3922 hominem
2389 3871 2570 3935 fmors,
2600 3884 2696 3940 per
2730 3869 3003 3924 hominem
3037 3869 3367 3924 resurrectio

1803 3965 2144 4012 mortuorum
2174 3958 2243 4013 ‘°.
2265 3975 2284 4010 ι
2314 3954 2441 4012 Haec
2472 3965 2551 4012 tot
2588 3968 2844 4028 tantaque
2880 3959 3067 4023 verba,
3100 3972 3165 4013 ac
3193 3959 3367 4013 multo

1801 4049 1962 4119 plura
1978 4064 2143 4120 opera
2158 4059 2306 4117 sunt,
2339 4067 2462 4122 quae
2502 4052 2875 4108 testimonium
2905 4052 3156 4107 reddant.
3195 4051 3367 4108 Natus

1804 4148 1888 4195 est
1907 4139 2110 4207 infans,
2128 4141 2326 4211 pannis
2342 4142 2642 4205 involutus,
2675 4143 2815 4196 lacte
2829 4142 3091 4204 nutritus,
3127 4143 3369 4197 circum-

1805 4231 1955 4287 cisus
1987 4231 2291 4287 secundum
2318 4232 2511 4302 legem,
2546 4231 2776 4301 profecit
2795 4234 2983 4298 aetate,
3012 4233 3283 4303 sapientia
3311 4241 3369 4287 et

1808 4324 2003 4393 gratia,
2030 4322 2229 4378 famem
2262 4331 2520 4393 expertus
2566 4331 2672 4387 est,
2720 4324 2866 4378 sitim
2911 4326 3041 4379 non‘
3072 4324 3365 4395 ignoravit,

121 4417 229 4474 καὶ
249 4415 542 4486 ἀδημονίας
569 4416 666 4470 καὶ
701 4413 876 4487 λύπης
896 4417 1089 4484 πεῖραν
1113 4413 1349 4478 ἐδέξατο,
1372 4414 1509 4467 κατά
1535 4414 1691 4467 πάντι

1814 4413 2027 4468 labores
2061 4414 2344 4481 sustinuit,
2381 4413 2865 4484 perturbationem,
2899 4415 3224 4487 anxietatem
3258 4414 3374 4468 ani-

124 4505 395 4579 ὡμοιώθη
424 4508 535 4570 τοῖς
582 4504 828 4574 ἀδελφοῖς
883 4505 1049 4576 χωρὶς
1103 4503 1391 4575 ἁμαρτίας.
1440 4505 1705 4571 Μάστιξιν

126 4594 443 4667 ὑπεϐλήθη,
474 4593 691 4666 σταυρῷ
723 4592 1031 4666 προσήχθη,
1063 4592 1215 4665 ἥλοις
1246 4594 1577 4664 περιεπάρη,
1612 4593 1709 4647 θα-

126 4690 304 4749 νάτου
348 4688 630 4758 ἐγεύσατο,
660 4690 803 4760 ταφῇ
852 4685 1148 4758 παρεδόθη,
1196 4684 1421 4755 γέγονεν
1473 4688 1507 4757 ἡ
1561 4686 1706 4759 ψυχὴ

130 4782 287 4841 κατά
315 4781 407 4836 τὸν
434 4780 589 4852 ᾆδην,
621 4780 717 4835 καὶ
758 4778 1094 4852 κρατηθῆναι
1128 4778 1204 4850 μὴ
1236 4776 1524 4849 δυνηθεῖσα
1551 4778 1711 4831 πάλιν

129 4872 380 4945 ἀπεδόθη
406 4871 484 4943 τῷ
513 4869 745 4943 σώματι,
781 4870 876 4926 καὶ
920 4869 1143 4939 γέγονεν
1174 4871 1209 4941 ή
1237 4869 1558 4932 ἀνάστασις·
1592 4863 1711 4922 εἶτα

130 4964 330 5036 ἐπαφὴ
357 4964 453 5018 καὶ
483 4961 798 5035 ψηλάφησις
821 4961 929 5016 τῶν
959 4961 1329 5017 ἀπιστούντων
1351 4978 1366 4992 ο
1396 4957 1513 5015 εἶτα
1538 4962 1710 5032 τροφὴ

132 5055 482 5128 πιστουμένη
507 5054 602 5110 τοῦ
642 5053 892 5126 σώματος
935 5053 1036 5125 τὴν
1088 5052 1410 5108 ἀνάστασιν·
1443 5049 1563 5109 εἶτα
1585 5053 1716 5107 ἀνά-

132 5148 310 5220 ληψις
332 5150 414 5212 είς
444 5146 672 5220 οὐρανὸν
701 5143 952 5218 ὁρώντων
997 5143 1230 5199 πολλῶν.
1259 5143 1529 5199 Τοσαῦται
1578 5161 1717 5217 μαρ-

131 5241 327 5312 τυρίαι
338 5238 449 5295 τῶν
459 5238 875 5312 γεγραμμένων,
889 5236 1124 5310 τοσαύτη
1140 5236 1246 5308 πλη
1254 5235 1479 5308 ροφορία
1488 5236 1712 5306 γενομέ-

133 5350 276 5396 νων,
289 5330 559 5389 τοσούτων
581 5332 615 5402 ὴ
643 5329 923 5401 οἰκονομία
942 5328 1196 5401 πρόξενος
1205 5327 1441 5397 ἀγαθῶν.
1457 5327 1567 5382 Καὶ
1584 5326 1716 5382 ταῦ-

131 5440 216 5480 τα
244 5420 422 5475 πάντα
443 5420 719 5476 κελεύουσι
740 5422 1008 5495 παρορᾷν,
1029 5420 1124 5475 καὶ
1139 5418 1410 5473 τοσούτων
1432 5419 1526 5473 καὶ
1543 5416 1716 5471 τοιού-

129 5530 254 5574 των
283 5512 611 5576 ἀπεναντίας
639 5515 856 5583 χωρεῖν,
885 5511 1169 5583 ἀνθρωπότ
1180 5527 1276 5582 ητα
1303 5509 1359 5562 δὲ
1388 5509 1478 5563 διὰ
1513 5508 1716 5562 τούτων

1807 4506 1902 4569 mi,
1927 4512 1982 4561 et
2010 4506 2254 4562 dolorem
2276 4513 2534 4576 expertus
2562 4515 2669 4572 est,
2701 4520 2798 4576 per
2823 4507 3006 4560 omnia
3038 4505 3372 4562 assimilatus

1808 4607 1890 4654 est
1920 4597 2202 4662 fratribus,
2231 4606 2457 4668 excepto
2503 4605 2747 4669 peccato.
2779 4597 3031 4669 Flagellis
3063 4612 3237 4653 caesus
3264 4606 3369 4660 est,

1812 4697 1969 4745 actus
1994 4690 2049 4744 in
2071 4705 2315 4754 crucem,
2345 4691 2513 4745 clavis
2559 4690 2830 4753 conﬁxus,
2858 4699 3085 4745 mortem
3111 4689 3371 4761 gustavit,

1812 4781 2108 4850 sepulturae
2143 4781 2375 4836 traditus
2408 4789 2512 4847 est,
2549 4781 2831 4836 descendit
2863 4783 3042 4835 anima
3064 4781 3184 4850 ejus
3201 4781 3266 4834 ad
3298 4780 3377 4832 in-

1813 4870 1981 4935 feros,
2006 4879 2062 4927 et
2090 4886 2216 4927 cum
2257 4871 2334 4926 ibi
2379 4871 2609 4926 detineri
2646 4885 2755 4926 non
2800 4880 3009 4941 posset,
3037 4871 3245 4926 reddita
3291 4879 3378 4926 est

1813 4948 2053 5033 corpori,
2089 4972 2146 5017 et
2179 4961 2325 5017 facta
2373 4962 2705 5018 resurrectio
2737 4970 2821 5018 est
2848 4978 2862 5016 :
2893 4960 3023 5017 hinc
3052 4963 3292 5033 palpatio
3322 4970 3378 5015 et

1815 5054 2176 5109 contrectatio
2192 5052 2378 5107 incred
2385 5052 2817 5116 ulorum,deinde
2829 5060 3082 5123 sumptus
3097 5053 3254 5108 cibus
3271 5060 3376 5117 est,

1816 5143 1911 5214 qui
1971 5140 2287 5196 resuscitati
2337 5142 2585 5213 corporis
2639 5142 2799 5197 fidem
2860 5141 3065 5198 faceret
3110 5157 3127 5195 :
3181 5142 3383 5199 deinde

1817 5231 2122 5302 assumptio
2169 5230 2226 5285 in
2258 5231 2458 5286 caelum
2493 5232 2681 5290 multis
2701 5233 3030 5289 videntibus.
3068 5231 3173 5289 Tot
3200 5241 3387 5291 tanta-

1818 5338 1925 5395 que
1947 5330 2078 5378 sunt
2115 5320 2518 5392 Scripturarum
2542 5324 2872 5388 testimonia,
2904 5330 3056 5378 tanta
3079 5338 3266 5380 rerum
3290 5338 3384 5395 ge-

1822 5422 2032 5473 starum
2071 5415 2366 5480 certitudo,
2395 5421 2477 5470 tot
2522 5421 2780 5486 tantaqde
2811 5416 2970 5472 nobis
2996 5416 3140 5472 bona
3159 5428 3385 5471 arcano-

1823 5507 1932 5563 mia
1963 5507 2242 5565 eoneiliat.
2271 5506 2338 5562 Et
2376 5507 2705 5578 praecipiunt
2742 5515 2925 5564 tamen
2956 5516 3017 5564 ut
3046 5508 3163 5565 haec
3200 5509 3385 5565 omnia

218 5667 268 5702 ³⁸
304 5665 408 5723 lca.
443 5681 562 5730 LIII,
598 5667 654 5722 3.
728 5667 772 5699 "
810 5664 968 5721 Joan.
1005 5680 1141 5731 vui,
1175 5664 1264 5718 ιο.
1342 5665 1386 5697 ⁵⁸
1428 5664 1443 5717 Ι
1480 5660 1621 5718 Τίσι.
1656 5675 1691 5715 ιι

1795 5698 1806 5716 .
1877 5660 1923 5693 ⁸⁸
1965 5661 1979 5713 Ι
2015 5659 2145 5717 Cor.
2180 5677 2271 5727 xv,
2305 5661 2396 5717 47.
2474 5661 2518 5695 ⁶⁶
2558 5661 2690 5717 ibid.
2732 5661 2823 5718 2L

461 5778 733 5840 Ρλτιιοι.
779 5777 897 5841 Gn.
930 5776 1221 5840 XXVIII.

2992 5771 3068 5832 B3
