3842 6186
512 236 651 292 1355

1637 232 1694 287 S.
1736 229 2204 286 ATHANASIUS.
2246 261 2315 272 —
2357 229 2627 288 SPURIA.

3651 228 3748 280 13;.

508 357 897 431 despiciamus,
927 369 991 410 ac
1037 361 1228 409 contra
1259 351 1448 407 isthaec
1496 357 1647 404 tanta
1677 356 1731 403 et
1760 345 2078 418 hujusmodi

2183 347 2639 419 ἀποδεδειγμένην
2666 345 2739 418 μή
2772 343 2914 398 κατά
2938 343 3098 414 φύσιν
3137 342 3451 415 ὁμολογεῖνο
3488 342 3763 413 ἀνθρωπό-
3837 342 3839 396 l

508 453 889 528 procedamus,
925 448 1122 518 hisque
1157 446 1587 501 demonstratam
1629 440 1960 497 testimoniis
1994 440 2089 492 hu-

507 545 824 601 manitatem
877 556 988 596 non
1043 537 1347 594 secundum
1401 543 1652 590 naturam
1693 531 2085 599 conﬁteamur;

505 636 904 693 humanitatem
937 647 1066 688 vero
1120 647 1231 687 non
1270 628 1494 684 nudam.
1534 626 1617 682 Ad
1665 626 1780 681 haec
1813 632 1985 681 restat
2029 632 2088 679 ut

506 725 864 796 apostolicam
887 735 1229 793 opponamus
1261 734 1450 775 vocem
1483 735 1497 772 :
1533 735 1551 768 ι
1590 715 1820 788 Oportet
1859 714 2086 770 obedire

505 819 618 875 Deo
650 819 824 888 magis
852 832 1017 888 quam
1046 813 1358 871 hominibus
1380 813 1446 867 δι.
1485 830 1504 864 ι
1538 808 1678 865 Cum
1704 809 1869 880 igitur
1893 807 2088 862 buma-

504 914 651 970 nitas
694 910 972 967 divinitati
1002 907 1353 965 ineﬂ‘abiliter
1379 914 1433 960 ot
1459 900 1904 974 inseparabiliter
1934 899 2086 953 unita

505 1007 599 1076 sit,
628 1007 704 1061 ita
733 1004 978 1076 quidem,
1006 1012 1065 1057 ut
1090 1002 1231 1056 idem
1263 1008 1318 1054 ct
1351 996 1534 1053 infans
1562 995 1835 1059 videatur,
1855 998 1909 1048 et
1943 989 2087 1045 Deus

505 1105 861 1173 agnoscatur,
899 1115 918 1147 ι
946 1095 1112 1158 Puer,
1149 1112 1167 1146 ι
1204 1093 1382 1163 inquit
1421 1090 1708 1161 propheta,
1748 1105 1767 1138 ι
1811 1093 1975 1141 natus
2002 1093 2087 1139 est

502 1194 685 1259 nobis,
713 1199 768 1247 et
798 1189 970 1244 Filius
1004 1188 1170 1242 datus
1194 1195 1280 1241 est
1305 1184 1496 1248 nobis,
1527 1191 1581 1238 et
1623 1188 1850 1238 vocatur
1885 1193 2086 1234 nomen

502 1285 644 1354 ejus,
683 1282 865 1352 magni
890 1279 1109 1334 consilii
1143 1277 1404 1348 Angelus,
1435 1273 1792 1338 admirabilis,
1826 1269 2087 1326 consilia-

501 1377 642 1438 rius,
677 1373 822 1428 Deus
846 1372 1008 1428 fortis
1042 1372 1107 1426 ⁶².
1143 1389 1163 1423 ι
1211 1367 1424 1424 Fasciis
1447 1365 1960 1423 circumscribitur:
1988 1363 2083 1418 sed

501 1469 670 1524 nullis
694 1464 1178 1534 circumscriptum
1197 1461 1446 1517 terminis
1470 1460 1760 1529 imperium
1789 1457 1847 1512 in
1865 1464 2085 1511 creatu-

499 1573 594 1613 ras
625 1557 914 1612 universas
941 1559 1182 1609 exercet.
1232 1552 1294 1607 In
1335 1567 1578 1622 praesepe
1609 1549 1936 1620 ponebatur,
1988 1546 2084 1601 sed

499 1649 816 1720 angelorum
834 1647 1145 1702 celebratus
1169 1645 1372 1716 hymno
1406 1643 1816 1715 glorificabatur
1847 1660 1860 1695 :
1885 1640 2082 1694 famem

501 1747 556 1793 et
590 1738 741 1794 sitim
780 1737 1056 1802 toleravit,
1082 1737 1179 1791 sed
1231 1751 1294 1790 ex
1327 1737 1572 1805 quinque
1601 1733 1838 1804 panibus
1875 1731 2082 1801 aliquot

496 1831 784 1886 hominum
809 1828 981 1883 millia
1016 1828 1309 1891 saturavit,
1342 1833 1397 1881 et
1443 1823 1759 1894 superantia
1790 1821 2080 1878 duodecim

499 1925 873 1980 canistrorum
908 1921 1242 1992 fragmenta,
1275 1927 1438 1989 prout
1487 1917 1680 1981 voluit,
1716 1913 1980 1972 ostendit.
2012 1912 2083 1968 Ut

499 2016 694 2089 paucis
750 2029 868 2069 rem
919 2012 1276 2082 complectar,
1330 2018 1561 2064 mortem
1609 2008 1941 2079 degustavit,
1986 2005 2081 2062 sed

499 2125 627 2166 eum
662 2108 756 2180 qui
808 2107 1006 2162 mortis
1038 2105 1336 2176 imperium
1393 2103 1622 2158 tenebat
1663 2100 1976 2157 destruxit:
2018 2113 2082 2152 ac

499 2203 557 2258 in
585 2217 750 2258 cruce
789 2200 1034 2272 quidem,
1065 2198 1193 2252 dum
1229 2203 1530 2268 pateretur.
1565 2209 1769 2264 corpus
1797 2193 1919 2263 ejus
1957 2207 2083 2262 pen-

499 2294 693 2362 debat;
722 2293 818 2364 qui
853 2307 981 2348 vero
1016 2291 1073 2346 in
1103 2290 1196 2344 illo
1219 2297 1338 2346 erat
1377 2287 1523 2344 Deus
1554 2286 1815 2350 Verbum,
1844 2286 1892 2341 is
1925 2300 2080 2342 suam

498 2387 668 2444 nullis
696 2385 1045 2458 passionibus
1074 2382 1369 2439 obnoxiam
1416 2381 1718 2452 potentiam
1751 2378 1956 2448 ubique
1983 2377 2080 2432 de-

497 2480 766 2535 clarabat.
807 2477 1124 2533 Movebatur
1192 2481 1374 2539 terra,
1431 2471 1826 2528 scindebantur
1875 2477 2078 2539 petrae,

498 2573 881 2629 oecultabatur
908 2570 1012 2636 sol,
1044 2569 1227 2624 velum
1275 2565 1652 2636 rumpebatur,
1693 2563 2081 2634 aperiebantur

497 2667 775 2738 sepulcra,
803 2664 1166 2736 resurgebant
1194 2660 1398 2716 mortui
1424 2659 1552 2714 novi
1590 2661 1878 2728 ruptorum
1931 2671 2080 2710 mor-
2165 2712 2174 2738 τ

2167 2728 2289 2792 ’των
2333 2735 2738 2804 καινοτομίαις;
2782 2731 2920 2784 Ἀλλ’
2951 2732 3034 2796 ὃτι
3069 2731 3168 2802 μὲν
3201 2728 3346 2782 κατὰ
3368 2728 3561 2781 πάντα
3584 2728 3773 2798 τρόπον

498 2761 574 2817 tis
614 2759 955 2816 vinculorum
995 2769 1278 2828 pracones
1315 2770 1328 2805 :
1360 2761 1627 2808 creatura:
1673 2750 1912 2820 denique
1956 2749 2075 2803 uni-

497 2871 673 2913 versae
727 2853 1059 2910 invisibilem
1106 2850 1356 2907 cruciﬁxi
1418 2848 1675 2905 deitatem
1729 2848 2071 2904 nuntiabant.

497 2949 690 3016 Qualis
746 2947 914 3018 igitur
960 2944 1231 3015 supererit
1275 2943 1592 3004 excusatio,
1625 2941 1673 2995 si
1702 2948 1855 2995 tanta
1900 2941 2080 2997 salute

496 3039 769 3112 neglecta,
794 3045 906 3091 tam
954 3034 1123 3090 certis
1154 3033 1489 3088 testimoniis
1531 3030 1885 3102 contemptis,
1918 3031 2075 3086 novis
2101 3043 2148 3104 ς,

495 3128 974 3184 contentiosorum
1021 3124 1306 3180 hominum
1359 3124 1714 3195 opinionibus
1775 3122 2071 3179 adhaeseri-

497 3221 664 3276 mus?
698 3219 897 3275 Verum
945 3216 1094 3288 quod
1135 3215 1392 3270 omnibus
1423 3215 1603 3272 modis
1645 3215 1924 3271 Christum
1957 3213 2081 3270 Sal-

496 3318 744 3365 vatorem
793 3309 986 3364 deceat
1021 3321 1320 3377 agnoscere
1352 3305 1522 3361 Deum
1567 3307 1774 3377 pariter
1798 3314 1852 3361 et
1904 3306 2082 3362 homi-

496 3418 624 3458 nem
661 3400 848 3474 499,
905 3399 1204 3456 secundum
1257 3408 1544 3468 utramque
1605 3408 1895 3464 naturam,
1954 3399 2081 3454 licet

495 3511 600 3552 nos
623 3495 978 3558 tacuerimus,
1011 3492 1220 3564 lapides
1246 3491 1580 3547 clamabunt.
1613 3490 1771 3558 Quod
1804 3506 1936 3547 vero
1969 3506 2080 3546 non

497 3591 557 3644 in
596 3588 815 3644 homine
843 3585 1168 3657 simpliciter
1193 3599 1351 3655 spem
1381 3598 1538 3638 suam
1577 3584 1813 3639 habeant
1865 3584 2078 3655 reposi-

499 3690 632 3744 tam,
661 3681 756 3752 qui
800 3680 883 3735 sic
920 3678 1187 3743 sentiunt,
1215 3692 1395 3748 operte
1434 3679 1669 3748 pretium
1703 3683 1809 3744 est,
1867 3675 2080 3747 perspi-

501 3788 606 3829 cue
639 3772 1038 3827 demonstrare.
1071 3770 1313 3826 Tametsi
1346 3770 1394 3825 si
1419 3784 1530 3840 qua
1563 3769 1793 3824 suborta
1821 3776 1906 3824 est
1938 3783 2081 3838 qure-

499 3867 626 3928 Stio,
682 3874 778 3919 aut
809 3864 1137 3920 solutionem
1192 3863 1314 3932 ejus
1349 3861 1638 3932 quaesitam
1677 3862 1939 3931 oportuit,
1987 3867 2082 3914 aut

496 3959 777 4016 inscitiam
809 3957 968 4013 fateri
1009 3957 1309 4028 propriam,
1373 3969 1474 4011 nec
1501 3969 1531 4008 a
1565 3953 1852 4023 Scriptura
1903 3953 2082 4007 disce-

495 4055 646 4110 dere.
679 4051 801 4107 Jam
830 4065 994 4121 porro
1022 4049 1183 4104 facile
1209 4057 1294 4103 est
1317 4061 1616 4118 congruam
1638 4046 1885 4102 invenire
1913 4046 2082 4101 ratio-

494 4161 645 4210 nem,
682 4158 853 4212 quare
880 4141 939 4196 in
969 4141 1242 4197 carnalem
1280 4138 1518 4195 hominis
1551 4137 1680 4194 facti
1716 4136 1928 4210 (Verbi)
1979 4137 2078 4192 ad-
2170 4184 2175 4193 .

495 4243 741 4300 ventum,
792 4236 850 4289 in
896 4233 1191 4290 salutarem
1243 4231 1459 4286 Domini
1489 4229 1874 4297 oeconomiam,
1927 4245 2081 4300 spem

496 4343 828 4400 reponamus
857 4333 1126 4390 nostram,
1166 4324 1296 4378 dum
1338 4322 1670 4378 invisibilem
1721 4321 1892 4377 Deum
1945 4321 2082 4377 Ver-

499 4421 630 4477 bum
687 4435 784 4491 per
833 4419 1110 4502 visibilem
1159 4431 1380 4472 carnem
1419 4416 1824 4487 cognoscimus,
1882 4425 1938 4469 et
1981 4431 2079 4485 per

499 4514 621 4585 ejus
650 4512 960 4584 passionem
981 4510 1472 4580 impassibilitatem
1497 4508 1749 4578 accipere
1777 4507 2073 4563 credimus:

499 4605 688 4661 omnia
741 4610 922 4658 autem
979 4611 1132 4673 gesta
1169 4601 1356 4656 deitati
1398 4614 1523 4655 cum
1572 4614 1740 4654 carne
1771 4599 2080 4668 conjuncta:

501 4695 854 4762 ascribimus,
883 4701 936 4750 et
959 4695 1036 4748 ita
1063 4708 1225 4748 unam
1256 4692 1633 4747 adorationem
1688 4691 1976 4744 incarnato
2025 4698 2080 4745 et

502 4787 714 4845 homini
767 4786 915 4840 facto
964 4783 1077 4839 Deo
1132 4783 1310 4837 Verbo
1344 4781 1648 4836 aﬂ'erimus.
1690 4778 1880 4850 Neque
1933 4781 2077 4834 enim

501 4882 702 4937 mulier
727 4879 820 4934 illa
855 4892 978 4950 quae
1003 4875 1273 4930 ﬁmbriam
1304 4875 1686 4940 contrectavit,
1721 4873 1778 4927 in
1809 4872 2080 4926 ﬁmbriam

503 4989 656 5045 spem
695 4973 900 5028 habere
927 4969 1266 5041 deprehensa
1293 4975 1398 5029 est,
1433 4966 1527 5021 sed
1554 4967 1609 5020 in
1642 4972 1968 5035 potestatem
2006 4965 2081 5018 in-
2123 4993 2126 4998 ι

502 5066 776 5134 visibilem
829 5062 948 5133 ejus
983 5061 1077 5132 qui
1125 5067 1244 5115 erat
1274 5059 1601 5113 vestimento
1639 5055 1887 5121 indutus,
1919 5055 2080 5124 cujus
2121 5085 2126 5090 -

502 5166 623 5214 erat
646 5157 878 5212 ﬁmbria.
894 5153 1080 5224 Neque
1104 5153 1151 5207 is
1171 5152 1265 5222 qui
1287 5157 1448 5220 sputo
1471 5148 1573 5203 fuit
1597 5163 1627 5202 a
1653 5147 1898 5202 caacitate
1926 5161 2082 5202 sana-

502 5257 616 5313 tus,
630 5247 685 5300 in
713 5254 932 5316 sputum
953 5243 1139 5298 habuit
1165 5241 1416 5295 fiduciam
1438 5257 1452 5305 ;
1473 5237 1569 5294 sed
1591 5237 1646 5291 in
1674 5235 1936 5291 invictam
1961 5235 2080 5304 ejus

505 5338 806 5410 potentiam
829 5338 921 5407 qui
969 5336 1135 5406 jussit
1179 5334 1336 5388 illum
1384 5333 1459 5385 ita
1501 5330 1766 5386 medelam
1807 5328 2078 5395 accipere.

503 5429 640 5487 Nam
656 5430 750 5499 qui
767 5429 928 5484 hodie
941 5426 1010 5481 ad
1022 5432 1273 5482 sanctum
1293 5423 1464 5478 altare
1485 5420 1771 5484 accedunt,
1792 5419 2081 5488 ipsumque

505 5524 931 5592 amplectuntur,
981 5535 1044 5574 ac
1072 5533 1198 5574 cum
1234 5517 1431 5571 timore
1470 5511 1756 5585 etgaudio
1815 5509 2076 5578 salutant,

551 5679 607 5712 -“
645 5678 765 5731 Act.
789 5695 856 5754 vv,
888 5675 982 5731 29.
1058 5675 1101 5752 ξ’
1129 5675 1242 5752 μία,
1280 5688 1366 5727 Ix.
1403 5663 1473 5728 6..

2186 458 2326 511 τητα
2375 439 2431 493 δὲ
2479 440 2538 492 οὐ
2569 438 2750 510 ψιλήν.
2783 436 2929 508 Πρὺς
2972 435 3146 490 ταῦτα
3189 435 3377 506 καιρὸς
3410 435 3772 503 ἀποστςλικὴδ

2187 535 2483 589 ἀντιθεῖναι
2536 534 2752 604 φωνήν·
2790 549 2810 583 t
2836 529 3160 601 Πειθαρχεῖν
3213 529 3293 581 δεῖ
3343 526 3466 598 Θεῷ
3507 526 3776 596 μᾶλλονῆ

2187 626 2516 699 ἀνθρώποις.
2548 647 2568 680 ι
2606 625 2764 680 Οὐτω
2810 623 2854 676 δ’
2885 621 3302 693 ἀνθρωπότητος
3332 620 3598 689 ἀρρήτως
3640 620 3776 688 ἠνωο

2191 721 2358 792 μένης
2385 720 2479 773 καὶ
2512 718 2832 790 ἀχωρίστως
2880 715 3114 784 θεότητι,
3142 713 3218 776 ὡς
3244 712 3336 764 τὸν
3365 710 3534 765 αὐτὸν
3582 709 3778 780 βρέφος

2188 813 2282 866 καὶ
2316 810 2524 864 παιδίον
2543 807 2856 879 βλέπεσθαι,
2885 807 2980 860 καὶ
3008 805 3140 857 Θεὸν
3172 801 3566 872 γινώσκεσθαι.
3600 820 3621 851 ι
3655 802 3773 852 Παι-

2186 904 2296 958 δίον
2324 902 2586 974 ἐγεννήθη
2633 902 2785 972 ήμῖν,
2815 920 2833 950 ι
2871 899 3034 969 φησὶν
3066 899 3094 950 ὁ
3124 892 3409 967 προφήτης
3429 935 3443 955 ,
3483 912 3504 944 ι
3530 894 3666 956 Υἱὸς
3697 893 3780 944 καὶ

2187 997 2368 1068 ἐδόθη,
2400 995 2493 1049 καὶ
2526 995 2770 1048 καλεῖται
2801 991 2862 1044 τὸ
2895 991 3064 1060 ὖνομα
3095 987 3259 1042 αὐτοῦ
3301 986 3552 1057 μεγάλης
3586 985 3780 1055 βουλῆς

2191 1089 2481 1159 Ἄγγελος,
2515 1084 2848 1156 θαυμαστὸς,
2881 1082 3200 1154 σύμϐουλος,
3219 1079 3349 1142 Θεὸς
3375 1079 3628 1149 ἰσχυρός.
3661 1096 3679 1128 ι
3700 1079 3780 1129 Ἐν

2189 1181 2524 1250 σπαργάνοις
2561 1175 2993 1250 περιγράφεται·
3027 1173 3163 1226 ἀλλά
3186 1171 3334 1242 πάσῃ
3368 1173 3434 1240 τῇ
3464 1171 3654 1222 κτίσει
3689 1170 3780 1238 τὴν

2185 1272 2500 1326 δεσποτείαν
2521 1270 2898 1341 ἀπερίγραφον
2924 1266 3310 1320 ἐπιδείκνυται.
3342 1264 3431 1316 Ἐν
3461 1263 3652 1332 φάτνῃ
3683 1262 3780 1313 ἐτί-

2187 1365 2330 1431 θετο,
2367 1362 2502 1417 ἀλλά
2524 1363 2652 1433 παρ’
2675 1360 2922 1429 ἀγγέλων
2951 1358 3285 1428 ὑμνούμενος
3307 1351 3600 1417 ἐδοξάζετο
3616 1368 3632 1382 ο
3669 1354 3780 1403 πεῖ-

2185 1474 2282 1512 ναν
2311 1457 2406 1510 κα¹ι
2420 1454 2578 1524 δίψαν
2604 1452 2916 1522 ὑπέμεινεν,
2935 1449 3048 1504 ἀλλ’
3070 1450 3133 1500 ἐκ
3151 1447 3309 1500 πέντε
3325 1446 3513 1516 ἄρτων
3537 1443 3780 1514 χιλιάδας

2185 1549 2468 1619 ἐχόρτασε,
2501 1546 2595 1601 καὶ
2626 1544 2941 1616 περισσείαν
2983 1539 3309 1611 κλασμάτων
3359 1535 3593 1590 δεκαδύο
3629 1535 3781 1603 κοφί-

2186 1658 2313 1705 νων,
2328 1641 2404 1702 ὡς
2427 1638 2711 1709 ἠθέλησεν,
2749 1634 2938 1711 ἔδειξε.
2968 1632 3255 1701 Συντόμως
3280 1631 3475 1687 εἰπεῖν,
3516 1626 3781 1695 ἐγεύσατο

2116 1697 2159 1752 Β
2189 1697 2461 1792 θανόιτού,¹
2497 1697 2943 1779 ἀλλά-κατέλυσε
2993 1722 3084 1775 τὸν
3120 1697 3181 1774 τὸ
3212 1720 3415 1790 κράτος
3460 1716 3666 1787 ἔχοντα
3691 1716 3778 1768 τοῦ

2187 1822 2416 1876 θανάτου
2444 1835 2456 1851 ⁵
2488 1821 2582 1872 καὶ¹
2609 1818 2728 1872 κατ’
2748 1815 2878 1870 αὐτὸ
2909 1814 3046 1868 δὲτὸ
3063 1812 3252 1877 πάθος,
3278 1812 3370 1864 ἐπὶ
3403 1808 3652 1880 σταυροῦ
3690 1810 3780 1878 μὲν

2183 1911 2251 1987 ἦν
2283 1914 2344 1967 τὸ
2376 1912 2534 1983 σῶμα
2567 1908 2934 1982 κρεμάμενον,
2965 1903 3238 1974 πανταχοῦ
3255 1903 3310 1954 δὲ
3336 1904 3364 1955 ὁ
3387 1903 3446 1954 ἐν
3471 1900 3632 1970 αὐτῷ
3655 1901 3781 1962 65b;

2183 2008 2355 2077 Λόγος
2416 2006 2517 2076 τὴν
2579 2002 2762 2072 ἀπαθῆ
2807 1998 3126 2053 δυναστείαν
3191 1993 3643 2064 ἐπιδεικνύμενος
3695 1988 3778 2063 ἦν.

2197 2097 2430 2151 Ἐσείετο
2461 2095 2556 2164 γῆ,
2589 2093 2867 2163 ἐσχίζοντο
2902 2090 3118 2159 πέτραι,
3143 2085 3586 2139 συνεκαλύπτεττο
3611 2085 3778 2152 ἣλιος.

2183 2190 2539 2260 διερρήγνυτο
2572 2185 2994 2254 καταπέτασμα,
3030 2181 3193 2249 τάφοι
3237 2177 3544 2248 ἠνοίγοντο,
3593 2176 3780 2246 νεκβὶ

2185 2279 2488 2349 ἀνεπήδων,
2522 2277 2664 2344 ξένοι
2695 2276 2938 2346 κήρυκες
2962 2273 3062 2343 τῆς
3100 2271 3450 2332 καταλύσεως
3477 2269 3578 2322 τοῦ
3622 2269 3780 2321 θανά-

2182 2385 2299 2431 του,
2329 2369 2477 2420 πᾶσα
2523 2365 2701 2426 κτίσις
2746 2363 2846 2434 τὴν
2898 2362 3129 2434 ἀόρατον
3159 2360 3389 2430 θεότητα
3437 2357 3539 2411 τοῦ
3587 2359 3777 2410 ἐσταυ-

2187 2460 2434 2532 ρωμένου
2468 2459 2694 2529 ἐμήνυε.
2731 2456 2900 2510 Ποίαν
2943 2455 3136 2525 ἕξομεν
3168 2453 3492 2520 ἀπολογίαν,
3521 2449 3778 2521 τηλικαύ-

2182 2569 2283 2622 της
2329 2551 2705 2622 ἀμελήσαντες
2745 2547 3045 2618 σωτηρίας,
3080 2546 3174 2599 καὶ
3214 2544 3489 2614 τοσαύτην
3524 2542 3774 2614 παριδόν-

2182 2661 2274 2707 τες
2303 2641 2695 2714 πληροφορίαν,
2715 2638 3032 2709 συνθέμενοί
3047 2655 3107 2691 τε
3128 2639 3250 2700 ταῖς
3268 2636 3378 2688 τῶν
3405 2633 3776 2704 φιλονεικούνο

2183 2826 2412 2899 ἁρμόζει
2439 2823 2725 2894 γινώσκειν
2752 2823 2842 2876 τὸν
2875 2823 3103 2893 Σωτῆρα
3125 2821 3356 2892 Χριστὸν
3386 2821 3527 2874 Θεὸν
3549 2821 3667 2890 ἅμα
3689 2820 3773 2871 καὶ

2180 2917 2485 2988 ἄνθρωπον,
2515 2915 2656 2969 κατὰ
2680 2914 2841 2983 φύσιν
2858 2913 3145 2984 ἑκατέραν,
3165 2912 3268 2966 κᾶν
3297 2913 3464 2983 ἡμεῖς
3489 2912 3770 2981 σιωπήσω-

2183 3026 2303 3081 μεν,
2338 3009 2388 3061 οἱ
2412 3007 2549 3061 λίθοι
2577 3005 2870 3078 κράξονται
2889 3020 2901 3033 ·
2931 3005 2992 3058 τὸ
3020 3004 3077 3057 δὲ
3105 3003 3178 3075 μή
3205 3003 3349 3073 ἔχειν
3374 3005 3459 3066 εἰς
3490 3004 3766 3076 ἄνθρωπόν

2181 3099 2372 3164 ἁπλῶς
2395 3098 2496 3162 τὰς
2521 3097 2742 3162 ἐλπίδας
2755 3095 2886 3160 τοὺς
2907 3096 3049 3150 οὐτω
3070 3095 3453 3159 πιστεύοντας,
3480 3097 3766 3165 ἀναγκαῖον

2181 3191 2350 3260 δεῖξαι
2384 3191 2590 3262 σαφῶς.
2621 3190 2883 3257 Καίτοιγε
2908 3189 3003 3241 καὶ
3030 3188 3189 3252 εἴτις
3215 3187 3530 3242 ἀνέκοπτεν
3559 3188 3763 3259 ἀπορία,

2181 3282 2386 3354 ταύτης
2425 3283 2593 3353 ἐχρῆν
2626 3279 2725 3352 τὴν
2753 3279 2906 3334 λύσιν
2936 3279 3148 3349 ζητεῖν,
3183 3278 3216 3348 ἢ
3258 3278 3358 3348 τὴν
3390 3278 3611 3332 οἰκείαν
3643 3277 3767 3348 ἀμά-

2182 3374 2333 3430 θειαν
2365 3374 2677 3444 ὁμολογεῖν,
2732 3373 2794 3425 οὐ
2840 3371 2948 3425 τῶν
2995 3370 3400 3442 γεγραμμένων
3449 3371 3764 3442 ἀναχωρεῖν.

2182 3468 2319 3522 Νυνὶ
2353 3467 2411 3519 δὲ
2435 3466 2531 3520 καὶ
2560 3463 2742 3536 ῥᾴδιον
2775 3463 2836 3516 τὸ
2862 3463 3072 3534 πρέπον
3114 3463 3328 3532 εὑρεῖν,
3377 3462 3465 3514 ὅτι
3499 3463 3608 3526 τὰς
3634 3462 3769 3531 ἐλπί-

2181 3559 2276 3623 δας
2316 3557 2512 3628 ἐχομεν
2553 3556 2632 3620 είς
2673 3554 2772 3627 τὴν
2809 3553 3074 3625 ένσαρκον
3113 3553 3207 3606 τοῦ
3250 3554 3768 3626 ἐνανθρωπήσαντος

2184 3650 2505 3723 παρουσίαν,
2558 3651 2638 3710 εἰς
2681 3647 2781 3718 τὴν
2823 3648 3089 3718 σωτήριον
3135 3645 3230 3700 τοῦ
3273 3645 3551 3699 δεσπότου
3583 3650 3770 3700 οἰκονο-

2185 3744 2336 3816 μίαν,
2387 3741 2476 3796 διά
2519 3741 2619 3812 μὲν
2665 3740 2782 3812 τῆς
2809 3737 3342 3811 ὁρωμένηςσαρκὸς
3395 3737 3494 3791 τὸν
3549 3739 3766 3808 ἀόρατεν

2181 3836 2314 3889 Θεὸν
2359 3834 2532 3902 Λόγον
2576 3830 3030 3900 ἐπιγινώσκοντες
3050 3871 3066 3897 ,
3095 3881 3099 3885 ,
3125 3829 3221 3882 καὶ
3271 3828 3360 3882 διὰ
3418 3829 3516 3882 τοῦ
3575 3829 3766 3890 πάθους

2181 3927 2386 3999 ταύτης
2411 3927 2512 3997 τὴν
2540 3925 2808 3980 ἀπάθειαν
2831 3924 3130 3995 λαμϐάνειν
3162 3922 3551 3983 πιστεύοντες·
3602 3922 3769 3975 πάντα

2181 4021 2239 4075 δὲ
2265 4021 2335 4074 τὰ
2365 4021 2651 4090 γενόμενα,
2700 4021 2768 4090 τῇ
2803 4019 3055 4090 ἡνωμένη
3089 4019 3156 4088 τῇ
3203 4016 3370 4086 σαρκὶ
3393 4016 3613 4087 θεότητι
3653 4018 3763 4068 tm.

2181 4113 2515 4182 γράφοντες,
2549 4108 2644 4165 κα)⁴
2665 4108 2806 4162 οὕτω
2838 4108 2966 4178 μίαν
2991 4107 3092 4179 τὴν
3124 4106 3501 4177 προσκύνησιν
3529 4105 3610 4175 τῷ
3643 4120 3766 4173 σαρ-

2182 4205 2411 4262 κωθέντι
2447 4206 2542 4259 καὶ
2591 4202 3072 4273 ἐνανθρωπήσαντι
3102 4199 3222 4271 Θεῷ
3249 4199 3414 4268 Λόγῳ
3465 4198 3764 4267 προσάγον-

2182 4315 2292 4360 τες.
2332 4297 2468 4352 Οὐδὲ
2508 4295 2678 4368 γάρή
2714 4293 2968 4364 ἁψαμένη
3010 4290 3149 4363 γυνὴ
3191 4288 3287 4342 τοῦ
3331 4289 3651 4360 κρασπέδου
3691 4287 3763 4346 είς

2110 4381 2157 4438 Ῑ)
2185 4389 2488 4461 κράσπεδον
2536 4388 2734 4459 ἔχουσα
2794 4387 2894 4450 τὰς
2939 4384 3158 4446 ἐλπίδας
3202 4381 3492 4452 ἠλέγχετο,
3531 4381 3669 4443 ἀλλ’,
3693 4380 3762 4437 εἰς

2177 4483 2276 4553 τὴν
2303 4482 2532 4553 ἀόρατον
2559 4480 2788 4550 δύναμιν
2815 4477 2907 4532 τοῦ
2939 4476 3002 4530 τὸ
3027 4476 3242 4548 ἱμάτιον
3268 4473 3764 4545 περιϐεϐλημένον,

2170 4567 2350 4646 ὀὗπερ
2380 4574 2440 4628 τὸ
2465 4572 2794 4645 κράσπεδον.
2827 4571 2962 4624 Οὐδὲ
2987 4571 3016 4622 ὁ
3042 4567 3119 4638 τῷ
3132 4567 3416 4638 πτύσματι
3446 4566 3554 4636 τῆς
3578 4562 3765 4632 τυφλώ-

2183 4685 2318 4731 σεως
2345 4663 2748 4737 ἐλευθερωθεὶς,
2773 4664 2854 4726 είς
2877 4661 3102 4732 πτύσμα
3128 4659 3228 4730 τὴν
3259 4657 3595 4728 πεποίθησιν
3614 4654 3760 4726 εἶχεν,

2181 4759 2296 4814 ἀλλ’
2329 4761 2410 4822 είς
2445 4757 2543 4828 τὴν
2573 4759 2841 4828 ἀήττητον
2873 4755 3120 4820 ἐξουσίαν
3148 4751 3243 4805 τοῦ
3274 4750 3645 4812 κελεύσαντος
3680 4749 3760 4800 αὐ-

2181 4853 2271 4907 τὸν
2314 4851 2456 4906 οὕτω
2479 4850 2578 4921 τὴν
2612 4849 2756 4902 ῐασιν
2777 4845 3052 4912 δέξασθαι.
3097 4844 3251 4897 Ἐπεὶ
3274 4842 3371 4896 καὶ
3403 4841 3504 4895 νῦν
3539 4843 3590 4895 οί
3615 4856 3760 4911 προσ-

2185 4949 2356 5010 ιόντες
2387 4945 2528 5015 ἁγίῳ
2553 4942 2948 5016 θυσιαστηρίῳ,
2973 4937 3470 5010 περιπτυσσόμενοι
3500 4935 3562 4987 δὲ
3600 4933 3757 4993 τοῦτο,

2183 5040 2278 5093 καὶ
2309 5037 2445 5109 μετά
2467 5035 2632 5105 φόϐου
2659 5035 2754 5088 καὶ
2781 5033 2953 5104 χαρᾶς
2979 5027 3382 5098 ἀσπαζόμενοι,
3433 5027 3542 5078 οὐκ
3581 5028 3658 5088 είς
3691 5024 3757 5073 λί-

2183 5130 2274 5183 θον
2316 5129 2349 5199 ἢ
2387 5127 2539 5192 ξύλον
2583 5124 2769 5187 ἀπλῶς
2806 5120 3209 5191 ἐπερείδονται,
3261 5116 3376 5169 ἀλλ’
3407 5117 3492 5179 είς
3541 5115 3641 5186 τὴν
3685 5111 3758 5163 διὰ

2181 5223 2274 5276 τοῦ
2320 5221 2469 5275 λίθου
2522 5220 2556 5291 ἢ
2611 5219 2769 5286 ξύλου
2815 5219 2926 5278 τοῖς
2981 5211 3234 5266 εὐσεϐέσι
3288 5207 3753 5278 μνημονευομένου

2181 5315 2359 5385 χάριν.
2399 5312 2472 5364 Ἢ
2501 5312 2564 5364 σύ
2602 5309 2696 5364 καὶ
2721 5307 2849 5370 τούς
2878 5302 3150 5364 σωθέντας
3177 5299 3309 5353 ποτὲ
3341 5299 3439 5350 ἐπὶ
3473 5300 3575 5350 τοῦ
3607 5313 3755 5367 μακα-

2185 5406 2303 5476 ρίου
2351 5401 2630 5464 Μωύσέως
2678 5399 2767 5454 διὰ
2815 5395 2911 5452 τοῦ
2950 5393 3166 5466 βλέπειν
3209 5393 3293 5454 είς
3340 5391 3436 5444 τὸν
3486 5388 3754 5459 Mei-a1:

2181 5497 2414 5569 χαλκοῦν
2470 5497 2612 5566 ὄφιν,
2650 5494 2769 5572 ὄφει
2827 5491 2925 5562 τὴν
2981 5486 3254 5559 σωτηρίαν
3312 5484 3496 5539 αὐτῶν
3558 5479 3753 5552 ἐπιτρί-
