3842 6186
135 311 272 371 13ζῖ7

946 310 1532 369 CONFUTATIONES
1570 309 2014 384 QUARUMDAM
2056 308 2642 368 PROPOSITIONUM.

3249 313 3393 368 1358

134 447 256 486 πειν
291 429 570 497 διέϐαλες;
629 432 692 485 Εἰ
740 431 796 485 δὲ
843 433 876 504 ἡ
920 431 1083 484 εἰκὼν
1111 430 1204 485 τοῦ
1255 431 1552 502 μυστηρίου
1579 448 1705 483 τοσ-

1811 445 1920 485 non
1952 430 2009 484 in
2032 430 2267 501 lapidem
2305 438 2398 484 aut
2447 431 2656 503 lignum
2699 438 2902 486 temere
2931 430 3262 496 innituntur,
3294 433 3391 488 sed

133 522 300 594 αὐτην
354 524 630 594 ἐνέργειαν
667 523 734 576 δι’
779 524 956 592 ὄφεως
1003 523 1340 588 ἐπεδείξατο·
1389 523 1539 593 πόσῳ
1570 522 1710 592 μᾶλ-

131 611 223 668 λσν
260 614 390 667 αὐτὸ
428 615 528 685 τῆς
576 614 797 686 χάριτος
839 612 901 666 τὸ
937 614 1287 684 πρωτὸτυπον
1326 613 1394 666 δι’
1421 611 1706 683 ἀνθρώπου

134 723 214 758 σοι
246 706 498 777 παρέξει,
539 705 720 770 καθὼς
769 705 864 758 καὶ
901 705 1143 777 παρέσχε
1190 707 1303 768 τοῖς
1346 706 1558 767 πιστοῖς
1608 702 1708 767 τὰς

132 797 498 868 πολυτρόπους
527 798 844 869 εὐεργεσίας
878 797 1020 851 κατά
1046 797 1137 850 τὸν
1169 797 1391 851 εἰπόντα
1413 813 1426 826 °
1465 796 1706 866 «Ὥσπερ

129 889 194 941 δι’
225 889 509 962 ἀνθρώπου
546 893 575 943 ὁ
613 891 859 958 θάνατος,
903 890 1044 945 οῦτω
1092 891 1157 944 δι’
1189 888 1475 962 ἀνθρώπου
1507 890 1541 958 ἡ
1575 887 1706 942 ἀνά-

131 999 318 1044 στασις
353 982 460 1036 τῶν
497 984 723 1058 νεκρῶν.
749 1005 768 1037 ι

1811 521 1867 574 in
1897 522 2127 592 gratiam
2159 538 2263 592 per
2295 525 2503 594 lignum
2543 531 2598 578 et
2645 522 2881 592 lapidem
2912 538 2943 576 a
2993 525 3200 580 sanctis
3257 525 3391 579 viris

1811 625 2192 673 memoratam.
2243 617 2325 672 An
2370 625 2431 672 tu
2459 633 2558 674 eos
2604 619 2698 689 qui
2729 625 2976 687 tempore
3000 617 3150 673 beati
3183 617 3389 689 Moysis

1809 705 1931 761 visu
1988 708 2212 763 exaltati
2261 710 2394 766 aenei
2435 712 2710 782 serpentis
2743 712 2921 766 sanati
2960 720 3110 777 sunt,
3143 715 3390 782 serpenti

1765 853 1769 858 ,
1811 798 2044 852 salutem
2076 803 2420 858 commisisse
2467 818 2624 858 suam
2669 804 3068 860 calumniaris?
3127 805 3285 871 Quod
3341 807 3389 862 si

1812 891 2060 960 mysterii
2092 893 2271 964 imago
2319 902 2526 950 tantam
2572 912 2670 966 per
2712 906 3017 967 serpentem
3044 897 3389 956 eﬁicientiam

1815 983 2094 1049 exhibuit;
2146 995 2353 1056 quanto
2382 989 2647 1057 majorem
2690 990 2807 1059 ipse
2850 990 3038 1060 gratiae
3067 998 3388 1062 prototypus

132 1093 229 1150 per
259 1078 529 1133 hominem
570 1081 666 1134 tibi
723 1081 930 1148 all‘eret,
985 1079 1444 1152 quemadmodum
1511 1078 1766 1134 ﬁdelibus
1805 1080 1956 1134 varia
2002 1083 2183 1138 attulit
2229 1083 2514 1149 beneﬁcia,
2567 1083 2726 1153 juxta
2756 1082 2928 1138 illud:
2970 1100 2988 1134 ι
3015 1080 3386 1149 Quemadmo-

130 1166 259 1220 dum
290 1182 387 1236 pcr
418 1168 692 1225 hominem
729 1185 897 1235 mors,
959 1170 1034 1224 ita
1063 1185 1160 1241 per
1195 1169 1475 1225 hominem
1523 1169 1858 1225 resurrectio
1888 1179 2235 1229 mortuorum
2253 1175 2318 1228 ⁸³.
2356 1195 2375 1226 ι

857 1283 969 1338 νιι.

195 1392 355 1462 Πρὸς
399 1392 541 1460 τοὺς
566 1393 894 1520 λέγονταΧέ
925 1397 1182 1451 Ἔπαθεν
1213 1395 1453 1463 ἀπαθῶς
1493 1398 1637 1463 Θεὸς

896 1484 1018 1520 νος.

807 1484 890 1520 ΛΟ
967 1486 1018 1532 ς.

196 1555 422 1620 Πολλαῖς
474 1557 568 1611 καὶ
628 1557 747 1612 λίαν
798 1484 1004 1623 marg);
1052 1559 1432 1631 προτεθείσαις
1480 1559 1705 1623 πλοκαῖς

128 1650 410 1720 συντόμως
444 1650 582 1704 κατά
607 1651 836 1721 δύναμιν
860 1653 1225 1716 ἀντειπόντες,
1258 1653 1360 1706 οὐκ
1396 1653 1618 1722 οἴδαμεν
1649 1653 1702 1706 τί

127 1741 445 1813 χρησόμεθα
471 1744 538 1812 τῇ
562 1743 677 1797 νυνὶ
709 1723 1067 1816 προκειμένη,
1108 1744 1322 1809 παίζειν
1353 1744 1451 1814 μὲν
1483 1744 1542 1796 οὐ
1576 1742 1700 1812 βου-

126 1833 377 1904 λόμενοι,
417 1836 692 1889 παιδεύειν
731 1837 789 1889 δὲ
825 1837 1058 1908 μάλιστα
1090 1837 1228 1908 πρὸς
1264 1835 1484 1890 παιδιὰν
1529 1851 1701 1888 κατα-

122 1925 387 1994 γέλαστον
434 1926 606 1985 οὕτως
658 1929 1128 2000 ἀναγκαζόμενοι,
1167 1931 1233 2000 ἣν
1272 1928 1366 1981 καὶ
1411 1927 1473 1980 τὸ
1515 1925 1702 1990 ἁπλῶς

121 2021 298 2070 εἰπεῖν
337 2018 535 2089 χλεύην
575 2020 721 2074 ἐστὶν
769 2023 1119 2091 εἰσενεγκεῖν.
1173 2020 1414 2074 Ἔπαθεν
1455 2019 1700 2082 ἀπαθῶς.

128 2113 198 2164 Ὢ
225 2111 326 2182 τῆς
352 2112 666 2184 ἀδιανοήτου
701 2114 923 2183 σοφίαςί
978 2115 1042 2166 Ὦ
1069 2115 1170 2185 τῆς
1213 2112 1514 2183 παιζούσης
1559 2111 1706 2164 διδα-

133 2204 390 2270 σκαλίας,
449 2204 836 2276 οἰκοδομούσης
875 2205 992 2276 ἄμα
1027 2205 1121 2258 καὶ
1161 2203 1560 2274 καθαιρούσηςι
1617 2195 1706 2254 οἷά

129 2297 282 2349 ἐστιν
324 2296 448 2350 ίδεῖν
495 2296 565 2350 τὰ
608 2296 717 2351 τῶν
759 2297 966 2352 παίδων
1006 2299 1064 2350 ἐν
1105 2297 1353 2368 ψάμμοις
1391 2296 1701 2368 ἀθύρματα.

128 2389 370 2442 Ἔπαθεν
415 2389 640 2454 ἀπαθῶς
668 2408 681 2420 ·
732 2391 864 2462 πρὶν
907 2390 1126 2444 ἀκούσω
1147 2389 1240 2443 τοῦ
1277 2390 1538 2460 ῥήματος,
1582 2389 1704 2441 ἐπι-

124 2481 458 2553 λανθάνομαι
485 2483 584 2552 τῆς
610 2483 883 2553 σημασίας
913 2482 1030 2548 τοῦ,
1071 2481 1293 2536 ἔπαθεν.
1335 2479 1704 2550 Ἐπαγόμενον

123 2575 237 2648 γὰρ
283 2575 366 2640 τὸ,
414 2573 659 2642 ἀπαθῶς,
714 2573 817 2627 οὐκ
862 2575 929 2644 ἐᾷ
966 2573 1215 2636 θάνατον,
1258 2572 1352 2624 καὶ¹
1378 2558 1576 2640 ταφὴν,
1611 2570 1705 2623 καὶ

122 2667 423 2723 ἀνάστασιν
451 2667 720 2738 δέχεσθαι,
767 2666 804 2721 ἃ
843 2667 904 2720 τὺ
931 2668 1028 2738 τῆς
1057 2664 1330 2738 ἡμετέρας
1375 2664 1488 2735 ἔχει
1531 2679 1706 2732 σωτη-

126 2759 250 2831 ρίας
291 2759 600 2828 κεφάλαιον.
648 2760 711 2812 Εἰ
760 2759 869 2830 γὰρ
909 2757 1115 2823 ἔπαθε,
1168 2757 1287 2820 πῶς
1333 2754 1588 2820 ἀπαθῶς;
1639 2755 1704 2807 Et

121 2849 390 2917 ἀπαθῶς,
449 2850 566 2914 πῶς
605 2848 818 2914 haec;
865 2849 1206 2921 Λαλήσωμεν
1253 2847 1554 2918 ἀλαλήτως,
1609 2846 1704 2898 καὶ

122 2943 410 3013 νοήσωμεν
462 2943 723 3013 ἀνοήτως.
786 2940 882 3004 Τίς
939 2939 1047 2994 εἶδε
1097 2940 1364 2994 πίπτοντα
1414 2939 1699 3002 ἀπτώτως,

2553 1288 2656 1345 VII.

1803 1375 2066 1432 Adversus
2108 1396 2192 1433 eos
2227 1381 2317 1449 qui
2352 1379 2576 1435 dicunt:
2616 1379 3029 1449 lmpassibih‘ter
3071 1396 3261 1449 passus
3307 1392 3386 1435 est

2377 1471 2519 1526 Deus
2553 1472 2799 1527 Verbum.

1871 1560 2170 1634 Postquam
2205 1564 2407 1621 multas
2442 1576 2604 1636 atque
2633 1571 2919 1619 contortas
2969 1563 3385 1635 propositiones

1732 1686 1775 1742 Β
1803 1670 1901 1725 pro
1928 1655 2186 1712 facultate
2214 1657 2643 1722 confutavimus,
2663 1657 2728 1711 ad
2760 1664 3087 1727 praesentem
3105 1657 3385 1712 nescimus

1806 1749 1938 1819 quid
1978 1749 2427 1819 respondeamus.
2477 1749 2614 1803 Cum
2657 1749 2834 1818 jocari
2885 1748 3106 1818 quidem
3149 1761 3262 1802 non
3310 1748 3386 1802 sit

1805 1840 2043 1902 animus,
2101 1839 2168 1893 ad
2205 1839 2416 1893 ludicra
2459 1848 2644 1893 tamen
2675 1847 2728 1895 et
2757 1838 2991 1895 ridicula
3045 1838 3383 1894 confutanda

1805 1930 1890 1984 vel
1940 1929 2096 1983 inviti
2149 1931 2418 2000 cogimur,
2461 1945 2696 2000 quorum
2748 1931 2835 1984 vel
2893 1931 3128 2000 simplex
3175 1930 3383 1985 mentio

1805 2019 1977 2074 risum
2011 2027 2243 2074 moveat.
2274 2018 2480 2075 Passus
2513 2028 2599 2077 est
2629 2020 3073 2090 impassibiliter;
3122 2033 3156 2074 ο
3186 2019 3384 2074 ineon-

1806 2110 2101 2166 sideratam
2137 2111 2494 2181 sapientiam!
2532 2127 2566 2166 ο
2596 2113 2862 2168 ludicram
2910 2110 3222 2166 doctrinam
3271 2125 3381 2165 una

1804 2203 2164 2260 aediﬁcantem
2195 2211 2252 2259 et
2280 2205 2675 2271 destruentem,
2730 2213 2792 2260 ut
2840 2203 3023 2260 vialere
3052 2217 3253 2275 pueros
3295 2213 3384 2260 est

1804 2297 1862 2352 in
1893 2311 2059 2351 arena
2092 2296 2367 2353 ludentes.
2419 2296 2628 2354 Passus
2675 2304 2760 2353 est
2788 2297 3203 2368 impassibiliter
3235 2315 3249 2351 :
3279 2311 3382 2351 an-

1805 2399 2021 2460 tequam
2053 2389 2271 2444 audiam
2303 2390 2437 2446 illud
2461 2390 2669 2446 dictum
2697 2389 2828 2461 quid
2863 2388 3154 2460 signiﬁcet,
3183 2403 3382 2459 passus

1805 2490 1911 2547 est,
1953 2482 2252 2538 obliviscor
2292 2501 2304 2536 :
2338 2497 2464 2536 nam
2499 2483 2645 2552 quod
2695 2483 2976 2552 adjicitur,
3027 2479 3382 2552 impassibili-

1805 2581 1910 2640 ter,
1945 2589 2056 2629 non
2085 2574 2322 2628 admittit
2350 2583 2610 2639 mortem,
2640 2574 2997 2643 sepulturam,
3043 2579 3098 2629 et
3139 2587 3384 2628 resurre-

1805 2666 2065 2733 ctionem,
2094 2680 2215 2736 quae
2242 2666 2437 2721 salutis
2467 2674 2669 2720 nostra:
2697 2679 2968 2719 summam
3003 2664 3381 2734 complectun-

1803 2765 1915 2813 tur.
1963 2756 2098 2811 Nam
2129 2758 2175 2814 si
2209 2773 2408 2828 passus
2459 2765 2565 2824 est,
2601 2756 2877 2828 quomodo
2931 2756 3384 2827 impassibiliter?

1804 2848 1863 2904 Si
1893 2850 2324 2920 impassibiliter,
2365 2850 2639 2920 quomodo
2662 2865 2862 2921 passus
2898 2850 3020 2905 est?
3069 2848 3386 2920 Loquamur

1804 2939 1923 2996 sine
1951 2940 2190 3010 loquela,
2244 2941 2616 3010 intelligamus
2661 2941 2782 2996 sine
2812 2940 3193 3011 intelligentia.
3246 2940 3385 3008 Quis

122 3033 472 3105 ἐγειρόμενον
519 3033 859 3103 ἀνεγέρτως,
931 3032 1197 3086 πονοῦντα
1260 3031 1508 3095 ἀπόνως,
1563 3047 1705 3112 ,φρο-

1810 3030 1942 3085 vidit
1971 3047 2211 3102 unquam
2255 3033 2542 3088 cadentem
2572 3033 2692 3089 sine
2723 3047 2878 3098 casu,
2917 3032 3214 3088 excitatum
3265 3033 3387 3088 sine

123 3124 323 3178 νοῦντα
371 3124 650 3195 ἀφρόνως,
713 3123 977 3179 λαλοῦντα
1026 3125 1342 3196 ἀλαλήτως,
1393 3122 1704 3193 ὠφελοῦντα

123 3211 421 3283 ἀνωφελῶς
457 3213 602 3286 (25),
653 3213 912 3285 λυόμενον
941 3213 1154 3277 ἀλύτως
1177 3257 1192 3281 ,
1235 3214 1323 3268 ἵνα
1349 3213 1590 3284 λέξωμεν
1621 3215 1702 3281 τὸ,

122 3305 328 3359 ἔπαθεν
365 3305 623 3372 ἀπαθῶς;
657 3305 811 3378 Τίςή
842 3307 943 3377 τῆς
975 3306 1287 3378 ἀφροσύνης
1320 3307 1594 3371 ἐπίτασις;
1623 3307 1707 3370 τίς

124 3398 160 3468 ἡ
193 3396 294 3468 τῆς
335 3396 529 3467 μανίας
556 3396 807 3461 ἔνστασις
833 3414 847 3463 ;
889 3397 974 3462 τίς
1002 3399 1035 3469 ἡ
1063 3397 1164 3468 τῆς
1191 3398 1378 3461 ἀνοίας
1410 3397 1704 3469 παραπλη-

126 3486 249 3553 eia;
288 3487 424 3558 Περὶ
458 3487 758 3559 μυστηρίου
791 3487 1230 3560 φρικωδεστάτου
1274 3488 1458 3559 φέρειν
1489 3489 1706 3560 ῥήματα

123 3579 340 3650 γέλωτα
387 3580 590 3634 πλατὺν
638 3580 980 3652 ἐργαζόμενα
1003 3621 1017 3645 ,
1069 3580 1226 3649 λόγον
1279 3579 1707 3649 ἐπαγγέλλεσθαι

124 3675 224 3728 κα)⁸
265 3673 488 3742 ἀλογίαν
530 3672 965 3744 προϐάλλεσθαι,
1023 3674 1314 3746 ἀπόκρισιν
1357 3675 1554 3728 διδόναι
1585 3675 1708 3746 ῖσην

120 3765 222 3821 τοῦ
255 3766 331 3838 μὴ
354 3766 574 3831 διδόναι,
601 3767 978 3836 ἀσαφεστέραν
1001 3768 1297 3839 ἑρμηνείαν
1317 3769 1576 3839 παρέχειν
1601 3769 1710 3838 μεί-

123 3861 280 3925 ζονος
313 3859 544 3932 ἀπορίας
595 3861 826 3932 μητέρα.
880 3859 1006 3923 Πῶς
1054 3861 1228 3924 οὐδεὶς
1271 3860 1378 3916 τῶν
1428 3862 1596 3929 ἁγίων
1630 3863 1709 3924 είς

119 3951 381 4005 τοσοῦτον
421 3951 552 4021 ῦψος
598 3950 932 4024 ἀναδραμεῖν
974 3951 1224 4023 θεωρίας,
1281 3953 1314 4024 ἣ
1363 3955 1536 4005 εἰπεῖν
1586 3952 1710 4021 ἡδυ-

122 4044 262 4116 νήθη
283 4044 347 4097 τὸ
371 4043 802 4116 πολυθρύλλητον
827 4047 1001 4098 ἐκεῖνο
1029 4045 1198 4116 ῥῆμα,
1226 4045 1426 4099 ἔπαθεν
1453 4045 1707 4110 ἀπαθῶς;

1806 3120 2158 3188 excitatione,
2213 3122 2555 3179 laborantem
2609 3123 2731 3179 sine
2787 3123 2995 3189 labore,
3057 3122 3386 3194 prudentem

1806 3213 2206 3284 imprudenter,
2281 3217 2596 3288 loquentem
2652 3219 2770 3273 sine
2820 3216 3060 3288 loquela,
3093 3217 3388 3271 utilitatem

1808 3307 2120 3364 alferentem
2152 3308 2441 3372 inutiliter,
2475 3309 2718 3365 solutum
2741 3310 3000 3373 insolute,
3033 3317 3094 3364 ut
3134 3309 3388 3364 dicamus

1807 3415 2006 3470 passus
2025 3408 2110 3457 est
2128 3402 2581 3472 impassibiliter?
2603 3402 2734 3469 Quae
2761 3409 2912 3458 tanta
2941 3403 3057 3458 haec
3079 3401 3390 3458 dementia?

1809 3509 1930 3565 quae
1969 3494 2172 3548 furoris
2205 3495 2616 3564 perseverantia
2638 3495 2667 3547 ?—
2693 3494 2818 3565 quis
2865 3493 3119 3549 amentia:
3158 3491 3389 3562 stupor?

1807 3585 1884 3642 De
1945 3587 2227 3642 tremendo
2281 3586 2544 3641 nimirum
2590 3587 2851 3658 mysterio
2901 3586 3065 3642 verba
3117 3583 3388 3656 proferre,

1810 3678 2046 3748 amplam
2103 3677 2250 3735 risus
2297 3677 2580 3732 materiam
2632 3676 2946 3733 moventia?
3001 3675 3248 3747 polliceri
3299 3689 3390 3729 ra-

1809 3773 1945 3827 tioni
1984 3785 2248 3842 congrua,
2277 3780 2330 3825 et
2364 3784 2396 3823 a
2447 3769 2662 3826 ratione
2713 3769 3052 3828 alienissima
3104 3766 3392 3838 proferre?

1809 3865 1885 3920 ita
1909 3863 2265 3934 respondere,
2295 3873 2357 3919 ut
2388 3863 2610 3918 videare
2641 3877 2754 3918 non
2792 3861 3186 3933 respondisse?
3216 3860 3390 3915 inter-

1809 3956 2168 4025 pretationem
2222 3955 2481 4010 exhibere
2536 3969 2595 4009 re
2633 3945 2956 4023 explicanda
2988 3952 3389 4014 obscuriorem,

1810 4056 1865 4103 et
1890 4047 2116 4118 majoris
2143 4046 2507 4102 dubitationis
2542 4046 2814 4101 matrem?
2860 4045 2964 4112 Qui
2990 4045 3049 4099 ﬁt
3077 4043 3224 4114 quod
3255 4057 3390 4098 san-

128 4134 259 4197 Πῶς
311 4136 369 4188 αἱ
416 4134 726 4204 πολύστιχοι
776 4134 945 4205 βίϐλοι
997 4136 1094 4206 τὴν
1152 4135 1454 4207 ὑπέρογκον
1507 4135 1705 4205 ταύτην

1811 4146 2026 4193 ctorum
2067 4151 2229 4193 nemo
2255 4145 2365 4192 tam
2396 4137 2507 4190 alta
2533 4135 2915 4206 contemplari,
2957 4148 3060 4189 nec
3089 4133 3183 4188 illo
3209 4138 3393 4212 tanto;

125 4227 472 4296 ἀποκάλυψιν
500 4230 632 4298 ἡμῖν
661 4229 762 4281 οὐκ
791 4227 1089 4300 ἐγνώρισαν
1115 4245 1128 4294 ;
1164 4228 1394 4293 Παῦλος,
1424 4230 1502 4292 είς
1531 4228 1705 4304 τρίτον

1812 4243 1940 4297 pere
1967 4227 2241 4282 celebrato
2274 4228 2442 4282 verbo
2470 4227 2548 4280 uti
2585 4226 2782 4296 potuit,
2835 4239 3033 4295 passus
3059 4229 3144 4279 est
3186 4223 3392 4293 impas-

125 4320 360 4393 οὐρανὸν
402 4319 665 4384 ἀνελθὼν,
701 4323 796 4374 καὶ
833 4321 940 4374 τῶν
971 4322 1223 4393 ἀρρήτων
1257 4321 1514 4392 ῥημάτων
1552 4320 1705 4374 ἀκού-

1815 4319 2092 4374 sibiliter?
2128 4321 2265 4388 Ipsa:
2296 4333 2470 4374 sacrae
2494 4318 2691 4374 litterae.
2733 4325 2814 4372 tot
2838 4317 3092 4373 versibus
3119 4317 3393 4373 distinctae

127 4385 232 4475 σας
276 4414 334 4466 ἐν
386 4411 717 4482 παραδείσῳ,
767 4411 976 4464 τοιοῦτο
1010 4385 1183 4466 ὀὐδὲν
1231 4385 1560 4483 ἀπεφήνατο.
1617 4410 1705 4482 Μὴ

1815 4410 1945 4480 quid
1976 4417 2061 4464 est
2114 4424 2214 4465 cur
2254 4409 2602 4480 magniﬁcam
2649 4409 2792 4464 hanc
2839 4409 3228 4465 revelationem
3287 4425 3392 4466 nos

125 4501 260 4574 ἆρα,
291 4502 518 4565 τούτοις,
541 4503 966 4572 καταλιμπάνων
995 4503 1092 4574 τὴν
1129 4503 1238 4556 τῶν
1273 4502 1705 4573 ὑπερϐαινόντων

1815 4502 2040 4556 minime
2105 4501 2450 4557 docuerunt?
2514 4500 2719 4556 Paulus
2787 4501 2845 4556 in
2911 4501 3134 4556 tertium
3189 4501 3393 4556 malum

124 4597 412 4668 ἐξήγησιν,
442 4595 614 4659 οὕτως
642 4597 741 4649 οὐκ
769 4592 925 4649 εἶπεν
951 4613 964 4627 ο
1007 4597 1247 4650 Ἔπαθεν
1277 4595 1502 4659 ἀπαθῶς
1521 4613 1533 4626 ’
1565 4595 1702 4660 ἀλλ’,

131 4708 151 4739 ι
180 4688 416 4758 Ἐμαθε,
447 4690 631 4760 φησιν,
651 4691 756 4758 ξάφ’
775 4684 849 4742 ὧν
876 4689 1046 4742 ἔπαθε
1065 4706 1079 4719 ·
1119 4708 1138 4740 ι
1166 4689 1279 4754 καὶ,
1305 4708 1324 4741 ι
1357 4690 1706 4761 Πεπειραμέ-

125 4796 240 4843 νος,
274 4779 418 4833 κατά
456 4780 652 4844 πάντα,
691 4781 811 4834 καθ’
857 4781 1179 4853 ὁμοιότητα;
1219 4801 1238 4833 ›
1275 4782 1346 4835 Τὸ
1390 4801 1408 4832 ι
1439 4799 1703 4852 πεπειρα-

129 4870 313 4942 μένος,
341 4891 360 4922 ›
417 4872 698 4944 πόρρωθεν
743 4873 918 4926 ἀνεῖλε
961 4872 1071 4927 τῶν
1118 4873 1370 4927 τοιούτων
1410 4873 1582 4943 λόγων
1609 4874 1708 4945 τὴν

126 4962 423 5034 ληρῳδίαν·
475 4965 535 5017 '0
578 4964 689 5036 γὰρ
733 4964 876 5018 κατά
920 4965 1098 5020 πάντα
1138 4967 1543 5037 πεπειραμένος
1587 4967 1707 5020 καθ’

125 5055 446 5126 ὁμοιότητα,
478 5057 512 5127 ἢ
541 5057 806 5113 πέπονθεν
836 5058 936 5111 οὐκ
965 5058 1213 5123 ἀπαθῶς,
1267 5059 1354 5112 ἵνα
1381 5059 1588 5132 φυλάξῃ
1620 5059 1702 5123 τὺ,

134 5165 155 5198 ι
181 5147 328 5200 κατά
369 5147 547 5202 πάντα
569 5148 690 5202 καθ’
731 5149 1056 5222 ὁμοιότητα·
1087 5168 1106 5202 ι
1152 5149 1185 5220 ἢ
1224 5151 1319 5203 καὶ
1356 5151 1482 5214 τοὺς
1515 5151 1707 5214 ἄλλους

124 5241 372 5296 δείκνυσι
411 5241 680 5305 παθόντας
721 5241 967 5306 ἀπαθῶς,
1017 5243 1105 5296 ἵνα
1133 5240 1280 5314 σώσῃ
1305 5242 1401 5312 τὴν
1438 5244 1575 5314 πρὸς
1610 5243 1709 5296 αύ-

125 5334 260 5395 τοὺς
307 5332 619 5404 ὁμοιότητα.
665 5333 828 5386 Ὥστε
876 5334 909 5404 ἢ
957 5333 1051 5386 καὶ
1103 5333 1196 5386 τὸν
1227 5333 1456 5405 Σωτῆρα
1506 5351 1709 5387 πεπον-

128 5423 284 5478 θέναι
313 5422 529 5495 ἀληθῶς
567 5424 953 5496 ὁμολογητέον,
988 5425 1020 5496 ἢ
1067 5425 1312 5488 καὶτοὺς
1343 5425 1533 5488 ἄλλους
1576 5426 1712 5480 ἀπα-

203 5577 252 5611 ⁶³
291 5575 314 5631 l
344 5576 476 5633 Cor.
513 5596 604 5644 xv,
637 5579 728 5635 2L
805 5580 850 5612 “
887 5579 1051 5636 Hebr.
1085 5597 1141 5644 v,
1173 5582 1226 5636 8.
1304 5581 1348 5612 ⁸⁵
1388 5578 1554 5636 llebr.
1593 5596 1667 5644 iV,
1702 5579 1792 5636 15.

1819 4593 2087 4657 ascendit,
2115 4600 2172 4648 et
2211 4608 2411 4647 arcana
2438 4593 2603 4648 verba
2649 4593 2704 4646 in
2737 4591 2994 4664 paradiso
3023 4591 3253 4658 audivit,
3295 4592 3393 4647 sed

1813 4683 2131 4753 hujusmodi
2163 4683 2302 4738 nihil
2330 4683 2722 4755 pronuntiavit.
2768 4683 2852 4738 An
2876 4682 3038 4754 500
3063 4699 3213 4748 vero,
3267 4683 3394 4737 reli-

1815 4787 1901 4831 cta
1928 4777 2063 4846 ipsis
2087 4792 2300 4839 eorum,
2337 4792 2460 4847 quae
2505 4787 2724 4847 captum
2747 4792 2963 4833 omnem
3006 4786 3268 4847 superant
3303 4790 3394 4829 ex-

1812 4867 2108 4937 positione,
2143 4882 2254 4922 non
2287 4867 2445 4930 dixit,
2481 4883 2679 4938 passus
2719 4876 2804 4924 est
2834 4867 3266 4939 impassibiliter,
3294 4866 3393 4922 sed

1818 4978 1838 5012 ι
1873 4975 1942 5016 ex
1989 4962 2080 5024 iis,
2130 4961 2226 5025 ait,
2278 4977 2399 5032 quae
2448 4976 2647 5032 passus
2697 4969 2804 5028 est,
2845 4960 3040 5016 didicit
3063 4961 3108 4993 ⁸⁸
3149 4976 3164 5017 :
3203 4980 3222 5014 ι
3253 4960 3394 5016 Item

1821 5073 1840 5106 ι
1872 5061 2115 5110 tentatus
2144 5063 2228 5111 est
2257 5055 2313 5109 in
2349 5055 2605 5111 omnibus
2643 5054 2895 5109 similiter
2923 5053 3007 5107 ‘5?
3042 5073 3061 5105 ι
3092 5052 3212 5119 Qua
3235 5067 3391 5118 voce,

1818 5165 1838 5198 ι
1879 5153 2120 5201 tentatus
2143 5155 2249 5212 est,
2283 5166 2302 5199 ι
2350 5147 2517 5202 verba
2547 5146 2817 5217 ejusmodi
2859 5145 3147 5216 nugatoria
3179 5144 3394 5214 jamdiu

1812 5239 2053 5295 sustulit.
2087 5237 2224 5292 Nam
2252 5238 2345 5308 qui
2367 5237 2425 5292 in
2451 5237 2706 5293 omnibus
2737 5235 2806 5290 ad
2833 5234 3246 5292 similitudinem
3273 5241 3393 5288 ten-

1813 5340 1961 5388 tatus
2003 5339 2107 5398 est,
2146 5334 2194 5388 is
2239 5339 2332 5388 aut
2361 5347 2563 5403 passus
2593 5339 2677 5388 est
2706 5345 2818 5386 non
2849 5329 3279 5399 impassibiliter,
3330 5336 3391 5382 ut

1813 5424 1969 5479 ﬁrma
2010 5433 2264 5480 maneant
2292 5426 2405 5489 illa,
2447 5445 2466 5476 ‹
2499 5426 2555 5479 in
2607 5423 2864 5479 omnibus
2903 5422 3174 5490 similiter,
3215 5440 3238 5475 ι
3297 5427 3394 5476 aut

202 5735 320 5804 (23)
343 5736 499 5804 Mss.,
527 5737 855 5808 προνοοῦντα
890 5739 1159 5810 ἀφρόνως,
1189 5738 1455 5795 λαλοῦντα
1490 5737 1703 5808 ἁνωφελ

1831 5736 1990 5796 male.
2018 5734 2162 5792 Editi
2191 5733 2438 5807 quaedam
2471 5733 2793 5792 omiserant.
