3842 6186
298 1142 318 1153 ο
420 1122 666 1176 moribus
689 1136 787 1175 usa
839 1120 991 1174 hisce
1030 1118 1198 1190 gestis
1250 1133 1347 1187 par
1380 1117 1579 1171 fuerit?
1607 1114 1815 1187 Exigua
1852 1112 1998 1169 Jere-

412 265 555 326 Ιῖἷθ
1545 262 1605 318 S:
1650 258 2123 316 ATHANASIL‘S.
2167 290 2235 301 —
2278 256 2507 314 DUBIA.
3547 241 3683 297 ιειο

414 399 563 440 nunc
604 382 739 437 illud
774 401 786 437 :
820 400 839 434 ι
873 379 953 435 Ne
998 379 1123 435 odio
1152 378 1396 434 habeatis
1447 389 1499 433 ut
1549 379 1852 440 inimicum,
1893 376 1988 431 sed

2123 374 2264 445 μωλδν
2303 373 2376 445 μὴ
2405 371 2646 443 ἐντραπῇ
2676 366 2810 440 (21),
2847 364 2969 436 ίαθῇ
3003 363 3063 417 δὲ
3112 359 3348 434 μᾶλλσνς
3382 377 3401 410 ι
3438 357 3555 410 Ποῦ
3586 356 3646 409 τό
3666 397 3683 413 .

414 476 703 532 admonete
727 483 786 531 ut
811 473 1035 528 fratrem
1058 472 1101 505 ³¹
1119 472 1143 527 T
1163 492 1184 522 ι
1211 470 1313 527 Ubi
1344 471 1476 526 illud
1510 489 1523 524 :
1555 488 1574 522 ι
1616 468 1684 524 Ut
1708 485 1819 523 non
1846 468 1997 524 clau-

2157 464 2437 534 Ἐλεγξον,
2480 461 2840 532 ἐπιτίμησον,
2887 454 3265 530 παρακάλεσον
3304 453 3362 505 ἐν
3388 450 3542 520 πάσῃ
3589 466 3687 519 μα-

415 570 609 625 dicans
643 569 767 639 quis
811 575 975 632 erret,
1029 566 1203 637 magis
1239 572 1421 619 autem
1465 562 1795 618 sanetur"?
1822 580 1840 613 ι
1892 559 1997 616 L‘bi

2123 560 2375 632 ιροθυμίᾳ
2421 558 2517 611 καὶ
2569 556 2793 626 διδαχῇ;
2828 572 2848 607 ι
2900 550 3086 622 Χωρὶς
3115 547 3351 619 κρίσεως
3382 543 3680 639 καταδξκη·

416 662 549 717 illud
586 679 599 717 :
639 679 658 713 ι
697 661 896 731 Argue,
949 659 1198 721 obsecra,
1252 657 1495 726 increpa,
1548 669 1672 709 cum
1704 653 1849 708 omni
1904 667 2000 722 pa-

2123 656 2272 727 [ωρὶς
2305 651 2539 722 ἐλέγχων
2567 647 2859 716 ἀπόφασις.
2900 644 2964 697 Ἡ
2987 640 3261 713 θρασύτης
3288 636 3515 731 ἀνδρεία

415 753 607 808 tientia
635 764 686 808 et
708 751 1067 807 doctrina”?
1098 771 1117 803 ι
1139 748 1347 804 indicta
1380 763 1546 803 causa
1577 745 1959 801 condemnatio
1981 785 1996 811 ,

2123 723 2320 799 ιισταιο
2350 745 2383 813 ἡ
2438 740 2657 810 ὠμότης
2684 735 2845 807 ζῆλος
2891 733 3237 804 ὠνόμασται·
3276 730 3304 782 ό
3343 725 3503 818 δόλος
3530 723 3681 818 ang-ci!

419 846 629 914 absque
652 843 996 897 convictione
1028 840 1315 896 sententia.
1378 838 1621 893 Audacia
1650 851 1748 908 pro
1780 834 2000 889 fortitu-

2123 812 2426 906 ,ελόγισταα
2446 831 2580 885 Ποία
2606 827 2984 902 μεγαλόφωνος
2999 820 3276 895 τραγῳδία
3297 816 3508 914 τούτων

419 938 547 993 dine
577 945 858 1006 reputatur
880 974 894 999 ,
926 934 1226 988 crudelitas
1253 932 1403 986 zelus
1426 940 1683 994 vocatur,
1718 929 1879 984 dolus
1902 942 2001 990 pro

2123 903 2310 1001 νίικρὸν
2343 924 2606 996 Ἰερεμίου
2636 919 2834 992 θρῆνος
2867 915 3004 987 πρὸς
3026 910 3297 966 τοσούτων
3328 905 3518 962 κακῶν
3556 903 3685 1006 π)ῐῆ-

417 1030 687 1099 sapientia
719 1030 967 1083 habetur.
1002 1025 1260 1092 Qurenam
1296 1024 1562 1095 tragoedia
1581 1022 1867 1092 quibusvis
1889 1022 2002 1075 cla-

2123 1027 2194 1086 loc;
2220 995 2314 1075 καὶ
2346 1017 2595 1091 μέγεθος.
2646 1013 2789 1066 Ἀλλ’
2832 1011 2919 1063 ἴνα
2955 1006 3028 1078 μὴ
3073 1005 3312 1073 δόξωμεν
3353 1000 3422 1052 δι’
3455 995 3686 1099 ἀπορίαν

2100 1113 2209 1167 τῶν
2253 1086 2582 1174 ἀποδείξεων
2634 1099 2989 1173 ἐνδιατρίϐειν
3035 1099 3155 1158 ταῖς
3203 1093 3510 1163 οἰμωγαῖς,
3560 1086 3685 1157 φέρε

418 1215 544 1268 mia:
583 1214 897 1269 lamentatio
934 1223 1018 1267 est
1064 1211 1130 1265 ad
1179 1219 1258 1265 tot
1293 1218 1684 1279 tantorumque
1731 1208 1999 1262 malorum

2123 1206 2238 1279 πρὸς
2259 1204 2509 1266 ἕκαστον,
2524 1192 2598 1253 ὧν
2619 1193 3033 1269 προϐάλλονται,
3056 1186 3192 1259 μετὰ
3214 1181 3477 1279 ἀληθείας
3506 1176 3689 1239 ἁπλῶς

420 1308 746 1378 gravitatem
777 1315 831 1361 et
873 1304 1326 1376 magnitudinem.
1380 1302 1447 1357 At
1491 1320 1559 1357 ne
1595 1273 1894 1356 videamur
1932 1301 2003 1354 ob

2123 1298 2510 1369 ἱπαντήσωμεν
2531 1333 2546 1357 ,
2601 1289 2844 1355 καίτοιγε
2897 1284 2990 1336 καὶ⁵
3040 1280 3147 1354 πρὸ
3191 1277 3302 1331 τῶν
3352 1273 3531 1341 λόγων
3579 1273 3693 1332 τοῖς

420 1398 949 1452 demonstrationum
992 1394 1280 1465 penuriam
1322 1394 1633 1464 planctibus
1681 1392 2000 1455 immorari,

2123 1395 2289 1467 ἱργοις
2311 1366 2671 1461 ἐληλεγμένοι
2698 1381 3047 1453 τυγχάνουσι,
3063 1372 3206 1428 κατά
3234 1370 3332 1469 τῂν
3352 1366 3509 1469 θείαν
3534 1379 3690 1469 νομο-

420 1506 519 1562 age
548 1491 615 1546 ad
653 1492 866 1561 singula
906 1459 1027 1561 qua:
1055 1459 1342 1557 objiciunt,
1381 1502 1504 1541 cum
1536 1486 1765 1540 veritate
1793 1484 2005 1553 simpli-

2123 1459 2290 1540 leciav
2318 1459 2416 1554 τὴν
2448 1480 2713 1548 λέγουσαν
2733 1492 2747 1505 ο
2781 1493 2800 1525 ι
2834 1473 2930 1526 Ἐκ
2963 1467 3073 1522 τῶν
3104 1461 3334 1536 καρπῶν
3362 1459 3550 1512 αὐτῶν
3577 1459 3695 1506 επιο

421 1581 557 1638 citer
596 1595 975 1637 occurramus.
1010 1578 1252 1633 Tametsi
1308 1577 1467 1632 factis
1513 1576 1590 1630 illi
1625 1577 1762 1643 suis,
1820 1576 2005 1646 prius-

2123 1548 2385 1647 γνώσεσθε
2409 1568 2627 1632 αὐτούς.
2669 1563 2890 1639 Καρποὶ
2927 1561 2984 1614 δὲ
3012 1558 3120 1612 τῶν
3162 1556 3288 1627 ἄρτι
3318 1548 3686 1655 πονουμένων,

419 1689 585 1745 quam
617 1675 796 1729 verbis
828 1675 1059 1729 convicti
1101 1683 1250 1739 sunt,
1296 1673 1453 1742 juxta
1486 1670 1617 1724 illud
1644 1642 1840 1724 divina;
1866 1669 2001 1741 legis

2123 1642 2178 1730 ίις
2206 1664 2374 1725 ἔοικε,
2404 1660 2466 1713 τὸ
2493 1654 2830 1728 σκορπίζειν,
2867 1653 2929 1705 οὐ
2961 1650 3023 1703 τδ
3052 1647 3305 1714 συνάγειν
3323 1661 3339 1674 ο
3363 1642 3429 1694 τὸ
3453 1642 3682 1745 διώκειν,

420 1768 628 1820 dictum
659 1787 672 1822 :
701 1786 719 1819 ι
764 1765 837 1821 Ex
864 1766 1134 1821 fructibus
1166 1779 1356 1820 eorum
1384 1763 1730 1833 cognoscetis
1762 1776 1858 1816 eos
1876 1760 1940 1816 ".
1980 1780 1999 1812 ι

2123 1728 2172 1810 ιδ
2192 1754 2253 1808 τὺ
2289 1750 2584 1819 ἐπανάγειν
2604 1764 2617 1777 ⁸
2648 1746 2709 1799 τὸ
2734 1741 3124 1804 καταϐάλλειν,
3153 1738 3213 1791 οὺ
3244 1736 3307 1788 τὸ
3334 1732 3607 1833 ἐγείρειν·
3631 1728 3687 1833 το

420 1855 660 1913 Fructus
718 1872 882 1926 porro
930 1858 1307 1927 operariorum
1364 1852 1680 1924 hujusmodi
1742 1853 2006 1910 hactenus

2123 1841 2525 1919 τραυματίζειν,
2568 1840 2629 1893 οὐ
2662 1838 2725 1891 τὸ
2772 1832 3129 1907 θεραπεύεινο
3169 1829 3231 1882 τὸ
3284 1828 3465 1898 μισεῖν
3516 1821 3587 1874 τά
3621 1820 3687 1889 μὴ
3800 1852 3801 1913 γ

2931 1926 2939 1928 μ
3024 1924 3036 1928 -
3146 1921 3158 1928 -
3358 1917 3421 1928 -..
3513 1916 3528 1928 .
3624 1909 3645 1928 τ
3800 1916 3801 1923 η

424 1950 548 2011 fuit,
576 1949 868 2019 dissipare,
902 1966 1009 2004 non
1039 1950 1339 2019 colligere;
1389 1946 1665 2017 persequi,
1698 1961 1808 2000 non
1841 1944 2003 1999 redu-

2123 1916 2456 2008 πλανώμενα,
2487 1934 2549 1988 οὒ
2576 1931 2637 1985 τὸ
2678 1929 2860 2001 ζητεῖν
2885 1926 2955 1980 τὰ
2981 1921 3331 1994 πλανώμενα.
3358 1917 3437 1971 Τὸ
3470 1916 3571 1988 μὲν
3593 1916 3676 1967 οὖν

422 2054 582 2105 cere;
615 2038 873 2107 dejicere,
911 2056 1018 2094 non
1045 2040 1317 2105 excitare;
1361 2038 1675 2100 vulnerare,
1703 2051 1812 2089 non
1844 2047 2009 2089 sana-

424 2145 527 2197 re;
587 2131 772 2186 odisse
812 2146 919 2185 non
973 2137 1246 2190 errantes.
1304 2143 1415 2182 non
1465 2142 1709 2197 quazrere
1738 2133 2004 2181 errantes.

2108 1996 2358 2102 ἀψευδῶς
2412 1996 2800 2096 γεγραμμένον
2857 2017 3138 2091 προδήλως
3184 2008 3691 2102 πεπλήρωται,δτι
3800 1996 3801 2001 “

2113 2145 2131 2177 ι
2152 2099 2364 2186 Πάντες
2394 2123 2444 2175 οἱ
2477 2118 2720 2179 θέλοντες
2764 2114 2862 2185 ζῇν
2896 2111 3137 2174 εὐσεϐῶς
3170 2111 3228 2162 ὲν
3260 2102 3487 2178 Χριστῷ
3523 2099 3688 2170 Ἰησοᾶ
3800 2146 3801 2179 γ

423 2186 581 2291 Quod
608 2227 776 2295 igitur
805 2226 1010 2296 absque
1039 2186 1327 2280 mendacio
1358 2186 1622 2292 scriptum
1652 2221 1770 2283 fuit,
1815 2220 1868 2274 id
1891 2233 2009 2272 ma-

2123 2216 2519 2287 ῑιωχθήσονται·
2556 2209 2785 2280 πονηροὶ
2813 2206 2871 2260 δὲ
2905 2205 3183 2276 ἄνθρωποι
3208 2197 3533 2296 καὶ-γόητες
3570 2208 3689 2263 προ·
3800 2186 3801 2231 ἶ

424 2318 620 2373 nifeste
654 2319 934 2388 impletum
974 2326 1060 2373 est
1089 2337 1102 2372 :
1129 2336 1147 2369 ι
1192 2314 1395 2372 Omnes
1429 2315 1521 2386 qui
1562 2315 1650 2385 pie
1686 2314 1870 2368 volent
1926 2313 2008 2366 vi-

2123 2309 2368 2378 ιιόψουσιν
2401 2304 2495 2358 ἐπὶ
2537 2304 2740 2375 χεῖρον,
2777 2297 3090 2358 πλανῶντες
3132 2294 3228 2346 καὶ
3277 2285 3641 2355 πλανώμενοι.
3668 2302 3684 2331 ι

423 2424 550 2464 vere
576 2410 630 2464 in
661 2409 881 2465 Christo
910 2407 1040 2466 Jesu
1069 2381 1506 2480 persecutionem
1539 2381 1852 2477 patientur;
1877 2404 2006 2458 mali

2123 2401 2191 2456 Γά
2224 2400 2280 2454 δὲ
2318 2400 2458 2472 μέρη
2488 2399 2585 2469 τῆς
2618 2396 2751 2467 παρ’
2792 2393 2949 2467 ήμῶν
2978 2389 3286 2459 ἀντιλογίας
3307 2381 3689 2440 ὑποτέτακται,

423 2512 604 2556 autem
636 2501 887 2557 homines
917 2509 972 2557 et
1027 2501 1349 2556 seductores
1407 2498 1692 2569 proﬁcient
1736 2497 1790 2549 in
1825 2494 2005 2565 pejus,

2123 2495 2206 2548 καὶ
2237 2494 2410 2557 οὕτως
2438 2490 2580 2545 κατά
2597 2490 2753 2555 τάξιν
2790 2486 3116 2562 διῃρημένα.
3593 2565 3626 2569 __
3800 2544 3801 2569 γ

422 2605 675 2653 errantes
696 2604 750 2651 et
778 2598 832 2651 in
858 2613 1103 2654 errorem
1137 2565 1424 2653 mittentes
1473 2593 1540 2648 ³³.
1583 2612 1604 2646 ι
1653 2590 1924 2647 Caeterum
1968 2588 2368 2645 confutationis
2398 2597 2604 2643 nostra:
2644 2592 2829 2656 partes
2865 2580 3261 2651 subjiciuntur,
3297 2578 3471 2643 atque
3511 2565 3697 2624 ordine
3800 2566 3801 2579 ‘

423 2686 858 2759 distinguuntur.

498 2917 763 2973 Adversus
791 2934 879 2973 eos
909 2918 999 2989 qui
1037 2917 1253 3040 eadtsoéq
1292 2912 1629 2968 multitudine
1665 2913 1938 2967 veritatem

1115 3003 1189 3040 nu
1231 2996 1395 3040 tcant.

1115 2996 1395 3057 ijudtcant.

2884 2778 2927 2830 1.

2114 2903 2273 2973 Πρὸς
2330 2899 2473 2965 τοὺς
2525 2896 2742 2962 πλήθει
3016 2888 3339 2958 κρίνοντας
3389 2887 3511 2956 τὴν·
3562 2888 3698 2953 dli}:-

497 3097 808 3154 Certamina
835 3096 1019 3167 igitur,
1052 3094 1161 3150 Deo
1192 3094 1436 3165 auspice,
1485 3092 1752 3149 adversus
1795 3091 2018 3147 menda-

2187 3086 2489 3147 Μέλλοντες
2511 3083 2568 3136 δὲ
2597 3083 2693 3135 σὺν
2722 3077 2841 3149 Θεῷ
2873 3074 2982 3130 τῶν
3010 3070 3154 3127 κατά
3183 3068 3277 3124 τοῦ
3306 3068 3541 3139 ψεύδους
3569 3068 3699 3136 ἀγώ-

429 3192 575 3245 cium
617 3190 825 3255 inituri,
888 3188 1083 3242 ducem
1138 3196 1193 3243 et
1253 3187 1576 3256 magistrum
1637 3185 2015 3240 invocahimus

430 3281 599 3336 Deum
633 3280 898 3335 veritatis.
963 3277 1082 3347 Ipse
1110 3278 1257 3333 enim
1302 3284 1408 3341 est,
1431 3277 1525 3347 qui
1567 3291 1597 3331 a
1630 3276 1888 3331 vanitatis
1917 3290 2017 3329 nos

432 3369 734 3423 mendaciis
763 3370 1034 3432 liberavit,
1086 3383 1235 3422 nunc
1270 3368 1487 3437 quidem
1522 3367 1769 3423 clamans
1801 3385 1814 3421 :
1853 3385 1872 3418 ‹
1909 3365 2019 3435 Ego

405 3441 554 3516 osum
581 3462 783 3516 veritas
802 3461 847 3493 ³⁸
872 3478 886 3524 ;
922 3481 941 3513 ι
972 3475 1119 3516 nunc
1149 3475 1279 3515 vero
1310 3461 1640 3514 cohortans:
1669 3476 1688 3510 ι
1724 3458 2014 3521 Conﬁdite,

431 3568 533 3623 ego
580 3553 688 3607 vici
724 3553 984 3608 mundum
1004 3553 1069 3606 ³⁷.
1113 3572 1131 3604 ι
1168 3551 1453 3620 Qumuodo
1500 3552 1669 3623 igitur
1715 3566 1825 3606 non
1858 3550 2018 3605 mise-

432 3645 590 3700 randi
619 3645 694 3698 illi
724 3686 740 3711 ,
789 3645 883 3715 qui
922 3644 1028 3698 vim
1069 3644 1566 3713 auctoritatemque
1593 3643 1877 3708 doctrinae,
1901 3642 2019 3696 sola

432 3739 784 3792 multitudine
816 3738 1116 3790 metiuntur
1147 3756 1159 3791 :
1186 3752 1287 3791 nec
1318 3734 1671 3791 Considerant
1727 3735 2018 3789 Dominum

434 3837 683 3884 nostrum
710 3826 988 3883 Christum
1025 3827 1314 3885 duodecim
1342 3826 1668 3896 discipulos.
1717 3825 2017 3893 simplices,

434 3922 785 3985 illitteratos,
842 3935 1147 3989 pauperes,
1185 3920 1441 3990 ignaros,
1502 3919 1700 3973 ﬁducia
1754 3918 2019 3974 adversus

434 4013 698 4067 mundum
761 4018 931 4066 totum
991 4010 1162 4081 gratis
1219 4010 1556 4065 munivisse?
1615 4008 1707 4064 Sic
1754 4010 1876 4065 illos
1932 4011 2019 4064 in-

436 4111 658 4160 struens
715 4120 824 4159 non
878 4111 939 4157 ut
989 4102 1323 4169 duodecim,
1402 4102 1676 4174 myriades
1725 4117 2021 4171 sequeren-

437 4203 549 4259 tur,
582 4194 674 4248 sed
717 4193 1013 4265 myriades,
1065 4192 1355 4247 duodecim
1401 4193 1524 4245 illos
1575 4191 1730 4261 sequi
1780 4191 2022 4245 vellent?

437 4281 518 4337 Ita
553 4298 770 4353 semper
801 4284 970 4338 vincit.
1010 4284 1231 4346 veritas,
1255 4283 1611 4351 quantumvis
1643 4280 1788 4352 apud
1815 4297 2021 4351 paucos

438 4375 770 4454 inveniatur;
790 4376 880 4442 qui
902 4382 1079 4427 autem
1099 4372 1417 4442 quaestionis
1440 4374 1731 4444 pr0positze
1753 4374 2019 4427 rationem

2118 3200 2226 3237 νων
2251 3176 2543 3241 ἅπτεσθαι,
2571 3174 2894 3242 καλέσωμεν
2927 3170 3006 3233 είς
3036 3167 3297 3237 όδήγησιν
3326 3164 3423 3218 τδν
3454 3164 3588 3217 Θεῶι
3612 3164 3700 3230 τῆς

2117 3270 2399 3343 ἀληθείας.
2441 3266 2614 3330 Αὐτὸς
2645 3264 2753 3337 γὰρ
2796 3263 2948 3334 ἡμᾶς
2981 3261 3047 3313 ὲκ
3084 3257 3181 3311 τοῦ
3214 3255 3449 3326 ψεύδους
3472 3256 3575 3325 τῆς
3609 3272 3701 3325 μα-
3800 3308 3801 3317 γ

2116 3362 2403 3432 ταιότητος
2434 3355 2808 3428 ἐλυτρὼσατο·
2849 3351 2945 3406 νῦν
2995 3351 3094 3422 μὲν
3131 3346 3325 3420 βοῶν·’
3355 3365 3375 3397 ι
3420 3346 3568 3416 Ἐγώ
3598 3349 3699 3417 είμι

2117 3458 2149 3526 ἡ
2199 3420 2457 3524 ἀληθειαο
2492 3469 2511 3502 ι
2560 3420 2655 3501 νῦν
2686 3446 2744 3498 δὲ
2793 3420 3157 3516 παρεγγυῶν·
3203 3438 3555 3510 (Θαρσεῖτε,
3604 3436 3701 3505 ἐγὼ
3800 3420 3801 3443 ¹

2118 3546 2378 3615 νενίκηκα
2406 3542 2496 3595 τὸν
2517 3540 2744 3610 κόσμον.
2770 3556 2789 3589 ι
2818 3535 2943 3599 Πῶς
2965 3530 3057 3588 οὖν
3078 3533 3179 3586 οὐκ
3199 3531 3427 3584 ἐλεεινοί.
3445 3532 3498 3583 οἱ
3522 3529 3703 3600 πλήθει

2124 3639 2271 3711 μόνῳ
2301 3634 2396 3690 τοῦ
2431 3633 2592 3703 λόγου
2616 3633 2716 3703 τὴν
2752 3629 2907 3701 ίσχὺν
2934 3626 3329 3696 ἀπονέμοντες,
3361 3625 3461 3678 καὶ
3494 3626 3558 3678 οὐ
3587 3640 3701 3677 συνο

2123 3733 2311 3796 ιέντες,
2342 3732 2533 3801 ὅτιπερ
2570 3729 2599 3781 ό
2629 3726 2905 3797 Δεσπότης
2930 3721 3166 3798 Χριστὸς
3203 3718 3417 3773 δώδεκα
3447 3719 3703 3791 μαθηταῖς

2121 3823 2316 3887 ἁπλοῖς
2335 3863 2351 3888 ,
2376 3819 2769 3894 ἀγραμμάτοις
2789 3859 2803 3883 ,
2831 3817 3060 3885 πένησιν
3081 3854 3096 3877 ,
3132 3811 3464 3876 εὐαλώτοις,
3490 3812 3552 3864 τὸ
3576 3810 3705 3864 κατά

2122 3915 2324 3979 παντὸς
2353 3913 2448 3968 τοῦ
2475 3914 2679 3984 κόσμου
2704 3910 2904 3982 Θάρσος
2935 3904 3258 3978 δεδώρηται,
3285 3903 3705 3975 παρασκευάσας

2122 4010 2318 4072 αὐτοὺς
2348 4009 2410 4060 οὐ
2458 4010 2579 4069 ταῖς
2612 4002 2821 4056 δώδεκα
2861 4000 3117 4072 μυριάσιν
3147 3996 3517 4067 ἀκολουθῆσαι
3536 4035 3551 4057 ,
3580 3992 3707 4049 ἀλλά

2123 4102 2223 4166 τὰς
2265 4099 2532 4171 μυριάδας
2558 4094 2848 4148 συνθέσθαι
2875 4094 2988 4155 τοῖς
3013 4089 3258 4154 δώδεκα;
3293 4087 3484 4152 Οὕτως
3504 4088 3595 4141 ἀεὶ
3616 4085 3707 4155 τῆς

2124 4191 2384 4263 ἀληθείας
2422 4188 2483 4242 τὸ
2522 4185 2761 4259 κράτος,
2797 4183 2900 4237 κᾶν
2944 4182 3075 4253 παρ’
3122 4180 3328 4248 ὀλίγοις
3384 4179 3528 4241 τέως
3572 4175 3707 4248 εὑρί-

2127 4299 2345 4353 σκηται.
2404 4281 2464 4333 ’0
2502 4278 2561 4332 δὲ
2619 4276 2695 4349 μὴ
2745 4274 2958 4347 τολμῶν
2995 4272 3178 4326 δοῦναι
3216 4271 3377 4340 λόγον
3443 4269 3548 4338 τῆς
3587 4284 3708 4339 προ-

2125 4373 2387 4446 κειμένης
2447 4370 2762 4440 ζητήσεως,
2843 4364 2967 4436 μήτ’
3036 4361 3286 4434 εὐπορῶν
3365 4358 3704 4426 ἀποδείξεων,

437 4449 572 4522 dare
615 4483 723 4519 non
755 4465 939 4532 audet,
981 4482 1084 4520 nec
1117 4466 1682 4522 demonstrationibus
1717 4466 2019 4520 instructus

2123 4465 2218 4520 καὶ
2271 4464 2359 4517 διὰ
2410 4460 2568 4515 τοῦτο
2618 4455 2980 4527 καταφεύγων
3006 4470 3009 4473 ·
3038 4456 3120 4517 είς
3172 4450 3399 4522 πλῆθος,
3466 4449 3707 4520 ὁμολογεῖ

438 4568 543 4624 est,
598 4568 763 4630 atque
812 4560 1020 4614 idcirco
1059 4559 1126 4613 ad
1169 4558 1535 4614 multitudinis
1580 4556 1828 4629 confugit
1880 4573 2020 4628 prae-

440 4652 679 4708 sidium:
720 4651 767 4705 is
799 4650 903 4703 hoc
956 4649 1075 4718 ipso
1119 4667 1178 4706 se
1212 4651 1418 4704 victum
1468 4649 1772 4720 proﬁtetur,
1818 4658 1878 4704 ut
1926 4650 2021 4720 qui

440 4746 648 4800 nullum
685 4744 854 4798 alium
892 4742 1237 4798 conﬁdentia
1260 4743 1456 4797 habeat
1490 4742 1850 4809 locum.Quid
1880 4743 2023 4798 mul-

441 4836 733 4892 titudinem
762 4836 924 4889 nobis
968 4835 1194 4905 ingeris,
1244 4835 1403 4905 quasi
1453 4835 1678 4889 alteram
1712 4834 1890 4895 turris
1926 4850 2024 4889 ex-

441 4929 797 4983 structionem
851 4925 958 4981 Deo
993 4926 1278 4989 minitans,
1320 4926 1388 4980 ad
1437 4926 1645 4982 insanae
1683 4927 1849 4993 illius}
1888 4927 2022 4981 mul-

443 5020 692 5074 titudinis
734 5017 1087 5086 exemplum?
1142 5017 1406 5072 Ostendat
1442 5017 1577 5072 mihi
1630 5018 1721 5072 illa
1774 5019 2021 5094 veritatis

442 5114 629 5174 decus,
656 5111 903 5181 proxima
926 5110 1041 5164 haec
1063 5110 1149 5164 via
1175 5111 1280 5165 erit
1301 5110 1367 5163 ad
1400 5110 1863 5179 persuadendum.
1883 5109 2020 5164 Mul-

442 5203 618 5259 titudo
642 5210 822 5257 autem
848 5217 947 5259 sua
974 5202 1301 5257 auctoritate
1322 5201 1440 5256 sine
1462 5202 2025 5258 demonstrationibus

443 5295 828 5367 comprobans,
849 5305 934 5352 est
964 5296 1056 5350 illa
1077 5296 1296 5367 quidem
1326 5294 1522 5350 idonea
1550 5293 1619 5349 ad
1649 5294 2024 5352 incutiendum

2120 4559 2221 4630 τὴν
2265 4554 2457 4631 ἧτταν,
2502 4553 2578 4617 ὡς
2608 4552 2761 4606 οὐδὲν
2808 4550 2949 4621 ἔχων
2997 4544 3309 4618 παρρησίας
3363 4543 3602 4612 ἐφόδιον.
3646 4541 3706 4595 Τὸ

2125 4648 2330 4719 πλῆθος
2364 4648 2498 4717 ἡμῖν
2523 4642 2804 4706 ἐπισείεις,
2837 4640 3025 4709 ὥσπερ
3050 4634 3288 4690 ἀπειλῶν
3315 4634 3394 4705 τῷ
3427 4633 3553 4705 Θεῷ
3581 4650 3705 4704 mp-

2125 4740 2380 4811 γοποιίαν
2411 4736 2694 4808 δευτέραν,
2744 4731 2886 4786 κατά
2922 4731 3155 4802 μίμησιν
3201 4726 3559 4797 πολυχειρίας
3592 4740 3708 4795 φρε-

2126 4831 2445 4895 νοϐλαδοῦς.
2479 4829 2720 4894 Δειξάτω
2749 4843 2839 4897 μοι
2874 4823 3070 4887 κάλλος
3116 4820 3398 4893 ἀληθείας,
3447 4821 3545 4873 καὶ
3596 4817 3705 4870 σύν·

2124 4942 2294 4997 τομος
2337 4924 2499 4987 εὐθὺς
2540 4925 2574 4993 ὴ
2617 4917 2810 4975 πειθώ.
2847 4914 3059 4987 Πλῆθος
3083 4913 3141 4966 δὲ
3183 4912 3354 4982 χωρὶς
3387 4908 3704 4972 ἀποδείξεων

2129 5017 2444 5080 αὑθεντοῦν,
2478 5016 2712 5085 φοϐῆσαι
2752 5013 2851 5085 μὲν
2885 5009 3089 5075 ἱκανὸν,
3122 5008 3307 5058 πεῖσαι
3335 5003 3394 5057 δὲ
3441 4999 3701 5071 οὐδαμῶς.

2134 5112 2205 5162 Ἢ
2230 5109 2392 5163 πόσαι
2425 5105 2683 5178 μυριάδες
2710 5100 2956 5156 πείσουσί
2983 5114 3050 5169 με
3075 5096 3175 5166 τὴν
3198 5094 3414 5165 ἡμέραν
3436 5090 3615 5145 νύκτα
3637 5104 3706 5178 vce

2136 5202 2324 5273 μίσαι;
2356 5200 2389 5271 ἢ
2420 5177 2482 5252 τὸ
2504 5177 2740 5269 χαλκοῦν
2766 5193 3010 5264 νόμισμα
3030 5189 3106 5252 ὡς
3124 5185 3361 5259 χρυσοῦν
3387 5183 3613 5247 ειδέναι,
3630 5177 3707 5233 καὶ

2133 5294 2275 5349 οὕτω
2317 5292 2598 5365 δέχεσθαι;
2634 5289 2669 5360 ἢ
2716 5285 3039 5361 προσίεσθαι
3092 5280 3424 5353 δηλητήριον
3459 5273 3704 5349 πρόδηλον

514 5453 559 5483 ⁸⁸
598 5452 639 5505 ll
671 5452 864 5509 Thess.
902 5468 997 5516 ιιι,
1034 5453 1124 5508 15.
1198 5452 1242 5484 ³¹
1283 5450 1445 5507 Hebr.
1483 5466 1600 5517 xu,
1634 5451 1723 5506 15.
1799 5453 1846 5485 ³³
1885 5450 1928 5505 ll
1965 5451 2019 5506 Ti

2147 5468 2222 5513 Iv,
2257 5450 2311 5504 ‘2.
2393 5448 2439 5481 “
2474 5446 2665 5502 Matth.
2703 5460 2812 5513 vlt,
2845 5441 2937 5498 20.
3016 5440 3064 5472 ³⁵
3103 5434 3147 5490 ιι
3183 5434 3328 5491 Tim.
3364 5448 3469 5497 ιιι,
3504 5428 3598 5495 19,
3634 5424 3704 5482 ιῦι

444 5521 490 5558 ³⁸
528 5521 687 5577 Joan.
722 5541 843 5591 λιν,
876 5522 931 5579 6.
1007 5523 1049 5554 ³⁷
1092 5522 1249 5578 Joan.
1286 5537 1411 5586 ιινι,
1442 5522 1532 5577 55.

520 5678 633 5749 (2t)
670 5679 761 5733 Sic
795 5694 927 5737 mss.
959 5678 1098 5735 l‘lditi
1128 5696 1283 5765 vero,
1330 5682 1391 5735 τὸ
1414 5680 1585 5752 χωλὸν
1630 5682 1676 5734 εἰ
1709 5678 1916 5750 τραπῇ,
1976 5675 2019 5729 ia

2134 5671 2211 5745 μὴ
2247 5672 2303 5727 δὲ
2331 5668 2564 5741 μαλλῶν.
