3842 6186
161 317 298 374 1361

938 316 1518 375 CONFUTATIONES
1556 318 2000 387 QUARUMDAM
2036 318 2617 378 PROPOSlTIONUM.

3294 318 3433 374 1342

157 432 285 488 ἀντὶ
306 429 641 501 καταλλήλου
663 430 870 501 τροφῆς
887 446 902 495 ;
921 427 1055 484 Εἶτα
1080 432 1285 502 γηΐνων
1312 432 1410 503 μὲν
1430 432 1593 486 ἕνεκα
1616 449 1743 505 πραε

1854 446 2090 504 metum;
2131 437 2228 493 sed
2259 437 2325 492 ad
2358 437 2825 508 persuadendum,
2874 435 3026 491 nullo
3058 433 3238 491 modo.
3284 435 3431 501 Quot

155 521 389 592 γμάτων
412 518 512 571 οὐκ
536 518 914 589 αἰσθησόμεθα
936 519 1136 590 πλῆθος
1156 519 1397 589 ψευδωνύ
1407 540 1522 591 μων
1541 538 1555 551 θ
1580 523 1744 593 οὐρα-

157 612 291 666 νίων
313 610 371 663 δὲ
408 610 565 680 χάριν
586 609 871 681 δογμάτων
899 611 1161 682 νεύμασιν
1191 612 1599 679 ἀναποδείκτοις
1615 617 1746 667 ἀκο-

158 702 430 773 λουθήσω,
456 702 563 755 τῶν
586 703 752 757 πάλαι
791 704 883 757 καὶ
916 704 1191 775 πρόπαλαι
1227 704 1363 776 μετὰ
1384 705 1584 775 πολλῆς
1607 723 1744 776 συμ-

157 795 390 865 φωνίας,
421 796 512 849 καὶ
540 795 641 864 τῆς
674 795 781 849 τῶν
814 795 1048 867 Γραφῶν
1082 798 1386 868 μαρτυρίας
1420 798 1749 869 παραδοθέν-

160 905 275 942 των
301 889 700 961 ἀναχωρήσας;
732 890 846 941 Οὐκ
872 888 1187 960 ¹ι’λκούσαμεν
1217 890 1308 944 τοῦ
1330 893 1531 961 Κυρίου
1562 891 1748 960 λέγον-

155 995 284 1042 τος·
330 997 349 1029 ι
409 959 602 1031 Πολλοὶ
648 978 860 1049 κλητοὶ,
914 959 1097 1046 ὀλίγοι
1136 980 1194 1032 δὲ
1246 959 1524 1045 ἐκλεκτοί;
1585 1000 1604 1031 ›
1654 979 1749 1032 καὶ

104 1130 117 1144 .
156 1068 361 1124 πάλιν·
399 1089 418 1122 ι
459 1069 626 1140 Στενὴ
657 1071 749 1122 καὶ
776 1069 1110 1142 τεθλιμμένη
1152 1072 1185 1140 ἡ
1226 1071 1344 1134 ὁδὸς
1386 1074 1419 1143 ἡ
1460 1072 1747 1140 ἀπάγουσα

156 1165 242 1225 εἰς
263 1163 362 1233 τὴν
384 1158 550 1233 ζωὴν,
574 1163 668 1215 καὶ
691 1162 861 1231 ὀλίγοι
887 1166 1024 1215 εἰσιν
1044 1166 1092 1217 οἱ
1120 1163 1465 1234 εὑρίσκοντες
1485 1168 1655 1237 αὑτήν
1676 1183 1689 1231 ;
1722 1186 1740 1218 ›

159 1252 260 1316 Τίς
293 1248 385 1306 οὖν
418 1249 477 1305 εὖ
510 1252 721 1323 φρονῶν
746 1253 846 1306 οὐκ
877 1252 1094 1322 εὔχεται
1121 1255 1229 1307 τῶν
1257 1255 1453 1323 ὀλίγων
1483 1250 1619 1311 εἶναι
1639 1259 1747 1311 τῶν

155 1345 250 1399 διὰ
275 1345 376 1415 τῆς
409 1345 599 1416 στενῆς
637 1345 912 1399 εἰσιόντων
946 1348 1027 1409 είς
1075 1348 1374 1418 σωτηρίαν,
1409 1349 1441 1418 ἢ
1476 1348 1588 1402 τῶν
1617 1351 1747 1403 πολ-

158 1436 290 1499 λῶν,
314 1436 422 1489 τῶν
443 1436 531 1490 διὰ
558 1436 659 1506 τῆς
685 1437 946 1501 πλατείας
975 1441 1056 1501 εἰς
1087 1437 1361 1492 ἀπώλειαν
1385 1438 1743 1511 ώθουμένων;

157 1529 260 1593 Τίς
293 1529 350 1582 δὲ
379 1529 481 1582 οὐκ
512 1528 578 1582 ἂν
608 1528 957 1599 ὲπιθυμήσοι,
992 1530 1040 1582 εί
1082 1531 1224 1583 κατὰ
1251 1530 1342 1584 τὸν
1373 1533 1562 1602 καιρὸν
1601 1535 1744 1586 ἐκεῖ·

158 1637 254 1677 νον
278 1620 467 1690 ἔτυχεν
493 1618 567 1671 ὢν
591 1619 691 1689 τῆς
721 1620 1000 1691 ἀθλήσεως
1023 1619 1118 1673 τοῦ
1150 1622 1418 1694 μακαρίου
1447 1625 1744 1693 Στεφάνου,

154 1713 260 1784 τῆς
298 1714 506 1767 ἐκείνου
541 1712 756 1783 μερίδος
796 1712 1072 1781 γενέσθαι,
1097 1712 1190 1765 τοῦ
1226 1714 1387 1784 μόνου
1436 1719 1548 1779 τοῖς
1577 1716 1745 1780 λίθοις

159 1803 516 1875 βαλλομένου,
560 1802 656 1857 τοῦ
695 1804 859 1857 πᾶσιν
902 1804 983 1868 είς
1029 1804 1242 1872 γέλωτα
1293 1808 1677 1879 προκειμένου,
1709 1808 1742 1880 ἢ
1775 1785 1818 1840 Β

155 1896 270 1951 τῶν
293 1896 465 1968 ὄχλων
497 1896 606 1950 τῶν
640 1897 899 1967 οἰομένων
923 1897 982 1950 τὸ
1012 1897 1322 1964 ἀξιόπιστον
1347 1902 1412 1953 ὲκ
1439 1901 1536 1972 τῆς
1570 1901 1746 1972 κακῆς

154 1989 448 2053 αὐθεντίας
471 2006 486 2055 ς
518 1983 613 2052 Εἷς
637 1987 940 2059 εὐδοκιμῶν
965 1989 1355 2063 προτιμότερος
1385 1991 1526 2063 ὑπὲρ
1552 1992 1748 2063 μυριά-

154 2082 257 2144 δας
277 2079 541 2151 αὐθαδείᾳ
571 2079 996 2151 σεμνυνομένας,
1019 2079 1094 2144 ᾡς
1123 2082 1217 2134 καὶ
1253 2082 1345 2134 ἐπὶ
1374 2083 1471 2153 τῆς
1504 2082 1747 2146 Παλαιᾶς

154 2168 434 2240 Διαθήκης
460 2169 789 2242 εὑρίσκομεν
808 2185 822 2199 ο
859 2170 917 2221 ὲν
1002 2169 1240 2239 χιλιάδες
1277 2170 1376 2241 μὲν
1400 2170 1624 2224 ἔπιπτον
1650 2170 1743 2223 τοῦ

154 2260 287 2315 λαοῦ
333 2260 579 2332 θεηλάτῳ
613 2260 816 2331 πληγῇ,
856 2260 1015 2330 μόνος
1062 2261 1120 2314 δὲ
1171 2263 1199 2314 ὁ
1242 2262 1428 2325 Φινεὲς
1476 2261 1627 2334 ἔστη,
1651 2263 1747 2316 κοιλ⁹

162 2350 472 2417 ὲξιλάσατο,
524 2350 620 2404 καὶ
672 2350 943 2404 ἐκόπασεν
990 2352 1023 2421 ή
1076 2350 1323 2422 θραῦσις.
1374 2353 1438 2405 Εί
1484 2353 1542 2407 δὲ
1593 2349 1746 2407 εἶπεν

154 2444 366 2505 ἐκεῖνος
385 2458 398 2472 °
432 2443 559 2506 Πῶς
582 2442 843 2513 τολμήσει
868 2439 1001 2515 [τις]
1036 2443 1173 2514 πρὸς
1209 2444 1279 2497 τὰ
1307 2444 1612 2514 συμφώνως
1641 2446 1746 2499 ὑπὸ

160 2533 437 2589 τοσούτων
482 2535 781 2606 γενόμενα;
810 2534 927 2600 πῶς
976 2536 1226 2589 ἐναντίαν
1271 2536 1546 2608 ὲπιθῶμαι
1570 2537 1746 2608 ψῆφον

153 2623 270 2678 τῶν
292 2623 436 2677 οὕτω
483 2627 783 2696 κρινάντων
814 2626 947 2697 (liv;
978 2623 1090 2679 οὔτ’
1119 2625 1185 2680 ἃν
1217 2627 1381 2691 αὐτὸς
1403 2628 1743 2700 ἠρίστευσεν,

153 2714 273 2770 οὔτ’
306 2717 373 2771 ἂν
418 2717 481 2769 τὸ
523 2717 694 2771 κακὸν
735 2717 962 2789 ἔστησεν
984 2735 998 2749 ’
1031 2717 1144 2773 οὔτ’
1180 2719 1246 2774 ἂν
1274 2721 1324 2773 ot
1353 2720 1530 2774 λοιποὶ¹
1560 2719 1747 2774 διεσώ-

156 2809 354 2880 θησαν,
387 2808 501 2862 οῠτ’
528 2809 593 2863 ἂν
623 2809 754 2874 Θεὸς
782 2811 881 2882 τὴν
910 2811 1194 2882 εὐμένειαν
1221 2813 1530 2883 ἐχαρίσατο.
1566 2811 1744 2866 Καλὸν

155 2895 275 2965 οὖν,
310 2899 473 2954 καλὸν
506 2900 601 2954 καὶ
632 2900 695 2954 τὸ
738 2901 835 2954 ἕνα
868 2901 1075 2955 δίκαιον
1112 2903 1603 2975 παρρησιάζεσθαι,
1648 2905 1744 2958 καὶ

156 2992 223 3047 τδ
256 2992 467 3048 πολλῶν
494 2992 814 3065 συμφωνίαν
842 2992 1026 3048 ἄδικον
1054 2994 1296 3049 λύεσθαι.
1345 2995 1505 3049 Ἀλλὰ
1543 2997 1607 3050 σὺ
1644 2996 1745 3067 μὲν

1844 528 1990 583 enim
2022 529 2296 598 myriades
2324 529 2459 583 mihi
2488 528 2864 598 persuaserint
2925 536 2983 582 ut
3025 526 3168 581 diem
3208 535 3431 584 noctem

1845 636 1968 677 esse
1992 620 2269 675 statuam?
2302 628 2362 673 ut
2391 635 2594 675 aereum
2624 618 2901 674 numisma
2929 633 3028 687 pro
3062 633 3235 673 aureo
3258 634 3431 689 agno-

1847 725 1997 767 scam
2025 717 2080 765 et
2113 710 2423 779 accipiam?
2454 717 2511 763 ιιι
2561 717 2809 780 apertum
2840 711 2991 765 virus
3039 726 3138 780 pro
3182 726 3429 781 congruo

1846 803 2188 858 nutrimento
2201 802 2448 858 sumam?
2464 802 2668 857 Deinde
2689 818 2869 857 rerum
2887 804 3227 858 terrestrium
3250 805 3427 874 gratia

1846 911 1957 949 non
2001 909 2263 949 curamus
2305 894 2708 949 multitudinem
2735 893 2873 950 l‘also
2901 896 3329 957 nominatorum,
3369 874 3453 950 et,

1844 985 2005 1058 593
2036 986 2090 1038 in
2137 985 2453 1040 coelestibus
2496 984 2845 1054 dogmatibus
2896 986 3044 1039 nulla
3088 982 3426 1040 demonstra-

1846 1077 1995 1131 tione
2028 1075 2226 1131 l'ultum
2256 1091 2454 1147 sequar
2488 1087 2706 1141 nutum,
2740 1077 2808 1132 ab
2852 1078 2920 1133 iis
2966 1078 3178 1132 scilicet
3213 1078 3424 1133 disces-

1847 1186 2031 1234 surus,
2066 1185 2186 1239 quae
2231 1184 2429 1240 magno
2457 1184 2751 1233 consensu,
2786 1171 3084 1240 multisque
3114 1170 3427 1241 Scriptura-

1844 1277 1967 1315 rum
1997 1260 2325 1316 testimoniis
2365 1261 2480 1329 jam
2520 1259 2646 1314 inde
2679 1261 2748 1315 ab
2778 1260 3180 1329 antiquissimis
3217 1240 3427 1331 tenipo-

1844 1353 1999 1408 ribus
2054 1361 2182 1408 sunt
2236 1351 2476 1406 tradita?
2519 1352 2714 1406 Annon
2768 1351 3077 1405 audivimus
3133 1350 3425 1407 Dominum

1844 1444 2118 1500 dicentem
2141 1463 2153 1498 :
2180 1462 2199 1495 ι
2231 1444 2383 1498 Multi
2410 1450 2537 1498 sunt
2559 1444 2759 1507 vocati,
2778 1443 2936 1514 pauci
2961 1459 3089 1497 vero
3117 1445 3273 1499 electi
3294 1444 3376 1497 ³⁸⁸2
3397 1463 3418 1494 ι

1844 1542 1899 1590 et
1929 1535 2127 1590 iterum
2158 1554 2172 1590 :
2218 1553 2236 1586 ι
2278 1535 2521 1606 Angusta
2548 1544 2650 1600 est,
2681 1543 2736 1590 et
2764 1537 2955 1591 stricta
2981 1537 3088 1599 via,
3125 1552 3246 1605 quae
3274 1536 3423 1591 ducit

1847 1628 1914 1683 ad
1932 1627 2120 1692 vitam,
2144 1634 2197 1683 et
2226 1628 2383 1697 pauci
2401 1636 2530 1682 sunt
2558 1628 2653 1697 qui
2682 1629 2967 1682 inveniunt
2996 1643 3114 1682 eam
3138 1627 3221 1681 θοι
3244 1649 3260 1679 ι
3285 1626 3423 1693 Quis

1847 1719 2011 1789 igitur
2040 1733 2173 1773 sana
2207 1727 2387 1773 mente
2415 1718 2675 1788 praeditus
2703 1734 2810 1772 non
2842 1719 2993 1772 malit
3036 1720 3089 1772 in
3118 1733 3422 1788 paucorum

1844 1825 1971 1865 esse
2007 1824 2256 1874 numero,
2291 1824 2387 1878 per
2433 1818 2720 1881 angustam
2753 1810 2817 1864 ad
2848 1810 3077 1865 salutem
3110 1808 3423 1879 ingrcdien:

1844 1899 2003 1963 tium,
2031 1915 2194 1969 quam
2221 1900 2516 1954 multorum
2547 1915 2640 1967 per
2667 1900 2830 1953 latam
2861 1898 2928 1953 ad
2952 1899 3227 1954 interitum
3260 1914 3425 1952 ruen-

1844 1991 2019 2046 tium?
2043 1990 2177 2057 Quis
2212 2006 2367 2057 vero,
2395 1992 2439 2045 si
2471 1998 2604 2045 aetas
2633 2006 2731 2047 sua
2763 1992 2818 2046 in
2859 2001 3074 2061 tempus
3104 1990 3423 2046 certaminis

1846 2085 2022 2140 sancti
2051 2083 2314 2154 Stephani
2344 2085 2646 2147 incidisset,
2671 2099 2781 2137 non
2808 2083 2877 2137 ab
2898 2084 3045 2139 illius
3070 2084 3252 2154 potius
3276 2091 3424 2139 stare

1844 2175 2095 2246 partibus
2142 2182 2472 2244 ex0pta55et,
2514 2174 2608 2245 qui
2656 2174 2809 2229 solus
2840 2174 3113 2245 lapidibus
3169 2173 3421 2237 obrutus,

1846 2267 1999 2323 solus
2030 2266 2287 2322 omnibus
2331 2266 2663 2321 deridendus
2692 2266 2795 2320 fuit
2826 2267 3163 2336 propositus,
3199 2281 3363 2334 quam
3391 2279 3424 2318 a

1845 2367 1998 2430 parte
2020 2359 2166 2429 vulgi
2197 2374 2265 2414 ex
2302 2374 2468 2429 prava
2501 2359 2677 2414 turbae
2709 2358 3031 2413 auctoritate
3056 2360 3240 2412 ve’ram
3263 2355 3424 2410 ﬁdem

1844 2452 2209 2508 aestimantis?
2254 2451 2428 2522 Major
2470 2451 2648 2508 honos
2696 2451 2981 2507 habendus
3031 2458 3145 2514 est,
3200 2450 3283 2504 vel
3328 2448 3425 2503 uni

1843 2543 2085 2613 probatae
2115 2541 2238 2595 fidei
2268 2542 2406 2607 viro,
2464 2557 2630 2611 quam
2671 2543 2858 2597 decem
2889 2542 3121 2596 aliorum
3153 2540 3424 2603 millibus,

1845 2636 1935 2706 qui
1965 2651 2025 2691 se
2053 2634 2379 2690 insolentius
2404 2634 2677 2703 jactitant.
2711 2634 2882 2703 Cujus
2911 2633 2989 2688 rei
3019 2633 3329 2701 exemplum
3363 2631 3423 2687 in

1843 2725 2028 2781 Veteri
2081 2740 2301 2795 quoque
2349 2724 2703 2780 Testamento
2739 2724 2982 2778 invenire
3034 2731 3150 2788 est,
3200 2722 3290 2776 ubi
3326 2722 3425 2774 ali-

1842 2825 1977 2888 quot
2005 2815 2285 2871 hominum
2310 2815 2552 2882 millibus
2577 2816 2731 2871 clade
2752 2814 3013 2869 divinitus
3046 2813 3293 2867 immissa
3322 2828 3422 2867 oc-

1844 2906 2248 2966 cumbentihus.
2284 2907 2432 2961 solus
2464 2905 2697 2961 Phinees
2747 2907 2898 2960 Stetit
2933 2915 2986 2960 et
3037 2905 3203 2959 Deum
3238 2903 3424 2973 plac‘a-

1842 2998 1943 3064 vit,
1977 2996 2324 3065 cohibitaque
2361 3005 2447 3052 est
2489 2997 2692 3053 clades.
2735 2996 2892 3063 Quod
2922 2995 2967 3051 si
3015 2994 3241 3050 dixisset
3287 2994 3420 3049 ille:

158 3086 524 3157 προτίμησον,
565 3086 615 3139 εί
646 3086 812 3150 δοκεῖ,
860 3084 956 3140 τοῦ
989 3087 1298 3158 σωζομένου
1347 3089 1471 3142 Νῶε
1510 3089 1573 3143 τὸ
1607 3090 1741 3143 ὑπο-

1845 3089 1985 3157 Quid
2011 3091 2134 3161 quis
2166 3089 2431 3145 adversus
2454 3096 2657 3144 tantam
2690 3089 2903 3160 sibique
2934 3088 3039 3158 ipsi
3070 3086 3426 3142 consentien-

159 3174 387 3248 ϐρύχιον
425 3177 663 3249 πλῆθοςο
697 3179 821 3247 ἐμοὶ
860 3177 918 3231 δὲ
962 3179 1317 3252 συγχώρησον
1365 3183 1430 3252 τῇ
1468 3183 1595 3244 τοὺς
1634 3180 1742 3233 ὀλί-

160 3284 295 3337 γους
326 3268 522 3341 ἐχούσῃ
555 3269 772 3341 κιϐωτῷ
803 3253 1196 3343 προσδραμεῖν.
1246 3272 1357 3325 Καὶ
1406 3273 1470 3326 σὺ
1524 3272 1641 3344 μὲν,
1693 3275 1742 3325 εί

159 3359 364 3431 βούλει,
418 3360 580 3426 τάξον
632 3364 858 3417 σεαυτὸν
916 3363 1056 3435 μετὰ
1108 3363 1318 3417 πολλῶν
1364 3365 1423 3417 ὲν
1452 3365 1737 3436 Σοδόμοις·

156 3450 273 3521 ἐγὼ
298 3451 356 3505 δὲ
401 3451 701 3507 συνοδεύσω
745 3452 825 3523 τῷ
853 3453 1009 3517 Λὼτ,
1060 3452 1163 3508 κᾶν
1211 3455 1371 3524 μόνος
1411 3455 1519 3508 τῶν
1571 3455 1742 3527 ὄχλων

157 3541 550 3612 συμφερόντως
596 3543 920 3614 χωρίσηται.
954 3544 1102 3614 Πλὴν
1135 3545 1259 3615 ἐμοὶ
1300 3546 1393 3598 καὶ
1425 3544 1630 3615 πλῆθος
1653 3548 1741 3599 αξ-

153 3631 417 3703 δέσιμον,
471 3634 532 3686 οὐ
572 3633 634 3686 τὸ
668 3633 868 3703 φεῦγον
915 3635 1181 3701 ἐξέτασιν,
1229 3636 1365 3690 ἀλλὰ
1406 3636 1467 3691 τὸ
1508 3638 1743 3709 παρέχον

158 3721 436 3788 ἀπόδειξιν
458 3739 472 3752 ’
504 3723 563 3776 οὐ
597 3722 658 3775 τὺ
700 3723 913 3796 πικρῶς
959 3725 1319 3796 ἀμυνόμενον,
1355 3725 1489 3779 ἀλλὰ
1537 3727 1599 3779 τὸ
1632 3744 1742 3779 πα-

157 3813 365 3887 τρικῶς
388 3813 768 3886 διορθούμενον
790 3832 805 3847 ο
839 3817 899 3869 οὐ
930 3817 992 3870 τὸ
1019 3821 1207 3888 χαῖρον
1240 3819 1578 3889 καινοτομίᾳ,
1608 3817 1743 3871 ἀλλὰ

155 3906 221 3961 τὸ
253 3906 519 3976 φυλάττον
548 3907 807 3980 πατρῴαν
833 3910 1216 3980 κληρονομίαν.
1256 3911 1414 3963 Ποῖον
1434 3911 1491 3963 δέ
1530 3928 1620 3982 μοι
1646 3912 1743 3965 καὶ

156 3999 363 4070 πλῆθος
395 4000 610 4069 λέγεις;
645 4002 720 4055 Τὸ
759 4002 1030 4075 μισθωθὲν
1074 4003 1338 4075 κολακείᾳ
1386 4006 1479 4057 καί
1511 4003 1740 4075 δώροις,

153 4091 219 4146 τὸ
247 4091 453 4145 κλαπὲν
475 4093 716 4165 ἀμαθεία
742 4110 803 4147 τε
829 4095 924 4148 καὶ
947 4095 1159 4167 ἀγνοίᾳ,
1185 4095 1247 4148 τὸ
1263 4094 1552 4159 πεπτωκὸς
1573 4095 1745 4166 δειλίᾳ

153 4199 219 4236 τε
252 4184 348 4238 καὶ
379 4184 551 4255 φόὸῳ,
608 4186 670 4238 τὸ
707 4187 1055 4257 προτιμῆσαν
1091 4188 1424 4260 πρόσκαιρον
1467 4188 1744 4261 ἁμαρτίας

158 4274 459 4329 ἀπόλαυσιν
490 4276 593 4346 τῆς
640 4277 859 4331 αἰωνίου
890 4277 1065 4349 ζωῆς,
1098 4279 1241 4350 ἅπερ
1288 4278 1471 4332 πολλοὶ
1497 4280 1744 4350 φανερῶς

156 4365 550 4438 ώμολόγησαν;
580 4369 781 4441 Πλήθει
818 4370 888 4425 ,τὸ
940 4370 1133 4440 ψεῦδος
1170 4370 1498 4443 κρατύνεις;
1535 4370 1741 4438 ἔδειξας

1843 3191 1954 3238 tem
1998 3182 2144 3237 ausit
2182 3180 2629 3235 multitudinem?
2672 3181 2765 3250 qut
2809 3179 3022 3234 calculo
3068 3192 3191 3233 meo
3220 3177 3426 3245 impro-

1843 3275 1985 3331 babo
2007 3290 2169 3344 quam
2199 3275 2278 3329 illi
2297 3275 2546 3344 delegere
2568 3272 2775 3326 vitam?
2797 3287 2905 3326 non
2933 3286 3065 3327 sane
3091 3278 3186 3323 aut
3210 3268 3426 3322 fortiter

1843 3382 1903 3422 se
1950 3368 2212 3437 gessisset
2260 3374 2355 3420 aut
2403 3365 2757 3437 repressisset
2800 3363 3005 3417 malum
3043 3382 3056 3416 :
3090 3378 3197 3416 non
3228 3359 3425 3430 reliqui

1843 3459 1979 3515 salvi
2016 3458 2265 3523 fuissent,
2297 3474 2406 3514 non
2439 3474 2535 3514 sua
2563 3474 2659 3513 eos
2689 3457 3068 3512 benevolentia
3105 3457 3245 3510 Deus
3286 3453 3427 3511 fuis-.

1844 3558 1926 3607 set
1951 3550 2226 3620 dignatus.
2252 3548 2443 3621 Operae
2469 3550 2635 3620 igitur
2657 3551 2893 3621 pretium
2924 3556 3027 3611 est,
3052 3554 3110 3600 ut
3139 3549 3254 3601 sive
3276 3560 3422 3600 unus

1841 3645 1927 3697 vir
1976 3644 2182 3714 probus
2227 3644 2397 3698 libere
2431 3651 2555 3715 agat
2607 3651 2661 3698 et
2717 3644 2994 3714 loquatur,
3049 3642 3165 3696 sive
3221 3655 3424 3709 pravus

1842 3736 2139 3790 multorum
2181 3749 2487 3792 consensus
2518 3736 2781 3791 solvatur.
2820 3735 2888 3788 At
2919 3744 2998 3796 tu,
3030 3733 3077 3786 si
3110 3732 3280 3796 lubet,
3308 3729 3427 3785 Noe

1844 3834 2058 3879 servato
2087 3824 2394 3879 demersam
2420 3826 2824 3899 multitudinem
2850 3832 3150 3893 antepone:
3178 3821 3425 3889 mihique

1843 3918 2082 3972 concede
2135 3925 2195 3971 ut
2224 3919 2292 3973 ad
2324 3934 2509 3973 arcam
2545 3935 2849 3990 paucorum
2879 3917 3288 3986 receptaculum
3333 3927 3427 3966 ac-

1842 4027 2081 4068 curram.
2102 4011 2205 4081 Tu,
2243 4015 2289 4069 si
2325 4014 2525 4085 placet,
2559 4030 2683 4069 cum
2705 4015 2863 4067 turba
2894 4011 3148 4066 Sodomis
3180 4008 3422 4069 sociare,

1843 4119 1943 4174 ego
1970 4102 2144 4158 Lotho
2172 4119 2358 4160 comes
2404 4120 2499 4161 ero
2529 4105 2663 4169 viae,
2701 4104 2916 4159 etiamsi
2968 4103 3120 4158 solus
3163 4101 3280 4170 ipse
3325 4112 3424 4168 pro

1844 4198 2020 4251 salute
2059 4211 2158 4251 sua
2203 4211 2323 4252 sese
2361 4212 2391 4251 a
2435 4198 2594 4252 turba
2625 4196 2944 4267 segregarit.
2979 4193 3249 4248 Caeterum
3288 4189 3425 4243 mihi

1844 4288 2203 4343 nihilominus
2255 4289 2566 4343 veneranda
2618 4287 2933 4351 multitudo,
2989 4302 3100 4340 non
3154 4284 3246 4337 illa
3302 4296 3426 4351 quae

1843 4379 2281 4450 disquisitionem
2318 4381 2476 4452 fugit,
2512 4382 2606 4437 sed
2638 4396 2760 4451 quae
2806 4379 3187 4451 probationem
3220 4375 3377 4430 aﬂ‘ert
3408 4392 3422 4426 :

153 4457 253 4514 τοῦ
301 4460 475 4515 δεινοῦ
517 4461 615 4531 τὴν
661 4462 913 4516 ἐπίτασιν
938 4476 953 4490 '
1007 4464 1117 4534 ὅσῳ
1152 4463 1261 4536 γάρ
1307 4463 1527 4528 πλείους
1560 4466 1618 4517 ὲν
1660 4464 1738 4536 τῷ

1845 4487 1949 4527 non
1978 4489 2098 4542 qua:
2125 4474 2322 4528 acerbe
2359 4483 2585 4543 pugnat,
2618 4474 2713 4528 sed
2748 4488 2870 4544 quae
2892 4480 3117 4543 paterne
3155 4465 3382 4537 corrigit
3409 4481 3425 4516 :

154 4550 334 4622 κακῷ,
363 4553 599 4624 τοσούτῳ
631 4552 830 4624 μείζων
864 4557 897 4626 ἡ
926 4556 1198 4627 συμφορά.

1845 4578 1955 4616 non
1985 4578 2105 4632 quae
2139 4562 2338 4633 gaudet
2367 4562 2625 4626 novitate,
2663 4563 2759 4619 sed
2785 4579 2907 4633 qua:
2934 4568 3215 4632 paternam
3245 4556 3427 4609 servat

154 4642 550 4699 hmreditatem.
594 4643 676 4699 Tu
719 4660 849 4700 vero
890 4648 1106 4717 qualem
1151 4647 1285 4701 mihi
1311 4647 1718 4705 multitudinem
1749 4655 2038 4709 nominas?
2070 4654 2201 4709 Eam
2232 4656 2516 4721 nimirum,
2582 4671 2703 4726 quae
2758 4655 3078 4710 adulatione
3128 4660 3180 4709 et
3236 4663 3426 4706 mune-

154 4735 314 4790 ribus
347 4735 617 4791 conducta
644 4746 725 4793 est
757 4755 771 4791 :
801 4753 944 4802 eam,
978 4754 1101 4809 quae
1132 4737 1407 4810 imperitia
1435 4748 1487 4795 et
1516 4741 1736 4796 inscitia
1764 4744 1984 4814 abrepta
2011 4753 2095 4801 est
2122 4784 2137 4810 ,
2213 4761 2355 4813 eam,
2410 4762 2530 4816 quae
2583 4748 2737 4817 lapsa
2804 4746 3098 4801 timiditate
3143 4752 3197 4797 et
3227 4747 3373 4796 metu
3404 4779 3420 4802 ι

65 4826 68 4829 ’
152 4840 301 4890 eain,
336 4843 458 4897 quae
505 4837 953 4885 momentaneam-
992 4834 1206 4901 peccati
1236 4834 1575 4902 voluptatem
1621 4836 1746 4889 vitae
1782 4837 2003 4906 praefert
2042 4845 2263 4894 aeternae

2326 4859 2341 4893 :
2404 4839 2458 4894 id
2493 4841 2637 4911 quod
2690 4841 2846 4894 multi
2889 4840 3063 4910 palam
3111 4841 3240 4890 sunt
3289 4847 3423 4886 con-

155 4919 312 4975 fessi.
350 4918 697 4976 Multitudine
728 4923 1075 4978 mendacium
1110 4927 1381 4981 roboras?
1419 4927 1549 4981 mali
1578 4926 1979 4984 vehementiam
2034 4932 2234 4987 innuis.
2259 4930 2373 4986 Hoc
2392 4933 2537 4987 enim
2584 4933 2762 5003 major
2805 4942 2891 4988 est
2936 4929 3253 4992 calamitas,
3313 4937 3424 4994 quo

155 5017 346 5087 plures
375 5012 519 5065 malo
549 5021 679 5068 sunt
709 5015 991 5085 implicati.

910 5128 979 5180 Il.

155 5240 321 5311 Πρὸς
356 5239 498 5311 τοὺς
528 5240 888 5311 κελεύοντας
926 5240 1011 5307 μὴ
1036 5239 1162 5311 δεῖν
1199 5240 1316 5311 dmi
1354 5238 1610 5311 Γραφῶν
1647 5240 1739 5300 ζη-

233 5310 356 5431 τεὲῖν
407 5310 446 5376 ἢ
492 5309 738 5375 λαλεῖν,
785 5309 1195 5379 ἀρκουμένους
1234 5310 1321 5379 ’τῇ
1360 5309 1494 5380 παρ⁴
1532 5312 1737 5378 αἰτεῖς

234 5396 277 5433 π
306 5394 457 5432 στει.

233 5471 309 5524 Τὸ
340 5470 438 5541 μὲν
472 5466 571 5524 οὖν
602 5471 766 5541 μηδὲν
811 5467 948 5525 εἶναι
992 5471 1091 5543 τὴν
1137 5473 1357 5545 ἄκριτον
1384 5473 1492 5527 τῶν
1522 5473 1731 5528 πολλῶν

162 5562 507 5635 συμφωνίαν,
538 5559 687 5634 οἶμαι
721 5563 856 5634 μηδὲ
881 5564 1007 5627 τοὺς
1057 5564 1310 5629 ἐναντίως
1340 5567 1472 5635 ἡμῖν
1514 5564 1736 5638 ἔχοντας

250 5722 297 5758 ³⁸
335 5721 523 5778 Matth.
564 5722 808 5790 um”.
883 5724 928 5757 ³⁸
963 5723 1152 5782 Matth.
1192 5740 1298 5791 vn,
1343 5723 1421 5779 Η.

2598 5130 2664 5186 ll.

1843 5245 2109 5314 Adversus
2142 5262 2228 5300 eos
2259 5247 2348 5314 qui
2389 5262 2480 5300 nec
2508 5243 2861 5312 qua-randum.
2888 5259 2981 5314 nec
3012 5240 3327 5311 loquendum
3358 5256 3424 5296 ex

1978 5310 2625 5386 Scriptura'pra'cipiunt,
2656 5331 2753 5369 sua
2780 5315 2879 5381 ipsi
2908 5312 3012 5382 ﬁde
3040 5310 3290 5369 cantanti.

1910 5471 2127 5528 hullius
2153 5488 2284 5542 ergo
2304 5472 2464 5543 pretii
2487 5488 2608 5527 esse
2638 5471 3097 5527 inconsideratum
3124 5471 3418 5526 multorum

1841 5581 2194 5635 consensum,
2232 5582 2300 5623 ne
2334 5566 2678 5623 adversarios
2708 5567 2927 5638 quidem
2960 5566 3298 5622 inliciaturos
3331 5580 3421 5620 ar-
