3842 6186
390 304 422 356 -4
437 300 538 354 553

1564 298 1620 355 ε.
1666 295 2133 354 ATHANASIUS.
2172 324 2243 337 —
2282 294 2504 353 DL'BIA.

3518 296 3661 353 25M

396 407 593 462 bitror.
623 406 777 464 Nunc
808 408 874 464 ad
922 410 1129 481 reliqua
1161 412 1317 468 nobis
1351 412 1810 485 progrediendum
1859 421 1967 477 est,

2093 410 2255 466 ,οιπδν
2288 409 2534 483 ἀντερεῖν
2555 428 2568 442 ·
2599 413 2729 483 ἡμῖν
2741 412 2799 465 δέ
2824 412 2962 466 ίτέον
2991 413 3128 484 πρὸς
3142 412 3211 466 τά
3242 413 3388 483 ἑξῆς,
3448 416 3545 468 καὶ
3573 415 3663 478 ἐξ·

392 500 841 572 (onl'utandaque
866 518 1053 557 eorum
1087 504 1318 558 audacia
1372 506 1465 575 qui
1495 520 1656 561 omne
1687 521 1969 563 sacrarum

402 592 707 647 litterarum
768 594 1010 649 studium
1067 610 1531 666 supervacaneum
1580 612 1706 653 esse
1749 608 1977 652 conten-

400 685 560 748 dunt,
627 693 743 740 tum
801 686 947 757 quod
998 688 1219 757 propria
1280 688 1481 758 cuique
1532 687 1666 744 ﬁdes
1708 688 1976 756 sul'liciat,

397 785 516 830 tum
569 779 712 847 quod
761 780 1041 850 inquisitio
1094 781 1445 836 obscuriores
1498 781 1658 839 nobis
1705 797 1795 839 res
1829 783 1978 851 ipsas

402 869 612 923 reddat.
655 871 974 940 Agnoscunt
1024 872 1252 928 scilicet
1297 874 1387 927 isti
1426 874 1530 944 ipsi
1564 875 1650 930 sui
1704 874 1978 945 dogmatis

405 961 797 1016 inﬁrmitatem.
830 962 941 1018 Nos
973 980 1101 1020 vero
1142 974 1197 1020 et
1229 969 1469 1038 mysterii
1500 969 1715 1022 veritati
1759 980 1814 1025 et
1856 971 1979 1036 ejus

404 1053 496 1118 qui
528 1053 812 1108 verissime
840 1053 978 1108 dixit
1000 1097 1014 1119 ,
1046 1076 1063 1105 ι
1089 1055 1279 1112 Omnis
1299 1059 1391 1128 qui
1425 1060 1620 1128 quaerit
1650 1060 1973 1125 invenit",t

405 1145 606 1198 auxilio
635 1146 992 1207 conlidentes,
1024 1154 1076 1201 et
1109 1148 1406 1218 quaerimus
1436 1160 1495 1205 ut
1527 1160 1763 1221 oportet,
1792 1160 1849 1207 et
1893 1153 1974 1206 in-

403 1236 654 1288 venimus
714 1250 835 1304 quae
872 1244 1106 1306 oportet,
1132 1246 1187 1292 et
1213 1238 1656 1298 demonstramus
1690 1257 1810 1311 qua:
1839 1242 1979 1297 dici-

407 1340 551 1387 mus,
580 1333 636 1379 et
665 1326 730 1378 ad
762 1341 944 1380 verum
971 1344 1195 1398 scopum
1227 1331 1498 1385 sermonis
1522 1322 1892 1387 attendimus:
1924 1341 1982 1386 ut

402 1423 459 1470 et
496 1414 812 1471 domesticis
844 1418 1294 1485 persuadeamus,
1343 1426 1398 1473 et
1441 1420 1787 1477 adversarios
1816 1421 1982 1476 refel-

408 1506 605 1568 lamus,
640 1514 692 1559 et
718 1508 1082 1576 nosmetipsos
1110 1525 1205 1578 per
1234 1510 1641 1579 inquisitionem
1672 1512 1985 1567 lucrifacia-

408 1612 565 1660 mus,
600 1607 660 1650 ut
703 1597 937 1667 denique
967 1615 1075 1653 non
1117 1601 1437 1657 inconstans
1468 1602 1664 1674 dogma
1713 1620 1986 1674 proponao

2076 502 2356 573 ελεγκτέον
2372 504 2471 576 τὴν
2499 503 2699 573 τόλμαν
2721 504 2830 557 τῶν
2848 504 3108 576 περιττὴν
3136 500 3276 559 εἶναι
3299 505 3398 576 τὴν
3411 507 3542 577 περὶ
3559 508 3660 572 τὰς

2077 595 2240 665 ἀγίας
2283 596 2508 667 Γραφάς
2543 597 2996 666 ἀποφαινομένων
3020 596 3320 670 διατριϐὴν,
3343 598 3421 662 ὡς
3452 600 3657 670 ἀρκού-

2080 704 2179 758 σης
2220 686 2437 757 ἑκάστῳ
2475 686 2576 755 τῆς
2618 687 2823 751 οἰκείας
2850 686 3104 752 πίστεως,
3138 689 3232 742 καὶ
3276 689 3480 760 μᾶλλον
3525 691 3664 744 ἀσά-

2079 795 2238 849 φειαν
2265 778 2598 850 ἐμποιούσης
2625 781 2756 850 ἡμῖν
2796 782 2895 850 τῆς
2935 778 3233 850 ζητήσεως.
3262 780 3451 834 Ταῦτα
3475 781 3533 833 δὲ
3561 799 3665 834 κα-

2077 873 2524 940 ταγινωσκόντων
2571 874 2719 926 ἐστὶν
2766 873 2839 936 ὡς
2896 872 3201 926 ἀσυστάτου
3240 873 3336 927 τοῦ
3366 875 3662 945 δόγματος.

2092 960 2228 1014 Ἀλλ’
2276 963 2437 1031 ἡμεῖς
2477 961 2805 1034 θαρροῦντες
2845 965 2912 1034 τῇ
2957 963 3185 1036 ἀληθείᾳ
3218 964 3313 1018 τοῦ
3358 968 3665 1037 μυστηρίου

2080 1053 2176 1105 καὶ
2200 1055 2265 1124 τῇ
2301 1052 2521 1125 βοηθείᾳ
2544 1052 2639 1107 τοῦ
2673 1054 2961 1125 ἀψευδοῦς,
2992 1056 3259 1121 εἰπόντος,
3305 1076 3324 1108 ι
3358 1058 3478 1121 Πᾶς
3504 1060 3535 1111 ὁ
3566 1058 3667 1128 ζη-

2078 1144 2188 1196 τῶν
2215 1143 2480 1216 εὑρίσκει,
2513 1163 2534 1197 ι
2570 1145 2664 1198 καὶ
2687 1143 2958 1217 ζητοῦμεν
2987 1147 3064 1211 ὡς
3087 1147 3186 1212 δεῖ,
3212 1148 3309 1201 καὶ
3335 1149 3670 1220 εὑρίσκομεν

2081 1236 2116 1290 ἃ
2149 1236 2250 1299 δεῖ,
2286 1238 2381 1290 καὶ
2417 1236 2555 1308 μετά
2580 1237 2906 1302 ἀποδείξεως
2946 1238 3198 1308 λέγομεν,
3230 1239 3324 1293 καὶ
3351 1241 3492 1309 μετά
3537 1258 3669 1312 προ-

2081 1328 2283 1393 θέσεως
2307 1328 2536 1400 γνησίας
2558 1328 2849 1399 ἀκούομεν,
2884 1330 2962 1394 ὼς
2996 1331 3238 1395 καὶτοὺς
3274 1331 3515 1395 οἰκείους
3547 1334 3670 1402 πεί-

2083 1418 2215 1483 θειν,
2255 1421 2351 1473 καὶ
2382 1422 2507 1484 τοὺς
2534 1421 2806 1485 ἐναντίους
2844 1421 3108 1492 ἐλέγχειν,
3141 1424 3237 1477 καὶ
3270 1425 3421 1495 ἡμᾶς
3463 1426 3671 1488 αὐτοὺς

2081 1511 2170 1566 διὰ
2202 1513 2303 1583 τῆς
2334 1514 2562 1584 ἐρεύνης
2588 1514 2915 1585 κερδαίνειν,
2945 1514 3039 1568 καὶ
3073 1514 3146 1586 μὴ
3188 1516 3494 1569 ἀσύστατον
3531 1521 3673 1589 πρᾶο

2083 1621 2203 1673 γμα
2224 1604 2509 1659 δεικνύειν.
2546 1605 2831 1677 Ἀμελήσω
2855 1605 3123 1678 Γραφῶν;
3146 1606 3310 1661 πόθεν
3337 1603 3434 1661 οὗν
3464 1610 3500 1678 η
3529 1608 3672 1675 γνῶ-

409 1704 550 1742 tnus.
602 1687 915 1759 Scripturas
966 1692 1276 1762 negligam?
1323 1693 1468 1749 unde
1528 1711 1658 1764 ergo
1709 1696 1986 1767 cognitio?

2093 1713 2205 1761 σις;
2277 1697 2603 1767 Καταλείψω
2645 1696 2879 1766 γνῶσιν;
2937 1698 3102 1752 πόθεν
3170 1698 3461 1770 ήπίστιςς
3517 1700 3671 1754 Παῦ-

407 1780 787 1851 Cognitionein
841 1784 1363 1853 relinquamiunde
1400 1784 1574 1841 ﬁdes?
1619 1788 1817 1841 clamat
1845 1787 1986 1842 Pau-

2093 1791 2174 1853 λος
2211 1789 2341 1860 βοᾷ·
2383 1807 2401 1840 ι
2443 1788 2568 1852 Πῶς
2601 1789 3002 1851 πιστεύσουσιν,
3041 1790 3136 1842 ἐὰν
3181 1790 3255 1862 μὴ
3289 1790 3607 1853 ἀκούσωσι;
3648 1811 3668 1842 ι

408 1873 493 1928 ius
516 1892 529 1927 :
553 1891 571 1924 ι
598 1872 882 1939 Quomodo
903 1877 1127 1929 credent
1155 1874 1320 1948 494
1349 1876 1395 1931 si
1418 1893 1527 1933 non
1559 1877 1938 1935 audierint“?
1961 1900 1980 1933 ι

414 1974 468 2020 et
500 1968 692 2020 iterum
728 1985 740 2020 :
782 1985 800 2017 ι
849 1965 1009 2023 Fides
1056 1984 1120 2023 ex
1163 1970 1351 2023 auditu
1391 1989 1403 2023 :
1441 1971 1664 2026 auditus
1716 1987 1845 2027 vero
1888 1987 1989 2043 per

409 2058 635 2112 verbum
675 2058 768 2112 Dci
797 2059 863 2116 ".
904 2078 923 2112 ι
961 2058 1133 2129 Igitur
1162 2061 1254 2130 qui
1293 2063 1511 2116 verbum
1547 2065 1791 2130 cohibet,
1828 2067 1989 2121 audi-

408 2158 522 2203 tum
560 2150 819 2215 obstruit,
843 2159 897 2205 et
922 2150 1077 2205 fidem
1106 2152 1347 2222 exprllit.
1382 2151 1659 2211 Romanas
1689 2157 1835 2225 leges
1867 2158 1989 2212 sine

411 2242 653 2310 periculo
700 2256 860 2295 nemo
890 2242 1239 2312 ignoraverit.
1278 2244 1427 2310 Quas
1466 2260 1596 2314 ergo
1629 2253 1822 2314 parant
1852 2246 1992 2300 insi-

408 2333 530 2387 dias
581 2332 674 2403 qui
733 2348 927 2404 magna
977 2336 1219 2392 ctrlestis
1272 2337 1416 2408 regis
1464 2339 1684 2392 oracula
1736 2338 1989 2394 meditari

410 2434 572 2493 atque
597 2423 841 2479 ediscere
880 2426 1211 2495 prohibent?
1245 2426 1529 2498 Scriptura
1556 2439 1640 2484 est
1677 2431 1873 2485 animae
1903 2431 1987 2485 cio

409 2517 533 2573 bus.
567 2516 765 2573 Desine
793 2535 948 2589 ergo,
975 2536 1007 2574 o
1036 2522 1220 2585 homo,
1244 2522 1384 2577 fame
1408 2524 1683 2577 internum
1713 2524 1988 2578 hominem

409 2626 630 2681 necare,
675 2612 986 2681 diramque,
1035 2629 1144 2666 non
1195 2614 1354 2684 panis
1420 2620 1475 2669 et
1515 2628 1703 2680 aquae,
1748 2615 1845 2670 sed
1890 2631 1993 2670 au-

410 2702 591 2757 dieudi
624 2704 847 2758 verbum
895 2703 1129 2766 Domini,
1166 2702 1367 2759 [alitem
1411 2705 1707 2761 attrahere.
1756 2704 1854 2760 Est
1896 2707 1990 2776 qui

411 2794 620 2864 inﬂigat
651 2796 898 2861 vulnera,
935 2803 989 2850 et
1017 2809 1072 2849 tu
1103 2796 1430 2850 medicinam
1461 2812 1569 2851 non
1598 2798 1680 2852 vis
1704 2796 1992 2854 adhiberi?

415 2882 611 2941 Desine
642 2888 848 2941 variam
883 2880 1286 2942 iuedicinalium
1324 2889 1628 2943 libellorum
1663 2891 1989 2960 sapientiam

409 2977 669 3031 vanitatis
697 2980 918 3033 nomine
951 2980 1224 3050 evulgare.
1270 2981 1538 3036 Reverere
1571 2983 1890 3037 eunuchum
1924 2983 1992 3037 il-

412 3070 525 3123 lum
572 3069 823 3125 leCtiouis
870 3070 1202 3136 studiosum,
1235 3072 1507 3129 universis
1552 3074 1755 3146 regina:
1793 3077 1990 3146 Opibus
2018 3114 2060 3170 ο

412 3160 787 3230 praepositum,
831 3162 926 3232 qui
979 3177 1048 3217 ne
1094 3164 1149 3216 in
1195 3163 1390 3219 itinere
1427 3165 1649 3234 quidem
1699 3166 1989 3223 lectionem

414 3251 828 3314 intermittebat,
866 3252 1026 3321 cuius
1056 3255 1399 3324 propositum
1446 3257 1760 3327 approbatis
1807 3256 1994 3313 Domi-

413 3356 538 3405 nus,
580 3342 774 3397 statim
804 3342 881 3396 illi
916 3343 1193 3399 doctorem
1238 3346 1410 3411 misit,
1442 3347 1537 3417 qui
1575 3349 1794 3404 lectioni
1825 3352 1998 3429 inter-

413 3434 774 3503 pretationem
799 3434 1047 3501 adderet,
1077 3444 1129 3492 et
1156 3435 1455 3509 Scriptura:
1484 3441 1639 3495 illum
1668 3445 1996 3500 auctoritate

415 3525 483 3580 ad
509 3525 845 3580 Salvatorem
869 3526 1196 3597 perduceret
1212 3530 1288 3593 1⁵³.
1323 3530 1689 3597 Quamobrem
1723 3534 1840 3604 ipse
1859 3550 2000 3605 prm-

414 3615 576 3684 cepit,
616 3633 635 3667 ι
681 3612 1018 3670 Scrutamini
1065 3616 1379 3688 Scripturas
1426 3620 1494 3685 ⁸³⁵,
1538 3640 1560 3675 ι
1603 3628 1995 3678 scrutationem

413 3717 618 3759 vocans
651 3704 968 3775 diligentem
999 3715 1375 3779 attentamque
1398 3711 1737 3766 occultorum
1766 3713 2000 3783 inquisi-

416 3796 640 3851 tionem.
692 3794 771 3850 Ex
819 3796 1122 3868 Scripturis
1157 3801 1361 3857 sanctis
1406 3810 1493 3857 est
1538 3804 1878 3859 occultorum
1909 3804 2002 3859 de-

417 3880 664 3952 claratio,
687 3888 805 3958 spei
837 3890 1263 3955 ﬁrmamentum,
1294 3895 1722 3963 promissionum
1750 3904 1997 3960 eventus,

419 3978 720 4035 Salvatoris
772 3981 1112 4037 invention
1167 3983 1477 4042 Invenimus
1530 3981 1719 4052 illum',
1773 3988 1840 4043 de
1891 4003 2001 4059 quo

416 4073 639 4142 scripsit
683 4072 859 4129 Moses
912 4083 966 4128 et
1014 4078 1294 4148 prophetae
1335 4079 1402 4134 “.
1461 4099 1480 4132 ι
1522 4079 1620 4135 His
1661 4080 1891 4136 vocibus
1948 4091 2003 4136 et

415 4163 617 4219 Paulus
658 4163 728 4218 ad
771 4166 1157 4222 stabiliendam
1200 4169 1487 4224 veritatem
1536 4187 1672 4227 usus
1703 4180 1808 4228 est.
1843 4169 2001 4238 Quod

418 4259 464 4312 si
503 4260 703 4314 Paulus
732 4258 825 4328 qui
857 4259 1066 4313 audivit
1094 4275 1295 4314 arcana
1318 4261 1506 4324 verba,
1544 4277 1871 4322 arcanorum
1914 4269 2003 4325 ille

417 4357 613 4419 mysta,
646 4349 739 4418 qui
767 4348 1047 4403 Christum
1079 4349 1135 4403 in
1181 4365 1240 4405 sc
1281 4350 1476 4405 habuit
1518 4352 1851 4422 loquentem,
1889 4359 2003 4427 pri-

2088 1881 2183 1934 καὶ
2232 1880 2429 1934 πάλιν·
2469 1898 2487 1930 ι
2530 1880 2694 1933 Ὥστε
2729 1881 2761 1950 ἡ
2810 1880 2994 1943 πίστις
3040 1877 3101 1944 ἐξ
3143 1881 3344 1951 ἀκοῆς·
3377 1882 3411 1951 ἡ
3446 1880 3505 1934 δὲ
3535 1882 3676 1951 ἀκοὴ

2085 1969 2173 2024 διὰ
2200 1974 2443 2042 ῥήματος
2474 1969 2630 2024 Θεοῦ.
2676 1990 2695 2023 ι
2733 1972 2793 2025 '0
2808 1971 2988 2024 τοίνυν
3015 1971 3079 2024 τὸ
3116 1972 3265 2043 ῥῆμα
3296 1971 3547 2036 κωλύων,
3576 1972 3677 2042 τὴν

2086 2063 2256 2135 ἀκοὴν
2290 2063 2611 2134 ἐμφράττει,
2643 2062 2742 2133 τὴν
2777 2064 2959 2117 πίστιν
3002 2062 3271 2117 ἐκϐάλλει.
3318 2065 3429 2117 Καὶ
3473 2064 3678 2134 νόμους

2090 2155 2189 2225 μὲν
2228 2155 2513 2227 Ῥωμαίων
2557 2156 2772 2223 ἀγνοεῖν
2814 2155 3096 2209 ἀκίνδυνον
3124 2156 3299 2209 οὐδενί
3321 2172 3336 2186 ·
3383 2155 3454 2209 τά
3481 2156 3541 2209 δὲ
3578 2174 3677 2227 με-

2088 2247 2231 2315 γάλα
2256 2247 2604 2317 θεσπίσματα
2636 2246 2729 2300 τοῦ
2766 2246 3031 2318 βασιλέως
3058 2247 3167 2300 τῶν
3198 2247 3447 2322 οὐρανῶν
3477 2251 3529 2302 οί
3571 2265 3681 2302 κω-

2087 2336 2309 2400 λύοντες
2345 2336 2574 2408 μελετᾷν
2603 2337 2699 2390 καὶ
2744 2337 3035 2408 μανθάνειν
3062 2339 3220 2391 ποίαν
3248 2338 3547 2409 ἐπιϐουλὴν
3577 2339 3679 2393 οὐκ

2088 2429 2441 2500 ἐργάζονταις
2478 2430 2665 2501 Τροφὴ
2692 2429 2869 2501 ψυχῆς
2897 2431 2931 2501 ἡ
2963 2430 3175 2503 Γραφή.
3220 2430 3437 2485 Παῦσαι
3469 2428 3567 2486 οὖν
3597 2431 3679 2484 λι-

2093 2520 2365 2593 μοκτονῶν
2396 2521 2488 2574 τὸν
2525 2522 2634 2576 ἔσω
2678 2522 2985 2595 ἄνθρωπον,
3040 2522 3318 2594 ἄνθρωπε,
3365 2524 3466 2579 καὶ
3519 2523 3679 2595 λιμὲν

2089 2612 2280 2682 ἄγριον
2309 2612 2777 2682 ἐπισπασάμενος,
2804 2614 2903 2667 οὑκ
2944 2614 3108 2686 ἄρτου
3147 2614 3243 2669 καὶ
3290 2614 3507 2680 ὓδατος,
3541 2615 3679 2669 ἀλλὰ

2090 2702 2185 2757 τοῦ
2214 2702 2444 2757 ἀκοῦσαι
2477 2703 2635 2772 λόγον
2662 2705 2891 2776 Κυρίου.
2930 2705 3120 2770 Ἄλλος
3146 2707 3401 2779 ἐπιφέρει
3427 2707 3499 2761 τὰ
3519 2707 3681 2779 τρεέ.

2094 2810 2263 2865 ματα,
2300 2793 2393 2846 καὶ
2423 2794 2488 2846 σὺ
2515 2792 2746 2857 κωλύεις
2775 2793 3007 2863 ὑπάγειν
3034 2794 3104 2849 τά
3126 2795 3431 2866 φάρμακας
3462 2788 3676 2853 Παῦε-ει

2096 2884 2333 2953 ματαίαν
2367 2883 2687 2953 ἀποφαίνων
2718 2884 2817 2957 τὴν
2865 2885 3117 2955 ποικίλην
3142 2887 3251 2939 τῶν
3302 2888 3570 2958 ἰατρικῶν
3600 2888 3679 2958 βι-

2092 2973 2256 3028 ϐλίων
2284 2975 2510 3045 σοφίαν·
2541 2975 2819 3048 αἱδέσθητι
2862 2976 2954 3031 τὸν
3003 2977 3283 3048 φιλόλογον
3331 2981 3546 3033 ἐκεῖνον
3589 2980 3676 3032 εὑ-

2093 3063 2303 3135 νοῦχον,
2329 3064 2389 3127 ὃς
2420 3061 2489 3137 ἦν
2518 3065 2612 3119 ἐπὶ
2649 3066 2831 3134 πάσης
2856 3066 2956 3138 τῆς
2987 3067 3160 3139 γάζης
3198 3068 3300 3139 τῆς
3333 3068 3673 3140 βασιλίσσης,

2099 3157 2226 3227 μήτ’
2251 3158 2309 3211 ἐν
2332 3157 2438 3228 ὁδῷ
2465 3157 2948 3229 καταλιμπάνοντα
2978 3158 3079 3230 τὴν
3115 3159 3445 3228 ἀνάγνωσιν
3485 3156 3551 3215 οὖ
3581 3161 3679 3232 τὴν

2095 3247 2353 3319 πρόθεσιν
2391 3248 2790 3320 ἀποδεξάμενος
2836 3249 2867 3301 ὁ
2896 3250 3193 3320 Δεσπότης,
3228 3250 3477 3321 ἔπεμψεν
3522 3250 3680 3314 εὐθὺς

2094 3339 2244 3411 αὑτῴ
2268 3339 2358 3394 τὸν
2382 3341 2721 3407 διδάσκαλον,
2748 3340 3107 3413 προστιθέντα
3131 3343 3198 3412 τῇ
3238 3341 3550 3408 ἀναγνώσει
3585 3342 3681 3413 τὴν

2096 3430 2319 3499 γνῶσιν,
2354 3430 2464 3484 ἀπὸ
2500 3430 2609 3484 τῶν
2648 3431 2880 3503 Γραφῶν
2910 3447 2970 3483 τε
3013 3430 3178 3485 αὑτὸν
3224 3431 3578 3502 προσάγοντα
3606 3432 3681 3502 τῷ

2097 3521 2328 3592 Σωτῆρι.
2363 3520 2455 3574 Διὸ
2487 3521 2582 3574 καὶ
2622 3519 2785 3584 αὐτὸς
2824 3520 3142 3585 ἐκέλευσεν,
3179 3538 3199 3571 ι
3248 3521 3544 3591 Ἐρευνᾶτε
3584 3522 3683 3585 τὰς

2097 3615 2341 3687 Γραφάς,
2383 3633 2403 3667 ι
2442 3615 2669 3686 ἐρευνᾲν
2705 3611 2874 3666 εἰπὼν
2908 3612 3008 3684 τὴν
3040 3611 3273 3683 ἐπιμελῆ
3297 3613 3395 3665 καὶ
3421 3613 3681 3683 νηφάλιον

2097 3707 2208 3760 τῶν
2238 3705 2639 3779 κεκρυμμένων
2671 3704 2937 3772 ἐξέτασιν.
2977 3705 3073 3758 Ἐκ
3093 3704 3202 3757 τῶν
3229 3704 3403 3772 ἁγίων
3421 3704 3681 3776 Γραφῶν,

2100 3797 2263 3868 ἡτῶν
2294 3797 2508 3867 ἀδήλων
2537 3796 2866 3867 φανέρωσις,
2891 3796 2924 3867 ἡ
2949 3793 3059 3848 τῶν
3090 3793 3328 3847 ἐλπίδων
3369 3792 3682 3864 βεϐαίωσις,

2100 3891 2134 3960 ἡ
2169 3890 2275 3943 τῶν
2305 3890 2652 3960 ὑποσχέσεων
2675 3888 2918 3951 ἔκϐασις,
2938 3890 2971 3958 ὴ
3015 3886 3111 3940 τοῦ
3135 3886 3391 3957 Σωτῆρος
3431 3884 3646 3956 εὕρεσις
3664 3901 3679 3915 ο

2107 3999 2127 4033 ι
2171 3984 2266 4036 "Ov
2288 3980 2491 4052 ἔγραψε
2514 3981 2718 4051 Μωσῆς
2758 3980 2852 4034 καὶ
2871 3980 2921 4033 οί
2958 3980 3235 4049 προφῆται
3273 3977 3614 4049 εὑρήκαμεν.
3656 3995 3677 4028 ι

2101 4074 2338 4137 Ταύταις
2382 4074 2646 4144 κέχρηται
2674 4074 2795 4135 ταῖς
2841 4074 3044 4139 φωναῖς
3094 4070 3232 4141 πρὸς
3282 4069 3549 4122 σύστασιν
3576 4068 3683 4138 ’τῆς

2101 4165 2356 4236 ἀληθείας
2387 4167 2416 4219 ὁ
2444 4164 2675 4227 Παῦλος.
2702 4164 2765 4217 Εἰ
2785 4163 2842 4215 δέ
2875 4161 3086 4224 Παῦλος
3117 4163 3146 4214 ὁ
3166 4159 3277 4213 τῶν
3302 4161 3567 4232 ἀρρήτων
3590 4162 3685 4231 ῥηο

2107 4259 2290 4328 μάτων
2334 4257 2628 4329 ἀκροατὴς,
2667 4255 2696 4308 ὁ
2735 4254 2845 4308 τῶν
2883 4255 3209 4325 ἀπορρήτων
3259 4250 3497 4322 μύστης,
3531 4254 3561 4304 ὁ
3595 4251 3683 4303 τὸν

2103 4351 2335 4422 Χριστὸν
2358 4350 2496 4421 ἔχων
2519 4351 2576 4402 ἐν
2605 4346 2783 4418 ἐαυτῷ
2813 4346 3096 4409 λαλοῦντα,
3119 4344 3180 4398 οὑ
3209 4344 3478 4415 κέχρηται
3501 4343 3682 4406 adii»;

418 4449 544 4493 vata
596 4440 946 4504 auctoritate,
992 4442 1132 4494 citra
1178 4456 1466 4499 sacrarum
1498 4443 1806 4500 litterarum
1852 4451 1990 4505 testi

2103 4442 2357 4513 αὑθεντίᾳ
2374 4441 2498 4512 δίχα
2516 4441 2614 4511 τῆς
2633 4439 2743 4493 τῶν
2775 4437 3006 4511 Γραφῶν
3030 4436 3334 4509 μαρτυρίας
3353 4451 3369 4465 ο
3395 4434 3519 4498 πῶς
3546 4436 3689 4489 ἀκίν-

420 4531 685 4594 monium,
712 4546 847 4585 usus
877 4547 985 4585 non
1019 4542 1137 4587 est:
1178 4534 1273 4602 qui
1308 4549 1417 4588 non
1452 4536 1821 4604 periculosum
1851 4555 1999 4596 nunc

422 4622 586 4677 fuerit
617 4638 806 4678 curam
842 4623 1040 4678 divina:
1069 4626 1205 4695 legis
1232 4619 1495 4696 abjicere,
1532 4636 1587 4683 et
1605 4630 1791 4686 cordis
1822 4634 1997 4689 nostri

420 4716 709 4784 opiniones
738 4715 1022 4783 proferre?
1049 4717 1158 4771 Sed
1185 4727 1316 4794 sunt
1345 4720 1610 4773 nonnulla
1636 4737 1758 4790 qum
1777 4733 1995 4794 captum

422 4816 672 4862 nostrum
725 4814 1008 4875 superant.
1061 4791 1209 4888 Idem
1252 4815 1306 4862 et
1335 4824 1436 4879 ego
1483 4810 1679 4878 fateor,
1713 4821 1769 4869 et
1797 4791 1902 4870 hoc
1930 4832 1997 4872 ex

424 4896 708 4970 Scriptura
741 4899 1112 4962 addiscamus,
1150 4907 1211 4954 ut
1244 4901 1484 4956 sciamus
1517 4906 1810 4974 quaerenda
1857 4923 2002 4976 qua:-

423 4992 547 5046 dam
580 5007 722 5055 esse,
756 5001 815 5046 ut
845 5007 967 5062 quae
990 4993 1327 5062 apprehendi
1360 4995 1598 5062 possint.
1631 4993 1702 5050 Ut
1729 4998 1873 5052 enim
1907 5014 2001 5053 au-

423 5085 612 5137 dacter
636 5085 819 5138 omnia
851 5085 1183 5154 perscrutari
1215 5086 1364 5155 pium
1389 5101 1499 5140 non
1521 5096 1607 5143 est
1629 5127 1645 5153 ,
1671 5088 1745 5141 ita
1778 5104 1995 5144 omnem

425 5189 652 5244 prorsus
683 5175 1091 5245 inquisitionem
1137 5178 1412 5248 negligere
1446 5193 1560 5231 non
1602 5187 1688 5233 est
1718 5188 1992 5235 sanctum.

424 5264 566 5330 Quid
596 5278 758 5334 porro
788 5264 1080 5323 adoremus
1109 5282 1275 5323 nosse
1302 5283 1494 5323 omnes
1527 5277 1759 5338 oportet,
1792 5285 1994 5325 secun-

424 5355 554 5410 dum
595 5355 648 5409 id
679 5355 826 5425 quod
856 5357 1121 5427 scriptum
1153 5368 1239 5415 est
1272 5378 1285 5413 :
1324 5379 1343 5411 ι
1375 5358 1486 5414 Nos
1527 5359 1822 5417 adoramus
1849 5360 2000 5432 quod

425 5448 635 5501 scimus
684 5447 750 5501 “.
810 5465 829 5499 ι
868 5447 1129 5514 Quaerere
1170 5459 1350 5506 autem
1402 5460 1698 5523 quantum,
1742 5456 1999 5525 qualiter,

2103 4535 2256 4587 δυνον
2280 4531 2374 4585 νῦν
2408 4531 2630 4602 ἀμελεῖν
2666 4531 2765 4601 μὲν
2798 4532 2901 4600 τῆς
2946 4529 3095 4593 θείας
3122 4527 3474 4598 νομοθεσίας,
3507 4526 3683 4581 λαλεῖν

2103 4623 2162 4678 δὲ
2188 4623 2257 4677 τὰ
2307 4622 2567 4677 δοκοῦντα
2605 4622 2716 4676 ἀπὸ
2761 4621 3025 4692 καρδίας;
3083 4618 3223 4673 ’Δλλ’
3264 4618 3382 4671 ἐστι
3432 4618 3561 4672 τινὰ
3589 4619 3685 4688 τὴν

2104 4716 2376 4788 ἡμετέραν
2437 4714 2743 4784 κατάληψιν
2799 4712 3194 4785 ὑπερϐαίνοντα
3213 4728 3226 4742 ·
3293 4712 3442 4782 φημὶ
3512 4711 3683 4779 κάγώ.

2104 4810 2216 4862 Καὶ
2245 4808 2405 4862 τοῦτο
2449 4805 2543 4862 οὖν
2574 4806 2683 4861 ἀπὸ
2715 4806 2947 4877 Γραφῶν
2990 4803 3349 4874 διδαχθῶμεν,
3383 4804 3464 4866 ὡς
3496 4804 3685 4857 εἰδέναι

2103 4900 2227 4954 τινὰ
2260 4900 2359 4971 μὲν
2393 4898 2654 4971 ζητητέον
2686 4898 2763 4962 ὡς
2792 4896 3010 4967 ἐφικτὰ.
3054 4895 3194 4949 Οὔτε
3227 4895 3339 4966 γάρ
3372 4895 3436 4948 τὸ
3468 4896 3685 4949 πάντων

2103 4990 2447 5061 κατατολμᾷν
2480 4988 2719 5052 εὐσεϐὲς,
2744 4987 2870 5041 οὔτε
2894 4987 2956 5041 τὸ
2993 4986 3211 5041 πάντων
3240 4985 3579 5057 καταμελεῖν
3601 4987 3684 5039 εὑ-

2103 5086 2252 5154 αγές.
2296 5085 2361 5137 Τί
2391 5079 2484 5137 οὖν
2529 5079 2963 5155 προσκυνοῦμεν,
2997 5078 3194 5133 ειδέναι
3233 5077 3438 5140 πάντες
3475 5077 3683 5145 ὀφείλο-

2107 5196 2227 5250 μεν,
2263 5176 2403 5232 κατά
2429 5173 2937 5246 τδ,γεγραμμένονο
2975 5189 2994 5222 ι
3040 5169 3235 5241 Ἡμεῖς
3268 5168 3685 5241 προσκυνοῦμεν

2102 5272 2131 5323 ὃ
2173 5271 2415 5340 οἴδαμεν.
2464 5286 2482 5320 ι
2529 5267 2604 5320 To
2634 5266 2690 5330 δὲ
2732 5265 2938 5336 ἡλίκον,
2981 5262 3015 5333 ἢ
3063 5257 3198 5323 οἷον,
3230 5260 3266 5331 ἣ
3301 5259 3442 5324 πῶς,
3478 5260 3514 5331 ἢ
3560 5258 3678 5319 ποῦ,

2112 5361 2448 5435 μαινομένων
2492 5360 2693 5430 ζητεῖν.
2742 5354 2882 5410 Ἀλλ’
2912 5355 2961 5407 οἱ
3009 5350 3320 5422 βουλόμενοι
3350 5348 3423 5403 τά
3482 5349 3681 5404 ἑαυτῶν

2109 5452 2339 5525 κρίνειν,
2396 5448 2718 5520 ἀπείργουσι
2770 5444 2880 5499 τῶν
2938 5440 3193 5514 Γραφῶν,
3248 5440 3527 5513 προφάσει
3589 5438 3682 5511 μὲν

486 5603 535 5677 ~~_
576 5601 765 5656 Matth.
797 5619 895 5677 vn,
933 5605 988 5659 8.
1062 5606 1106 5639 ιι
1146 5604 1306 5664 Rom.
1347 5627 1401 5676 ι,
1444 5610 1528 5665 tt.
1604 5612 1647 5645 ι’
1691 5611 1825 5667 ibid.
1867 5611 1951 5667 ιτ.

2116 5610 2240 5664 Act.
2278 5624 2399 5677 vm,
2438 5605 2629 5663 27.59.
2711 5602 2756 5635 δ’
2791 5599 2951 5657 Joan.
2977 5614 3035 5663 ν,
3065 5596 3153 5653 59.
3234 5596 3280 5628 ⁸⁸
3326 5593 3485 5651 loan.
3519 5610 3561 5663 ι,
3594 5593 3676 5650 ιε.

433 5674 472 5700 "‘
512 5671 670 5725 Joun.
708 5688 780 5734 Iv,
812 5672 904 5729 ‘22.
