3842 6186
180 253 203 306 1
216 253 324 307 515

994 247 1574 308 CONFUTATIONES
1614 249 2058 318 QUARUMDAM
2087 248 2675 309 PROPOSITIONUM.

3285 252 3433 311 1556

174 366 277 423 τοῦ
328 368 401 441 μὴ
433 371 801 442 κατατολμᾷν,
841 370 915 434 ὡς
951 369 1283 441 ἀπροσίτων,
1332 371 1400 441 τῇ
1435 368 1492 423 δὲ
1530 368 1753 442 ἀληθείᾳ

1858 370 2154 441 quomodo.
2190 369 2284 425 ubi
2312 411 2328 430 .
2379 370 2768 426 insanientium
2799 377 2906 426 est.
2960 368 3156 425 Verum
3193 370 3285 441 qui
3330 372 3438 441 ipsi

177 462 323 534 ὑπὲρ
353 461 448 515 τοῦ
481 462 702 532 φεύγειν
731 463 821 517 τὸν
860 462 918 529 ἐξ
956 461 1136 516 αὐτῶν
1166 461 1386 532 ἔλεγχον
1416 461 1518 532 τῆς
1551 462 1762 527 οἰκείας

176 554 520 619 κακοδοξίας.
550 556 658 608 Καὶ
703 555 833 610 ὅταν
870 556 1018 608 ἴδωσι
1051 554 1150 624 μὲν
1176 555 1385 606 ὲαυτων
1414 553 1760 623 κακοφροσό-

175 661 280 716 νην
342 646 817 718 συμποδιζομένην
867 645 974 700 ἀπὸ
1026 646 1126 715 τῆς
1184 644 1292 697 τῶν
1342 644 1574 715 Γραφῶν
1622 645 1762 698 ἀπο-

173 737 425 805 δείξεως,
477 740 931 810 παραγράφονται
979 739 1088 792 τῶν
1138 736 1368 811 Γραφῶν
1418 738 1510 792 τὸν
1555 738 1758 792 σκοπὸν

175 831 273 883 καὶ
297 829 395 901 τὴν
428 830 614 903 χρείαν
638 847 651 860 ·
690 831 819 884 ὅταν
856 830 913 884 δὲ
958 830 1222 901 νομίσωσι
1259 829 1533 883 συντελεῖν
1574 829 1757 895 αὐτοῖς

176 920 386 993 γυμνόν
409 938 463 973 τι
497 920 658 991 ῥητὸν
687 921 824 992 πρὸς
854 920 953 993 τὴν
997 921 1132 975 ἰδίαν
1161 920 1473 992 ἐγχείρησιν
1500 920 1756 990 ἀποτμη-

177 1012 272 1066 θέν
320 1012 420 1081 τῆς
470 1011 677 1077 οἰκείας
710 1004 1067 1076 ἀκολουθίας,
1115 1012 1366 1065 ἕλκουσιν
1416 1010 1571 1064 αὐτοὶ
1616 1011 1758 1081 πρὸς

176 1104 279 1175 τὴν
312 1104 445 1158 ἰδίαν
475 1104 840 1176 κατασκευὴν,
871 1104 933 1157 οὐ
964 1106 1030 1175 τῇ
1068 1102 1370 1173 δηλουμένη
1404 1101 1613 1172 διανοίᾳ
1638 1101 1759 1154 δου-

178 1195 448 1260 λεύοντες,
505 1196 641 1250 ἀλλά
686 1197 823 1267 πρὸς
868 1195 964 1267 τὴν
999 1196 1205 1248 οἰκείαν
1244 1193 1603 1264 κακοτεχνίαν
1658 1192 1759 1257 τὰς

180 1286 448 1351 συλλαϐὰς
480 1286 806 1358 βιαζόμενοι,
837 1287 1026 1358 ὥσπερ
1059 1285 1300 1341 ποιοῦσιν
1341 1285 1437 1341 ἐπὶ
1478 1283 1596 1349 τοῦ,
1629 1303 1647 1336 ι
1694 1286 1753 1339 ’0

176 1379 351 1447 Λόγος
385 1378 520 1450 σὰρξ
545 1380 779 1448 ἐγένετο.
823 1399 843 1432 ι

177 1472 275 1528 sed
307 1473 357 1527 vi
387 1474 625 1553 syllabas
661 1476 727 1530 ad
753 1475 1194 1547 perversissimas
1248 1490 1379 1531 suas
1407 1483 1555 1530 artes
1581 1473 1991 1543 detorquentes,
2023 1473 2165 1544 quod
2193 1474 2355 1528 etiam
2387 1474 2591 1528 faciunt
2628 1475 2683 1527 in
2734 1473 2828 1528 illo
2874 1492 2889 1529 :

178 1565 386 1623 factum
421 1578 506 1624 est
532 1570 596 1626 ⁸⁷.
642 1589 663 1624 ι

927 1691 1023 1747 Ill.

174 1802 336 1871 Πρός
378 1803 518 1869 τοὺς
565 1802 1091 1872 προϐιαλλομένους
1135 1806 1444 1869 κακοήθως
1491 1800 1580 1866 τὸ,
1626 1819 1645 1852 ι
1691 1800 1755 1854 '0

592 1875 782 1944 Λόγος
819 1874 976 1942 σὰρξ
1007 1873 1266 1944 ἐγένετο.
1314 1894 1333 1925 ι

249 1984 425 2038 Πολλὰ
481 1984 581 2057 μὲν
607 1990 721 2050 τοῖς
768 1984 1060 2040 ἐκπεσοῦσι
1087 1985 1189 2057 τῆς
1234 1985 1515 2057 ἀληθείας,
1546 1985 1655 2039 εἴτε
1688 1985 1753 2038 δι’

174 2074 316 2147 ἔριν,
352 2079 462 2131 εἴτε
504 2077 571 2130 δι’
595 2077 837 2147 ἄγνοιαν,
861 2078 997 2150 πρὸς
1023 2079 1241 2149 ἀπάτην
1281 2079 1658 2148 ἐπινενόηταιο
1693 2076 1756 2131 τὸ

173 2167 255 2229 δὲ,
316 2186 336 2219 ι
408 2168 465 2222 '0
514 2169 687 2237 Λόγος
721 2170 937 2238 ἐγένετο
971 2170 1128 2242 σὰρξ,
1187 2189 1207 2223 ι
1259 2172 1548 2242 εἰρημένον
1586 2172 1757 2243 ὑπερ-

175 2259 330 2330 φυῶς
377 2277 437 2313 τε
475 2261 569 2315 καὶ
602 2262 741 2334 ὑπὲρ
777 2261 1019 2326 ἔπαινον,
1070 2261 1381 2329 ἐξελέξαντο
1414 2263 1506 2317 καὶ
1559 2264 1609 2316 οἰ
1647 2264 1756 2318 πά-

174 2351 266 2405 λαι
318 2351 463 2406 κατά
505 2352 605 2417 τὰς
656 2353 895 2424 αἱρέσεις
935 2353 1205 2425 πολέμιοι,
1239 2354 1336 2408 καὶ
1377 2356 1427 2407 οἱ
1465 2352 1559 2408 νῦν
1608 2354 1758 2409 ἀντία

175 2440 341 2509 δικοι,
389 2440 640 2511 καθάπερ
687 2441 763 2505 ὡς
816 2444 1113 2515 μυστήριον
1166 2442 1399 2511 ἄμαχον,
1455 2440 1531 2503 ὠς
1576 2441 1758 2511 ἐνόμι-

179 2546 312 2594 σαν,
371 2533 502 2602 ὴμῖν
553 2531 896 2601 ἐπετείχισαν
963 2531 1321 2601 κατατρέχειν
1379 2530 1588 2583 ἐκεῖθεν
1661 2529 1757 2583 καὶ

181 2620 395 2691 βάλλειν
427 2621 534 2675 τῶν
577 2621 870 2693 όρθοδόξων
913 2622 1013 2694 τὴν
1047 2622 1303 2692 φάλαγγα
1351 2622 1752 2695 μηχανώμενοι,

180 2710 410 2775 ⁴ιυολλούς
440 2729 500 2765 τε
543 2710 761 2783 δεσμεῖν
793 2716 860 2784 τῇ
908 2712 1080 2784 πλοκῇ
1127 2713 1221 2766 τοῦ
1262 2712 1589 2785 ζητήματος.
1627 2732 1646 2764 ι
1697 2713 1755 2766 Ὀ

179 2804 354 2876 Λόγος
384 2802 522 2875 σάρξ
576 2804 812 2873 ἐγένετο,
857 2823 876 2855 ι
909 2804 1072 2868 αὐτὸς
1117 2807 1146 2857 ό
1180 2804 1317 2875 σὰρξ
1349 2805 1659 2876 γενόμενος,
1694 2805 1756 2859 τὸ

181 2873 353 2956 τῖάθος
386 2873 621 2959 ἐδέξατο.
653 2893 749 2957 Τίς
797 2894 857 2946 οὐ
906 2894 1118 2964 φρίττει
1162 2873 1262 2965 τὴν
1299 2895 1406 2948 τῶν
1450 2873 1755 2966 εἰρημένων

180 2985 473 3051 ἀπόνοιαν;
525 2986 597 3037 Τὸ
630 2985 1010 3057 γεγραμμένον
1055 2985 1449 3055 ἀποκόψαντες,
1486 2982 1659 3049 εἶπον,
1693 2986 1755 3040 τὸ

183 3076 261 3148 μὴ
290 3076 344 3130 δὲ
367 3076 748 3148 γεγραμμένον
779 3077 1224 3148 ἐκαινοτόμησαν.
1259 3078 1315 3131 Ὀ
1336 3078 1445 3149 γάρ
1469 3077 1637 3132 εἰπὼν
1667 3077 1748 3145 τό,

184 3187 207 3221 ε
239 3169 297 3222 '0
313 3167 485 3235 Λόγος
502 3166 637 3237 σὰρξ
662 3167 928 3235 ἐγένετο,›
950 3167 1255 3238 προσέθηκε
1284 3169 1378 3222 καὶ
1404 3168 1486 3233 τὸ,
1506 3187 1523 3220 ι
1554 3169 1751 3240 Ἐσκή-

178 3277 352 3318 νωσεν
374 3262 433 3313 ἐν
454 3262 584 3331 ἡμῖν
604 3275 618 3289 ⁸
656 3278 675 3312 ι
701 3259 787 3312 ἵνα
824 3258 986 3311 διπλᾶ
1019 3260 1297 3329 νοήσωμεν
1326 3257 1529 3321 εὐθέως
1558 3257 1625 3311 τὰ
1650 3275 1750 3329 ση-

183 3355 505 3427 μαινόμενα,
546 3352 637 3407 τδν
691 3348 885 3422 Λόγον,
927 3353 1025 3422 τὴν
1068 3353 1268 3423 σάρκα,
1303 3351 1366 3404 τὸ
1400 3349 1652 3422 σκηνοῦν,
1690 3349 1752 3404 τὸ

181 3448 380 3520 σκηνού
388 3464 550 3519 μενον
567 3464 580 3477 ·
601 3446 696 3500 καὶ
714 3447 851 3518 μήτε
867 3447 1099 3517 τροπὴν,
1121 3447 1262 3516 μήτε
1291 3444 1595 3508 ἀλλοίωσιν,
1613 3445 1750 3516 μήτε

177 3557 231 3592 τι
255 3539 465 3592 τοιοῦτο
514 3539 605 3592 ἐπὶ
644 3539 740 3609 τῆς
777 3538 1046 3610 ἁτρέπτου
1079 3538 1266 3601 οὐσίας
1308 3537 1647 3608 ἐκλάϐωμεν.
1682 3538 1751 3591 Ἢ

177 3631 290 3704 γὰρ
318 3632 383 3685 ἂν
412 3626 553 3692 εἷπε,
581 3631 853 3700 Σκήνωμα
881 3630 1114 3698 ἐγένετο,
1148 3629 1248 3682 οὐκ
1285 3647 1304 3680 ι
1331 3630 1667 3699 Ἐσκήνωσεν
1693 3629 1751 3682 ἐν

177 3719 531 3792 ήμῖνμεῖπερ
561 3719 698 3790 αὐτὴ
737 3719 770 3788 ἡ
803 3717 896 3771 τοῦ
930 3718 1103 3786 Λόγου
1125 3717 1284 3787 φύσις
1318 3719 1397 3781 εἰς
1418 3718 1617 3789 σαρκὸς
1646 3717 1751 3788 φύ-

181 3831 267 3868 σιν
314 3812 566 3884 μετέστη.
611 3812 749 3864 Ἀλλ’
792 3812 891 3881 οὺχ
932 3805 1042 3865 οἶόν
1069 3828 1128 3864 τε
1158 3810 1477 3880 λογίσασθαι
1507 3811 1750 3883 περὶτοῦ

177 3908 423 3977 λέγοντος
445 3924 458 3937 ·
495 3925 514 3958 ι
554 3906 741 3970 Ἴδετε,
782 3906 941 3966 ἴδετε,
969 3907 1052 3959 ὅτι
1090 3904 1201 3974 ἐγώ
1239 3907 1375 3976 εἰμι,
1398 3907 1492 3958 καὶ
1524 3907 1624 3958 οὑκ
1653 3904 1751 3974 ὴλ-

176 4001 431 4072 λοίωμαι.
464 4020 481 4050 ι
510 3999 632 4062 Πῶς
649 3995 740 4053 οὖν
767 3999 862 4052 καὶ
884 3998 1099 4067 ἐγένετο
1121 3997 1278 4070 σὰρξ,
1301 3999 1396 4052 κα)⁸
1410 3999 1509 4052 οὐκ
1529 3997 1754 4068 ἠλλοίω-

175 4108 303 4158 ταις
336 4090 413 4163 τῷ
434 4089 699 4161 ἐνωθῆναι
754 4090 939 4161 σαρκὶ,
988 4089 1049 4142 οὐ
1097 4088 1175 4160 τῷ
1212 4089 1637 4161 μεταποιηθῆναι
1671 4091 1751 4153 εἰς

178 4184 374 4256 σάρκα.
398 4182 490 4236 Διὸ
520 4183 614 4236 καὶ
633 4181 878 4251 λέγεται,
919 4198 938 4231 ι
985 4180 1329 4254 Ἐφανερώθη
1359 4180 1541 4250 σαρκὶ,
1597 4198 1617 4231 ι
1652 4181 1752 4234 οὐκ

188 4274 538 4348 Ἐφανερὼθη
563 4276 597 4347 ἡ
625 4273 790 4346 σάρξο
838 4275 953 4337 καὶ,
988 4291 1010 4325 ι
1056 4273 1375 4343 Σπέρματος
1413 4272 1681 4344 Ἀϐραὰμ,
1722 4289 1742 4323 ι

1784 1694 1831 1751 Β

1860 463 1927 518 de
1954 462 2071 518 suis
2104 461 2452 531 dogmatibus
2494 463 2853 531 pronuntiare
2876 462 3090 525 volunt,
3124 477 3153 514 a
3186 461 3437 533 Scriptu-

1858 552 1936 608 ris
1964 553 2101 609 alios
2131 552 2431 618 deterrent,
2464 554 2567 609 hoc
2591 553 2810 624 quidem
2838 554 3089 619 obtentu,
3122 570 3191 609 ne
3229 563 3441 610 temere

1858 643 1926 696 ad
1951 644 2230 699 inaccessa
2266 644 2550 699 videamur
2597 644 2739 698 velle
2782 653 3109 714 penetrare,
3149 660 3210 700 rc
3251 657 3434 701 autem

1856 748 2006 798 vera,
2040 749 2109 788 ne
2147 733 2402 789 haeretica
2433 751 2531 790 sua
2568 734 2821 804 dogmata
2853 734 3109 790 falsitatis
3142 752 3208 790 ex
3242 737 3438 795 iisdem

1857 825 2273 881 convincantur.
2322 825 2479 892 Quod
2512 827 2559 883 si
2588 827 2831 890 videant,
2859 828 3045 897 petitis
3078 843 3107 881 c
3152 825 3439 899 Scriptura

1858 916 2417 974 alemonstralionibus
2464 919 2750 974 stultitiam
2783 934 2939 973 suam
2973 919 3223 989 impediri
3252 960 3268 987 ,
3318 928 3435 974 tum

1860 1007 2271 1079 Scripturarnm
2319 1026 2547 1080 scopum
2597 1012 2801 1079 pariter
2852 1017 2907 1065 et
2960 1011 3219 1080 loquendi
3275 1025 3437 1067 usum

1859 1101 2168 1156 invertunt:
2193 1103 2276 1156 sin
2301 1103 2524 1157 verbum
2555 1102 2772 1171 aliquod
2802 1102 3009 1157 nudum
3040 1118 3141 1158 suo
3167 1103 3431 1173 prodesse

1861 1191 2115 1248 instituto
2162 1193 2491 1263 intelligant,
2536 1193 2590 1247 id
2625 1193 2804 1263 ipsum
2839 1209 2869 1247 a
2904 1195 3138 1264 genuina
3172 1195 3441 1249 orationis

1859 1286 2000 1341 serie
2028 1288 2321 1341 rescissum
2364 1286 2429 1340 ad
2462 1287 2710 1356 proprias
2737 1301 2919 1342 causa;
2958 1303 3068 1343 sua:
3094 1288 3439 1342 demonstra-

1856 1376 2035 1432 tiones
2082 1378 2405 1446 pertrahunt
2452 1395 2465 1432 :
2504 1392 2612 1431 non
2660 1386 2785 1446 apto
2832 1377 3016 1433 sensui
3061 1379 3437 1441 attendentes,

2954 1492 2973 1526 ι
3038 1472 3279 1529 Verbum
3307 1487 3438 1528 caro

2593 1673 2682 1729 Ill.

1858 1792 2119 1848 Adversus
2169 1808 2296 1855 eos,
2344 1790 2435 1860 qui
2477 1789 2703 1861 maligne
2751 1791 2900 1844 nobis
2950 1790 3208 1861 objiciunt
3262 1793 3436 1851 illud:

2187 1897 2206 1931 ι
2265 1876 2489 1932 Verbum
2519 1894 2645 1932 caro
2678 1878 2882 1948 factum
2913 1888 3009 1934 est.
3061 1901 3081 1933 ι

1927 1989 2094 2047 Multa
2126 1989 2193 2045 ab
2226 1991 2295 2044 iis
2322 1989 2464 2058 quia
2484 1991 2733 2054 veritate,
2753 1990 2865 2045 sive
2887 2008 2985 2063 per
3003 1994 3433 2063 contentionem,

1856 2081 1973 2138 sive
2029 2096 2127 2151 per
2184 2080 2549 2152 ignorantiam
2593 2083 2949 2148 exciderunt,
3020 2084 3089 2139 ad
3138 2087 3434 2142 fallendum

1855 2173 2160 2240 excogitata
2210 2179 2340 2228 sunt
2370 2191 2383 2227 :
2419 2171 2553 2226 illud
2600 2180 2781 2227 autem
2826 2173 3036 2229 dictum
3068 2178 3215 2247 quod
3264 2194 3434 2251 supra

1854 2272 2067 2318 naturae
2111 2262 2293 2327 fidem,
2325 2278 2427 2318 nec
2454 2265 2587 2318 satis
2630 2264 2961 2321 laudandum
2992 2278 3098 2333 est,
3135 2288 3154 2322 ι
3191 2268 3433 2327 Verbum

1855 2370 1986 2409 caro
2024 2354 2230 2410 factum
2265 2362 2371 2419 est,
2414 2374 2433 2407 ι
2475 2362 2529 2410 et
2568 2364 2779 2413 veteres
2823 2346 3089 2415 haaresum
3123 2378 3436 2433 propugna-

1854 2442 2004 2498 tores
2031 2443 2369 2512 selegerunt,
2410 2455 2463 2496 et
2496 2445 2671 2499 nostri
2704 2445 2863 2501 hodie
2909 2451 3283 2520 antagonistae,
3313 2463 3433 2507 tau-

1856 2548 2017 2603 quam
2051 2533 2487 2603 inexpugnabile,
2533 2544 2591 2590 ut
2622 2537 2726 2607 ipsi
2773 2539 2992 2622 quidem
3041 2551 3256 2612 putant,
3297 2560 3424 2614 pro-

1855 2624 2221 2695 pugnaculum
2253 2627 2412 2682 nobis
2440 2627 2795 2697 objecerunt:
2828 2630 2932 2685 hoc
2965 2634 3173 2688 scilicet
3192 2639 3435 2692 molien-

1855 2723 1962 2779 tes,
1989 2726 2049 2770 ut
2080 2715 2205 2771 inde
2235 2717 2289 2770 in
2314 2718 2649 2774 orthodoxos
2679 2720 2979 2789 incurrere,
3013 2740 3202 2781 omnes
3234 2743 3426 2782 eorum

1857 2807 2095 2877 impetus
2135 2810 2492 2879 propulsare,
2545 2819 2598 2865 et
2646 2812 2967 2880 quaestionis
3007 2815 3171 2885 hujus
3220 2818 3435 2889 laqueis

1855 2902 2059 2958 multos
2103 2900 2317 2957 irretire
2367 2902 2598 2971 possint.
2634 2901 2793 2967 Nam,
2845 2923 2864 2956 ι
2903 2904 3141 2963 Verbum
3182 2926 3311 2965 caro
3352 2912 3433 2967 fa-

1856 2998 2008 3044 ctum
2039 3000 2144 3056 est,
2187 3012 2207 3045 ι
2240 2993 2690 3064 interpretantur,
2711 2994 2948 3051 Verbum
2979 2999 3034 3053 in
3066 3015 3287 3057 carnem
3306 3020 3433 3059 eon-
3514 3042 3525 3051 ς

1853 3099 2071 3139 versum
2120 3086 2363 3156 suscepit
2416 3087 2749 3157 passionem.
2798 3087 2933 3154 Quis
2964 3107 3074 3147 non
3118 3094 3279 3148 istam
3310 3112 3435 3152 ver-

1852 3175 2046 3231 borum
2073 3176 2293 3233 horreat
2313 3180 2588 3234 vesaniam
2606 3181 2629 3233 ?
2646 3180 2776 3247 Quae
2800 3182 3003 3253 scripta
3027 3193 3189 3257 sunt"
3204 3202 3262 3242 ea
3284 3203 3433 3244 rese-

1852 3276 2003 3329 cant,
2029 3283 2151 3337 quae
2180 3284 2310 3324 vero
2333 3270 2532 3341 scripta
2560 3287 2667 3326 non
2703 3282 2851 3336 sunt,
2884 3276 3243 3331 innovat-unt.
3282 3276 3427 3335 Idem

1850 3356 2016 3429 5.95
2053 3360 2198 3414 enim
2230 3361 2324 3431 qui
2354 3361 2490 3415 dixit
2519 3377 2532 3413 :
2574 3380 2592 3412 ι
2627 3362 2861 3418 Verbum
2891 3379 3021 3419 caro
3058 3367 3255 3422 factum
3272 3380 3374 3434 est,
3404 3391 3424 3422 ι

1854 3449 2140 3518 Subjunxit
2170 3461 2224 3505 et
2252 3452 2406 3516 illud,
2440 3470 2458 3503 ι
2504 3452 2780 3508 Habitavit
2810 3456 2863 3509 in
2890 3457 3069 3521 nobis,
3113 3476 3135 3511 ι
3165 3467 3222 3520 ut
3247 3461 3429 3530 dupli-

1852 3534 1938 3590 cia
1965 3538 2148 3592 statim
2186 3554 2547 3609 agnoscamus
2580 3543 2907 3612 signilicata,
2950 3544 3187 3602 Verbum
3225 3544 3430 3606 ct‘car-

1853 3643 2015 3684 nem:
2046 3628 2179 3684 illud
2209 3632 2351 3700 quod
2375 3632 2604 3697 habitat,
2635 3642 2689 3688 et
2721 3635 2854 3688 illud
2883 3636 2938 3690 in
2971 3652 3080 3706 quo
3121 3640 3426 3709 habitatur,

1852 3726 1907 3773 et
1937 3720 2262 3776 immutabili
2312 3723 2637 3780 substantia:
2675 3741 2777 3780 nec
2804 3729 3184 3794 mutationem,
3221 3749 3321 3787 nec
3345 3731 3433 3787 al-'

1851 3812 2199 3875 terationem,
2250 3828 2352 3868 nec
2399 3816 2575 3871 simile
2618 3817 2748 3886 quid
2799 3819 3160 3888 assignemus.
3210 3822 3427 3894 Alioqui

1851 3903 1997 3957 enim
2032 3903 2281 3962 dixisset.
2301 3904 2681 3962 Habitaculum
2712 3909 2912 3963 factum
2930 3920 3035 3974 est,
3066 3928 3175 3967 non
3208 3932 3228 3965 ι
3260 3916 3422 3970 Habi-

1854 3999 1987 4051 tavit
2014 3997 2066 4050 in
2089 3999 2250 4053 nobis
2278 4018 2292 4053 :
2326 4019 2344 4051 ι
2369 4000 2636 4070 siquidem
2669 4010 2864 4057 natura
2900 4002 3062 4059 Verbi
3088 4006 3141 4059 in
3175 4016 3425 4063 naturam

1851 4091 2035 4143 carnis
2067 4088 2259 4144 fuisset
2290 4097 2514 4145 mutata.
2560 4094 2624 4149 At
2649 4096 3002 4152 mutationem
3052 4099 3287 4168 aliquam
3342 4100 3427 4155 fa-

1851 4188 1994 4236 ctam
2025 4183 2221 4237 essein
2252 4198 2318 4238 eo
2351 4184 2442 4254 qui
2474 4184 2629 4250 dicit,
2665 4206 2683 4238 ι
2733 4187 2940 4251 Videte,
2968 4190 3308 4263 videte,quia
3326 4209 3428 4265 ego

1852 4288 1996 4338 sum,
2036 4283 2090 4330 et
2112 4290 2218 4329 non
2252 4288 2431 4330 mutor
2463 4277 2533 4342 ⁸⁸,
2575 4299 2593 4331 ι
2627 4281 2796 4336 nullis
2841 4284 3095 4354 colligere
3125 4287 3428 4341 rationibus

177 4369 364 4441 qrqaiv,
402 4389 419 4422 ι
439 4368 733 4422 ἐπελάϐετο
751 4384 765 4398 ο
794 4386 811 4418 ι
833 4368 893 4420 οὐ
923 4365 1150 4437 Σπέρμα
1178 4364 1429 4435 Ἁϐραάμ
1455 4362 1745 4417 ἀλλοιωθὲν

1855 4381 2167 4436 possumus.
2210 4365 2493 4433 Quomodo
2536 4370 2701 4439 igitur
2740 4389 2870 4428 caro
2926 4373 3137 4440 factus,
3183 4385 3426 4432 mutatus

174 4461 422 4530 ἐγένετο·
472 4459 588 4523 καὶ,
613 4478 631 4509 ι
654 4458 800 4512 Ναὸν
826 4457 950 4529 ἔσχε
983 4457 1043 4510 τὸ
1078 4454 1255 4526 σῶμα,
1286 4475 1304 4508 ι
1349 4456 1449 4507 οὐκ
1494 4455 1587 4518 Εἰς
1620 4458 1745 4507 ναὸν

1855 4466 2033 4513 autem
2052 4473 2158 4513 non
2180 4469 2265 4514 est
2279 4461 2301 4513 ?
2315 4460 2477 4515 Carni
2498 4463 2637 4516 uniri
2657 4480 2762 4518 non
2777 4466 2929 4521 estin
2949 4483 3165 4523 carnem
3188 4484 3428 4524 cominu-

177 4552 609 4626 μεταϐέὸληταιο
662 4551 775 4613 καὶ,
807 4549 907 4602 «Ὀ
947 4551 1004 4602 ἐν
1055 4549 1239 4619 μορφῇ
1293 4544 1430 4599 Θεοῦ
1481 4545 1746 4618 ὑπάρχων

1855 4555 1980 4608 tari.
2000 4554 2129 4622 Quae
2142 4560 2196 4608 et
2214 4569 2379 4609 causa
2395 4563 2479 4611 est
2503 4572 2601 4611 cur
2629 4557 2861 4625 dicatur,
2903 4577 2920 4609 ι
2944 4558 3320 4617 Manifestatus
3343 4569 3427 4617 est

179 4647 393 4719 μορφὴν
411 4644 596 4699 δούλου
614 4634 824 4708 ἔλαϐεν,
854 4641 941 4694 »οὐ
968 4640 1165 4711 Μορφὴ
1202 4638 1388 4692 δούλου
1406 4637 1643 4707 γέγονεν.
1686 4637 1750 4691 Εἰ

173 4741 232 4794 δέ
251 4757 335 4804 τις
363 4736 680 4808 φιλονεικῶν
701 4736 761 4790 οὐ
796 4734 1116 4806 βούλεταιτὸ
1148 4731 1225 4803 τῷ
1244 4730 1361 4802 Θεῷ
1386 4731 1595 4803 πρέπον
1625 4746 1751 4784 σκο-

175 4836 319 4897 πεῖν,
351 4831 486 4885 ἀλλά
524 4828 793 4884 δουλεύειν
833 4829 952 4891 ταῖς
1012 4824 1303 4889 συλλαϐαῖς
1336 4823 1473 4878 ’ἄνευ
1512 4822 1748 4886 διανοίας

173 4922 451 4986 εὐσεϐοῦς,
511 4921 728 4977 ἅπαντά
755 4936 817 4973 τε
869 4920 1123 4973 ἀπαιτεῖν
1148 4916 1218 4971 τά
1250 4916 1324 4988 μὴ
1347 4915 1533 4969 δέοντα
1549 4930 1562 4944 ·
1588 4930 1751 4982 γινω-

177 5018 353 5072 σκέτω
375 5012 682 5086 σοφώτερον
713 5012 902 5067 ἐαυτὸν
917 5012 1015 5082 τῆς
1031 5010 1249 5082 χάριτος
1273 5008 1367 5062 τοῦ
1389 5007 1542 5076 άγίου
1577 5005 1748 5060 Πνεύ-
1766 4996 1777 5019 ³

174 5123 347 5179 ματος
376 5105 711 5175 ἀποφαίνων,
740 5104 835 5158 καὶ⁹
868 5104 943 5174 μὴ
985 5102 1269 5172 δεχόμενος
1289 5100 1388 5172 τὴν
1417 5097 1628 5152 ἐκεῖθεν
1670 5113 1749 5149 νο-

179 5200 454 5274 μοθεσίαν,
482 5198 581 5271 τὴν
618 5198 707 5253 διά
760 5196 972 5252 πολλῶν
1013 5194 1206 5265 φωνῶν
1231 5192 1411 5264 ιερῶν,
1450 5192 1525 5256 ὡς
1559 5190 1747 5262 προεί-

178 5310 359 5367 ρηται,
405 5292 779 5363 σαφηνίσασαν
816 5292 947 5362 ἡμῖν
975 5286 1068 5342 τοῦ
1101 5284 1266 5359 ῥητοῦ
1303 5285 1403 5356 τὴν
1425 5284 1674 5354 δύναμιν,
1712 5282 1746 5355 ἢ

172 5388 239 5442 eis
262 5385 387 5458 δίχα
413 5386 728 5457 τολμήσεως
763 5384 857 5437 καί
892 5381 1071 5453 μάχην
1109 5376 1421 5445 ἐπεισάγειν
1451 5378 1563 5439 τοῖς
1585 5372 1752 5437 θείοις

172 5479 371 5549 λόγοις,
403 5481 498 5535 καὶ
522 5474 631 5532 τῶν
659 5475 828 5546 ἀγίων
868 5474 1172 5545 δογμάτων,
1194 5471 1271 5534 ὡς
1300 5469 1555 5524 ἐναντίων
1591 5465 1753 5537 ἀλλή-

172 5573 306 5637 λοις,
336 5568 809 5641 καταψηφίζεσθαι
832 5585 848 5600 ο
870 5567 1029 5639 εἰπερ
1055 5563 1297 5619 ἐναντίον
1318 5561 1399 5627 τὸ,
1435 5580 1455 5612 ι
1503 5559 1751 5629 Ἐγένετο

1855 4645 1913 4699 in
1943 4662 2109 4703 carne
2138 4648 2206 4713 ⁸⁸,
2232 4668 2252 4701 ι
2272 4665 2379 4703 non
2399 4648 2740 4705 Manifestata
2756 4658 2840 4706 est
2872 4666 3021 4706 caro.
3064 4651 3145 4714 Ει,
3170 4671 3188 4703 ι
3229 4650 3427 4708 Semen

1855 4737 2087 4793 Abraha:
2112 4740 2428 4809 assumpsit,
2453 4759 2473 4792 ι
2512 4740 2688 4811 inquit
2718 4740 3013 4811 Apostolus
3036 4744 3081 4774 ⁸ο
3106 4761 3121 4798 :
3154 4759 3287 4807 non,
3324 4741 3425 4798 Se-

1850 4843 1977 4884 men
2006 4828 2237 4885 Abraha:
2265 4831 2586 4886 immutatus
2619 4831 2797 4888 factus
2820 4841 2923 4889 est.
2958 4833 3044 4896 Et,
3082 4852 3102 4885 ι
3140 4833 3448 4905 Templum-

1849 4921 2041 4977 habuit
2083 4937 2306 4992 corpus,
2337 4942 2356 4975 ι
2394 4937 2531 4987 ιιοη,
2569 4922 2625 4977 In
2658 4924 2916 4994 templum
2970 4939 3269 4979 conversus
3316 4930 3422 4979 est.

1850 5008 1939 5073 Et,
1970 5028 1989 5061 ι
2021 5009 2157 5065 Cum
2183 5012 2237 5066 in
2266 5013 2441 5067 forma
2470 5010 2563 5067 Dei
2584 5018 2752 5075 esset,
2778 5012 3005 5067 formam
3036 5013 3179 5068 servi
3207 5028 3426 5068 assum-

1850 5102 1961 5171 psit
1980 5102 2051 5164 ",
2072 5121 2093 5155 ι
2114 5118 2246 5167 ιιοιι,
2274 5101 2465 5158 Forma
2514 5102 2657 5159 servi
2692 5101 2868 5157 factus
2903 5112 3005 5158 est.
3050 5101 3206 5168 Quod
3227 5102 3273 5157 si
3300 5102 3427 5173 quis

1849 5193 2250 5257 contentiosus,
2282 5192 2418 5247 nolit
2438 5208 2558 5263 quae
2588 5192 2757 5247 Deum
2791 5192 3263 5260 dei-entcogitare,
3297 5191 3420 5256 sed,

1849 5284 1940 5354 pia
1974 5284 2180 5354 rejecta
2205 5292 2412 5351 mente,
2430 5285 2659 5357 syllabis
2688 5283 2975 5346 inservire,
3009 5284 3299 5352 omniaque
3322 5299 3423 5355 pe-

1848 5384 1965 5432 tere
1995 5391 2117 5446 qua:
2146 5376 2375 5445 petenda
2403 5376 2627 5431 minime
2653 5381 2870 5445 oportet
2903 5392 2916 5428 :
2942 5374 3154 5429 noverit
3182 5374 3291 5438 ille,
3336 5390 3419 5438 se,

1851 5474 1947 5520 aut
1982 5467 2154 5521 multo
2204 5466 2591 5536 sapientiorem
2626 5480 2770 5531 esse,
2802 5453 2911 5520 suo
2928 5463 3155 5533 judicio,
3181 5461 3422 5534 Spiritus

1852 5559 2031 5615 sancti
2084 5558 2281 5630 gratia,
2322 5571 2426 5613 nec
2470 5556 2756 5612 admittere
2778 5555 3079 5625 profectam
3127 5555 3254 5611 inde
3281 5544 3421 5629 legis

247 5728 289 5759 ⁸⁷
327 5724 484 5782 Joan.
522 5742 575 5791 ι,
614 5724 701 5781 14.
779 5722 822 5756 ⁸⁸
859 5720 995 5775 Mala
1031 5719 1085 5775 h.
1122 5734 1217 5787 ιιι,
1253 5717 1306 5773 6.
1383 5716 1427 5748 δ’
1468 5713 1487 5767 ι
1522 5712 1665 5769 Tim.
1706 5728 1753 5768 u;

1855 5713 1928 5770 ιο.
2007 5714 2050 5746 ⁸⁸
2092 5711 2257 5769 Hebr.
2295 5729 2369 5780 ιι,
2408 5711 2495 5771 ισ.
2571 5712 2613 5744 ³⁹
2652 5707 2887 5782 Philipp.
2926 5726 3003 5779 ιι,
3041 5709 3109 5776 6,
3148 5712 3201 5767 Ἰ.
