3842 6186
418 247 557 306 1547

1578 250 1636 307 S.
1678 245 2142 304 ATHANASIUS.
2183 277 2252 288 -—
2295 245 2521 303 DUBIA.

3576 240 3705 302 £353

418 361 780 430 sanctionem,
830 376 953 432 quae
989 367 1071 416 tot
1104 361 1302 428 sacris,
1344 378 1466 434 qua:
1503 366 1667 437 paulo
1692 372 1819 419 ante
1848 378 1997 418 com-

2107 360 2263 431 σὰρξ,
2304 378 2322 411 ι
2374 360 2469 414 τοῦ
2531 358 2764 432 Μορφὴν
2791 359 2979 414 δούλου
3037 359 3244 414 λαϐεῖν.
3307 359 3444 415 Ἀλλ’
3503 358 3712 429 ἄπαγε,

418 462 735 510 memorata
791 461 942 516 sunt,
971 455 1219 520 vocibus,
1250 456 1402 511 verbi
1443 458 1606 513 nobis
1641 457 1754 511 vim
1788 455 1997 526 liquido

417 546 692 617 explanat,
719 554 813 600 aut
857 547 1117 602 audacter
1157 548 1361 602 bellum
1402 550 1574 604 sacris
1598 546 1843 604 oraculis
1875 563 1998 601 mo-

418 652 569 701 vere,
630 646 685 693 et
734 637 985 708 dogmata
1035 647 1246 704 sancta,
1279 647 1338 693 ut
1369 641 1474 694 sibi
1528 640 1662 708 ipsis
1713 639 1996 710 opposita,

421 728 792 784 condemnare
824 748 838 784 :
867 729 919 783 si
953 728 1116 783 modo
1148 729 1294 783 dicta
1326 730 1434 783 ista
1459 730 1602 784 inter
1621 744 1681 783 se
1713 734 1995 799 pugnant:

425 838 447 872 ι
486 819 630 875 Caro
656 820 860 874 factum
909 829 1015 885 est,
1076 840 1096 871 ι
1125 826 1199 885 et,
1247 839 1265 872 ι
1306 820 1558 874 Formam
1594 820 1737 874 servi
1780 834 1998 874 assum-

419 912 551 982 psit.
575 932 593 964 ι
616 910 721 967 Sed
748 927 917 982 apage
944 928 1199 983 perverse
1231 913 1413 967 homo.
1436 911 1546 967 Nec
1584 913 1731 966 enim
1756 918 2002 965 mutatur

420 1002 703 1063 divin-itas.
735 1019 834 1058 nec
864 1019 1049 1059 secum
1108 1012 1314 1074 pugnat
1342 1002 1625 1075 Scriptura
1667 1017 1843 1057 sacra.
1878 1001 2003 1055 llaec

418 1097 569 1151 enim
625 1094 856 1150 auditori
916 1095 1168 1149 veritatis
1212 1096 1411 1165 cupido
1442 1096 1791 1164 semetipsam
1835 1094 2004 1147 inter-

419 1193 673 1258 pretatur
706 1201 719 1237 :
758 1192 907 1240 recte
950 1186 1178 1255 intelligi
1222 1184 1379 1239 facile
1413 1194 1611 1255 potest,
1646 1185 1860 1253 sibique
1895 1182 2001 1252 ipsi

420 1278 719 1334 consentit.
755 1274 908 1330 Hanc
931 1277 1117 1345 itaque
1145 1277 1288 1347 piam
1333 1278 1681 1335 sententiam.
1708 1276 1874 1330 divini
1903 1290 2004 1328 no-

420 1371 509 1426 bis
562 1371 687 1424 libri
738 1370 1105 1423 tradiderunt.
1139 1368 1254 1424 Vox
1316 1378 1496 1424 autem
1535 1389 1551 1418 ι
1587 1368 1813 1423 Factum
1837 1377 1943 1430 est,
1980 1387 1999 1420 ι

422 1460 547 1515 ideo
577 1461 777 1530 scripta
798 1468 918 1523 est,
952 1476 1060 1514 non
1098 1471 1154 1514 ιιι
1176 1459 1340 1514 Verbi
1379 1461 1548 1514 divini
1584 1460 2001 1516 conversionem

423 1553 814 1622 cogitaremus,
880 1551 973 1607 sed
1006 1559 1063 1604 ut
1099 1567 1367 1607 summam
1392 1553 1471 1607 sic
1506 1552 1762 1606 unionem
1803 1566 2005 1620 cogno—

423 1661 704 1711 sceremus
728 1686 743 1709 ,
771 1645 1211 1714 quandoquidem
1243 1654 1297 1699 et
1326 1652 1609 1715 peccatum
1640 1660 1747 1699 non
1783 1644 2003 1713 quidem

2104 451 2332 505 δείλαιε·
2357 450 2481 505 οὔτε
2514 451 2575 506 τὸ
2610 452 2754 505 θεῖον
2806 453 3087 524 τρέπεται,
3120 451 3245 507 οὔτε
3278 455 3312 524 ἡ
3347 453 3482 520 ἁγία
3515 452 3713 527 Γραφῂ

2107 544 2243 615 πρὸς
2267 543 2465 614 ἑαυτὴν
2491 536 2836 615 διαμάχεται,
2858 546 3237 618 ὲρμηνεύουσα
3258 550 3373 610 τοῖς
3394 547 3711 618 φιλαλήθως

2106 634 2396 688 ἀκούουσιν
2421 651 2436 665 ο
2479 634 2884 707 εὐπαρὰδεκτός
2934 639 3082 691 ἐστιν
3109 638 3207 708 ὅλη
3251 640 3347 692 καὶ
3391 638 3708 709 σύμφωνος.

2108 726 2219 795 Τὴν
2255 726 2354 796 μὲν
2405 720 2500 779 οῦν
2532 725 2731 797 εὐσεϐῆ
2778 726 3016 781 διάνοιαν
3038 728 3242 799 ταύτην
3267 732 3404 800 ἡμῖν
3447 730 3510 782 αἱ
3569 729 3711 782 θεῖαι

2108 816 2295 870 Βίϐλοι
2328 816 2684 888 παραδιδόασι
2704 834 2717 846 ⁸
2750 818 2813 871 τὸ
2835 817 2913 884 δὲ,
2944 837 2964 869 ι
3010 819 3277 889 Ἐγένετο,
3317 840 3335 871 ι
3367 822 3707 892 γέγραπται,

2108 909 2206 979 οὐχ
2240 909 2328 962 ἵνα
2355 908 2450 961 τοῦ
2483 908 2618 962 Θεοῦ
2678 909 2854 976 Λόγου
2892 909 3111 981 ,τροπὴν
3163 911 3536 982 ἐννοήσωμεν,
3589 912 3709 965 ἀλλ’

2111 999 2197 1053 ἵνα
2229 999 2328 1069 τὴν
2383 1000 2561 1068 ἄκραν
2614 1000 2807 1053 ἕνωσιν
2865 1000 3009 1054 οὕτω
3068 1004 3536 1073 κατανοήσωμεν’
3589 1007 3710 1058 ἐπεὶ

2109 1092 2385 1163 ἁμαρτίαν
2414 1093 2475 1146 οὐ
2506 1092 2723 1161 λέγεται
2756 1093 3139 1163 πεποιηκέναι,
3175 1093 3311 1148 ἀλλὰ
3343 1096 3702 1166 πεποιῆσθαι·

2115 1201 2134 1234 ι
2163 1184 2267 1237 Τὸν
2298 1183 2407 1256 γάρ
2468 1185 2542 1255 μὴ
2595 1185 2827 1253 γνόντα,
2860 1204 2880 1236 ο
2917 1187 3103 1258 φησὶν,
3162 1206 3182 1238 ι
3219 1188 3520 1258 ἁμαρτίαν,
3567 1190 3708 1260 ὑπὲρ

2109 1275 2268 1346 ἡμῶν
2315 1276 2587 1349 ἁμαρτίαν
2627 1277 2982 1347 ὲποίησεν,,ι
3014 1280 3075 1331 οὐ
3133 1279 3211 1350 τῷ
3270 1280 3710 1352 μεταποιηθῆναι

2109 1368 2200 1420 τὸν
2247 1369 2419 1436 Λόγον
2460 1371 2539 1431 είς
2591 1369 2867 1440 ἁμαρτίας
2924 1369 3230 1441 ἐνέργημα,
3273 1372 3307 1444 ἢ
3344 1373 3710 1443 πεποιηκέναι

2111 1461 2386 1531 ἁμαρτίαν
2411 1480 2424 1491 ·
2473 1461 2608 1514 ἀλλὰ
2634 1460 2710 1530 τῷ
2744 1459 2929 1513 λαϐεῖν
2958 1462 3059 1532 τὴν
3100 1462 3376 1534 ἡμετέραν
3405 1463 3710 1534 ἁμαρτίαν,

2111 1559 2205 1611 καὶ
2249 1555 2511 1625 ἀφανίσαι
2555 1556 2749 1626 αὐτὴν,
2778 1554 2921 1608 κατὰ
2941 1555 3003 1607 τὸ
3027 1557 3415 1627 γεγραμμένον
3438 1575 3452 1587 -
3485 1575 3507 1608 ς
3536 1556 3713 1620 Αὐτὸς

2110 1649 2211 1712 τὰς
2257 1648 2532 1718 ἁμαρτίας
2582 1646 2741 1717 ἡμῶν
2788 1647 2956 1717 αἴρει.
3004 1666 3024 1699 ›
3060 1648 3272 1720 Ὥσπερ
3331 1644 3426 1702 οὖν
3461 1648 3716 1721 ἁμαρτία

422 1736 643 1801 fecisse,
675 1737 768 1790 sed
798 1736 978 1792 factus
1007 1736 1177 1791 fuisse
1206 1737 1449 1792 dicitur:
1486 1757 1503 1788 ι
1543 1737 1677 1792 Ευηι
1710 1742 1878 1808 enim,
1912 1741 2001 1810 qui

2113 1741 2405 1810 πεποίηται
2432 1737 2526 1791 καὶ
2553 1737 2769 1810 κατάρα
2799 1738 3120 1819 γέγονεν,οὐ
3147 1739 3226 1810 τῷ
3251 1745 3708 1813 μετατραπῆναι-

423 1844 534 1882 non
593 1829 744 1881 novit
778 1838 1087 1897 peccatum,
1128 1846 1147 1879 ι
1188 1828 1262 1879 ait
1297 1826 1609 1897 Scriptura,
1642 1848 1660 1880 ι
1703 1845 1803 1900 pro
1847 1830 2006 1885 nobis

423 1925 706 1988 peccatum
746 1916 873 1972 fecit
901 1920 982 1983 δίς
1023 1937 1040 1969 ι
1081 1932 1189 1971 non
1214 1918 1360 1987 quod
1399 1918 1637 1973 Verbum
1669 1924 1752 1974 vel
1786 1920 1841 1974 in
1878 1935 2006 1990 pec-

422 2010 530 2065 cati
580 2011 952 2081 operationem
998 2007 1164 2064 l'uerit
1213 2024 1565 2073 conversum,
1591 2010 1676 2065 vel
1720 2020 2005 2080 peccatum

423 2100 651 2166 fecerit,
684 2102 777 2155 sed
811 2102 955 2171 quod
986 2111 1171 2154 nostra
1196 2110 1416 2171 peccata
1434 2102 1751 2172 sumpserit,
1782 2102 2005 2156 eadem-

423 2210 534 2265 que
583 2195 906 2247 sustulerit:
937 2193 1093 2262 juxta
1150 2193 1285 2247 illud
1316 2212 1328 2246 :
1362 2212 1382 2244 ‹
1418 2193 1537 2264 Ipse
1597 2194 1743 2248 enim
1778 2200 2003 2263 peccata

422 2293 611 2340 nostra
646 2285 786 2338 tollit
808 2284 876 2339 ⁸³.
908 2303 927 2337 ι
951 2283 1421 2351 Quemadmodum
1455 2285 1622 2356 igitur
1645 2295 1926 2355 peccatum
1951 2293 2004 2339 et

422 2378 775 2433 maledictum
836 2375 1013 2431 factus
1067 2384 1174 2441 est,
1229 2377 1350 2431 sine
1395 2385 1578 2431 tamen
1609 2375 1999 2431 conversione:

422 2470 501 2524 ita
536 2477 591 2525 et
619 2485 750 2523 caro
780 2468 956 2524 factus
980 2477 1084 2533 est,
1125 2484 1236 2522 non
1284 2468 1341 2522 in
1393 2482 1616 2522 carnem
1677 2482 1999 2530 conversus,

424 2561 523 2618 sed
559 2561 638 2615 illi
684 2562 890 2616 unitus.
924 2562 1099 2629 Atque
1141 2560 1270 2613 hinc
1300 2566 1384 2614 est
1413 2559 1557 2629 quod
1588 2558 1753 2613 homo
1786 2573 2005 2629 quoque

423 2669 521 2724 per
545 2654 703 2709 [idem
753 2665 805 2707 et
830 2653 1061 2724 gratiam
1096 2651 1205 2707 Deo
1231 2653 1672 2723 conglutinatus,
1705 2669 1849 2709 unus
1889 2653 2004 2724 Spi-

423 2746 565 2800 ritus
612 2745 845 2799 dicatur.
896 2763 915 2795 ι
948 2745 1052 2811 Qui
1102 2745 1342 2800 adhaeret
1398 2744 1658 2813 Domino,
1708 2746 1804 2810 ait,
1860 2761 2003 2801 unus

424 2838 652 2907 spiritus
684 2845 767 2893 est
803 2839 886 2892 ’δε
918 2857 937 2889 ι
958 2853 1064 2893 non
1088 2837 1235 2909 quod
1266 2840 1428 2893 homo
1473 2839 1528 2892 in
1570 2839 1790 2893 deitatis
1838 2847 2001 2893 natu-

423 2936 543 2984 ram
568 2946 870 2987 conversus
901 2932 993 2998 sit,
1045 2929 1142 2986 sed
1173 2931 1319 3002 quod
1365 2931 1641 3001 ejusmodi
1683 2931 2003 3000 eonjunctio

425 3022 759 3092 spiritualem
832 3023 1152 3095 dignitatem
1227 3023 1332 3093 ipsi
1403 3025 1627 3078 tribuat.
1713 3023 1999 3079 Consimili

2112 1832 2255 1886 οὓτω
2285 1832 2381 1884 καὶ
2416 1829 2552 1901 σὰρξ
2573 1831 2809 1899 ἐγένετο,
2844 1831 2944 1883 οὐκ
2968 1832 3051 1893 είς
3081 1831 3289 1902 ταύτην
3321 1832 3709 1903 μεταϐληθεὶς,

2110 1922 2284 1993 ταύτῃ
2311 1922 2367 1974 δὲ
2396 1921 2641 1985 ὲνωθείς.
2690 1921 2969 1975 Ἐντεῦθεν
3003 1922 3098 1975 καὶ
3128 1922 3438 1994 ἄνθρωπος,
3477 1925 3600 1997 Θεῷ
3626 1926 3714 1980 διὰ

2113 2014 2347 2077 πίστεως
2379 2013 2662 2084 κολληθεὶς
2688 2015 2783 2068 καὶ
2819 2015 3060 2086 χάριτος,
3090 2014 3149 2068 ἓν
3196 2015 3419 2084 λέγεται
3453 2018 3710 2090 πνεῦμα·

2117 2121 2138 2153 ‹
2184 2105 2243 2159 Ὀ
2297 2103 2636 2174 κολλώμενος
2669 2104 2746 2176 τῷ
2801 2106 3014 2177 Κυρίῳ,
3049 2125 3068 2158 ι
3104 2107 3304 2178 φησὶν,
3328 2125 3348 2159 ι
3390 2107 3451 2161 ἓν
3491 2109 3717 2181 πνεῦμά

2112 2198 2280 2249 ἐστιν’
2329 2214 2349 2247 ι
2384 2196 2481 2265 οὐχ
2508 2195 2582 2259 ὡς
2614 2195 2709 2249 τοῦ
2736 2196 3025 2269 ἀνθρώπου
3065 2200 3146 2262 είς
3188 2200 3289 2271 τὴν
3326 2201 3427 2271 τῆς
3454 2201 3714 2274 θεότητος

2113 2287 2278 2356 φύσιν
2338 2287 2813 2359 μεταϐαλλομένου
2835 2304 2846 2317 ·
2886 2289 3001 2342 ἁλλ’
3030 2290 3105 2354 ὡς
3136 2292 3236 2362 τῆς
3268 2293 3529 2365 τοιαύτης
3588 2312 3715 2349 συν-

2113 2379 2313 2448 αφείας
2326 2380 2424 2451 τὴν
2457 2380 2833 2451 πνευματικὴν
2849 2380 3005 2445 ἀξίαν
3024 2382 3171 2453 αὐτῷ
3199 2383 3577 2455 δωρουμένης.
3610 2387 3714 2439 Τὸν

2109 2471 2272 2523 αὐτὸν
2296 2470 2354 2523 δὲ
2418 2471 2623 2541 τρόπον
2680 2473 2775 2525 καὶ
2820 2474 2849 2525 ὁ
2878 2473 3070 2543 Λόγος,
3124 2475 3226 2528 οὐκ
3264 2476 3343 2539 εἰς
3380 2477 3591 2549 σαρκὸς
3626 2496 3715 2548 με·

2107 2563 2274 2633 τέστη
2308 2561 2490 2632 φύσιν,
2527 2563 2642 2617 ἀλλ’
2682 2564 2905 2630 ὲνωθεὶς
2951 2568 3137 2636 σαρκὶ,
3191 2567 3330 2639 σὰρξ
3361 2569 3589 2638 λέγεται
3623 2588 3716 2639 γε·

2108 2654 2324 2723 γονέναι
2345 2672 2358 2685 ·
2383 2656 2563 2720 καθὼς
2586 2656 2987 2729 καὶᾶνθρωπος
3018 2658 3302 2728 κολληοεὶς
3335 2660 3457 2731 Θεῷ
3492 2661 3714 2732 πνεῦμα

2106 2748 2324 2818 λέγεται
2354 2745 2516 2814 εἶναι,
2559 2749 2633 2823 μὴ
2667 2749 2765 2821 τὴν
2801 2750 3009 2804 οἰκείαν
3033 2752 3222 2805 οὐσίαν
3256 2752 3577 2817 ἀποϐαλὼν,
3614 2753 3713 2824 τὴν

2108 2840 2395 2893 κοινωνίαν
2424 2840 2482 2894 δὲ
2526 2839 2871 2911 προσλαϐών.
2912 2839 3072 2893 ’Δλλᾰ
3111 2841 3165 2893 τί
3191 2840 3251 2893 τὸ
3283 2842 3447 2910 σοφὸν
3481 2843 3594 2897 τῶν
3622 2844 3713 2897 ἀν-

2107 2928 2463 2997 τιλεγόντων;
2505 2930 2757 3000 Ἔμεινεν
2804 2928 2833 2981 ὃ
2858 2924 2927 3001 ἦν
2948 2946 2962 2960 ·
2999 2928 3218 2997 ἐγένετο
3238 2929 3266 2982 ὃ
3299 2931 3402 2983 οὐκ
3447 2927 3519 3003 ἧν
3540 2949 3555 2962 ο
3594 2934 3711 3003 ὲμεο

2110 3021 2269 3094 ρίσθη
2306 3024 2338 3092 ἡ
2373 3021 2669 3093 ἀμέριστος
2695 3021 2877 3092 φύσις,
2909 3022 3004 3075 καὶ¹
3055 3021 3115 3075 τὸ
3148 3023 3247 3093 μὲν
3291 3023 3463 3095 αὐτῆς
3504 3024 3713 3096 ἔμεινε,

422 3114 609 3178 modo,
672 3131 691 3165 ι
745 3111 984 3169 Verbum
1037 3130 1168 3170 caro
1222 3115 1425 3169 factum
1469 3136 1487 3169 ι
1522 3117 1747 3181 dicitur,
1791 3133 1899 3171 non
1952 3117 2001 3170 in

2108 3115 2171 3169 τὸ
2193 3115 2250 3169 δὲ
2266 3113 2665 3186 μεταϐέϐληται
2688 3132 2701 3145 ·
2736 3114 2857 3186 ἢτὸ
2888 3116 2997 3169 πᾶν
3035 3114 3459 3185 μεταϐέϐληται,
3496 3117 3531 3185 ἢ
3568 3118 3710 3171 κατὰ

424 3207 609 3262 carnis
658 3217 911 3261 naturam
969 3222 1321 3272 conversum,
1381 3209 1499 3273 sed_
1531 3210 1686 3264 carni
1751 3211 2000 3265 unitum:

422 3296 883 3364 quemadmoJum
931 3297 1096 3352 homo
1156 3315 1374 3371 quoque
1405 3299 1517 3355 Deo
1549 3302 1838 3371 copulatus
1877 3300 2003 3372 Spi-

422 3388 563 3443 ritus
584 3404 706 3444 esse
740 3389 962 3453 dicitur,
1018 3406 1130 3445 non
1153 3393 1302 3461 quod
1348 3394 1716 3448 substantiam
1759 3394 2006 3448 amiserit

422 3480 722 3549 propriam,
746 3479 840 3535 sed
873 3479 1015 3549 quod
1053 3480 1105 3533 in
1150 3479 1390 3552 Spiritus
1427 3484 1868 3539 communionem
1907 3500 2003 3541 ve-

422 3569 586 3621 nerit.
611 3567 741 3634 Quae
768 3578 897 3623 sunt
927 3568 1367 3627 adversariorum
1401 3575 1669 3644 argutia?
1695 3576 1853 3642 Quod
1886 3585 2005 3632 erat

422 3657 647 3722 mansit,
671 3658 812 3727 quod
845 3674 955 3711 non
1007 3669 1127 3714 erat
1161 3659 1337 3717 factus
1365 3672 1468 3718 est.
1506 3663 1670 3734 Igitur
1704 3674 1798 3719 aut
1827 3666 2003 3723 divisa

421 3755 510 3801 est
568 3760 759 3801 natura
813 3748 1111 3813 individua,
1147 3758 1200 3805 et
1227 3767 1354 3821 pars
1378 3753 1597 3822 quidem
1629 3769 1736 3808 una
1767 3757 2001 3821 mansit,

425 3838 597 3892 altera
653 3850 862 3892 mutata
915 3858 1028 3907 est;
1082 3849 1176 3896 aut
1228 3850 1401 3897 totum
1451 3853 1720 3898 mutatum
1756 3857 1871 3910 est,
1912 3858 2005 3902 aut

424 3929 607 3998 specie
664 3928 866 3984 factum
907 3941 1012 3995 est,
1038 3943 1132 3986 aut
1170 3934 1278 3987 dici
1310 3935 1403 3987 illa
1425 3936 1646 4005 quidem
1676 3938 1894 4003 debent,
1927 3940 2007 3994 itt—

423 4021 593 4087 telligi
640 4036 749 4075 non
805 4022 1022 4076 debent.
1060 4024 1194 4089 Quis
1228 4024 1394 4095 igitur
1435 4026 1587 4081 verbi
1622 4028 1758 4081 nihil
1791 4029 2002 4099 signiﬁ-

422 4115 603 4168 cantis
649 4115 819 4169 usus?
853 4114 1053 4170 Verum
1101 4124 1158 4169 ut
1183 4117 1252 4171 ab
1292 4119 1448 4172 initio
1494 4121 1753 4174 traditum
1778 4128 1883 4183 est,
1922 4120 2005 4175 (ir-

422 4219 572 4259 mum
593 4214 697 4270 est,
715 4217 764 4261 et
784 4210 927 4277 quod
953 4210 1157 4262 dictum
1179 4219 1279 4273 est,
1296 4218 1349 4265 et
1366 4212 1508 4281 quoal
1530 4212 1682 4267 velut
1704 4213 2002 4268 obscurum

423 4294 551 4350 inde
583 4302 954 4369 consequitur.
978 4299 1182 4369 Estque
1216 4303 1596 4372 interpretatio
1625 4305 1920 4374 perspicua
1948 4313 2003 4360 et

423 4388 695 4442 sententia
737 4391 844 4459 pia,
875 4399 929 4444 et
967 4393 1112 4461 quod
1146 4391 1262 4446 ﬁeri
1310 4410 1418 4448 non
1461 4402 1660 4465 potest,
1695 4396 1999 4468 expugnari

422 4493 532 4531 non
564 4489 761 4548 potest.
793 4480 935 4536 Nihil
958 4483 1047 4537 hic
1092 4483 1375 4552 indecens,
1426 4501 1527 4540 nec
1556 4488 1858 4542 contradici
1897 4489 2003 4545 [ide

424 4570 747 4642 dignissimo
768 4576 1123 4644 plurimorum
1146 4586 1447 4651 martyrum
1468 4582 1780 4637 testimonio
1797 4592 1998 4654 potest.

427 4661 590 4717 Salva
628 4674 812 4720 manet
840 4673 893 4720 et
926 4666 1228 4725 divinitatis
1263 4670 1700 4740 immutabilitas,
1726 4687 1779 4731 et
1809 4678 1997 4746 passio

424 4757 637 4826 templi,
661 4767 720 4811 ut
742 4768 972 4821 vocant,
1021 4774 1131 4814 non
1163 4776 1293 4818 vero
1336 4766 1660 4821 suscitantis
1704 4769 1843 4824 illud
1878 4771 1994 4827 Dei.

424 4846 565 4913 Quid
599 4848 745 4918 quod
772 4850 1070 4905 secundum
1093 4854 1251 4921 istos,
1283 4870 1354 4910 ne
1386 4865 1559 4912 mater
1583 4859 1803 4929 quidem
1833 4860 2000 4919 fuerit

420 4937 610 5011 Virgo.
644 4941 699 4996 Si
724 4946 868 4997 enim
897 4941 1139 5000 Verbum
1178 4947 1420 5017 seipsum
1450 4948 1581 5004 fecit
1611 4967 1855 5017 carnem,
1885 4969 1998 5010 non

421 5050 488 5089 ex
512 5035 603 5088 illa
636 5051 858 5091 carnem
904 5040 1234 5095 assumendo
1281 5043 1502 5112 prodiit.
1535 5042 1822 5110 Quomodo
1843 5048 1992 5105 enim

420 5133 618 5189 mater,
666 5126 825 5194 cujus
869 5128 1015 5198 quod
1059 5138 1248 5185 natum
1282 5140 1388 5197 est,
1432 5133 1570 5188 nihil
1603 5150 1790 5190 secum
1830 5137 1997 5210 496

420 5211 607 5267 :zﬂ‘ert?
664 5215 949 5282 Quomodo
1001 5230 1192 5288 partus
1260 5220 1475 5277 dicatur
1547 5232 1843 5281 extraneus
1906 5228 1998 5282 ille

334 5338 339 5341 ς
421 5306 577 5374 quasi
629 5323 725 5377 per
756 5311 1000 5364 canalem
1052 5311 1354 5369 transitus?
1392 5314 1510 5370 Non
1544 5316 1711 5387 igitur
1744 5317 1993 5382 Matrem,

421 5398 515 5453 sed
563 5416 660 5456 vas
693 5399 903 5458 faciunt
931 5403 1210 5476 Virginem
1265 5421 1531 5478 sanctam.
1582 5409 1726 5476 Quin
1766 5426 1835 5466 ne
1889 5410 1995 5466 hoc

419 5492 637 5559 quidem
668 5495 1026 5564 perspiciunt,
1049 5512 1109 5554 se
1133 5498 1340 5554 dictum
1370 5500 1524 5568 illud,
1554 5520 1573 5554 ι
1598 5500 1838 5559 Verbum
1860 5517 1992 5559 caro

2107 3208 2328 3279 δόκησιν
2371 3207 2627 3277 γέγονεν,
2677 3207 2711 3277 ἢ
2756 3207 3013 3277 λέγεσθαι
3071 3207 3170 3278 μὲν
3235 3205 3442 3274 ὀφείλει
3500 3208 3707 3273 ἁπλῶς,

2107 3300 2343 3355 νοεῖσθαι
2377 3300 2435 3353 δὲ
2473 3300 2571 3371 οὐχ
2609 3298 2860 3370 ἁρμόζει.
2894 3300 3005 3352 Καὶ
3026 3300 3109 3362 τίς
3138 3298 3299 3370 χρεία
3323 3299 3501 3367 Λόγου
3543 3302 3708 3372 μηδὲν

2108 3390 2498 3462 σημαίνοντος;
2544 3389 2684 3443 Ἀλλ’
2736 3389 2813 3453 ὡς
2860 3390 2955 3443 ἀπ’
2983 3389 3160 3462 ἀρχῆς
3193 3389 3587 3460 παραδέδοται,
3622 3392 3713 3444 καὶ

2105 3483 2167 3536 τὸ
2199 3483 2489 3554 εἰρημένον
2520 3483 2756 3554 βέϐαιον,
2806 3484 2903 3537 καὶ
2946 3482 3008 3535 τὸ
3042 3483 3336 3549 ἀκόλουθον
3367 3485 3447 3551 ὡς
3493 3486 3711 3557 ἄδηλον,

2105 3577 2201 3629 καὶ
2226 3578 2259 3648 ὴ
2294 3576 2560 3648 ἑρμηνεία
2586 3577 2783 3647 σαφὴς,
2810 3576 2958 3648 καὶὴ
2996 3575 3206 3630 διάνοια
3244 3579 3501 3650 εὐσεϐὴς,
3532 3581 3628 3634 καὶ
3654 3581 3715 3634 τὸ

2105 3669 2364 3723 ἀδύνατον
2391 3670 2625 3739 ἄμαχον,
2664 3669 2759 3722 καὶ
2786 3667 2845 3720 τὸ
2877 3668 3157 3738 εὐπρεπὲς
3192 3671 3551 3742 συνυπάρχον
3574 3715 3589 3737 ,
3616 3673 3708 3726 καὶ

2105 3763 2166 3816 τὸ
2219 3762 2531 3827 ἀξιόπιστον
2578 3764 2644 3815 ὲκ
2693 3762 2907 3816 πολλῶν
2950 3763 3247 3835 μαρτύρων
3286 3765 3706 3837 ἀναντίρρητον,

2105 3855 2285 3907 καὶτὸ
2336 3853 2607 3926 ἄτρεπτον
2648 3854 2746 3925 τῆς
2786 3853 3038 3925 θεότητος
3072 3855 3291 3920 ἄσυλον,
3321 3861 3419 3910 καὶ
3454 3858 3517 3910 τὸ
3540 3860 3709 3922 πάθος

2102 3943 2199 3998 τοῦ
2252 3945 2548 4015 λεγομένου
2595 3943 2751 4007 ναοῦ,
2777 3945 2839 3997 οὐ
2875 3944 2969 3998 τοῦ
3009 3946 3326 4017 ἐγείραντος
3355 3947 3516 4001 τοῦτο
3548 3948 3705 4004 Θεοῦ.

2104 4035 2250 4107 Πρὸς
2293 4036 2504 4100 τούτοις
2538 4034 2659 4088 οὐδὲ
2712 4037 2746 4106 ή
2788 4035 3066 4107 Παρθένος
3094 4040 3293 4091 νοεῖται
3348 4040 3536 4111 μήτηρ
3569 4040 3711 4094 κατά

2103 4128 2194 4181 τὸν
2217 4128 2443 4181 ἐκείνων
2486 4128 2667 4197 λόγον.
2714 4128 2889 4201 Εἴπερ
2923 4130 3114 4182 ἑαυτὸν
3136 4132 3164 4183 ὁ
3192 4129 3365 4199 Λόγος
3399 4131 3584 4204 σάρκα
3612 4150 3709 4188 πε⁸

2105 4219 2354 4291 ποίηκεν,
2373 4219 2433 4272 οὐ
2469 4221 2647 4291 σάρκα
2672 4220 2852 4275 λαϐὼν
2888 4220 2949 4289 ἐξ
2981 4221 3153 4293 αὐτῆς
3182 4222 3543 4294 προελήλυθε.
3584 4223 3705 4284 Πῶς

2103 4310 2214 4383 γὰρ
2262 4313 2470 4385 μήτηρ,
2506 4307 2574 4384 ἦς
2611 4313 2762 4367 οὐδὲν
2792 4316 2853 4367 τὸ
2885 4314 3074 4386 τεχθὲν
3106 4314 3461 4385 ὲπιφέρεται;
3494 4315 3623 4381 Πῶς
3659 4316 3707 4369 δ’

2107 4403 2173 4458 ἂν
2221 4404 2316 4456 καὶ
2360 4404 2574 4477 λεχθείη
2606 4406 2826 4470 τοκετὸς
2876 4408 2910 4478 ἡ
2953 4407 3109 4479 δίκην
3161 4409 3402 4480 σωλῆνος
3439 4411 3705 4474 ἀνοίκειος

2110 4494 2381 4567 πάροδος-ς
2432 4498 2635 4562 Σκεῦος
2692 4494 2786 4553 οῦν
2843 4499 3108 4566 ποιοῦσιν,
3176 4501 3238 4553 οὐ
3317 4503 3560 4574 μητέρα,
3613 4502 3705 4572 τὴν

2107 4587 2270 4656 ἁγίαν
2312 4589 2606 4661 Παρθένον.
2650 4591 2761 4645 Καὶ
2795 4590 2915 4644 οὐδὲ
2942 4589 3102 4644 τοῦτο
3145 4590 3406 4645 δύνανται
3450 4594 3699 4652 συνιδεῖν,

2106 4680 2188 4733 ὅτι
2219 4680 2281 4733 τὸ
2308 4699 2326 4732 ι
2368 4681 2424 4735 Ὀ
2458 4682 2632 4759 Λόγος
2674 4681 2811 4754 σὰρξ
2849 4682 3066 4751 ἐγένετο
3102 4700 3122 4734 ι
3157 4683 3281 4737 καθ’
3331 4684 3549 4738 ἑαυτῶν
3574 4685 3702 4755 μᾶλ-

2107 4772 2197 4826 λον
2244 4774 2657 4846 προϐάλλονται.
2693 4779 2757 4833 Εί
2807 4780 2908 4850 μὲν
2957 4780 3067 4852 γὰρ
3105 4779 3264 4844 ἄλλος
3306 4780 3336 4833 ὁ
3377 4781 3580 4850 Λόγος,
3614 4783 3702 4835 καὶ

2098 4864 2230 4934 ⁸ἄλλο
2260 4864 2416 4938 σὰρξ,
2471 4867 2585 4933 δύο,
2643 4869 2740 4923 καὶ
2790 4870 2889 4942 οὐχ
2922 4870 2981 4925 ἓν
3005 4888 3018 4901 ο
3049 4873 3097 4924 εί
3134 4871 3193 4925 δὲ
3226 4870 3289 4924 τὸ
3322 4872 3511 4925 αὐτὺὸ
3534 4874 3698 4941 Λόγος

2102 4955 2197 5008 καὶ
2225 4956 2258 5027 ή
2288 4955 2448 5028 σὰρξ,
2484 4957 2548 5012 τό
2570 4976 2588 5010 ι
2615 4959 2864 5027 Ἐγένετο
2888 4979 2905 5011 ι
2941 4961 3179 5014 λέλυται.
3212 4962 3287 5015 Οὐ
3317 4961 3434 5032 γὰρ
3468 4964 3498 5016 ὀ
3530 4964 3699 5031 Λόγος

2100 5047 2274 5115 Λόγος
2297 5049 2515 5117 ἐγένετο
2532 5067 2545 5080 ·
2580 5052 2641 5105 τὸ
2660 5051 2718 5106 δὲ
2750 5054 2807 5105 ἐν
2840 5051 2918 5124 τῷ
2945 5052 3094 5123 αὑτῷ
3120 5051 3181 5106 ὃν
3213 5053 3342 5108 ἄλλο
3364 5071 3420 5108 τι
3443 5056 3548 5109 οὐκ
3584 5055 3699 5124 ἐγέ-

2099 5154 2240 5193 νετο.
2268 5142 2431 5194 ’Ὥστε
2460 5143 2673 5216 ἀνάγκη
2698 5143 2731 5216 ἦ
2765 5145 2827 5198 τὸ
2876 5164 2896 5197 ι
2946 5147 3192 5216 Ἐγένετο
3248 5166 3267 5200 ι
3293 5148 3694 5220 ἀνατραπῆναι,

2103 5228 2247 5299 ἦτὰς
2275 5231 2369 5285 δύο
2401 5232 2591 5302 φύσεις
2620 5236 3043 5309 ὁμολογηθῆναι.
3078 5239 3154 5293 Τὸ
3178 5239 3290 5312 γὰρ
3333 5259 3353 5292 ι
3391 5241 3643 5308 Ἐγένετο
3671 5258 3688 5290 ι

2102 5322 2243 5375 κατὰ
2296 5323 2357 5378 τὸ
2400 5324 2616 5396 ἀληθῶς
2650 5328 2978 5399 φαινόμενον
3022 5329 3234 5402 εἴρηται
3268 5329 3411 5402 πρὸς
3445 5331 3547 5403 τὴν
3590 5330 3691 5385 τῶν

2099 5413 2351 5486 ὁρώντων
2405 5417 2670 5490 ὑπόληψιν
2690 5459 2705 5484 ,
2753 5420 3093 5490 ἀγνοούντων
3134 5421 3230 5476 τὸν
3289 5422 3368 5496 μὴ
3415 5423 3690 5496 ὁρώμενον

2098 5504 2232 5560 Θεὸν
2281 5508 2455 5577 Λόγον
2506 5510 2650 5565 τότε.
2678 5512 2889 5583 Ὠσπερ
2923 5512 3018 5569 ἐάν
3049 5531 3136 5580 τις
3182 5515 3348 5589 εἴπῃ·
3397 5515 3464 5570 '0
3489 5511 3687 5592 ποιμὴν

490 5643 538 5676 ⁸³
587 5642 625 5696 ll
663 5645 792 5701 Cor.
825 5666 878 5713 v,
906 5650 1005 5708 οι.
1081 5652 1127 5683 ⁸³
1166 5650 1270 5709 lsa.
1309 5670 1441 5721 LIII,
1482 5654 1567 5712 lO.
1645 5656 1693 5690 "
1731 5610 1765 5713 1⁵
1789 5656 1913 5714 Cor.
1946 5672 2040 5726 γι,
2075 5658 2160 5713 17.
