3842 6186
124 197 270 255 1549
891 191 1471 262 CONFUTATIONES
1508 206 1949 275 QUARUMDAM
1987 204 2587 269 PROPOSITIONUM:
3260 214 3405 275 που

123 316 401 390 πρόϐατον
461 317 520 385 ἐξ
566 319 760 391 ἀνδρὸς
809 321 1246 394 μεταϐέϐληται·⁴
1279 326 1415 379 ἀλλὰ
1454 326 1679 397 καθάπει

1810 327 2015 383 factum
2040 338 2146 393 est,
2189 355 2207 383 ρ
2247 341 2439 386 contra
2475 334 2803 404 semetipsos
2837 344 3117 407 torquere.
3163 337 3219 395 Si
3250 343 3400 399 enim

122 408 401 481 πρόϐατον
435 409 495 475 ἐξ
539 411 734 482 ἀνδρὸς
765 412 980 482 ἀληθῶς
1003 415 1325 481 ἐνεδύσατο,
1376 419 1436 471 ού
1494 417 1679 488 φύσεω

1815 421 1963 476 aliud
2005 420 2262 487 Verbum,
2308 423 2458 478 aliud
2509 441 2673 481 caro:
2709 427 2820 483 duo
2860 439 3010 497 sunt,
3056 447 3166 488 non
3203 450 3401 497 unum.

119 500 339 572 ἀνάγκη
388 502 647 572 ἀκουσίῳ,
690 502 828 557 ἀλλὰ
855 506 1231 578 προαιρέσεως
1261 508 1457 580 γνώμῃ
1488 510 1580 562 καὶ
1612 511 1679 562 εύι

1817 509 1873 565 Si
1910 510 2147 566 Verbum
2187 523 2241 569 et
2272 528 2404 569 caro
2429 515 2572 569 idem
2597 527 2748 583 sunt,
2765 520 2976 574 corruit
3004 537 3106 576 vox
3131 541 3149 573 α
3173 522 3401 580 Factum

117 591 283 664 δοκίᾳ
315 593 494 665 μόνον.

1815 613 1922 661 est.
1964 625 1983 658 ι
2018 605 2204 677 Neque
2243 609 2391 663 enim
2446 608 2688 667 Verbum
2746 613 2952 669 factum
3005 626 3091 671 est
3134 615 3399 673 Verbum.

116 682 281 749 Quod
315 699 442 739 vero
492 701 662 740 unum
691 687 965 758 quoddam
985 698 1092 755 est,
1142 692 1289 746 aliud
1320 693 1452 764 quid
1483 710 1591 748 non
1616 704 1702 750 est
1732 694 1959 751 factum.
1994 695 2166 768 Igitur
2200 714 2429 756 necesse
2470 712 2556 756 est
2608 710 2669 757 ut
2727 706 2812 761 vel
2846 706 3007 769 illud,
3082 725 3102 759 ι
3168 707 3399 764 Factum

113 784 227 839 est,
266 794 286 826 ι
318 777 750 845 proscribamus,
782 781 866 836 vel
900 781 1039 838 duas
1068 797 1193 839 esse
1244 794 1473 841 naturas
1507 785 1860 845 alIirmemus.
1888 787 2229 846 Vocabulum
2268 791 2415 847 enim
2448 811 2467 844 ι
2496 792 2726 850 Factum
2786 810 2896 862 est,
2933 818 2952 851 ι
2997 799 3202 854 dicitur
3257 817 3397 871 qua-

115 871 285 920 tenus
314 871 810 939 reveraapparuit,
838 878 899 925 ut
968 873 1006 926 ii
1051 874 1146 943 qui
1217 875 1490 931 vidissent
1522 877 1792 933 certiores
1821 879 2041 947 tierent,
2090 880 2185 951 qui
2214 882 2427 939 scilicet
2471 891 2587 939 tum
2621 888 2890 958 temporis
2928 886 3099 944 Deum
3131 888 3396 954 Verbum,

113 958 269 1027 quod
296 960 519 1016 minime
538 962 849 1030 videbatur,
874 964 1211 1035 ignorarent.
1239 965 1311 1021 Ut
1333 969 1380 1023 si
1402 967 1528 1038 quis
1556 968 1755 1025 dixerit
1779 986 1793 1021 :
1824 969 2025 1027 Pastor
2077 971 2171 1029 ille
2231 972 2300 1029 de
2317 975 2438 1030 viro
2460 975 2518 1030 in
2547 991 2706 1032 ovem
2749 986 2993 1034 mutatus
3028 989 3133 1044 est,
3202 997 3399 1051 nempe

112 1063 393 1123 quatenus
419 1071 611 1112 revera
632 1071 789 1113 ovem
823 1058 1026 1125 induit,
1060 1076 1172 1115 non
1200 1063 1534 1118 necessitate
1567 1062 1808 1133 quadam
1871 1078 2085 1122 natura:
2145 1067 2520 1123 involuntaria
2548 1108 2565 1135 ,
2607 1069 2703 1125 sed
2740 1073 2978 1127 consilio
3009 1073 3279 1128 duntaxat
3341 1079 3400 1128 et

112 1157 317 1220 sponte
338 1166 463 1207 sua.

863 1267 959 1322 ιν.

110 1378 278 1447 Πρὸς
333 1379 475 1446 τοὺς
531 1380 823 1449 λέγοντας
867 1384 1017 1452 μίαν
1052 1384 1255 1453 ,φύσιν
1285 1385 1383 1438 ἐπὶ
1421 1386 1701 1453 Χριστοῦ.

187 1469 317 1532 Πῶς
342 1465 433 1524 οῦν
451 1470 689 1542 τολμῶσί
717 1490 880 1537 τινες,
916 1473 1058 1543 μετὰ
1094 1474 1156 1527 τὸ
1189 1474 1464 1546 δειχθῆναι
1489 1476 1581 1529 δύο
1614 1476 1704 1530 τὸν

107 1560 291 1628 Λόγον
314 1563 407 1615 καὶ
434 1562 532 1634 τὴν
556 1564 753 1634 σάρκα,
777 1565 883 1618 τῶν
913 1564 1007 1618 δύο
1042 1566 1255 1635 φύσεων
1290 1567 1571 1621 ἐκϐάλλειν
1604 1569 1702 1640 τὴν

2550 1269 2644 1325 IV.

1804 1381 2167 1437 Adversuseos
2188 1383 2277 1453 qui
2298 1400 2459 1437 unam
2476 1384 2528 1436 in
2554 1381 2769 1438 Christo
2791 1395 3040 1440 naturam
3058 1404 3172 1443 esse
3188 1390 3391 1448 dicunt.

1872 1472 2168 1544 Postquam
2200 1474 2366 1543 igitur
2402 1475 2512 1529 duo
2543 1491 2666 1530 esse
2701 1474 2941 1531 Verbum
2964 1486 3021 1532 et
3051 1494 3271 1535 cantem
3298 1483 3394 1553 de-

1802 1574 2171 1622 monstratum
2201 1572 2306 1630 est,
2352 1567 2486 1635 quid
2521 1576 2603 1623 est
2648 1584 2747 1622 cur
2776 1571 3006 1624 duarum
3049 1574 3395 1642 conjunctio-

111 1653 338 1707 σύνοδον
370 1671 385 1718 ;
420 1654 620 1720 πάσαις
678 1657 976 1728 μαχόμενοι
997 1659 1116 1720 ταῖς
1181 1657 1366 1725 ἁγίαις
1416 1659 1661 1730 Γραφαίς

1805 1677 1928 1716 nem
1962 1669 2282 1716 naturarum
2310 1660 2532 1731 quidam
2559 1660 2789 1729 rejicere
2825 1676 2934 1715 non
2972 1661 3270 1718 dubitant?
3296 1665 3392 1735 qui

108 1746 303 1799 πᾶσαν
332 1746 485 1819 ὓϐριν
532 1747 827 1817 ἐπάγοντες
871 1751 936 1820 τῇ
965 1749 1273 1821 ἀνυϐρίστῳ
1310 1750 1492 1819 φύσει,
1538 1755 1703 1807 παντὶ

109 1836 439 1904 φθονοῦντες
489 1836 568 1908 τῷ
620 1838 762 1907 γένει
797 1838 906 1892 τῶν
937 1838 1243 1912 ἀνθρώπων
1275 1842 1404 1913 περὶ
1432 1844 1531 1913 τῆς
1553 1842 1703 1907 Θείας

107 1928 604 2000 ἐνανθρωπήσεως’
656 1931 874 1985 ἃπασαν
901 1932 1239 2004 προφητείαν
1263 1933 1469 2004 ταύτης
1507 1932 1704 1987 ἐκϐάλ-

104 2019 319 2084 λουσιν,
358 2022 408 2073 oi
434 2021 494 2074 τὸ
517 2021 739 2077 διπλοῦν
766 2023 874 2077 τῶν
901 2023 1117 2093 φύσεων
1142 2024 1484 2090 ἀθετοῦντες.
1515 2027 1703 2081 Πάντα

104 2110 216 2162 ὅσα
268 2110 649 2183 ταπεινότερον
693 2111 911 2184 εἴρηται
961 2116 1028 2184 τῇ
1071 2113 1231 2183 φύσει
1283 2115 1549 2187 δεχόμενα
1600 2117 1703 2188 τῆς

105 2201 339 2272 σαρκὸς,
371 2206 528 2274 τηρεῖ
546 2203 640 2257 τοῦ
670 2204 842 2274 Λόγου
869 2203 967 2276 τὴν
990 2205 1147 2270 δόξαν
1168 2206 1424 2278 ἀκέραιον
1447 2224 1461 2237 ο
1495 2208 1701 2280 ταύτης

107 2294 539 2367 ἐκϐαλλομένης,
592 2295 808 2367 ἀνάγκη
862 2296 1043 2351 πάντα
1100 2299 1431 2371 συνδραμεῖν
1483 2300 1564 2364 είς
1609 2299 1701 2353 τὸν

104 2387 308 2458 Λόγονη
354 2390 513 2443 Πᾶσα
566 2393 679 2454 τοῖς
730 2389 1037 2462 ἀνθρώποις
1084 2391 1237 2457 ἐλπὶς
1274 2394 1368 2446 καὶ
1416 2395 1700 2465 παρρησία

103 2478 201 2535 διά
220 2479 324 2550 τῆς
345 2480 438 2533 τοῦ
468 2481 642 2550 Λόγου
672 2481 807 2553 πρὸς
824 2481 921 2554 τὴν
954 2483 1210 2555 ἀπαρχὴν
1235 2483 1394 2555 ήμῶν
1428 2483 1694 2550 ἐνὼσεως.

104 2574 174 2627 Oi
239 2573 299 2627 δὲ
340 2570 431 2627 τὸν
473 2574 644 2644 Λόγον
676 2575 977 2645 φάσκοντες
1012 2576 1091 2639 είς
1146 2576 1325 2648 σάρκα
1371 2576 1695 2648 τετράφθαι,

103 2665 169 2719 τὸ
204 2666 468 2739 καύχημα
501 2667 593 2721 τοῦ
625 2667 813 2737 γένους
869 2667 1164 2730 ἐκένωσαν,
1192 2669 1401 2733 καὶτὰς
1438 2668 1698 2743 λαμπρὰς

104 2755 269 2826 ἡμῶν
313 2757 533 2821 ἐλπίδας
578 2757 870 2821 ἀϐεϐαίους
902 2757 1205 2830 ἀπέφηναν.
1245 2758 1463 2813 Οὐκέτι
1499 2760 1697 2833 σεμνύ-

102 2866 258 2902 νεται
319 2848 586 2921 Ἀϐραὰμ,
633 2850 733 2902 οὐκ
773 2848 854 2902 ἔτι
904 2849 1197 2919 ἀγάλλεται
1242 2850 1443 2905 Δαϐίδ’
1479 2850 1695 2921 ψευδεῖς

104 2944 163 2995 αἰ
190 2941 329 3014 πρὸς
356 2941 518 2996 αὑτὸν
551 2941 899 3012 ὑποσχέσεις.
938 2941 1097 3014 εἴπερ
1121 2943 1221 2996 οὐκ
1252 2945 1316 2997 ἐκ
1347 2944 1561 3014 καρποῦ
1593 2946 1693 3015 τῆς

1804 1752 2006 1808 bellum
2066 1752 2372 1823 Scripturis
2421 1751 2628 1807 sanctis
2678 1752 2940 1813 inierunt,
2967 1760 3221 1808 naturam
3258 1757 3391 1812 nulli

1804 1843 2099 1898 obnoxiam
2163 1844 2379 1914 injuriae
2436 1843 2785 1898 contumeliis
2841 1843 3106 1909 aﬂiciunt,
3148 1846 3391 1901 divinam

1804 1934 2237 1990 incarnationem
2286 1935 2471 2004 generi
2518 1934 2801 1988 hominum
2828 1935 3083 1989 universo
3109 1936 3386 1992 invident‘:

1802 2036 2070 2098 respuunt
2123 2043 2343 2083 omnem
2395 2028 2463 2083 de
2510 2027 2599 2080 illa
2645 2026 2847 2081 editam
2888 2029 3260 2097 prophetiam,
3292 2028 3388 2099 qui

1801 2119 2032 2173 duarum
2064 2117 2324 2172 unionem
2354 2125 2669 2170 naturarum
2691 2114 3390 2187 dissolvunt.Quaacunque

1800 2209 2064 2265 humilius
2094 2210 2161 2264 de
2215 2208 2435 2264 Christo
2480 2207 2760 2272 dicuntur,
2797 2223 2860 2262 ea
2895 2209 3082 2263 carnis
3113 2210 3387 2280 applicata

1800 2311 2030 2365 naturae,
2062 2301 2266 2356 salvam
2313 2298 2480 2355 Verbi
2531 2300 2761 2370 gloriam
2816 2310 3181 2355 conservant:
3216 2315 3388 2356 carne

1801 2393 2036 2460 sublata,
2065 2394 2119 2447 in
2148 2390 2387 2447 Verbum
2409 2392 2592 2446 omnia
2636 2396 3239 2447 concurrant'necesse
3275 2399 3382 2448 est.

1799 2482 1990 2540 Omnis
2032 2486 2347 2540 hominibus
2371 2500 2496 2554 spes
2526 2492 2609 2539 est
2646 2495 2701 2539 et
2735 2484 2931 2563 ﬁducia
2961 2501 3025 2540 ex
3058 2483 3224 2540 Verbi
3255 2499 3383 2540 cum

1798 2573 2056 2644 primitiis
2090 2575 2295 2631 nostris
2346 2575 2568 2630 unione.
2605 2574 2709 2641 Qui
2749 2590 2879 2630 vero
2908 2576 3148 2632 Verbum
3189 2577 3383 2633 dicunt

1798 2666 1853 2721 in
1886 2682 2105 2721 carnem
2139 2682 2263 2722 esse
2294 2675 2585 2731 mutatum,
2627 2667 2701 2720 illi
2729 2675 2783 2722 et
2805 2668 3183 2738 gioriationem
3214 2685 3381 2740 gene-

1796 2759 1874 2813 ris
1900 2761 2076 2814 nostri
2108 2759 2174 2812 ad
2207 2759 2439 2814 nihilum
2464 2760 2811 2829 redegerunt,
2835 2767 2888 2813 et
2920 2763 3236 2829 praeclaram
3275 2776 3380 2816 no-

1797 2860 1964 2908 stram
1997 2868 2147 2922 spem
2183 2851 2539 2907 inﬁrmiorem
2582 2850 2958 2906 reddiderunt.
2985 2850 3105 2905 Non
3145 2852 3380 2922 amplius

1795 2941 2061 3013 gloriatur
2105 2941 2379 2995 Abraham
2413 2959 2425 2995 :
2461 2956 2571 2994 non
2616 2940 2851 3010 amplius
2887 2944 3123 2995 exsultat
3155 2940 3324 2997 David
3360 2959 3378 2997 :

102 3034 317 3099 κοιλίας
352 3033 517 3089 αὑτοῦ
548 3035 610 3089 τὸ
641 3035 784 3089 κατὰ
833 3035 1014 3108 σάρκα
1046 3037 1330 3091 ἀνίσταται
1358 3041 1387 3092 ό
1417 3039 1679 3110 Χριστόςι

1799 3032 2068 3103 promissa
2093 3032 2159 3086 ad
2180 3031 2330 3086 illutn
2364 3030 2505 3086 facta
2555 3030 2839 3085 mendacia
2863 3038 3047 3094 erunt,
3084 3032 3377 3101 siquidem

101 3126 222 3178 ἀλλ’
246 3128 274 3178 ὀ
304 3126 437 3190 Θεὸς
493 3127 686 3195 Λόγος,
740 3127 903 3191 αὐτὸς
938 3126 1128 3181 ἐαυτὸν
1201 3128 1380 3199 σάρκα
1438 3131 1689 3200 ποιήσας,

99 3216 203 3288 τὴν
246 3218 537 3290 ἐπιδημίαν
581 3217 889 3290 ἐχαρίσατο.
918 3216 1044 3281 Πῶς
1089 3213 1181 3272 οῦν
1205 3220 1306 3273 ούκ
1347 3220 1691 3291 αἰσχύνονται

100 3313 200 3364 καὶ
224 3312 467 3383 Γραφαῖς
494 3312 664 3376 θείαις
691 3313 1073 3384 πολεμοῦντες,
1101 3315 1195 3368 καὶ
1222 3314 1530 3386 ἀνθρώποις
1558 3314 1690 3385 φθο-

97 3400 342 3467 νοῦντες,
392 3403 486 3455 καὶ
525 3403 658 3457 Θεὸν
686 3404 762 3467 ὡς
791 3404 1030 3476 παθητὸν
1082 3404 1549 3476 βλασφημοῦντες,
1596 3406 1689 3459 καὶ

94 3495 316 3563 ψευδεῖς
347 3494 511 3549 αὐτοῦ
560 3497 892 3565 ἐπαγγελίας
933 3497 1262 3568 μηνύοντες,
1320 3497 1517 3568 μᾶλλον
1547 3498 1602 3551 δέ
1627 3498 1688 3551 ού

93 3588 315 3656 ψευδεῖς
347 3589 525 3659 μόνον,
561 3588 697 3642 ἀλλὰ
726 3589 818 3642 καὶ
848 3590 1133 3661 ἐπιορκίαν
1159 3590 1254 3643 τοῦ
1278 3591 1687 3661 ἁψευδοῦςΘεοῦ

95 3682 501 3751 καταχέοντες;
582 3700 601 3733 t
643 3682 848 3752 Ὠμοσε
900 3681 1049 3754 γὰρ,
1120 3683 1275 3754 φησὶ,
1334 3682 1538 3755 Κύριος
1610 3682 1689 3755 τῷ

95 3772 266 3825 Δαϐὶδ
292 3771 565 3842 ἀλήθειαν,
604 3772 698 3826 καὶ
727 3773 787 3825 ού
822 3771 898 3844 μὴ
929 3772 1186 3842 ἀθετήσει
1220 3774 1419 3844 αὑτήν⁸
1450 3772 1515 3826 ἐκ
1552 3789 1690 3843 καρ-

94 3865 205 3918 ποῦ
229 3866 327 3937 τῆς
345 3865 550 3929 κοιλίας
571 3864 737 3918 αὑτοῦ
766 3865 987 3919 καθίσαι
1014 3866 1107 3919 ἐπὶ
1127 3865 1221 3918 τοῦ
1246 3865 1434 3937 θρόνου
1462 3866 1646 3919 αὐτοῦ.
1662 3885 1680 3918 ι

92 3954 280 4025 Μηδὲν
304 3950 394 4009 οῦν
427 3957 491 4009 ἐκ
517 3954 619 4025 τῆς
663 3955 851 4019 οὐσίας
878 3953 973 4008 τοῦ
1006 3955 1170 4009 Δαϐὶδ
1211 3956 1525 4021 δεδωκότος,
1568 3957 1685 4011 ἀλλ’

91 4048 161 4098 ἐκ
194 4045 288 4098 τοῦ
322 4046 495 4114 Λόγου
521 4045 1002 4117 καινοτομηθείσης
1036 4046 1257 4118 σαρκὸς,
1281 4047 1376 4101 καὶ
1405 4048 1501 4118 μία
1524 4027 1687 4117 φύσις

90 4141 152 4191 ἐν
181 4137 259 4209 τῷ
285 4138 528 4209 Δεσπότῃ
569 4137 809 4209 Χριστῷ,
850 4140 945 4192 καὶ
972 4138 1054 4191 δεῖ
1094 4139 1310 4203 πάντως
1338 4139 1499 4192 αὑτὸν
1545 4144 1684 4194 νοεῖν

90 4229 127 4298 ἦ
155 4228 360 4301 Κύριον
393 4229 486 4284 τοῦ
517 4229 680 4282 Δαϐὶδ
706 4229 739 4301 ἢ
771 4229 916 4284 υἱόν’
948 4229 1016 4283 τὰ
1046 4231 1155 4302 γὰρ
1183 4230 1275 4284 δύο
1308 4232 1340 4302 ἡ
1383 4230 1483 4301 μία
1518 4230 1679 4299 φύσις

87 4322 194 4376 οὐκ
236 4320 556 4391 ἐπιδέχεται.
602 4320 665 4374 Et
715 4319 847 4385 Θεὸς
884 4320 1064 4391 μόνον.
1092 4321 1153 4373 οὐ
1184 4321 1385 4391 κυρίως
1422 4321 1582 4386 Υίός’
1618 4323 1678 4375 ού

87 4411 205 4483 γάρ
234 4413 409 4483 ἀρχὴν
424 4412 517 4464 τοῦ
543 4408 680 4465 εἶναι
705 4410 763 4479 ἐξ
780 4412 943 4465 αὑτοῦ
970 4411 1236 4483 λαμϐάνει
1257 4429 1272 4445 ο
1304 4412 1427 4466 ούδὲ
1448 4413 1673 4484 γνήσιος

85 4505 227 4570 υίὸς,
269 4506 299 4557 δ
363 4503 527 4575 μηδὲν
558 4504 697 4574 ἔχων
746 4505 811 4557 ἐκ
853 4504 953 4575 τῆς
1004 4504 1194 4568 οὐσίας
1236 4502 1330 4557 τοῦ
1375 4503 1671 4575 λεγομένου

92 4596 330 4666 πατρός.

1792 3120 2047 3179 Christus
2092 3127 2393 3179 secundum
2445 3138 2665 3179 carnem
2702 3123 2769 3178 de
2817 3124 2998 3178 fructu
3029 3127 3236 3179 ventris
3258 3125 3380 3194 ejus

1791 3234 1900 3273 non
1930 3228 2153 3274 exortus
2179 3225 2283 3274 est.
2317 3220 2385 3271 At
2400 3218 2545 3272 enim
2577 3216 2719 3272 Deus
2748 3215 2987 3271 Verbum
3023 3217 3379 3287 semetipsum

1791 3324 2012 3365 carnem
2068 3310 2274 3365 faciens
2334 3325 2435 3365 suo
2495 3325 2599 3365 nos
2644 3309 2882 3365 adventu
2954 3310 3215 3381 dignatus
3266 3317 3376 3365 est.

1792 3400 2081 3467 Quomodo
2124 3402 2290 3471 igitur
2334 3416 2446 3455 non
2475 3403 2641 3471 pudet
2674 3416 2770 3457 eos
2806 3409 2997 3456 contra
3029 3400 3375 3473 Scripturam

1791 3501 2037 3546 sanctam
2056 3492 2257 3547 bellum
2289 3492 2489 3557 facere,
2514 3493 2828 3547 hominibus
2847 3492 3111 3559 invidere,
3129 3495 3183 3547 in
3204 3493 3374 3548 Deum

1792 3591 1849 3635 ut
1882 3582 2197 3651 passibilem
2229 3582 2626 3652 blasphemare,
2648 3582 3043 3651 promissiones
3066 3582 3187 3651 ejus
3220 3597 3376 3637 men-

1789 3673 1932 3727 dacii
1987 3688 2218 3744 arguere
2250 3694 2263 3729 :
2300 3675 2409 3729 imo
2439 3690 2549 3729 non
2583 3676 2689 3730 hoc
2721 3682 2954 3737 tantum,
2981 3674 3077 3729 sed
3110 3682 3165 3729 et
3202 3673 3374 3729 Deum

1789 3765 1991 3836 ipsum,
2024 3767 2116 3835 qui
2148 3765 2367 3819 mentiri
2406 3766 2604 3831 nescit,
2635 3764 2860 3835 pcrjurii
2896 3763 3198 3819 accusare?
3223 3781 3242 3815 ι
3274 3763 3374 3818 Ju-

1787 3857 1930 3910 ravit
1993 3856 2162 3919 enim,
2242 3856 2452 3925 inquit,
2517 3854 2783 3910 Dominus
2835 3853 3006 3908 David
3059 3854 3371 3919 veritatem,

1786 3956 1840 4005 et
1897 3964 2008 4003 non
2068 3946 2423 4003 frustrabitur
2466 3964 2586 4003 eam
2616 3966 2631 4002 :
2664 3948 2731 4003 de
2780 3950 2963 4004 fructu
3004 3951 3215 4004 ventris
3247 3949 3370 4018 ejus

1788 4055 2071 4097 sessurum
2109 4055 2272 4109 super
2321 4040 2494 4109 ipsius
2526 4042 2725 4095 throno
2742 4043 2809 4096 ⁸³.
2841 4060 2861 4093 ι
2896 4040 3032 4096 Cum
3074 4056 3205 4111 ergo
3230 4040 3371 4095 nihil

1786 4131 2018 4186 carnide
2035 4130 2344 4185 substantia
2373 4145 2474 4186 sua
2501 4130 2666 4185 David
2682 4130 2913 4196 dederit,
2945 4131 3039 4186 sed
3074 4147 3141 4186 ex
3164 4129 3367 4194 Verbo,

1785 4238 1927 4278 novo
1970 4223 2207 4293 quodam
2259 4220 2423 4276 modo
2455 4221 2599 4276 facta
2642 4223 2735 4283 sit,
2781 4237 2889 4275 una
2944 4229 3139 4276 natura
3180 4228 3264 4277 est
3306 4222 3365 4277 in

1787 4312 2015 4370 Domino
2035 4314 2276 4378 Christo,
2303 4315 2395 4385 qui
2428 4314 2786 4368 nihilominus
2817 4321 2912 4368 aut
2970 4313 3237 4370 Dominus
3270 4322 3368 4369 aut

1784 4408 1925 4464 lilius
1955 4407 2177 4463 Davidis
2216 4408 2602 4479 intelligendus
2625 4416 2710 4463 est
2749 4427 2761 4462 :
2795 4407 2904 4463 duo
2927 4407 3070 4462 enim
3107 4408 3219 4470 illa,
3255 4423 3365 4462 una

1779 4499 2079 4570 eademque
2109 4507 2303 4553 natura
2325 4516 2432 4554 non
2457 4496 2715 4554 admittit.
2744 4497 2802 4553 Si
2833 4497 3225 4562 Deustantum,
3253 4514 3364 4552 non

1778 4595 2000 4664 pr0prie
2026 4591 2200 4648 Filius
2226 4610 2239 4648 :
2270 4594 2471 4664 quippe
2500 4592 2594 4663 qui
2634 4592 2901 4663 originem
2945 4592 3266 4647 substantiae
3294 4590 3364 4643 ab

84 4689 213 4758 ipso
272 4703 383 4743 non
423 4687 642 4743 trahit:
681 4702 783 4743 nec
835 4702 965 4744 vero
1016 4703 1307 4761 germanus
1363 4688 1530 4755 ﬁlius,
1588 4688 1685 4761 qui
1753 4689 1960 4742 nullam
2012 4687 2334 4743 substantiae
2359 4687 2480 4757 ejus
2523 4685 2619 4758 qui
2671 4697 2830 4757 pater
2877 4686 3083 4742 dicitur
3148 4691 3361 4756 partem

85 4779 276 4835 habet.

842 4868 910 4925 V.

83 4982 244 5053 IIch
270 4981 412 5047 τοὺς
780 4980 871 5053 ὅτι
900 4981 969 5053 τὸ
997 4982 1312 5053 ὁμολογεῖν
1336 4983 1529 5053 φύσιν
1549 4982 1666 5053 τὴν

122 5050 339 5118 σάρκα,
362 5051 615 5119 τετράδα
636 5052 810 5106 ἐστίν
835 5052 969 5106 ἀντὶ
1000 5050 1240 5122 Τξοιάδός
1263 5050 1596 5121 κηρύττειν.

154 5164 324 5217 Πάλιν
367 5163 467 5235 τὴν
502 5164 669 5237 αὐτὴν
700 5166 1037 5236 κακουργίαν
1082 5168 1139 5221 ἐν
1187 5167 1396 5239 ἐτέροις
1456 5168 1665 5239 ῥήμασι

82 5256 239 5328 παρὰ
294 5257 404 5310 τῶν
434 5259 693 5312 ἐναντίων
725 5258 1167 5331 προϐαλλομένην
1193 5258 1326 5329 ὁρῶ.
1364 5260 1511 5313 ’Λνω
1555 5258 1665 5332 γὰρ

79 5349 271 5414 ἁπλῶς
298 5351 567 5416 εἰπόντες,
584 5352 677 5406 δύο
689 5352 853 5416 Υίοὺς
874 5353 1114 5422 εἰσάγειν
1147 5355 1271 5416 τοὺς
1292 5354 1359 5407 ὲν·
1379 5354 1459 5406 ἐνὶ
1486 5354 1554 5407 τὰ
1570 5353 1663 5407 δύο

80 5442 357 5509 νοοῦντας,
382 5444 596 5517 μορφὴν
618 5444 753 5499 Θεοῦ
784 5446 879 5499 καὶ
913 5447 1123 5519 μορφὴν
1139 5446 1347 5512 δούλου,
1384 5445 1546 5503 πάλιν
1570 5448 1659 5502 ἐν·

156 5603 200 5634 ”
241 5601 385 5659 Psal.
424 5618 586 5657 cxxxr
613 5642 626 5667 ,
666 5607 751 5659 tl.

2507 4863 2573 4920 V.

1772 4983 2039 5038 Adversus
2085 4998 2171 5037 eos
2202 4981 2292 5052 qui
2338 4979 2522 5034 dicunt
2555 4995 2769 5052 carnem
2808 4979 3051 5052 conﬁteri
3077 4987 3354 5041 naturam,

1943 5069 2056 5108 esse
2092 5048 2498 5124 quaterm'tatem
2542 5065 2639 5119 pro
2679 5050 2941 5104 Trinitate
2982 5048 3177 5102 dicere.

1806 5168 2046 5225 Rursum
2064 5168 2252 5224 eadem
2267 5169 2610 5224 adversarios
2628 5165 2974 5236 improbitate
2988 5165 3041 5219 in
3056 5164 3180 5220 aliis
3194 5178 3356 5236 agere

1772 5260 2239 5332 disputationibus
2257 5259 2434 5314 video.
2461 5258 2595 5311 Nam
2613 5272 2738 5312 cum
2758 5273 2923 5328 supra
2939 5257 3262 5328 simpliciter
3276 5258 3355 5313 di-

1771 5354 2009 5417 xissent,
2047 5352 2140 5423 qui
2164 5352 2303 5406 duas
2322 5351 2376 5405 in
2397 5365 2509 5405 uno
2525 5349 2746 5405 Christo
2760 5348 2986 5413 l'ormas,
3021 5348 3114 5405 Dei
3129 5357 3183 5405 et
3207 5349 3351 5406 servi

1768 5446 2201 5511 considerarent,
2216 5447 2311 5499 eos
2324 5442 2461 5498 duos
2480 5440 2645 5497 Filios
2663 5441 2943 5509 inducere,
2960 5458 3107 5498 nunc
3130 5456 3192 5497 ru
3225 5454 3355 5503 sum
