  <div class='ocr_page' id='page_1' title='image "/cluster/home/n/w/nwhite01/storage/ocr_20150623/28/nnc1.0046978690/759.png"; bbox 0 0 3842 6186; ppageno 0'>
   <div class='ocr_carea' id='block_1_1' title="bbox 478 244 605 299">
    <p class='ocr_par' dir='ltr' id='par_1_1' title="bbox 478 244 605 299">
     <span class='ocr_line' id='line_1_1' title="bbox 478 244 605 299; baseline -0.008 0"><span class='ocrx_word' id='word_1_1' title='bbox 478 244 605 299; x_wconf 73' lang='lat' dir='ltr'><strong>I331</strong></span> 
     </span>
    </p>
   </div>
   <div class='ocr_carea' id='block_1_2' title="bbox 1620 209 2577 331">
    <p class='ocr_par' dir='ltr' id='par_1_2' title="bbox 1620 209 2577 331">
     <span class='ocr_line' id='line_1_2' title="bbox 1620 209 2577 331; baseline 0 -35"><span class='ocrx_word' id='word_1_2' title='bbox 1620 240 1679 297; x_wconf 91' lang='lat' dir='ltr'><strong>s.</strong></span> <span class='ocrx_word' id='word_1_3' title='bbox 1721 238 2191 331; x_wconf 57' lang='lat' dir='ltr'><strong>arnmasms.</strong></span> <span class='ocrx_word' id='word_1_4' title='bbox 2230 271 2301 285; x_wconf 81' lang='grc'><strong>.-</strong></span> <span class='ocrx_word' id='word_1_5' title='bbox 2338 209 2577 296; x_wconf 66' lang='lat' dir='ltr'><strong>ouem.</strong></span> 
     </span>
    </p>
   </div>
   <div class='ocr_carea' id='block_1_3' title="bbox 3622 231 3737 285">
    <p class='ocr_par' dir='ltr' id='par_1_3' title="bbox 3622 231 3737 285">
     <span class='ocr_line' id='line_1_3' title="bbox 3622 231 3737 285; baseline 0.009 -1"><span class='ocrx_word' id='word_1_6' title='bbox 3622 231 3737 285; x_wconf 61' lang='lat'><strong>£33!</strong></span> 
     </span>
    </p>
   </div>
   <div class='ocr_carea' id='block_1_4' title="bbox 475 348 2061 433">
    <p class='ocr_par' dir='ltr' id='par_1_4' title="bbox 475 350 2061 433">
     <span class='ocr_line' id='line_1_4' title="bbox 475 350 2061 433; baseline -0.001 -20"><span class='ocrx_word' id='word_1_7' title='bbox 475 358 634 433; x_wconf 59' lang='lat'><strong>597</strong></span> <span class='ocrx_word' id='word_1_8' title='bbox 688 366 1113 429; x_wconf 86' lang='lat' dir='ltr'><strong>quatermtatem</strong></span> <span class='ocrx_word' id='word_1_9' title='bbox 1183 358 1306 414; x_wconf 84' lang='lat' dir='ltr'><strong>illos</strong></span> <span class='ocrx_word' id='word_1_10' title='bbox 1353 350 1653 429; x_wconf 65' lang='lat' dir='ltr'><strong>medicare</strong></span> <span class='ocrx_word' id='word_1_11' title='bbox 1724 357 2061 413; x_wconf 86' lang='lat' dir='ltr'><strong>calumnian-</strong></span> 
     </span>
    </p>
   </div>
   <div class='ocr_carea' id='block_1_5' title="bbox 2163 348 3749 433">
    <p class='ocr_par' dir='ltr' id='par_1_5' title="bbox 2170 348 3749 432">
     <span class='ocr_line' id='line_1_5' title="bbox 2170 348 3749 432; baseline -0.007 -21"><span class='ocrx_word' id='word_1_12' title='bbox 2170 356 2345 411; x_wconf 82' lang='grc' dir='ltr'>ταῦθα</span> <span class='ocrx_word' id='word_1_13' title='bbox 2375 356 2610 432; x_wconf 76' lang='grc' dir='ltr'><strong>τετράδα</strong></span> <span class='ocrx_word' id='word_1_14' title='bbox 2649 354 2947 429; x_wconf 84' lang='grc' dir='ltr'><strong>κηρύσσειν</strong></span> <span class='ocrx_word' id='word_1_15' title='bbox 2986 349 3385 422; x_wconf 77' lang='grc' dir='ltr'><strong>συκοφαντοῦσι</strong></span> <span class='ocrx_word' id='word_1_16' title='bbox 3429 348 3569 411; x_wconf 76' lang='grc' dir='ltr'>τοὺς</span> <span class='ocrx_word' id='word_1_17' title='bbox 3605 348 3749 418; x_wconf 65' lang='grc' dir='ltr'>φύσει</span> 
     </span>
    </p>
   </div>
   <div class='ocr_carea' id='block_1_6' title="bbox 474 448 2064 522">
    <p class='ocr_par' dir='ltr' id='par_1_6' title="bbox 474 448 2064 522">
     <span class='ocr_line' id='line_1_6' title="bbox 474 448 2064 522; baseline -0.001 -16"><span class='ocrx_word' id='word_1_18' title='bbox 474 467 584 519; x_wconf 89' lang='lat' dir='ltr'><strong>tur,</strong></span> <span class='ocrx_word' id='word_1_19' title='bbox 647 451 743 522; x_wconf 99' lang='lat' dir='ltr'><strong>qui</strong></span> <span class='ocrx_word' id='word_1_20' title='bbox 777 459 977 505; x_wconf 84' lang='lat' dir='ltr'><strong>natura</strong></span> <span class='ocrx_word' id='word_1_21' title='bbox 1012 465 1236 507; x_wconf 88' lang='lat' dir='ltr'><strong>carnem</strong></span> <span class='ocrx_word' id='word_1_22' title='bbox 1280 458 1626 521; x_wconf 84' lang='lat' dir='ltr'><strong>assumptam</strong></span> <span class='ocrx_word' id='word_1_23' title='bbox 1667 450 1922 505; x_wconf 89' lang='lat' dir='ltr'><strong>credunt.</strong></span> <span class='ocrx_word' id='word_1_24' title='bbox 1947 448 2064 505; x_wconf 82' lang='lat' dir='ltr'><strong>Hoc</strong></span> 
     </span>
    </p>
   </div>
   <div class='ocr_carea' id='block_1_7' title="bbox 474 540 2063 615">
    <p class='ocr_par' dir='ltr' id='par_1_7' title="bbox 474 540 2063 615">
     <span class='ocr_line' id='line_1_7' title="bbox 474 540 2063 615; baseline -0.001 -18"><span class='ocrx_word' id='word_1_25' title='bbox 474 540 638 615; x_wconf 78' lang='lat' dir='ltr'><strong>porro</strong></span> <span class='ocrx_word' id='word_1_26' title='bbox 684 544 876 598; x_wconf 91' lang='lat' dir='ltr'><strong>dicunt</strong></span> <span class='ocrx_word' id='word_1_27' title='bbox 911 558 1016 598; x_wconf 85' lang='lat' dir='ltr'><strong>sua</strong></span> <span class='ocrx_word' id='word_1_28' title='bbox 1059 541 1184 597; x_wconf 80' lang='lat' dir='ltr'><strong>freti</strong></span> <span class='ocrx_word' id='word_1_29' title='bbox 1218 542 1570 609; x_wconf 76' lang='lat' dir='ltr'><strong>auctoritate,</strong></span> <span class='ocrx_word' id='word_1_30' title='bbox 1612 557 1724 596; x_wconf 90' lang='lat' dir='ltr'><strong>non</strong></span> <span class='ocrx_word' id='word_1_31' title='bbox 1762 549 1945 596; x_wconf 89' lang='lat' dir='ltr'><strong>autem</strong></span> <span class='ocrx_word' id='word_1_32' title='bbox 1994 557 2063 597; x_wconf 80' lang='lat' dir='ltr'><strong>ex</strong></span> 
     </span>
    </p>
   </div>
   <div class='ocr_carea' id='block_1_8' title="bbox 475 633 2065 706">
    <p class='ocr_par' dir='ltr' id='par_1_8' title="bbox 475 633 2065 706">
     <span class='ocr_line' id='line_1_8' title="bbox 475 633 2065 706; baseline 0 -17"><span class='ocrx_word' id='word_1_33' title='bbox 475 637 709 706; x_wconf 78' lang='lat' dir='ltr'><strong>quadam</strong></span> <span class='ocrx_word' id='word_1_34' title='bbox 742 636 1160 705; x_wconf 77' lang='lat' dir='ltr'><strong>consequentia.</strong></span> <span class='ocrx_word' id='word_1_35' title='bbox 1203 633 1529 705; x_wconf 82' lang='lat' dir='ltr'><strong>Quanquam</strong></span> <span class='ocrx_word' id='word_1_36' title='bbox 1568 651 1677 690; x_wconf 91' lang='lat' dir='ltr'><strong>non</strong></span> <span class='ocrx_word' id='word_1_37' title='bbox 1700 644 1808 689; x_wconf 91' lang='lat' dir='ltr'><strong>tam</strong></span> <span class='ocrx_word' id='word_1_38' title='bbox 1837 634 1948 691; x_wconf 84' lang='lat' dir='ltr'><strong>illis</strong></span> <span class='ocrx_word' id='word_1_39' title='bbox 1964 650 2065 689; x_wconf 85' lang='lat' dir='ltr'><strong>no-</strong></span> 
     </span>
    </p>
   </div>
   <div class='ocr_carea' id='block_1_9' title="bbox 476 724 2063 796">
    <p class='ocr_par' dir='ltr' id='par_1_9' title="bbox 476 724 2063 796">
     <span class='ocr_line' id='line_1_9' title="bbox 476 724 2063 796; baseline 0.001 -19"><span class='ocrx_word' id='word_1_40' title='bbox 476 724 690 778; x_wconf 89' lang='lat' dir='ltr'><strong>biscum</strong></span> <span class='ocrx_word' id='word_1_41' title='bbox 742 738 833 777; x_wconf 91' lang='lat' dir='ltr'><strong>res</strong></span> <span class='ocrx_word' id='word_1_42' title='bbox 892 730 997 787; x_wconf 87' lang='lat' dir='ltr'><strong>est,</strong></span> <span class='ocrx_word' id='word_1_43' title='bbox 1042 738 1204 792; x_wconf 91' lang='lat' dir='ltr'><strong>quam</strong></span> <span class='ocrx_word' id='word_1_44' title='bbox 1239 738 1365 778; x_wconf 90' lang='lat' dir='ltr'><strong>cum</strong></span> <span class='ocrx_word' id='word_1_45' title='bbox 1422 726 1632 779; x_wconf 80' lang='lat' dir='ltr'><strong>sanctis</strong></span> <span class='ocrx_word' id='word_1_46' title='bbox 1683 725 1941 781; x_wconf 89' lang='lat' dir='ltr'><strong>omnibus</strong></span> <span class='ocrx_word' id='word_1_47' title='bbox 1968 727 2063 796; x_wconf 90' lang='lat' dir='ltr'><strong>qui</strong></span> 
     </span>
    </p>
   </div>
   <div class='ocr_carea' id='block_1_10' title="bbox 474 811 2065 885">
    <p class='ocr_par' dir='ltr' id='par_1_10' title="bbox 474 811 2065 885">
     <span class='ocr_line' id='line_1_10' title="bbox 474 811 2065 885; baseline 0.003 -17"><span class='ocrx_word' id='word_1_48' title='bbox 474 814 667 869; x_wconf 89' lang='lat' dir='ltr'><strong>eadem</strong></span> <span class='ocrx_word' id='word_1_49' title='bbox 695 829 791 884; x_wconf 89' lang='lat' dir='ltr'><strong>per</strong></span> <span class='ocrx_word' id='word_1_50' title='bbox 826 811 1068 883; x_wconf 85' lang='lat' dir='ltr'><strong>Spiritus</strong></span> <span class='ocrx_word' id='word_1_51' title='bbox 1101 815 1276 869; x_wconf 91' lang='lat' dir='ltr'><strong>sancti</strong></span> <span class='ocrx_word' id='word_1_52' title='bbox 1306 816 1541 885; x_wconf 75' lang='lat' dir='ltr'><strong>gratiam</strong></span> <span class='ocrx_word' id='word_1_53' title='bbox 1584 815 1977 885; x_wconf 64' lang='lat' dir='ltr'><strong>pradicarunt.</strong></span> <span class='ocrx_word' id='word_1_54' title='bbox 2016 817 2065 874; x_wconf 72' lang='grc' dir='ltr'><strong>Α</strong></span> 
     </span>
    </p>
   </div>
   <div class='ocr_carea' id='block_1_11' title="bbox 474 906 2063 976">
    <p class='ocr_par' dir='ltr' id='par_1_11' title="bbox 474 906 2063 976">
     <span class='ocr_line' id='line_1_11' title="bbox 474 906 2063 976; baseline 0.004 -18"><span class='ocrx_word' id='word_1_55' title='bbox 474 907 677 975; x_wconf 81' lang='lat' dir='ltr'><strong>quibus</strong></span> <span class='ocrx_word' id='word_1_56' title='bbox 708 922 808 961; x_wconf 86' lang='lat' dir='ltr'><strong>nos</strong></span> <span class='ocrx_word' id='word_1_57' title='bbox 837 907 1091 961; x_wconf 89' lang='lat' dir='ltr'><strong>illustrati</strong></span> <span class='ocrx_word' id='word_1_58' title='bbox 1123 906 1396 961; x_wconf 83' lang='lat' dir='ltr'><strong>sinceram</strong></span> <span class='ocrx_word' id='word_1_59' title='bbox 1420 907 1475 961; x_wconf 91' lang='lat' dir='ltr'><strong>in</strong></span> <span class='ocrx_word' id='word_1_60' title='bbox 1506 911 1729 964; x_wconf 87' lang='lat' dir='ltr'><strong>nomine</strong></span> <span class='ocrx_word' id='word_1_61' title='bbox 1757 908 1962 976; x_wconf 84' lang='lat' dir='ltr'><strong>Patris,</strong></span> <span class='ocrx_word' id='word_1_62' title='bbox 2006 918 2063 965; x_wconf 87' lang='lat' dir='ltr'><strong>et</strong></span> 
     </span>
    </p>
   </div>
   <div class='ocr_carea' id='block_1_12' title="bbox 476 994 2065 1066">
    <p class='ocr_par' dir='ltr' id='par_1_12' title="bbox 476 994 2065 1066">
     <span class='ocr_line' id='line_1_12' title="bbox 476 994 2065 1066; baseline 0.004 -17"><span class='ocrx_word' id='word_1_63' title='bbox 476 994 599 1049; x_wconf 83' lang='lat' dir='ltr'><strong>Filii</strong></span> <span class='ocrx_word' id='word_1_64' title='bbox 641 1003 695 1050; x_wconf 91' lang='lat' dir='ltr'><strong>et</strong></span> <span class='ocrx_word' id='word_1_65' title='bbox 743 995 982 1066; x_wconf 86' lang='lat' dir='ltr'><strong>Spiritus</strong></span> <span class='ocrx_word' id='word_1_66' title='bbox 1010 997 1187 1050; x_wconf 89' lang='lat' dir='ltr'><strong>sancti</strong></span> <span class='ocrx_word' id='word_1_67' title='bbox 1224 997 1629 1054; x_wconf 73' lang='lat' dir='ltr'><strong>confessionem</strong></span> <span class='ocrx_word' id='word_1_68' title='bbox 1663 999 1982 1065; x_wconf 88' lang='lat' dir='ltr'><strong>didicimus,</strong></span> <span class='ocrx_word' id='word_1_69' title='bbox 2009 1008 2065 1056; x_wconf 83' lang='lat' dir='ltr'><strong>et</strong></span> 
     </span>
    </p>
   </div>
   <div class='ocr_carea' id='block_1_13' title="bbox 474 1087 2064 1148">
    <p class='ocr_par' dir='ltr' id='par_1_13' title="bbox 474 1087 2064 1148">
     <span class='ocr_line' id='line_1_13' title="bbox 474 1087 2064 1148; baseline 0.005 -8"><span class='ocrx_word' id='word_1_70' title='bbox 474 1087 839 1142; x_wconf 59' lang='lat' dir='ltr'><strong>oeconomiam</strong></span> <span class='ocrx_word' id='word_1_71' title='bbox 873 1087 1268 1144; x_wconf 89' lang='lat' dir='ltr'><strong>incarnationis</strong></span> <span class='ocrx_word' id='word_1_72' title='bbox 1292 1088 1527 1144; x_wconf 85' lang='lat' dir='ltr'><strong>duarum</strong></span> <span class='ocrx_word' id='word_1_73' title='bbox 1558 1091 1816 1147; x_wconf 89' lang='lat' dir='ltr'><strong>unionem</strong></span> <span class='ocrx_word' id='word_1_74' title='bbox 1838 1103 2064 1148; x_wconf 90' lang='lat' dir='ltr'><strong>natura-</strong></span> 
     </span>
    </p>
   </div>
   <div class='ocr_carea' id='block_1_14' title="bbox 476 1179 2063 1257">
    <p class='ocr_par' dir='ltr' id='par_1_14' title="bbox 476 1179 2063 1257">
     <span class='ocr_line' id='line_1_14' title="bbox 476 1179 2063 1257; baseline 0.006 -26"><span class='ocrx_word' id='word_1_75' title='bbox 476 1194 597 1232; x_wconf 96' lang='lat' dir='ltr'><strong>rum</strong></span> <span class='ocrx_word' id='word_1_76' title='bbox 653 1181 1032 1249; x_wconf 84' lang='lat' dir='ltr'><strong>cognovimus.</strong></span> <span class='ocrx_word' id='word_1_77' title='bbox 1087 1179 1192 1246; x_wconf 85' lang='lat' dir='ltr'><strong>Qui</strong></span> <span class='ocrx_word' id='word_1_78' title='bbox 1246 1197 1377 1237; x_wconf 80' lang='lat' dir='ltr'><strong>vero</strong></span> <span class='ocrx_word' id='word_1_79' title='bbox 1432 1183 1661 1238; x_wconf 85' lang='lat' dir='ltr'><strong>humilia</strong></span> <span class='ocrx_word' id='word_1_80' title='bbox 1720 1186 1904 1239; x_wconf 86' lang='lat' dir='ltr'><strong>omnia</strong></span> <span class='ocrx_word' id='word_1_81' title='bbox 1957 1187 2063 1257; x_wconf 90' lang='lat' dir='ltr'><strong>ipsi</strong></span> 
     </span>
    </p>
   </div>
   <div class='ocr_carea' id='block_1_15' title="bbox 474 1268 2060 1344">
    <p class='ocr_par' dir='ltr' id='par_1_15' title="bbox 474 1268 2060 1344">
     <span class='ocr_line' id='line_1_15' title="bbox 474 1268 2060 1344; baseline 0.007 -22"><span class='ocrx_word' id='word_1_82' title='bbox 474 1268 597 1323; x_wconf 77' lang='lat' dir='ltr'><strong>Filii</strong></span> <span class='ocrx_word' id='word_1_83' title='bbox 621 1270 810 1325; x_wconf 86' lang='lat' dir='ltr'><strong>deitati</strong></span> <span class='ocrx_word' id='word_1_84' title='bbox 850 1271 1041 1325; x_wconf 88' lang='lat' dir='ltr'><strong>volunt</strong></span> <span class='ocrx_word' id='word_1_85' title='bbox 1069 1272 1260 1338; x_wconf 88' lang='lat' dir='ltr'><strong>tribui,</strong></span> <span class='ocrx_word' id='word_1_86' title='bbox 1287 1275 1490 1330; x_wconf 92' lang='lat' dir='ltr'><strong>tollunt</strong></span> <span class='ocrx_word' id='word_1_87' title='bbox 1540 1276 1728 1332; x_wconf 91' lang='lat' dir='ltr'><strong>carnis</strong></span> <span class='ocrx_word' id='word_1_88' title='bbox 1756 1285 2012 1332; x_wconf 90' lang='lat' dir='ltr'><strong>naturam</strong></span> <span class='ocrx_word' id='word_1_89' title='bbox 2043 1318 2060 1344; x_wconf 91' lang='lat'><strong>,</strong></span> 
     </span>
    </p>
   </div>
   <div class='ocr_carea' id='block_1_16' title="bbox 474 1362 2061 1436">
    <p class='ocr_par' dir='ltr' id='par_1_16' title="bbox 474 1362 2061 1436">
     <span class='ocr_line' id='line_1_16' title="bbox 474 1362 2061 1436; baseline 0.007 -21"><span class='ocrx_word' id='word_1_90' title='bbox 474 1371 534 1415; x_wconf 90' lang='lat' dir='ltr'><strong>ut</strong></span> <span class='ocrx_word' id='word_1_91' title='bbox 555 1362 717 1432; x_wconf 85' lang='lat' dir='ltr'><strong>hujus</strong></span> <span class='ocrx_word' id='word_1_92' title='bbox 740 1364 1025 1432; x_wconf 86' lang='lat' dir='ltr'><strong>passiones</strong></span> <span class='ocrx_word' id='word_1_93' title='bbox 1039 1366 1352 1421; x_wconf 87' lang='lat' dir='ltr'><strong>necessario</strong></span> <span class='ocrx_word' id='word_1_94' title='bbox 1370 1368 1718 1424; x_wconf 89' lang='lat' dir='ltr'><strong>ascribantur</strong></span> <span class='ocrx_word' id='word_1_95' title='bbox 1736 1368 1849 1425; x_wconf 90' lang='lat' dir='ltr'><strong>Deo</strong></span> <span class='ocrx_word' id='word_1_96' title='bbox 1862 1368 2061 1436; x_wconf 81' lang='lat' dir='ltr'><strong>Verbo,</strong></span> 
     </span>
    </p>
   </div>
   <div class='ocr_carea' id='block_1_17' title="bbox 473 1455 2064 1533">
    <p class='ocr_par' dir='ltr' id='par_1_17' title="bbox 473 1455 2064 1533">
     <span class='ocr_line' id='line_1_17' title="bbox 473 1455 2064 1533; baseline 0.005 -24"><span class='ocrx_word' id='word_1_97' title='bbox 473 1469 743 1510; x_wconf 86' lang='lat' dir='ltr'><strong>converso</strong></span> <span class='ocrx_word' id='word_1_98' title='bbox 770 1455 847 1508; x_wconf 92' lang='lat' dir='ltr'><strong>illi</strong></span> <span class='ocrx_word' id='word_1_99' title='bbox 875 1455 1096 1526; x_wconf 89' lang='lat' dir='ltr'><strong>quidem</strong></span> <span class='ocrx_word' id='word_1_100' title='bbox 1132 1458 1288 1528; x_wconf 90' lang='lat' dir='ltr'><strong>prius</strong></span> <span class='ocrx_word' id='word_1_101' title='bbox 1318 1458 1377 1513; x_wconf 88' lang='lat' dir='ltr'><strong>in</strong></span> <span class='ocrx_word' id='word_1_102' title='bbox 1416 1475 1663 1526; x_wconf 87' lang='lat' dir='ltr'><strong>carnem,</strong></span> <span class='ocrx_word' id='word_1_103' title='bbox 1719 1461 1815 1516; x_wconf 89' lang='lat' dir='ltr'><strong>sed</strong></span> <span class='ocrx_word' id='word_1_104' title='bbox 1851 1477 1914 1517; x_wconf 93' lang='lat' dir='ltr'><strong>ea</strong></span> <span class='ocrx_word' id='word_1_105' title='bbox 1942 1478 2064 1533; x_wconf 67' lang='lat' dir='ltr'><strong>qua:</strong></span> 
     </span>
    </p>
   </div>
   <div class='ocr_carea' id='block_1_18' title="bbox 472 1545 2063 1622">
    <p class='ocr_par' dir='ltr' id='par_1_18' title="bbox 472 1545 2063 1622">
     <span class='ocr_line' id='line_1_18' title="bbox 472 1545 2063 1622; baseline 0.005 -22"><span class='ocrx_word' id='word_1_106' title='bbox 472 1545 659 1601; x_wconf 91' lang='lat' dir='ltr'><strong>carnis</strong></span> <span class='ocrx_word' id='word_1_107' title='bbox 714 1554 843 1601; x_wconf 90' lang='lat' dir='ltr'><strong>sunt</strong></span> <span class='ocrx_word' id='word_1_108' title='bbox 884 1562 1104 1602; x_wconf 87' lang='lat' dir='ltr'><strong>rursum</strong></span> <span class='ocrx_word' id='word_1_109' title='bbox 1139 1549 1392 1619; x_wconf 85' lang='lat' dir='ltr'><strong>patienti.</strong></span> <span class='ocrx_word' id='word_1_110' title='bbox 1441 1550 1622 1622; x_wconf 85' lang='lat' dir='ltr'><strong>Atque</strong></span> <span class='ocrx_word' id='word_1_111' title='bbox 1662 1552 1767 1606; x_wconf 90' lang='lat' dir='ltr'><strong>hac</strong></span> <span class='ocrx_word' id='word_1_112' title='bbox 1797 1551 1865 1608; x_wconf 92' lang='lat' dir='ltr'><strong>de</strong></span> <span class='ocrx_word' id='word_1_113' title='bbox 1894 1568 2063 1610; x_wconf 86' lang='lat' dir='ltr'><strong>causa</strong></span> 
     </span>
    </p>
   </div>
   <div class='ocr_carea' id='block_1_19' title="bbox 471 1639 2063 1714">
    <p class='ocr_par' dir='ltr' id='par_1_19' title="bbox 471 1639 2063 1714">
     <span class='ocr_line' id='line_1_19' title="bbox 471 1639 2063 1714; baseline 0.004 -19"><span class='ocrx_word' id='word_1_114' title='bbox 471 1639 682 1695; x_wconf 90' lang='lat' dir='ltr'><strong>crimen</strong></span> <span class='ocrx_word' id='word_1_115' title='bbox 721 1639 972 1696; x_wconf 88' lang='lat' dir='ltr'><strong>ﬁdelibus</strong></span> <span class='ocrx_word' id='word_1_116' title='bbox 996 1642 1325 1713; x_wconf 82' lang='lat' dir='ltr'><strong>impingunt,</strong></span> <span class='ocrx_word' id='word_1_117' title='bbox 1350 1659 1471 1714; x_wconf 64' lang='lat' dir='ltr'><strong>quae</strong></span> <span class='ocrx_word' id='word_1_118' title='bbox 1519 1644 1626 1701; x_wconf 83' lang='lat' dir='ltr'><strong>sibi</strong></span> <span class='ocrx_word' id='word_1_119' title='bbox 1673 1644 1929 1701; x_wconf 79' lang='lat' dir='ltr'><strong>videntur</strong></span> <span class='ocrx_word' id='word_1_120' title='bbox 1960 1661 2063 1702; x_wconf 90' lang='lat' dir='ltr'><strong>sua</strong></span> 
     </span>
    </p>
   </div>
   <div class='ocr_carea' id='block_1_20' title="bbox 2163 439 3755 521">
    <p class='ocr_par' dir='ltr' id='par_1_20' title="bbox 2163 439 3755 521">
     <span class='ocr_line' id='line_1_20' title="bbox 2163 439 3755 521; baseline -0.006 -19"><span class='ocrx_word' id='word_1_121' title='bbox 2163 449 2264 521; x_wconf 83' lang='grc' dir='ltr'>τὴν</span> <span class='ocrx_word' id='word_1_122' title='bbox 2296 448 2477 520; x_wconf 88' lang='grc' dir='ltr'>σάρκα</span> <span class='ocrx_word' id='word_1_123' title='bbox 2512 446 2832 519; x_wconf 78' lang='grc' dir='ltr'><strong>ἀνειλῆφθαι</strong></span> <span class='ocrx_word' id='word_1_124' title='bbox 2862 445 3235 508; x_wconf 80' lang='grc' dir='ltr'><strong>πιστεύοντας.</strong></span> <span class='ocrx_word' id='word_1_125' title='bbox 3269 441 3447 497; x_wconf 78' lang='grc' dir='ltr'>Τοῦτο</span> <span class='ocrx_word' id='word_1_126' title='bbox 3473 441 3534 494; x_wconf 78' lang='grc' dir='ltr'>δὲ</span> <span class='ocrx_word' id='word_1_127' title='bbox 3568 439 3755 505; x_wconf 69' lang='grc' dir='ltr'>λέγου-</span> 
     </span>
    </p>
   </div>
   <div class='ocr_carea' id='block_1_21' title="bbox 2166 533 3756 611">
    <p class='ocr_par' dir='ltr' id='par_1_21' title="bbox 2166 533 3756 611">
     <span class='ocr_line' id='line_1_21' title="bbox 2166 533 3756 611; baseline -0.004 -20"><span class='ocrx_word' id='word_1_128' title='bbox 2166 555 2219 591; x_wconf 89' lang='grc' dir='ltr'><strong>σι</strong></span> <span class='ocrx_word' id='word_1_129' title='bbox 2256 540 2354 611; x_wconf 86' lang='grc' dir='ltr'>μὲν</span> <span class='ocrx_word' id='word_1_130' title='bbox 2385 541 2473 593; x_wconf 77' lang='grc' dir='ltr'><strong>ἐπ’</strong></span> <span class='ocrx_word' id='word_1_131' title='bbox 2502 538 2776 605; x_wconf 69' lang='grc' dir='ltr'>ἐξουσίας,</span> <span class='ocrx_word' id='word_1_132' title='bbox 2804 538 2906 590; x_wconf 78' lang='grc' dir='ltr'>οὐκ</span> <span class='ocrx_word' id='word_1_133' title='bbox 2950 535 3015 590; x_wconf 74' lang='grc' dir='ltr'>ἐκ</span> <span class='ocrx_word' id='word_1_134' title='bbox 3063 553 3209 598; x_wconf 90' lang='grc' dir='ltr'>τινος</span> <span class='ocrx_word' id='word_1_135' title='bbox 3239 533 3597 596; x_wconf 83' lang='grc' dir='ltr'>ἀκολουθίας·</span> <span class='ocrx_word' id='word_1_136' title='bbox 3627 547 3756 603; x_wconf 76' lang='grc' dir='ltr'>προι-</span> 
     </span>
    </p>
   </div>
   <div class='ocr_carea' id='block_1_22' title="bbox 2164 622 3753 700">
    <p class='ocr_par' dir='ltr' id='par_1_22' title="bbox 2164 622 3753 700">
     <span class='ocr_line' id='line_1_22' title="bbox 2164 622 3753 700; baseline -0.005 -18"><span class='ocrx_word' id='word_1_137' title='bbox 2164 628 2389 700; x_wconf 78' lang='grc' dir='ltr'>φέρουσι</span> <span class='ocrx_word' id='word_1_138' title='bbox 2421 628 2482 682; x_wconf 83' lang='grc' dir='ltr'>δὲ</span> <span class='ocrx_word' id='word_1_139' title='bbox 2512 629 2574 681; x_wconf 82' lang='grc' dir='ltr'>οὐ</span> <span class='ocrx_word' id='word_1_140' title='bbox 2605 626 2860 680; x_wconf 83' lang='grc' dir='ltr'>τοσοῦτον</span> <span class='ocrx_word' id='word_1_141' title='bbox 2892 627 3046 696; x_wconf 81' lang='grc' dir='ltr'>ἡμῖν,</span> <span class='ocrx_word' id='word_1_142' title='bbox 3080 626 3203 679; x_wconf 82' lang='grc' dir='ltr'>ὅσον</span> <span class='ocrx_word' id='word_1_143' title='bbox 3228 628 3344 687; x_wconf 82' lang='grc' dir='ltr'>τοῖς</span> <span class='ocrx_word' id='word_1_144' title='bbox 3374 622 3561 692; x_wconf 79' lang='grc' dir='ltr'><strong>ἁγίοις</strong></span> <span class='ocrx_word' id='word_1_145' title='bbox 3606 623 3753 685; x_wconf 73' lang='grc' dir='ltr'>πᾶσι,</span> 
     </span>
    </p>
   </div>
   <div class='ocr_carea' id='block_1_23' title="bbox 2162 714 3755 791">
    <p class='ocr_par' dir='ltr' id='par_1_23' title="bbox 2162 714 3755 791">
     <span class='ocr_line' id='line_1_23' title="bbox 2162 714 3755 791; baseline -0.007 -14"><span class='ocrx_word' id='word_1_146' title='bbox 2162 726 2275 787; x_wconf 87' lang='grc' dir='ltr'>τοῖς</span> <span class='ocrx_word' id='word_1_147' title='bbox 2304 721 2527 776; x_wconf 76' lang='grc' dir='ltr'>τοιαῦτα</span> <span class='ocrx_word' id='word_1_148' title='bbox 2557 721 2646 775; x_wconf 82' lang='grc' dir='ltr'>διὰ</span> <span class='ocrx_word' id='word_1_149' title='bbox 2672 720 2774 791; x_wconf 78' lang='grc' dir='ltr'>τῆς</span> <span class='ocrx_word' id='word_1_150' title='bbox 2804 718 3180 789; x_wconf 76' lang='grc' dir='ltr'><strong>πνευματικῆς</strong></span> <span class='ocrx_word' id='word_1_151' title='bbox 3205 716 3483 788; x_wconf 75' lang='grc' dir='ltr'>κηρύξασι</span> <span class='ocrx_word' id='word_1_152' title='bbox 3509 714 3755 786; x_wconf 78' lang='grc' dir='ltr'>χάριτος,</span> 
     </span>
    </p>
   </div>
   <div class='ocr_carea' id='block_1_24' title="bbox 2165 806 3758 887">
    <p class='ocr_par' dir='ltr' id='par_1_24' title="bbox 2165 806 3758 887">
     <span class='ocr_line' id='line_1_24' title="bbox 2165 806 3758 887; baseline -0.006 -20"><span class='ocrx_word' id='word_1_153' title='bbox 2165 816 2293 887; x_wconf 82' lang='grc' dir='ltr'>παρ’</span> <span class='ocrx_word' id='word_1_154' title='bbox 2325 806 2401 867; x_wconf 84' lang='grc' dir='ltr'>ὧν</span> <span class='ocrx_word' id='word_1_155' title='bbox 2439 815 2602 885; x_wconf 82' lang='grc' dir='ltr'>ἡμεῖς</span> <span class='ocrx_word' id='word_1_156' title='bbox 2632 811 3016 882; x_wconf 75' lang='grc' dir='ltr'><strong>φωτισθέντες,</strong></span> <span class='ocrx_word' id='word_1_157' title='bbox 3047 811 3148 882; x_wconf 77' lang='grc' dir='ltr'><strong>τήν</strong></span> <span class='ocrx_word' id='word_1_158' title='bbox 3179 809 3278 881; x_wconf 88' lang='grc' dir='ltr'>μὲν</span> <span class='ocrx_word' id='word_1_159' title='bbox 3304 807 3605 862; x_wconf 80' lang='grc' dir='ltr'><strong>ἀνόθευτον</strong></span> <span class='ocrx_word' id='word_1_160' title='bbox 3638 809 3758 877; x_wconf 81' lang='grc' dir='ltr'>δμο-</span> 
     </span>
    </p>
   </div>
   <div class='ocr_carea' id='block_1_25' title="bbox 2164 892 3758 976">
    <p class='ocr_par' dir='ltr' id='par_1_25' title="bbox 2164 892 3758 976">
     <span class='ocr_line' id='line_1_25' title="bbox 2164 892 3758 976; baseline -0.004 -18"><span class='ocrx_word' id='word_1_161' title='bbox 2164 904 2351 973; x_wconf 81' lang='grc' dir='ltr'><strong>λογίαν</strong></span> <span class='ocrx_word' id='word_1_162' title='bbox 2375 907 2434 957; x_wconf 80' lang='grc' dir='ltr'>ὲν</span> <span class='ocrx_word' id='word_1_163' title='bbox 2459 903 2684 974; x_wconf 85' lang='grc' dir='ltr'>ὀνόματι</span> <span class='ocrx_word' id='word_1_164' title='bbox 2702 901 2938 976; x_wconf 78' lang='grc' dir='ltr'>Πατρὸς,</span> <span class='ocrx_word' id='word_1_165' title='bbox 2963 902 3058 955; x_wconf 76' lang='grc' dir='ltr'>καὶ</span> <span class='ocrx_word' id='word_1_166' title='bbox 3074 899 3231 963; x_wconf 82' lang='grc' dir='ltr'><strong>Υἱοῦ,</strong></span> <span class='ocrx_word' id='word_1_167' title='bbox 3262 900 3361 954; x_wconf 75' lang='grc' dir='ltr'>καὶ</span> <span class='ocrx_word' id='word_1_168' title='bbox 3392 898 3560 967; x_wconf 78' lang='grc' dir='ltr'>ἁγίου</span> <span class='ocrx_word' id='word_1_169' title='bbox 3588 892 3758 952; x_wconf 60' lang='lat' dir='ltr'><strong>Ilva-5-</strong></span> 
     </span>
    </p>
   </div>
   <div class='ocr_carea' id='block_1_26' title="bbox 2166 991 3757 1067">
    <p class='ocr_par' dir='ltr' id='par_1_26' title="bbox 2166 991 3757 1067">
     <span class='ocr_line' id='line_1_26' title="bbox 2166 991 3757 1067; baseline -0.003 -18"><span class='ocrx_word' id='word_1_170' title='bbox 2166 1013 2336 1067; x_wconf 81' lang='grc' dir='ltr'>ματος</span> <span class='ocrx_word' id='word_1_171' title='bbox 2363 995 2742 1067; x_wconf 74' lang='grc' dir='ltr'><strong>ἐδιδάχθημεν,</strong></span> <span class='ocrx_word' id='word_1_172' title='bbox 2770 993 2871 1065; x_wconf 79' lang='grc' dir='ltr'>τὴν</span> <span class='ocrx_word' id='word_1_173' title='bbox 2901 994 2959 1047; x_wconf 86' lang='grc' dir='ltr'>δὲ</span> <span class='ocrx_word' id='word_1_174' title='bbox 2991 993 3092 1063; x_wconf 77' lang='grc' dir='ltr'>τῆς</span> <span class='ocrx_word' id='word_1_175' title='bbox 3112 991 3593 1064; x_wconf 80' lang='grc' dir='ltr'>ὲνανθρωπήσεως</span> <span class='ocrx_word' id='word_1_176' title='bbox 3615 992 3757 1045; x_wconf 67' lang='grc' dir='ltr'>οἰκο-</span> 
     </span>
    </p>
   </div>
   <div class='ocr_carea' id='block_1_27' title="bbox 2164 1083 3759 1160">
    <p class='ocr_par' dir='ltr' id='par_1_27' title="bbox 2164 1083 3759 1160">
     <span class='ocr_line' id='line_1_27' title="bbox 2164 1083 3759 1160; baseline -0.004 -18"><span class='ocrx_word' id='word_1_177' title='bbox 2164 1089 2358 1160; x_wconf 85' lang='grc' dir='ltr'>νομίαν</span> <span class='ocrx_word' id='word_1_178' title='bbox 2388 1090 2452 1142; x_wconf 83' lang='grc' dir='ltr'>ὲκ</span> <span class='ocrx_word' id='word_1_179' title='bbox 2481 1087 2575 1140; x_wconf 88' lang='grc' dir='ltr'><strong>δύο</strong></span> <span class='ocrx_word' id='word_1_180' title='bbox 2613 1087 2830 1156; x_wconf 80' lang='grc' dir='ltr'><strong>φύσεων</strong></span> <span class='ocrx_word' id='word_1_181' title='bbox 2862 1086 3262 1156; x_wconf 70' lang='grc' dir='ltr'><strong>ἐγνωρίσαμεν.</strong></span> <span class='ocrx_word' id='word_1_182' title='bbox 3313 1083 3456 1137; x_wconf 76' lang='grc' dir='ltr'>Ἀλλ’</span> <span class='ocrx_word' id='word_1_183' title='bbox 3490 1086 3543 1137; x_wconf 84' lang='grc' dir='ltr'><strong>οί</strong></span> <span class='ocrx_word' id='word_1_184' title='bbox 3581 1083 3759 1152; x_wconf 76' lang='grc' dir='ltr'>βουλό-</span> 
     </span>
    </p>
   </div>
   <div class='ocr_carea' id='block_1_28' title="bbox 2165 1173 3758 1248">
    <p class='ocr_par' dir='ltr' id='par_1_28' title="bbox 2165 1173 3758 1248">
     <span class='ocr_line' id='line_1_28' title="bbox 2165 1173 3758 1248; baseline -0.001 -18"><span class='ocrx_word' id='word_1_185' title='bbox 2165 1195 2320 1248; x_wconf 83' lang='grc' dir='ltr'>μενοι</span> <span class='ocrx_word' id='word_1_186' title='bbox 2342 1177 2522 1231; x_wconf 87' lang='grc' dir='ltr'>πάντα</span> <span class='ocrx_word' id='word_1_187' title='bbox 2554 1175 2793 1230; x_wconf 83' lang='grc' dir='ltr'>ταπεινὰ</span> <span class='ocrx_word' id='word_1_188' title='bbox 2816 1175 3003 1247; x_wconf 75' lang='grc' dir='ltr'>φέρειν</span> <span class='ocrx_word' id='word_1_189' title='bbox 3032 1177 3111 1239; x_wconf 83' lang='grc' dir='ltr'>εἰς</span> <span class='ocrx_word' id='word_1_190' title='bbox 3144 1174 3313 1245; x_wconf 74' lang='grc' dir='ltr'>αὐτὴν</span> <span class='ocrx_word' id='word_1_191' title='bbox 3348 1174 3445 1228; x_wconf 78' lang='grc' dir='ltr'><strong>τοῦ</strong></span> <span class='ocrx_word' id='word_1_192' title='bbox 3479 1174 3623 1227; x_wconf 79' lang='grc' dir='ltr'>Υἱοῦ</span> <span class='ocrx_word' id='word_1_193' title='bbox 3649 1173 3758 1228; x_wconf 84' lang='grc' dir='ltr'>θεό-</span> 
     </span>
    </p>
   </div>
   <div class='ocr_carea' id='block_1_29' title="bbox 2163 1266 3759 1342">
    <p class='ocr_par' dir='ltr' id='par_1_29' title="bbox 2163 1266 3759 1342">
     <span class='ocr_line' id='line_1_29' title="bbox 2163 1266 3759 1342; baseline 0 -21"><span class='ocrx_word' id='word_1_194' title='bbox 2163 1286 2330 1342; x_wconf 89' lang='grc' dir='ltr'>τητα,</span> <span class='ocrx_word' id='word_1_195' title='bbox 2361 1270 2824 1341; x_wconf 78' lang='grc' dir='ltr'>παραγράφονται</span> <span class='ocrx_word' id='word_1_196' title='bbox 2855 1271 2956 1340; x_wconf 85' lang='grc' dir='ltr'><strong>τῆς</strong></span> <span class='ocrx_word' id='word_1_197' title='bbox 2984 1268 3187 1338; x_wconf 78' lang='grc' dir='ltr'>σαρκὸς</span> <span class='ocrx_word' id='word_1_198' title='bbox 3218 1267 3315 1337; x_wconf 79' lang='grc' dir='ltr'>τὴν</span> <span class='ocrx_word' id='word_1_199' title='bbox 3351 1266 3539 1336; x_wconf 60' lang='grc' dir='ltr'>φύσιν</span> <span class='ocrx_word' id='word_1_200' title='bbox 3577 1268 3671 1321; x_wconf 80' lang='grc' dir='ltr'>ἵνα</span> <span class='ocrx_word' id='word_1_201' title='bbox 3695 1268 3759 1321; x_wconf 70' lang='grc' dir='ltr'><strong>τά</strong></span> 
     </span>
    </p>
   </div>
   <div class='ocr_carea' id='block_1_30' title="bbox 2165 1358 3757 1433">
    <p class='ocr_par' dir='ltr' id='par_1_30' title="bbox 2165 1358 3757 1433">
     <span class='ocr_line' id='line_1_30' title="bbox 2165 1358 3757 1433; baseline -0.004 -18"><span class='ocrx_word' id='word_1_202' title='bbox 2165 1360 2311 1432; x_wconf 81' lang='grc' dir='ltr'>πάθη</span> <span class='ocrx_word' id='word_1_203' title='bbox 2342 1361 2548 1433; x_wconf 81' lang='grc' dir='ltr'>ταύτης</span> <span class='ocrx_word' id='word_1_204' title='bbox 2587 1361 2649 1425; x_wconf 79' lang='grc' dir='ltr'>ἐξ</span> <span class='ocrx_word' id='word_1_205' title='bbox 2693 1361 2942 1431; x_wconf 84' lang='grc' dir='ltr'><strong>ἀνάγκης</strong></span> <span class='ocrx_word' id='word_1_206' title='bbox 2970 1361 3255 1430; x_wconf 74' lang='grc' dir='ltr'>ἐπιγραφῇ</span> <span class='ocrx_word' id='word_1_207' title='bbox 3292 1359 3371 1429; x_wconf 83' lang='grc' dir='ltr'>τῷ</span> <span class='ocrx_word' id='word_1_208' title='bbox 3414 1358 3542 1429; x_wconf 78' lang='grc' dir='ltr'>Θεῷ</span> <span class='ocrx_word' id='word_1_209' title='bbox 3579 1359 3757 1428; x_wconf 75' lang='grc' dir='ltr'>Λόγῳ,</span> 
     </span>
    </p>
   </div>
   <div class='ocr_carea' id='block_1_31' title="bbox 2162 1450 3759 1528">
    <p class='ocr_par' dir='ltr' id='par_1_31' title="bbox 2162 1450 3759 1528">
     <span class='ocr_line' id='line_1_31' title="bbox 2162 1450 3759 1528; baseline -0.003 -19"><span class='ocrx_word' id='word_1_210' title='bbox 2162 1455 2425 1528; x_wconf 80' lang='grc' dir='ltr'>τραπέντι</span> <span class='ocrx_word' id='word_1_211' title='bbox 2471 1456 2570 1527; x_wconf 82' lang='grc' dir='ltr'>μὲν</span> <span class='ocrx_word' id='word_1_212' title='bbox 2604 1455 2871 1527; x_wconf 86' lang='grc' dir='ltr'>πρότερον</span> <span class='ocrx_word' id='word_1_213' title='bbox 2909 1455 2991 1518; x_wconf 85' lang='grc' dir='ltr'><strong>εἰς</strong></span> <span class='ocrx_word' id='word_1_214' title='bbox 3035 1455 3235 1524; x_wconf 82' lang='grc' dir='ltr'>σάρκα,</span> <span class='ocrx_word' id='word_1_215' title='bbox 3260 1453 3491 1507; x_wconf 78' lang='grc' dir='ltr'>παθόντι</span> <span class='ocrx_word' id='word_1_216' title='bbox 3521 1453 3584 1505; x_wconf 79' lang='grc' dir='ltr'>δὲ</span> <span class='ocrx_word' id='word_1_217' title='bbox 3607 1450 3759 1517; x_wconf 78' lang='grc' dir='ltr'>αὖθις</span> 
     </span>
    </p>
   </div>
   <div class='ocr_carea' id='block_1_32' title="bbox 2161 1545 3760 1619">
    <p class='ocr_par' dir='ltr' id='par_1_32' title="bbox 2161 1545 3760 1619">
     <span class='ocr_line' id='line_1_32' title="bbox 2161 1545 3760 1619; baseline -0.001 -20"><span class='ocrx_word' id='word_1_218' title='bbox 2161 1548 2231 1600; x_wconf 77' lang='grc' dir='ltr'><strong>τὰ</strong></span> <span class='ocrx_word' id='word_1_219' title='bbox 2259 1548 2358 1618; x_wconf 83' lang='grc' dir='ltr'>τῆς</span> <span class='ocrx_word' id='word_1_220' title='bbox 2381 1546 2604 1619; x_wconf 76' lang='grc' dir='ltr'>σαρκός.</span> <span class='ocrx_word' id='word_1_221' title='bbox 2630 1547 2741 1600; x_wconf 76' lang='grc' dir='ltr'><strong>Καὶ</strong></span> <span class='ocrx_word' id='word_1_222' title='bbox 2767 1546 2959 1598; x_wconf 88' lang='grc' dir='ltr'>τούτου</span> <span class='ocrx_word' id='word_1_223' title='bbox 3006 1545 3165 1616; x_wconf 82' lang='grc' dir='ltr'>χάριν</span> <span class='ocrx_word' id='word_1_224' title='bbox 3199 1545 3458 1615; x_wconf 77' lang='grc' dir='ltr'>ἔγκλημα</span> <span class='ocrx_word' id='word_1_225' title='bbox 3504 1547 3629 1609; x_wconf 77' lang='grc' dir='ltr'>τοῖς</span> <span class='ocrx_word' id='word_1_226' title='bbox 3674 1562 3760 1598; x_wconf 87' lang='grc' dir='ltr'>πι-</span> 
     </span>
    </p>
   </div>
   <div class='ocr_carea' id='block_1_33' title="bbox 2165 1636 3762 1710">
    <p class='ocr_par' dir='ltr' id='par_1_33' title="bbox 2165 1636 3762 1710">
     <span class='ocr_line' id='line_1_33' title="bbox 2165 1636 3762 1710; baseline -0.001 -18"><span class='ocrx_word' id='word_1_227' title='bbox 2165 1642 2311 1702; x_wconf 86' lang='grc' dir='ltr'>στοῖς</span> <span class='ocrx_word' id='word_1_228' title='bbox 2334 1638 2691 1702; x_wconf 77' lang='grc' dir='ltr'>ἐπισείουσιν,</span> <span class='ocrx_word' id='word_1_229' title='bbox 2720 1637 2978 1710; x_wconf 82' lang='grc' dir='ltr'>αύθεντίᾳ</span> <span class='ocrx_word' id='word_1_230' title='bbox 3020 1638 3156 1710; x_wconf 80' lang='grc' dir='ltr'>μόνῃ</span> <span class='ocrx_word' id='word_1_231' title='bbox 3198 1638 3267 1691; x_wconf 81' lang='grc' dir='ltr'><strong>τά</strong></span> <span class='ocrx_word' id='word_1_232' title='bbox 3291 1636 3562 1690; x_wconf 79' lang='grc' dir='ltr'>δοκοῦντα</span> <span class='ocrx_word' id='word_1_233' title='bbox 3592 1654 3762 1691; x_wconf 85' lang='grc' dir='ltr'>κατα-</span> 
     </span>
    </p>
   </div>
   <div class='ocr_carea' id='block_1_34' title="bbox 473 1728 2061 1803">
    <p class='ocr_par' dir='ltr' id='par_1_34' title="bbox 473 1732 2057 1794">
     <span class='ocr_line' id='line_1_34' title="bbox 473 1732 2057 1794; baseline 0.004 -8"><span class='ocrx_word' id='word_1_234' title='bbox 473 1732 650 1786; x_wconf 91' lang='lat' dir='ltr'><strong>solum</strong></span> <span class='ocrx_word' id='word_1_235' title='bbox 687 1732 1016 1787; x_wconf 88' lang='lat' dir='ltr'><strong>auctoritate</strong></span> <span class='ocrx_word' id='word_1_236' title='bbox 1056 1741 1388 1790; x_wconf 85' lang='lat' dir='ltr'><strong>astruentes.</strong></span> <span class='ocrx_word' id='word_1_237' title='bbox 1426 1733 1571 1791; x_wconf 89' lang='lat' dir='ltr'><strong>Sane</strong></span> <span class='ocrx_word' id='word_1_238' title='bbox 1599 1737 1646 1791; x_wconf 89' lang='lat' dir='ltr'><strong>si</strong></span> <span class='ocrx_word' id='word_1_239' title='bbox 1694 1738 1881 1793; x_wconf 90' lang='lat' dir='ltr'><strong>carnis</strong></span> <span class='ocrx_word' id='word_1_240' title='bbox 1906 1752 2057 1794; x_wconf 90' lang='lat' dir='ltr'><strong>eam-</strong></span> 
     </span>
    </p>
   </div>
   <div class='ocr_carea' id='block_1_35' title="bbox 2163 1728 3760 1803">
    <p class='ocr_par' dir='ltr' id='par_1_35' title="bbox 2163 1728 3760 1803">
     <span class='ocr_line' id='line_1_35' title="bbox 2163 1728 3760 1803; baseline -0.001 -19"><span class='ocrx_word' id='word_1_241' title='bbox 2163 1731 2534 1795; x_wconf 79' lang='grc' dir='ltr'>σκευάζοντες.</span> <span class='ocrx_word' id='word_1_242' title='bbox 2562 1732 2624 1784; x_wconf 82' lang='grc' dir='ltr'><strong>Εἰ</strong></span> <span class='ocrx_word' id='word_1_243' title='bbox 2649 1731 2749 1803; x_wconf 82' lang='grc' dir='ltr'>μὲν</span> <span class='ocrx_word' id='word_1_244' title='bbox 2770 1729 2879 1801; x_wconf 86' lang='grc' dir='ltr'><strong>γάρ</strong></span> <span class='ocrx_word' id='word_1_245' title='bbox 2905 1730 3163 1803; x_wconf 77' lang='grc' dir='ltr'>ἐλέγομεν</span> <span class='ocrx_word' id='word_1_246' title='bbox 3188 1731 3286 1801; x_wconf 76' lang='grc' dir='ltr'>τῆς</span> <span class='ocrx_word' id='word_1_247' title='bbox 3302 1730 3497 1793; x_wconf 68' lang='grc' dir='ltr'>οὐσίας</span> <span class='ocrx_word' id='word_1_248' title='bbox 3522 1728 3625 1783; x_wconf 75' lang='grc' dir='ltr'><strong>τοῦ</strong></span> <span class='ocrx_word' id='word_1_249' title='bbox 3654 1730 3760 1782; x_wconf 83' lang='grc' dir='ltr'><strong>Πα-</strong></span> 
     </span>
    </p>
   </div>
   <div class='ocr_carea' id='block_1_36' title="bbox 472 1824 2054 1899">
    <p class='ocr_par' dir='ltr' id='par_1_36' title="bbox 472 1824 2054 1899">
     <span class='ocr_line' id='line_1_36' title="bbox 472 1824 2054 1899; baseline 0.003 -20"><span class='ocrx_word' id='word_1_250' title='bbox 472 1824 595 1881; x_wconf 84' lang='lat' dir='ltr'><strong>dem</strong></span> <span class='ocrx_word' id='word_1_251' title='bbox 629 1840 753 1881; x_wconf 84' lang='lat' dir='ltr'><strong>esse</strong></span> <span class='ocrx_word' id='word_1_252' title='bbox 780 1841 946 1896; x_wconf 91' lang='lat' dir='ltr'><strong>quam</strong></span> <span class='ocrx_word' id='word_1_253' title='bbox 983 1824 1188 1891; x_wconf 87' lang='lat' dir='ltr'><strong>Patris,</strong></span> <span class='ocrx_word' id='word_1_254' title='bbox 1221 1835 1276 1882; x_wconf 90' lang='lat' dir='ltr'><strong>et</strong></span> <span class='ocrx_word' id='word_1_255' title='bbox 1337 1826 1487 1892; x_wconf 87' lang='lat' dir='ltr'><strong>Filii,</strong></span> <span class='ocrx_word' id='word_1_256' title='bbox 1519 1834 1574 1883; x_wconf 89' lang='lat' dir='ltr'><strong>et.</strong></span> <span class='ocrx_word' id='word_1_257' title='bbox 1607 1827 1847 1899; x_wconf 89' lang='lat' dir='ltr'><strong>Spiritus</strong></span> <span class='ocrx_word' id='word_1_258' title='bbox 1871 1830 2054 1887; x_wconf 85' lang='lat' dir='ltr'><strong>sancti</strong></span> 
     </span>
    </p>
   </div>
   <div class='ocr_carea' id='block_1_37' title="bbox 473 1916 2058 1993">
    <p class='ocr_par' dir='ltr' id='par_1_37' title="bbox 473 1916 2058 1993">
     <span class='ocr_line' id='line_1_37' title="bbox 473 1916 2058 1993; baseline 0.004 -22"><span class='ocrx_word' id='word_1_259' title='bbox 473 1917 837 1972; x_wconf 84' lang='lat' dir='ltr'><strong>substantiam</strong></span> <span class='ocrx_word' id='word_1_260' title='bbox 867 1916 1104 1988; x_wconf 79' lang='lat' dir='ltr'><strong>professi</strong></span> <span class='ocrx_word' id='word_1_261' title='bbox 1150 1935 1342 1976; x_wconf 90' lang='lat' dir='ltr'><strong>sumus</strong></span> <span class='ocrx_word' id='word_1_262' title='bbox 1372 1935 1639 1992; x_wconf 82' lang='lat' dir='ltr'><strong>unquam,</strong></span> <span class='ocrx_word' id='word_1_263' title='bbox 1672 1923 2058 1993; x_wconf 84' lang='lat' dir='ltr'><strong>quaternitatis</strong></span> 
     </span>
    </p>
   </div>
   <div class='ocr_carea' id='block_1_38' title="bbox 473 2012 2058 2087">
    <p class='ocr_par' dir='ltr' id='par_1_38' title="bbox 473 2012 2058 2087">
     <span class='ocr_line' id='line_1_38' title="bbox 473 2012 2058 2087; baseline 0.003 -19"><span class='ocrx_word' id='word_1_264' title='bbox 473 2028 673 2068; x_wconf 87' lang='lat' dir='ltr'><strong>nomen</strong></span> <span class='ocrx_word' id='word_1_265' title='bbox 702 2012 826 2082; x_wconf 87' lang='lat' dir='ltr'><strong>jure</strong></span> <span class='ocrx_word' id='word_1_266' title='bbox 846 2013 1006 2069; x_wconf 90' lang='lat' dir='ltr'><strong>nobis</strong></span> <span class='ocrx_word' id='word_1_267' title='bbox 1038 2014 1319 2084; x_wconf 78' lang='lat' dir='ltr'><strong>objicitur,</strong></span> <span class='ocrx_word' id='word_1_268' title='bbox 1354 2015 1556 2087; x_wconf 86' lang='lat' dir='ltr'><strong>quippe</strong></span> <span class='ocrx_word' id='word_1_269' title='bbox 1589 2016 1682 2086; x_wconf 90' lang='lat' dir='ltr'><strong>qui</strong></span> <span class='ocrx_word' id='word_1_270' title='bbox 1711 2016 1960 2073; x_wconf 89' lang='lat' dir='ltr'><strong>eamdem</strong></span> <span class='ocrx_word' id='word_1_271' title='bbox 2001 2016 2058 2072; x_wconf 91' lang='lat' dir='ltr'><strong>iu</strong></span> 
     </span>
    </p>
   </div>
   <div class='ocr_carea' id='block_1_39' title="bbox 473 2107 2057 2180">
    <p class='ocr_par' dir='ltr' id='par_1_39' title="bbox 473 2107 2057 2180">
     <span class='ocr_line' id='line_1_39' title="bbox 473 2107 2057 2180; baseline 0.003 -22"><span class='ocrx_word' id='word_1_272' title='bbox 473 2114 710 2176; x_wconf 85' lang='lat' dir='ltr'><strong>quatuor</strong></span> <span class='ocrx_word' id='word_1_273' title='bbox 724 2107 975 2176; x_wconf 86' lang='lat' dir='ltr'><strong>personis</strong></span> <span class='ocrx_word' id='word_1_274' title='bbox 993 2109 1288 2164; x_wconf 88' lang='lat' dir='ltr'><strong>essentiam</strong></span> <span class='ocrx_word' id='word_1_275' title='bbox 1310 2109 1750 2179; x_wconf 88' lang='lat' dir='ltr'><strong>contemplemur</strong></span> <span class='ocrx_word' id='word_1_276' title='bbox 1769 2127 1785 2177; x_wconf 91' lang='lat'>;</span> <span class='ocrx_word' id='word_1_277' title='bbox 1807 2110 1893 2166; x_wconf 86' lang='lat' dir='ltr'><strong>sin</strong></span> <span class='ocrx_word' id='word_1_278' title='bbox 1911 2110 2057 2180; x_wconf 91' lang='lat' dir='ltr'><strong>quod</strong></span> 
     </span>
    </p>
   </div>
   <div class='ocr_carea' id='block_1_40' title="bbox 474 2198 2056 2258">
    <p class='ocr_par' dir='ltr' id='par_1_40' title="bbox 474 2198 2056 2258">
     <span class='ocr_line' id='line_1_40' title="bbox 474 2198 2056 2258; baseline 0.003 -5"><span class='ocrx_word' id='word_1_279' title='bbox 474 2214 565 2255; x_wconf 89' lang='lat' dir='ltr'><strong>res</strong></span> <span class='ocrx_word' id='word_1_280' title='bbox 612 2208 698 2255; x_wconf 87' lang='lat' dir='ltr'><strong>est</strong></span> <span class='ocrx_word' id='word_1_281' title='bbox 743 2198 980 2257; x_wconf 89' lang='lat' dir='ltr'><strong>dicimus</strong></span> <span class='ocrx_word' id='word_1_282' title='bbox 1013 2201 1582 2258; x_wconf 87' lang='lat' dir='ltr'><strong>:consubstantialem</strong></span> <span class='ocrx_word' id='word_1_283' title='bbox 1618 2202 1769 2258; x_wconf 88' lang='lat' dir='ltr'><strong>Patri</strong></span> <span class='ocrx_word' id='word_1_284' title='bbox 1802 2218 1926 2258; x_wconf 89' lang='lat' dir='ltr'><strong>esse</strong></span> <span class='ocrx_word' id='word_1_285' title='bbox 1963 2202 2056 2258; x_wconf 83' lang='lat' dir='ltr'><strong>Fi-</strong></span> 
     </span>
    </p>
   </div>
   <div class='ocr_carea' id='block_1_41' title="bbox 474 2288 2055 2363">
    <p class='ocr_par' dir='ltr' id='par_1_41' title="bbox 474 2288 2055 2363">
     <span class='ocr_line' id='line_1_41' title="bbox 474 2288 2055 2363; baseline 0.003 -20"><span class='ocrx_word' id='word_1_286' title='bbox 474 2288 630 2353; x_wconf 87' lang='lat' dir='ltr'><strong>lium,</strong></span> <span class='ocrx_word' id='word_1_287' title='bbox 681 2290 1207 2346; x_wconf 88' lang='lat' dir='ltr'><strong>consubstantialem</strong></span> <span class='ocrx_word' id='word_1_288' title='bbox 1269 2291 1398 2346; x_wconf 79' lang='lat' dir='ltr'><strong>item</strong></span> <span class='ocrx_word' id='word_1_289' title='bbox 1449 2290 1711 2363; x_wconf 87' lang='lat' dir='ltr'><strong>Spiritum</strong></span> <span class='ocrx_word' id='word_1_290' title='bbox 1756 2302 2006 2348; x_wconf 85' lang='lat' dir='ltr'><strong>sanctum</strong></span> <span class='ocrx_word' id='word_1_291' title='bbox 2036 2332 2055 2358; x_wconf 86' lang='lat'><strong>,</strong></span> 
     </span>
    </p>
   </div>
   <div class='ocr_carea' id='block_1_42' title="bbox 477 2383 2058 2457">
    <p class='ocr_par' dir='ltr' id='par_1_42' title="bbox 477 2383 2058 2457">
     <span class='ocr_line' id='line_1_42' title="bbox 477 2383 2058 2457; baseline 0.005 -23"><span class='ocrx_word' id='word_1_292' title='bbox 477 2396 699 2437; x_wconf 84' lang='lat' dir='ltr'><strong>carnem</strong></span> <span class='ocrx_word' id='word_1_293' title='bbox 743 2398 871 2438; x_wconf 81' lang='lat' dir='ltr'><strong>vero</strong></span> <span class='ocrx_word' id='word_1_294' title='bbox 922 2383 993 2438; x_wconf 90' lang='lat' dir='ltr'><strong>ad</strong></span> <span class='ocrx_word' id='word_1_295' title='bbox 1046 2386 1370 2440; x_wconf 60' lang='lat' dir='ltr'><strong>oeconomia:</strong></span> <span class='ocrx_word' id='word_1_296' title='bbox 1408 2386 1897 2457; x_wconf 87' lang='lat' dir='ltr'><strong>complementum,</strong></span> <span class='ocrx_word' id='word_1_297' title='bbox 1946 2401 2058 2442; x_wconf 88' lang='lat' dir='ltr'><strong>non</strong></span> 
     </span>
    </p>
   </div>
   <div class='ocr_carea' id='block_1_43' title="bbox 475 2473 2053 2546">
    <p class='ocr_par' dir='ltr' id='par_1_43' title="bbox 475 2473 2053 2546">
     <span class='ocr_line' id='line_1_43' title="bbox 475 2473 2053 2546; baseline 0.001 -18"><span class='ocrx_word' id='word_1_298' title='bbox 475 2473 797 2528; x_wconf 77' lang='lat' dir='ltr'><strong>substantia:</strong></span> <span class='ocrx_word' id='word_1_299' title='bbox 829 2474 1251 2538; x_wconf 86' lang='lat' dir='ltr'><strong>incrementum,</strong></span> <span class='ocrx_word' id='word_1_300' title='bbox 1289 2486 1608 2545; x_wconf 90' lang='lat' dir='ltr'><strong>susceptam</strong></span> <span class='ocrx_word' id='word_1_301' title='bbox 1644 2494 1659 2528; x_wconf 86' lang='lat'><strong><em>:</em></strong></span> <span class='ocrx_word' id='word_1_302' title='bbox 1688 2492 1799 2546; x_wconf 91' lang='lat' dir='ltr'><strong>qua</strong></span> <span class='ocrx_word' id='word_1_303' title='bbox 1842 2477 1923 2531; x_wconf 90' lang='lat' dir='ltr'><strong>illi</strong></span> <span class='ocrx_word' id='word_1_304' title='bbox 1966 2492 2053 2532; x_wconf 78' lang='lat' dir='ltr'><strong>ra-</strong></span> 
     </span>
    </p>
   </div>
   <div class='ocr_carea' id='block_1_44' title="bbox 2160 1816 3758 1893">
    <p class='ocr_par' dir='ltr' id='par_1_44' title="bbox 2160 1816 3758 1893">
     <span class='ocr_line' id='line_1_44' title="bbox 2160 1816 3758 1893; baseline -0.001 -19"><span class='ocrx_word' id='word_1_305' title='bbox 2160 1822 2308 1893; x_wconf 80' lang='grc' dir='ltr'>τρὸς,</span> <span class='ocrx_word' id='word_1_306' title='bbox 2346 1822 2441 1875; x_wconf 76' lang='grc' dir='ltr'><strong>καὶ</strong></span> <span class='ocrx_word' id='word_1_307' title='bbox 2472 1822 2565 1875; x_wconf 75' lang='grc' dir='ltr'><strong>τοῦ</strong></span> <span class='ocrx_word' id='word_1_308' title='bbox 2598 1821 2751 1885; x_wconf 81' lang='grc' dir='ltr'>Υἱοῢ,</span> <span class='ocrx_word' id='word_1_309' title='bbox 2788 1822 2883 1875; x_wconf 82' lang='grc' dir='ltr'>καὶ</span> <span class='ocrx_word' id='word_1_310' title='bbox 2906 1820 3001 1874; x_wconf 79' lang='grc' dir='ltr'><strong>τοῦ</strong></span> <span class='ocrx_word' id='word_1_311' title='bbox 3057 1821 3212 1892; x_wconf 83' lang='grc' dir='ltr'>ἁγίου</span> <span class='ocrx_word' id='word_1_312' title='bbox 3255 1820 3587 1891; x_wconf 85' lang='grc' dir='ltr'>Πνεύματος</span> <span class='ocrx_word' id='word_1_313' title='bbox 3622 1816 3758 1874; x_wconf 78' lang='grc' dir='ltr'>εἶναι</span> 
     </span>
    </p>
   </div>
   <div class='ocr_carea' id='block_1_45' title="bbox 2160 1912 3760 1987">
    <p class='ocr_par' dir='ltr' id='par_1_45' title="bbox 2160 1912 3760 1987">
     <span class='ocr_line' id='line_1_45' title="bbox 2160 1912 3760 1987; baseline -0.001 -20"><span class='ocrx_word' id='word_1_314' title='bbox 2160 1913 2258 1985; x_wconf 67' lang='grc' dir='ltr'><strong>τὴν</strong></span> <span class='ocrx_word' id='word_1_315' title='bbox 2284 1914 2486 1987; x_wconf 86' lang='grc' dir='ltr'>σάρκα,</span> <span class='ocrx_word' id='word_1_316' title='bbox 2528 1914 2711 1978; x_wconf 85' lang='grc' dir='ltr'>καλῶς</span> <span class='ocrx_word' id='word_1_317' title='bbox 2743 1914 2977 1987; x_wconf 85' lang='grc' dir='ltr'>τετράδα</span> <span class='ocrx_word' id='word_1_318' title='bbox 3008 1912 3315 1984; x_wconf 78' lang='grc' dir='ltr'>ὠνόμαζον,</span> <span class='ocrx_word' id='word_1_319' title='bbox 3341 1913 3419 1977; x_wconf 84' lang='grc' dir='ltr'><strong>ὡς</strong></span> <span class='ocrx_word' id='word_1_320' title='bbox 3454 1914 3560 1984; x_wconf 73' lang='grc' dir='ltr'>τῆς</span> <span class='ocrx_word' id='word_1_321' title='bbox 3588 1913 3760 1983; x_wconf 68' lang='grc' dir='ltr'>αὐτῆς</span> 
     </span>
    </p>
   </div>
   <div class='ocr_carea' id='block_1_46' title="bbox 2159 2006 3760 2079">
    <p class='ocr_par' dir='ltr' id='par_1_46' title="bbox 2159 2006 3760 2079">
     <span class='ocr_line' id='line_1_46' title="bbox 2159 2006 3760 2079; baseline 0.001 -19"><span class='ocrx_word' id='word_1_322' title='bbox 2159 2008 2351 2071; x_wconf 81' lang='grc' dir='ltr'>οὐσίας</span> <span class='ocrx_word' id='word_1_323' title='bbox 2401 2009 2459 2060; x_wconf 83' lang='grc' dir='ltr'>ἐν</span> <span class='ocrx_word' id='word_1_324' title='bbox 2500 2006 2726 2079; x_wconf 87' lang='grc' dir='ltr'>τέταρσι</span> <span class='ocrx_word' id='word_1_325' title='bbox 2775 2006 3090 2079; x_wconf 81' lang='grc' dir='ltr'>προσώποις</span> <span class='ocrx_word' id='word_1_326' title='bbox 3133 2007 3559 2079; x_wconf 78' lang='grc' dir='ltr'>θεωρουμένηςο</span> <span class='ocrx_word' id='word_1_327' title='bbox 3615 2011 3668 2061; x_wconf 81' lang='grc' dir='ltr'>εἰ</span> <span class='ocrx_word' id='word_1_328' title='bbox 3705 2009 3760 2061; x_wconf 70' lang='grc' dir='ltr'>δὲ</span> 
     </span>
    </p>
   </div>
   <div class='ocr_carea' id='block_1_47' title="bbox 2160 2096 3759 2171">
    <p class='ocr_par' dir='ltr' id='par_1_47' title="bbox 2160 2096 3759 2171">
     <span class='ocr_line' id='line_1_47' title="bbox 2160 2096 3759 2171; baseline 0.001 -23"><span class='ocrx_word' id='word_1_329' title='bbox 2160 2096 2411 2169; x_wconf 78' lang='grc' dir='ltr'>λέγομεν,</span> <span class='ocrx_word' id='word_1_330' title='bbox 2454 2099 2592 2170; x_wconf 82' lang='grc' dir='ltr'>ὅπερ</span> <span class='ocrx_word' id='word_1_331' title='bbox 2638 2098 2810 2163; x_wconf 78' lang='grc' dir='ltr'>ἐστὶν,</span> <span class='ocrx_word' id='word_1_332' title='bbox 2850 2097 3135 2169; x_wconf 84' lang='grc' dir='ltr'>ὁμοούσιον</span> <span class='ocrx_word' id='word_1_333' title='bbox 3184 2098 3282 2168; x_wconf 85' lang='grc' dir='ltr'>μὲν</span> <span class='ocrx_word' id='word_1_334' title='bbox 3325 2097 3406 2168; x_wconf 82' lang='grc' dir='ltr'><strong>τῷ</strong></span> <span class='ocrx_word' id='word_1_335' title='bbox 3438 2098 3631 2171; x_wconf 78' lang='grc' dir='ltr'>Πατρὶ</span> <span class='ocrx_word' id='word_1_336' title='bbox 3673 2100 3759 2152; x_wconf 70' lang='grc' dir='ltr'>τὸν</span> 
     </span>
    </p>
   </div>
   <div class='ocr_carea' id='block_1_48' title="bbox 2161 2190 3759 2262">
    <p class='ocr_par' dir='ltr' id='par_1_48' title="bbox 2161 2190 3759 2262">
     <span class='ocr_line' id='line_1_48' title="bbox 2161 2190 3759 2262; baseline 0.001 -19"><span class='ocrx_word' id='word_1_337' title='bbox 2161 2191 2309 2257; x_wconf 72' lang='grc' dir='ltr'>Υἱὸν,</span> <span class='ocrx_word' id='word_1_338' title='bbox 2351 2190 2638 2262; x_wconf 86' lang='grc' dir='ltr'>ὀμοούσιον</span> <span class='ocrx_word' id='word_1_339' title='bbox 2679 2192 2737 2245; x_wconf 84' lang='grc' dir='ltr'>δὲ</span> <span class='ocrx_word' id='word_1_340' title='bbox 2783 2190 2846 2246; x_wconf 82' lang='grc' dir='ltr'>τὸ</span> <span class='ocrx_word' id='word_1_341' title='bbox 2888 2192 3116 2262; x_wconf 82' lang='grc' dir='ltr'>Πνεῦμα</span> <span class='ocrx_word' id='word_1_342' title='bbox 3145 2191 3208 2244; x_wconf 86' lang='grc' dir='ltr'>τὸ</span> <span class='ocrx_word' id='word_1_343' title='bbox 3246 2191 3435 2260; x_wconf 81' lang='grc' dir='ltr'>ἅγιον·</span> <span class='ocrx_word' id='word_1_344' title='bbox 3472 2192 3759 2262; x_wconf 70' lang='grc' dir='ltr'>εἰληφέναι</span> 
     </span>
    </p>
   </div>
   <div class='ocr_carea' id='block_1_49' title="bbox 2158 2281 3760 2354">
    <p class='ocr_par' dir='ltr' id='par_1_49' title="bbox 2158 2281 3760 2354">
     <span class='ocr_line' id='line_1_49' title="bbox 2158 2281 3760 2354; baseline 0.001 -20"><span class='ocrx_word' id='word_1_345' title='bbox 2158 2281 2217 2334; x_wconf 82' lang='grc' dir='ltr'>δὲ</span> <span class='ocrx_word' id='word_1_346' title='bbox 2256 2282 2356 2353; x_wconf 84' lang='grc' dir='ltr'>τὴν</span> <span class='ocrx_word' id='word_1_347' title='bbox 2391 2282 2572 2354; x_wconf 87' lang='grc' dir='ltr'>σάρκα</span> <span class='ocrx_word' id='word_1_348' title='bbox 2615 2285 2696 2346; x_wconf 82' lang='grc' dir='ltr'><strong>είς</strong></span> <span class='ocrx_word' id='word_1_349' title='bbox 2740 2281 3092 2354; x_wconf 79' lang='grc' dir='ltr'>ἐκπλήρωσιν</span> <span class='ocrx_word' id='word_1_350' title='bbox 3134 2282 3474 2354; x_wconf 84' lang='grc' dir='ltr'>οἰκονομίας,</span> <span class='ocrx_word' id='word_1_351' title='bbox 3528 2283 3635 2337; x_wconf 79' lang='grc' dir='ltr'>οὐκ</span> <span class='ocrx_word' id='word_1_352' title='bbox 3683 2286 3760 2346; x_wconf 80' lang='grc' dir='ltr'><strong>είς</strong></span> 
     </span>
    </p>
   </div>
   <div class='ocr_carea' id='block_1_50' title="bbox 2159 2372 3760 2448">
    <p class='ocr_par' dir='ltr' id='par_1_50' title="bbox 2159 2372 3760 2448">
     <span class='ocr_line' id='line_1_50' title="bbox 2159 2372 3760 2448; baseline 0.003 -24"><span class='ocrx_word' id='word_1_353' title='bbox 2159 2372 2387 2443; x_wconf 73' lang='grc' dir='ltr'>αὔξησιν</span> <span class='ocrx_word' id='word_1_354' title='bbox 2418 2373 2639 2437; x_wconf 80' lang='grc' dir='ltr'>οὐσίας’</span> <span class='ocrx_word' id='word_1_355' title='bbox 2677 2373 2795 2437; x_wconf 83' lang='grc' dir='ltr'><strong>πῶς</strong></span> <span class='ocrx_word' id='word_1_356' title='bbox 2840 2373 3076 2446; x_wconf 80' lang='grc' dir='ltr'>ἀριθμοῦ</span> <span class='ocrx_word' id='word_1_357' title='bbox 3124 2374 3445 2447; x_wconf 84' lang='grc' dir='ltr'>προσθήκην</span> <span class='ocrx_word' id='word_1_358' title='bbox 3501 2377 3760 2448; x_wconf 63' lang='grc' dir='ltr'>ἐργάζοίθ</span> 
     </span>
    </p>
   </div>
   <div class='ocr_carea' id='block_1_51' title="bbox 2158 2465 3753 2539">
    <p class='ocr_par' dir='ltr' id='par_1_51' title="bbox 2158 2465 3753 2539">
     <span class='ocr_line' id='line_1_51' title="bbox 2158 2465 3753 2539; baseline 0.004 -24"><span class='ocrx_word' id='word_1_359' title='bbox 2158 2480 2267 2528; x_wconf 86' lang='grc' dir='ltr'>ται,</span> <span class='ocrx_word' id='word_1_360' title='bbox 2292 2465 2393 2534; x_wconf 85' lang='grc' dir='ltr'>τῆς</span> <span class='ocrx_word' id='word_1_361' title='bbox 2420 2465 2623 2536; x_wconf 85' lang='grc' dir='ltr'>σαρκὸς</span> <span class='ocrx_word' id='word_1_362' title='bbox 2647 2465 2747 2538; x_wconf 81' lang='grc' dir='ltr'>τὴν</span> <span class='ocrx_word' id='word_1_363' title='bbox 2776 2466 2937 2537; x_wconf 89' lang='grc' dir='ltr'>φύσιν</span> <span class='ocrx_word' id='word_1_364' title='bbox 2980 2466 3232 2520; x_wconf 78' lang='grc' dir='ltr'>τοσοῦτον</span> <span class='ocrx_word' id='word_1_365' title='bbox 3261 2467 3753 2539; x_wconf 83' lang='grc' dir='ltr'>παρηλλαγμένην.</span> 
     </span>
    </p>
   </div>
   <div class='ocr_carea' id='block_1_52' title="bbox 473 2556 2061 2632">
    <p class='ocr_par' dir='ltr' id='par_1_52' title="bbox 473 2565 2059 2624">
     <span class='ocr_line' id='line_1_52' title="bbox 473 2565 2059 2624; baseline 0.002 -4"><span class='ocrx_word' id='word_1_366' title='bbox 473 2566 625 2621; x_wconf 89' lang='lat' dir='ltr'><strong>tione</strong></span> <span class='ocrx_word' id='word_1_367' title='bbox 664 2566 1036 2621; x_wconf 87' lang='lat' dir='ltr'><strong>accessionem</strong></span> <span class='ocrx_word' id='word_1_368' title='bbox 1067 2565 1284 2621; x_wconf 89' lang='lat' dir='ltr'><strong>numeri</strong></span> <span class='ocrx_word' id='word_1_369' title='bbox 1328 2581 1396 2620; x_wconf 75' lang='lat' dir='ltr'><strong>ex</strong></span> <span class='ocrx_word' id='word_1_370' title='bbox 1426 2567 1611 2622; x_wconf 78' lang='lat' dir='ltr'><strong>carnis</strong></span> <span class='ocrx_word' id='word_1_371' title='bbox 1658 2574 1855 2622; x_wconf 87' lang='lat' dir='ltr'><strong>natura</strong></span> <span class='ocrx_word' id='word_1_372' title='bbox 1894 2567 2059 2624; x_wconf 83' lang='lat' dir='ltr'><strong>fabri-</strong></span> 
     </span>
    </p>
   </div>
   <div class='ocr_carea' id='block_1_53' title="bbox 2163 2556 3754 2632">
    <p class='ocr_par' dir='ltr' id='par_1_53' title="bbox 2163 2556 3754 2632">
     <span class='ocr_line' id='line_1_53' title="bbox 2163 2556 3754 2632; baseline 0.004 -25"><span class='ocrx_word' id='word_1_373' title='bbox 2163 2556 2234 2620; x_wconf 82' lang='grc' dir='ltr'>ὡς</span> <span class='ocrx_word' id='word_1_374' title='bbox 2269 2557 2458 2628; x_wconf 76' lang='grc' dir='ltr'>ἕτερον</span> <span class='ocrx_word' id='word_1_375' title='bbox 2508 2557 2802 2628; x_wconf 88' lang='grc' dir='ltr'>πρόσωπον</span> <span class='ocrx_word' id='word_1_376' title='bbox 2840 2561 3229 2630; x_wconf 82' lang='grc' dir='ltr'>ἐπεισάγοντες</span> <span class='ocrx_word' id='word_1_377' title='bbox 3276 2560 3607 2632; x_wconf 85' lang='grc' dir='ltr'>ὁμοούσιον;</span> <span class='ocrx_word' id='word_1_378' title='bbox 3669 2563 3754 2614; x_wconf 75' lang='grc' dir='ltr'><strong>καί</strong></span> 
     </span>
    </p>
   </div>
   <div class='ocr_carea' id='block_1_54' title="bbox 472 2647 2061 2725">
    <p class='ocr_par' dir='ltr' id='par_1_54' title="bbox 472 2657 2058 2723">
     <span class='ocr_line' id='line_1_54' title="bbox 472 2657 2058 2723; baseline 0.002 -9"><span class='ocrx_word' id='word_1_379' title='bbox 472 2666 625 2723; x_wconf 74' lang='lat' dir='ltr'><strong>cant,</strong></span> <span class='ocrx_word' id='word_1_380' title='bbox 662 2657 799 2713; x_wconf 91' lang='lat' dir='ltr'><strong>adeo</strong></span> <span class='ocrx_word' id='word_1_381' title='bbox 856 2657 1151 2721; x_wconf 78' lang='lat' dir='ltr'><strong>diversam,</strong></span> <span class='ocrx_word' id='word_1_382' title='bbox 1186 2672 1252 2712; x_wconf 90' lang='lat' dir='ltr'><strong>ac</strong></span> <span class='ocrx_word' id='word_1_383' title='bbox 1321 2658 1367 2713; x_wconf 89' lang='lat' dir='ltr'><strong>si</strong></span> <span class='ocrx_word' id='word_1_384' title='bbox 1415 2659 1521 2713; x_wconf 91' lang='lat' dir='ltr'><strong>alia</strong></span> <span class='ocrx_word' id='word_1_385' title='bbox 1571 2658 2058 2717; x_wconf 87' lang='lat' dir='ltr'><strong>consubstantialis</strong></span> 
     </span>
    </p>
   </div>
   <div class='ocr_carea' id='block_1_55' title="bbox 2163 2647 3755 2725">
    <p class='ocr_par' dir='ltr' id='par_1_55' title="bbox 2163 2647 3755 2725">
     <span class='ocr_line' id='line_1_55' title="bbox 2163 2647 3755 2725; baseline 0.003 -25"><span class='ocrx_word' id='word_1_386' title='bbox 2163 2647 2317 2701; x_wconf 79' lang='grc' dir='ltr'>τοῦτο</span> <span class='ocrx_word' id='word_1_387' title='bbox 2352 2649 2414 2701; x_wconf 85' lang='grc' dir='ltr'>οὐ</span> <span class='ocrx_word' id='word_1_388' title='bbox 2453 2647 2577 2702; x_wconf 78' lang='grc' dir='ltr'>καθ’</span> <span class='ocrx_word' id='word_1_389' title='bbox 2624 2650 2823 2722; x_wconf 79' lang='grc' dir='ltr'>ἑαυτὴν</span> <span class='ocrx_word' id='word_1_390' title='bbox 2872 2653 3045 2725; x_wconf 82' lang='grc' dir='ltr'>αὐτῆς</span> <span class='ocrx_word' id='word_1_391' title='bbox 3089 2653 3502 2725; x_wconf 78' lang='grc' dir='ltr'>θεωρουμένης,</span> <span class='ocrx_word' id='word_1_392' title='bbox 3551 2652 3673 2706; x_wconf 73' lang='grc' dir='ltr'>ἀλλ’</span> <span class='ocrx_word' id='word_1_393' title='bbox 3701 2655 3755 2706; x_wconf 85' lang='grc' dir='ltr'>ἐν</span> 
     </span>
    </p>
   </div>
   <div class='ocr_carea' id='block_1_56' title="bbox 476 2741 2061 2822">
    <p class='ocr_par' dir='ltr' id='par_1_56' title="bbox 476 2747 2059 2822">
     <span class='ocr_line' id='line_1_56' title="bbox 476 2747 2059 2822; baseline 0.002 -18"><span class='ocrx_word' id='word_1_394' title='bbox 476 2765 714 2820; x_wconf 89' lang='lat' dir='ltr'><strong>persona</strong></span> <span class='ocrx_word' id='word_1_395' title='bbox 768 2758 938 2816; x_wconf 86' lang='lat' dir='ltr'><strong>esset,</strong></span> <span class='ocrx_word' id='word_1_396' title='bbox 984 2747 1522 2819; x_wconf 79' lang='lat' dir='ltr'><strong>superinducentes?</strong></span> <span class='ocrx_word' id='word_1_397' title='bbox 1560 2766 1739 2822; x_wconf 90' lang='lat' dir='ltr'><strong>neque</strong></span> <span class='ocrx_word' id='word_1_398' title='bbox 1786 2750 1842 2805; x_wconf 90' lang='lat' dir='ltr'><strong>id</strong></span> <span class='ocrx_word' id='word_1_399' title='bbox 1874 2758 2059 2807; x_wconf 89' lang='lat' dir='ltr'><strong>tamen</strong></span> 
     </span>
    </p>
   </div>
   <div class='ocr_carea' id='block_1_57' title="bbox 2163 2741 3753 2822">
    <p class='ocr_par' dir='ltr' id='par_1_57' title="bbox 2163 2741 3753 2818">
     <span class='ocr_line' id='line_1_57' title="bbox 2163 2741 3753 2818; baseline -0.006 -17"><span class='ocrx_word' id='word_1_400' title='bbox 2163 2741 2451 2813; x_wconf 80' lang='grc' dir='ltr'>ἀχωρίστῳ</span> <span class='ocrx_word' id='word_1_401' title='bbox 2494 2742 2762 2815; x_wconf 80' lang='grc' dir='ltr'>συναφείᾳ</span> <span class='ocrx_word' id='word_1_402' title='bbox 2802 2743 2941 2814; x_wconf 86' lang='grc' dir='ltr'>πρὸς</span> <span class='ocrx_word' id='word_1_403' title='bbox 2990 2744 3085 2797; x_wconf 84' lang='grc' dir='ltr'>τὸν</span> <span class='ocrx_word' id='word_1_404' title='bbox 3130 2744 3473 2812; x_wconf 83' lang='grc' dir='ltr'>Θεὸν“Λόγον</span> <span class='ocrx_word' id='word_1_405' title='bbox 3500 2748 3753 2818; x_wconf 69' lang='grc' dir='ltr'>γνωριζο-</span> 
     </span>
    </p>
   </div>
   <div class='ocr_carea' id='block_1_58' title="bbox 474 2831 2061 2913">
    <p class='ocr_par' dir='ltr' id='par_1_58' title="bbox 474 2840 2058 2913">
     <span class='ocr_line' id='line_1_58' title="bbox 474 2840 2058 2913; baseline 0.001 -18"><span class='ocrx_word' id='word_1_406' title='bbox 474 2856 642 2897; x_wconf 89' lang='lat' dir='ltr'><strong>carne</strong></span> <span class='ocrx_word' id='word_1_407' title='bbox 690 2841 749 2895; x_wconf 84' lang='lat' dir='ltr'><strong>in</strong></span> <span class='ocrx_word' id='word_1_408' title='bbox 784 2857 845 2896; x_wconf 92' lang='lat' dir='ltr'><strong>se</strong></span> <span class='ocrx_word' id='word_1_409' title='bbox 899 2840 1014 2911; x_wconf 82' lang='lat' dir='ltr'><strong>ipsa</strong></span> <span class='ocrx_word' id='word_1_410' title='bbox 1049 2840 1436 2907; x_wconf 85' lang='lat' dir='ltr'><strong>considerata,</strong></span> <span class='ocrx_word' id='word_1_411' title='bbox 1466 2841 1563 2896; x_wconf 88' lang='lat' dir='ltr'><strong>sed</strong></span> <span class='ocrx_word' id='word_1_412' title='bbox 1602 2841 1659 2897; x_wconf 93' lang='lat' dir='ltr'><strong>in</strong></span> <span class='ocrx_word' id='word_1_413' title='bbox 1706 2842 2058 2913; x_wconf 88' lang='lat' dir='ltr'><strong>inseparabili</strong></span> 
     </span>
    </p>
   </div>
   <div class='ocr_carea' id='block_1_59' title="bbox 2163 2831 3747 2913">
    <p class='ocr_par' dir='ltr' id='par_1_59' title="bbox 2163 2831 3747 2909">
     <span class='ocr_line' id='line_1_59' title="bbox 2163 2831 3747 2909; baseline 0.004 -25"><span class='ocrx_word' id='word_1_414' title='bbox 2163 2832 2365 2904; x_wconf 77' lang='grc' dir='ltr'>μένης’</span> <span class='ocrx_word' id='word_1_415' title='bbox 2402 2831 2543 2886; x_wconf 81' lang='grc' dir='ltr'>ὥστε</span> <span class='ocrx_word' id='word_1_416' title='bbox 2575 2834 2774 2905; x_wconf 83' lang='grc' dir='ltr'>μηκέτι</span> <span class='ocrx_word' id='word_1_417' title='bbox 2822 2835 3239 2907; x_wconf 73' lang='grc' dir='ltr'>κεχωρισμένην</span> <span class='ocrx_word' id='word_1_418' title='bbox 3281 2836 3454 2908; x_wconf 74' lang='grc' dir='ltr'>αὐτὴν</span> <span class='ocrx_word' id='word_1_419' title='bbox 3501 2838 3747 2909; x_wconf 68' lang='grc' dir='ltr'>ὁρᾶσθαι,</span> 
     </span>
    </p>
   </div>
   <div class='ocr_carea' id='block_1_60' title="bbox 475 2924 2061 3003">
    <p class='ocr_par' dir='ltr' id='par_1_60' title="bbox 475 2927 2060 3003">
     <span class='ocr_line' id='line_1_60' title="bbox 475 2927 2060 3003; baseline 0.001 -17"><span class='ocrx_word' id='word_1_420' title='bbox 475 2946 603 2986; x_wconf 90' lang='lat' dir='ltr'><strong>cum</strong></span> <span class='ocrx_word' id='word_1_421' title='bbox 652 2929 762 2985; x_wconf 82' lang='lat' dir='ltr'><strong>Deo</strong></span> <span class='ocrx_word' id='word_1_422' title='bbox 794 2927 977 2985; x_wconf 81' lang='lat' dir='ltr'><strong>Verbo</strong></span> <span class='ocrx_word' id='word_1_423' title='bbox 1003 2929 1397 2998; x_wconf 89' lang='lat' dir='ltr'><strong>conjunctione</strong></span> <span class='ocrx_word' id='word_1_424' title='bbox 1429 2931 1636 3002; x_wconf 82' lang='lat' dir='ltr'><strong>agnita,</strong></span> <span class='ocrx_word' id='word_1_425' title='bbox 1694 2940 1756 2986; x_wconf 85' lang='lat' dir='ltr'><strong>ut</strong></span> <span class='ocrx_word' id='word_1_426' title='bbox 1784 2947 1851 2989; x_wconf 89' lang='lat' dir='ltr'><strong>ea</strong></span> <span class='ocrx_word' id='word_1_427' title='bbox 1879 2946 2060 3003; x_wconf 84' lang='lat' dir='ltr'><strong>neque</strong></span> 
     </span>
    </p>
   </div>
   <div class='ocr_carea' id='block_1_61' title="bbox 2163 2924 3745 3003">
    <p class='ocr_par' dir='ltr' id='par_1_61' title="bbox 2164 2924 3745 3002">
     <span class='ocr_line' id='line_1_61' title="bbox 2164 2924 3745 3002; baseline 0.005 -26"><span class='ocrx_word' id='word_1_428' title='bbox 2164 2925 2303 2996; x_wconf 87' lang='grc' dir='ltr'>μήτε</span> <span class='ocrx_word' id='word_1_429' title='bbox 2341 2924 2417 2987; x_wconf 85' lang='grc' dir='ltr'>ὡς</span> <span class='ocrx_word' id='word_1_430' title='bbox 2465 2924 2861 2998; x_wconf 60' lang='grc' dir='ltr'>όμοούσιονπῷ</span> <span class='ocrx_word' id='word_1_431' title='bbox 2896 2928 2998 2999; x_wconf 79' lang='grc' dir='ltr'><strong>[σῳ</strong></span> <span class='ocrx_word' id='word_1_432' title='bbox 3043 2928 3231 2999; x_wconf 79' lang='grc' dir='ltr'>τρόπῳ</span> <span class='ocrx_word' id='word_1_433' title='bbox 3273 2930 3745 3002; x_wconf 78' lang='grc' dir='ltr'>συναριθμεῖσθαι.</span> 
     </span>
    </p>
   </div>
   <div class='ocr_carea' id='block_1_62' title="bbox 477 3014 2061 3117">
    <p class='ocr_par' dir='ltr' id='par_1_62' title="bbox 477 3023 2059 3096">
     <span class='ocr_line' id='line_1_62' title="bbox 477 3023 2059 3096; baseline 0.001 -17"><span class='ocrx_word' id='word_1_434' title='bbox 477 3025 712 3096; x_wconf 89' lang='lat' dir='ltr'><strong>amplius</strong></span> <span class='ocrx_word' id='word_1_435' title='bbox 747 3023 1001 3079; x_wconf 84' lang='lat' dir='ltr'><strong>videatur</strong></span> <span class='ocrx_word' id='word_1_436' title='bbox 1059 3031 1335 3094; x_wconf 81' lang='lat' dir='ltr'><strong>separata,</strong></span> <span class='ocrx_word' id='word_1_437' title='bbox 1372 3040 1549 3096; x_wconf 88' lang='lat' dir='ltr'><strong>neque</strong></span> <span class='ocrx_word' id='word_1_438' title='bbox 1582 3032 1642 3079; x_wconf 90' lang='lat' dir='ltr'><strong>ut</strong></span> <span class='ocrx_word' id='word_1_439' title='bbox 1689 3026 2059 3082; x_wconf 82' lang='lat' dir='ltr'><strong>consubstan-</strong></span> 
     </span>
    </p>
   </div>
   <div class='ocr_carea' id='block_1_63' title="bbox 2163 3014 3750 3117">
    <p class='ocr_par' dir='ltr' id='par_1_63' title="bbox 2174 3014 3750 3097">
     <span class='ocr_line' id='line_1_63' title="bbox 2174 3014 3750 3097; baseline 0.005 -27"><span class='ocrx_word' id='word_1_440' title='bbox 2174 3018 2235 3070; x_wconf 86' lang='lat'><strong>&#39;0</strong></span> <span class='ocrx_word' id='word_1_441' title='bbox 2267 3018 2368 3089; x_wconf 84' lang='grc' dir='ltr'>μὲν</span> <span class='ocrx_word' id='word_1_442' title='bbox 2396 3014 2491 3073; x_wconf 79' lang='grc' dir='ltr'>οὖν</span> <span class='ocrx_word' id='word_1_443' title='bbox 2534 3020 2803 3093; x_wconf 79' lang='grc' dir='ltr'>ἡμέτερος</span> <span class='ocrx_word' id='word_1_444' title='bbox 2854 3020 3011 3091; x_wconf 84' lang='grc' dir='ltr'>λόγος</span> <span class='ocrx_word' id='word_1_445' title='bbox 3057 3022 3151 3076; x_wconf 74' lang='grc' dir='ltr'><strong>καὶ</strong></span> <span class='ocrx_word' id='word_1_446' title='bbox 3198 3022 3299 3095; x_wconf 76' lang='grc' dir='ltr'>τὴν</span> <span class='ocrx_word' id='word_1_447' title='bbox 3339 3024 3750 3097; x_wconf 76' lang='grc' dir='ltr'>ἐνανθρὼπηςιν</span> 
     </span>
    </p>
   </div>
   <div class='ocr_carea' id='block_1_64' title="bbox 476 3115 2059 3186">
    <p class='ocr_par' dir='ltr' id='par_1_64' title="bbox 476 3115 2059 3186">
     <span class='ocr_line' id='line_1_64' title="bbox 476 3115 2059 3186; baseline 0.001 -15"><span class='ocrx_word' id='word_1_448' title='bbox 476 3117 627 3172; x_wconf 88' lang='lat' dir='ltr'><strong>tialis</strong></span> <span class='ocrx_word' id='word_1_449' title='bbox 686 3116 913 3186; x_wconf 86' lang='lat' dir='ltr'><strong>reliquis</strong></span> <span class='ocrx_word' id='word_1_450' title='bbox 970 3115 1222 3185; x_wconf 86' lang='lat' dir='ltr'><strong>personis</strong></span> <span class='ocrx_word' id='word_1_451' title='bbox 1282 3115 1401 3184; x_wconf 88' lang='lat' dir='ltr'><strong>pari</strong></span> <span class='ocrx_word' id='word_1_452' title='bbox 1443 3115 1604 3171; x_wconf 92' lang='lat' dir='ltr'><strong>modo</strong></span> <span class='ocrx_word' id='word_1_453' title='bbox 1646 3124 2059 3173; x_wconf 88' lang='lat' dir='ltr'><strong>annumeretur.</strong></span> 
     </span>
    </p>
   </div>
   <div class='ocr_carea' id='block_1_65' title="bbox 477 3192 2062 3277">
    <p class='ocr_par' dir='ltr' id='par_1_65' title="bbox 477 3192 2062 3277">
     <span class='ocr_line' id='line_1_65' title="bbox 477 3192 2062 3277; baseline 0.001 -17"><span class='ocrx_word' id='word_1_454' title='bbox 477 3205 676 3262; x_wconf 76' lang='lat' dir='ltr'><strong>Noster</strong></span> <span class='ocrx_word' id='word_1_455' title='bbox 705 3205 872 3276; x_wconf 88' lang='lat' dir='ltr'><strong>igitur</strong></span> <span class='ocrx_word' id='word_1_456' title='bbox 900 3220 1083 3260; x_wconf 87' lang='lat' dir='ltr'><strong>sermo</strong></span> <span class='ocrx_word' id='word_1_457' title='bbox 1116 3192 1551 3260; x_wconf 77' lang='lat' dir='ltr'><strong>incarnationem</strong></span> <span class='ocrx_word' id='word_1_458' title='bbox 1583 3206 1892 3277; x_wconf 89' lang='lat' dir='ltr'><strong>proﬁtetur,</strong></span> <span class='ocrx_word' id='word_1_459' title='bbox 1922 3221 2062 3277; x_wconf 89' lang='lat' dir='ltr'><strong>qua-</strong></span> 
     </span>
    </p>
   </div>
   <div class='ocr_carea' id='block_1_66' title="bbox 477 3295 2062 3362">
    <p class='ocr_par' dir='ltr' id='par_1_66' title="bbox 477 3295 2062 3362">
     <span class='ocr_line' id='line_1_66' title="bbox 477 3295 2062 3362; baseline 0.001 -11"><span class='ocrx_word' id='word_1_460' title='bbox 477 3298 817 3362; x_wconf 83' lang='lat' dir='ltr'><strong>ternitatem,</strong></span> <span class='ocrx_word' id='word_1_461' title='bbox 848 3305 908 3350; x_wconf 91' lang='lat' dir='ltr'><strong>ut</strong></span> <span class='ocrx_word' id='word_1_462' title='bbox 960 3295 1096 3361; x_wconf 81' lang='lat' dir='ltr'><strong>dixi,</strong></span> <span class='ocrx_word' id='word_1_463' title='bbox 1125 3310 1237 3349; x_wconf 89' lang='lat' dir='ltr'><strong>non</strong></span> <span class='ocrx_word' id='word_1_464' title='bbox 1296 3295 1529 3361; x_wconf 79' lang='lat' dir='ltr'><strong>inducit,</strong></span> <span class='ocrx_word' id='word_1_465' title='bbox 1571 3304 1625 3353; x_wconf 87' lang='lat' dir='ltr'><strong>et.</strong></span> <span class='ocrx_word' id='word_1_466' title='bbox 1658 3295 1824 3353; x_wconf 79' lang='lat' dir='ltr'><strong>Verbi</strong></span> <span class='ocrx_word' id='word_1_467' title='bbox 1878 3305 2062 3353; x_wconf 88' lang='lat' dir='ltr'><strong>tuetur</strong></span> 
     </span>
    </p>
   </div>
   <div class='ocr_carea' id='block_1_67' title="bbox 479 3386 2060 3459">
    <p class='ocr_par' dir='ltr' id='par_1_67' title="bbox 479 3386 2060 3459">
     <span class='ocr_line' id='line_1_67' title="bbox 479 3386 2060 3459; baseline 0 -14"><span class='ocrx_word' id='word_1_468' title='bbox 479 3389 1005 3459; x_wconf 84' lang='lat' dir='ltr'><strong>impassibilitatem,</strong></span> <span class='ocrx_word' id='word_1_469' title='bbox 1032 3395 1087 3442; x_wconf 89' lang='lat' dir='ltr'><strong>et</strong></span> <span class='ocrx_word' id='word_1_470' title='bbox 1118 3386 1421 3457; x_wconf 85' lang='lat' dir='ltr'><strong>Scripturis</strong></span> <span class='ocrx_word' id='word_1_471' title='bbox 1457 3389 1731 3445; x_wconf 83' lang='lat' dir='ltr'><strong>universis</strong></span> <span class='ocrx_word' id='word_1_472' title='bbox 1758 3391 2060 3445; x_wconf 88' lang='lat' dir='ltr'><strong>consentit.</strong></span> 
     </span>
    </p>
   </div>
   <div class='ocr_carea' id='block_1_68' title="bbox 478 3476 2061 3537">
    <p class='ocr_par' dir='ltr' id='par_1_68' title="bbox 478 3476 2061 3537">
     <span class='ocr_line' id='line_1_68' title="bbox 478 3476 2061 3537; baseline 0.001 -2"><span class='ocrx_word' id='word_1_473' title='bbox 478 3479 936 3535; x_wconf 84' lang='lat' dir='ltr'><strong>Adversariorum</strong></span> <span class='ocrx_word' id='word_1_474' title='bbox 994 3492 1127 3533; x_wconf 81' lang='lat' dir='ltr'><strong>vero</strong></span> <span class='ocrx_word' id='word_1_475' title='bbox 1178 3476 1430 3532; x_wconf 87' lang='lat' dir='ltr'><strong>doctrina</strong></span> <span class='ocrx_word' id='word_1_476' title='bbox 1454 3486 1509 3534; x_wconf 89' lang='lat' dir='ltr'><strong>et</strong></span> <span class='ocrx_word' id='word_1_477' title='bbox 1550 3479 1709 3535; x_wconf 91' lang='lat' dir='ltr'><strong>ﬁdem</strong></span> <span class='ocrx_word' id='word_1_478' title='bbox 1746 3496 1962 3537; x_wconf 90' lang='lat' dir='ltr'><strong>omnem</strong></span> <span class='ocrx_word' id='word_1_479' title='bbox 1993 3481 2061 3537; x_wconf 87' lang='lat' dir='ltr'><strong>iis</strong></span> 
     </span>
    </p>
   </div>
   <div class='ocr_carea' id='block_1_69' title="bbox 479 3569 2064 3642">
    <p class='ocr_par' dir='ltr' id='par_1_69' title="bbox 479 3569 2064 3642">
     <span class='ocr_line' id='line_1_69' title="bbox 479 3569 2064 3642; baseline 0.002 -18"><span class='ocrx_word' id='word_1_480' title='bbox 479 3586 603 3642; x_wconf 70' lang='lat' dir='ltr'><strong>qua:</strong></span> <span class='ocrx_word' id='word_1_481' title='bbox 633 3571 702 3627; x_wconf 88' lang='lat' dir='ltr'><strong>ab</strong></span> <span class='ocrx_word' id='word_1_482' title='bbox 736 3571 894 3625; x_wconf 90' lang='lat' dir='ltr'><strong>initio</strong></span> <span class='ocrx_word' id='word_1_483' title='bbox 931 3569 1138 3638; x_wconf 91' lang='lat' dir='ltr'><strong>scripta</strong></span> <span class='ocrx_word' id='word_1_484' title='bbox 1171 3576 1301 3624; x_wconf 88' lang='lat' dir='ltr'><strong>sunt</strong></span> <span class='ocrx_word' id='word_1_485' title='bbox 1332 3578 1514 3641; x_wconf 84' lang='lat' dir='ltr'><strong>negat,</strong></span> <span class='ocrx_word' id='word_1_486' title='bbox 1546 3578 1602 3626; x_wconf 87' lang='lat' dir='ltr'><strong>et</strong></span> <span class='ocrx_word' id='word_1_487' title='bbox 1632 3572 1818 3627; x_wconf 87' lang='lat' dir='ltr'><strong>carnis</strong></span> <span class='ocrx_word' id='word_1_488' title='bbox 1846 3588 2064 3628; x_wconf 83' lang='lat' dir='ltr'><strong>assum-</strong></span> 
     </span>
    </p>
   </div>
   <div class='ocr_carea' id='block_1_70' title="bbox 479 3660 2063 3734">
    <p class='ocr_par' dir='ltr' id='par_1_70' title="bbox 479 3660 2063 3734">
     <span class='ocr_line' id='line_1_70' title="bbox 479 3660 2063 3734; baseline 0.003 -20"><span class='ocrx_word' id='word_1_489' title='bbox 479 3663 726 3734; x_wconf 81' lang='lat' dir='ltr'><strong>ptionem</strong></span> <span class='ocrx_word' id='word_1_490' title='bbox 763 3662 978 3732; x_wconf 82' lang='lat' dir='ltr'><strong>rejicit;</strong></span> <span class='ocrx_word' id='word_1_491' title='bbox 1005 3662 1242 3731; x_wconf 78' lang='lat' dir='ltr'><strong>denique</strong></span> <span class='ocrx_word' id='word_1_492' title='bbox 1273 3669 1368 3716; x_wconf 85' lang='lat' dir='ltr'><strong>aut</strong></span> <span class='ocrx_word' id='word_1_493' title='bbox 1403 3660 1641 3718; x_wconf 81' lang='lat' dir='ltr'><strong>Verbum</strong></span> <span class='ocrx_word' id='word_1_494' title='bbox 1678 3661 1846 3718; x_wconf 88' lang='lat' dir='ltr'><strong>Deum</strong></span> <span class='ocrx_word' id='word_1_495' title='bbox 1885 3672 2063 3718; x_wconf 87' lang='lat' dir='ltr'><strong>muta-</strong></span> 
     </span>
    </p>
   </div>
   <div class='ocr_carea' id='block_1_71' title="bbox 478 3753 2062 3826">
    <p class='ocr_par' dir='ltr' id='par_1_71' title="bbox 478 3753 2062 3826">
     <span class='ocr_line' id='line_1_71' title="bbox 478 3753 2062 3826; baseline 0.003 -20"><span class='ocrx_word' id='word_1_496' title='bbox 478 3763 596 3807; x_wconf 89' lang='lat' dir='ltr'><strong>tum</strong></span> <span class='ocrx_word' id='word_1_497' title='bbox 628 3764 683 3810; x_wconf 91' lang='lat' dir='ltr'><strong>et</strong></span> <span class='ocrx_word' id='word_1_498' title='bbox 717 3770 959 3825; x_wconf 89' lang='lat' dir='ltr'><strong>passum,</strong></span> <span class='ocrx_word' id='word_1_499' title='bbox 993 3762 1089 3808; x_wconf 86' lang='lat' dir='ltr'><strong>aut</strong></span> <span class='ocrx_word' id='word_1_500' title='bbox 1121 3754 1243 3809; x_wconf 89' lang='lat' dir='ltr'><strong>ﬁcte</strong></span> <span class='ocrx_word' id='word_1_501' title='bbox 1265 3761 1420 3825; x_wconf 87' lang='lat' dir='ltr'><strong>gesta</strong></span> <span class='ocrx_word' id='word_1_502' title='bbox 1445 3753 1618 3810; x_wconf 80' lang='lat' dir='ltr'><strong>fuisse</strong></span> <span class='ocrx_word' id='word_1_503' title='bbox 1643 3755 1830 3810; x_wconf 89' lang='lat' dir='ltr'><strong>omnia</strong></span> <span class='ocrx_word' id='word_1_504' title='bbox 1855 3756 2062 3826; x_wconf 92' lang='lat' dir='ltr'><strong>liquido</strong></span> 
     </span>
    </p>
   </div>
   <div class='ocr_carea' id='block_1_72' title="bbox 480 3844 2063 3911">
    <p class='ocr_par' dir='ltr' id='par_1_72' title="bbox 480 3844 2063 3911">
     <span class='ocr_line' id='line_1_72' title="bbox 480 3844 2063 3911; baseline 0.002 -13"><span class='ocrx_word' id='word_1_505' title='bbox 480 3844 744 3900; x_wconf 84' lang='lat' dir='ltr'><strong>declarat.</strong></span> <span class='ocrx_word' id='word_1_506' title='bbox 769 3844 924 3911; x_wconf 88' lang='lat' dir='ltr'><strong>Quod</strong></span> <span class='ocrx_word' id='word_1_507' title='bbox 969 3846 1018 3899; x_wconf 90' lang='lat' dir='ltr'><strong>si</strong></span> <span class='ocrx_word' id='word_1_508' title='bbox 1051 3845 1176 3900; x_wconf 89' lang='lat' dir='ltr'><strong>ideo</strong></span> <span class='ocrx_word' id='word_1_509' title='bbox 1210 3860 1430 3899; x_wconf 90' lang='lat' dir='ltr'><strong>carnem</strong></span> <span class='ocrx_word' id='word_1_510' title='bbox 1466 3846 1783 3901; x_wconf 89' lang='lat' dir='ltr'><strong>necessario</strong></span> <span class='ocrx_word' id='word_1_511' title='bbox 1815 3847 1976 3902; x_wconf 90' lang='lat' dir='ltr'><strong>nobis</strong></span> <span class='ocrx_word' id='word_1_512' title='bbox 2005 3847 2063 3901; x_wconf 90' lang='lat' dir='ltr'><strong>in</strong></span> 
     </span>
    </p>
   </div>
   <div class='ocr_carea' id='block_1_73' title="bbox 481 3935 2060 4008">
    <p class='ocr_par' dir='ltr' id='par_1_73' title="bbox 481 3935 2060 4008">
     <span class='ocr_line' id='line_1_73' title="bbox 481 3935 2060 4008; baseline 0.003 -19"><span class='ocrx_word' id='word_1_513' title='bbox 481 3936 869 4006; x_wconf 89' lang='lat' dir='ltr'><strong>quaternitatis</strong></span> <span class='ocrx_word' id='word_1_514' title='bbox 905 3951 1194 3990; x_wconf 72' lang='lat' dir='ltr'><strong>numerum</strong></span> <span class='ocrx_word' id='word_1_515' title='bbox 1225 3935 1435 3990; x_wconf 89' lang='lat' dir='ltr'><strong>ducunt</strong></span> <span class='ocrx_word' id='word_1_516' title='bbox 1491 3936 1888 4004; x_wconf 78' lang='lat' dir='ltr'><strong>ascisCendam,</strong></span> <span class='ocrx_word' id='word_1_517' title='bbox 1914 3939 2060 4008; x_wconf 91' lang='lat' dir='ltr'><strong>quod</strong></span> 
     </span>
    </p>
   </div>
   <div class='ocr_carea' id='block_1_74' title="bbox 480 4028 2063 4099">
    <p class='ocr_par' dir='ltr' id='par_1_74' title="bbox 480 4028 2063 4099">
     <span class='ocr_line' id='line_1_74' title="bbox 480 4028 2063 4099; baseline 0.002 -17"><span class='ocrx_word' id='word_1_518' title='bbox 480 4043 577 4099; x_wconf 86' lang='lat' dir='ltr'><strong>per</strong></span> <span class='ocrx_word' id='word_1_519' title='bbox 606 4029 980 4083; x_wconf 88' lang='lat' dir='ltr'><strong>mcdiatricem</strong></span> <span class='ocrx_word' id='word_1_520' title='bbox 1008 4028 1362 4098; x_wconf 89' lang='lat' dir='ltr'><strong>purissimam</strong></span> <span class='ocrx_word' id='word_1_521' title='bbox 1393 4041 1612 4083; x_wconf 88' lang='lat' dir='ltr'><strong>carnem</strong></span> <span class='ocrx_word' id='word_1_522' title='bbox 1637 4029 1808 4083; x_wconf 88' lang='lat' dir='ltr'><strong>multa</strong></span> <span class='ocrx_word' id='word_1_523' title='bbox 1842 4045 1945 4084; x_wconf 89' lang='lat' dir='ltr'><strong>nos</strong></span> <span class='ocrx_word' id='word_1_524' title='bbox 1972 4030 2063 4085; x_wconf 84' lang='lat' dir='ltr'><strong>be-</strong></span> 
     </span>
    </p>
   </div>
   <div class='ocr_carea' id='block_1_75' title="bbox 482 4120 2059 4192">
    <p class='ocr_par' dir='ltr' id='par_1_75' title="bbox 482 4120 2059 4192">
     <span class='ocr_line' id='line_1_75' title="bbox 482 4120 2059 4192; baseline 0.001 -18"><span class='ocrx_word' id='word_1_525' title='bbox 482 4120 674 4175; x_wconf 88' lang='lat' dir='ltr'><strong>neﬁcia</strong></span> <span class='ocrx_word' id='word_1_526' title='bbox 698 4123 1009 4192; x_wconf 85' lang='lat' dir='ltr'><strong>accepimus</strong></span> <span class='ocrx_word' id='word_1_527' title='bbox 1025 4128 1076 4176; x_wconf 93' lang='lat' dir='ltr'><strong>et</strong></span> <span class='ocrx_word' id='word_1_528' title='bbox 1110 4128 1432 4190; x_wconf 89' lang='lat' dir='ltr'><strong>accepturos</strong></span> <span class='ocrx_word' id='word_1_529' title='bbox 1452 4120 1712 4191; x_wconf 86' lang='lat' dir='ltr'><strong>deinceps</strong></span> <span class='ocrx_word' id='word_1_530' title='bbox 1744 4136 2059 4191; x_wconf 86' lang='lat' dir='ltr'><strong>speramus:</strong></span> 
     </span>
    </p>
   </div>
   <div class='ocr_carea' id='block_1_76' title="bbox 483 4213 2060 4284">
    <p class='ocr_par' dir='ltr' id='par_1_76' title="bbox 483 4213 2060 4284">
     <span class='ocr_line' id='line_1_76' title="bbox 483 4213 2060 4284; baseline 0.003 -17"><span class='ocrx_word' id='word_1_531' title='bbox 483 4220 654 4267; x_wconf 89' lang='lat' dir='ltr'><strong>restat</strong></span> <span class='ocrx_word' id='word_1_532' title='bbox 686 4220 745 4267; x_wconf 92' lang='lat' dir='ltr'><strong>ut</strong></span> <span class='ocrx_word' id='word_1_533' title='bbox 792 4222 972 4284; x_wconf 87' lang='lat' dir='ltr'><strong>togam</strong></span> <span class='ocrx_word' id='word_1_534' title='bbox 1008 4213 1177 4278; x_wconf 90' lang='lat' dir='ltr'><strong>illam,</strong></span> <span class='ocrx_word' id='word_1_535' title='bbox 1220 4215 1380 4283; x_wconf 89' lang='lat' dir='ltr'><strong>cujus</strong></span> <span class='ocrx_word' id='word_1_536' title='bbox 1429 4230 1584 4269; x_wconf 89' lang='lat' dir='ltr'><strong>oram</strong></span> <span class='ocrx_word' id='word_1_537' title='bbox 1642 4214 1738 4269; x_wconf 92' lang='lat' dir='ltr'><strong>ubi</strong></span> <span class='ocrx_word' id='word_1_538' title='bbox 1788 4229 1914 4269; x_wconf 91' lang='lat' dir='ltr'><strong>cum</strong></span> <span class='ocrx_word' id='word_1_539' title='bbox 1956 4215 2060 4272; x_wconf 88' lang='lat' dir='ltr'><strong>ﬁde</strong></span> 
     </span>
    </p>
   </div>
   <div class='ocr_carea' id='block_1_77' title="bbox 374 4300 2059 4377">
    <p class='ocr_par' dir='ltr' id='par_1_77' title="bbox 374 4300 2059 4377">
     <span class='ocr_line' id='line_1_77' title="bbox 374 4300 2059 4377; baseline 0.002 -20"><span class='ocrx_word' id='word_1_540' title='bbox 374 4300 381 4307; x_wconf 89' lang='grc'><em>’</em></span> <span class='ocrx_word' id='word_1_541' title='bbox 481 4305 754 4374; x_wconf 89' lang='lat' dir='ltr'><strong>tetigisset</strong></span> <span class='ocrx_word' id='word_1_542' title='bbox 814 4306 905 4359; x_wconf 88' lang='lat' dir='ltr'><strong>illa</strong></span> <span class='ocrx_word' id='word_1_543' title='bbox 935 4306 1138 4362; x_wconf 80' lang='lat' dir='ltr'><strong>fontem</strong></span> <span class='ocrx_word' id='word_1_544' title='bbox 1176 4307 1463 4377; x_wconf 84' lang='lat' dir='ltr'><strong>sanguinis</strong></span> <span class='ocrx_word' id='word_1_545' title='bbox 1503 4306 1900 4363; x_wconf 81' lang='lat' dir='ltr'><strong>circumferens</strong></span> <span class='ocrx_word' id='word_1_546' title='bbox 1937 4324 2059 4364; x_wconf 90' lang='lat' dir='ltr'><strong>mu-</strong></span> 
     </span>
    </p>
   </div>
   <div class='ocr_carea' id='block_1_78' title="bbox 2163 3110 3748 3185">
    <p class='ocr_par' dir='ltr' id='par_1_78' title="bbox 2163 3110 3748 3185">
     <span class='ocr_line' id='line_1_78' title="bbox 2163 3110 3748 3185; baseline 0.005 -21"><span class='ocrx_word' id='word_1_547' title='bbox 2163 3110 2437 3183; x_wconf 87' lang='grc' dir='ltr'>ὁμολογεῖ,</span> <span class='ocrx_word' id='word_1_548' title='bbox 2474 3112 2570 3165; x_wconf 82' lang='grc' dir='ltr'>καὶ</span> <span class='ocrx_word' id='word_1_549' title='bbox 2616 3111 2869 3184; x_wconf 87' lang='grc' dir='ltr'>τετράδα,</span> <span class='ocrx_word' id='word_1_550' title='bbox 2906 3112 3091 3178; x_wconf 81' lang='grc' dir='ltr'>καθώς</span> <span class='ocrx_word' id='word_1_551' title='bbox 3140 3131 3329 3185; x_wconf 81' lang='grc' dir='ltr'>φησιν,</span> <span class='ocrx_word' id='word_1_552' title='bbox 3356 3117 3419 3168; x_wconf 83' lang='grc' dir='ltr'>οὐ</span> <span class='ocrx_word' id='word_1_553' title='bbox 3455 3121 3629 3181; x_wconf 85' lang='grc' dir='ltr'>ποιεῖ,</span> <span class='ocrx_word' id='word_1_554' title='bbox 3665 3117 3748 3172; x_wconf 57' lang='grc' dir='ltr'>καί</span> 
     </span>
    </p>
   </div>
   <div class='ocr_carea' id='block_1_79' title="bbox 2164 3199 3749 3282">
    <p class='ocr_par' dir='ltr' id='par_1_79' title="bbox 2164 3199 3749 3282">
     <span class='ocr_line' id='line_1_79' title="bbox 2164 3199 3749 3282; baseline 0.006 -30"><span class='ocrx_word' id='word_1_555' title='bbox 2164 3199 2422 3268; x_wconf 78' lang='grc' dir='ltr'>φυλάττει</span> <span class='ocrx_word' id='word_1_556' title='bbox 2453 3200 2531 3273; x_wconf 81' lang='grc' dir='ltr'>τῷ</span> <span class='ocrx_word' id='word_1_557' title='bbox 2561 3200 2719 3272; x_wconf 83' lang='grc' dir='ltr'>Λόγῳ</span> <span class='ocrx_word' id='word_1_558' title='bbox 2749 3203 2809 3256; x_wconf 85' lang='grc' dir='ltr'>τὸ</span> <span class='ocrx_word' id='word_1_559' title='bbox 2842 3203 3070 3268; x_wconf 83' lang='grc' dir='ltr'>ἀπαθὲς,</span> <span class='ocrx_word' id='word_1_560' title='bbox 3106 3206 3202 3258; x_wconf 76' lang='grc' dir='ltr'>καὶ</span> <span class='ocrx_word' id='word_1_561' title='bbox 3229 3206 3371 3278; x_wconf 69' lang='grc' dir='ltr'>πρὸς</span> <span class='ocrx_word' id='word_1_562' title='bbox 3407 3209 3599 3272; x_wconf 81' lang='grc' dir='ltr'>πάσας</span> <span class='ocrx_word' id='word_1_563' title='bbox 3627 3226 3749 3282; x_wconf 79' lang='grc' dir='ltr'>συμ-</span> 
     </span>
    </p>
   </div>
   <div class='ocr_carea' id='block_1_80' title="bbox 2163 3291 3749 3372">
    <p class='ocr_par' dir='ltr' id='par_1_80' title="bbox 2163 3291 3749 3372">
     <span class='ocr_line' id='line_1_80' title="bbox 2163 3291 3749 3372; baseline 0.009 -29"><span class='ocrx_word' id='word_1_564' title='bbox 2163 3295 2332 3360; x_wconf 81' lang='grc' dir='ltr'>φωνεῖ</span> <span class='ocrx_word' id='word_1_565' title='bbox 2358 3291 2457 3355; x_wconf 83' lang='grc' dir='ltr'><strong>τάς</strong></span> <span class='ocrx_word' id='word_1_566' title='bbox 2522 3293 2684 3361; x_wconf 83' lang='grc' dir='ltr'>ἁγίας</span> <span class='ocrx_word' id='word_1_567' title='bbox 2717 3295 2969 3366; x_wconf 82' lang='grc' dir='ltr'>Γραφὰς·</span> <span class='ocrx_word' id='word_1_568' title='bbox 3001 3298 3035 3368; x_wconf 79' lang='grc' dir='ltr'><strong>ἡ</strong></span> <span class='ocrx_word' id='word_1_569' title='bbox 3074 3296 3132 3350; x_wconf 81' lang='grc' dir='ltr'>δὲ</span> <span class='ocrx_word' id='word_1_570' title='bbox 3162 3297 3271 3352; x_wconf 81' lang='grc' dir='ltr'>τῶν</span> <span class='ocrx_word' id='word_1_571' title='bbox 3302 3300 3575 3355; x_wconf 79' lang='grc' dir='ltr'>ἐναντίων</span> <span class='ocrx_word' id='word_1_572' title='bbox 3606 3320 3749 3372; x_wconf 83' lang='grc' dir='ltr'>νομο-</span> 
     </span>
    </p>
   </div>
   <div class='ocr_carea' id='block_1_81' title="bbox 2162 3381 3751 3461">
    <p class='ocr_par' dir='ltr' id='par_1_81' title="bbox 2162 3381 3751 3461">
     <span class='ocr_line' id='line_1_81' title="bbox 2162 3381 3751 3461; baseline 0.009 -28"><span class='ocrx_word' id='word_1_573' title='bbox 2162 3381 2320 3435; x_wconf 84' lang='grc' dir='ltr'>θεσία</span> <span class='ocrx_word' id='word_1_574' title='bbox 2349 3383 2445 3435; x_wconf 75' lang='grc' dir='ltr'>καὶ</span> <span class='ocrx_word' id='word_1_575' title='bbox 2474 3386 2587 3447; x_wconf 83' lang='grc' dir='ltr'>τοῖς</span> <span class='ocrx_word' id='word_1_576' title='bbox 2625 3386 3037 3457; x_wconf 85' lang='grc' dir='ltr'>γεγραμμένοις</span> <span class='ocrx_word' id='word_1_577' title='bbox 3062 3388 3157 3442; x_wconf 86' lang='grc' dir='ltr'><strong>ἀπ’</strong></span> <span class='ocrx_word' id='word_1_578' title='bbox 3183 3390 3364 3461; x_wconf 76' lang='grc' dir='ltr'>ἀρχῆς</span> <span class='ocrx_word' id='word_1_579' title='bbox 3400 3394 3647 3456; x_wconf 77' lang='grc' dir='ltr'>ἀπειθεῖ,</span> <span class='ocrx_word' id='word_1_580' title='bbox 3671 3397 3751 3448; x_wconf 61' lang='grc' dir='ltr'><strong>καὶ</strong></span> 
     </span>
    </p>
   </div>
   <div class='ocr_carea' id='block_1_82' title="bbox 2160 3477 3752 3557">
    <p class='ocr_par' dir='ltr' id='par_1_82' title="bbox 2160 3477 3752 3557">
     <span class='ocr_line' id='line_1_82' title="bbox 2160 3477 3752 3557; baseline 0.006 -28"><span class='ocrx_word' id='word_1_581' title='bbox 2160 3477 2262 3547; x_wconf 81' lang='grc' dir='ltr'>τῆς</span> <span class='ocrx_word' id='word_1_582' title='bbox 2298 3478 2501 3550; x_wconf 82' lang='grc' dir='ltr'>σαρκὸς</span> <span class='ocrx_word' id='word_1_583' title='bbox 2536 3478 2634 3550; x_wconf 86' lang='grc' dir='ltr'>τὴν</span> <span class='ocrx_word' id='word_1_584' title='bbox 2663 3481 2933 3552; x_wconf 77' lang='grc' dir='ltr'>ἀνάληψιν</span> <span class='ocrx_word' id='word_1_585' title='bbox 2959 3482 3163 3547; x_wconf 78' lang='grc' dir='ltr'>ἀθετεῖ,</span> <span class='ocrx_word' id='word_1_586' title='bbox 3191 3486 3287 3538; x_wconf 65' lang='grc' dir='ltr'><strong>καὶ⁸</strong></span> <span class='ocrx_word' id='word_1_587' title='bbox 3312 3486 3408 3539; x_wconf 82' lang='grc' dir='ltr'>τὸν</span> <span class='ocrx_word' id='word_1_588' title='bbox 3427 3487 3569 3541; x_wconf 79' lang='grc' dir='ltr'>Θεὸν</span> <span class='ocrx_word' id='word_1_589' title='bbox 3593 3491 3752 3557; x_wconf 77' lang='grc' dir='ltr'>Λόγον</span> 
     </span>
    </p>
   </div>
   <div class='ocr_carea' id='block_1_83' title="bbox 2161 3571 3750 3647">
    <p class='ocr_par' dir='ltr' id='par_1_83' title="bbox 2161 3571 3750 3647">
     <span class='ocr_line' id='line_1_83' title="bbox 2161 3571 3750 3647; baseline 0.002 -21"><span class='ocrx_word' id='word_1_590' title='bbox 2161 3571 2460 3643; x_wconf 87' lang='grc' dir='ltr'>τετράφθαι</span> <span class='ocrx_word' id='word_1_591' title='bbox 2502 3574 2597 3627; x_wconf 79' lang='grc' dir='ltr'>καὶ</span> <span class='ocrx_word' id='word_1_592' title='bbox 2640 3573 2966 3627; x_wconf 76' lang='grc' dir='ltr'>πεπονθέναι</span> <span class='ocrx_word' id='word_1_593' title='bbox 3011 3574 3179 3647; x_wconf 87' lang='grc' dir='ltr'>δηλοῖ,</span> <span class='ocrx_word' id='word_1_594' title='bbox 3209 3575 3243 3643; x_wconf 80' lang='grc' dir='ltr'><strong>ἢ</strong></span> <span class='ocrx_word' id='word_1_595' title='bbox 3275 3579 3423 3630; x_wconf 86' lang='grc' dir='ltr'><strong>κατὰ</strong></span> <span class='ocrx_word' id='word_1_596' title='bbox 3454 3582 3750 3647; x_wconf 69' lang='grc' dir='ltr'>φαντασίαν</span> 
     </span>
    </p>
   </div>
   <div class='ocr_carea' id='block_1_84' title="bbox 2164 3664 3749 3746">
    <p class='ocr_par' dir='ltr' id='par_1_84' title="bbox 2164 3664 3749 3746">
     <span class='ocr_line' id='line_1_84' title="bbox 2164 3664 3749 3746; baseline 0 -31"><span class='ocrx_word' id='word_1_597' title='bbox 2164 3664 2343 3718; x_wconf 79' lang='grc' dir='ltr'>πάντα</span> <span class='ocrx_word' id='word_1_598' title='bbox 2384 3664 2768 3737; x_wconf 74' lang='grc' dir='ltr'>ἐπιδεδεῖχθαι.</span> <span class='ocrx_word' id='word_1_599' title='bbox 2797 3667 2862 3720; x_wconf 68' lang='lat' dir='ltr'><strong>Et</strong></span> <span class='ocrx_word' id='word_1_600' title='bbox 2886 3667 2945 3721; x_wconf 83' lang='grc' dir='ltr'>δὲ</span> <span class='ocrx_word' id='word_1_601' title='bbox 2976 3667 3064 3721; x_wconf 86' lang='grc' dir='ltr'><strong>διά</strong></span> <span class='ocrx_word' id='word_1_602' title='bbox 3102 3668 3307 3734; x_wconf 78' lang='grc' dir='ltr'>πολλὰς</span> <span class='ocrx_word' id='word_1_603' title='bbox 3347 3672 3507 3743; x_wconf 68' lang='grc' dir='ltr'>ἡμᾶς</span> <span class='ocrx_word' id='word_1_604' title='bbox 3538 3675 3749 3746; x_wconf 67' lang='grc' dir='ltr'>εὐεργε-</span> 
     </span>
    </p>
   </div>
   <div class='ocr_carea' id='block_1_85' title="bbox 2165 3754 3749 3838">
    <p class='ocr_par' dir='ltr' id='par_1_85' title="bbox 2165 3754 3749 3838">
     <span class='ocr_line' id='line_1_85' title="bbox 2165 3754 3749 3838; baseline 0.008 -31"><span class='ocrx_word' id='word_1_605' title='bbox 2165 3754 2283 3820; x_wconf 84' lang='grc' dir='ltr'>σίας</span> <span class='ocrx_word' id='word_1_606' title='bbox 2313 3755 2401 3810; x_wconf 77' lang='grc' dir='ltr'><strong>διὰ</strong></span> <span class='ocrx_word' id='word_1_607' title='bbox 2441 3757 2542 3827; x_wconf 83' lang='grc' dir='ltr'>τῆς</span> <span class='ocrx_word' id='word_1_608' title='bbox 2587 3758 2979 3830; x_wconf 88' lang='grc' dir='ltr'>μεσιτευούσης</span> <span class='ocrx_word' id='word_1_609' title='bbox 3001 3761 3273 3832; x_wconf 84' lang='grc' dir='ltr'>ἁχράντου</span> <span class='ocrx_word' id='word_1_610' title='bbox 3311 3766 3525 3835; x_wconf 81' lang='grc' dir='ltr'>σαρκὸς</span> <span class='ocrx_word' id='word_1_611' title='bbox 3545 3766 3749 3838; x_wconf 67' lang='grc' dir='ltr'>είληςέο</span> 
     </span>
    </p>
   </div>
   <div class='ocr_carea' id='block_1_86' title="bbox 2162 3848 3749 3929">
    <p class='ocr_par' dir='ltr' id='par_1_86' title="bbox 2162 3848 3749 3929">
     <span class='ocr_line' id='line_1_86' title="bbox 2162 3848 3749 3929; baseline 0.009 -32"><span class='ocrx_word' id='word_1_612' title='bbox 2162 3861 2252 3898; x_wconf 91' lang='grc' dir='ltr'><strong>ναι</strong></span> <span class='ocrx_word' id='word_1_613' title='bbox 2284 3862 2344 3899; x_wconf 90' lang='grc' dir='ltr'><strong>τε</strong></span> <span class='ocrx_word' id='word_1_614' title='bbox 2366 3849 2462 3901; x_wconf 77' lang='grc' dir='ltr'>καὶ</span> <span class='ocrx_word' id='word_1_615' title='bbox 2488 3848 2756 3919; x_wconf 75' lang='grc' dir='ltr'>λήψεσθαι</span> <span class='ocrx_word' id='word_1_616' title='bbox 2804 3851 3044 3916; x_wconf 76' lang='grc' dir='ltr'>ἐλπίζειν</span> <span class='ocrx_word' id='word_1_617' title='bbox 3071 3852 3480 3923; x_wconf 80' lang='grc' dir='ltr'>ἀναγκάζουσιν</span> <span class='ocrx_word' id='word_1_618' title='bbox 3501 3860 3653 3929; x_wconf 75' lang='grc' dir='ltr'>ἡμᾶς</span> <span class='ocrx_word' id='word_1_619' title='bbox 3680 3861 3749 3923; x_wconf 81' lang='grc' dir='ltr'><strong>εἰς</strong></span> 
     </span>
    </p>
   </div>
   <div class='ocr_carea' id='block_1_87' title="bbox 2162 3937 3750 4023">
    <p class='ocr_par' dir='ltr' id='par_1_87' title="bbox 2162 3937 3750 4023">
     <span class='ocr_line' id='line_1_87' title="bbox 2162 3937 3750 4023; baseline 0.01 -34"><span class='ocrx_word' id='word_1_620' title='bbox 2162 3937 2395 4008; x_wconf 81' lang='grc' dir='ltr'>ἀριθμὸν</span> <span class='ocrx_word' id='word_1_621' title='bbox 2447 3939 2705 4012; x_wconf 81' lang='grc' dir='ltr'>τετράδος</span> <span class='ocrx_word' id='word_1_622' title='bbox 2741 3943 3192 4016; x_wconf 71' lang='grc' dir='ltr'>παραλαμῦάνειν</span> <span class='ocrx_word' id='word_1_623' title='bbox 3234 3946 3337 4018; x_wconf 84' lang='grc' dir='ltr'>τὴν</span> <span class='ocrx_word' id='word_1_624' title='bbox 3398 3949 3613 4021; x_wconf 81' lang='grc' dir='ltr'>σάρκα·</span> <span class='ocrx_word' id='word_1_625' title='bbox 3644 3951 3750 4023; x_wconf 76' lang='grc' dir='ltr'>ὥρα</span> 
     </span>
    </p>
   </div>
   <div class='ocr_carea' id='block_1_88' title="bbox 2163 4028 3750 4108">
    <p class='ocr_par' dir='ltr' id='par_1_88' title="bbox 2163 4028 3750 4108">
     <span class='ocr_line' id='line_1_88' title="bbox 2163 4028 3750 4108; baseline 0.01 -28"><span class='ocrx_word' id='word_1_626' title='bbox 2163 4028 2348 4091; x_wconf 85' lang='grc' dir='ltr'>αὐτοῖς</span> <span class='ocrx_word' id='word_1_627' title='bbox 2386 4031 2480 4084; x_wconf 81' lang='grc' dir='ltr'>καὶ</span> <span class='ocrx_word' id='word_1_628' title='bbox 2510 4031 2573 4083; x_wconf 83' lang='grc' dir='ltr'>τὸ</span> <span class='ocrx_word' id='word_1_629' title='bbox 2597 4033 2811 4103; x_wconf 87' lang='grc' dir='ltr'>ίμάτιόν</span> <span class='ocrx_word' id='word_1_630' title='bbox 2845 4051 2949 4087; x_wconf 84' lang='grc' dir='ltr'><strong>που</strong></span> <span class='ocrx_word' id='word_1_631' title='bbox 2979 4036 3073 4089; x_wconf 82' lang='grc' dir='ltr'><strong>τοῦ</strong></span> <span class='ocrx_word' id='word_1_632' title='bbox 3100 4038 3437 4108; x_wconf 75' lang='grc' dir='ltr'>κρασπέδου,</span> <span class='ocrx_word' id='word_1_633' title='bbox 3466 4035 3532 4094; x_wconf 77' lang='grc' dir='ltr'><strong>οὗ</strong></span> <span class='ocrx_word' id='word_1_634' title='bbox 3556 4044 3750 4106; x_wconf 53' lang='grc' dir='ltr'>πιστὰ</span> 
     </span>
    </p>
   </div>
   <div class='ocr_carea' id='block_1_89' title="bbox 2165 4119 3751 4208">
    <p class='ocr_par' dir='ltr' id='par_1_89' title="bbox 2165 4119 3751 4208">
     <span class='ocr_line' id='line_1_89' title="bbox 2165 4119 3751 4208; baseline 0.011 -36"><span class='ocrx_word' id='word_1_635' title='bbox 2165 4119 2416 4193; x_wconf 75' lang='grc' dir='ltr'>ἁψαμένη</span> <span class='ocrx_word' id='word_1_636' title='bbox 2451 4125 2484 4195; x_wconf 84' lang='grc' dir='ltr'><strong>ή</strong></span> <span class='ocrx_word' id='word_1_637' title='bbox 2531 4123 2667 4196; x_wconf 83' lang='grc' dir='ltr'>γυνὴ</span> <span class='ocrx_word' id='word_1_638' title='bbox 2699 4128 2731 4198; x_wconf 89' lang='grc' dir='ltr'><strong>ή</strong></span> <span class='ocrx_word' id='word_1_639' title='bbox 2759 4126 2859 4198; x_wconf 78' lang='grc' dir='ltr'>τὴν</span> <span class='ocrx_word' id='word_1_640' title='bbox 2901 4127 2995 4181; x_wconf 80' lang='grc' dir='ltr'><strong>τοῦ</strong></span> <span class='ocrx_word' id='word_1_641' title='bbox 3023 4130 3252 4201; x_wconf 78' lang='grc' dir='ltr'>αἵματος</span> <span class='ocrx_word' id='word_1_642' title='bbox 3301 4134 3492 4205; x_wconf 71' lang='grc' dir='ltr'>πηγὴν</span> <span class='ocrx_word' id='word_1_643' title='bbox 3542 4136 3751 4208; x_wconf 78' lang='grc' dir='ltr'>περιφέ-</span> 
     </span>
    </p>
   </div>
   <div class='ocr_carea' id='block_1_90' title="bbox 2166 4214 3748 4297">
    <p class='ocr_par' dir='ltr' id='par_1_90' title="bbox 2166 4214 3748 4297">
     <span class='ocr_line' id='line_1_90' title="bbox 2166 4214 3748 4297; baseline 0.011 -32"><span class='ocrx_word' id='word_1_644' title='bbox 2166 4230 2356 4283; x_wconf 91' lang='grc' dir='ltr'>ρουσα,</span> <span class='ocrx_word' id='word_1_645' title='bbox 2397 4214 2493 4287; x_wconf 83' lang='grc' dir='ltr'>τὴν</span> <span class='ocrx_word' id='word_1_646' title='bbox 2548 4217 2694 4270; x_wconf 82' lang='grc' dir='ltr'>ίασιν</span> <span class='ocrx_word' id='word_1_647' title='bbox 2755 4218 3002 4290; x_wconf 70' lang='grc' dir='ltr'>ἔκλεψεν,</span> <span class='ocrx_word' id='word_1_648' title='bbox 3057 4223 3138 4286; x_wconf 89' lang='grc' dir='ltr'><strong>εἰς</strong></span> <span class='ocrx_word' id='word_1_649' title='bbox 3186 4225 3600 4297; x_wconf 80' lang='grc' dir='ltr'>συναρίθμησιν</span> <span class='ocrx_word' id='word_1_650' title='bbox 3652 4230 3748 4282; x_wconf 82' lang='grc' dir='ltr'>τῶν</span> 
     </span>
    </p>
   </div>
   <div class='ocr_carea' id='block_1_91' title="bbox 2168 4308 3747 4392">
    <p class='ocr_par' dir='ltr' id='par_1_91' title="bbox 2168 4308 3747 4392">
     <span class='ocr_line' id='line_1_91' title="bbox 2168 4308 3747 4392; baseline 0.011 -35"><span class='ocrx_word' id='word_1_651' title='bbox 2168 4308 2655 4379; x_wconf 85' lang='grc' dir='ltr'>μνημονευομένων</span> <span class='ocrx_word' id='word_1_652' title='bbox 2702 4310 3020 4382; x_wconf 80' lang='grc' dir='ltr'>λαμϐάνειν,</span> <span class='ocrx_word' id='word_1_653' title='bbox 3061 4314 3157 4367; x_wconf 87' lang='grc' dir='ltr'><strong>καί</strong></span> <span class='ocrx_word' id='word_1_654' title='bbox 3208 4333 3260 4369; x_wconf 90' lang='grc' dir='ltr'><strong>τι</strong></span> <span class='ocrx_word' id='word_1_655' title='bbox 3302 4318 3567 4388; x_wconf 85' lang='grc' dir='ltr'>πέμπτον</span> <span class='ocrx_word' id='word_1_656' title='bbox 3597 4323 3653 4375; x_wconf 82' lang='grc' dir='ltr'>ἐν</span> 
     </span>
    </p>
   </div>
   <div class='ocr_carea' id='block_1_92' title="bbox 484 4394 2061 4482">
    <p class='ocr_par' dir='ltr' id='par_1_92' title="bbox 484 4394 2059 4463">
     <span class='ocr_line' id='line_1_92' title="bbox 484 4394 2059 4463; baseline 0.004 -14"><span class='ocrx_word' id='word_1_657' title='bbox 484 4394 605 4459; x_wconf 86' lang='lat' dir='ltr'><strong>lier,</strong></span> <span class='ocrx_word' id='word_1_658' title='bbox 639 4395 926 4451; x_wconf 86' lang='lat' dir='ltr'><strong>sanitatem</strong></span> <span class='ocrx_word' id='word_1_659' title='bbox 960 4397 1137 4452; x_wconf 81' lang='lat' dir='ltr'><strong>furata</strong></span> <span class='ocrx_word' id='word_1_660' title='bbox 1173 4406 1259 4454; x_wconf 91' lang='lat' dir='ltr'><strong>est</strong></span> <span class='ocrx_word' id='word_1_661' title='bbox 1280 4439 1295 4463; x_wconf 95' lang='lat'><strong>,</strong></span> <span class='ocrx_word' id='word_1_662' title='bbox 1321 4400 1376 4453; x_wconf 91' lang='lat' dir='ltr'><strong>in</strong></span> <span class='ocrx_word' id='word_1_663' title='bbox 1411 4408 1837 4455; x_wconf 90' lang='lat' dir='ltr'><strong>memoratorum</strong></span> <span class='ocrx_word' id='word_1_664' title='bbox 1865 4416 2059 4457; x_wconf 84' lang='lat' dir='ltr'><strong>nume-</strong></span> 
     </span>
    </p>
   </div>
   <div class='ocr_carea' id='block_1_93' title="bbox 2163 4394 3741 4482">
    <p class='ocr_par' dir='ltr' id='par_1_93' title="bbox 2163 4398 3741 4482">
     <span class='ocr_line' id='line_1_93' title="bbox 2163 4398 3741 4482; baseline 0.01 -32"><span class='ocrx_word' id='word_1_665' title='bbox 2163 4398 2478 4470; x_wconf 85' lang='grc' dir='ltr'>κηρύγματι</span> <span class='ocrx_word' id='word_1_666' title='bbox 2515 4403 2613 4472; x_wconf 79' lang='grc' dir='ltr'>τῆς</span> <span class='ocrx_word' id='word_1_667' title='bbox 2657 4402 2964 4473; x_wconf 75' lang='grc' dir='ltr'>δοξολογίας</span> <span class='ocrx_word' id='word_1_668' title='bbox 2986 4406 3049 4460; x_wconf 80' lang='grc' dir='ltr'>τὸ</span> <span class='ocrx_word' id='word_1_669' title='bbox 3092 4408 3307 4477; x_wconf 85' lang='grc' dir='ltr'>ἱμάτιον</span> <span class='ocrx_word' id='word_1_670' title='bbox 3350 4414 3741 4482; x_wconf 65' lang='grc' dir='ltr'>παρεισάγειν*</span> 
     </span>
    </p>
   </div>
   <div class='ocr_carea' id='block_1_94' title="bbox 486 4486 2060 4560">
    <p class='ocr_par' dir='ltr' id='par_1_94' title="bbox 486 4486 2060 4560">
     <span class='ocr_line' id='line_1_94' title="bbox 486 4486 2060 4560; baseline 0.004 -20"><span class='ocrx_word' id='word_1_671' title='bbox 486 4501 605 4540; x_wconf 88' lang='lat' dir='ltr'><strong>rum</strong></span> <span class='ocrx_word' id='word_1_672' title='bbox 631 4486 928 4551; x_wconf 87' lang='lat' dir='ltr'><strong>ascribere,</strong></span> <span class='ocrx_word' id='word_1_673' title='bbox 947 4498 1002 4543; x_wconf 92' lang='lat' dir='ltr'><strong>et</strong></span> <span class='ocrx_word' id='word_1_674' title='bbox 1035 4489 1289 4559; x_wconf 87' lang='lat' dir='ltr'><strong>quintum</strong></span> <span class='ocrx_word' id='word_1_675' title='bbox 1314 4488 1535 4560; x_wconf 91' lang='lat' dir='ltr'><strong>aliquod</strong></span> <span class='ocrx_word' id='word_1_676' title='bbox 1568 4492 1624 4543; x_wconf 92' lang='lat' dir='ltr'><strong>in</strong></span> <span class='ocrx_word' id='word_1_677' title='bbox 1670 4489 2060 4560; x_wconf 68' lang='lat' dir='ltr'><strong>przedicatione</strong></span> 
     </span>
    </p>
   </div>
   <div class='ocr_carea' id='block_1_95' title="bbox 482 4577 2062 4652">
    <p class='ocr_par' dir='ltr' id='par_1_95' title="bbox 482 4577 2062 4652">
     <span class='ocr_line' id='line_1_95' title="bbox 482 4577 2062 4652; baseline 0.005 -23"><span class='ocrx_word' id='word_1_678' title='bbox 482 4577 721 4648; x_wconf 85' lang='lat' dir='ltr'><strong>gloriosa</strong></span> <span class='ocrx_word' id='word_1_679' title='bbox 758 4579 851 4632; x_wconf 90' lang='lat' dir='ltr'><strong>illa</strong></span> <span class='ocrx_word' id='word_1_680' title='bbox 879 4589 1057 4650; x_wconf 85' lang='lat' dir='ltr'><strong>togam</strong></span> <span class='ocrx_word' id='word_1_681' title='bbox 1111 4580 1372 4636; x_wconf 88' lang='lat' dir='ltr'><strong>inducere</strong></span> <span class='ocrx_word' id='word_1_682' title='bbox 1396 4599 1409 4633; x_wconf 92' lang='lat'>:</span> <span class='ocrx_word' id='word_1_683' title='bbox 1443 4596 1550 4635; x_wconf 90' lang='lat' dir='ltr'><strong>non</strong></span> <span class='ocrx_word' id='word_1_684' title='bbox 1579 4582 1729 4635; x_wconf 91' lang='lat' dir='ltr'><strong>illam</strong></span> <span class='ocrx_word' id='word_1_685' title='bbox 1757 4581 1977 4652; x_wconf 87' lang='lat' dir='ltr'><strong>quidem</strong></span> <span class='ocrx_word' id='word_1_686' title='bbox 2002 4592 2062 4637; x_wconf 91' lang='lat' dir='ltr'><strong>ut</strong></span> 
     </span>
    </p>
   </div>
   <div class='ocr_carea' id='block_1_96' title="bbox 483 4670 2060 4740">
    <p class='ocr_par' dir='ltr' id='par_1_96' title="bbox 483 4670 2060 4740">
     <span class='ocr_line' id='line_1_96' title="bbox 483 4670 2060 4740; baseline 0.004 -18"><span class='ocrx_word' id='word_1_687' title='bbox 483 4670 602 4740; x_wconf 88' lang='lat' dir='ltr'><strong>pari</strong></span> <span class='ocrx_word' id='word_1_688' title='bbox 641 4684 766 4722; x_wconf 91' lang='lat' dir='ltr'><strong>cum</strong></span> <span class='ocrx_word' id='word_1_689' title='bbox 817 4672 988 4726; x_wconf 89' lang='lat' dir='ltr'><strong>unitis</strong></span> <span class='ocrx_word' id='word_1_690' title='bbox 1036 4673 1249 4727; x_wconf 90' lang='lat' dir='ltr'><strong>naturis</strong></span> <span class='ocrx_word' id='word_1_691' title='bbox 1285 4673 1447 4728; x_wconf 87' lang='lat' dir='ltr'><strong>modo</strong></span> <span class='ocrx_word' id='word_1_692' title='bbox 1480 4673 1824 4737; x_wconf 81' lang='lat' dir='ltr'><strong>honoratam,</strong></span> <span class='ocrx_word' id='word_1_693' title='bbox 1859 4673 1956 4730; x_wconf 87' lang='lat' dir='ltr'><strong>sed</strong></span> <span class='ocrx_word' id='word_1_694' title='bbox 2002 4683 2060 4729; x_wconf 91' lang='lat' dir='ltr'><strong>ut</strong></span> 
     </span>
    </p>
   </div>
   <div class='ocr_carea' id='block_1_97' title="bbox 484 4758 2061 4830">
    <p class='ocr_par' dir='ltr' id='par_1_97' title="bbox 484 4758 2061 4830">
     <span class='ocr_line' id='line_1_97' title="bbox 484 4758 2061 4830; baseline 0.003 -17"><span class='ocrx_word' id='word_1_695' title='bbox 484 4758 556 4813; x_wconf 76' lang='lat' dir='ltr'><strong>ad</strong></span> <span class='ocrx_word' id='word_1_696' title='bbox 599 4759 853 4829; x_wconf 89' lang='lat' dir='ltr'><strong>stupendi</strong></span> <span class='ocrx_word' id='word_1_697' title='bbox 903 4761 1273 4830; x_wconf 83' lang='lat' dir='ltr'><strong>Operationem</strong></span> <span class='ocrx_word' id='word_1_698' title='bbox 1315 4762 1565 4817; x_wconf 86' lang='lat' dir='ltr'><strong>miraculi</strong></span> <span class='ocrx_word' id='word_1_699' title='bbox 1615 4763 1870 4818; x_wconf 89' lang='lat' dir='ltr'><strong>ascitam.</strong></span> <span class='ocrx_word' id='word_1_700' title='bbox 1921 4763 2061 4818; x_wconf 90' lang='lat' dir='ltr'><strong>Cum</strong></span> 
     </span>
    </p>
   </div>
   <div class='ocr_carea' id='block_1_98' title="bbox 486 4849 2063 4925">
    <p class='ocr_par' dir='ltr' id='par_1_98' title="bbox 486 4849 2063 4925">
     <span class='ocr_line' id='line_1_98' title="bbox 486 4849 2063 4925; baseline 0.004 -22"><span class='ocrx_word' id='word_1_701' title='bbox 486 4849 654 4920; x_wconf 88' lang='lat' dir='ltr'><strong>igitur</strong></span> <span class='ocrx_word' id='word_1_702' title='bbox 674 4859 880 4905; x_wconf 88' lang='lat' dir='ltr'><strong>tantam</strong></span> <span class='ocrx_word' id='word_1_703' title='bbox 919 4867 951 4905; x_wconf 94' lang='lat' dir='ltr'><strong>a</strong></span> <span class='ocrx_word' id='word_1_704' title='bbox 990 4851 1287 4922; x_wconf 89' lang='lat' dir='ltr'><strong>purissima</strong></span> <span class='ocrx_word' id='word_1_705' title='bbox 1336 4868 1502 4910; x_wconf 90' lang='lat' dir='ltr'><strong>carne</strong></span> <span class='ocrx_word' id='word_1_706' title='bbox 1549 4856 1781 4924; x_wconf 86' lang='lat' dir='ltr'><strong>gratiam</strong></span> <span class='ocrx_word' id='word_1_707' title='bbox 1828 4856 2063 4925; x_wconf 88' lang='lat' dir='ltr'><strong>accipiat</strong></span> 
     </span>
    </p>
   </div>
   <div class='ocr_carea' id='block_1_99' title="bbox 486 4942 2066 5017">
    <p class='ocr_par' dir='ltr' id='par_1_99' title="bbox 486 4942 2066 5017">
     <span class='ocr_line' id='line_1_99' title="bbox 486 4942 2066 5017; baseline 0.005 -23"><span class='ocrx_word' id='word_1_708' title='bbox 486 4949 633 5012; x_wconf 79' lang='lat' dir='ltr'><strong>tOga.</strong></span> <span class='ocrx_word' id='word_1_709' title='bbox 675 4942 999 5013; x_wconf 89' lang='lat' dir='ltr'><strong>mulierique</strong></span> <span class='ocrx_word' id='word_1_710' title='bbox 1022 4943 1318 5014; x_wconf 88' lang='lat' dir='ltr'><strong>impertiat,</strong></span> <span class='ocrx_word' id='word_1_711' title='bbox 1346 4960 1449 5001; x_wconf 90' lang='lat' dir='ltr'><strong>nec</strong></span> <span class='ocrx_word' id='word_1_712' title='bbox 1476 4954 1658 4999; x_wconf 90' lang='lat' dir='ltr'><strong>tamen</strong></span> <span class='ocrx_word' id='word_1_713' title='bbox 1688 4946 1940 5017; x_wconf 71' lang='lat' dir='ltr'><strong>gloriosa:</strong></span> <span class='ocrx_word' id='word_1_714' title='bbox 1970 4962 2066 5013; x_wconf 84' lang='lat' dir='ltr'><strong>ce-</strong></span> 
     </span>
    </p>
   </div>
   <div class='ocr_carea' id='block_1_100' title="bbox 488 5033 2064 5111">
    <p class='ocr_par' dir='ltr' id='par_1_100' title="bbox 488 5033 2064 5111">
     <span class='ocr_line' id='line_1_100' title="bbox 488 5033 2064 5111; baseline 0.005 -24"><span class='ocrx_word' id='word_1_715' title='bbox 488 5033 809 5090; x_wconf 90' lang='lat' dir='ltr'><strong>lebrationis</strong></span> <span class='ocrx_word' id='word_1_716' title='bbox 856 5051 1145 5092; x_wconf 86' lang='lat' dir='ltr'><strong>numerum</strong></span> <span class='ocrx_word' id='word_1_717' title='bbox 1192 5046 1408 5109; x_wconf 84' lang='lat' dir='ltr'><strong>augeat,</strong></span> <span class='ocrx_word' id='word_1_718' title='bbox 1436 5053 1539 5094; x_wconf 87' lang='lat' dir='ltr'><strong>nos</strong></span> <span class='ocrx_word' id='word_1_719' title='bbox 1578 5054 1799 5111; x_wconf 91' lang='lat' dir='ltr'><strong>quoque</strong></span> <span class='ocrx_word' id='word_1_720' title='bbox 1840 5054 2064 5096; x_wconf 88' lang='lat' dir='ltr'><strong>carnem</strong></span> 
     </span>
    </p>
   </div>
   <div class='ocr_carea' id='block_1_101' title="bbox 487 5122 2065 5203">
    <p class='ocr_par' dir='ltr' id='par_1_101' title="bbox 487 5122 2065 5203">
     <span class='ocr_line' id='line_1_101' title="bbox 487 5122 2065 5203; baseline 0.007 -25"><span class='ocrx_word' id='word_1_721' title='bbox 487 5122 638 5178; x_wconf 80' lang='lat' dir='ltr'><strong>illam</strong></span> <span class='ocrx_word' id='word_1_722' title='bbox 691 5125 930 5180; x_wconf 88' lang='lat' dir='ltr'><strong>divinam</strong></span> <span class='ocrx_word' id='word_1_723' title='bbox 987 5127 1346 5198; x_wconf 87' lang='lat' dir='ltr'><strong>omnipotenti</strong></span> <span class='ocrx_word' id='word_1_724' title='bbox 1389 5128 1569 5186; x_wconf 84' lang='lat' dir='ltr'><strong>Verbo</strong></span> <span class='ocrx_word' id='word_1_725' title='bbox 1620 5132 2065 5203; x_wconf 88' lang='lat' dir='ltr'><strong>inseparabiliter</strong></span> 
     </span>
    </p>
   </div>
   <div class='ocr_carea' id='block_1_102' title="bbox 488 5216 2065 5295">
    <p class='ocr_par' dir='ltr' id='par_1_102' title="bbox 488 5216 2065 5295">
     <span class='ocr_line' id='line_1_102' title="bbox 488 5216 2065 5295; baseline 0.008 -27"><span class='ocrx_word' id='word_1_726' title='bbox 488 5216 696 5271; x_wconf 89' lang='lat' dir='ltr'><strong>unitam</strong></span> <span class='ocrx_word' id='word_1_727' title='bbox 724 5217 1077 5285; x_wconf 87' lang='lat' dir='ltr'><strong>honorantes,</strong></span> <span class='ocrx_word' id='word_1_728' title='bbox 1120 5221 1353 5275; x_wconf 89' lang='lat' dir='ltr'><strong>salutem</strong></span> <span class='ocrx_word' id='word_1_729' title='bbox 1383 5223 1602 5291; x_wconf 90' lang='lat' dir='ltr'><strong>quidem</strong></span> <span class='ocrx_word' id='word_1_730' title='bbox 1648 5239 1749 5280; x_wconf 89' lang='lat' dir='ltr'><strong>nos</strong></span> <span class='ocrx_word' id='word_1_731' title='bbox 1782 5240 1878 5295; x_wconf 90' lang='lat' dir='ltr'><strong>per</strong></span> <span class='ocrx_word' id='word_1_732' title='bbox 1915 5225 2065 5280; x_wconf 90' lang='lat' dir='ltr'><strong>illam</strong></span> 
     </span>
    </p>
   </div>
   <div class='ocr_carea' id='block_1_103' title="bbox 485 5308 2066 5379">
    <p class='ocr_par' dir='ltr' id='par_1_103' title="bbox 485 5308 2066 5379">
     <span class='ocr_line' id='line_1_103' title="bbox 485 5308 2066 5379; baseline 0.006 -18"><span class='ocrx_word' id='word_1_733' title='bbox 485 5308 750 5378; x_wconf 86' lang='lat' dir='ltr'><strong>consequi</strong></span> <span class='ocrx_word' id='word_1_734' title='bbox 778 5309 1118 5379; x_wconf 89' lang='lat' dir='ltr'><strong>proﬁtemur,</strong></span> <span class='ocrx_word' id='word_1_735' title='bbox 1187 5314 1279 5368; x_wconf 88' lang='lat' dir='ltr'><strong>sed</strong></span> <span class='ocrx_word' id='word_1_736' title='bbox 1310 5312 1599 5369; x_wconf 89' lang='lat' dir='ltr'><strong>Trinitatis</strong></span> <span class='ocrx_word' id='word_1_737' title='bbox 1634 5330 1922 5372; x_wconf 86' lang='lat' dir='ltr'><strong>numerum</strong></span> <span class='ocrx_word' id='word_1_738' title='bbox 1954 5318 2066 5374; x_wconf 91' lang='lat' dir='ltr'><strong>sal-</strong></span> 
     </span>
    </p>
   </div>
   <div class='ocr_carea' id='block_1_104' title="bbox 486 5401 2059 5476">
    <p class='ocr_par' dir='ltr' id='par_1_104' title="bbox 486 5401 2059 5476">
     <span class='ocr_line' id='line_1_104' title="bbox 486 5401 2059 5476; baseline 0.01 -25"><span class='ocrx_word' id='word_1_739' title='bbox 486 5413 616 5452; x_wconf 80' lang='lat' dir='ltr'><strong>vum</strong></span> <span class='ocrx_word' id='word_1_740' title='bbox 657 5401 981 5467; x_wconf 85' lang='lat' dir='ltr'><strong>retinemus,</strong></span> <span class='ocrx_word' id='word_1_741' title='bbox 1018 5418 1145 5459; x_wconf 89' lang='lat' dir='ltr'><strong>cum</strong></span> <span class='ocrx_word' id='word_1_742' title='bbox 1181 5420 1350 5459; x_wconf 90' lang='lat' dir='ltr'><strong>unum</strong></span> <span class='ocrx_word' id='word_1_743' title='bbox 1399 5407 1472 5462; x_wconf 88' lang='lat' dir='ltr'><strong>sit</strong></span> <span class='ocrx_word' id='word_1_744' title='bbox 1512 5422 1642 5463; x_wconf 88' lang='lat' dir='ltr'><strong>caro</strong></span> <span class='ocrx_word' id='word_1_745' title='bbox 1690 5423 1815 5463; x_wconf 90' lang='lat' dir='ltr'><strong>cum</strong></span> <span class='ocrx_word' id='word_1_746' title='bbox 1850 5407 2059 5476; x_wconf 84' lang='lat' dir='ltr'><strong>Verbo,</strong></span> 
     </span>
    </p>
   </div>
   <div class='ocr_carea' id='block_1_105' title="bbox 487 5495 2065 5574">
    <p class='ocr_par' dir='ltr' id='par_1_105' title="bbox 487 5495 2065 5574">
     <span class='ocr_line' id='line_1_105' title="bbox 487 5495 2065 5574; baseline 0.01 -32"><span class='ocrx_word' id='word_1_747' title='bbox 487 5496 606 5544; x_wconf 88' lang='lat' dir='ltr'><strong>tum</strong></span> <span class='ocrx_word' id='word_1_748' title='bbox 657 5501 879 5564; x_wconf 88' lang='lat' dir='ltr'><strong>propter</strong></span> <span class='ocrx_word' id='word_1_749' title='bbox 916 5495 1340 5567; x_wconf 85' lang='lat' dir='ltr'><strong>inseparabilem</strong></span> <span class='ocrx_word' id='word_1_750' title='bbox 1393 5498 1675 5567; x_wconf 87' lang='lat' dir='ltr'><strong>unionem,</strong></span> <span class='ocrx_word' id='word_1_751' title='bbox 1702 5507 1817 5557; x_wconf 91' lang='lat' dir='ltr'><strong>tum</strong></span> <span class='ocrx_word' id='word_1_752' title='bbox 1842 5512 2065 5574; x_wconf 90' lang='lat' dir='ltr'><strong>propter</strong></span> 
     </span>
    </p>
   </div>
   <div class='ocr_carea' id='block_1_106' title="bbox 534 5616 1572 5726">
    <p class='ocr_par' dir='ltr' id='par_1_106' title="bbox 534 5616 1572 5726">
     <span class='ocr_line' id='line_1_106' title="bbox 534 5616 1572 5726; baseline 0.01 -28"><span class='ocrx_word' id='word_1_753' title='bbox 534 5616 673 5716; x_wconf 34' lang='grc'><strong>’(22)</strong></span> <span class='ocrx_word' id='word_1_754' title='bbox 706 5643 848 5701; x_wconf 78' lang='lat' dir='ltr'><strong>Edit.</strong></span> <span class='ocrx_word' id='word_1_755' title='bbox 876 5647 1113 5719; x_wconf 87' lang='lat' dir='ltr'><strong>Comm.,</strong></span> <span class='ocrx_word' id='word_1_756' title='bbox 1142 5652 1572 5726; x_wconf 69' lang='grc' dir='ltr'>ιφαρμόζοντας.</span> 
     </span>
    </p>
   </div>
   <div class='ocr_carea' id='block_1_107' title="bbox 2162 4484 3743 4576">
    <p class='ocr_par' dir='ltr' id='par_1_107' title="bbox 2162 4484 3743 4576">
     <span class='ocr_line' id='line_1_107' title="bbox 2162 4484 3743 4576; baseline 0.009 -34"><span class='ocrx_word' id='word_1_757' title='bbox 2162 4492 2261 4561; x_wconf 87' lang='grc' dir='ltr'>οὐχ</span> <span class='ocrx_word' id='word_1_758' title='bbox 2306 4492 2383 4556; x_wconf 87' lang='grc' dir='ltr'>ὼς</span> <span class='ocrx_word' id='word_1_759' title='bbox 2424 4493 2653 4565; x_wconf 72' lang='grc' dir='ltr'>τιμηθέν</span> <span class='ocrx_word' id='word_1_760' title='bbox 2694 4484 2774 4567; x_wconf 75' lang='grc' dir='ltr'>τῷ</span> <span class='ocrx_word' id='word_1_761' title='bbox 2816 4496 2963 4568; x_wconf 85' lang='grc' dir='ltr'><strong>αὐτῷ</strong></span> <span class='ocrx_word' id='word_1_762' title='bbox 3000 4497 3106 4568; x_wconf 83' lang='grc' dir='ltr'>τῆς</span> <span class='ocrx_word' id='word_1_763' title='bbox 3146 4501 3397 4565; x_wconf 85' lang='grc' dir='ltr'>ένώσεως</span> <span class='ocrx_word' id='word_1_764' title='bbox 3431 4503 3614 4576; x_wconf 80' lang='grc' dir='ltr'>τόπῳ,</span> <span class='ocrx_word' id='word_1_765' title='bbox 3646 4506 3743 4559; x_wconf 70' lang='grc' dir='ltr'>ἁλλ’</span> 
     </span>
    </p>
   </div>
   <div class='ocr_carea' id='block_1_108' title="bbox 2163 4580 3741 4663">
    <p class='ocr_par' dir='ltr' id='par_1_108' title="bbox 2163 4580 3741 4663">
     <span class='ocr_line' id='line_1_108' title="bbox 2163 4580 3741 4663; baseline 0.01 -30"><span class='ocrx_word' id='word_1_766' title='bbox 2163 4580 2240 4644; x_wconf 84' lang='grc' dir='ltr'>ὡς</span> <span class='ocrx_word' id='word_1_767' title='bbox 2271 4583 2622 4656; x_wconf 75' lang='grc' dir='ltr'>παραληφθὲν</span> <span class='ocrx_word' id='word_1_768' title='bbox 2670 4588 2752 4651; x_wconf 87' lang='grc' dir='ltr'><strong>είς</strong></span> <span class='ocrx_word' id='word_1_769' title='bbox 2802 4587 3244 4663; x_wconf 83' lang='grc' dir='ltr'>θαυματουργίαν</span> <span class='ocrx_word' id='word_1_770' title='bbox 3283 4593 3623 4663; x_wconf 79' lang='grc' dir='ltr'>παράδοξον.</span> <span class='ocrx_word' id='word_1_771' title='bbox 3651 4596 3741 4649; x_wconf 76' lang='lat' dir='ltr'><strong>T05</strong></span> 
     </span>
    </p>
   </div>
   <div class='ocr_carea' id='block_1_109' title="bbox 2163 4674 3743 4762">
    <p class='ocr_par' dir='ltr' id='par_1_109' title="bbox 2163 4674 3743 4762">
     <span class='ocr_line' id='line_1_109' title="bbox 2163 4674 3743 4762; baseline 0.011 -36"><span class='ocrx_word' id='word_1_772' title='bbox 2163 4674 2340 4729; x_wconf 87' lang='grc' dir='ltr'>τοίνυν</span> <span class='ocrx_word' id='word_1_773' title='bbox 2377 4677 2594 4747; x_wconf 78' lang='grc' dir='ltr'>ἱματίου</span> <span class='ocrx_word' id='word_1_774' title='bbox 2646 4680 2917 4754; x_wconf 87' lang='grc' dir='ltr'>τοσαύτην</span> <span class='ocrx_word' id='word_1_775' title='bbox 2968 4684 3033 4736; x_wconf 82' lang='grc' dir='ltr'>ὲκ</span> <span class='ocrx_word' id='word_1_776' title='bbox 3071 4684 3170 4755; x_wconf 80' lang='grc' dir='ltr'>τῆς</span> <span class='ocrx_word' id='word_1_777' title='bbox 3218 4686 3504 4756; x_wconf 77' lang='grc' dir='ltr'>ἀχράντου</span> <span class='ocrx_word' id='word_1_778' title='bbox 3560 4691 3743 4762; x_wconf 65' lang='grc' dir='ltr'>σαρκὸς</span> 
     </span>
    </p>
   </div>
   <div class='ocr_carea' id='block_1_110' title="bbox 2163 4764 3742 4852">
    <p class='ocr_par' dir='ltr' id='par_1_110' title="bbox 2163 4764 3742 4852">
     <span class='ocr_line' id='line_1_110' title="bbox 2163 4764 3742 4852; baseline 0.009 -33"><span class='ocrx_word' id='word_1_779' title='bbox 2163 4765 2419 4831; x_wconf 74' lang='grc' dir='ltr'>λαϐόντος</span> <span class='ocrx_word' id='word_1_780' title='bbox 2448 4764 2630 4842; x_wconf 78' lang='grc' dir='ltr'>χάριν,</span> <span class='ocrx_word' id='word_1_781' title='bbox 2659 4771 2754 4825; x_wconf 83' lang='grc' dir='ltr'>καὶ</span> <span class='ocrx_word' id='word_1_782' title='bbox 2782 4773 3102 4842; x_wconf 83' lang='grc' dir='ltr'>μεταδόντος</span> <span class='ocrx_word' id='word_1_783' title='bbox 3125 4778 3192 4846; x_wconf 84' lang='grc' dir='ltr'>τῇ</span> <span class='ocrx_word' id='word_1_784' title='bbox 3211 4779 3465 4844; x_wconf 80' lang='grc' dir='ltr'>γυναικὶ,</span> <span class='ocrx_word' id='word_1_785' title='bbox 3494 4782 3596 4833; x_wconf 71' lang='grc' dir='ltr'>καὶ</span> <span class='ocrx_word' id='word_1_786' title='bbox 3625 4782 3742 4852; x_wconf 72' lang='grc' dir='ltr'>μηδὲ</span> 
     </span>
    </p>
   </div>
   <div class='ocr_carea' id='block_1_111' title="bbox 2166 4858 3736 4945">
    <p class='ocr_par' dir='ltr' id='par_1_111' title="bbox 2166 4858 3736 4945">
     <span class='ocr_line' id='line_1_111' title="bbox 2166 4858 3736 4945; baseline 0.005 -35"><span class='ocrx_word' id='word_1_787' title='bbox 2166 4858 2480 4931; x_wconf 83' lang='grc' dir='ltr'>προσθήκην</span> <span class='ocrx_word' id='word_1_788' title='bbox 2510 4860 2607 4914; x_wconf 78' lang='grc' dir='ltr'>τοῦ</span> <span class='ocrx_word' id='word_1_789' title='bbox 2635 4862 2869 4935; x_wconf 83' lang='grc' dir='ltr'>ἀριθμοῦ</span> <span class='ocrx_word' id='word_1_790' title='bbox 2899 4866 2994 4919; x_wconf 77' lang='grc' dir='ltr'><strong>ἐπὶ</strong></span> <span class='ocrx_word' id='word_1_791' title='bbox 3035 4865 3344 4934; x_wconf 80' lang='grc' dir='ltr'>δοξολογίας</span> <span class='ocrx_word' id='word_1_792' title='bbox 3395 4874 3736 4945; x_wconf 64' lang='grc' dir='ltr'>ποιήσαντος·</span> 
     </span>
    </p>
   </div>
   <div class='ocr_carea' id='block_1_112' title="bbox 2162 4950 3739 5037">
    <p class='ocr_par' dir='ltr' id='par_1_112' title="bbox 2162 4950 3739 5037">
     <span class='ocr_line' id='line_1_112' title="bbox 2162 4950 3739 5037; baseline 0.009 -32"><span class='ocrx_word' id='word_1_793' title='bbox 2162 4950 2308 5005; x_wconf 77' lang='grc' dir='ltr'>οὕτω</span> <span class='ocrx_word' id='word_1_794' title='bbox 2334 4954 2429 5006; x_wconf 62' lang='grc' dir='ltr'><strong>καὶ⁴</strong></span> <span class='ocrx_word' id='word_1_795' title='bbox 2475 4954 2574 5026; x_wconf 78' lang='grc' dir='ltr'>τὴν</span> <span class='ocrx_word' id='word_1_796' title='bbox 2606 4954 2788 5010; x_wconf 71' lang='grc' dir='ltr'>ἔνθεον</span> <span class='ocrx_word' id='word_1_797' title='bbox 2818 4958 2998 5030; x_wconf 88' lang='grc' dir='ltr'>σάρκα</span> <span class='ocrx_word' id='word_1_798' title='bbox 3038 4959 3138 5030; x_wconf 79' lang='grc' dir='ltr'>τὴν</span> <span class='ocrx_word' id='word_1_799' title='bbox 3169 4960 3576 5035; x_wconf 76' lang='grc' dir='ltr'>άναποϐλήτως</span> <span class='ocrx_word' id='word_1_800' title='bbox 3621 4969 3739 5037; x_wconf 76' lang='grc' dir='ltr'>ήνωο</span> 
     </span>
    </p>
   </div>
   <div class='ocr_carea' id='block_1_113' title="bbox 2166 5043 3737 5128">
    <p class='ocr_par' dir='ltr' id='par_1_113' title="bbox 2166 5043 3737 5128">
     <span class='ocr_line' id='line_1_113' title="bbox 2166 5043 3737 5128; baseline 0.009 -32"><span class='ocrx_word' id='word_1_801' title='bbox 2166 5043 2338 5116; x_wconf 90' lang='grc' dir='ltr'>μένην</span> <span class='ocrx_word' id='word_1_802' title='bbox 2367 5045 2444 5117; x_wconf 86' lang='grc' dir='ltr'>τῷ</span> <span class='ocrx_word' id='word_1_803' title='bbox 2476 5048 2868 5121; x_wconf 84' lang='grc' dir='ltr'>παντοδυνάμῳ</span> <span class='ocrx_word' id='word_1_804' title='bbox 2910 5050 3069 5121; x_wconf 84' lang='grc' dir='ltr'>Λόγῳ</span> <span class='ocrx_word' id='word_1_805' title='bbox 3105 5051 3398 5123; x_wconf 85' lang='grc' dir='ltr'>τιμῶντες,</span> <span class='ocrx_word' id='word_1_806' title='bbox 3448 5057 3630 5128; x_wconf 80' lang='grc' dir='ltr'>εὑρεῖν</span> <span class='ocrx_word' id='word_1_807' title='bbox 3657 5057 3737 5127; x_wconf 77' lang='grc' dir='ltr'>μὲν</span> 
     </span>
    </p>
   </div>
   <div class='ocr_carea' id='block_1_114' title="bbox 2162 5137 3737 5223">
    <p class='ocr_par' dir='ltr' id='par_1_114' title="bbox 2162 5137 3737 5223">
     <span class='ocr_line' id='line_1_114' title="bbox 2162 5137 3737 5223; baseline 0.008 -33"><span class='ocrx_word' id='word_1_808' title='bbox 2162 5137 2232 5190; x_wconf 76' lang='grc' dir='ltr'>δι’</span> <span class='ocrx_word' id='word_1_809' title='bbox 2259 5138 2432 5209; x_wconf 82' lang='grc' dir='ltr'>αὐτῆς</span> <span class='ocrx_word' id='word_1_810' title='bbox 2484 5140 2854 5214; x_wconf 82' lang='grc' dir='ltr'>ὁμολογοῦμεν</span> <span class='ocrx_word' id='word_1_811' title='bbox 2902 5143 3002 5216; x_wconf 75' lang='grc' dir='ltr'>τὴν</span> <span class='ocrx_word' id='word_1_812' title='bbox 3056 5145 3353 5217; x_wconf 82' lang='grc' dir='ltr'>σωτηρίαν,</span> <span class='ocrx_word' id='word_1_813' title='bbox 3385 5152 3664 5223; x_wconf 80' lang='grc' dir='ltr'>τηροῦμεν</span> 
     </span>
    </p>
   </div>
   <div class='ocr_carea' id='block_1_115' title="bbox 2167 5227 3736 5310">
    <p class='ocr_par' dir='ltr' id='par_1_115' title="bbox 2167 5227 3736 5310">
     <span class='ocr_line' id='line_1_115' title="bbox 2167 5227 3736 5310; baseline 0.008 -30"><span class='ocrx_word' id='word_1_814' title='bbox 2167 5228 2262 5281; x_wconf 80' lang='grc' dir='ltr'>καὶ</span> <span class='ocrx_word' id='word_1_815' title='bbox 2289 5227 2382 5282; x_wconf 85' lang='grc' dir='ltr'>τὸν</span> <span class='ocrx_word' id='word_1_816' title='bbox 2407 5230 2638 5302; x_wconf 85' lang='grc' dir='ltr'>ἀριθμὸν</span> <span class='ocrx_word' id='word_1_817' title='bbox 2673 5231 2774 5303; x_wconf 84' lang='grc' dir='ltr'>τῆς</span> <span class='ocrx_word' id='word_1_818' title='bbox 2804 5232 3035 5305; x_wconf 85' lang='grc' dir='ltr'>Τριάδος</span> <span class='ocrx_word' id='word_1_819' title='bbox 3063 5236 3569 5310; x_wconf 83' lang='grc' dir='ltr'>ἀπαρεγχείρητον,</span> <span class='ocrx_word' id='word_1_820' title='bbox 3598 5242 3667 5306; x_wconf 84' lang='grc' dir='ltr'><strong>ὡς</strong></span> <span class='ocrx_word' id='word_1_821' title='bbox 3687 5241 3736 5294; x_wconf 78' lang='grc' dir='ltr'>ἓν</span> 
     </span>
    </p>
   </div>
   <div class='ocr_carea' id='block_1_116' title="bbox 2165 5310 3733 5401">
    <p class='ocr_par' dir='ltr' id='par_1_116' title="bbox 2165 5310 3733 5401">
     <span class='ocr_line' id='line_1_116' title="bbox 2165 5310 3733 5401; baseline 0.011 -30"><span class='ocrx_word' id='word_1_822' title='bbox 2165 5310 2328 5371; x_wconf 78' lang='grc' dir='ltr'>οὖσαν</span> <span class='ocrx_word' id='word_1_823' title='bbox 2356 5318 2472 5389; x_wconf 78' lang='grc' dir='ltr'>ἅμα</span> <span class='ocrx_word' id='word_1_824' title='bbox 2491 5319 2570 5392; x_wconf 82' lang='grc' dir='ltr'>τῷ</span> <span class='ocrx_word' id='word_1_825' title='bbox 2598 5321 2755 5391; x_wconf 83' lang='grc' dir='ltr'>Λόγῳ</span> <span class='ocrx_word' id='word_1_826' title='bbox 2779 5323 2924 5377; x_wconf 85' lang='grc' dir='ltr'>κατὰ</span> <span class='ocrx_word' id='word_1_827' title='bbox 2941 5324 3003 5377; x_wconf 84' lang='grc' dir='ltr'><strong>τὺ</strong></span> <span class='ocrx_word' id='word_1_828' title='bbox 3027 5324 3333 5399; x_wconf 82' lang='grc' dir='ltr'>ἀχώριστον</span> <span class='ocrx_word' id='word_1_829' title='bbox 3353 5330 3461 5401; x_wconf 79' lang='grc' dir='ltr'>τῆς</span> <span class='ocrx_word' id='word_1_830' title='bbox 3486 5332 3733 5394; x_wconf 78' lang='grc' dir='ltr'>ὲνὼσεως.</span> 
     </span>
    </p>
   </div>
   <div class='ocr_carea' id='block_1_117' title="bbox 2166 5409 3731 5495">
    <p class='ocr_par' dir='ltr' id='par_1_117' title="bbox 2166 5409 3731 5495">
     <span class='ocr_line' id='line_1_117' title="bbox 2166 5409 3731 5495; baseline 0.008 -35"><span class='ocrx_word' id='word_1_831' title='bbox 2166 5409 2261 5461; x_wconf 76' lang='grc' dir='ltr'>καὶ</span> <span class='ocrx_word' id='word_1_832' title='bbox 2309 5409 2609 5484; x_wconf 83' lang='grc' dir='ltr'>ἀδιαίρετον</span> <span class='ocrx_word' id='word_1_833' title='bbox 2658 5413 2761 5483; x_wconf 86' lang='grc' dir='ltr'>τῆς</span> <span class='ocrx_word' id='word_1_834' title='bbox 2811 5418 3257 5488; x_wconf 86' lang='grc' dir='ltr'>προσκυνήσεως.</span> <span class='ocrx_word' id='word_1_835' title='bbox 3305 5420 3455 5475; x_wconf 81' lang='grc' dir='ltr'>Ἀλλ’</span> <span class='ocrx_word' id='word_1_836' title='bbox 3498 5418 3731 5495; x_wconf 46' lang='lat' dir='ltr'><strong>eum</strong></span> 
     </span>
    </p>
   </div>
   <div class='ocr_carea' id='block_1_118' title="bbox 2165 5502 3730 5585">
    <p class='ocr_par' dir='ltr' id='par_1_118' title="bbox 2165 5502 3730 5585">
     <span class='ocr_line' id='line_1_118' title="bbox 2165 5502 3730 5585; baseline 0.012 -32"><span class='ocrx_word' id='word_1_837' title='bbox 2165 5502 2538 5573; x_wconf 67' lang='grc' dir='ltr'>ἐφαρμόζοντα</span> <span class='ocrx_word' id='word_1_838' title='bbox 2569 5503 2682 5576; x_wconf 76' lang='grc'><strong>(22)</strong></span> <span class='ocrx_word' id='word_1_839' title='bbox 2701 5507 2769 5578; x_wconf 75' lang='grc' dir='ltr'>τῇ</span> <span class='ocrx_word' id='word_1_840' title='bbox 2801 5505 2920 5579; x_wconf 77' lang='grc' dir='ltr'>θείᾳ</span> <span class='ocrx_word' id='word_1_841' title='bbox 2945 5507 3105 5577; x_wconf 86' lang='grc' dir='ltr'>φύσει</span> <span class='ocrx_word' id='word_1_842' title='bbox 3134 5511 3407 5579; x_wconf 84' lang='grc' dir='ltr'>φάσκουσι</span> <span class='ocrx_word' id='word_1_843' title='bbox 3447 5515 3730 5585; x_wconf 67' lang='grc' dir='ltr'>γεγονέναι,</span> 
     </span>
    </p>
   </div>
  </div>
