3842 6186
65 288 98 346 1
109 291 209 348 855

828 281 1419 342 CONFUTATIONES
1449 278 1896 350 QUA‘RUMDAM
1931 276 2513 333 PROPOSITIONUM.

3155 271 3286 326 ινιι

3184 307 3217 326 ιθ

3184 307 3217 328 ιι

64 403 132 458 τὸ
168 402 379 458 δυνατὸν
426 400 520 455 τοῦ
573 399 709 453 Θεοῦ
757 400 893 471 πρὸς
943 396 1285 468 κατασκευὴν
1338 394 1622 467 ἀπρεποῦς

1750 390 2015 446 ndivisam
2050 389 2443 445 adorationem.
2478 386 2583 442 Sed
2600 400 2938 457 quaecunque
2970 380 3164 441 divinae
3191 403 3289 440 na-

67 497 269 559 ὲννοίας
297 494 646 567 λαμϐάνουσι,
681 491 890 545 Παύλου
922 489 1169 558 λέγοντος
1189 503 1204 519 ο
1252 486 1528 540 Ἀδύνατον
1550 484 1628 556 τῷ

68 586 194 657 Θεῷ
228 586 318 640 καὶ
347 586 410 638 τὸ
444 580 766 653 ψεύσασθαι.
802 581 897 634 καὶ
931 579 993 632 τὸ
1033 576 1224 631 ἑαυτὸν
1258 572 1625 646 ἀρνήσασθαιο

68 678 174 732 ὅσα
197 677 249 730 δὲ
284 675 376 730 καὶ⁵
405 672 711 745 ἁρμόζοντα
745 670 823 742 τῷ
852 669 970 740 Θεῷ
996 668 1090 723 καὶ
1119 668 1358 738 σωτήρια
1384 665 1480 718 καὶ
1510 663 1630 717 θεο⁸

70 771 254 844 τερεπῆ
297 770 392 823 καὶ¹
433 768 811 840 φιλάνθρωπα,
857 763 1030 818 ταῦτα
1077 768 1215 833 πρὸς
1258 759 1320 812 τὸ
1374 757 1631 812 ἀδύνατον

76 862 449 936 μεταφέρουσι,
493 859 566 930 μὴ
611 855 1065 929 παραχωροῦντες
1101 855 1166 922 τῇ
1205 851 1494 921 δεσποτικῇ
1543 865 1632 901 σο⁴

72 955 176 1027 φίᾳ
217 953 305 1007 τοῦ
340 951 596 1006 δύνασθαι
634 951 728 1003 καὶ
761 947 947 1002 λαϐεῖν
990 947 1186 1017 σάρκα,
1215 944 1309 998 καὶ
1355 943 1429 1014 μὴ
1459 942 1633 995 ποιεῖν

71 1045 320 1118 τετράδα.
351 1043 505 1098 Οὕτω
552 1041 732 1114 κρίσις
764 1040 948 1103 αὐτοῖς
993 1037 1391 1109 ὲμφιλόνεικος,
1438 1034 1507 1088 τά
1535 1032 1634 1104 μὲν

71 1136 331 1209 ἀπρεπῶς
374 1136 506 1205 παρ’
533 1132 711 1186 αὐτῶν
757 1129 1221 1199 καινοτομούμενα
1269 1123 1517 1196 βεϐαιοῦν
1556 1120 1635 1192 τῷ

70 1231 266 1298 λέγειν,
297 1229 377 1281 ὅτι
403 1226 581 1280 πάντα
625 1222 848 1277 δύναται
889 1225 918 1275 ό
959 1220 1090 1283 Θεός
1110 1236 1123 1249 ·
1156 1219 1224 1271 τὰ
1268 1218 1325 1271 δὲ
1355 1215 1506 1289 παρὰ
1533 1214 1636 1284 τῆς

70 1321 234 1389 ἁγίας
255 1317 472 1390 Γραφῆς
499 1314 736 1380 εὐσεϐῶς
758 1312 1141 1386 κηρυσσόμενα
1172 1308 1366 1380 μηκέτι
1388 1305 1635 1377 δέχεσθαι

70 1413 151 1476 ὡς
194 1410 381 1482 ἀληθῆ,
416 1410 510 1462 καὶ
552 1407 772 1473 δυνατὰ,
807 1408 901 1460 καὶ
936 1402 1312 1475 συμφέροντα’
1340 1398 1637 1471 λαμϐάνειν

69 1504 133 1556 δὲ
182 1501 314 1556 αὐτὰ
356 1502 435 1564 είς
477 1499 678 1571 πλοκὴν
708 1499 1058 1569 ζητημάτων,
1089 1495 1184 1549 καὶ
1219 1494 1295 1565 μὴ
1333 1491 1637 1547 ἀποδιδόναι

70 1597 142 1664 τῇ
173 1592 391 1663 δυνάμει
419 1591 511 1645 τοῦ
560 1591 734 1644 πάντα
765 1589 1043 1652 ποιοῦντος
1087 1587 1155 1641 τὰ
1191 1586 1463 1657 ἀνήκοντα
1497 1581 1639 1653 ὑπὲρ

69 1684 412 1757 ἀνθρωπίνην
438 1682 756 1755 κατάληψιν.

810 1794 903 1849 Ἥ.

71 1908 235 1978 Πρὸς
283 1908 422 1973 τοὺς
462 1906 902 1978 λέγοντας-,γὸτι
958 1904 1085 1978 κατ’
1108 1903 1636 1978 (immernor-qvam-

145 1974 316 2033 σκειν
330 1979 435 2031 τὸν
452 1974 761 2043 Δεσπότην
778 1974 1052 2044 Χριστὸν,
1079 1977 1166 2038 εὶς
1180 1974 1489 2041 ἄνθρωπόν
1507 1974 1638 2027 ἐστι

144 2049 254 2115 τὰς
281 2047 534 2115 ἐλπίδας
566 2048 751 2115 ἔχειν.

159 2137 317 2192 ’Λλλά
347 2137 479 2210 γὰρ,
531 2136 605 2207 μὴ
647 2133 1004 2207 ἀρκεσθέντες
1041 2135 1152 2196 τοῖς
1192 2131 1365 2195 οὕτως
1423 2132 1641 2195 ἀτόποις

72 2232 174 2286 καί⁵
210 2229 582 2300 ἀναισχύντοις
624 2226 992 2300 προϐλήμασι,
1025 2225 1368 2298 προσέθηκαν
1407 2225 1501 2277 καὶ
1550 2223 1643 2277 ἀλ-

73 2320 180 2390 λην
221 2319 561 2390 ίταμωτέραν
596 2317 891 2386 ἀπόφασιν,
943 2315 1192 2385 λέγοντες
1241 2317 1321 2378 είς
1364 2314 1647 2386 ἄνθρωπον

73 2413 223 2481 ἔχειν
272 2411 372 2472 τὰς
414 2408 636 2471 ἐλπίδας
686 2409 816 2472 τοὺς
863 2406 997 2462 Θεὸν
1053 2407 1146 2460 καὶ
1191 2404 1475 2477 ἄνθρωπον
1523 2403 1646 2458 καθ’

72 2500 342 2573 ἑκατέραν
368 2499 527 2570 φύσιν
550 2497 942 2569 ὁμολογοῦντας
970 2497 1061 2551 τὸν
1087 2496 1339 2569 Χριστόν.
1379 2495 1499 2549 Ἐπὶ
1526 2495 1650 2548 τού-

72 2608 193 2655 τοις
255 2590 433 2645 αὐτῶν
482 2588 749 2642 πυθέσθαι
807 2587 989 2642 καλόν.
1043 2589 1136 2640 Δεῖ
1200 2585 1481 2639 πείθεσθαι
1529 2588 1650 2649 ταῖς

74 2681 266 2749 ἁγίαις
303 2680 564 2751 Γραφαῖς,
599 2679 633 2749 ἢ
678 2677 797 2731 κατ’
819 2678 1015 2741 αὐτοὺς
1059 2678 1121 2731 ού
1160 2677 1272 2740 δεῖς
1304 2678 1368 2730 Εἰ
1413 2676 1511 2747 μὲν
1542 2675 1651 2747 γὰρ

76 2771 183 2835 δεῖ,
219 2773 346 2841 παρ’
368 2768 548 2824 αὐτῶν
572 2768 913 2840 ἀκηκόαμεν,
961 2769 1056 2822 καὶ
1100 2768 1292 2831 αὐταῖς
1323 2766 1651 2836 ἐγκαλείτω-

82 2880 189 2917 σαν
211 2877 224 2890 ’
255 2865 306 2916 εί
327 2862 385 2916 δὲ
420 2861 654 2931 λέγοιεν,
688 2861 764 2924 ὡς
799 2861 860 2914 οὒ
887 2860 988 2925 δεῖ,
1024 2860 1272 2932 φανερῶς
1296 2859 1653 2930 ὁμολογείτω-

77 2970 185 3008 σαν
214 2952 314 3025 τὴν
352 2953 488 3023 πρὸς
529 2952 630 3017 τὰς
679 2951 830 3024 ἱερὰς
877 2951 1091 3022 βίϐλους
1141 2951 1402 3007 ἄσπονδον
1450 2951 1649 3023 μάχην,

1666 1733 1714 1793 Β

1729 491 1866 538 tura:
1917 498 2029 537 non
2062 482 2414 547 conveniunt,
2445 495 2509 537 ea
2542 480 2797 550 potentia:
2831 479 2923 534 Dei
2947 480 3013 534 ad
3042 492 3288 534 asn-uen-

1727 576 1852 631 dam
1886 573 2178 629 absurdam
2217 588 2370 629 suam
2414 572 2728 644 opinionem
2766 571 3081 634 ascribunt,
3118 569 3289 625 Paulo

1728 666 1942 720 dicente
1959 663 2127 720 Deum
2148 679 2256 718 non
2269 678 2429 734 posse
2443 661 2680 726 mentiri,
2697 676 2797 715 nec
2815 661 3051 730 seipsum
3073 676 3290 731 negate.

1729 755 1859 822 Quae
1876 770 2004 809 vero
2019 763 2072 808 et
2098 752 2209 808 Deo
2238 753 2635 818 convenientia,
2650 752 2992 811 etsalutaria,
3007 759 3061 804 et
3089 750 3290 815 divina,

1729 857 1781 900 et
1806 847 1860 900 in
1889 845 2170 899 hominum
2208 843 2435 915 gratiam
2483 843 2624 897 facta
2654 849 2802 907 sunt,
2831 857 2895 896 ca
2934 841 3293 911 impossibilia

1730 953 1852 992 esse
1880 937 2070 992 dicunt
2095 956 2108 991 :
2146 951 2322 1008 neque
2351 935 2405 991 id
2438 935 2635 990 divina:
2656 935 2932 1004 sapientiae
2964 934 3293 997 concedunt,

1734 1038 1793 1084 ιιι
1821 1029 1995 1099 possit
2022 1043 2242 1084 carnem
2266 1042 2502 1091 sumere,
2520 1026 2651 1096 quin
2671 1024 2832 1079 faciat
2856 1025 3293 1094 quaternitatem.

1732 1119 1810 1174 lta
1829 1121 2086 1175 nimirum
2110 1119 2187 1175 illi
2214 1119 2539 1174 contentiosi
2571 1125 2719 1184 sunt,
2742 1125 2802 1171 ut
2826 1116 3061 1172 absurda
3078 1117 3298 1187 quidem

1735 1227 1834 1267 sua
1859 1218 2162 1267 commenta
2198 1210 2524 1265 confirmare
2551 1211 2798 1263 nitantur
2833 1209 3087 1274 dicendo,
3117 1210 3299 1264 omnia

1735 1318 1897 1375 posse
1916 1303 2254 1374 Deum;-quae
2276 1317 2404 1358 vero
2429 1301 2516 1372 pie
2545 1317 2575 1355 a
2603 1315 2759 1357 sacra
2788 1299 3072 1371 Scriptura
3102 1300 3301 1371 praedi-

1735 1404 1952 1461 cantur,
1981 1412 2092 1452 non
2116 1396 2405 1451 admittant
2425 1403 2486 1449 ut
2505 1408 2654 1460 vera,
2684 1406 2745 1448 ut
2776 1394 3078 1463 possuhilia,
3104 1402 3164 1448 ut
3195 1395 3302 1448 uti-

1736 1487 1837 1553 lia;
1865 1486 1962 1541 sed
1993 1502 2061 1541 ex
2109 1487 2178 1542 iis
2223 1486 2588 1556 qumstionum
2634 1486 2857 1555 laqueos
2911 1491 3153 1548 nectant,
3202 1500 3304 1541 nec

1738 1582 1980 1634 omnium
1997 1578 2276 1635 Creatoris
2306 1576 2559 1648 potestati
2581 1591 2646 1632 ea
2671 1576 2915 1631 tribuant
2937 1590 3059 1645 quae
3085 1583 3305 1647 captum

1742 1678 2005 1745 superant
2035 1670 2356 1727 humanum.

2381 1781 2549 1855 493
2578 1780 2663 1838 v1.

1742 1894 2003 1950 Adversus
2031 1911 2119 1949 eos
2162 1896 2253 1966 qui
2283 1896 2466 1951 dicunt
2502 1894 2771 1966 Christum
2813 1894 3100 1950 Dominum
3128 1905 3187 1950 ut
3213 1896 3308 1952 ho-

1811 1966 2003 2086 ἵιῐηεηι
2040 1981 2338 2036 agnoscere,
2372 1982 2483 2020 esse
2508 1967 2562 2020 in
2593 1965 2851 2020 hominem
2873 1980 3013 2035 spem
3040 1982 3193 2021 suam
3219 1966 3310 2022 Ita-

1846 2051 1952 2086 ere.

1846 2051 1952 2089 ere.

1812 2126 1883 2180 At
1909 2126 1988 2181 illi
2023 2142 2135 2182 non
2172 2129 2411 2183 contenti
2445 2135 2555 2181 tam
2597 2128 2851 2185 absurdis
2880 2129 3312 2199 impudentibus-

1745 2232 1851 2286 que
1897 2219 2400 2288 propositionibus,
2427 2218 2588 2272 aliam
2639 2219 2809 2274 multo
2856 2220 3312 2289 impndentiorem

1746 2313 2070 2369 sententiam
2128 2313 2404 2377 addidere,
2437 2313 2701 2377 dicentes,
2740 2314 2796 2367 in
2833 2314 3108 2369 hominem
3159 2328 3313 2385 spem

1746 2404 1870 2460 illos
1901 2405 2121 2470 habere,
2147 2404 2240 2476 qui
2268 2405 2547 2460 Christum
2566 2405 2865 2461 secundum
2893 2415 3181 2476 utramque
3209 2419 3312 2458 na-

1749 2502 1930 2549 turam
1974 2495 2146 2551 Deum
2180 2506 2233 2551 et
2278 2496 2554 2551 hominem
2581 2511 2703 2552 esse
2742 2496 3077 2552 confitentur
3108 2515 3120 2550 :
3151 2512 3316 2567 super

1749 2587 1836 2643 his
1864 2588 2174 2658 percontari
2211 2589 2332 2643 illos
2359 2602 2536 2658 operae
2556 2589 2789 2659 pretium
2811 2589 2992 2644 fuerit.
3038 2589 3146 2643 Aut
3183 2603 3316 2644 san-

1755 2679 1860 2734 ctis
1881 2678 2260 2749 obtemperare
2290 2678 2593 2750 Scripturis
2621 2687 2855 2750 oportet,
2889 2689 2982 2734 aut
3016 2681 3316 2735 secundum

1751 2771 1875 2825 illos
1900 2785 2008 2825 non
2043 2779 2284 2841 oportet;
2309 2770 2355 2826 si
2402 2779 2634 2842 oportet,
2669 2770 2724 2825 id
2754 2786 2821 2826 ex
2846 2768 3148 2843 Scripturis
3175 2771 3319 2827 didi-

1751 2864 1947 2927 cimus,
1979 2863 2103 2918 illas
2132 2878 2262 2933 ergo
2282 2863 2566 2931 incusent;
2598 2863 2645 2919 si
2669 2863 2874 2928 dicant,
2905 2879 3015 2918 non
3043 2872 3317 2935 oportere,

1751 2953 1930 3023 palam
1963 2967 2095 3024 ergo
2116 2952 2321 3008 faciant
2351 2967 2513 3008 suum
2546 2953 2603 3009 in
2652 2967 2842 3008 sacros
2873 2954 3044 3010 libros
3074 2955 3321 3011 irrecon-

74 3047 179 3100 καὶ
205 3045 380 3107 οὐδεὶς
428 3045 559 3115 ἡμῖν
612 3044 750 3114 πρὸς
782 3043 999 3109 αὐτοὺς,
1031 3039 1120 3097 οἷα
1152 3043 1288 3116 πρὸς
1320 3044 1645 3117 ἀλλοτρίους,

1754 3041 1994 3097 ciliabile
2052 3042 2276 3108 bellum,
2301 3057 2402 3097 nec
2432 3043 2577 3099 ullus
2606 3038 2766 3098 nobis
2795 3059 2921 3098 cum
2973 3045 3105 3110 illis,
3131 3055 3322 3118 utpote

75 3136 261 3206 λόγος.
290 3133 428 3206 Παρ’
456 3133 634 3188 αὐτῶν
662 3133 1007 3205 ἀκηκόαμεν-
1049 3133 1399 3205 «Ἄνθρωπος
1427 3135 1485 3187 ὲν
1514 3133 1652 3203 πλη-

75 3230 156 3301 γῇ
186 3226 284 3292 ῶν,
321 3228 416 3281 καὶ
466 3225 622 3288 εἰδὼς
651 3225 837 3297 φέρειν
883 3224 1183 3296 μαλακίαν·
1214 3243 1234 3277 ι
1276 3224 1372 3277 καὶ
1413 3218 1654 3288 ὃτιῪὶδς

76 3317 375 3389 ἀνθρώπου
404 3319 520 3373 ἐστί
540 3335 555 3349 ·
588 3336 608 3369 ι
628 3317 742 3372 Νῦν
765 3316 823 3369 δέ
864 3333 930 3388 με
961 3315 1172 3387 ζητεῖτε
1195 3316 1532 3379 ἀποκτεῖναι,
1557 3314 1654 3369 ἀν-

77 3410 307 3482 θρωπον
337 3408 397 3472 ὃς
425 3408 524 3480 τὴν
552 3406 811 3478 ἀλήθειαν
846 3405 1120 3476 λελάληκα
1165 3405 1315 3475 ὑμῖν.
1365 3398 1462 3468 Εἷς
1500 3404 1652 3468 Θεὸς,

76 3496 167 3565 εἷς
191 3500 289 3554 καὶ
327 3499 551 3571 μεσίτης
574 3496 709 3551 Θεοῦ
740 3496 835 3550 καὶ
874 3494 1195 3567 ἀνθρώπων,
1233 3493 1518 3566 ἄνθρωπος
1552 3494 1658 3565 Ἰη-

80 3592 218 3656 σοῦς
245 3591 497 3663 Χριστός.
546 3591 604 3645 ὐ
629 3589 846 3662 πρῶτος
879 3588 1164 3660 ἄνθρωπος
1209 3588 1275 3640 ἐκ
1308 3588 1413 3657 γῆς
1441 3586 1655 3659 χοῖκὺς,

74 3688 109 3739 ὁ
138 3682 394 3755 δεύτερος
416 3681 699 3754 ἄνθρωπος
728 3683 757 3735 ὁ
784 3681 987 3753 Κύριος
1027 3679 1086 3745 ἐξ
1135 3677 1386 3750 ούρανοῦ.
1424 3680 1482 3732 '0
1511 3678 1661 3749 πρῶ-

76 3789 180 3841 τος
212 3775 406 3846 Ἀδὰμ,
454 3776 484 3829 ὁ
516 3773 574 3827 δὲ
604 3773 831 3843 ἔσχατος
859 3772 1113 3843 Χριστός.
1141 3773 1218 3825 Δι’
1252 3769 1535 3843 ἀνθρώπου
1561 3770 1659 3826 θά-

71 3884 267 3933 νατος,
307 3866 373 3919 δι’
406 3863 692 3937 ἀνθρώπου
735 3863 1031 3927 ἀνάστασις
1091 3863 1316 3936 νεκρῶν.
1343 3881 1363 3914 ι
1410 3861 1660 3917 Τοσαῦτα

74 3964 144 4014 ὲν
186 3958 390 4028 λόγοις,
428 3958 524 4011 καὶ
561 3954 741 4027 πολλῷ
783 3955 954 4009 πλείω
1001 3955 1205 4026 σφόδρα
1259 3955 1359 4009 ὅσα
1408 3955 1569 4009 πάλιν
1602 3957 1660 4007 ὲν

76 4048 296 4120 ἔργοις.
341 4044 631 4119 Ἐγεννήθη
671 4045 888 4118 βρέφος,
917 4045 1261 4118 περιεγράφη
1302 4045 1659 4116 σπαργάνοις,

77 4140 307 4214 ἐτράφη
347 4140 602 4207 γάλακτι,
648 4137 989 4211 περιετμήθη
1029 4137 1172 4193 κατὰ
1198 4138 1287 4192 τὸν
1319 4138 1501 4209 νόμον,
1531 4153 1664 4208 προ-

79 4233 291 4303 ἔκοψεν
326 4232 533 4305 ἡλικίᾳ,
567 4232 662 4287 καὶ
691 4230 869 4303 σοφίᾳ,
910 4232 1003 4285 καὶ
1035 4231 1240 4304 χάριτι,
1281 4233 1469 4285 πεῖναν
1501 4230 1660 4299 ἔγνω,

1756 3134 2065 3197 extraneis,
2101 3133 2171 3188 sit
2220 3148 2419 3189 sermo.
2478 3132 2555 3188 Ex
2610 3132 2908 3205 Scripturis
2964 3136 3318 3192 audivimus:

1762 3244 1781 3277 ι
1818 3224 1993 3281 Homo
2024 3226 2081 3280 in
2112 3226 2270 3296 plaga
2297 3226 2661 3292 constitutus,
2693 3237 2748 3282 et
2777 3228 2958 3283 sciens
2984 3227 3127 3285 ferre
3167 3229 3323 3285 inﬁr-

1757 3317 2002 3372 mitatem
2035 3317 2121 3373 ":
2156 3337 2176 3370 ι
2212 3325 2266 3372 ει
2300 3317 2446 3388 quod
2485 3316 2658 3373 Filius
2682 3319 2753 3374 sit
2791 3318 3025 3376 hominis
3059 3335 3075 3372 :
3109 3337 3128 3372 ι
3165 3319 3324 3376 Nunc

1758 3416 1939 3465 autem
1976 3409 2221 3480 quaeritis
2252 3425 2339 3466 me
2367 3409 2693 3475 interficere,
2731 3411 3003 3467 hominem
3052 3413 3145 3484 qui
3178 3414 3324 3468 veri-

1759 3510 1923 3556 tatem
1951 3493 2165 3556 ιοειιιιιε
2213 3515 2333 3556 sum
2377 3500 2533 3555 vobis
2556 3500 2620 3557 δ’.
2653 3499 2808 3556 Unus
2841 3499 3005 3564 Deus,
3046 3517 3189 3558 unus
3216 3517 3325 3556 me-

1760 3592 1940 3647 diator
1968 3593 2059 3648 Dei
2109 3600 2164 3649 et
2208 3592 2512 3655 hominum,
2545 3592 2708 3649 homo
2760 3592 2924 3650 Jesus
2968 3595 3223 3652 Christus
3252 3596 3319 3652 ⁵⁸.

1760 3682 1977 3738 Primus
1994 3682 2159 3737 homo
2172 3698 2239 3737 ex
2269 3693 2414 3737 terra
2440 3689 2712 3749 terrenus,
2738 3682 3009 3739 secundus
3039 3684 3203 3739 homo
3228 3683 3328 3739 Do-

1761 3775 1943 3830 minus
1972 3776 2189 3831 excwlo
2202 3775 2501 3833 ".Primus
2518 3777 2709 3842 Adam,
2740 3777 2967 3832 ultimus
3005 3791 3134 3832 vero
3163 3776 3325 3832 Chri-

1762 3878 1900 3923 stus.
1932 3866 2037 3922 Per
2060 3867 2332 3922 hominem
2349 3870 2530 3935 fmors,
2560 3885 2656 3940 per
2689 3870 2963 3924 hominem
2996 3871 3327 3925 resurrectio

1763 3965 2103 4013 mortuorum
2134 3957 2202 4013 °'.
2224 3975 2244 4010 ι
2274 3954 2400 4012 Haec
2431 3966 2510 4013 tot
2548 3969 2804 4028 tantaque
2840 3959 3026 4023 verba,
3059 3973 3124 4013 ac
3153 3960 3327 4015 multo

1760 4050 1922 4119 plura
1937 4065 2102 4121 opera
2117 4059 2266 4117 sunt,
2298 4067 2421 4122 quae
2461 4053 2834 4107 testimonium
2863 4052 3116 4108 reddant.
3155 4052 3327 4109 Natus

1764 4149 1848 4195 est
1867 4140 2070 4208 infans,
2087 4141 2286 4211 pannis
2302 4142 2601 4205 involutus,
2634 4142 2774 4196 lacte
2789 4143 3050 4205 nutritus,
3087 4144 3328 4199 circum-

1764 4231 1915 4287 cisus
1947 4231 2250 4288 secundum
2278 4233 2470 4302 legem,
2505 4231 2736 4302 profecit
2755 4235 2942 4298 aetate,
2971 4233 3243 4304 sapientia
3270 4242 3328 4288 et

77 4324 256 4394 δίψαν
285 4324 385 4378 οὐκ
411 4322 668 4395 ήγνόησε,
706 4324 882 4379 πόνων
907 4322 1157 4394 αἴσθησιν
1193 4321 1372 4387 έλαϐε,
1419 4321 1645 4393 ταραχῆς

1767 4323 1962 4393 gratia,
1990 4323 2188 4379 famem
2222 4331 2480 4393 expertus
2525 4331 2631 4387 est,
2679 4324 2826 4378 sitim
2869 4327 3001 4379 non'
3031 4326 3325 4397 ignoravit,

76 4418 184 4473 καὶ
206 4415 503 4486 ἀδημονίας
530 4415 627 4470 καὶ
661 4413 837 4487 λύπης
857 4417 1048 4484 πεῖραν
1073 4413 1308 4478 ἐδέξατο,
1331 4414 1468 4467 κατά
1494 4414 1645 4467 πάνυ

1774 4413 1987 4469 labores
2020 4415 2303 4481 sustinuit,
2340 4413 2823 4484 perturbationem,
2858 4415 3185 4487 anxietatem
3218 4415 3333 4469 ani-

79 4505 355 4578 ὡμοιώθη
384 4507 496 4569 τοῖς
543 4504 789 4574 ἀδελφοῖς
843 4505 1009 4575 χωρὶς
1062 4503 1350 4575 ἁμαρτίας.
1399 4505 1645 4571 Μάστιξι·

1767 4506 1862 4570 mi,
1886 4512 1942 4561 et
1969 4506 2214 4562 dolorem
2235 4513 2493 4577 expertus
2521 4515 2628 4571 est,
2660 4520 2757 4577 per
2783 4507 2965 4561 omnia
2997 4506 3332 4562 assimilatus

81 4593 404 4667 ὑπεϐλήθη,
434 4593 651 4666 σταυρῷ
683 4593 991 4666 προσήχθη,
1022 4593 1174 4664 ἥλοις
1205 4594 1536 4664 περιεπάρη,
1571 4593 1645 4647 θα·

1766 4607 1849 4654 εει
1879 4597 2161 4661 fratribus,
2190 4606 2416 4668 excepto
2462 4606 2706 4669 peccato.
2738 4597 2990 4671 Flagellis
3022 4614 3197 4655 caesus
3223 4607 3329 4661 est,

79 4690 262 4747 νάτου
309 4688 590 4758 ἐγεύσατο,
620 4689 764 4759 ταφῇ
812 4686 1107 4759 παρεδόθη,
1156 4685 1380 4755 γέγονεν
1432 4688 1465 4756 ή
1521 4686 1645 4757 ψυχῖ

1771 4698 1928 4745 actus
1953 4690 2009 4745 in
2031 4705 2273 4754 crucem,
2304 4690 2473 4745 clavis
2518 4690 2789 4754 confixus,
2817 4700 3045 4746 mortem
3070 4690 3330 4763 gustavit,

84 4781 246 4839 κατά
273 4780 368 4835 τὸν
395 4780 550 4852 ᾅδην,
581 4780 677 4835 καὶ
719 4779 1054 4852 κρατηθῆναι
1087 4778 1163 4850 μὴ
1195 4776 1483 4849 δυνηθεῖσα
1510 4778 1645 4831 πάλιε

1771 4781 2067 4851 sepultura:
2101 4781 2334 4836 traditus
2367 4790 2472 4848 est,
2508 4781 2791 4836 descendit
2822 4784 3002 4837 anima
3024 4782 3144 4851 ejus
3160 4782 3226 4835 ad
3257 4781 3337 4833 in-

81 4872 340 4945 ἀπεδόθη
366 4871 445 4943 τῷ
474 4869 707 4942 σώματι,
741 4871 837 4926 καὶ
880 4869 1101 4939 γέγονεν
1133 4871 1168 4940 ή
1197 4868 1517 4932 ἀνάστασιςο
1551 4863 1645 4922 εἴτε

1771 4869 1940 4953 feros,
1965 4879 2174 4927 etcum
2215 4871 2293 4926 ibi
2338 4872 2569 4927 detineri
2606 4886 2715 4927 non
2760 4882 2968 4942 posset,
2996 4872 3203 4927 reddita
3249 4880 3337 4927 est

81 4964 290 5035 ἐπαφὴ
318 4963 413 5017 καὶ
444 4961 758 5035 ψηλάφησις
781 4961 890 5016 τῶν
920 4960 1288 5016 ἀπιστούντων
1310 4978 1324 4992 ο
1355 4957 1472 5015 εἶτα
1496 4962 1645 5032 τροφὲ

1772 4964 2013 5033 corpori,
2048 4972 2104 5018 et
2136 4962 2284 5018 facta
2332 4964 2664 5019 resurrectio
2696 4971 2780 5019 est
2808 4980 2823 5017 :
2854 4960 2982 5019 hinc
3011 4963 3251 5034 palpatio
3281 4970 3337 5016 et

84 5055 442 5127 πιστουμένη
467 5054 562 5110 τοῦ
602 5052 852 5126 σώματος
894 5052 996 5125 τὴν
1047 5052 1339 5108 ἀνάστασιν
1355 5069 1370 5084 ο
1402 5048 1521 5108 εἶτα
1545 5053 1645 5107 ἀνά

1774 5054 2134 5109 contrectatio
2150 5053 2777 5116 incredulorum,deinde
2789 5061 3042 5124 sumptus
3056 5054 3213 5109 cibus
3230 5061 3335 5117 est,

84 5148 268 5220 ληψις
291 5149 374 5212 είς
404 5146 633 5219 οὐρανὸν
661 5143 912 5218 ὁρώντων
957 5143 1190 5199 πολλῶν.
1217 5144 1488 5200 Τοσαῦται
1537 5162 1645 5217 μαρ

1775 5144 1871 5214 qui
1930 5141 2246 5197 resuscitati
2294 5143 2543 5213 corporis
2598 5142 2758 5198 ﬁdem
2820 5142 3024 5199 faceret
3070 5157 3086 5196 :
3140 5143 3342 5200 deinde

81 5241 286 5312 τυρίαι
297 5238 409 5294 τῶν
419 5238 835 5313 γεγραμμένων,
849 5236 1084 5310 τοσαύτη
1100 5236 1205 5308 πλη
1214 5236 1438 5309 ροφορία
1447 5236 1645 5307 γενομέ

1777 5232 2080 5302 assumptio
2126 5232 2184 5285 in
2216 5231 2416 5286 coelum
2451 5233 2640 5290 multis
2660 5233 2990 5289 videntibus.
3026 5232 3132 5289 'l‘ot
3159 5242 3347 5291 tanta-

83 5350 233 5396 νων,
246 5330 520 5386 τοσούτων
542 5332 575 5401 ἡ
604 5329 883 5401 οἰκονομία
903 5328 1156 5401 πρόξενος
1165 5328 1400 5398 ἀγαθῶν.
1416 5328 1526 5382 Καὶ
1543 5327 1645 5382 ταῦ

1778 5339 1885 5395 que
1905 5331 2037 5378 sunt.
2073 5321 2476 5392 Scripturarum
2501 5323 2830 5387 testimonia,
2863 5330 3015 5378 tanta
3038 5338 3225 5379 rerum
3249 5338 3343 5394 αε-

80 5441 166 5478 τα
197 5421 383 5476 πάντα
404 5420 680 5475 κελεύουσι
701 5422 967 5495 παρορᾷν,
989 5420 1084 5475 καὶ
1099 5419 1369 5474 τοσούτων
1391 5418 1484 5473 καὶ¹
1501 5417 1645 5472 τοιού

1781 5423 1991 5472 starem
2029 5415 2323 5481 certitudo,
2353 5422 2436 5470 tot
2480 5421 2738 5484 tantaque
2768 5416 2930 5470 nobis
2954 5415 3098 5471 bona
3118 5428 3345 5471 (nconc-

79 5530 208 5573 των
240 5512 571 5575 ἀπεναντίας
600 5515 817 5584 χωρεῖν,
845 5511 1234 5584 ἀνθρωπότητα
1262 5510 1317 5563 δὲ
1347 5510 1436 5563 διὰ
1472 5509 1643 5562 τούτω

1782 5508 1892 5563 mia
1923 5508 2199 5566 conciliat.
2228 5506 2297 5562 Et
2334 5507 2664 5578 praecipiunt
2701 5514 2883 5564 tamen
2914 5515 2975 5563 ut
3005 5507 3122 5564 haec
3159 5509 3344 5565 omnia

167 5667 224 5702 ⁸⁸
262 5664 369 5723 ιιι.
404 5681 523 5729 LIII,
559 5667 615 5721 '5.
688 5667 733 5698 ⁸⁷
770 5665 929 5722 Joan.
965 5680 1100 5732 vm,
1134 5666 1223 5719 ιο.
1300 5665 1345 5698 ³⁸
1386 5664 1403 5718 l
1439 5660 1580 5719 Tim.
1615 5677 1645 5715 ιι

1750 5698 1764 5717 .
1836 5661 1882 5694 ⁸⁸
1924 5661 1939 5714 Ι
1975 5659 2103 5718 Cor.
2139 5678 2229 5729 xv,
2263 5661 2354 5717 47.
2432 5661 2477 5695 ⁶⁰
2517 5660 2649 5717 ibid.
2690 5660 2782 5717 21.

421 5778 693 5839 Parnm.
740 5777 857 5841 Gn.
890 5777 1180 5840 XXVIII.

2950 5771 3027 5832 £3
