3842 6186
512 177 536 230 1
547 177 651 232 355

1637 180 1693 236 S.
1736 179 2205 237 ATIIANASIUS.
2247 213 2316 224 —
2358 182 2630 241 SPURIA.
3653 189 3740 242 £31;

507 298 896 372 despiciamus,
926 313 990 352 ac
1036 306 1228 353 contra
1259 297 1447 353 isthaac
1495 304 1646 352 tanta
1676 305 1730 351 et
1759 296 2054 367 hujusmod

2181 299 2641 373 ἀποδεδειγμένην
2667 300 2742 374 μὴ
2775 299 2918 354 κατὰ
2942 300 3102 371 φύσιν
3140 301 3456 373 ὁμολογεῖνο
3489 303 3756 374 άνθρωπ>

507 395 888 467 procedamus,
924 392 1120 462 hisque
1154 391 1585 446 demonstratam
1627 390 1958 445 testimoniis
1994 389 2088 443 hu-

505 487 821 542 manitatem
875 499 984 538 non
1041 481 1344 539 secundum
1398 490 1649 536 naturam
1691 481 2083 549 conﬁteamur;

504 578 901 633 humanitatem
934 591 1064 631 vero
1117 592 1228 632 non
1267 574 1492 630 nudam.
1531 575 1615 629 Ad
1663 574 1777 630 haec
1811 582 1982 630 restat
2027 583 2086 630 ut

502 667 860 737 apostolicam
884 680 1226 736 opponamus
1258 680 1446 720 vocem
1479 681 1493 719 :
1529 682 1548 716 ι
1587 663 1816 736 Oportet
1856 665 2083 720 obedire

501 759 613 816 Deo
646 761 819 830 magis
847 776 1013 830 quam
1043 759 1354 816 hominibus
1375 759 1442 814 δι.
1481 777 1500 811 ι
1534 755 1673 812 Cum
1701 758 1865 828 igitur
1889 756 2084 811 huma-

499 855 646 910 nitas
689 853 967 909 divinitati
997 852 1348 908 ineﬂ‘abiliter
1373 860 1428 906 et
1453 849 1900 921 inseparabiliter
1930 850 2082 902 unita

499 947 593 1016 sit,
623 948 698 1002 ita
727 947 972 1018 quidem,
1001 956 1060 1001 ut
1085 946 1225 1000 idem
1258 953 1312 1000 et
1345 943 1528 999 infans
1557 942 1830 1008 videatur,
1849 947 1904 996 et
1938 939 2082 996 Deus

498 1047 855 1113 agnoscatur,
893 1058 911 1090 ι
941 1038 1107 1102 Puer,
1143 1057 1161 1090 ι
1198 1038 1376 1108 inquit
1414 1037 1702 1108 propheta,
1741 1054 1761 1087 ι
1806 1043 1970 1091 natus
1997 1043 2081 1090 est

495 1134 678 1200 nobis,
706 1141 761 1188 et
790 1131 964 1187 Filius
997 1132 1163 1186 datus
1187 1140 1273 1186 est
1298 1131 1489 1194 nobis,
1520 1139 1574 1185 et
1617 1137 1844 1185 vocatur
1879 1144 2080 1184 nomen

494 1224 637 1294 ejus,
675 1224 857 1294 magni
883 1223 1101 1278 consilii
1135 1221 1396 1293 Angelus,
1427 1221 1785 1287 admirabilis,
1819 1220 2080 1276 consilia-

493 1317 634 1379 rius,
670 1315 814 1370 Deus
839 1316 1000 1371 fortis
1034 1316 1099 1370 ".
1136 1335 1155 1368 ι
1203 1313 1416 1371 Fasciis
1438 1314 1952 1369 circumscribitur:
1981 1313 2075 1368 sed

492 1409 660 1464 nullis
685 1408 1169 1477 circumscriptum
1188 1407 1436 1463 terminis
1461 1406 1750 1476 imperium
1782 1407 1838 1460 in
1857 1414 2076 1461 creatu-

490 1513 584 1553 ras
615 1498 905 1554 universas
931 1505 1172 1552 exercet.
1223 1498 1284 1552 In
1324 1513 1568 1569 przesepe
1600 1498 1928 1569 ponebatur,
1978 1497 2074 1551 sed

489 1590 806 1661 angelorum
824 1590 1135 1646 celebratus
1160 1589 1362 1661 hymno
1396 1591 1806 1662 glorificabatur
1837 1609 1850 1644 :
1875 1589 2072 1644 famem

490 1688 546 1733 et
580 1679 729 1735 sitim
771 1679 1045 1746 toleravit,
1072 1681 1169 1735 sed
1219 1696 1284 1735 ex
1317 1683 1561 1751 quinque
1590 1681 1828 1752 panibus
1863 1681 2072 1751 aliquot

485 1771 774 1826 hominum
797 1770 969 1825 millia
1005 1774 1298 1837 saturavit,
1331 1780 1386 1827 et
1431 1772 1747 1842 superantia
1779 1772 2070 1827 duodecim

487 1865 860 1921 canistrorum
896 1864 1230 1935 fragmenta,
1263 1873 1426 1934 prout
1475 1865 1668 1930 voluit,
1704 1863 1968 1920 ostendit.
2001 1862 2072 1919 Ut

486 1957 682 2029 paucis
738 1971 855 2011 rem
907 1956 1264 2026 complectar,
1317 1965 1548 2011 mortem
1597 1956 1928 2027 degustavit,
1973 1955 2068 2012 sed

485 2066 614 2106 eum
648 2049 743 2121 qui
795 2050 992 2106 mortis
1025 2049 1323 2120 imperium
1380 2050 1608 2105 tenebat
1649 2049 1963 2106 destruxit:
2005 2064 2070 2104 ac

484 2143 543 2198 in
570 2159 736 2199 cruce
775 2143 1020 2214 quidem,
1051 2141 1180 2197 dum
1215 2149 1516 2213 pateretur.
1551 2158 1754 2212 corpus
1783 2143 1906 2213 ejus
1943 2158 2070 2213 pen-

483 2235 678 2304 debat;
707 2236 804 2307 qui
839 2251 967 2291 vero
1002 2235 1059 2290 in
1089 2235 1182 2290 illo
1204 2243 1323 2291 erat
1361 2233 1509 2290 Deus
1540 2233 1800 2299 Verbum,
1828 2235 1877 2290 is
1910 2251 2066 2292 suam

483 2329 652 2384 nullis
681 2328 1030 2400 passionibus
1059 2327 1352 2384 obnoxiam
1401 2328 1702 2398 potentiam
1734 2327 1942 2398 ubique
1968 2328 2066 2383 de-

481 2421 750 2476 clarabat.
791 2420 1109 2476 Movehatur
1175 2426 1358 2485 terra,
1415 2418 1810 2474 scindebantur
1860 2428 2062 2490 petra,

481 2514 864 2570 occultabatur
891 2513 995 2579 sol,
1028 2513 1210 2568 velum
1259 2511 1635 2582 rumpebatur,
1675 2512 2066 2582 aperiebantur

480 2607 758 2677 sepulcra,
787 2607 1149 2678 resurgebant
1177 2606 1380 2660 mortui
1407 2605 1534 2660 novi
1573 2609 1861 2676 ruptorum
1915 2621 2063 2661 mor-

480 2701 556 2756 tis
596 2701 938 2756 vinculorum
978 2714 1260 2770 precones
1297 2715 1310 2750 :
1341 2708 1608 2755 creatura:
1655 2698 1894 2770 denique
1939 2699 2057 2753 uni-

478 2811 654 2853 versa:
709 2795 1041 2852 invisibilem
1088 2795 1336 2852 cruciﬁxi
1399 2794 1656 2852 deitatem
1711 2797 2059 2853 nuntiabant.

477 2888 670 2956 Qualis
727 2889 895 2961 igitur
940 2889 1212 2959 supererit
1255 2889 1572 2950 excusatio,
1605 2889 1653 2942 si
1683 2896 1836 2944 tanta
1881 2891 2060 2948 salute

476 2980 748 3052 neglecta,
774 2987 886 3032 tam
934 2978 1104 3033 certis
1137 2979 1469 3033 testimoniis
1511 2979 1866 3050 contemptis,
1899 2981 2056 3037 novis
2081 2994 2128 3056 ο

474 3071 954 3126 contentiosorum
1000 3068 1286 3124 hominum
1339 3070 1694 3142 opinionibus
1755 3071 2050 3128 adhaeseri-

476 3163 643 3216 mus?
676 3161 875 3217 Verum
924 3161 1072 3231 quod
1114 3161 1370 3217 omnibus
1401 3163 1582 3220 modis
1623 3163 1902 3220 Christum
1936 3163 2060 3220 Sal-

474 3260 722 3306 vatorem
770 3251 964 3307 deceat
1000 3265 1297 3322 agnoscere
1330 3251 1499 3308 Deum
1545 3255 1752 3326 pariter
1776 3263 1830 3310 et
1882 3257 2060 3312 homi-

474 3358 601 3399 nem
638 3342 825 3415 499,
883 3343 1182 3399 secundum
1235 3354 1521 3416 utramque
1582 3356 1872 3414 naturam,
1931 3349 2060 3404 licet

472 3453 577 3493 nos
599 3438 955 3502 tacuerimus,
988 3437 1198 3508 lapides
1223 3438 1556 3493 clamabunt.
1590 3437 1747 3506 Quod
1781 3456 1912 3496 vero
1945 3457 2058 3498 non

473 3532 532 3584 in
572 3531 791 3585 homine
819 3529 1144 3601 simpliciter
1171 3545 1326 3600 Spem
1357 3544 1514 3584 suam
1553 3531 1790 3588 habeant
1841 3534 2055 3604 reposi-

475 3631 607 3685 tam,
637 3623 731 3694 qui
775 3622 858 3678 sic
897 3622 1162 3687 sentiunt,
1190 3638 1370 3692 operae
1409 3626 1644 3694 pretium
1679 3632 1784 3693 est,
1842 3626 2056 3697 perspi-

476 3729 580 3769 cue
613 3713 1012 3770 demonstrare.
1045 3714 1287 3771 Tametsi
1321 3715 1503 3786 siqua
1538 3717 1768 3772 suborta
1796 3726 1881 3773 est
1912 3733 2056 3788 quae-

473 3807 600 3869 stio,
656 3817 752 3862 aut
783 3807 1111 3864 solutionem
1166 3808 1288 3877 ejus
1323 3808 1612 3879 quaasitam
1651 3812 1914 3880 oportuit,
1962 3818 2057 3866 aut

470 3900 751 3956 inscitiam
782 3900 940 3956 fateri
982 3901 1282 3971 propriam,
1346 3916 1448 3958 nec
1475 3917 1504 3955 a
1539 3901 1825 3972 Scriptura
1877 3903 2056 3959 disce-

467 3995 619 4050 dere.
651 3993 773 4050 Jam
802 4007 966 4064 porro
995 3992 1155 4048 facile
1182 4003 1266 4049 est
1291 4008 1590 4065 congruam
1612 3995 1858 4051 invenire
1885 3996 2055 4051 ratio-

466 4102 616 4151 nem,
653 4100 824 4154 quare
851 4084 910 4139 in
940 4085 1214 4140 carnalem
1253 4086 1490 4142 hominis
1524 4085 1653 4142 facti
1689 4086 1900 4160 (Verbi)
1951 4089 2051 4144 ad-
2143 4136 2147 4144 .

467 4185 712 4241 ventum,
763 4177 820 4231 in
866 4177 1163 4232 salutarem
1215 4176 1430 4233 Domini
1461 4179 1846 4246 (nconomiam,
1899 4195 2053 4251 spem

466 4285 798 4340 reponamus
826 4277 1096 4335 nostram,
1137 4269 1267 4324 dum
1310 4270 1641 4326 invisibilem
1693 4270 1863 4327 Deum
1916 4272 2053 4328 Ver-

468 4362 600 4417 bum
655 4377 753 4432 per
803 4363 1080 4446 visibilem
1129 4377 1350 4418 carnem
1389 4365 1794 4435 cognoscimus,
1853 4375 1908 4420 et
1952 4382 2050 4436 per

467 4455 590 4525 ejus
619 4454 929 4524 passionem
950 4455 1442 4524 impassibilitatem
1467 4457 1718 4528 accipere
1747 4457 2043 4514 credimus:

467 4545 655 4602 omnia
708 4552 890 4600 autem
948 4555 1101 4616 gesta
1139 4546 1324 4602 deitati
1367 4563 1492 4602 cum
1541 4563 1709 4604 carne
1740 4549 2049 4619 conjuncta

468 4636 821 4704 ascribimus,
850 4645 904 4692 et
927 4637 1004 4691 ita
1031 4653 1194 4692 unam
1225 4639 1601 4694 adorationem
1657 4641 1944 4696 incarnato
1995 4650 2048 4697 et

469 4728 680 4785 homini
733 4728 882 4783 facto
931 4726 1045 4783 Deo
1101 4728 1278 4783 Verbo
1312 4728 1616 4786 aﬂ'erimus.
1659 4729 1848 4801 Neque
1901 4733 2045 4786 enim

467 4822 668 4877 mulier
694 4821 786 4876 illa
822 4835 944 4892 qua:
971 4820 1240 4874 fimbriam
1271 4823 1653 4890 contrectavit,
1690 4823 1744 4877 in
1777 4823 2047 4877 ﬁmbriam

469 4930 621 4985 spem
662 4915 866 4970 habere
893 4913 1233 4985 deprehensa
1260 4921 1364 4976 est,
1399 4913 1494 4968 sed
1521 4915 1575 4969 in
1609 4922 1935 4984 potestatem
1973 4917 2048 4970 in-

466 5007 742 5076 visibilem
793 5005 914 5076 ejus
948 5005 1043 5076 qui
1091 5012 1210 5059 erat
1241 5007 1568 5060 vestimento
1605 5005 1853 5071 indutus,
1885 5007 2046 5075 cujus
2088 5037 2092 5042 -

466 5108 587 5153 erat
611 5099 842 5154 ﬁmbria.
859 5097 1046 5169 Neque
1070 5097 1116 5152 is
1137 5098 1230 5167 qui
1253 5104 1414 5166 Sputo
1438 5095 1539 5150 fuit
1562 5112 1592 5151 a
1618 5097 1862 5151 caecitate
1891 5112 2048 5153 sana-

467 5188 648 5254 tus,in
677 5197 896 5258 sputum
917 5188 1104 5242 habuit
1129 5187 1380 5241 fiduciam
1403 5204 1416 5252 ;
1438 5185 1533 5241 sed
1556 5186 1610 5240 in
1639 5185 1901 5240 invictam
1925 5187 2044 5255 ejus

469 5281 769 5350 potentiam
791 5282 884 5351 qui
932 5281 1098 5350 jussit
1143 5280 1300 5334 illum
1349 5280 1423 5332 ita
1467 5279 1731 5334 medelam
1771 5279 2041 5346 accipere.

466 5370 602 5428 Nam
619 5374 712 5443 qui
729 5373 890 5428 hodie
905 5372 974 5426 ad
985 5379 1237 5427 sanetum
1255 5371 1427 5426 altare
1449 5369 1735 5434 accedunt,
1756 5369 2044 5439 ipsumque

468 5467 892 5534 amplectuntur,
943 5480 1007 5519 ac
1035 5479 1160 5520 cum
1196 5465 1394 5519 timore
1433 5461 1719 5534 et,gaudio
1778 5461 2039 5530 salutant.

514 5621 569 5653 -⁶¹
606 5622 816 5696 Ach],
848 5620 942 5676 29.
1019 5621 1063 5696 ξ’
1089 5621 1204 5697 isa.
1241 5635 1327 5675 Ix.
1365 5615 1433 5676 6.

2185 409 2326 463 τητα
2375 393 2431 447 δὲ
2479 395 2539 446 ού
2570 393 2752 464 ψιλήν.
2786 393 2931 464 Πρὸς
2975 393 3149 448 ταῦτα
3191 395 3379 466 καιρὸς
3411 396 3764 465 ἀποστελικῂ.

2185 488 2482 542 ἀντιθεῖναι
2536 489 2753 560 φωνήν
2791 505 2810 539 ι
2837 486 3162 560 Πειθαρχεῖν
3215 488 3294 540 δεῖ
3345 487 3468 558 Θεῷ
3505 488 3713 558 μᾶλλον
3744 490 3769 552 ἦ

2185 579 2515 652 ἀνθρώποις.
2548 601 2568 635 ι
2605 581 2764 634 Οὕτω
2810 579 2856 633 δ’
2885 579 3303 650 ἀνθρωπότητος
3332 580 3598 650 ἀρρήτως
3639 582 3768 649 ἠνω-

2188 673 2357 744 μένης
2383 674 2477 726 καὶ
2510 673 2832 746 ἀχωρίστως
2880 672 3114 741 θεότητι,
3142 672 3218 735 ὡς
3244 671 3336 724 τὸν
3366 672 3532 725 αὑτὸν
3582 672 3770 742 βρέξπ

2185 765 2280 818 καὶ
2314 764 2522 818 παιδίον
2541 763 2855 834 βλέπεσθαι,
2885 764 2980 817 καὶ
3009 762 3140 815 Θεὸν
3172 762 3565 830 γινώσκεσθαι.
3599 781 3618 813 ι
3651 763 3766 814 Παι-

2182 855 2292 910 δίον
2321 855 2584 928 ἐγεννήθη
2630 857 2783 926 ῆμῖν,
2813 876 2831 907 ι
2870 857 3033 925 φησιν
3065 857 3092 907 ὁ
3122 851 3407 926 προφήτης
3428 895 3443 916 ,
3482 873 3500 905 ι
3527 855 3662 918 Υἱὸς
3690 857 3772 906 καὶ

2183 949 2363 1020 ἐδόθη,
2396 949 2488 1003 καὶ
2523 950 2767 1002 καλεῖται
2798 947 2860 1000 τὸ
2893 948 3062 1017 ὸνομα
3094 947 3258 1000 αὑτοῦ
3298 947 3548 1017 μεγάλης
3583 947 3772 1017 βουλῆς

2187 1042 2476 1110 Ἄγγελος,
2511 1039 2845 1111 θαυμαστὸς,
2877 1039 3197 1110 σύμϐουλος,
3216 1038 3348 1103 Θεὸς
3373 1040 3622 1110 ἰσχυρός.
3653 1059 3673 1089 ι
3694 1042 3772 1092 Ἑν

2182 1135 2519 1204 σπαργάνοις
2557 1131 2989 1204 περιγράφεται·
3023 1130 3160 1184 ἀλλά
3184 1130 3331 1202 πάσῃ
3366 1134 3432 1201 τῇ
3462 1131 3646 1183 κτίσει
3681 1133 3772 1200 τὴν

2178 1225 2494 1279 δεσποτείαν
2515 1226 2894 1296 ἀπερίγραφον
2920 1224 3306 1278 ἐπιδείκνυται.
3340 1224 3426 1276 Ἐν
3459 1224 3644 1294 φάτνῃ
3675 1225 3772 1276 ἐτί-

2179 1317 2322 1383 θετο,
2360 1316 2496 1370 ἀλλά
2518 1318 2646 1388 παρ’
2668 1316 2917 1384 ἀγγέλων
2946 1315 3280 1385 ὑμνούμενος
3302 1312 3595 1378 ἐδοξάζετο
3610 1331 3624 1343 ·
3662 1316 3772 1366 πεῖ-

2177 1426 2273 1463 ναν
2304 1410 2399 1462 καὶ
2413 1408 2571 1477 δίψαν
2597 1407 2909 1478 ὑπέμεινεν,
2929 1407 3042 1460 ἀλλ’
3063 1408 3126 1458 ἐκ
3145 1406 3303 1458 πέντε
3321 1406 3503 1476 ἀρτων
3528 1405 3772 1475 χιλιάδας

2176 1501 2460 1572 ἐχόρτασε,
2493 1501 2587 1555 καὶ
2618 1501 2934 1571 περισσείαν
2975 1499 3303 1569 κλασμάτων
3354 1497 3586 1550 δεκαδύο
3621 1499 3773 1566 κοφί-

2177 1593 2395 1658 νων,ὼς
2418 1592 2702 1663 ἠθέλησεν,
2741 1591 2930 1666 ἔδειξε.
2961 1591 3249 1660 Συντόμως
3274 1592 3469 1648 εἰπεῖν,
3505 1589 3771 1656 ἐγεύσατο

2107 1649 2149 1704 Β
2178 1649 2452 1745 θανάτου,¹
2488 1649 2935 1734 ἀλλάοκατέλυψσε
2985 1679 3077 1733 τὸν
3113 1649 3175 1732 τὸ
3205 1649 3406 1750 κράτος
3453 1649 3656 1748 ἔχοντα
3681 1679 3768 1731 τοῦ

2176 1774 2406 1828 θανάτου
2434 1789 2446 1804 ’
2478 1776 2572 1827 καὶ
2599 1773 2718 1828 κατ’
2737 1773 2869 1827 αὑτὸ
2900 1773 2956 1826 δέ
2976 1772 3038 1826 τὸ
3055 1771 3244 1836 πάθος,
3270 1773 3362 1824 ἐπὶ
3393 1771 3641 1842 σταυροῦ
3678 1775 3769 1840 μὲν

2172 1863 2240 1938 ἦν
2272 1867 2333 1920 τὸ
2365 1865 2523 1937 σῶμα
2556 1864 2925 1936 κρεμάμενον,
2956 1863 3229 1933 πανταχοῦ
3246 1863 3300 1916 δὲ
3327 1865 3355 1915 ὁ
3377 1864 3436 1915 ἐν
3461 1862 3621 1932 αὐτῷ
3642 1864 3769 1924 85a;

2171 1960 2344 2029 Λόγος
2404 1960 2505 2031 τὴν
2567 1959 2751 2028 ἀπαθῆ
2797 1957 3116 2011 δυναστείαν
3181 1955 3632 2026 ἐπιδεικνύμενος
3683 1951 3765 2025 ἦν.

2184 2050 2418 2103 Ἐσείετο
2449 2049 2544 2120 γῆ,
2578 2049 2856 2118 ἐσχίζοντο
2891 2048 3107 2118 πέτραι,
3132 2046 3573 2099 συνεκαλύπτετο
3599 2047 3765 2116 ἥλιος.

2169 2142 2526 2214 διερρήγνυτο
2560 2141 2984 2211 καταπέτασμα,
3019 2139 3181 2208 τάφοι
3226 2139 3529 2208 ἡνοίγοντο,
3580 2140 3766 2209 νεκροὶ

2171 2233 2474 2303 ἀνεπήδων,
2509 2231 2651 2298 ξένοι
2683 2232 2926 2302 κήρυκες
2950 2231 3049 2302 τῆς
3088 2231 3438 2293 καταλύσεως
3465 2231 3564 2283 τοῦ
3609 2232 3765 2283 θανά-

2168 2337 2284 2384 του,
2315 2323 2462 2374 πᾶσα
2509 2320 2687 2382 κτίσις
2733 2320 2832 2390 τὴν
2884 2320 3116 2392 ἀόρατον
3147 2319 3375 2390 θεότητα
3422 2319 3520 2372 τοῦ
3570 2321 3762 2372 ἐσταυ-

2171 2413 2418 2484 ρωμένου
2453 2413 2679 2483 ἐμήνυε.
2717 2413 2885 2466 Ποίαν
2929 2413 3123 2483 ἕξομεν
3155 2414 3477 2481 ἀπολογίαν,
3501 2412 3762 2482 τηλικαύ-

2166 2521 2267 2575 της
2313 2504 2690 2576 ἀμελήσαντες
2730 2505 3030 2575 σωτηρίας,
3065 2505 3160 2558 καὶ
3200 2505 3473 2574 τοσαύτην
3504 2505 3758 2576 παριδόνο

2149 2613 2257 2674 ,τες
2286 2595 2679 2667 πληροφορίαν,
2700 2595 3016 2666 συνθέμενοί
3032 2613 3092 2649 τε
3112 2598 3236 2660 ταῖς
3255 2596 3364 2648 τῶν
3388 2597 3759 2664 φιλονεικούν-

2149 2681 2271 2743 ’των
2315 2690 2722 2759 καινοτομίαις;
2765 2688 2904 2741 Ἀλλ’
2935 2689 3018 2752 ὅτι
3053 2689 3154 2760 μὲν
3187 2689 3332 2742 κατὰ
3355 2689 3539 2743 πάντα
3564 2691 3754 2760 τρόπον

2164 2779 2393 2851 ἁρμόζει
2421 2777 2708 2848 γινώσκειν
2735 2779 2826 2832 τὸν
2858 2780 3087 2851 Σωτῆρα
3107 2781 3342 2852 Χριστὸν
3370 2782 3504 2834 Θεὸν
3525 2783 3647 2852 ἄμα
3669 2783 3753 2834 καὶ

2161 2870 2466 2941 ἄνθρωπον,
2496 2870 2638 2923 κατὰ
2663 2870 2824 2939 φύσιν
2841 2872 3128 2942 ἐκατέραν,
3149 2871 3253 2925 κᾶν
3281 2873 3447 2943 ἡμεῖς
3471 2875 3750 2942 σιωπήσω-

2163 2978 2284 3032 μεν,
2318 2961 2369 3013 οί
2393 2960 2529 3015 λίθοι
2558 2961 2852 3033 κράξονται
2871 2977 2884 2990 ·
2914 2963 2974 3016 τὸ
3003 2963 3059 3016 δὲ
3086 2963 3162 3035 μὴ
3188 2963 3333 3033 ἔχειν
3357 2967 3439 3027 είς
3470 2966 3746 3038 ἄνθρωπον

2161 3051 2352 3117 ἁπλῶς
2375 3051 2477 3116 τὰς
2502 3052 2722 3119 ἐλπίδας
2735 3050 2868 3118 τοὺς
2889 3054 3031 3108 οὕτω
3052 3055 3433 3121 πιστεύοντας,
3459 3058 3745 3125 ἀναγκαῶν

2160 3144 2330 3213 δεῖξαι
2364 3145 2571 3216 σαφῶς.
2601 3146 2864 3214 Καίτοιγε
2889 3148 2984 3199 καὶ
3011 3147 3171 3211 εἴτις
3196 3148 3505 3203 ἀνέκοπτεν
3531 3151 3741 3221 ἀπορία,

2160 3235 2365 3307 ταύτης
2405 3237 2573 3308 ἐχρῆν
2605 3235 2704 3308 τὴν
2732 3236 2887 3290 λύσιν
2917 3237 3129 3306 ζητεῖν,
3164 3238 3196 3308 ἢ
3239 3238 3338 3308 τὴν
3369 3239 3584 3293 οἰκείαν
3618 3241 3744 3312 ἀμά-

2161 3326 2312 3382 θειαν
2344 3329 2656 3398 ὁμολογεῖν,
2711 3329 2774 3382 οὑ
2819 3328 2927 3383 τῶν
2974 3331 3378 3401 γεγραμμένων
3427 3332 3741 3404 ἀναχωρεῖν.

2159 3421 2297 3474 Νυνὶ
2331 3421 2389 3473 δὲ
2413 3421 2509 3474 καὶ
2538 3419 2720 3492 ῥᾴδιον
2753 3419 2815 3473 τὸ
2842 3421 3052 3492 πρέπον
3094 3423 3306 3492 εὑρεῖν,
3356 3423 3442 3476 ὅτι
3475 3427 3582 3487 τὰς
3609 3425 3746 3493 έλπὲο

2158 3511 2253 3576 δας
2294 3511 2490 3583 ἐχομεν
2530 3512 2610 3575 είς
2651 3511 2750 3583 τὴν
2788 3511 3052 3582 ἕνσαρκον
3091 3513 3185 3566 τοῦ
3230 3514 3742 3588 ἐνανθρωπήσαντος

2161 3604 2482 3676 παρουσίαν,
2535 3607 2615 3666 εἰς
2659 3603 2758 3675 τὴν
2800 3607 3067 3676 σωτήριον
3113 3605 3208 3660 τοῦ
3252 3607 3522 3660 δεσπότου
3556 3613 3743 3662 οἰκονο-

2160 3697 2312 3769 μίαν,
2363 3695 2453 3750 διά
2495 3697 2595 3767 μὲν
2641 3696 2740 3768 τῆς
2785 3697 3072 3769 ὁρωμένης
3113 3698 3320 3770 σαρκὸς
3371 3699 3470 3752 τὸν
3520 3701 3739 3771 ἀόρατιν

2157 3788 2289 3842 Θεὸν
2335 3789 2508 3857 Λόγον
2551 3787 3006 3856 ἐπιγινώσκοντες
3026 3831 3042 3856 ,
3071 3840 3076 3844 ,
3101 3790 3198 3842 καὶ
3248 3789 3338 3843 διά
3391 3790 3490 3843 τοῦ
3547 3792 3739 3853 πάθοις

2156 3881 2361 3953 ταύτης
2386 3882 2486 3952 τὴν
2515 3881 2784 3937 ἀπάθειαν
2805 3882 3104 3953 λαμϐάνειν
3137 3883 3522 3944 πιστεύοντεςο
3577 3885 3742 3937 πάντα

2155 3973 2213 4026 δέ
2239 3975 2309 4027 τά
2339 3976 2625 4045 γενόμενα,
2674 3978 2741 4048 τῇ
2777 3977 3030 4048 ἡνωμένη
3063 3978 3130 4048 τῇ
3179 3978 3347 4048 σαρκὶ
3369 3977 3588 4048 θεότητι

2155 4065 2488 4135 γράφοντες,
2522 4064 2618 4120 καὶ
2637 4065 2780 4119 οὔτω
2811 4065 2940 4135 μίαν
2965 4066 3066 4138 τὴν
3098 4068 3474 4138 προσκύνησιν
3501 4068 3583 4138 τῷ
3617 4085 3737 4137 σαρ-

2155 4159 2384 4214 κωθέντι
2420 4161 2516 4214 καὶ
2564 4159 3044 4230 ἐνανθρωπήσαντι
3075 4159 3194 4231 Θεῷ
3223 4160 3386 4230 Λόγῳ
3437 4161 3736 4229 προσάγον-

2154 4267 2264 4313 τες.
2305 4251 2440 4305 Οὑδὲ
2480 4250 2650 4323 γάρὴ
2686 4250 2940 4322 ἁψαμένη
2982 4250 3120 4322 γυνὴ
3164 4250 3261 4303 τοῦ
3304 4251 3622 4321 κρασπέδου
3663 4251 3733 4309 εἰς

2083 4334 2128 4390 Ι)
2155 4343 2460 4414 κράσπεδον
2508 4343 2705 4414 ἔχουσα
2765 4345 2866 4407 τὰς
2910 4343 3130 4406 ἐλπίδας
3174 4342 3464 4412 ἠλέγχετο,
3500 4343 3642 4406 ἀλλ’,
3664 4344 3732 4402 είς

2148 4436 2246 4506 τὴν
2273 4437 2503 4507 ἀόρατον
2530 4436 2759 4506 δύναμιν
2786 4434 2877 4489 τοῦ
2911 4435 2973 4488 τὸ
2998 4435 3213 4506 ἱμάτιον
3240 4435 3551 4506 περιϐεϐλη
3562 4437 3734 4505 μένου.

2149 4523 2320 4600 οὗπερ
2350 4529 2410 4582 τὸ
2436 4529 2764 4600 κράσπεδον.
2797 4529 2932 4582 Οὐδὲ
2957 4530 2986 4581 ὁ
3012 4527 3089 4597 τῷ
3103 4527 3386 4598 πτύσματι
3417 4529 3520 4598 τῆς
3545 4528 3735 4595 τυφλώ-

2152 4638 2288 4686 σεως
2315 4620 2717 4694 ἐλευθερωθεὶς,
2743 4621 2824 4684 είς
2847 4621 3071 4690 πτύσμα
3097 4620 3198 4690 τὴν
3228 4619 3563 4690 πεποίθησιν
3582 4617 3728 4689 εἶχεν.

2149 4713 2264 4767 ἀλλ’
2298 4715 2379 4778 εἰς
2413 4713 2512 4784 τὴν
2542 4715 2809 4785 ἀήττητον
2841 4713 3088 4779 ἐξουσίαν
3117 4712 3212 4765 τοῦ
3244 4711 3613 4775 κελεύσαντος
3649 4713 3729 4764 αὺ-

2149 4807 2239 4860 τὸν
2282 4805 2425 4860 οὓτω
2447 4806 2546 4877 τὴν
2580 4805 2724 4858 ῐασιν
2744 4804 3020 4870 δέξασθαι.
3066 4804 3219 4857 Ἐπεὶ
3243 4803 3340 4856 καὶ
3370 4803 3472 4856 νῦν
3505 4806 3556 4856 oi
3583 4820 3729 4874 :99:-

2153 4902 2323 4964 ιόντες
2354 4901 2495 4972 ἁγίῳ
2521 4899 2915 4973 θυσιαστηρίῳ,
2940 4897 3438 4969 περιπτυσσόμενοι
3467 4897 3526 4950 δὲ
3566 4897 3726 4956 τοῦτο,

2149 4994 2244 5046 καὶ
2275 4992 2411 5063 μετά
2434 4991 2598 5060 φόϐου
2626 4992 2720 5044 καὶ
2747 4991 2920 5062 χαρᾶς
2946 4988 3350 5058 ἀσπαζόμενοι,
3398 4989 3504 5041 οὐκ
3545 4990 3624 5050 εἰς
3659 4987 3726 5037 λέ-

2150 5083 2241 5136 θον
2282 5084 2315 5153 ἦ
2353 5082 2504 5148 ξύλον
2549 5081 2734 5144 ἁπλῶς
2772 5079 3175 5149 ἐπερείδονται,
3227 5078 3344 5130 ἀλλ’
3373 5079 3458 5141 είς
3504 5077 3607 5148 τὴν
3652 5076 3725 5128 διὰ

2145 5177 2240 5230 τοῦ
2285 5176 2434 5230 λίθου
2487 5176 2520 5247 ἢ
2575 5175 2733 5242 ξύλου
2781 5177 2892 5237 τοῖς
2947 5171 3199 5225 εὐσεϐέσι
3254 5171 3720 5240 μνημονευόμενον

2146 5268 2324 5338 χάριν.
2364 5267 2436 5319 Ἦ
2465 5267 2528 5319 σὺ
2567 5266 2660 5320 καὶ
2685 5265 2814 5328 τοὺς
2843 5262 3114 5324 σωθέντας
3141 5261 3275 5314 ποτέ
3306 5261 3404 5312 ἐπὶ
3440 5261 3535 5313 τοῦ
3568 5278 3722 5328 μακα-

2148 5359 2267 5428 ρίου
2316 5357 2593 5420 Μωῦσέως
2642 5356 2731 5410 διά
2779 5354 2875 5410 τοῦ
2914 5353 3130 5426 βλέπειν
3174 5354 3258 5416 είς
3305 5353 3400 5407 τὸν
3453 5351 3719 5421 mae-xz

2144 5451 2376 5522 χαλκοῦν
2433 5452 2575 5521 ὄφιν,
2612 5451 2732 5528 ὸιρει
2789 5449 2888 5520 τὴν
2944 5447 3218 5520 σωτηρίαν
3277 5447 3463 5502 αὐτῶν
3516 5446 3718 5515 ἐπιτρέ·
