3842 6186
124 313 264 372 1337

123 449 247 488 πειν
282 431 523 497 διέϐαλες
546 450 560 499 ;

122 524 292 596 αὐτην
345 525 620 596 ἐνέργειαν
658 524 723 578 δι’
770 526 946 594 ὄφεως
992 525 1330 590 ἐπεδείξατο·
1379 525 1530 594 πόσῳ
1561 524 1700 594 μᾶλ-

119 613 214 669 λον
251 615 380 669 αὐτὸ
418 617 518 686 τῆς
567 616 787 688 χάριτος
830 615 891 668 τὸ
928 616 1278 686 πρωτὸτυπον
1317 615 1386 669 δι’
1411 613 1697 685 ἀνθρώπου

123 724 206 760 σοι
237 707 489 778 παρέξει,
529 707 710 772 καθὼς
760 707 854 760 καὶ
891 707 1133 779 παρέσχε
1180 709 1294 770 τοῖς
1337 708 1549 769 πιστοῖς
1598 704 1699 769 τάς

120 799 490 870 πολυτρόπους
517 799 834 871 εὐεργεσίας
868 799 1010 853 κατά
1037 800 1127 852 τὸν
1159 799 1381 853 εἰπόντα
1404 815 1416 828 ο
1455 798 1697 868 «Ὥσπερ

118 891 187 943 δι’
216 891 499 963 ἀνθρώπου
537 895 565 945 ὁ
604 893 850 960 θάνατος,
894 893 1035 947 οὕτω
1082 893 1147 946 δι’
1179 890 1466 964 ἀνθρώπου
1497 892 1532 961 ή
1565 888 1697 944 ἀνά-

121 1001 308 1046 στασις
343 985 450 1038 τῶν
487 985 714 1059 νεκρῶν.
739 1007 758 1039 ι

936 312 1523 371 CONFUTATIONES
1561 311 2004 386 QUARUMDAM
2045 311 2632 371 PROPOSITIONUM.

619 433 682 486 Εἰ
730 432 786 486 δὲ
833 433 867 506 ἡ
911 433 1073 486 εἰκὼν
1102 432 1195 486 τοῦ
1245 433 1543 505 μυστηρίου
1570 450 1697 485 τοσο

1802 447 1910 486 non
1943 432 2000 486 in
2022 432 2258 503 lapidem
2295 440 2388 487 aut
2437 434 2646 505 lignum
2689 440 2892 489 temere
2921 433 3253 498 innituntur,
3284 435 3382 490 sed

3239 315 3383 371 1558

1801 523 1858 576 in
1888 524 2118 593 gratiam
2150 540 2252 594 per
2285 527 2493 597 lignum
2534 533 2589 580 et
2636 525 2871 594 lapidem
2902 540 2933 579 a
2984 527 3190 582 sanctis
3247 527 3381 582 viris

1801 627 2183 675 memoratam.
2233 619 2316 674 An
2361 629 2422 675 tu
2450 635 2548 676 eos
2594 621 2689 690 qui
2720 627 2966 689 tempore
2990 619 3140 675 beati
3173 619 3380 692 Moysis

1799 707 1922 763 visu
1978 710 2203 765 exaltati
2251 712 2384 767 aenei
2425 714 2700 784 serpentis
2733 714 2912 768 sanati
2950 722 3100 779 sunt,
3133 717 3380 784 serpenti

1755 855 1758 860 _
1802 800 2034 855 salutem
2067 804 2410 860 commisisse
2458 821 2614 860 suam
2659 806 3058 862 calumniaris?
3118 807 3276 874 Quod
3332 810 3380 864 si

1803 893 2050 962 mysterii
2081 896 2261 967 imago
2310 903 2516 952 tantam
2563 914 2660 968 per
2702 908 3007 970 serpentem
3035 900 3379 958 ellicientiam

1805 985 2084 1052 exhibuit;
2136 997 2344 1058 quanto
2372 991 2638 1060 majorem
2680 992 2797 1061 ipse
2841 992 3029 1062 gratia:
3057 1000 3378 1065 prototypus

120 1095 220 1151 per
249 1080 519 1135 hominem
561 1083 657 1137 tibi
713 1082 921 1150 aﬂ‘eret,
975 1081 1434 1153 quemadmodum
1502 1079 1756 1136 ﬁdelibus
1795 1081 1946 1136 varia
1992 1085 2174 1139 attulit
2220 1085 2504 1152 beneficia,
2557 1085 2716 1155 juxta
2746 1085 2918 1140 illud:
2959 1103 2978 1136 ‹
3006 1082 3376 1151 Quemadmo-

119 1168 250 1222 dum
281 1184 376 1238 per
409 1170 682 1227 hominem
718 1187 888 1236 mors,
949 1172 1025 1226 ita
1053 1187 1150 1242 per
1185 1172 1465 1227 hominem
1513 1171 1849 1227 resurrectio
1878 1182 2225 1231 mortuorum
2243 1177 2308 1230 ⁸³.
2346 1197 2364 1229 ι

847 1285 960 1340 VII.

188 1393 345 1465 Πρὸς
388 1394 530 1461 τοὺς
556 1395 884 1522 λέγονταΧέ
915 1399 1172 1453 Ἔπαθεν
1202 1397 1443 1465 ἀπαθῶς
1482 1400 1627 1465 Θεὸς

885 1485 1008 1522 γὀρ.

797 1485 880 1522 ΛΟ
995 1509 1008 1522 .

189 1557 412 1622 Πολλαῖς
464 1559 557 1612 καὶ
618 1559 737 1614 λίαν
788 1485 994 1624 cacata:
1041 1561 1421 1633 προτεθείσαις
1470 1561 1696 1625 πλοκαῖς

117 1653 400 1722 συντόμως
433 1651 572 1705 κατά
597 1653 826 1724 δύναμιν
851 1654 1215 1719 ἀντειπόντες,
1249 1655 1350 1708 οὐκ
1387 1655 1609 1724 οἴδαμεν
1639 1655 1692 1708 τί

116 1743 435 1814 χρησόμεθα
460 1746 528 1815 τῇ
552 1745 667 1799 νυνὶ
699 1725 1058 1818 προκειμένη,
1098 1747 1312 1811 παίζειν
1344 1747 1442 1816 μὲν
1473 1747 1533 1798 οὐ
1566 1745 1690 1815 βου-

114 1835 367 1906 λόμενοι,
408 1838 682 1892 παιδεύειν
721 1839 779 1891 δὲ
815 1839 1049 1910 μάλιστα
1081 1839 1218 1910 πρὸς
1255 1838 1474 1892 παιδιὰν
1519 1853 1692 1890 κατα-

111 1926 376 1996 γέλαστον
424 1928 597 1988 οῦτως
647 1931 1118 2003 ἀναγκαζόμενοι,
1157 1933 1223 2002 ἣν
1263 1930 1356 1983 καὶ
1401 1930 1464 1982 τὸ
1505 1927 1692 1992 ἁπλῶς

111 2023 289 2073 εἰπεῖν
326 2020 524 2091 χλεύην
565 2022 711 2075 ἐστὶν
759 2025 1110 2092 εἰσενεγκεῖν.
1163 2022 1404 2076 Ἔπαθεν
1445 2021 1690 2085 ἀπαθῶς.

117 2115 188 2166 ’Ὠ
216 2113 315 2183 τῆς
342 2114 656 2186 ἀδιανοήτου
691 2116 914 2186 σοφίαςί
968 2117 1032 2169 Ὢ
1059 2117 1160 2187 τῆς
1203 2115 1505 2185 παιζούσης
1549 2113 1696 2166 διδαυ

121 2206 380 2271 σκαλίας,
438 2206 826 2278 οίκοδομούσης
866 2207 982 2278 ἅμα
1016 2207 1111 2260 καὶ
1151 2204 1550 2277 καθαιρούσηςί
1607 2197 1696 2256 οἷά

118 2300 272 2351 ἐστιν
313 2298 439 2352 ίδεῖν
485 2297 555 2351 τά
599 2298 708 2352 τῶν
750 2299 956 2354 παίδων
996 2301 1054 2352 ὲν
1096 2299 1343 2370 ψάμμοις
1381 2297 1690 2369 ἀθύρματα.

117 2391 360 2444 Ἐπαθεν
405 2390 631 2456 ἀπαθῶς
657 2409 672 2422 ο
722 2393 854 2464 πρὶν
898 2391 1116 2446 ἀκούσω
1137 2391 1230 2445 τοῦ
1266 2393 1528 2462 ῥήματος,
1573 2391 1695 2443 ἐπι-

114 2483 448 2555 λανθάνομαι
474 2485 574 2554 τῆς
600 2485 874 2556 σημασίας
903 2483 1021 2550 τοῦ,
1061 2483 1283 2538 ἔπαθεν.
1325 2481 1694 2552 Ἐπαγόμενον

113 2577 227 2649 γὰρ
273 2577 355 2642 τὸ,
404 2575 650 2645 ἀπαθῶς,
704 2576 806 2629 οὐκ
852 2577 919 2646 ὲᾷ
956 2575 1204 2640 θάνατον,
1248 2574 1342 2626 καὶ
1368 2560 1566 2643 ταφὴν,
1601 2572 1695 2625 καὶ

112 2669 412 2724 ἀνάστασιν
440 2669 710 2740 δέχεσθαι,
757 2669 793 2724 ἃ.
833 2669 894 2722 τὸ
920 2670 1018 2740 τῆς
1047 2666 1320 2740 ἡμετέρας
1365 2666 1478 2736 ἔχει
1521 2681 1696 2735 σωτη-

118 2761 241 2833 ρίας
281 2761 590 2830 κεφάλαιον.
639 2762 702 2814 Et
750 2760 858 2832 γάρ
898 2759 1105 2825 ἔπαθε,
1158 2758 1277 2822 πῶς
1322 2757 1578 2822 ἀπαθῶς;
1628 2757 1694 2809 Ei

112 2851 343 2915 ἀπαθῶς
365 2894 380 2918 ,
439 2851 556 2916 πῶς
595 2850 808 2916 ἑπαθε;
855 2851 1196 2923 Λαλήσωμεν
1242 2849 1544 2920 ἀλαλήτως,
1598 2848 1694 2900 καὶ

111 2944 400 3014 νοήσωμεν
452 2944 713 3015 ἀνοήτως.
776 2942 872 3006 Τίς
929 2940 1037 2996 εἶδε
1087 2942 1354 2996 πίπτοντα
1404 2939 1688 3004 ἀπτώτως,

2543 1291 2647 1347 VII.

1793 1377 2057 1435 Adversus
2097 1398 2182 1436 eos
2217 1383 2307 1451 qui
2342 1382 2566 1437 dicunt:
2606 1381 3019 1452 lmpassibiliter
3061 1398 3252 1451 passus
3298 1393 3377 1437 est

2368 1474 2508 1529 Deus
2543 1474 2789 1529 Verbum.

1861 1563 2160 1636 Postquam
2195 1567 2397 1623 multas
2433 1579 2593 1638 atque
2623 1573 2909 1622 contortas
2959 1565 3376 1637 propositiones

1722 1688 1766 1744 Β
1793 1672 1892 1727 pro
1918 1657 2176 1714 facultate
2204 1659 2633 1724 confutavimus,
2652 1659 2718 1714 ad
2750 1666 3077 1729 praesentem
3095 1659 3375 1714 nescimus

1796 1751 1929 1821 quid
1967 1752 2416 1822 respondeamus.
2467 1751 2604 1805 Cum
2647 1751 2824 1820 jocari
2875 1750 3096 1820 quidem
3138 1764 3252 1805 non
3300 1750 3376 1804 sit

1796 1842 2033 1904 animus,
2091 1841 2158 1895 ad
2195 1841 2405 1895 ludicra
2450 1850 2634 1896 tamen
2665 1850 2718 1896 et
2747 1841 2980 1898 ridicula
3035 1840 3373 1898 coniutanda

1795 1932 1881 1986 vel
1930 1932 2086 1985 inviti
2140 1932 2408 2002 cogimur,
2451 1948 2685 2003 quorum
2738 1933 2826 1987 vel
2883 1933 3117 2003 simplex
3165 1932 3373 1987 mentio

1794 2021 1968 2076 risum
2001 2029 2233 2076 moveat.
2264 2020 2469 2077 Passus
2503 2029 2590 2079 est
2618 2022 3062 2092 impassibiliter;
3112 2036 3146 2076 ο
3176 2021 3373 2076 incon-

1796 2112 2091 2168 sideratam
2127 2113 2484 2183 sapientiam!
2522 2130 2556 2169 ο
2586 2115 2852 2170 ludicram
2900 2112 3211 2168 doctrinam
3261 2127 3371 2168 una

1795 2205 2154 2262 aediﬁcantem
2186 2214 2242 2261 et
2270 2206 2665 2273 destruentem,
2719 2214 2781 2262 ut
2829 2205 3012 2262 videre
3041 2220 3243 2277 pueros
3285 2216 3374 2262 est

1795 2299 1851 2354 in
1883 2313 2049 2353 arena
2082 2297 2357 2355 ludentes.
2409 2298 2618 2356 Passus
2663 2306 2750 2355 est
2777 2299 3193 2370 impassibiliter
3224 2317 3238 2353 :
3269 2314 3371 2353 an-

1795 2401 2011 2463 tequam
2042 2391 2261 2446 audiam
2292 2392 2427 2448 illud
2450 2392 2659 2448 dictum
2687 2391 2818 2464 quid
2853 2391 3143 2462 signiticet,
3173 2405 3371 2462 passus

1795 2491 1900 2549 est,
1943 2485 2242 2540 obliviscor
2281 2503 2294 2538 :
2327 2499 2454 2539 nam
2488 2485 2635 2554 quod
2685 2485 2965 2554 adjicitur,
3016 2482 3372 2554 impassibili-

1794 2583 1900 2642 ter,
1935 2591 2046 2631 non
2075 2576 2313 2631 admittit
2340 2585 2599 2642 mortem,
2629 2576 2986 2646 sepulturam,
3032 2582 3088 2631 et
3129 2589 3374 2630 resurre-

1795 2668 2055 2734 ctionem,
2083 2682 2204 2738 qua:
2232 2668 2426 2723 salutis
2456 2676 2658 2722 nostra:
2687 2681 2958 2722 summam
2992 2667 3370 2737 complectun-

1792 2766 1905 2815 tur.
1953 2758 2088 2813 Nam
2119 2761 2164 2816 si
2200 2775 2398 2830 passus
2449 2767 2555 2826 est,
2591 2759 2866 2830 quomodo
2921 2758 3374 2830 impassibiliter?

1794 2850 1853 2906 Si
1882 2851 2314 2922 impassibiliter,
2355 2853 2629 2922 quomodo
2652 2867 2852 2923 passus
2887 2852 3009 2908 est?
3059 2851 3376 2922 Loquamur

1794 2941 1913 2998 sine
1941 2941 2180 3012 loquela,
2234 2943 2606 3013 intelligamus
2651 2943 2773 2998 sine
2802 2943 3183 3014 intelligentia.
3235 2942 3374 3010 Quis

111 3036 462 3107 ἐγειρόμενον
509 3035 849 3105 ἀνεγέρτως,
920 3033 1187 3088 πονοῦντα
1250 3033 1498 3098 ἀπόνως,
1553 3049 1695 3116 ,φρο-

1800 3033 1932 3088 vidit
1960 3049 2201 3104 unquam
2245 3035 2531 3090 cadentem
2562 3035 2682 3091 sine
2712 3049 2868 3100 casu,
2906 3035 3204 3090 excitatum
3254 3035 3376 3090 sine

113 3126 312 3179 νοῦντα
361 3126 640 3197 ἀφρόνως,
703 3124 967 3181 λαλοῦντα
1016 3126 1298 3198 ἀλαλήτως
1317 3166 1332 3191 ,
1382 3124 1694 3194 ὠφελοῦντα

112 3214 410 3284 ἀνωφελῶς
447 3215 592 3288 (25),
643 3215 903 3287 λυόμενον
931 3215 1144 3279 ἀλύτως
1167 3258 1182 3282 ,
1225 3216 1312 3270 ἵνα
1339 3215 1580 3286 λέξωμεν
1611 3217 1692 3284 τὸ,

112 3307 318 3361 ἔπαθεν
355 3307 613 3373 ἀπαθῶς;
647 3308 801 3380 Τίςή
833 3308 932 3379 τῆς
966 3307 1277 3380 ἀφροσύνης
1310 3309 1584 3373 ὲπίτασιςς
1613 3309 1697 3372 τίς

113 3399 151 3469 ή
183 3397 284 3470 τῆς
325 3398 518 3469 μανίας
546 3399 796 3463 ἔνστασις
822 3415 837 3464 ;
879 3399 964 3463 τίς
992 3401 1025 3470 ὴ
1053 3399 1154 3470 τῆς
1181 3400 1368 3462 ἀνοίας
1400 3399 1694 3471 παραπλη-

114 3487 240 3554 ξία;
278 3489 413 3560 Περὶ
447 3489 748 3561 μυστηρίου
781 3489 1220 3562 φρικωδεστάτου
1264 3490 1448 3561 φέρειν
1479 3491 1696 3561 ῥήματα

111 3581 330 3651 γέλωτα
377 3581 580 3636 πλατὺν
627 3582 970 3652 ἐργαζόμενα
993 3622 1007 3647 ,
1059 3581 1216 3650 λόγον
1268 3581 1697 3651 ἐπαγγέλλεσθαι

111 3677 215 3730 καὶ
255 3675 477 3743 ἀλογίαν
519 3673 916 3746 προϐάλλεσθαι
941 3714 955 3738 ,
1013 3675 1304 3747 ἀπόκρισιν
1347 3676 1544 3730 διδόναι
1575 3676 1698 3748 ἴσην

107 3767 214 3822 τοῦ
246 3767 322 3839 μὴ
343 3767 562 3834 διδόναι,
588 3769 968 3838 ’ἀσαφεστέραν
991 3769 1286 3840 ἑρμηνείαν
1307 3769 1566 3841 παρέχειν
1591 3771 1700 3840 μεί-

109 3862 270 3926 ζονος
303 3861 533 3933 ἀπορίας
585 3862 816 3934 μητέρα.
870 3861 996 3924 Πῶς
1043 3863 1218 3926 οὐδεὶς
1260 3862 1368 3916 τῶν
1419 3863 1586 3931 ἀγίων
1620 3863 1699 3925 εἰς

106 3953 370 4007 τοσοῦτον
410 3952 541 4022 ὕψος
587 3953 921 4026 ἀναδραμεῖν
963 3953 1214 4024 θεωρίας,
1271 3954 1304 4025 ἢ
1353 3956 1526 4007 εἰπεῖν
1576 3953 1700 4022 ἡδυ-

109 4045 253 4117 νήθη
274 4045 336 4098 τδ
360 4045 791 4118 πολυθρύλλητον
816 4048 990 4099 ἐκεῖνο
1017 4047 1187 4117 ῥῆμα,
1216 4046 1415 4100 ἔπαθεν
1442 4046 1698 4111 ἀπαθῶς;

115 4135 249 4198 Πῶς
300 4137 357 4189 αἱ
404 4136 714 4206 πολύστιχοι
765 4135 934 4206 βίϐλοι
987 4137 1083 4207 τὴν
1141 4137 1444 4208 ὑπέρογκον
1497 4136 1700 4207 ταύτην

113 4229 460 4298 ἀποκάλυψιν
489 4231 622 4300 ἡμῖν
651 4230 751 4282 οὐκ
780 4228 1078 4301 ἐγνώρισαν
1103 4246 1118 4295 ;
1153 4230 1384 4295 Παῦλος,
1413 4231 1493 4293 είς
1521 4229 1702 4306 τρίτον

112 4322 349 4394 οὐρανὸν
391 4321 654 4386 ἀνελθὼν,
691 4324 786 4376 καὶ
822 4323 929 4376 τῶν
960 4323 1212 4394 ἀρρήτων
1246 4323 1504 4394 ῥημάτων
1542 4322 1703 4376 ἀκού-

1797 3123 2148 3190 excitatione,
2202 3124 2545 3182 laborantem
2599 3125 2721 3182 sine
2777 3126 2984 3191 labore,
3046 3124 3376 3197 prudentem

1796 3215 2196 3286 imprudenter,
2272 3219 2586 3290 loquentem
2641 3221 2760 3275 sine
2809 3219 3050 3290 loquela,
3084 3219 3376 3274 utilitatem

1798 3309 2111 3366 all'erentem
2142 3310 2431 3374 inutiliter,
2465 3311 2708 3367 solutum
2731 3312 2990 3376 insolute.
3023 3319 3083 3366 ut
3123 3311 3377 3366 dicamus

1797 3417 1995 3472 passus
2015 3411 2099 3459 est
2118 3404 2572 3474 impassibiliter?
2592 3404 2724 3472 Quae
2751 3411 2902 3460 tanta
2931 3405 3046 3460 haec
3069 3403 3379 3460 dementia?

1798 3511 1920 3566 quae
1958 3495 2161 3551 furoris
2195 3497 2606 3566 perseverantia
2627 3497 2657 3550 ?-
2683 3497 2808 3566 quis
2855 3495 3108 3552 amentiae
3147 3493 3378 3565 stupor?

1797 3588 1874 3644 De
1935 3588 2217 3645 tremendo
2272 3589 2534 3643 nimirum
2580 3589 2840 3659 mysterio
2890 3588 3056 3643 verba
3106 3585 3378 3658 proferre,

1799 3679 2036 3750 amplam
2092 3679 2240 3736 risus
2286 3679 2571 3734 materiam
2622 3678 2936 3735 moventia?
2990 3677 3236 3748 polliceri
3288 3691 3380 3730 ra-

1798 3773 1934 3828 tioni
1973 3787 2238 3844 congrua,
2266 3781 2320 3827 et
2353 3786 2385 3825 a
2436 3771 2652 3828 ratione
2704 3771 3041 3830 alienissima
3093 3768 3381 3840 proferre?

1799 3866 1876 3921 ita
1898 3865 2255 3936 respondere,
2285 3876 2346 3921 ut
2376 3865 2600 3921 videare
2632 3879 2744 3920 non
2781 3863 3176 3935 respondisse?
3205 3862 3380 3918 inter-

1798 3957 2158 4027 pretationem
2212 3957 2471 4012 exhibere
2525 3971 2585 4012 re
2623 3947 2945 4026 explicanda
2977 3954 3379 4017 obscuriorem,
3429 4012 3433 4016 _

1799 4057 1854 4104 et
1879 4049 2106 4120 majoris
2132 4048 2497 4104 dubitationis
2532 4048 2803 4103 matrem?
2849 4047 2954 4114 Qui
2979 4047 3039 4101 ﬁt
3067 4045 3214 4116 quod
3245 4061 3380 4100 san-

1800 4148 2015 4194 ctorum
2056 4153 2219 4194 nemo
2245 4147 2355 4194 tam
2387 4139 2497 4192 alta
2522 4137 2905 4208 contemplari,
2947 4150 3050 4191 nec
3078 4135 3172 4190 illo
3199 4141 3383 4214 tanto;

1802 4244 1930 4299 pere
1957 4229 2230 4284 celebrato
2263 4231 2432 4285 verbo
2459 4229 2539 4283 uti
2574 4228 2772 4298 potuit,
2825 4241 3023 4296 passus
3049 4232 3134 4282 est
3175 4225 3382 4296 impas-

1805 4321 2082 4377 sibiliter?
2117 4322 2255 4390 Ipsae
2286 4336 2460 4377 sacrae
2484 4321 2680 4376 litterae
2723 4327 2804 4375 tot
2827 4319 3082 4375 versibus
3109 4319 3384 4375 distincta:

115 4387 221 4477 σας
265 4416 324 4467 ὲν
374 4413 706 4484 παραδείσῳ,
756 4413 965 4467 τοιοῦτο
999 4387 1172 4468 ὀὐδὲν
1221 4387 1551 4485 ἀπεφήνατο.
1607 4412 1697 4485 Μὴ

1805 4412 1935 4482 quid
1965 4420 2051 4466 est
2104 4426 2204 4467 cur
2243 4411 2592 4481 magniﬁcam
2639 4411 2780 4466 hanc
2829 4411 3219 4468 revelationem
3277 4427 3382 4469 nos

111 4503 250 4576 ἆρα,
281 4504 507 4568 τούτοις,
529 4505 956 4574 καταλιμπάνων
984 4505 1081 4576 τὴν
1118 4505 1227 4558 τῶν
1263 4505 1695 4576 ὑπερϐαινόντων

1805 4504 2030 4557 minime
2095 4502 2440 4559 docuerunt?
2503 4503 2708 4559 Paulus
2776 4503 2834 4558 in
2901 4502 3123 4558 tertium
3179 4503 3384 4558 caelum

110 4599 401 4669 ἐξήγησιν,
430 4597 604 4661 οὕτως
631 4599 730 4651 οὐκ
758 4595 914 4651 εἶπεν
941 4616 954 4629 ο
996 4599 1236 4652 Ἐπαθεν
1267 4597 1492 4661 ἀπαθῶς
1511 4615 1523 4628 ·
1556 4597 1691 4662 ἀλλ’,

1808 4595 2077 4659 ascendit,
2105 4601 2161 4650 et
2201 4610 2400 4650 arcana
2427 4595 2592 4650 verba
2639 4595 2694 4649 in
2726 4593 2984 4666 paradiso
3013 4593 3242 4661 audivit,
3285 4594 3382 4650 sed

118 4710 138 4740 ι
167 4690 404 4759 Ἐμαθε,
436 4692 620 4762 φησὶν,
641 4693 745 4760 ξάφ⁹
764 4686 838 4744 ὧν
866 4691 1035 4744 ἔπαθε
1055 4707 1068 4721 °
1109 4710 1128 4743 ι
1156 4692 1268 4756 καὶ,
1295 4711 1314 4742 ‹
1348 4692 1695 4763 Πεπειραμέ-

1803 4685 2120 4756 hujusmodi
2152 4685 2292 4740 nihil
2320 4686 2711 4758 pronuntiavit.
2758 4685 2842 4740 An
2865 4684 3028 4756 500
3053 4701 3204 4750 vero,
3256 4685 3384 4740 reli-

110 4798 230 4845 νος,
264 4781 407 4834 κατά
445 4783 641 4846 πάντα,
679 4783 800 4836 καθ’
846 4783 1170 4856 όμοιότητα;
1209 4803 1227 4836 ι
1264 4784 1336 4837 Τὸ
1380 4803 1398 4834 ι
1429 4801 1692 4854 πεπειρα-

1804 4789 1890 4833 cta
1917 4779 2053 4848 ipsis
2077 4794 2290 4842 eorum,
2327 4795 2449 4850 quae
2495 4789 2714 4849 captum
2737 4794 2953 4836 omnem
2997 4787 3258 4849 superant
3293 4793 3384 4832 ex-

114 4872 302 4944 μένος,
331 4892 350 4924 ι
406 4873 687 4946 πόρρωθεν
731 4875 907 4928 ἀνεῖλε
949 4875 1060 4928 τῶν
1108 4875 1360 4929 τοιούτων
1399 4875 1572 4944 λόγων
1599 4876 1697 4947 τὴν

1802 4869 2098 4940 positione,
2133 4885 2244 4924 non
2275 4869 2434 4932 dixit,
2470 4885 2669 4940 passus
2709 4879 2794 4927 est
2823 4870 3255 4942 impassibiliter,
3284 4869 3382 4924 sed

111 4964 412 5036 ληρῳδίαν·
465 4967 524 5018 '0
567 4965 678 5037 γάρ
722 4967 864 5020 κατά
909 4968 1088 5022 πάντα
1128 4968 1532 5038 πεπειραμένος
1576 4969 1696 5022 καθ’

111 5057 436 5128 ὁμοιότητα,
468 5059 501 5129 ἢ
530 5059 796 5114 πέπονθεν
825 5061 925 5113 οὐκ
955 5060 1202 5125 ἀπαθῶς,
1256 5062 1343 5114 ἵνα
1370 5061 1578 5134 φυλάξῃ
1610 5060 1692 5124 τὸ,

120 5166 142 5200 ¢
169 5149 317 5202 κατά
358 5149 537 5203 πάντα
559 5149 680 5204 καθ’
721 5151 1046 5224 ὁμοιότητα·
1077 5170 1095 5204 ι
1141 5151 1174 5222 ἢ
1213 5153 1308 5205 καὶ
1345 5153 1472 5216 τοὺς
1504 5153 1697 5216 ἄλλους

109 5242 362 5297 δείκνυσι
400 5242 670 5306 παθόντας
711 5243 957 5307 ἀπαθῶς,
1007 5244 1094 5298 ἵνα
1122 5242 1270 5316 σώσῃ
1294 5245 1390 5314 τὴν
1427 5245 1564 5316 πρὸς
1599 5245 1698 5298 αὐ-

111 5334 250 5396 τοὺς
297 5333 609 5405 ὁμοιότητα.
655 5335 818 5388 Ὥστε
865 5335 898 5406 ἢ
947 5335 1041 5388 καὶ
1093 5335 1185 5388 τὸν
1216 5335 1445 5406 Σωτῆρα
1495 5353 1698 5388 πεπον-

113 5424 275 5479 θέναι
303 5423 518 5496 ἀληθῶς
557 5425 942 5497 ὁμολογητέον,
977 5427 1010 5499 ἢ
1057 5427 1302 5490 καὶτοὺς
1331 5426 1522 5491 ἀλλους
1565 5427 1702 5482 ἀπα-

194 5577 244 5612 ⁶⁸
282 5576 304 5632 l
334 5577 466 5634 Cor.
501 5597 593 5646 xv,
627 5581 717 5636 21.
794 5581 839 5614 ⁸⁸⁸
877 5580 1040 5638 Hebr.
1075 5599 1130 5647 v,
1163 5584 1216 5638 8.
1293 5582 1336 5614 ⁸⁵
1376 5581 1543 5638 Hebr.
1582 5597 1657 5646 ιν,
1692 5581 1781 5638 15.

1808 4981 1828 5014 ι
1863 4977 1931 5018 ex
1978 4963 2069 5026 iis,
2120 4963 2216 5028 ait,
2267 4979 2388 5033 quae
2439 4978 2637 5034 passus
2687 4973 2794 5031 est,
2835 4963 3030 5019 didicit
3053 4963 3098 4995 ⁸⁸
3139 4978 3154 5018 :
3193 4982 3211 5015 ι
3243 4962 3382 5018 item

1811 5075 1830 5108 ‹
1861 5063 2104 5112 tentatus
2133 5065 2216 5113 est
2247 5056 2303 5111 in
2338 5058 2594 5114 omnibus
2632 5057 2885 5112 similiter
2913 5057 2997 5109 ‘5?
3031 5076 3050 5107 ι
3081 5054 3200 5121 Qua
3224 5069 3380 5121 voce,

1808 5167 1828 5200 ι
1868 5155 2110 5203 tentatus
2133 5157 2238 5214 est,
2272 5168 2291 5202 ι
2340 5150 2506 5205 verba
2536 5149 2806 5221 ejusmodi
2847 5147 3137 5218 nugatoria
3169 5147 3382 5217 jamdiu

1802 5240 2042 5297 sustulit.
2077 5239 2214 5294 Nam
2241 5241 2334 5310 qui
2357 5240 2414 5295 in
2441 5241 2696 5296 omnibus
2727 5238 2795 5294 ad
2821 5237 3236 5295 similitudinem
3263 5243 3382 5290 ten-

1801 5341 1950 5390 tatus
1992 5341 2097 5401 est,
2135 5335 2183 5391 is
2229 5341 2321 5390 aut
2351 5350 2552 5405 passus
2582 5342 2667 5390 est
2696 5349 2808 5388 non
2838 5330 3268 5402 impassibiliter,
3319 5335 3381 5384 ut

1803 5425 1958 5481 ﬁrma
1999 5435 2254 5483 maneant
2281 5428 2395 5491 illa,
2436 5448 2455 5479 ι
2489 5428 2544 5481 in
2596 5427 2854 5482 omnibus
2893 5425 3162 5492 similiter,
3205 5442 3228 5478 ι
3286 5431 3384 5478 aut

120 5817 123 5819 _
194 5737 309 5805 (23)
333 5739 488 5806 Mss.,
517 5739 844 5809 προνοοῦντα
880 5740 1148 5812 ἀφρόνως,
1179 5739 1444 5796 λαλοῦντα
1479 5739 1697 5810 ἀνωφελι

1821 5739 1979 5798 male.
2007 5736 2152 5794 Editi
2181 5735 2428 5809 quasdam
2461 5735 2783 5794 omiserant.
