3842 6186
473 268 612 325 1339

1572 254 1626 308 S.
1665 247 2127 306 ATBANASIUS.
2167 277 2237 287 —
2279 241 2551 302 SPURIA.

3596 236 3713 290 εδει

471 376 611 434 alios
639 386 856 444 quoque
889 365 1264 439 impatibiliter
1291 362 1403 433 pati
1437 360 1717 423 ostendit,
1755 365 1816 413 ut
1851 353 2031 413 servet

2164 354 2239 418 ῶς
2291 350 2652 412 πεπονθέναι,
2701 341 2778 403 ὧν
2825 346 2949 401 καθ’
2980 346 3270 419 ὁμοιότητα
3323 344 3725 415 πεπειραμένος

470 481 592 526 eam
605 480 768 537 quam
788 477 911 517 cum
930 460 1039 515 illis
1056 458 1215 512 habet
1230 453 1663 511 similitudinem.
1678 449 2043 515 Quamobrem

473 561 800 615 alterutrum
833 559 918 609 est
951 548 1337 621 proﬁtendum,
1384 551 1479 599 aut
1510 555 1637 598 vere
1665 554 1892 612 passum
1921 550 2046 593 esse

473 652 812 709 Salvatorem
841 644 1124 709 nostrum,"
1171 647 1264 695 aut
1288 639 1424 692 alios
1456 648 1675 705 quoque
1729 628 2045 700 impatibili—

468 753 556 802 ter
587 756 802 815 passos,
831 737 900 793 ad
927 750 1157 807 quorum
1195 728 1606 787 similitudinem
1635 724 1900 779 Dominus
1927 731 2046 777 ten-

469 812 618 892 tatus
661 832 833 888 fuisse
869 826 1213 902 prmdicatur.
1257 821 1389 888 Quae
1418 832 1585 889 porro
1632 814 1909 885 patientiae
1948 812 2045 866 de-

466 925 797 983 monstratio
845 936 914 976 ex
970 932 1038 974 eo
1094 912 1243 986 quod
1299 908 1710 981 impassibiliter
1765 902 2048 975 patiatur?

468 1017 758 1087 Quomodo
785 1014 989 1069 dicitur
1037 1005 1300 1078 patientia
1351 1001 1579 1065 Christi,
1606 1001 1653 1054 si
1704 997 1916 1051 nullum
1942 995 2046 1049 do-

469 1112 606 1166 loris
638 1120 859 1165 sensum
886 1097 1167 1173 percepit?
1193 1096 1311 1163 Qua
1343 1093 1557 1147 ratione
1588 1087 1899 1145 ostenditur
1928 1086 2047 1155 ejus

470 1219 601 1276 erga
658 1200 907 1256 homines
950 1192 1236 1250 ineﬁabilis
1260 1197 1315 1245 et
1368 1183 1819 1257 incomparabilis
1872 1195 2045 1247 amor,

472 1300 518 1354 si
543 1274 758 1365 absque
784 1287 1066 1345 laboribus
1098 1283 1283 1355 passio
1313 1281 1461 1335 fuit?
1501 1278 1638 1344 Quis
1668 1274 1784 1347 pati
1822 1286 2048 1329 recusa-

470 1390 630 1454 verit,
661 1400 775 1440 non
798 1379 963 1438 modo
995 1392 1093 1449 pro
1133 1374 1347 1437 amicis,
1389 1370 1487 1426 sed
1525 1370 1690 1424 etiam
1723 1380 1823 1437 pro
1856 1363 2050 1419 adver—

472 1481 656 1544 sariis,
688 1478 736 1534 si
781 1474 895 1547 pati
922 1473 1084 1526 liceat
1114 1463 1563 1538 impassibiliter?
1595 1459 1735 1527 Quid
1769 1466 1886 1513 erat
1918 1468 2048 1525 ergo

472 1572 621 1647 quod
672 1568 937 1625 Dominus
981 1562 1220 1625 diceret,
1268 1577 1287 1610 (
1334 1550 1905 1637 Spirituspromptus
1941 1555 2046 1613 est,

472 1683 606 1726 caro
655 1670 837 1720 autem
864 1655 1164 1718 inﬁrma",
1204 1670 1224 1704 ι
1287 1651 1334 1705 si
1372 1630 1685 1718 passionem
1716 1643 1926 1712 absque
1949 1638 2050 1693 do-

472 1762 595 1817 lore
618 1761 948 1827 experturus
972 1746 1134 1803 erat?
1167 1742 1300 1809 Quae
1343 1753 1512 1795 causa
1543 1743 1660 1793 erat
1683 1734 1827 1805 quod
1857 1731 1925 1786 ad
1946 1729 2051 1784 Pa-

473 1864 613 1909 trem
636 1850 897 1904 clamaret
928 1862 943 1896 :
992 1857 1011 1891 ι
1039 1837 1222 1903 Pater,
1257 1834 1300 1889 si
1349 1828 1611 1903 possibile
1641 1834 1747 1890 est,
1809 1830 2054 1879 transeat

474 1961 508 2001 a
558 1957 649 1997 me
679 1938 824 1994 calix
857 1936 962 1990 iste
987 1930 1071 1984 ‘1?
1099 1947 1118 1980 ι
1155 1925 1337 1992 Quare
1362 1921 1640 1991 supplices
1691 1929 1884 1987 preces
1924 1926 2050 1967 cum

472 2027 783 2089 vehementi
818 2024 1057 2079 clamore
1110 2025 1166 2073 et
1219 2013 1481 2084 lacrymis
1524 2009 1592 2063 ad
1617 2021 1743 2061 eum
1776 2003 1871 2073 qui
1914 2017 1974 2057 se
2018 2014 2050 2053 a

474 2128 652 2179 morte
682 2118 895 2186 eripere
924 2117 1114 2182 posset
1138 2101 1440 2162 oﬁ‘erebat?
1467 2099 1575 2153 Aut
1598 2098 1765 2168 igitur
1787 2108 1914 2149 vera
1957 2091 2051 2145 illa

476 2212 661 2269 omnia
683 2204 977 2270 credenda,
1017 2209 1070 2256 et
1103 2197 1416 2270 passionem
1454 2205 1639 2247 veram
1671 2187 1842 2242 fuisse
1882 2181 2054 2239 conﬁ-

474 2304 701 2360 tendum
743 2306 850 2363 est,
912 2303 1006 2349 aut
1046 2289 1363 2362 passionem
1396 2284 1546 2338 illam
1604 2280 1726 2335 sine
1772 2276 2061 2347 passione,

475 2405 705 2451 necesse
733 2394 820 2445 est
872 2389 1130 2456 reputare
1168 2376 1406 2450 speciem
1438 2374 1634 2444 plane,
1683 2368 1957 2423 ﬁctionem
1999 2373 2055 2420 et

476 2483 823 2559 phantasiam
871 2476 1061 2532 fuisse.
1120 2470 1310 2526 Sinon
1372 2480 1499 2521 vere
1549 2476 1744 2532 passus
1787 2466 1894 2522 est,
1950 2470 2054 2512 nec

476 2591 606 2634 vere
628 2575 816 2643 utique
843 2565 1164 2624 resurrexit.
1202 2560 1258 2616 Si
1285 2571 1477 2614 revera
1507 2569 1618 2610 non
1643 2551 1883 2623 gustavit
1912 2563 2056 2603 mor-

475 2681 610 2736 tem,
641 2641 744 2723 nec
795 2660 1049 2720 stimulos
1081 2654 1278 2711 mortis
1308 2648 1593 2714 restinxit,
1641 2643 1822 2699 adhuc
1842 2641 1896 2695 in
1926 2654 2055 2710 pec-

477 2760 618 2817 catis
661 2770 855 2814 sumus
889 2749 1117 2815 nostris,
1181 2745 1360 2799 adhuc
1389 2754 1541 2795 mors
1588 2734 1846 2792 omnibus
1878 2729 2053 2786 domi-

476 2863 662 2917 natur,
698 2849 879 2904 adhuc
907 2844 975 2898 ab
1009 2838 1328 2896 haereditate
1361 2846 1554 2888 sumus
1589 2827 1773 2883 alieni.
1811 2823 1871 2879 Si
1899 2836 2056 2877 nam-

476 2962 586 3019 que
613 2944 740 3011 ﬁcta
766 2953 940 3000 mors,
982 2934 1030 2990 si
1055 2929 1287 2986 mendax
1319 2927 1741 2985 testamentum;
1795 2930 1898 2971 nec
1924 2926 2055 2969 vera

476 3005 584 3097 erit
609 3005 920 3091 basi-editas.
951 3026 1077 3080 Haec
1105 3019 1264 3077 nobis
1296 3018 1383 3072 lex
1406 3009 1727 3085 pronuntiat
1752 3026 1767 3064 :
1805 3025 1825 3059 ι
1861 3005 2057 3060 Testa-
2081 3042 2125 3100 ο

2145 448 2174 498 ὁ
2206 442 2485 514 Δεσπότης
2525 438 2881 512 κηρύσσεται.
2923 438 3019 502 Τίς
3067 437 3125 491 δὲ
3157 438 3251 491 καὶ
3279 436 3566 506 ὑπομονῆς
3608 434 3731 488 ἀπὸ·

2144 536 2309 601 δειξις
2341 536 2405 587 ὲκ
2442 532 2536 586 τοῦ
2569 531 2761 586 παθεῖν
2799 529 3056 594 ἀπαθῶς;
3093 529 3216 592 Πῶς
3258 528 3485 596 λέγεται
3520 527 3559 596 ἡ
3602 526 3730 579 ὑπο-

2149 626 2283 697 μονὴ
2330 623 2423 677 τοῦ
2464 622 2730 696 Χριστοῦ,
2781 624 2829 676 εί
2880 622 2955 693 μὴ
3006 621 3182 675 πόνων
3226 618 3486 688 αἴσθησιν
3541 616 3728 680 ἔλαϐες

2146 716 2269 778 Πῶς
2307 714 2363 767 δὲ
2391 714 2663 766 δείκνυται
2703 713 2737 783 ἡ
2781 708 2984 779 ἄερᾰτος
3025 710 3119 763 καὶ
3164 708 3561 779 ἀπαράὸλητος
3599 706 3731 776 πρὸς

2145 805 2463 876 ἀνθρώπους
2511 803 2890 874 φιλοστοργία,
2954 803 3002 854 εἰ
3052 801 3176 870 δίχα
3220 800 3398 853 πόνων
3444 798 3512 851 τὺ
3563 798 3733 860 πάθος

2146 896 2394 964 ὲγένετος
2444 892 2541 955 Τίς
2580 893 2679 962 οὐχ
2728 891 2963 960 αἱρεῖται
3003 887 3214 952 παθεῖν,
3261 887 3326 939 οὐ
3376 885 3545 956 μόνον
3596 883 3734 953 ὑπὲρ

2147 985 2314 1054 φίλων
2334 1022 2350 1047 ,
2385 982 2498 1036 ἀλλ’
2526 982 2628 1052 ἤδη
2663 980 2756 1033 καὶ
2783 980 2922 1050 ὑπὲρ
2951 976 3237 1031 ἀντιδίκων
3260 1016 3275 1040 ,
3309 978 3359 1028 εί
3404 971 3733 1042 ὑπερέξεστι

2148 1076 2338 1131 παθεῖν
2365 1073 2632 1138 ἀπαθῶς;
2687 1065 2763 1125 Oi}
2810 1070 2866 1122 δὲ
2909 1069 3067 1140 χάριν
3106 1067 3291 1134 ἔλεγεν
3338 1067 3367 1118 ὁ
3401 1063 3688 1131 Asc-rita;
3716 1100 3731 1123 ,

2153 1189 2172 1221 ι
2195 1169 2267 1221 Τὸ
2297 1167 2514 1235 πνεῦμα
2556 1164 2837 1235 πρόθυμον
2862 1205 2877 1226 ,
2925 1163 2958 1230 ἡ
2985 1161 3041 1212 δὲ
3075 1158 3211 1230 σὰρξ
3239 1156 3494 1227 ἀσθενὴς,
3521 1173 3544 1206 ι
3577 1155 3734 1222 εῖπρ

2149 1259 2342 1331 ἔμελλε
2395 1258 2457 1311 τὸ
2520 1256 2692 1319 πάθος
2754 1252 3073 1323 ἀναλγήτως
3143 1248 3503 1321 προσίεσθαις
3577 1245 3735 1298 Ἱνατί

2149 1351 2286 1423 πρὸς
2314 1349 2406 1403 τὸν
2429 1348 2651 1418 Πατέρα
2692 1346 2821 1398 ἐϐόα
2845 1362 2857 1375 -
2901 1362 2919 1394 ι
2941 1342 3143 1410 Πάτερ,
3182 1342 3231 1392 εί
3262 1337 3511 1399 δυνατὸν,
3544 1334 3738 1405 mpel-

2149 1444 2286 1497 θέτω
2305 1442 2366 1494 τὸ
2395 1441 2648 1511 ποτήριον
2678 1437 2835 1490 τοῦτο
2862 1453 2877 1502 ;
2902 1454 2920 1486 ι
2956 1434 3098 1496 τίνος
3124 1433 3310 1484 ’ἐνεκεν
3339 1428 3511 1497 εὐχάς
3555 1428 3737 1495 ἱκετη-

2152 1536 2300 1606 ρίους
2343 1531 2478 1603 μετά
2508 1529 2756 1601 κραυγῆς
2787 1528 3010 1598 ἰσχυρᾶς
3042 1526 3135 1577 καὶ
3175 1521 3429 1593 δακρύων
3462 1519 3611 1589 πρὸς
3652 1517 3737 1569 τὸν

2149 1626 2443 1695 δυνάμενον
2500 1621 2693 1685 σώζειν
2744 1619 2906 1672 αὑτὸν
2950 1619 3014 1669 ὲκ
3074 1614 3306 1669 θανάτου
3355 1610 3737 1681 προσέφερενς

2080 1705 2122 1760 Β
2154 1718 2224 1770 Ἣ
2255 1712 2347 1770 οὗν
2374 1713 2551 1768 πάντα
2590 1710 2760 1779 ἀληθῆ
2796 1706 3111 1760 πιστευτέον
3131 1744 3146 1768 ,
3179 1706 3272 1757 καὶ
3304 1703 3368 1755 τὸ
3396 1701 3574 1763 πάθος
3606 1701 3737 1769 ἀλη-

2154 1807 2300 1861 θινὸν
2344 1804 2705 1876 ὁμολογητέον
2729 1820 2742 1833 ·
2798 1801 2832 1871 ἢ
2854 1839 2869 1861 ,
2914 1797 3008 1850 τοῦ
3058 1794 3261 1857 πάθους
3299 1792 3536 1855 ἀπαθῶς
3584 1807 3741 1859 γεγει-

2151 1898 2343 1969 νῆσθαι
2373 1894 2665 1966 λεγομένου
2687 1934 2701 1957 ,
2744 1892 2930 1962 σχῆμα
2972 1888 3185 1958 ἀνάγκη
3235 1886 3332 1939 καὶ
3362 1884 3596 1953 δόκησιν
3649 1884 3741 1935 καὶ

2153 1986 2450 2057 φαντασίαν
2491 1987 2669 2038 πάντα
2708 1979 3039 2050 λογίζεσθαι.
3085 1980 3149 2031 Εί
3186 1978 3247 2030 οὐ
3293 1974 3576 2028 πέπονθεν
3614 1972 3743 2042 ἀλη-

2153 2079 2281 2142 θῶς,
2310 2077 2427 2131 οὐδὲ
2455 2076 2653 2144 ἀνέστη
2686 2073 2901 2135 πάντως
2935 2068 3168 2141 ἀληθῶς.
3199 2068 3263 2120 EE
3291 2065 3365 2138 μὴ
3392 2066 3568 2127 ὅντως
3590 2063 3744 2131 ὲγεύ-

2154 2188 2283 2225 σατο
2306 2169 2536 2223 θανάτου
2558 2209 2575 2233 ,
2606 2165 2727 2219 οὐδὲ
2757 2162 2827 2216 τά
2864 2162 3065 2231 κέντρα
3096 2157 3290 2211 ἔσϐεσε
3327 2156 3424 2209 τοῦ
3459 2155 3696 2208 θανάτου
3721 2170 3734 2182 ·

2152 2261 2232 2314 ἔτι
2280 2261 2445 2330 ἐσμὲν
2495 2260 2553 2310 ὲν
2600 2257 2720 2317 ταῖς
2766 2249 3062 2323 ἁμαρτίαις
3107 2246 3288 2319 ήμῶν,
3338 2245 3421 2299 ἔτι
3467 2241 3740 2314 βασιλεύει

2153 2356 2367 2408 πάντων
2406 2352 2436 2403 ὁ
2483 2349 2740 2410 θάνατος’
2788 2344 2871 2397 έτι
2916 2343 3017 2412 τῆς
3060 2337 3427 2411 κληρονομίας
3470 2337 3741 2404 ἀλλότριοι

2153 2444 2588 2514 καθεστήκαμεν.
2646 2439 2709 2491 Εἰ
2752 2436 2860 2506 γὰρ
2905 2437 2935 2488 ὁ
2981 2434 3210 2494 θάνατος
3244 2428 3555 2499 ἀπατηλὸς,
3591 2427 3740 2495 καὶὴ

2152 2534 2380 2604 διαθήκη
2410 2528 2612 2600 ψευδὴς
2631 2568 2648 2593 ,
2691 2526 2787 2580 καὶ
2814 2527 2848 2596 ἡ
2880 2521 3213 2593 κληρονομία
3242 2520 3343 2573 οὐκ
3371 2518 3609 2589 ἀληθής.
3645 2517 3744 2569 Νό-

2157 2640 2255 2694 μος
2305 2623 2437 2692 ἡμῖν
2483 2618 2658 2671 ταῦτα
2705 2612 3051 2684 διαγορεύει·
3111 2629 3129 2662 ι
3164 2610 3445 2680 Διαθήκη,
3476 2626 3500 2659 ι
3562 2607 3742 2677 φησὶν,

2159 2735 2178 2769 ι
2214 2715 2308 2768 ἐπὶ
2349 2713 2561 2783 νεκροῖς
2597 2707 2811 2779 βεϐαία.
2835 2725 2853 2758 ι
2901 2706 2965 2758 Et
3004 2699 3097 2757 οὖν
3131 2703 3193 2755 οὐ
3223 2700 3491 2771 τέθνηκεν
3519 2699 3693 2762 ὅντως
3718 2701 3745 2751 ό

2153 2809 2254 2878 τὴν
2281 2805 2490 2875 Καινὴν
2521 2802 2795 2873 Διαθήκην
2829 2797 2966 2870 πρὸς
3005 2797 3154 2867 ἡμᾶς
3195 2793 3545 2864 διαθέμενος,
3573 2793 3746 2864 ἄκυρα

2152 2899 2222 2953 τὰ
2251 2899 2349 2968 τῆς
2363 2894 2657 2964 Διαθήκης,
2684 2889 2978 2962 ἀπόϐλητοι
3001 2890 3050 2941 οἱ
3081 2887 3363 2956 λεγόμενοι
3390 2884 3740 2955 κληρονόμοι.

2168 2989 2306 3044 Ἀλλ’
2327 2988 2507 3055 άπαγε
2528 2985 2628 3055 τῆς
2657 2981 2916 3051 τοιαύτης
2946 2978 3355 3050 παραπληξίας,
3384 2975 3433 3029 ῶ
3450 2975 3737 3047 ἄνθρωπε

476 3065 584 3097 CIII.
611 3065 920 3091 nuncnunc.
951 3065 1077 3080 ιιυυν
1106 3065 1263 3077 ..ν-.-
1297 3065 1383 3072 --_
1409 3065 1462 3085 r_
1481 3065 1545 3068 --ε
1607 3065 1610 3066 ,

476 3136 724 3186 mentum
783 3125 840 3177 in
869 3116 1097 3175 mortuis
1149 3109 1532 3166 conﬁrmatum
1559 3109 1644 3159 est
1658 3100 1726 3153 “.
1763 3116 1785 3151 ι
1836 3096 1895 3151 Si
1927 3108 2055 3165 ergo

2162 3083 2274 3138 Καὶ
2298 3083 2326 3135 ὁ
2354 3078 2671 3148 διαθέμενος
2695 3074 2805 3147 γὰρ
2829 3072 3083 3142 τέθνηκε,
3115 3070 3209 3122 καὶ
3234 3070 3269 3140 ὴ
3300 3068 3555 3137 Διαθήκη
3588 3065 3741 3118 κεκύ-

2483 3172 2496 3186 ι
2552 3171 2564 3186 ι
2625 3167 2712 3186 λη
2741 3165 2949 3186 -__.---:_
3003 3165 3113 3186 -3-
3153 3159 3468 3186 _____.-_..-.
3525 3158 3730 3186 -.μη

478 3221 527 3276 is
551 3231 679 3274 vere
731 3218 986 3269 mortuus
1018 3220 1130 3259 non
1156 3209 1240 3257 est
1273 3199 1366 3269 qui
1408 3196 1620 3251 Novum
1647 3190 2056 3246 Testamentum

478 3310 763 3367 nobiscum
792 3302 935 3367 iniit,
965 3297 1122 3353 irrita
1148 3307 1277 3349 sane
1305 3303 1427 3359 quae
1454 3287 1512 3340 in
1532 3283 1882 3338 Testamento
1904 3283 2055 3340 sunt,

479 3403 780 3473 reiectique
830 3395 870 3448 ii
904 3390 999 3462 qui
1052 3384 1296 3442 bwredes
1328 3385 1457 3436 sunt
1482 3373 1684 3432 vocati.
1733 3367 1847 3473 Sed
1886 3381 2058 3438 apage

480 3457 751 3564 ejusmodi
780 3483 1081 3544 vesaniam,
1115 3492 1149 3531 o
1176 3472 1369 3530 homol
1406 3468 1540 3523 Nam
1584 3462 1680 3535 qui
1733 3457 2055 3514 Testamen-

482 3552 598 3642 tum
641 3578 868 3654 pepigit,
892 3581 1143 3632 mortuus
1174 3575 1275 3634 est,
1306 3574 1360 3621 et
1398 3569 1578 3616 ratum
1607 3564 1694 3613 est
1741 3552 2060 3608 Testamen-

480 3663 621 3742 ttl'n,
642 3648 1065 3736 matr—editasque
1092 3659 1370 3733 proposita
1404 3648 1774 3711 credentibus,
1807 3657 1873 3698 ac
1926 3654 2060 3710 sup-

481 3769 707 3842 plicium
733 3758 1084 3837 sycophantis
1113 3760 1380 3825 paratum.
1415 3742 1784 3814 Reperiuntur
1817 3745 2059 3803 namque

483 3825 796 3930 complures
840 3825 1033 3908 contra
1083 3846 1252 3900 Deum
1307 3839 1432 3894 falsi
1465 3842 1659 3896 testes,
1712 3827 1809 3900 qui
1862 3825 2056 3880 dicunt

2166 3190 2364 3247 ρωται,
2411 3172 2507 3224 καὶ
2542 3171 2577 3239 ἡ
2620 3165 2953 3239 κληρονομία
3001 3165 3113 3224 τοῖς
3150 3159 3473 3216 πιστεύουσι
3525 3158 3739 3229 πρόκει-

2159 3284 2285 3332 ται,
2318 3264 2411 3317 καὶ
2468 3263 2503 3333 ἡ
2548 3258 2788 3330 τιμωρία
2835 3259 2950 3319 τοῖς
2994 3253 3358 3322 συκοφάνταις
3394 3250 3733 3322 ἡτοίμασται.

2160 3355 2519 3427 Εὑρίσκονται
2570 3350 2680 3422 γὰρ
2733 3348 2917 3402 πολλοὶ
2964 3345 3410 3416 ψευδομάρτυρες
3459 3345 3562 3398 τοῦ
3611 3339 3731 3394 Θεοῦ

2160 3450 2449 3518 λέγοντες,
2501 3445 2584 3498 ὃτι
2627 3445 2817 3514 ἤγειρε
2867 3439 2958 3493 τὸν
3006 3439 3241 3510 Χριστὸν
3293 3439 3360 3490 ὲκ
3399 3435 3650 3506 νεκρῶν,
3681 3432 3733 3485 ὃν

2161 3540 2263 3593 οὐκ
2321 3535 2539 3607 ἀληθῶς
2608 3532 2909 3603 τεθνηκότα
2974 3531 3229 3601 ἤγειρεν,
3293 3528 3458 3599 εἴπερ
3522 3525 3734 3587 ἀπαθῶς

2162 3630 2350 3685 ἔπαθε.
2435 3628 2545 3682 Καὶ
2611 3624 2828 3679 Παύλου
2903 3622 3134 3693 βοῶντος
3164 3661 3179 3686 ,
3248 3621 3332 3672 ὃτι
3408 3617 3660 3687 παθητὸς
3709 3616 3735 3666 ό

2161 3721 2430 3793 Χριστὸς,
2468 3720 2521 3771 οἱ
2573 3715 2788 3771 Παύλου
2848 3713 3113 3767 ἀντίδικοι
3161 3711 3224 3765 τὸ
3280 3729 3299 3762 ι
3332 3710 3565 3773 ἀπαθῶς
3592 3728 3613 3761 ι
3650 3710 3735 3761 ἀνι

2160 3814 2566 3885 τιφθέγγονται.

484 3896 605 3918 w...
651 3896 796 3912 ...ηε
841 3896 1033 3908 νη---
1084 3896 1107 3898 _
1134 3896 1213 3900 η.
1732 3896 1750 3900 τ

484 3896 940 4013 ευιηγευεοίιαεεε
971 3941 1250 3998 Christum
1275 3950 1305 3988 a
1334 3930 1588 3991 mortuis,
1616 3938 1779 3997 quem
1809 3935 1921 3975 non
1967 3928 2097 3972 vere
2135 3917 2413 3967 mortuum
2450 3905 2733 3969 excitavit,
2783 3902 2833 3958 si
2875 3900 3092 3972 quidem
3131 3912 3333 3969 passus
3368 3906 3459 3953 est
3496 3896 3741 3967 impassi-

1987 4011 1994 4013 ξ
2212 4005 2249 4013 “
2333 4005 2366 4013 ’⁸
2467 4003 2483 4013 “
2684 4001 2718 4012 ⁵⁹
2896 4005 2909 4013 -
2956 4011 2967 4013 Α
3054 3996 3283 4013 Δις-...ῌι
3368 3989 3505 4013 ιιι--)
3556 4008 3573 4013 _
3640 3990 3706 4013 ;__

484 3989 611 4013 cum
646 3989 940 4010 μαψ-...ν
977 3989 1248 3998 _____-_,,,
1577 3989 1583 3991 τ
1635 3989 1651 3997 _

482 4052 687 4108 biliter.
735 4044 804 4098 Et
830 4043 1102 4098 clamante
1130 4032 1300 4088 Paulo
1321 4025 1638 4100 passibilem
1696 4032 1819 4075 esse
1871 4011 2173 4075 Christum,
2212 4005 2370 4061 Pauli
2417 4001 2722 4059 adversarii
2786 4005 2980 4054 contra
3045 3996 3330 4058 clamant,
3368 3989 3509 4047 illud
3551 4008 3574 4043 ι
3640 3990 3740 4043 im-

487 4142 821 4219 passibiliter
859 4157 878 4190 ι
924 4128 1275 4205 proferendo.

2892 4201 3024 4256 Vill.

1213 4264 1341 4296 VIII.

490 4352 753 4408 Adversus
808 4361 894 4400 eos
966 4341 1057 4411 qui
1116 4337 1362 4414 diruat”:
1402 4327 1601 4383 Passus
1646 4331 1724 4377 est
1812 4317 1953 4372 Deus
2004 4324 2055 4368 ut

2251 4264 2407 4372 ,Πρὸς
2452 4297 2597 4366 τοὺς
2642 4292 3263 4414 λέγονῶτὲἓὲιὲξίταθεν
3307 4289 3341 4341 ό
3384 4284 3540 4351 Θεὸς
3581 4283 3661 4349 ὡς

559 4510 663 4577 Qui
707 4503 1007 4563 secundum
1054 4500 1226 4569 legem
1268 4495 1373 4548 iter
1427 4499 1686 4561 peragere
1716 4483 1929 4543 volunt,
1964 4493 2067 4532 cu-

490 4608 727 4668 rantque
774 4605 993 4649 omnem
1035 4568 1275 4657 eﬁ‘ugere
1321 4593 1588 4640 errorem,
1635 4572 1855 4645 quidvis
1882 4568 2066 4640 potius

492 4691 627 4749 mali
639 4659 879 4758 .eligent,
910 4683 1076 4753 quam
1108 4678 1194 4734 vel
1224 4674 1494 4731 tantillum
1545 4685 1577 4723 a
1616 4668 1705 4723 via
1728 4662 1943 4735 publica
1973 4659 2069 4716 de-

494 4750 758 4841 ﬁectant:
786 4750 990 4831 Eodem
1036 4774 1264 4841 prorsus
1309 4762 1473 4818 modo
1499 4759 1594 4837 qui
1635 4772 1733 4827 per
1778 4754 1921 4808 viam
1969 4750 2069 4805 do-

497 4883 744 4948 gmatum
760 4864 1006 4924 veritatis
1030 4861 1216 4918 volunt
1243 4855 1513 4914 incedere,
1529 4847 1776 4919 vestigiis
1802 4844 2070 4899 inhaerent

498 4937 690 5026 corum
719 4962 813 5034 qui
842 4968 1121 5027 nunquam
1148 4952 1204 5005 in
1234 4949 1431 5004 itinere
1453 4948 1727 5000 errarunt.
1760 4937 1865 4993 Ubi
1886 4942 2068 4990 autem

498 5058 660 5130 regiae
705 5018 808 5109 via;
861 5018 1014 5118 signa
1072 5044 1327 5096 accurate
1363 5031 1657 5099 edidicere,
1703 5023 1934 5083 sollicite
1962 5018 2069 5076 sibi

500 5109 693 5204 ca‘vent
723 5144 793 5199 ab
820 5109 968 5195 0qu
1000 5127 1325 5189 diverticulo
1357 5144 1370 5179 :
1414 5122 1516 5177 toti
1562 5132 1694 5173 vero
1715 5131 1781 5171 ex
1823 5109 2069 5169 veritatis

501 5237 748 5309 partibus
787 5230 1117 5287 consistunt.
1165 5221 1302 5277 Cum
1333 5216 1402 5270 ab
1449 5214 1554 5267 hoc
1609 5209 1776 5280 igitur
1820 5217 1989 5272 scopo
2029 5200 2069 5254 ii

502 5293 808 5384 aberrarint
855 5319 947 5390 qui
996 5311 1306 5371 adversaria
1339 5305 1499 5361 nobis
1540 5301 1794 5370 dogmata
1822 5293 2067 5354 tradunt,

501 5416 728 5487 vestigia
757 5412 973 5483 quidem
1015 5403 1444 5462 orthodoxorum
1475 5393 1701 5447 Patrum
1745 5386 2067 5444 amiserunt,

504 5522 744 5565 necnon
781 5502 1153 5569 theologorum
1184 5495 1427 5547 virorum
1463 5484 1579 5557 (qui
1617 5481 1765 5535 viam
1788 5488 2071 5531 common-

574 5662 828 5716 “lilatth.
868 5671 1011 5720 xxvr,
1045 5653 1135 5708 41.
1187 5650 1228 5683 ⁸⁷
1248 5646 1378 5703 ibid.
1416 5642 1503 5697 59.
1582 5638 1627 5669 ⁸³
1660 5632 1825 5690 Hebr.
1865 5624 2046 5693 tx,i7.

2795 4362 3121 4432 ἠθέλησεν.

2236 4468 2300 4521 οι
2341 4461 2483 4518 κατά
2515 4459 2681 4531 νόμον
2722 4453 3030 4527 ὁδοιπορίαν
3082 4449 3265 4503 ἀνύειν
3307 4446 3614 4510 ἐθέλοντες,
3659 4444 3740 4496 καὶ

2168 4558 2388 4629 φεύγειν
2423 4555 2603 4608 πᾶσαν
2643 4550 2853 4618 πλάνην
2882 4541 3301 4606 σπουδάζοντες,
3336 4538 3520 4591 πάντα

2168 4628 2479 4721 αἱρήσονται
2502 4643 2716 4707 παθεῖν,
2745 4642 2780 4710 ἢ
2807 4638 3002 4709 μικρὸν
3025 4635 3124 4705 τῆς
3134 4630 3415 4701 λεωφόρου
3437 4628 3733 4700 παρελθεῖν.

2144 4720 2465 4794 ’Τδναὺτὸν
2496 4735 2696 4806 τρόπον
2730 4732 2825 4786 καὶ
2853 4733 2903 4783 οἱ
2932 4728 3031 4799 τὴν
3058 4726 3175 4780 ὁδὸν
3198 4724 3297 4794 τῆς
3320 4721 3435 4775 τῶν
3464 4720 3737 4790 δογμάτων

2168 4829 2424 4901 ἀληθείας
2464 4826 2701 4898 βαδίζειν
2754 4823 3059 4885 ἐθέλοντες,
3111 4817 3343 4889 τηροῦσι
3393 4814 3497 4884 μὲν
3533 4813 3609 4866 τὰ
3634 4813 3737 4882 ἴχνη

2168 4921 2276 4976 τῶν
2326 4918 2580 4982 ἀπλανῶς
2617 4915 2978 4970 ὁδευσάντωνο
3024 4911 3097 4966 τὰ
3129 4910 3438 4978 δὲ’σημεῖα
3465 4906 3569 4975 τῆς
3601 4905 3735 4973 βασι-

2167 5015 2326 5085 λικῆς
2378 5010 2501 5066 ὁδοῦ
2554 5009 2691 5079 μετά
2741 5004 3027 5077 ἀκριϐείας
3069 4996 3611 5071 καταμανθάνοντες,
3648 4994 3736 5046 πᾶ·

2172 5124 2267 5161 σαν
2304 5105 2403 5176 μὲν
2434 5101 2825 5173 παραιτοῦνται
2859 5093 3246 5168 παρεκτροπὴν
3268 5130 3286 5153 ,
3314 5089 3430 5143 ὅλοι
3454 5088 3517 5142 δὲ
3540 5087 3735 5155 γίγνον-

2168 5215 2256 5251 ται
2285 5172 2384 5266 τῆς
2409 5172 2684 5266 ἀληθείας.
2727 5190 2930 5244 Τούτου
2959 5175 3138 5241 τοίνυν
3163 5183 3625 5253 ἀναχωρήσαντες
3655 5172 3734 5228 τοῦ

2173 5288 2374 5343 σκοποῦ
2399 5329 2413 5354 ,
2447 5288 2517 5341 τὰ
2558 5286 2655 5339 νῦν
2700 5286 2750 5338 οί
2781 5282 2852 5337 τά
2893 5281 3110 5336 ἐναντία
3146 5275 3498 5347 δογματίζειν
3545 5269 3735 5324 ἐθέλον·

2170 5398 2280 5445 τες,
2316 5381 2384 5433 τά
2444 5381 2543 5449 μὲν
2589 5379 2709 5449 ἴχνη
2760 5376 2867 5429 τῶν
2913 5371 3213 5444 ὀρθοδὸξων
3270 5366 3529 5435 πατέρων
3586 5373 3735 5414 κατα-ι

2170 5447 2481 5537 λελοίπασι,
2534 5447 2640 5523 καί
2678 5468 2749 5521 τά
2795 5468 2993 5538 σημεῖα
3050 5462 3159 5517 τῶν
3211 5458 3480 5524 θεολόγων
3519 5447 3731 5527 ἀνδρῶνν
