3842 6186
156 306 291 366 1361

908 311 1486 370 CONFUTATIONES
1521 315 1712 383 QCAR
1725 317 1968 373 UMDAM
2006 316 2586 374 PROPOSlTlONUM.

3259 315 3398 375 £363

146 423 260 478 τῶν
294 424 395 495 τὴν
436 424 553 478 ὁδὸν
591 426 983 492 ύποδειξάντων
1004 468 1020 493 ,
1076 431 1502 503 παρελογίσαντο
1526 474 1541 498 ,
1590 433 1720 489 πολ-

1822 436 2113 506 strarunt)
2164 436 2369 493 indicia
2434 434 2824 507 depravarunt,
2871 417 3154 504 multaque
3204 431 3399 490 diver-

147 514 249 579 λὰς
294 514 351 568 δὲ
394 517 780 588 παρεκτροπάς
836 521 1183 590 μετεδίωξαν,
1256 524 1353 587 τὰς
1407 526 1505 594 μὲν
1555 524 1720 578 πάλαι

146 613 282 677 παρ’
317 606 521 680 ἐτέρων
562 610 959 681 ὲξευρεθείσας,
1018 613 1115 676 τὰς
1151 614 1207 666 δὲ
1247 614 1340 668 νῦν
1383 616 1512 686 παρ’
1542 613 1721 668 αὐτῶν

147 698 657 770 καινοτομηθείσας,
688 697 777 755 οἷά
797 705 912 755 ἐστι
938 705 1033 756 καὶ
1059 708 1092 775 ή
1119 706 1423 777 παράλογος
1445 707 1615 777 φωνὴ,
1638 706 1717 770 τὸ,

149 791 391 846 Ἐπαθεν
418 794 447 846 ὁ
468 791 601 857 Θεὸς
616 792 691 857 ὡς
713 794 962 865 ἠθέλησε.
993 797 1084 868 Μὴ
1108 796 1393 867 δυνάμενοι
1423 797 1531 868 γάρ
1551 795 1719 861 δεῖξαι

144 880 246 953 τὴν
276 882 436 951 φύσιν
464 883 734 955 παθητὴν.
766 884 864 955 τὴν
903 885 1153 956 βούλησιν
1193 889 1593 958 συκοφαντῆσαι
1621 891 1721 944 ούκ

143 972 401 1044 ὤκνησαν
420 992 433 1005 ·
470 976 564 1028 καὶ
592 976 721 1048 περὶ
749 976 959 1045 φύσεως
981 977 1340 1050 ἐρωτώμενοι,
1366 982 1493 1051 περὶ
1524 980 1719 1053 βουλή-

143 1081 289 1126 σεως
337 1065 743 1137 ἀποκρίνονται.
806 1068 870 1120 Et
928 1069 1148 1141 δεκτικὴ
1209 1069 1413 1133 πάθους
1467 1074 1501 1142 ἡ
1537 1071 1717 1141 φύσις,

142 1156 316 1226 ἐχέτω
336 1154 519 1228 χώραν
551 1159 585 1228 ή
616 1156 867 1229 βούλησις
892 1174 906 1190 ·
943 1161 990 1212 εί
1019 1160 1098 1222 δὲ,
1134 1159 1234 1214 κᾶν
1265 1162 1521 1233 μυριάκις
1544 1163 1718 1236 δοθείη

139 1247 207 1299 τὸ
252 1246 448 1311 θέλειν,
498 1248 780 1320 ἀμήχανον
834 1251 1207 1322 ἀνατραπῆναι
1260 1252 1475 1321 φύσεως
1525 1255 1716 1325 νόμον·

141 1335 262 1399 πῶς
290 1337 349 1389 ού
379 1335 542 1409 μανία
563 1338 623 1391 τὸ
644 1338 840 1409 λέγειν,
870 1341 1108 1395 Ἔπαθεν
1123 1342 1198 1406 ὡς
1215 1342 1510 1414 ἡθέλησεν;
1541 1345 1611 1397 Ἢ
1638 1343 1721 1408 τίς

138 1427 253 1480 τῶν
284 1424 344 1481 εὖ
381 1429 719 1499 φρονούντων
752 1433 853 1488 οὐκ
890 1429 1051 1499 οἶδεν,
1090 1435 1170 1487 ὅτι
1208 1434 1496 1505 σύμφωνον
1544 1436 1625 1490 δεῖ
1652 1437 1719 1508 τῇ

140 1519 307 1590 φύσει
338 1522 433 1593 τὴν
466 1522 719 1595 βούλησιν
746 1521 916 1594 sint;
944 1526 1004 1579 ού
1048 1525 1145 1598 τὴν
1178 1526 1277 1598 μὲν
1305 1527 1439 1599 πρὸς
1477 1527 1604 1582 ἄλλο
1634 1527 1723 1600 ρέ-

140 1628 291 1677 πειν,
322 1612 422 1682 τὴν
451 1611 509 1666 δὲ
540 1613 678 1684 πρὸς
706 1614 892 1687 ἕτερον
925 1616 1174 1671 σπεύδειν
1194 1632 1208 1648 ⁸
1240 1617 1375 1672 ἀλλά
1410 1618 1589 1688 μένειν
1624 1619 1721 1688 μὲν

136 1704 242 1776 τὴν
277 1705 437 1775 φύσιν
469 1707 528 1760 ὲν
566 1709 679 1771 τοῖς
705 1706 855 1770 ἰδίοις
879 1707 1045 1778 ὅροις,
1092 1707 1266 1762 θέλειν
1292 1708 1348 1761 δὲ
1371 1709 1472 1780 τὴν
1502 1708 1662 1777 φύσιν
1692 1708 1720 1761 ὃ

1826 531 1994 585 ticula
2045 531 2279 587 insecuti
2328 538 2493 595 sunt,
2559 545 2686 584 cum
2750 528 2879 598 olim
2938 529 3009 584 ab
3074 528 3196 584 aliis
3246 527 3396 583 adin-

1825 627 2024 686 venta,
2077 630 2193 675 tum
2255 636 2287 675 a
2337 636 2397 677 se
2463 635 2611 675 nunc
2661 621 3004 690 excogitata,
3081 616 3394 689 cujusmodi

1824 716 1909 765 est
1963 707 2200 763 absurda
2260 709 2363 764 ista
2411 723 2517 763 vox
2548 748 2563 773 ,
2619 707 2763 765 Deus
2808 722 3005 778 passus
3061 715 3145 762 est
3193 716 3252 761 ut
3300 720 3395 760 vo-

1824 800 1971 854 luit.
2030 800 2166 854 Cum
2229 801 2376 855 enim
2450 808 2701 855 naturam
2783 799 3097 871 passibilem
3173 797 3395 854 minime

1829 893 1984 964 501
2044 894 2418 951 demonstrare
2478 903 2725 965 possent,
2784 896 2854 952 de
2910 894 3194 950 voluntate
3253 892 3391 948 falsa

1826 1000 2082 1054 spargere
2112 1001 2220 1040 non
2256 985 2574 1041 dubitarunt
2608 1005 2623 1041 :
2659 1001 2723 1041 ac
2756 986 2823 1042 de
2849 993 3048 1040 natura
3070 981 3392 1055 interrogati

1825 1074 1893 1131 de
1914 1077 2192 1130 voluntate
2217 1076 2570 1147 respondent.
2602 1076 2659 1130 Si
2684 1076 2957 1146 passionis
2986 1089 3159 1146 capax
3184 1079 3270 1130 est
3296 1086 3393 1127 na-

1823 1175 1970 1234 tura,
2003 1168 2182 1223 locum
2206 1168 2403 1223 habeat
2427 1169 2702 1224 voluntas.
2729 1166 2884 1233 Quod
2908 1167 2954 1223 si
2976 1167 3060 1222 vel
3084 1164 3389 1223 sexcenties

1825 1257 1952 1312 talis
1980 1256 2236 1312 voluntas
2266 1256 2438 1312 fuisse
2458 1257 2811 1322 concedatur,
2851 1270 2957 1311 non
2985 1255 3184 1325 poterit
3207 1260 3393 1309 tamen

1825 1356 2037 1402 naturte
2062 1348 2149 1404 lex
2182 1349 2412 1413 inverti;
2443 1347 2538 1419 qui
2567 1363 2677 1403 non
2708 1347 2923 1402 insania
2952 1346 3137 1413 fuerit,
3186 1345 3390 1409 dicere,

1824 1436 2030 1495 Passus
2071 1445 2155 1495 est
2203 1446 2263 1494 ut
2303 1438 2510 1493 voluit?
2550 1438 2660 1493 Aut
2695 1438 2821 1509 quis
2866 1451 3057 1492 eorum
3105 1435 3201 1506 qui
3243 1442 3393 1490 recte

1826 1532 2092 1596 sentiunt,
2129 1545 2239 1585 non
2284 1530 2563 1601 perspicit,
2595 1538 2845 1601 oportere
2886 1529 3224 1584 voluntatem
3264 1542 3391 1582 cum

1824 1630 2024 1677 natura
2055 1624 2367 1679 consentire
2395 1639 2411 1679 :
2444 1638 2621 1692 neque
2646 1622 2843 1676 debere
2871 1621 3015 1676 hanc
3039 1619 3108 1677 ad
3131 1619 3264 1674 illud
3295 1618 3393 1675 de-

1828 1715 2056 1779 clinare,
2105 1715 2253 1768 illam
2287 1716 2355 1770 ad
2391 1714 2539 1769 aliud
2571 1729 2833 1784 vergere;
2873 1712 2970 1768 sed
3010 1726 3235 1767 manere
3262 1712 3391 1781 qui-

138 1795 343 1866 πρέπει
364 1798 430 1868 τῇ
464 1794 623 1865 φύσει
654 1798 747 1850 καὶ
773 1798 1014 1851 συνέσει·
1042 1798 1119 1861 ὼς
1149 1798 1302 1861 εἴτις
1322 1797 1448 1853 ἀλλο
1472 1798 1569 1868 μὲν
1598 1798 1720 1851 ταύ-

1822 1802 1941 1859 dem
1976 1811 2225 1859 naturam
2262 1805 2317 1859 in
2365 1806 2482 1860 suis
2521 1805 2791 1869 terminis,
2829 1804 2970 1859 velle
3009 1810 3189 1858 autem
3229 1809 3391 1856 natu-

136 1902 241 1957 την
275 1886 419 1957 ἔχειν
449 1887 615 1956 λέγοι,
652 1888 778 1942 ἀλλο
809 1888 865 1941 δὲ
912 1888 1083 1943 θέλειν
1129 1889 1363 1960 ἐκείνην,
1413 1890 1593 1961 μάχην
1622 1892 1721 1943 ὲπε-

135 1977 318 2047 ήγαγε
357 1978 451 2030 καὶ
498 1977 761 2049 πόλεμον·
790 1979 885 2049 τῆς
921 1979 1019 2049 μὲν
1052 1979 1403 2055 ἐγχειρούσης
1444 1984 1523 2044 είς
1564 1981 1601 2035 ἀ
1648 1981 1723 2053 μὴ

134 2068 241 2132 δεῖ,
270 2068 371 2138 τῆς
413 2068 470 2122 δὲ
509 2069 584 2141 μὴ
624 2070 918 2141 δεχομένης
961 2071 1061 2124 ὅσα
1105 2073 1178 2143 μὴ
1217 2072 1448 2142 πέφυκε.
1500 2072 1572 2125 Τὸ
1613 2073 1723 2145 γάρ

138 2160 374 2233 πάσχειν
408 2163 671 2232 πεφυκὸς,
702 2162 794 2215 καὶ
819 2161 970 2217 θέλον
995 2163 1088 2217 καὶ
1118 2163 1194 2235 μὴ
1212 2163 1363 2217 θέλον
1387 2162 1466 2235 τῷ
1496 2165 1724 2235 πάσχειν

137 2252 456 2307 ὑπόκειταιο
483 2256 544 2307 τὸ
574 2253 631 2308 δὲ
649 2254 744 2308 τοῦ
780 2255 1006 2325 πάσχειν
1035 2256 1191 2319 ἐκτὸς
1218 2255 1361 2309 κατὰ
1392 2255 1554 2326 φύσιν
1575 2297 1588 2319 ,
1621 2257 1725 2312 κᾶν

136 2361 224 2409 τις
253 2346 584 2419 συγχωρήσῃ
615 2346 676 2399 τὸ
715 2346 908 2412 θέλειν,
934 2348 1071 2419 ὅπερ
1100 2347 1198 2418 ούχ
1226 2342 1338 2401 οἷόν
1372 2365 1453 2413 τε,
1490 2348 1574 2413 τίς
1600 2365 1737 2402 ποι--⁸

137 2435 263 2504 ⁴ήσει
299 2432 552 2499 δέξασθαι
582 2437 682 2507 τὴν
706 2434 916 2500 οὐσίαν,
946 2435 1082 2506 ὅπερ
1109 2437 1170 2489 ού
1211 2437 1452 2507 πέφυκε;
1487 2438 1603 2491 Πᾶν
1630 2437 1725 2507 γέ-

137 2542 230 2588 νος
255 2523 408 2589 ζώων
438 2525 693 2594 φυλάττει
724 2527 815 2580 τὸν
850 2526 953 2596 τῆς
972 2526 1179 2591 οἰκείας
1207 2527 1393 2592 οὐσίας
1411 2529 1572 2600 νόμον
1596 2529 1724 2584 ἀσά-

137 2617 349 2680 λευτον,
374 2617 468 2670 καὶ
491 2617 567 2682 ὡς
590 2617 815 2687 γέγονεν
840 2619 933 2672 ἀπ’
964 2617 1163 2690 ἀρχῆς,
1186 2618 1325 2673 οὕτω
1348 2618 1617 2674 διαιτᾶται
1636 2621 1721 2677 διὰ

138 2709 364 2775 παντὸς,
396 2710 490 2763 καὶ
509 2708 745 2780 οὐδαμοῦ
783 2708 845 2761 τὸ
876 2708 1051 2762 θέλειν
1081 2709 1379 2781 ἀνατρέπει
1418 2709 1516 2781 τήν
1547 2710 1720 2776 τάξιν.

135 2801 263 2853 Κᾶν
300 2801 560 2873 μυριάκις
588 2801 875 2874 ἄνθρωπος
910 2801 1039 2873 θέλῃ
1078 2800 1333 2869 γενέσθαι
1364 2801 1584 2872 πτηνὸς,
1626 2804 1725 2873 ἀρ-

136 2895 229 2960 γεῖ
260 2892 330 2945 τὰ
367 2894 467 2963 τῆς
505 2894 832 2965 βουλήσεως,
873 2892 1060 2964 ἐπειδὴ
1092 2894 1220 2964 νικᾷ
1246 2892 1316 2947 τά
1346 2894 1446 2964 τῆς
1477 2894 1719 2963 φύσεως·

137 2983 247 3037 κᾶν
280 2984 406 3055 θέλῃ
434 2983 613 3057 ψυχὴν
646 2984 792 3055 ἔχειν
822 2983 940 3048 ἑνὸς
961 2983 1071 3038 τῶν
1105 2983 1334 3053 ἀλόγων,
1376 2983 1597 3053 γελᾶται
1638 2984 1725 3038 θέ-

135 3076 272 3140 λειν,
306 3075 366 3129 οὗ
399 3076 696 3148 πληροῦται
725 3076 786 3130 τὸ
824 3076 1006 3147 ἔργον.
1041 3071 1198 3142 Εἶτα,
1228 3077 1380 3129 πᾶσα
1423 3076 1522 3147 μὲν
1564 3076 1724 3146 φύσις

136 3168 254 3238 ἔχει
279 3169 339 3222 τὺ
377 3170 765 3241 άτυράννητον,
790 3168 885 3223 καὶ
921 3168 1186 3241 κρείττων
1212 3169 1330 3222 ἐστὶ
1365 3169 1546 3238 πάσης
1568 3170 1724 3222 ἐναν-

137 3259 269 3321 τίας
303 3258 636 3331 βουλήσεως·
686 3260 821 3331 μόνη
861 3260 919 3313 δὲ
957 3261 991 3328 ἠ
1032 3258 1301 3330 ἄτρεπτος
1324 3258 1420 3312 τοῦ
1466 3257 1599 3312 Θεοῦ
1628 3259 1724 3312 καὶ

139 3348 408 3414 ἀθάνατος
433 3349 592 3403 ούσία
619 3349 834 3420 δέχεται
861 3348 1113 3419 βούλησιν
1139 3349 1405 3413 ὲναντίαν,
1437 3350 1532 3403 καὶ
1559 3350 1726 3421 ήττᾶ-

138 3458 232 3494 ται
269 3444 335 3512 τῇ
362 3441 461 3512 τῆς
505 3440 776 3512 θελήσεως
815 3441 1065 3514 ἀνάγκης
1105 3441 1169 3493 Ὦ
1210 3439 1303 3493 τοῦ
1346 3440 1649 3512 θαύματοςί
1687 3443 1722 3512 ή

140 3530 325 3582 πᾶσαν
352 3528 540 3583 οὐσίαν
569 3532 628 3583 ὲν
654 3535 767 3594 τοῖς
787 3531 1006 3593 οίκείοις
1026 3530 1172 3601 ὅροις
1201 3530 1559 3599 φυλάττουσα,
1585 3531 1723 3604 αὑτὴ

137 3619 252 3674 τῶν
279 3621 379 3708 τῆς
429 3621 697 3686 ἀπαθείας
728 3623 869 3693 ὅρων
897 3621 1040 3675 οὕτω
1075 3620 1271 3693 ῥᾳδίως
1302 3620 1598 3687 ἐξίσταται,
1629 3620 1726 3676 καὶ

138 3708 264 3762 οὐδὲ
296 3708 544 3763 τοσοῦτον
569 3711 598 3763 ὁ
629 3710 819 3773 κτίσας
847 3709 1064 3763 ἅπαντα
1088 3709 1219 3779 ἔχει,
1245 3710 1442 3764 ὁπόσον
1464 3710 1724 3781 κτίσματι

139 3798 376 3866 δέδωκε;
432 3798 604 3853 Πόθεν
656 3799 714 3852 δὲ
764 3800 900 3862 ὅλως
945 3798 1291 3873 ὲγνώρισται,
1340 3802 1423 3854 ὅτι
1466 3800 1721 3871 hoshos;

139 3892 437 3963 Προφήτης
458 3891 558 3944 οὐκ
588 3884 765 3954 εἶπεν,
796 3892 1115 3955 Ἀπόστολος
1152 3893 1251 3945 οὐκ
1278 3891 1572 3965 ἐκήρυξεν·
1606 3892 1722 3946 ἀλλ’

139 3986 191 4037 οἱ
223 3983 417 4053 μικρὸν
437 3983 730 4054 ἡγούμενοι
759 3983 820 4042 τὸ
854 3986 1070 4038 πάντων
1104 3986 1400 4056 ύπερορᾷν,
1429 3984 1587 4056 ξένην
1624 3984 1723 4054 φέ-

143 4091 260 4146 ρειν
286 4074 603 4145 νομοθεσίαν
640 4076 791 4147 μόνοι
825 4076 1206 4131 νεανιεύονται.
1250 4074 1388 4130 Οὔτε
1415 4076 1477 4130 τὸ
1532 4093 1550 4127 ι
1586 4075 1723 4129 ἔπα-

141 4166 237 4219 θεν
274 4185 292 4217 ι
349 4166 685 4239 ἀνέγνωμεν,
740 4167 865 4222 οὔτε
920 4187 940 4220 ι
974 4169 1050 4230 ὡς
1096 4167 1359 4240 ἠθέλησεν
1400 4186 1419 4220 ι
1467 4165 1719 4239 εὕρομεν.

140 4254 241 4318 Τίς
275 4254 386 4326 γάρ
411 4254 523 4308 τῶν
552 4256 724 4326 ἁγίων
751 4256 784 4328 ἢ
828 4251 938 4310 εἶδε
974 4257 1248 4325 πάσχοντα
1287 4256 1379 4310 τὸν
1405 4256 1589 4329 ἀπαθῆ
1629 4256 1724 4311 καὶ

140 4344 394 4415 ἀόρατον,
425 4346 460 4417 ἢ
483 4346 583 4418 τὴν
624 4348 752 4417 περὶ
790 4346 979 4400 τοῦτον
1009 4346 1225 4419 θέλησιν
1270 4346 1628 4418 κατενόησεν;
1658 4349 1723 4401 Ὢ

138 4436 348 4508 τόλμης
382 4438 492 4491 τῶν
533 4437 838 4510 ἀνθρώπων
870 4439 1011 4509 ὑπὲρ
1035 4438 1133 4502 τάς
1162 4437 1428 4509 ἀοράτους
1466 4438 1722 4511 δυνάμεις

142 4528 402 4602 πηδώσης
422 4531 435 4584 !
454 4531 551 4595 Τίς
572 4530 816 4602 παρῆλθε
835 4532 928 4585 τὸν
945 4531 1173 4603 οὐρανόν
1188 4548 1203 4597 ;
1222 4532 1318 4595 Τίς
1335 4531 1577 4603 ὑπερέϐη
1592 4533 1720 4596 τοὺς

141 4620 386 4693 θρόνους,
411 4622 511 4686 τὰς
537 4623 732 4694 ἀρχάς,
764 4624 863 4688 τὰς
893 4623 1161 4690 ἐξουσίας,
1187 4625 1287 4687 τὰς
1320 4624 1597 4693 δυνάμεις,
1621 4624 1719 4688 τὰς

140 4714 506 4785 κυριότητας;
540 4716 639 4778 Τίς
671 4716 948 4786 ὑπερέπτη
983 4714 1052 4769 τὰ
1078 4715 1320 4787 σεραφίμ
1344 4732 1358 4779 ;
1386 4715 1481 4780 Τίς
1514 4712 1619 4769 εἶδε
1649 4715 1717 4770 τὰ

73 4870 85 4877 _
140 4805 372 4869 ἐκείνοις
414 4806 656 4872 ἀθέατα;
683 4808 777 4871 Τίς
804 4807 1096 4879 κατενόησε
1146 4807 1306 4878 φύσιν
1336 4806 1470 4861 Θεοῦ
1513 4808 1606 4861 καὶ
1631 4808 1717 4861 θέ-

138 4897 341 4953 λουσαν
368 4897 532 4964 οὕτω,
566 4899 662 4953 και¹
683 4898 997 4971 πάσχουσαν
1025 4898 1062 4954 ἃ
1090 4899 1241 4972 παρά
1265 4899 1371 4954 τῶν
1399 4899 1629 4973 Γραφῶν
1652 4900 1716 4954 ού

139 4988 466 5061 δεδήλωταις
547 4988 684 5044 Οὔτε
734 4991 797 5044 τὸ
838 5009 857 5043 ι
890 4989 1089 5045 ἔπαθεν
1125 5010 1144 5042 ι
1194 4990 1428 5062 εἴρηται,
1474 4991 1599 5046 οὔτε
1653 4992 1716 5047 τὸ

148 5080 273 5145 «ὡς
299 5080 533 5152 ἠθέλησε
574 5100 593 5134 ι
635 5082 960 5154 γέγραπται.
1022 5102 1040 5134 ι
1083 5083 1369 5153 Ἐποίησεν
1395 5085 1495 5138 ὅσα
1520 5083 1717 5155 ἠθέλη-

143 5187 258 5237 σεν,
287 5190 307 5224 ›
335 5173 679 5243 ἀκηκόαμενυ
709 5176 792 5227 ὅτι
819 5174 877 5227 δὲ
906 5172 1108 5227 ἔπαθεν
1138 5174 1214 5237 ὼς
1239 5172 1520 5245 ἠθέλησεν,
1556 5174 1714 5228 οὐδα-

145 5264 251 5335 μοῦ
287 5256 705 5337 μεμαθήκαμεν.
741 5265 807 5319 Τί
851 5261 945 5321 οὖν
986 5268 1067 5330 είς
1105 5265 1393 5337 βεϐαίωσιν
1427 5265 1490 5319 τὸ
1524 5264 1716 5335 ἄδηλον

143 5355 400 5426 φέρουσις
435 5358 606 5411 Τοῦτο
627 5357 909 5430 προσθήκη
937 5357 1039 5427 τῆς
1059 5357 1338 5421 ἀπονοίας,
1368 5358 1470 5411 οὐκ
1500 5356 1718 5410 amt.

143 5445 228 5511 ξις
250 5447 529 5521 ἀληθείας.
571 5450 710 5504 Ἀλλ’
754 5447 954 5504 ἔπαθεν
981 5452 1010 5503 ὁ
1039 5451 1271 5521 Χριστὸς
1303 5450 1445 5504 κατὰ
1485 5448 1582 5523 τὴν
1609 5449 1718 5504 τῶν

143 5536 354 5607 θνητῶν
381 5539 580 5611 σάρκα,
613 5541 673 5595 ού
703 5540 844 5595 κατά
873 5541 964 5594 τὸν
993 5539 1258 5595 ἀθάνατον
1280 5540 1471 5609 Λόγον.

1820 1908 1937 1948 ram
1969 1893 2113 1963 quod
2143 1893 2318 1961 ipsam
2346 1902 2595 1947 naturam
2625 1900 2680 1946 et
2703 1891 3118 1962 intelligentiam
3152 1889 3341 1944 deceat
3371 1907 3387 1945 :

1822 1983 1899 2037 ita
1942 1993 1997 2037 ut
2046 1981 2093 2038 si
2138 1983 2264 2054 quis
2311 1983 2513 2038 dixerit
2548 1997 2669 2037 eam
2715 1981 2864 2036 aliud
2904 1981 3124 2051 quidem
3165 1979 3390 2044 habere,

1822 2072 1969 2128 aliud
1992 2073 2148 2137 velle,
2179 2074 2228 2129 is
2259 2088 2495 2143 pugnam
2525 2074 2748 2129 inducat
2771 2081 2824 2129 et
2852 2073 3089 2137 bellum;
3118 2086 3242 2125 cum
3276 2070 3392 2127 haec

1822 2165 1911 2219 illa
1952 2164 2297 2234 aggrediatur
2323 2180 2445 2235 quae
2478 2165 2704 2220 minime
2742 2173 2990 2235 oportet;
3041 2162 3134 2216 illa
3167 2160 3393 2217 minime

1822 2256 2052 2327 recipiat
2080 2270 2201 2325 quae
2226 2252 2330 2311 sibi
2353 2269 2464 2309 non
2494 2253 2850 2309 conveniunt.
2891 2251 2947 2307 Id
2976 2251 3123 2305 enim
3159 2251 3215 2305 in
3243 2250 3391 2322 quod

1821 2348 2006 2419 passio
2055 2346 2223 2412 cadit,
2264 2345 2396 2401 velit
2435 2346 2595 2411 nolit,
2647 2343 2892 2416 passioni
2942 2342 3239 2403 obnoxium
3282 2347 3387 2396 est.

1822 2439 1981 2508 Quod
2007 2444 2191 2494 autem
2213 2452 2280 2493 ex
2303 2451 2402 2492 sua
2422 2444 2621 2491 natura
2641 2435 2954 2507 passionem
2977 2448 3089 2489 non
3115 2432 3388 2502 admittit;

1821 2531 1987 2588 etiam
2017 2530 2065 2587 si
2095 2530 2220 2602 quis
2251 2529 2586 2585 concesserit
2610 2528 2749 2584 velle
2793 2526 2928 2582 illud
2963 2527 3096 2597 pati,
3125 2525 3269 2596 quod
3308 2532 3392 2578 ta-

1820 2639 1948 2680 men
1979 2622 2096 2678 iieri
2138 2622 2353 2692 nequit,
2384 2622 2509 2691 quis
2537 2619 2771 2676 deducet
2807 2618 2875 2673 ad
2921 2618 3056 2673 illud
3100 2617 3392 2672 admitten-

1821 2714 1952 2770 dum
2011 2713 2159 2785 quod
2207 2711 2514 2769 substantia
2551 2711 2674 2781 ejus
2719 2710 2943 2765 minime
2989 2707 3176 2780 capit?
3217 2706 3393 2763 Omne

1822 2806 2179 2861 animantium
2220 2820 2395 2876 genus
2440 2803 2651 2859 ﬁrmam
2690 2810 2904 2857 naturae
2938 2816 3051 2856 suae
3086 2807 3267 2856 servat
3313 2798 3394 2855 le-

1820 2910 1962 2967 gem,
2003 2903 2166 2965 atque
2205 2902 2267 2949 ut
2305 2895 2374 2949 ab
2419 2893 2577 2949 initio
2625 2892 2829 2946 factum
2884 2898 2991 2955 est,
3042 2890 3116 2944 ita
3149 2895 3394 2943 remanet

1822 2999 2056 3055 semper,
2090 3000 2193 3041 nec
2221 2999 2459 3055 unquam
2511 2984 2767 3039 voluntas
2809 2982 3053 3038 ordinem
3099 2979 3388 3037 subvertit.

1822 3078 2086 3146 Quamvis
2118 3077 2424 3133 sexcenties
2462 3075 2627 3130 homo
2686 3073 2803 3129 avis
2843 3088 2967 3129 esse
3007 3072 3198 3135 vellet,
3233 3069 3393 3124 irrita

1823 3171 2078 3227 voluntas
2106 3176 2212 3236 est,
2245 3169 2373 3239 quia
2408 3167 2578 3222 vincit
2623 3171 2839 3220 natura.
2872 3163 3098 3219 Etiamsi
3126 3164 3260 3235 yclit
3291 3161 3393 3217 ali-

1806 3260 1985 3332 .cujus
2026 3260 2178 3315 bruti
2222 3260 2459 3314 animam
2517 3255 2741 3321 habere,
2788 3254 3071 3310 deridetur
3111 3253 3389 3317 voluntas,

1821 3367 1999 3424 neque
2021 3367 2109 3408 res
2138 3351 2229 3406 illa
2263 3350 2585 3420 completur.
2614 3347 2887 3403 Pratterea
2912 3345 3170 3417 qualibet
3191 3351 3389 3400 natura

1822 3456 1909 3502 εει
1940 3458 1973 3498 a
2000 3440 2286 3516 tyrannide
2315 3441 2503 3507 libera,
2526 3446 2720 3509 estque
2754 3437 2904 3494 omni
2934 3436 3164 3492 adversa
3196 3435 3392 3490 volun-

1825 3543 1936 3593 tate
1962 3522 2233 3606 superior.
2261 3532 2401 3589 Num
2428 3531 2545 3589 sola
2572 3529 2929 3586 immutabilis
2954 3527 3389 3598 immortalisque

1822 3628 1919 3685 Dei
1961 3628 2268 3685 substantia
2298 3625 2637 3681 voluntatem
2671 3622 2909 3677 admittit
2943 3620 3300 3684 contrariam,
3336 3626 3392 3674 et

1821 3720 2063 3775 vincitur
2100 3734 2131 3774 a
2174 3715 2475 3773 voluntatis
2505 3712 2877 3769 necessitate?
2917 3709 2963 3766 Ο
3006 3725 3120 3765 rem
3152 3709 3386 3765 miram!

1821 3823 1943 3879 quae
1994 3806 2292 3878 quamlibet
2343 3803 2708 3859 substantiam
2761 3802 2818 3856 in
2870 3801 3107 3871 propriis
3146 3799 3392 3855 continet

1822 3897 2114 3962 limitibus,
2161 3910 2226 3952 ea
2273 3893 2734 3965 impassibilitatis
2772 3892 3026 3947 terminis
3070 3898 3181 3945 tam
3229 3890 3390 3946 facile

1822 3988 2152 4065 dimovetur,
2194 4000 2297 4041 nec
2332 3990 2547 4039 tantum
2585 3983 2750 4037 habet
2795 3981 2888 4051 qui
2925 3980 3134 4036 creavit
3179 3979 3389 4044 omnia,

1820 4089 2081 4151 quantum
2122 4086 2386 4133 creatura:
2416 4074 2586 4131 dedit.
2624 4072 2733 4129 Sed
2781 4071 2927 4126 unde
2973 4072 3194 4126 tandem
3235 4084 3388 4125 com-

1821 4179 2032 4244 pertum
2069 4169 2171 4225 fuit
2199 4184 2323 4225 eum
2373 4167 2427 4223 id
2464 4167 2726 4222 voluisse.
2772 4162 3041 4233 Pmplteta
3083 4177 3195 4217 non
3231 4162 3397 4229 dixit,

1820 4262 2115 4334 Apostolus
2143 4276 2254 4317 non
2295 4258 2645 4331 praedicavit;
2694 4256 2788 4313 sed
2820 4255 2913 4327 qui
2944 4269 3045 4325 pro
3086 4255 3258 4309 nihilo
3285 4254 3388 4323 ha-

1820 4355 1952 4410 bent
1997 4354 2181 4410 omnia
2211 4359 2581 4414 contemnere,
2636 4349 2675 4404 ii
2720 4349 2822 4405 soli
2861 4348 3189 4405 insolentem
3236 4346 3386 4400 illam

1752 4476 1796 4530 ο
1826 4445 1968 4501 ferre
2028 4446 2203 4516 legem
2256 4454 2461 4500 temere
2514 4440 2927 4513 aggrediuntur.
2986 4438 3175 4509 Neque
3226 4437 3391 4500 illud,

1828 4555 1846 4587 ι
1885 4550 2086 4606 passus
2120 4542 2225 4599 est,
2265 4554 2284 4586 ι
2334 4534 2587 4605 legimus,
2638 4547 2813 4603 neque
2856 4531 2932 4599 id,
2971 4550 2990 4583 ‹
3028 4538 3089 4586 ιιι
3131 4530 3325 4594 voluit,
3366 4548 3389 4580 ι

1823 4626 2153 4683 invenimus.
2200 4626 2335 4693 Quis
2382 4626 2528 4681 enim
2584 4633 2921 4688 sanctorum,
2964 4632 3059 4678 aut
3105 4638 3229 4679 eum
3278 4623 3392 4692 pati

1821 4717 1957 4773 vidit
1985 4716 2078 4788 qui
2129 4715 2488 4787 impassibilis
2514 4722 2569 4772 et
2611 4714 2905 4770 invisibilis
2938 4721 3086 4769 esset
3115 4723 3208 4768 aut
3240 4713 3391 4783 ejus-

1821 4807 1970 4863 modi
2007 4805 2345 4861 voluntatem
2381 4804 2673 4876 cogitavit?
2700 4802 2745 4859 Ο
2763 4802 3047 4858 audaciam
3071 4800 3386 4856 hominum!

1822 4912 1988 4969 supra
2012 4896 2320 4952 invisibiles
2349 4902 2648 4966 potestates
2668 4894 2918 4949 exsilire!
2951 4891 3086 4958 Quis
3111 4898 3391 4946 transcen-

1819 4991 1901 5045 dit
1936 4989 2177 5045 cmlum?
2204 4988 2338 5055 Quis
2380 4997 2758 5060 transgressus
2786 4994 2870 5042 est
2898 4985 3148 5050 thronos,
3178 4983 3389 5055 princi-

1819 5086 2002 5152 patus,
2030 5087 2348 5150 potestates,
2378 5079 2632 5143 virtutes,
2662 5075 3099 5133 dominationes?
3121 5073 3256 5141 Quis
3290 5089 3387 5130 su-

1819 5185 1919 5242 pra
1953 5170 2227 5240 seraphim
2260 5169 2501 5225 volavit?
2530 5168 2665 5236 Quis
2695 5183 2761 5229 ea
2785 5167 2917 5223 vidit
2945 5182 3065 5237 quae
3094 5167 3229 5237 ipsis
3258 5173 3390 5222 sunt

1819 5261 2158 5318 invisibilia?
2189 5262 2324 5328 Quis
2360 5271 2614 5315 naturam
2663 5259 2760 5315 Dei
2798 5259 3062 5314 intellexit
3108 5258 3183 5312 il’a
3222 5258 3385 5322 velle,

1819 5364 1875 5412 ει
1906 5355 2022 5427 pati
2061 5369 2127 5411 ea
2175 5370 2297 5425 quae
2332 5368 2364 5407 a
2412 5352 2714 5423 Scripturis
2747 5360 2871 5408 non
2909 5358 3040 5407 sunt
3079 5351 3393 5406 declarata?

1821 5445 2011 5518 Neque
2065 5446 2222 5513 illud,
2278 5462 2299 5498 ι
2343 5459 2543 5515 passus
2586 5451 2705 5510 est,
2744 5462 2764 5496 ›
2814 5443 3049 5513 dicitur;
3095 5456 3274 5514 neque
3310 5441 3389 5505 id,

1830 5556 1850 5591 ι
1879 5543 1941 5592 ιιι
1976 5537 2173 5602 voluit,
2211 5555 2232 5589 ι
2285 5534 2552 5604 scriptum
2587 5541 2692 5590 est.
2738 5533 3065 5589 Audivimus
3098 5552 3112 5589 :
3173 5553 3192 5586 ι
3230 5530 3393 5599 Quaa-

145 5644 359 5719 ennque
384 5633 581 5701 voluit,
617 5633 838 5703 fecit”,
878 5654 897 5686 ι
939 5634 1083 5705 quod
1120 5641 1298 5689 autem
1334 5649 1532 5705 passus
1576 5633 1666 5701 sit,
1709 5640 1770 5688 ut
1807 5630 1980 5688 voluit
2051 5643 2323 5701 nusquam
2357 5626 2669 5683 didicimus.
2713 5626 2827 5683 Cur
2872 5626 3055 5698 itaque
3091 5624 3156 5681 ad
3190 5621 3393 5713 conlir-

216 5744 261 5775 "
298 5742 441 5801 Psal.
478 5762 695 5813 cxxxiv,
732 5748 784 5800 (5.
