3842 6186
426 322 566 378 1565

1520 321 1579 378 S.
1622 322 2084 382 ATHANASll-lS.
2126 355 2196 366 -—
2237 323 2523 393 SPURIA.

3562 309 3696 368 i364

422 441 717 498 mationem
761 439 908 509 quod
951 439 1226 494 occultum
1257 447 1342 495 est
1385 438 1660 494 aﬂ'erunt?
1706 440 1998 497 Dementiae
2047 444 2295 500 accessio
2351 444 2466 498 haec
2515 447 2634 508 est;
2672 455 2782 496 non
2815 437 3065 493 veritatis
3099 434 3532 492 demonstratio.
3589 432 3698 487 Sed

419 549 616 608 passus
647 545 730 592 est
767 535 1022 592 Christus
1063 535 1366 592 secundum
1392 537 1676 592 mortalem
1710 551 1955 604 carnem,
1999 554 2111 594 non
2141 539 2442 595 secundum
2475 537 2785 592 immortale
2822 532 3085 589 Verbum.

1159 652 1250 708 IX.

414 749 684 824 Adversus
725 764 811 801 eos
834 748 923 817 qui
961 747 1166 810 dicunt,
1207 750 1284 802 ita
1318 750 1649 824 accipiendas
1683 769 1795 806 esse
1823 751 1994 824 (Scri-

483 832 658 891 ptura;
680 823 694 884 )
739 835 906 882 voces,
948 829 1005 870 ut
1062 837 1164 872 non
1200 819 1560 874 consideretur
1600 819 1843 891 quamam
1882 824 1994 878 illa:

487 890 802 958 signiﬁcent,
833 905 950 942 cum
989 891 1224 942 omnium
1247 901 1459 959 captum
1489 890 1766 947 excedant.

487 998 587 1054 Vix
619 1001 821 1071 reperti
861 1009 989 1055 sunt
1021 1001 1114 1070 qui
1147 1004 1331 1056 omnia
1366 1019 1486 1073 qua:
1517 1003 1586 1056 ad
1627 1005 1876 1061 homines
1906 1013 1992 1059 at-

411 1091 592 1146 tinent
626 1100 872 1147 evertere
913 1092 1330 1159 contenderent,
1364 1108 1429 1148 ac
1457 1102 1770 1165 satagereut
1800 1104 1860 1150 ut
1892 1097 1994 1150 ho-

410 1183 589 1238 mines
631 1200 741 1238 non
770 1185 916 1239 ultra
958 1185 1259 1241 rationales
1299 1195 1505 1246 essent.
1548 1203 1724 1257 neque
1763 1204 1828 1243 ea
1873 1204 1994 1258 quae

409 1277 735 1332 naturaliter
780 1277 922 1330 bona
965 1284 1094 1332 sunt
1131 1285 1388 1332 accurate
1417 1277 1760 1346 ediscerent;
1792 1281 1994 1351 quique

408 1370 656 1425 dicerent
699 1369 955 1425 omnibus
999 1370 1234 1440 perutile
1277 1385 1421 1434 esse,
1468 1378 1526 1424 ut
1569 1371 1895 1441 simpliciter
1939 1381 1994 1428 et

409 1461 618 1531 absque
645 1461 849 1532 praevio
880 1461 1157 1525 examine,
1201 1477 1487 1516 sacrorum
1518 1462 1785 1518 librorum
1829 1480 1993 1520 voces

407 1554 757 1624 acciperent;
791 1553 943 1608 nulla
972 1553 1160 1608 habita
1203 1553 1647 1610 consideratione
1690 1555 1776 1610 vel
1806 1571 1994 1612 corre-

405 1650 608 1711 ctione,
638 1661 740 1701 nec
759 1645 917 1714 juxta
934 1645 1085 1716 pium
1113 1660 1339 1716 scopum
1366 1662 1476 1716 quo
1499 1646 1661 1701 dicta:
1689 1657 1834 1703 sunt.
1856 1647 1993 1702 Nam

405 1737 476 1798 si.
525 1745 585 1792 ut
613 1735 808 1807 jubent
850 1737 952 1801 illi,
991 1753 1183 1793 eorum
1230 1738 1663 1806 signiﬁcationes
1710 1739 1838 1809 quis
1881 1755 1992 1794 non

403 1829 698 1900 expendat,
743 1829 1178 1900 simpliciterque
1220 1831 1381 1900 502
1427 1839 1484 1885 et
1533 1833 1744 1902 absque
1789 1833 1992 1902 praevio

403 1920 656 1975 examine
687 1935 809 1990 quae
841 1921 1102 1975 dicuntur
1151 1922 1424 1976 auscultet
1462 1941 1474 1975 :
1533 1930 1704 1979 restat
1752 1931 1812 1977 ut
1863 1939 1994 1994 pro—

402 2013 580 2085 pheta:
599 2022 654 2068 et
682 2013 916 2084 apostoli
937 2012 1168 2068 auribus
1199 2014 1404 2069 nostris
1429 2013 1633 2070 frustra
1669 2024 1989 2086 personent,

404 2119 470 2160 ac
497 2104 680 2174 quivis
704 2119 886 2160 sermo
917 2104 1130 2161 inutilis
1158 2114 1213 2160 et
1239 2104 1485 2160 ineﬂicax
1519 2116 1856 2176 permaneat,
1887 2122 1990 2162 au-

402 2194 721 2265 ditoresque
781 2195 841 2250 in
896 2195 1149 2251 cordium
1203 2212 1430 2252 suorum
1489 2199 1793 2268 penetralia
1850 2199 1989 2254 nihil

401 2287 617 2343 fructus
645 2287 1045 2344 transmittant.
1083 2286 1176 2342 Sic
1205 2289 1352 2344 enim
1400 2288 1729 2360 pracipiunt
1761 2289 1990 2347 auribus

402 2379 634 2450 quidem'
662 2381 877 2445 audire,
921 2380 1090 2437 corde
1136 2389 1321 2438 autem
1369 2397 1480 2437 non
1511 2382 1838 2453 intelligere,
1888 2399 1990 2439 nec

401 2473 673 2528 dictorum
713 2475 1165 2545 consequentiam
1214 2474 1572 2545 perpendere,
1625 2475 1786 2544 juxta
1838 2475 1987 2530 illam

400 2567 884 2622 comminationem
911 2586 924 2622 :
969 2585 988 2619 ι
1024 2567 1231 2622 Auditu
1265 2566 1526 2632 audiatis,
1559 2575 1613 2622 et
1643 2584 1754 2622 non
1786 2568 1987 2623 intelli-

401 2661 545 2732 gatis
571 2662 638 2714 ⁷ο.
682 2681 701 2714 ι
757 2659 1124 2727 Quamobrem
1176 2660 1244 2715 ad
1285 2661 1417 2716 illud
1456 2677 1470 2713 :
1513 2681 1532 2713 ι
1571 2659 1808 2716 Verbum
1859 2675 1988 2717 caro

400 2751 607 2808 factum
657 2759 742 2808 est
766 2753 834 2815 τί,
887 2770 908 2804 ι
959 2751 1293 2808 audiendum
1345 2752 1704 2823 compellunt,
1749 2767 1851 2808 nec
1901 2753 1987 2822 pie

397 2843 706 2914 intelligere
756 2844 1105 2913 permittunt,
1149 2841 1310 2912 quasi
1367 2841 1462 2912 qui
1511 2849 1836 2913 potestatem
1887 2842 1988 2896 ha-

398 2932 566 2990 beant
594 2933 863 3004 cujusque
886 2943 1121 2990 mentem
1149 2933 1416 2987 arbitratu
1443 2949 1545 2989 suo
1565 2933 1840 3000 trahendi,
1874 2949 1986 2988 non

400 3027 470 3082 ad
515 3026 572 3082 id
606 3025 752 3098 quod
780 3027 1041 3082 decorum
1078 3033 1133 3080 et
1168 3025 1300 3081 utile
1330 3033 1436 3081 est.
1482 3025 1567 3080 An
1609 3025 1850 3082 Verbum
1886 3041 1986 3081 au-

400 3120 572 3184 diam,
625 3135 727 3176 nec
785 3125 1179 3189 congruentem
1231 3133 1452 3174 sensum
1507 3119 1830 3189 requiram?
1881 3117 1985 3174 Ubi

399 3210 570 3280 igitur
600 3217 694 3264 aut
723 3209 994 3266 sermonis
1015 3211 1430 3280 consequentia,
1464 3218 1560 3265 aut
1589 3211 1858 3267 auditoris
1885 3212 1986 3266 uti-

2021 664 2068 722 Δ

2841 654 2934 707 1·Χ.

2094 747 2252 816 Πρὸς
2294 747 2779 820 τοὺς-λέγοντας,
2814 743 2904 820 det
2934 742 3072 820 χ,ρὴΔ
3093 740 3375 820 δέχεσθαι
3417 736 3537 802 τὰς
3581 754 3699 820 ρω-

2164 820 2308 883 γὰς,
2352 819 2450 871 καί
2491 812 2576 886 μὴ
2619 814 2872 870 σκοπεῖν
2921 817 2992 869 τὰ
3025 812 3112 886 δι’
3146 812 3346 876 αὐτῶν
3395 812 3697 876 σημαινέ-

2158 905 2334 957 μενα,
2370 891 2448 954 ὡς
2477 885 2748 952 ἅπαντας
2784 885 3239 952 ὑπερϐαίνοντα.

2165 1003 2334 1067 Μόλις
2364 1003 2666 1074 εὑρέθησαν
2692 1003 2741 1055 οἱ
2774 1002 2949 1056 πάντα
2974 997 3298 1071 ἀνατρέπειν
3345 995 3700 1065 ἀγωνιζόμε⁴

2094 1114 2173 1150 νοι
2203 1095 2270 1149 τά
2297 1095 2408 1149 τῶν
2447 1093 2785 1167 ἀνθρώπων,
2821 1094 2915 1146 καὶ
2949 1089 3336 1154 σπουδάζοντες
3375 1089 3523 1158 μήτε
3569 1086 3700 1148 τοὺς

2094 1195 2415 1267 ἀνθρώπους
2447 1194 2524 1248 ἐτι
2575 1194 2824 1262 λογικοὺς
2854 1192 3167 1261 τυγχάνειν,
3201 1190 3338 1260 μήτε
3369 1187 3442 1241 τὰ
3479 1189 3554 1257 τῇ
3594 1185 3698 1254 φύ-

2096 1305 2177 1341 σει
2209 1288 2347 1341 καλά
2381 1288 2498 1358 μετ’
2545 1286 2828 1356 ἀκριϐείας
2875 1283 3337 1354 καταμανθάνειν,
3403 1280 3604 1342 ἁπλῶς
3643 1280 3700 1332 δὲ

2094 1383 2230 1435 πᾶσι
2261 1381 2356 1436 κα)⁸
2384 1381 2762 1452 ἀδοκιμάστως
2791 1377 3185 1451 συμφέρεσθαι,
3215 1378 3280 1430 ἐκ
3312 1374 3408 1428 τοῦ
3436 1372 3701 1444 δέχεσθαι

2093 1473 2192 1537 τάς
2216 1473 2323 1526 τῶν
2349 1474 2509 1544 ἱερῶν
2533 1473 2728 1543 βίϐλων
2754 1471 2935 1542 φωνὰς
2961 1468 3372 1530 ἀνεπισκέπτως
3397 1467 3496 1520 καὶ
3520 1466 3702 1535 ἀδιορ-

2098 1564 2308 1630 θώτως,
2363 1566 2457 1620 καὶ
2513 1565 2589 1636 μὴ
2636 1564 2778 1618 κατὰ
2823 1563 2912 1618 τὸν
2960 1561 3160 1631 εύσεϐῆ
3207 1559 3430 1621 σκοπὸν,
3472 1557 3608 1610 καθ’
3644 1557 3703 1609 ὃν

2091 1658 2418 1730 ἐρρέθησαν.
2447 1658 2510 1711 Et
2537 1659 2646 1729 γάρ
2669 1674 2772 1722 τις,
2793 1655 2869 1718 ὡς
2897 1655 3209 1716 ἐκέλευσαν,
3245 1652 3320 1723 μὴ
3355 1648 3599 1719 σκοποίη
3633 1650 3701 1702 τά

2091 1751 2160 1804 δι’
2204 1749 2381 1803 αὐτῶν
2416 1749 2812 1820 σημαινόμενα,
2847 1745 3033 1809 ἁπλῶς
3065 1745 3123 1798 δὲ
3170 1745 3264 1796 καὶ
3300 1739 3701 1800 ἀϐασανίστως

2091 1841 2278 1896 ἀκούοι
2304 1841 2411 1894 τῶν
2435 1841 2741 1910 λεγομένων
2765 1857 2780 1870 ·
2816 1839 3064 1892 λείπεται
3095 1835 3336 1898 καὶτοὺς
3372 1836 3700 1905 προφήτας,

2091 1935 2339 1998 καὶτοὺς
2372 1933 2702 1997 ἀποστόλους
2735 1932 2910 2004 μάτην
2947 1933 3067 1994 ταῖς
3115 1930 3304 1991 ἀκοαῖς
3331 1929 3579 1998 ἐνηχεῖν,
3607 1925 3702 1978 καὶ

2021 2009 2069 2067 Β
2095 2027 2274 2080 πάντα
2311 2026 2466 2095 λόγον
2513 2025 2766 2094 ἀνωφελῆ
2805 2026 2898 2077 καὶ
2942 2023 3302 2094 ἀνενέργητον
3349 2019 3565 2090 μένειν,
3602 2017 3699 2070 καὶ

2091 2120 2218 2184 τοὺς
2247 2118 2544 2181 ἀκούοντας
2583 2117 2851 2190 μηδεμίαν
2889 2115 3072 2186 ὖνησιν
3107 2116 3187 2177 εἰς
3212 2115 3281 2167 τά
3315 2113 3547 2182 ταμιεῖα
3583 2110 3695 2162 τῶν

2092 2212 2327 2284 καρδιῶν
2354 2211 2772 2284 παραπέμπειν.
2809 2207 2966 2262 Οῦτω
2995 2208 3103 2278 γὰρ
3132 2205 3537 2278 προστάττουσι
3580 2204 3694 2263 τοῖς

2094 2307 2194 2377 μὲν
2224 2305 2357 2358 ώσὶν
2387 2303 2626 2370 ἀκούειν,
2650 2306 2716 2374 τῇ
2742 2302 2799 2356 δὲ
2833 2301 3028 2372 καρδία
3056 2301 3130 2372 μὴ
3156 2299 3422 2362 συνιέναι,
3455 2299 3599 2366 μήτε
3629 2294 3693 2348 τὸ

2090 2398 2381 2454 ἀκόλουθον
2407 2396 2518 2450 τῶν
2544 2396 2852 2466 λεγομένων
2881 2396 3126 2457 σκοπεῖν,
3152 2392 3295 2447 κατά
3322 2392 3424 2462 τὴν
3451 2391 3694 2459 φάσκουο

2092 2508 2189 2545 σαν
2215 2490 2444 2562 ἀπειλήν
2463 2507 2476 2520 °
2520 2508 2538 2541 ι
2564 2491 2728 2560 ’Δκοῇ
2758 2487 3048 2558 ἀκούσητε,
3078 2487 3171 2540 καὶ
3196 2486 3259 2538 ού
3296 2485 3374 2556 μὴ
3403 2487 3647 2554 συνιῆτε.
3665 2503 3685 2534 ι

2088 2584 2189 2638 Διά
2219 2583 2380 2637 τοῦτο
2417 2583 2513 2637 καὶ
2534 2583 2614 2649 τὸ,
2657 2601 2676 2633 ι
2721 2583 2781 2635 '0
2813 2580 2986 2650 Λόγος
3015 2579 3151 2650 σάρξ
3177 2579 3422 2647 ἐγένετο,
3466 2598 3486 2630 ι
3522 2577 3691 2632 ἀκούι

2087 2693 2169 2730 ειν
2200 2677 2299 2748 μὲν
2351 2675 2537 2740 ἁπλῶς
2573 2675 2963 2744 ἀναγκάζουσι,
3009 2676 3152 2727 νοεῖν
3191 2673 3250 2726 δὲ
3302 2672 3566 2748 εύσεϐὧς-
3589 2672 3688 2725 οὐκ

2088 2768 2170 2822 ἔτι
2202 2745 2619 2841 ἐπιτρέπουσιν,
2654 2767 2844 2838 ὥσπερ
2889 2765 3138 2832 ἐξουσίαν
3183 2764 3399 2836 ἔχοντες
3427 2764 3527 2834 τὴν
3551 2745 3688 2817 ’ἐκά-

2091 2877 2218 2914 στου
2251 2861 2491 2915 διάνοιαν
2521 2860 2659 2935 προς
2686 2859 2748 2912 τὸ
2777 2859 2966 2913 δοκοῦν
2996 2858 3178 2920 αὐτοῖς
3204 2857 3408 2922 ἐλκειν,
3457 2858 3518 2910 ού
3551 2873 3685 2926 προς

2085 2953 2148 3006 τὺ
2175 2953 2385 3024 πρέπον
2430 2952 2611 3006 καὶτὸ
2660 2951 2959 3023 συμφέρον.
2994 2951 3236 3005 Ἀκούσω
3275 2950 3371 3004 τοῦ
3421 2952 3684 3022 ῥήματος,

2087 3047 2180 3100 καὶ
2209 3045 2284 3118 μὴ
2333 3044 2554 3116 ζητήσω
2591 3045 2653 3098 τὸ
2686 3045 2963 3116 εὐπρεπὲς
3000 3043 3094 3098 τοῦ
3146 3045 3540 3114 φρονήματος;
3578 3042 3684 3095 Ποῦ

2085 3134 2178 3192 οὖν
2207 3139 2240 3208 ἢ
2281 3137 2365 3191 τοῦ
2391 3137 2549 3206 λόγου
2583 3138 2645 3192 τὸ
2671 3135 2983 3200 ἀκόλουθον,
3015 3135 3048 3205 ἢ
3088 3135 3182 3190 τοῦ
3218 3134 3516 3197 ἀκούοντος
3549 3133 3687 3202 ὠφέ-
3727 3120 3734 3129 ’

2085 3226 2284 3298 λιμον;
2325 3227 2478 3297 Τάχα
2536 3227 2629 3280 κοιλ⁸
2674 3225 2811 3298 πρὸς
2860 3225 3068 3294 ἀλόγων
3119 3224 3261 3289 ἕξεις
3326 3224 3702 3295 μεθίστασθαι-

399 3303 562 3359 litas?
604 3302 883 3359 Fortassis
927 3311 983 3358 et
1024 3302 1093 3357 ad
1141 3303 1428 3358 brutorum
1479 3319 1687 3359 morem
1731 3304 1984 3362 homines

2100 3321 2215 3383 τοὺς
2242 3318 2562 3390 ἀνθρώπους
2610 3319 3058 3390 προστάττουσιν,
3108 3317 3269 3388 εἴπερ
3315 3317 3566 3386 μέλλοιεν
3597 3316 3688 3384 ψό-

401 3396 602 3450 mutari
633 3395 978 3466 praecipiunt,
1017 3395 1288 3465 siquidem
1335 3395 1628 3450 verborum
1675 3411 1842 3452 sonos
1885 3412 1985 3450 au-

401 3488 556 3543 ribus
585 3487 806 3560 quidem
837 3488 1152 3558 percepturi
1196 3495 1347 3553 sunt,
1389 3504 1456 3543 ex
1487 3505 1652 3544 sensu
1683 3504 1815 3545 vero
1846 3490 1983 3544 nihil

401 3577 621 3636 fructus
665 3579 850 3634 animo
889 3579 1207 3636 admissuri.
1254 3579 1374 3635 Non
1417 3580 1534 3636 hzec
1560 3580 1766 3636 Paulus
1793 3582 1983 3651 jussit,

401 3671 722 3740 hujusmodi
779 3672 994 3728 scilicet
1035 3687 1221 3728 rerum
1270 3673 1486 3738 doctor,
1535 3689 1715 3744 neque
1758 3675 1878 3730 vult
1928 3682 1986 3728 ut

404 3766 686 3838 quidpiam
719 3767 1044 3823 admittatur
1089 3768 1210 3823 sine
1239 3769 1455 3824 ratione
1502 3777 1556 3824 et
1595 3769 1845 3839 judicio:
1889 3769 1986 3826 sed

406 3860 722 3932 quomodo?
772 3880 791 3912 ‹
841 3860 1218 3917 Perfectorum
1269 3872 1352 3917 est
1398 3862 1608 3919 solidus
1657 3865 1838 3928 cibus,
1890 3866 1986 3934 qui

405 3963 629 4025 propter
679 3953 927 4010 habitum
969 3969 1164 4010 sensus
1207 3953 1412 4010 habent
1454 3955 1521 4010 ad
1570 3957 1701 4016 boni
1748 3957 1986 4027 malique

405 4046 794 4102 discretionem
826 4046 1156 4102 exercitatos
1181 4047 1250 4100 ⁷³.
1285 4065 1302 4097 ι
1343 4046 1743 4103 Perfectionem
1769 4049 1984 4111 suadet,

405 4140 849 4196 exercitationem
884 4137 1090 4204 laudat,
1114 4139 1430 4210 pervigilem
1451 4139 1584 4194 boni
1605 4141 1845 4210 malique
1872 4141 1987 4198 dis-

404 4233 703 4288 cretionem
747 4229 962 4287 suadet.
995 4230 1114 4297 Qua
1158 4245 1290 4301 ergo
1345 4231 1560 4286 ratione
1613 4233 1738 4302 quis
1783 4234 1986 4302 poterit

404 4331 554 4379 recte
602 4323 938 4388 discernere,
993 4324 1040 4379 si
1087 4323 1362 4379 dictorum
1407 4324 1824 4395 intelligentiam
1876 4341 1988 4382 non

406 4416 722 4486 acceperit?
760 4416 916 4472 Sicut
939 4417 1084 4472 enim
1113 4416 1208 4486 qui
1237 4417 1431 4472 morbo
1462 4419 1713 4488 corporis
1746 4419 1984 4486 laborat,

405 4521 727 4578 germanum
758 4505 1008 4561 ciborum
1048 4518 1268 4577 gustum
1313 4523 1423 4562 non
1467 4509 1768 4579 experitur,
1809 4525 1988 4582 neque

406 4609 665 4654 accurate
690 4601 921 4675 percipit
947 4602 1219 4678 cujusque
1247 4605 1567 4674 qualitatem
1595 4623 1610 4672 ;
1643 4605 1717 4658 ita
1744 4615 1800 4660 et
1821 4606 1986 4661 homo

2089 3429 2190 3481 φον
2219 3411 2317 3481 μὲν
2353 3410 2612 3480 ῥημάτων
2651 3405 2718 3480 τῇ
2753 3410 2889 3481 ἀκοῇ
2916 3407 3184 3479 δέχεσθαι,
3240 3407 3436 3478 κέρδος
3472 3407 3532 3460 δὲ
3569 3426 3688 3478 vari-

2091 3505 2277 3574 μάτων
2304 3504 2470 3574 μηδὲν
2503 3506 2568 3573 τῇ
2599 3502 2745 3573 ψυχῇ
2781 3501 3116 3575 προσίεσθαι.
3151 3501 3263 3571 Οὐχ
3293 3501 3442 3554 οὕτω
3480 3501 3689 3563 Παῦλος

2088 3599 2219 3667 ἡμῖν
2259 3595 2668 3666 παρεγγύησεν,
2695 3597 2724 3648 ὁ
2749 3594 2856 3647 τῶν
2884 3593 3141 3647 τοιούτων
3185 3593 3512 3657 διδάσκαλος
3529 3611 3544 3623 ·
3570 3593 3688 3646 οὐδὲ

2091 3689 2338 3760 μετέχειν
2369 3689 2514 3750 τινὸς
2559 3687 2772 3756 ἀλόγως
2813 3688 2908 3740 καὶ
2943 3686 3277 3756 ἀδιακρίτως
3311 3685 3424 3738 δεῖν
3469 3687 3687 3755 ἀπεφή-

2089 3799 2250 3854 νατοο
2291 3781 2425 3835 ἀλλά
2467 3780 2619 3846 πῶςς
2659 3798 2678 3832 ι
2720 3779 2953 3833 Τελείων
3001 3779 3150 3833 ἐστὶν
3191 3780 3225 3849 ἡ
3263 3778 3467 3848 στερεά
3513 3779 3684 3849 τροφὴ

2089 3872 2198 3924 τῶν
2229 3871 2318 3924 διά
2350 3870 2447 3941 τὴν
2477 3869 2588 3934 ἕξιν
2608 3869 2679 3922 τὰ
2709 3869 3036 3941 αἰσθητήρια
3065 3869 3503 3939 γεγυμνασμένα
3530 3871 3684 3939 ἐχόν-

2089 3981 2198 4016 των
2231 3963 2369 4033 πρὸς
2416 3961 2689 4033 διάκρισιν
2731 3959 2896 4014 καλοῦ
2937 3977 2998 4013 τε
3026 3961 3120 4014 καὶ
3170 3960 3366 4015 κακοῦ.
3402 3979 3423 4011 ι
3471 3960 3684 4013 Τεὶειό-

2089 4069 2228 4122 τητα
2277 4049 2698 4116 συνεϐούλευσε,
2742 4049 3050 4120 γυμνασίαν
3093 4049 3360 4120 ἐπῄνεσε,
3406 4049 3684 4120 διάκρισιν

2091 4144 2362 4197 ποιεῖσθαι
2389 4142 2648 4215 νηφάλιον
2677 4141 2844 4196 καλοῦ
2868 4159 2926 4194 τε
2951 4143 3044 4195 καὶ
3073 4141 3245 4194 κακοῦ
3270 4141 3681 4195 συνεϐούλευσε.

2094 4237 2220 4301 Πῶς
2235 4234 2326 4292 οὖν
2352 4237 2418 4291 ἄν
2447 4254 2531 4300 τις
2553 4237 2825 4308 διακρῖναι
2857 4235 3035 4299 καλῶς
3057 4234 3333 4307 δυνηθείη,
3366 4235 3442 4305 μὴ
3472 4234 3686 4304 λαμϐά-

2091 4347 2198 4382 νων
2225 4329 2334 4380 τῶν
2360 4327 2670 4398 λεγομένων
2702 4327 2916 4380 σύνεσιν
2941 4343 2955 4392 ;
2987 4326 3198 4396 Ὥσπερ
3225 4325 3335 4395 γὰρ
3365 4327 3394 4378 ὁ
3423 4324 3684 4394 καχεξίαν

2092 4418 2262 4472 νοσῶν
2288 4421 2345 4471 ἐν
2361 4416 2439 4487 τῷ
2477 4417 2710 4488 σώματι,
2743 4418 2841 4487 οὐχ
2881 4416 3124 4487 εὑρίσκει
3155 4414 3388 4485 γνησίαν
3423 4415 3534 4468 τῶν
3581 4415 3686 4466 ἐδε-

2095 4511 2316 4582 σμάτων
2348 4511 2448 4582 τὴν
2493 4510 2726 4563 ἐκάστου
2767 4509 3030 4580 ποιότητα
3051 4526 3064 4540 ο
3093 4507 3237 4561 οῦτω
3275 4508 3373 4560 καὶ
3395 4506 3686 4577 ἄνθρωπος

2091 4602 2416 4673 ἀγύμναστα
2445 4601 2584 4680 ἔχων
2612 4603 2678 4654 ἐκ
2729 4601 3002 4672 ῥᾳθυμίας
3029 4599 3062 4670 ἢ
3101 4598 3322 4667 ἀλογίας
3350 4599 3421 4652 τά
3448 4599 3548 4668 τῆς
3582 4599 3685 4667 ψυ-

404 4691 499 4760 qui
527 4691 643 4746 sive
666 4708 732 4747 ex
763 4693 1002 4764 ignavia,
1039 4695 1154 4749 sive
1184 4710 1252 4750 ex
1283 4695 1452 4750 animi
1487 4704 1734 4767 stupore,
1765 4697 1985 4753 inexer-

2100 4697 2193 4767 χῆς
2219 4693 2809 4767 αἰσθητήρια,γεύεται
2851 4693 2952 4764 μὲν
2982 4693 3178 4762 λόγων,
3217 4692 3318 4744 οὐκ
3365 4690 3684 4744 αἰσθάνεται

405 4786 606 4841 citatos
630 4785 792 4840 habet
817 4785 986 4839 animi
1012 4801 1230 4851 sensus,
1261 4787 1514 4857 degustat
1537 4789 1759 4858 quidem
1784 4790 1985 4857 verba;

406 4876 503 4931 sed
534 4891 636 4931 nec
666 4891 856 4932 eorum
879 4877 990 4932 vim
1021 4878 1209 4941 sentit,
1241 4894 1343 4935 nec
1369 4879 1762 4950 cogitationum
1785 4896 1988 4953 cogno-

406 4969 512 5022 scit
552 4968 821 5024 rationem
856 4989 869 5024 :
905 4983 970 5024 ac
1013 4984 1168 5025 more
1195 4969 1486 5026 brutorum
1521 4971 1688 5027 stulte
1715 4973 1900 5027 omnia
1933 4980 1989 5028 et

404 5058 624 5112 incaute
651 5058 912 5124 admittit,
939 5057 1204 5116 damnosa
1236 5067 1292 5115 et
1315 5059 1490 5128 utilia,
1518 5069 1578 5115 ut
1606 5077 1666 5116 se
1692 5061 1829 5116 forte
1857 5061 1989 5116 oﬂ‘e—

405 5157 556 5212 runt,
581 5151 879 5220 recipiens,
915 5167 1017 5207 nec
1044 5151 1266 5208 mundis
1290 5153 1510 5223 quidem
1533 5153 1865 5209 animalibus
1889 5168 1990 5208 an-

405 5243 686 5296 numerari
733 5250 914 5312 potest
958 5260 971 5294 :
1031 5243 1232 5314 quippe
1280 5244 1375 5314 qui
1418 5259 1528 5298 non
1562 5245 1831 5308 ruminet,
1883 5259 1987 5299 nec

404 5334 802 5386 comminutum
837 5333 1162 5389 rationalem
1206 5334 1392 5390 cibum
1443 5335 1498 5389 in
1529 5335 1847 5391 interiorem
1881 5337 1984 5390 ho-

405 5423 608 5476 minem
660 5426 1028 5490 transmittat;
1076 5425 1173 5481 sed
1232 5426 1566 5498 indigestum
1617 5429 1773 5482 illum
1819 5435 1983 5498 atque

404 5513 770 5581 incongruum
825 5518 1101 5582 absumat,
1149 5519 1443 5589 potiusque
1484 5521 1870 5575 detrimentum
1914 5537 1980 5574 ex

401 5606 536 5659 vitio
561 5606 782 5662 demissi
809 5609 940 5673 cibi,
967 5626 1131 5680 quam
1161 5612 1292 5680 quid
1321 5613 1449 5667 boni
1481 5611 1550 5666 ad
1581 5613 1748 5666 vitam
1779 5613 1982 5667 conﬁr-

474 5758 520 5790 "°
559 5756 661 5814 lsa.
699 5777 782 5827 γι,
818 5761 870 5818 9.
949 5766 990 5853 i'
1031 5764 1187 5822 Joan.
1224 5785 1277 5834 ι,
1317 5768 1401 5826 14.
1478 5771 1521 5802 ⁷³
1563 5767 1724 5826 llc‘br.
1766 5789 1817 5837 v,
1863 5771 1940 5827 li.

2088 4787 2144 4840 δὲ
2165 4789 2264 4858 τῆς
2290 4787 2498 4841 τούτων
2525 4787 2827 4858 δυνάμεως,
2852 4785 2974 4838 ούδέ
3007 4783 3265 4853 γινώσκει
3291 4784 3394 4853 τήν
3417 4782 3526 4836 τῶν
3558 4799 3683 4852 νοη-

2093 4880 2278 4950 μάτων
2326 4880 2590 4950 ποιότητα
2617 4896 2629 4909 ·
2669 4879 2885 4949 μετέχει
2935 4878 2991 4932 δὲ
3041 4879 3258 4932 πάντων
3301 4877 3548 4945 ἀνοήτως
3593 4878 3683 4929 καὶ

2089 4969 2418 5039 ἀφυλάκτως
2449 4970 2606 5042 δίκην
2632 4971 2863 5039 ἀλόγων,
2892 4971 2952 5024 τὸ
2985 4969 3218 5040 βλάπτον
3266 4967 3363 5021 καὶ
3395 4967 3458 5020 τὺ
3486 4968 3683 5037 ὠφέλι-

2094 5080 2214 5134 μον,
2249 5064 2324 5126 ώς
2365 5063 2544 5132 ἔτυχε,
2593 5063 2973 5134 προσιέμενος,
3007 5061 3101 5114 καὶ⁴
3147 5057 3283 5130 μηδὲ
3333 5059 3391 5110 ἐν
3421 5055 3682 5128 καθαροῖς

2091 5153 2440 5225 ἀριθμεῖσθαι
2461 5153 2618 5217 ζώοις
2645 5152 2970 5223 δυνάμενοςο
3001 5150 3078 5213 ώς
3106 5149 3168 5202 ού
3201 5149 3543 5218 μηρυκίζων,
3588 5147 3682 5200 καὶ

2089 5243 2495 5316 λεπτυνομένην
2530 5246 2627 5316 τὴν
2665 5244 2888 5314 λογικὴν
2925 5241 3130 5313 τροφὴν
3175 5240 3572 5312 παραπέμπων
3603 5242 3680 5302 εἰς

2089 5339 2180 5392 τὸν
2229 5337 2336 5391 ἔσω
2394 5337 2699 5409 ἄνθρωπον,
2742 5337 2860 5391 ἀλλ’
2890 5335 3317 5406 ,ἀκατέργαστον
3369 5333 3538 5402 αὐτὴν
3587 5332 3680 5385 καὶ

2087 5429 2461 5500 ἀκατάλληλον
2508 5429 2834 5490 ἀναλίσκων,
2882 5426 3083 5498 μᾶλλον
3122 5424 3178 5478 δὲ
3227 5422 3438 5494 βλάϐην
3487 5425 3550 5475 ἐκ
3582 5422 3679 5489 τῆς

2088 5522 2217 5593 περὶ
2249 5521 2346 5593 τὴν
2383 5522 2588 5592 πέμψιν
2619 5520 2996 5592 πλημμελείας
3021 5519 3054 5588 ἧ
3101 5533 3222 5570 τινα
3247 5514 3678 5586 πρὺςλσύστασιν

2087 5615 2234 5685 ζωῆς
2275 5616 2596 5687 εὐεργεσίαν
2633 5615 2939 5686 δεχόμενος.
2984 5612 3052 5666 Ἦ
3100 5610 3183 5673 τίς
3227 5609 3330 5663 οὐκ
3380 5604 3548 5673 οἶδεν,
3599 5607 3678 5664 ὅτι
