  <div class='ocr_page' id='page_1' title='image "/cluster/home/n/w/nwhite01/storage/ocr_20150623/28/nnc1.0046978690/766.png"; bbox 0 0 3868 6202; ppageno 0'>
   <div class='ocr_carea' id='block_1_1' title="bbox 166 254 317 313">
    <p class='ocr_par' dir='ltr' id='par_1_1' title="bbox 166 254 317 313">
     <span class='ocr_line' id='line_1_1' title="bbox 166 254 317 313; baseline 0.026 -4"><span class='ocrx_word' id='word_1_1' title='bbox 166 254 317 313; x_wconf 76' lang='grc'><strong>1565</strong></span> 
     </span>
    </p>
   </div>
   <div class='ocr_carea' id='block_1_2' title="bbox 999 255 2692 328">
    <p class='ocr_par' dir='ltr' id='par_1_2' title="bbox 999 255 2692 328">
     <span class='ocr_line' id='line_1_2' title="bbox 999 255 2692 328; baseline 0.001 -15"><span class='ocrx_word' id='word_1_2' title='bbox 999 255 1586 314; x_wconf 81' lang='lat' dir='ltr'><strong>CONFUTATIONES</strong></span> <span class='ocrx_word' id='word_1_3' title='bbox 1623 260 2065 328; x_wconf 77' lang='lat' dir='ltr'><strong>QUARUMDAM</strong></span> <span class='ocrx_word' id='word_1_4' title='bbox 2105 255 2692 315; x_wconf 76' lang='lat' dir='ltr'><strong>PROPOSITIONUM.</strong></span> 
     </span>
    </p>
   </div>
   <div class='ocr_carea' id='block_1_3' title="bbox 3294 263 3437 320">
    <p class='ocr_par' dir='ltr' id='par_1_3' title="bbox 3294 263 3437 320">
     <span class='ocr_line' id='line_1_3' title="bbox 3294 263 3437 320; baseline 0.021 -2"><span class='ocrx_word' id='word_1_5' title='bbox 3294 263 3437 320; x_wconf 73' lang='grc'><strong>1566</strong></span> 
     </span>
    </p>
   </div>
   <div class='ocr_carea' id='block_1_4' title="bbox 164 373 1755 451">
    <p class='ocr_par' dir='ltr' id='par_1_4' title="bbox 164 373 1754 448">
     <span class='ocr_line' id='line_1_4' title="bbox 164 373 1754 448; baseline 0.001 -18"><span class='ocrx_word' id='word_1_6' title='bbox 164 375 267 430; x_wconf 71' lang='grc' dir='ltr'><strong>καὶ</strong></span> <span class='ocrx_word' id='word_1_7' title='bbox 306 375 398 427; x_wconf 76' lang='grc' dir='ltr'><strong>τὸν</strong></span> <span class='ocrx_word' id='word_1_8' title='bbox 431 373 703 443; x_wconf 80' lang='grc' dir='ltr'><strong>κληθέντα</strong></span> <span class='ocrx_word' id='word_1_9' title='bbox 729 373 964 428; x_wconf 80' lang='grc' dir='ltr'><strong>δειπνεῖν</strong></span> <span class='ocrx_word' id='word_1_10' title='bbox 1009 376 1103 427; x_wconf 80' lang='grc' dir='ltr'><strong>ἐπὶ</strong></span> <span class='ocrx_word' id='word_1_11' title='bbox 1147 377 1423 448; x_wconf 78' lang='grc' dir='ltr'><strong>τραπέζης</strong></span> <span class='ocrx_word' id='word_1_12' title='bbox 1468 378 1754 444; x_wconf 82' lang='grc' dir='ltr'>δυνάστου,</span> 
     </span>
    </p>
   </div>
   <div class='ocr_carea' id='block_1_5' title="bbox 1858 373 3436 451">
    <p class='ocr_par' dir='ltr' id='par_1_5' title="bbox 1860 379 3436 451">
     <span class='ocr_line' id='line_1_5' title="bbox 1860 379 3436 451; baseline -0.001 -15"><span class='ocrx_word' id='word_1_13' title='bbox 1860 381 2115 436; x_wconf 91' lang='lat' dir='ltr'><strong>mandam</strong></span> <span class='ocrx_word' id='word_1_14' title='bbox 2146 380 2432 450; x_wconf 76' lang='lat' dir='ltr'><strong>percipiat.</strong></span> <span class='ocrx_word' id='word_1_15' title='bbox 2468 379 2575 432; x_wconf 86' lang='lat' dir='ltr'><strong>Aut</strong></span> <span class='ocrx_word' id='word_1_16' title='bbox 2622 379 2747 449; x_wconf 88' lang='lat' dir='ltr'><strong>quis</strong></span> <span class='ocrx_word' id='word_1_17' title='bbox 2780 379 3000 449; x_wconf 78' lang='lat' dir='ltr'><strong>ignorat</strong></span> <span class='ocrx_word' id='word_1_18' title='bbox 3055 394 3178 433; x_wconf 88' lang='lat' dir='ltr'><strong>eum</strong></span> <span class='ocrx_word' id='word_1_19' title='bbox 3211 381 3304 451; x_wconf 85' lang='lat' dir='ltr'><strong>qui</strong></span> <span class='ocrx_word' id='word_1_20' title='bbox 3337 400 3436 439; x_wconf 86' lang='lat' dir='ltr'><strong>vo-</strong></span> 
     </span>
    </p>
   </div>
   <div class='ocr_carea' id='block_1_6' title="bbox 165 467 1761 541">
    <p class='ocr_par' dir='ltr' id='par_1_6' title="bbox 165 467 1761 541">
     <span class='ocr_line' id='line_1_6' title="bbox 165 467 1761 541; baseline 0.001 -18"><span class='ocrx_word' id='word_1_21' title='bbox 165 468 380 541; x_wconf 82' lang='grc' dir='ltr'>νοητῶς</span> <span class='ocrx_word' id='word_1_22' title='bbox 419 468 485 520; x_wconf 79' lang='grc' dir='ltr'><strong>τά</strong></span> <span class='ocrx_word' id='word_1_23' title='bbox 523 467 938 538; x_wconf 81' lang='grc' dir='ltr'><strong>παρατιθέμενα</strong></span> <span class='ocrx_word' id='word_1_24' title='bbox 973 472 1112 522; x_wconf 87' lang='grc' dir='ltr'>νοεῖν</span> <span class='ocrx_word' id='word_1_25' title='bbox 1153 470 1502 538; x_wconf 85' lang='grc' dir='ltr'>ἐγκελεύεται</span> <span class='ocrx_word' id='word_1_26' title='bbox 1543 474 1572 525; x_wconf 89' lang='grc' dir='ltr'>ὁ</span> <span class='ocrx_word' id='word_1_27' title='bbox 1618 472 1761 536; x_wconf 87' lang='grc' dir='ltr'>θεῖος</span> 
     </span>
    </p>
   </div>
   <div class='ocr_carea' id='block_1_7' title="bbox 165 560 1760 637">
    <p class='ocr_par' dir='ltr' id='par_1_7' title="bbox 165 560 1760 637">
     <span class='ocr_line' id='line_1_7' title="bbox 165 560 1760 637; baseline 0.003 -22"><span class='ocrx_word' id='word_1_28' title='bbox 165 563 375 634; x_wconf 72' lang='grc' dir='ltr'>νόμος,</span> <span class='ocrx_word' id='word_1_29' title='bbox 416 560 602 623; x_wconf 76' lang='grc' dir='ltr'>Οὕτως</span> <span class='ocrx_word' id='word_1_30' title='bbox 625 561 684 612; x_wconf 82' lang='grc' dir='ltr'><strong>ού</strong></span> <span class='ocrx_word' id='word_1_31' title='bbox 725 560 806 613; x_wconf 81' lang='grc' dir='ltr'><strong>δεῖ</strong></span> <span class='ocrx_word' id='word_1_32' title='bbox 841 562 1023 632; x_wconf 88' lang='grc' dir='ltr'>γυμνά</span> <span class='ocrx_word' id='word_1_33' title='bbox 1067 563 1353 634; x_wconf 82' lang='grc' dir='ltr'><strong>νοημάτων</strong></span> <span class='ocrx_word' id='word_1_34' title='bbox 1384 564 1647 637; x_wconf 80' lang='grc' dir='ltr'><strong>ἁρπάζειν</strong></span> <span class='ocrx_word' id='word_1_35' title='bbox 1689 566 1760 619; x_wconf 84' lang='grc' dir='ltr'><strong>τά</strong></span> 
     </span>
    </p>
   </div>
   <div class='ocr_carea' id='block_1_8' title="bbox 169 653 1760 728">
    <p class='ocr_par' dir='ltr' id='par_1_8' title="bbox 169 653 1760 728">
     <span class='ocr_line' id='line_1_8' title="bbox 169 653 1760 728; baseline 0.005 -25"><span class='ocrx_word' id='word_1_36' title='bbox 169 655 418 724; x_wconf 75' lang='grc' dir='ltr'>ῥήματα,</span> <span class='ocrx_word' id='word_1_37' title='bbox 470 654 692 708; x_wconf 84' lang='grc' dir='ltr'>σκοπεῖν</span> <span class='ocrx_word' id='word_1_38' title='bbox 734 653 791 706; x_wconf 83' lang='grc' dir='ltr'><strong>δὲ</strong></span> <span class='ocrx_word' id='word_1_39' title='bbox 841 653 1115 724; x_wconf 79' lang='grc' dir='ltr'><strong>ἐπιμελῶς</strong></span> <span class='ocrx_word' id='word_1_40' title='bbox 1144 655 1204 708; x_wconf 86' lang='grc' dir='ltr'><strong>τὸ</strong></span> <span class='ocrx_word' id='word_1_41' title='bbox 1250 656 1464 726; x_wconf 86' lang='grc' dir='ltr'>πρέπον</span> <span class='ocrx_word' id='word_1_42' title='bbox 1516 657 1653 728; x_wconf 82' lang='grc' dir='ltr'>Θεῷ,</span> <span class='ocrx_word' id='word_1_43' title='bbox 1699 659 1760 712; x_wconf 87' lang='grc' dir='ltr'><strong>τὸ</strong></span> 
     </span>
    </p>
   </div>
   <div class='ocr_carea' id='block_1_9' title="bbox 170 745 1758 820">
    <p class='ocr_par' dir='ltr' id='par_1_9' title="bbox 170 745 1758 820">
     <span class='ocr_line' id='line_1_9' title="bbox 170 745 1758 820; baseline 0.004 -23"><span class='ocrx_word' id='word_1_44' title='bbox 170 745 454 816; x_wconf 76' lang='grc' dir='ltr'>συμφέρον</span> <span class='ocrx_word' id='word_1_45' title='bbox 485 747 634 816; x_wconf 80' lang='grc' dir='ltr'>ἡμῖν,</span> <span class='ocrx_word' id='word_1_46' title='bbox 663 745 724 797; x_wconf 85' lang='grc' dir='ltr'><strong>τὸ</strong></span> <span class='ocrx_word' id='word_1_47' title='bbox 749 745 972 799; x_wconf 85' lang='grc' dir='ltr'>δυνατὸν</span> <span class='ocrx_word' id='word_1_48' title='bbox 999 747 1099 817; x_wconf 85' lang='grc' dir='ltr'>τῆς</span> <span class='ocrx_word' id='word_1_49' title='bbox 1131 746 1407 818; x_wconf 84' lang='grc' dir='ltr'>ἀληθείας,</span> <span class='ocrx_word' id='word_1_50' title='bbox 1439 749 1501 802; x_wconf 84' lang='grc' dir='ltr'><strong>τὸ</strong></span> <span class='ocrx_word' id='word_1_51' title='bbox 1534 749 1758 820; x_wconf 83' lang='grc' dir='ltr'>σύμφω-</span> 
     </span>
    </p>
   </div>
   <div class='ocr_carea' id='block_1_10' title="bbox 165 837 1757 911">
    <p class='ocr_par' dir='ltr' id='par_1_10' title="bbox 165 837 1757 911">
     <span class='ocr_line' id='line_1_10' title="bbox 165 837 1757 911; baseline 0 -19"><span class='ocrx_word' id='word_1_52' title='bbox 165 857 261 892; x_wconf 85' lang='grc' dir='ltr'><strong>νον</strong></span> <span class='ocrx_word' id='word_1_53' title='bbox 301 839 378 909; x_wconf 83' lang='grc' dir='ltr'><strong>τῷ</strong></span> <span class='ocrx_word' id='word_1_54' title='bbox 411 839 578 909; x_wconf 89' lang='grc' dir='ltr'>νόμῳ,</span> <span class='ocrx_word' id='word_1_55' title='bbox 625 838 685 891; x_wconf 84' lang='grc' dir='ltr'>τὺ</span> <span class='ocrx_word' id='word_1_56' title='bbox 725 837 1054 908; x_wconf 80' lang='grc' dir='ltr'>κατάλληλον</span> <span class='ocrx_word' id='word_1_57' title='bbox 1096 841 1161 908; x_wconf 83' lang='grc' dir='ltr'>τῇ</span> <span class='ocrx_word' id='word_1_58' title='bbox 1203 838 1384 907; x_wconf 84' lang='grc' dir='ltr'>φύσει,</span> <span class='ocrx_word' id='word_1_59' title='bbox 1433 841 1495 893; x_wconf 86' lang='grc' dir='ltr'><strong>τὸ</strong></span> <span class='ocrx_word' id='word_1_60' title='bbox 1538 841 1757 911; x_wconf 82' lang='grc' dir='ltr'>γνήσιον</span> 
     </span>
    </p>
   </div>
   <div class='ocr_carea' id='block_1_11' title="bbox 165 929 1758 1001">
    <p class='ocr_par' dir='ltr' id='par_1_11' title="bbox 165 929 1758 1001">
     <span class='ocr_line' id='line_1_11' title="bbox 165 929 1758 1001; baseline 0.002 -19"><span class='ocrx_word' id='word_1_61' title='bbox 165 930 273 1000; x_wconf 77' lang='grc' dir='ltr'>τῆς</span> <span class='ocrx_word' id='word_1_62' title='bbox 309 931 564 994; x_wconf 81' lang='grc' dir='ltr'>πίστεως,</span> <span class='ocrx_word' id='word_1_63' title='bbox 620 929 678 984; x_wconf 87' lang='grc' dir='ltr'><strong>τὸ</strong></span> <span class='ocrx_word' id='word_1_64' title='bbox 712 930 928 1000; x_wconf 89' lang='grc' dir='ltr'>βέϐαιον</span> <span class='ocrx_word' id='word_1_65' title='bbox 966 931 1067 1001; x_wconf 82' lang='grc' dir='ltr'>τῆς</span> <span class='ocrx_word' id='word_1_66' title='bbox 1105 931 1316 994; x_wconf 81' lang='grc' dir='ltr'>ἐλπίδος</span> <span class='ocrx_word' id='word_1_67' title='bbox 1349 932 1444 985; x_wconf 73' lang='grc' dir='ltr'><strong>καὶ</strong></span> <span class='ocrx_word' id='word_1_68' title='bbox 1474 931 1758 985; x_wconf 84' lang='grc' dir='ltr'>ἀνόθευτον</span> 
     </span>
    </p>
   </div>
   <div class='ocr_carea' id='block_1_12' title="bbox 165 1023 1760 1095">
    <p class='ocr_par' dir='ltr' id='par_1_12' title="bbox 165 1023 1760 1095">
     <span class='ocr_line' id='line_1_12' title="bbox 165 1023 1760 1095; baseline 0.001 -21"><span class='ocrx_word' id='word_1_69' title='bbox 165 1024 270 1091; x_wconf 78' lang='grc' dir='ltr'>τῆς</span> <span class='ocrx_word' id='word_1_70' title='bbox 318 1024 559 1094; x_wconf 83' lang='grc' dir='ltr'>ἀγάπης,</span> <span class='ocrx_word' id='word_1_71' title='bbox 593 1023 653 1076; x_wconf 84' lang='grc' dir='ltr'><strong>τὸ</strong></span> <span class='ocrx_word' id='word_1_72' title='bbox 689 1023 1009 1094; x_wconf 84' lang='grc' dir='ltr'>ἀνύϐριστον</span> <span class='ocrx_word' id='word_1_73' title='bbox 1053 1023 1154 1093; x_wconf 81' lang='grc' dir='ltr'>τῆς</span> <span class='ocrx_word' id='word_1_74' title='bbox 1199 1023 1379 1093; x_wconf 77' lang='grc' dir='ltr'>δόξης,</span> <span class='ocrx_word' id='word_1_75' title='bbox 1419 1023 1479 1077; x_wconf 84' lang='grc' dir='ltr'><strong>τὸ</strong></span> <span class='ocrx_word' id='word_1_76' title='bbox 1514 1026 1760 1095; x_wconf 79' lang='grc' dir='ltr'>κρεῖττον</span> 
     </span>
    </p>
   </div>
   <div class='ocr_carea' id='block_1_13' title="bbox 165 1113 1760 1186">
    <p class='ocr_par' dir='ltr' id='par_1_13' title="bbox 165 1113 1760 1186">
     <span class='ocr_line' id='line_1_13' title="bbox 165 1113 1760 1186; baseline 0.002 -19"><span class='ocrx_word' id='word_1_77' title='bbox 165 1113 266 1168; x_wconf 78' lang='grc' dir='ltr'><strong>τοῦ</strong></span> <span class='ocrx_word' id='word_1_78' title='bbox 319 1115 548 1183; x_wconf 84' lang='grc' dir='ltr'>φθόνου,</span> <span class='ocrx_word' id='word_1_79' title='bbox 598 1115 659 1168; x_wconf 86' lang='grc' dir='ltr'><strong>τὸ</strong></span> <span class='ocrx_word' id='word_1_80' title='bbox 715 1117 814 1186; x_wconf 80' lang='grc' dir='ltr'>τῆς</span> <span class='ocrx_word' id='word_1_81' title='bbox 863 1116 1085 1186; x_wconf 88' lang='grc' dir='ltr'>χάριτος</span> <span class='ocrx_word' id='word_1_82' title='bbox 1136 1114 1284 1182; x_wconf 81' lang='grc' dir='ltr'>ἄξιον</span> <span class='ocrx_word' id='word_1_83' title='bbox 1311 1133 1324 1147; x_wconf 71' lang='grc' dir='ltr'><strong>ο</strong></span> <span class='ocrx_word' id='word_1_84' title='bbox 1375 1117 1532 1170; x_wconf 81' lang='grc' dir='ltr'>ἀτινα</span> <span class='ocrx_word' id='word_1_85' title='bbox 1582 1117 1760 1170; x_wconf 88' lang='grc' dir='ltr'>πάντα</span> 
     </span>
    </p>
   </div>
   <div class='ocr_carea' id='block_1_14' title="bbox 169 1204 1758 1281">
    <p class='ocr_par' dir='ltr' id='par_1_14' title="bbox 169 1204 1758 1281">
     <span class='ocr_line' id='line_1_14' title="bbox 169 1204 1758 1281; baseline 0.003 -24"><span class='ocrx_word' id='word_1_86' title='bbox 169 1204 389 1258; x_wconf 81' lang='grc' dir='ltr'>σύνεστι</span> <span class='ocrx_word' id='word_1_87' title='bbox 417 1205 514 1276; x_wconf 88' lang='grc' dir='ltr'>μὲν</span> <span class='ocrx_word' id='word_1_88' title='bbox 533 1207 654 1269; x_wconf 86' lang='grc' dir='ltr'>ταῖς</span> <span class='ocrx_word' id='word_1_89' title='bbox 678 1206 954 1260; x_wconf 84' lang='grc' dir='ltr'>εὐσεϐέσιν</span> <span class='ocrx_word' id='word_1_90' title='bbox 977 1206 1228 1271; x_wconf 84' lang='grc' dir='ltr'>ἐννοίαις,</span> <span class='ocrx_word' id='word_1_91' title='bbox 1253 1205 1433 1270; x_wconf 88' lang='grc' dir='ltr'>καθὼς</span> <span class='ocrx_word' id='word_1_92' title='bbox 1454 1208 1758 1281; x_wconf 82' lang='grc' dir='ltr'>ἐγνωρίσθη</span> 
     </span>
    </p>
   </div>
   <div class='ocr_carea' id='block_1_15' title="bbox 166 1295 1756 1368">
    <p class='ocr_par' dir='ltr' id='par_1_15' title="bbox 166 1295 1756 1368">
     <span class='ocr_line' id='line_1_15' title="bbox 166 1295 1756 1368; baseline 0.001 -20"><span class='ocrx_word' id='word_1_93' title='bbox 166 1295 264 1348; x_wconf 62' lang='grc' dir='ltr'><strong>καὶ¹</strong></span> <span class='ocrx_word' id='word_1_94' title='bbox 306 1295 396 1348; x_wconf 81' lang='grc' dir='ltr'><strong>ἐπὶ</strong></span> <span class='ocrx_word' id='word_1_95' title='bbox 432 1295 546 1358; x_wconf 76' lang='grc' dir='ltr'>τοῦ,</span> <span class='ocrx_word' id='word_1_96' title='bbox 581 1313 599 1346; x_wconf 77' lang='grc' dir='ltr'><strong>ι</strong></span> <span class='ocrx_word' id='word_1_97' title='bbox 649 1295 706 1348; x_wconf 88' lang='grc' dir='ltr'>Ὁ</span> <span class='ocrx_word' id='word_1_98' title='bbox 735 1295 906 1364; x_wconf 83' lang='grc' dir='ltr'>Λόγος</span> <span class='ocrx_word' id='word_1_99' title='bbox 937 1295 1072 1368; x_wconf 78' lang='grc' dir='ltr'>σὰρξ</span> <span class='ocrx_word' id='word_1_100' title='bbox 1107 1295 1355 1365; x_wconf 87' lang='grc' dir='ltr'>ἐγένετο·</span> <span class='ocrx_word' id='word_1_101' title='bbox 1401 1315 1421 1348; x_wconf 73' lang='grc' dir='ltr'><strong>ι</strong></span> <span class='ocrx_word' id='word_1_102' title='bbox 1457 1297 1635 1349; x_wconf 84' lang='grc' dir='ltr'>λείπει</span> <span class='ocrx_word' id='word_1_103' title='bbox 1679 1297 1756 1361; x_wconf 83' lang='grc' dir='ltr'><strong>δὲ,</strong></span> 
     </span>
    </p>
   </div>
   <div class='ocr_carea' id='block_1_16' title="bbox 163 1384 1760 1458">
    <p class='ocr_par' dir='ltr' id='par_1_16' title="bbox 163 1384 1760 1458">
     <span class='ocr_line' id='line_1_16' title="bbox 163 1384 1760 1458; baseline 0.002 -21"><span class='ocrx_word' id='word_1_104' title='bbox 163 1384 244 1449; x_wconf 80' lang='grc' dir='ltr'>ὡς</span> <span class='ocrx_word' id='word_1_105' title='bbox 283 1386 454 1449; x_wconf 71' lang='grc' dir='ltr'>εἰκὸς,</span> <span class='ocrx_word' id='word_1_106' title='bbox 506 1389 628 1450; x_wconf 86' lang='grc' dir='ltr'>ταῖς</span> <span class='ocrx_word' id='word_1_107' title='bbox 671 1387 893 1450; x_wconf 84' lang='grc' dir='ltr'>ἀτόποις</span> <span class='ocrx_word' id='word_1_108' title='bbox 929 1387 1324 1458; x_wconf 81' lang='grc' dir='ltr'>καινοτομίαις,</span> <span class='ocrx_word' id='word_1_109' title='bbox 1378 1388 1472 1441; x_wconf 78' lang='grc' dir='ltr'><strong>ἐπὶ</strong></span> <span class='ocrx_word' id='word_1_110' title='bbox 1508 1387 1760 1451; x_wconf 85' lang='grc' dir='ltr'>τοιαύτας</span> 
     </span>
    </p>
   </div>
   <div class='ocr_carea' id='block_1_17' title="bbox 168 1474 1760 1547">
    <p class='ocr_par' dir='ltr' id='par_1_17' title="bbox 168 1474 1760 1547">
     <span class='ocr_line' id='line_1_17' title="bbox 168 1474 1760 1547; baseline 0.003 -20"><span class='ocrx_word' id='word_1_111' title='bbox 168 1474 559 1543; x_wconf 76' lang='grc' dir='ltr'>ματαιολογίας</span> <span class='ocrx_word' id='word_1_112' title='bbox 589 1475 647 1540; x_wconf 83' lang='grc' dir='ltr'><strong>ἐξ</strong></span> <span class='ocrx_word' id='word_1_113' title='bbox 671 1475 916 1547; x_wconf 85' lang='grc' dir='ltr'>ἀνάγκης</span> <span class='ocrx_word' id='word_1_114' title='bbox 939 1476 1428 1545; x_wconf 85' lang='grc' dir='ltr'>καταφευγούσαις.</span> <span class='ocrx_word' id='word_1_115' title='bbox 1452 1477 1760 1546; x_wconf 78' lang='grc' dir='ltr'>Κεφάλαιον</span> 
     </span>
    </p>
   </div>
   <div class='ocr_carea' id='block_1_18' title="bbox 163 1563 1759 1639">
    <p class='ocr_par' dir='ltr' id='par_1_18' title="bbox 163 1563 1759 1639">
     <span class='ocr_line' id='line_1_18' title="bbox 163 1563 1759 1639; baseline 0.003 -22"><span class='ocrx_word' id='word_1_116' title='bbox 163 1563 223 1617; x_wconf 83' lang='grc' dir='ltr'><strong>δὲ</strong></span> <span class='ocrx_word' id='word_1_117' title='bbox 258 1567 352 1619; x_wconf 76' lang='grc' dir='ltr'><strong>ἐπὶ</strong></span> <span class='ocrx_word' id='word_1_118' title='bbox 398 1569 508 1629; x_wconf 82' lang='grc' dir='ltr'>τοῖς</span> <span class='ocrx_word' id='word_1_119' title='bbox 542 1567 877 1636; x_wconf 86' lang='grc' dir='ltr'>λεγομένοις,</span> <span class='ocrx_word' id='word_1_120' title='bbox 919 1569 948 1621; x_wconf 98' lang='lat'><strong>6</strong></span> <span class='ocrx_word' id='word_1_121' title='bbox 984 1567 1083 1630; x_wconf 84' lang='grc' dir='ltr'>τὰς</span> <span class='ocrx_word' id='word_1_122' title='bbox 1120 1567 1291 1633; x_wconf 78' lang='grc' dir='ltr'>λέξεις</span> <span class='ocrx_word' id='word_1_123' title='bbox 1331 1568 1618 1639; x_wconf 86' lang='grc' dir='ltr'>δεχόμενος</span> <span class='ocrx_word' id='word_1_124' title='bbox 1667 1570 1759 1623; x_wconf 76' lang='grc' dir='ltr'><strong>καὶ</strong></span> 
     </span>
    </p>
   </div>
   <div class='ocr_carea' id='block_1_19' title="bbox 168 1656 1760 1732">
    <p class='ocr_par' dir='ltr' id='par_1_19' title="bbox 168 1656 1760 1732">
     <span class='ocr_line' id='line_1_19' title="bbox 168 1656 1760 1732; baseline 0.003 -23"><span class='ocrx_word' id='word_1_125' title='bbox 168 1656 246 1726; x_wconf 84' lang='grc' dir='ltr'>μὴ</span> <span class='ocrx_word' id='word_1_126' title='bbox 287 1657 722 1728; x_wconf 85' lang='grc' dir='ltr'>καταμανθάνων</span> <span class='ocrx_word' id='word_1_127' title='bbox 769 1660 840 1712; x_wconf 73' lang='grc' dir='ltr'><strong>τά</strong></span> <span class='ocrx_word' id='word_1_128' title='bbox 882 1660 1277 1731; x_wconf 87' lang='grc' dir='ltr'>σημαινόμενα,</span> <span class='ocrx_word' id='word_1_129' title='bbox 1301 1659 1419 1723; x_wconf 90' lang='grc' dir='ltr'><strong>πῶς</strong></span> <span class='ocrx_word' id='word_1_130' title='bbox 1467 1662 1648 1732; x_wconf 87' lang='grc' dir='ltr'>νοήσει</span> <span class='ocrx_word' id='word_1_131' title='bbox 1689 1659 1760 1713; x_wconf 83' lang='grc' dir='ltr'>τὰ</span> 
     </span>
    </p>
   </div>
   <div class='ocr_carea' id='block_1_20' title="bbox 1863 471 3438 548">
    <p class='ocr_par' dir='ltr' id='par_1_20' title="bbox 1863 471 3438 548">
     <span class='ocr_line' id='line_1_20' title="bbox 1863 471 3438 548; baseline 0.001 -20"><span class='ocrx_word' id='word_1_132' title='bbox 1863 483 2020 528; x_wconf 91' lang='lat' dir='ltr'><strong>catus</strong></span> <span class='ocrx_word' id='word_1_133' title='bbox 2047 473 2118 527; x_wconf 90' lang='lat' dir='ltr'><strong>sit</strong></span> <span class='ocrx_word' id='word_1_134' title='bbox 2152 478 2427 525; x_wconf 75' lang='lat' dir='ltr'><strong>comatum</strong></span> <span class='ocrx_word' id='word_1_135' title='bbox 2461 471 2530 525; x_wconf 86' lang='lat' dir='ltr'><strong>ad</strong></span> <span class='ocrx_word' id='word_1_136' title='bbox 2570 485 2814 525; x_wconf 89' lang='lat' dir='ltr'><strong>mensam</strong></span> <span class='ocrx_word' id='word_1_137' title='bbox 2857 474 3152 542; x_wconf 81' lang='lat' dir='ltr'><strong>magnatis,</strong></span> <span class='ocrx_word' id='word_1_138' title='bbox 3193 491 3314 546; x_wconf 64' lang='lat' dir='ltr'><strong>qum</strong></span> <span class='ocrx_word' id='word_1_139' title='bbox 3341 492 3438 548; x_wconf 81' lang='lat' dir='ltr'><strong>ap-</strong></span> 
     </span>
    </p>
   </div>
   <div class='ocr_carea' id='block_1_21' title="bbox 1861 564 3438 636">
    <p class='ocr_par' dir='ltr' id='par_1_21' title="bbox 1861 564 3438 636">
     <span class='ocr_line' id='line_1_21' title="bbox 1861 564 3438 636; baseline 0.002 -15"><span class='ocrx_word' id='word_1_140' title='bbox 1861 566 2039 636; x_wconf 92' lang='lat' dir='ltr'><strong>posita</strong></span> <span class='ocrx_word' id='word_1_141' title='bbox 2070 575 2197 619; x_wconf 89' lang='lat' dir='ltr'><strong>sunt</strong></span> <span class='ocrx_word' id='word_1_142' title='bbox 2228 564 2586 634; x_wconf 83' lang='lat' dir='ltr'><strong>spiritualiter</strong></span> <span class='ocrx_word' id='word_1_143' title='bbox 2611 564 2961 618; x_wconf 90' lang='lat' dir='ltr'><strong>considerare</strong></span> <span class='ocrx_word' id='word_1_144' title='bbox 2984 565 3166 634; x_wconf 87' lang='lat' dir='ltr'><strong>jubcri</strong></span> <span class='ocrx_word' id='word_1_145' title='bbox 3194 583 3222 620; x_wconf 89' lang='lat' dir='ltr'><strong>a</strong></span> <span class='ocrx_word' id='word_1_146' title='bbox 3253 568 3438 624; x_wconf 88' lang='lat' dir='ltr'><strong>divina</strong></span> 
     </span>
    </p>
   </div>
   <div class='ocr_carea' id='block_1_22' title="bbox 1861 654 3438 729">
    <p class='ocr_par' dir='ltr' id='par_1_22' title="bbox 1861 654 3438 729">
     <span class='ocr_line' id='line_1_22' title="bbox 1861 654 3438 729; baseline 0.001 -16"><span class='ocrx_word' id='word_1_147' title='bbox 1861 658 2016 729; x_wconf 77' lang='lat' dir='ltr'><strong>lege?</strong></span> <span class='ocrx_word' id='word_1_148' title='bbox 2043 657 2308 711; x_wconf 87' lang='lat' dir='ltr'><strong>Similiter</strong></span> <span class='ocrx_word' id='word_1_149' title='bbox 2327 664 2382 710; x_wconf 90' lang='lat' dir='ltr'><strong>et</strong></span> <span class='ocrx_word' id='word_1_150' title='bbox 2407 656 2574 710; x_wconf 90' lang='lat' dir='ltr'><strong>verba</strong></span> <span class='ocrx_word' id='word_1_151' title='bbox 2606 671 2771 711; x_wconf 91' lang='lat' dir='ltr'><strong>sensu</strong></span> <span class='ocrx_word' id='word_1_152' title='bbox 2801 654 2946 709; x_wconf 91' lang='lat' dir='ltr'><strong>nuda</strong></span> <span class='ocrx_word' id='word_1_153' title='bbox 2978 657 3298 727; x_wconf 85' lang='lat' dir='ltr'><strong>abripienda</strong></span> <span class='ocrx_word' id='word_1_154' title='bbox 3327 674 3438 715; x_wconf 89' lang='lat' dir='ltr'><strong>non</strong></span> 
     </span>
    </p>
   </div>
   <div class='ocr_carea' id='block_1_23' title="bbox 1862 747 3438 816">
    <p class='ocr_par' dir='ltr' id='par_1_23' title="bbox 1862 747 3438 816">
     <span class='ocr_line' id='line_1_23' title="bbox 1862 747 3438 816; baseline 0.001 -11"><span class='ocrx_word' id='word_1_155' title='bbox 1862 759 2013 816; x_wconf 87' lang='lat' dir='ltr'><strong>sunt,</strong></span> <span class='ocrx_word' id='word_1_156' title='bbox 2049 749 2146 805; x_wconf 91' lang='lat' dir='ltr'><strong>sed</strong></span> <span class='ocrx_word' id='word_1_157' title='bbox 2188 757 2444 803; x_wconf 85' lang='lat' dir='ltr'><strong>accurate</strong></span> <span class='ocrx_word' id='word_1_158' title='bbox 2477 747 2940 802; x_wconf 89' lang='lat' dir='ltr'><strong>considerandum</strong></span> <span class='ocrx_word' id='word_1_159' title='bbox 2973 748 3105 816; x_wconf 90' lang='lat' dir='ltr'><strong>quid</strong></span> <span class='ocrx_word' id='word_1_160' title='bbox 3138 747 3306 803; x_wconf 90' lang='lat' dir='ltr'><strong>Deum</strong></span> <span class='ocrx_word' id='word_1_161' title='bbox 3342 749 3438 806; x_wconf 81' lang='lat' dir='ltr'><strong>de-</strong></span> 
     </span>
    </p>
   </div>
   <div class='ocr_carea' id='block_1_24' title="bbox 1864 837 3436 911">
    <p class='ocr_par' dir='ltr' id='par_1_24' title="bbox 1864 837 3436 911">
     <span class='ocr_line' id='line_1_24' title="bbox 1864 837 3436 911; baseline -0.001 -15"><span class='ocrx_word' id='word_1_162' title='bbox 1864 849 2007 908; x_wconf 91' lang='lat' dir='ltr'><strong>ceat,</strong></span> <span class='ocrx_word' id='word_1_163' title='bbox 2037 839 2169 911; x_wconf 89' lang='lat' dir='ltr'><strong>quid</strong></span> <span class='ocrx_word' id='word_1_164' title='bbox 2194 839 2353 894; x_wconf 91' lang='lat' dir='ltr'><strong>nobis</strong></span> <span class='ocrx_word' id='word_1_165' title='bbox 2378 837 2672 903; x_wconf 86' lang='lat' dir='ltr'><strong>conducat,</strong></span> <span class='ocrx_word' id='word_1_166' title='bbox 2700 854 2823 908; x_wconf 73' lang='lat' dir='ltr'><strong>quae</strong></span> <span class='ocrx_word' id='word_1_167' title='bbox 2846 838 2919 893; x_wconf 90' lang='lat' dir='ltr'><strong>sit</strong></span> <span class='ocrx_word' id='word_1_168' title='bbox 2941 839 3024 894; x_wconf 85' lang='lat' dir='ltr'><strong>vis</strong></span> <span class='ocrx_word' id='word_1_169' title='bbox 3048 839 3314 904; x_wconf 81' lang='lat' dir='ltr'><strong>veritatis,</strong></span> <span class='ocrx_word' id='word_1_170' title='bbox 3340 842 3436 911; x_wconf 89' lang='lat' dir='ltr'><strong>qui</strong></span> 
     </span>
    </p>
   </div>
   <div class='ocr_carea' id='block_1_25' title="bbox 1863 928 3436 1000">
    <p class='ocr_par' dir='ltr' id='par_1_25' title="bbox 1863 928 3436 1000">
     <span class='ocr_line' id='line_1_25' title="bbox 1863 928 3436 1000; baseline -0.002 -12"><span class='ocrx_word' id='word_1_171' title='bbox 1863 946 2166 988; x_wconf 87' lang='lat' dir='ltr'><strong>consensus</strong></span> <span class='ocrx_word' id='word_1_172' title='bbox 2198 931 2255 984; x_wconf 93' lang='lat' dir='ltr'><strong>in</strong></span> <span class='ocrx_word' id='word_1_173' title='bbox 2287 930 2425 1000; x_wconf 82' lang='lat' dir='ltr'><strong>lege,</strong></span> <span class='ocrx_word' id='word_1_174' title='bbox 2456 928 2588 999; x_wconf 89' lang='lat' dir='ltr'><strong>quid</strong></span> <span class='ocrx_word' id='word_1_175' title='bbox 2616 936 2826 984; x_wconf 71' lang='lat' dir='ltr'><strong>natura:</strong></span> <span class='ocrx_word' id='word_1_176' title='bbox 2847 944 3181 1000; x_wconf 81' lang='lat' dir='ltr'><strong>congruens,</strong></span> <span class='ocrx_word' id='word_1_177' title='bbox 3211 946 3333 1000; x_wconf 66' lang='lat' dir='ltr'><strong>quae</strong></span> <span class='ocrx_word' id='word_1_178' title='bbox 3363 933 3436 987; x_wconf 88' lang='lat' dir='ltr'><strong>sit</strong></span> 
     </span>
    </p>
   </div>
   <div class='ocr_carea' id='block_1_26' title="bbox 1862 1021 3438 1094">
    <p class='ocr_par' dir='ltr' id='par_1_26' title="bbox 1862 1021 3438 1094">
     <span class='ocr_line' id='line_1_26' title="bbox 1862 1021 3438 1094; baseline 0.001 -17"><span class='ocrx_word' id='word_1_179' title='bbox 1862 1038 2120 1094; x_wconf 82' lang='lat' dir='ltr'><strong>germana</strong></span> <span class='ocrx_word' id='word_1_180' title='bbox 2169 1021 2325 1086; x_wconf 85' lang='lat' dir='ltr'><strong>ﬁdes,</strong></span> <span class='ocrx_word' id='word_1_181' title='bbox 2376 1036 2499 1091; x_wconf 83' lang='lat' dir='ltr'><strong>quae</strong></span> <span class='ocrx_word' id='word_1_182' title='bbox 2542 1035 2668 1091; x_wconf 82' lang='lat' dir='ltr'><strong>spes</strong></span> <span class='ocrx_word' id='word_1_183' title='bbox 2711 1023 2888 1085; x_wconf 83' lang='lat' dir='ltr'><strong>ﬁrma,</strong></span> <span class='ocrx_word' id='word_1_184' title='bbox 2941 1037 3062 1091; x_wconf 74' lang='lat' dir='ltr'><strong>quae</strong></span> <span class='ocrx_word' id='word_1_185' title='bbox 3106 1022 3438 1079; x_wconf 81' lang='lat' dir='ltr'><strong>inviolabilis</strong></span> 
     </span>
    </p>
   </div>
   <div class='ocr_carea' id='block_1_27' title="bbox 1861 1113 3437 1184">
    <p class='ocr_par' dir='ltr' id='par_1_27' title="bbox 1861 1113 3437 1184">
     <span class='ocr_line' id='line_1_27' title="bbox 1861 1113 3437 1184; baseline -0.001 -14"><span class='ocrx_word' id='word_1_186' title='bbox 1861 1114 2149 1171; x_wconf 85' lang='lat' dir='ltr'><strong>cbaritatis</strong></span> <span class='ocrx_word' id='word_1_187' title='bbox 2183 1115 2497 1181; x_wconf 84' lang='lat' dir='ltr'><strong>sinceritas,</strong></span> <span class='ocrx_word' id='word_1_188' title='bbox 2531 1128 2650 1184; x_wconf 67' lang='lat' dir='ltr'><strong>qua:</strong></span> <span class='ocrx_word' id='word_1_189' title='bbox 2686 1114 2757 1168; x_wconf 91' lang='lat' dir='ltr'><strong>sit</strong></span> <span class='ocrx_word' id='word_1_190' title='bbox 2794 1113 2968 1184; x_wconf 78' lang='lat' dir='ltr'><strong>gloria</strong></span> <span class='ocrx_word' id='word_1_191' title='bbox 3000 1114 3168 1171; x_wconf 91' lang='lat' dir='ltr'><strong>nullis</strong></span> <span class='ocrx_word' id='word_1_192' title='bbox 3197 1115 3437 1170; x_wconf 74' lang='lat' dir='ltr'><strong>obnoxia</strong></span> 
     </span>
    </p>
   </div>
   <div class='ocr_carea' id='block_1_28' title="bbox 1860 1205 3435 1278">
    <p class='ocr_par' dir='ltr' id='par_1_28' title="bbox 1860 1205 3435 1278">
     <span class='ocr_line' id='line_1_28' title="bbox 1860 1205 3435 1278; baseline -0.001 -16"><span class='ocrx_word' id='word_1_193' title='bbox 1860 1207 2232 1271; x_wconf 88' lang='lat' dir='ltr'><strong>contumeliis,</strong></span> <span class='ocrx_word' id='word_1_194' title='bbox 2262 1206 2393 1277; x_wconf 89' lang='lat' dir='ltr'><strong>quid</strong></span> <span class='ocrx_word' id='word_1_195' title='bbox 2425 1207 2495 1260; x_wconf 93' lang='lat' dir='ltr'><strong>sit</strong></span> <span class='ocrx_word' id='word_1_196' title='bbox 2519 1206 2723 1261; x_wconf 87' lang='lat' dir='ltr'><strong>invidia</strong></span> <span class='ocrx_word' id='word_1_197' title='bbox 2745 1205 3023 1276; x_wconf 81' lang='lat' dir='ltr'><strong>superius,</strong></span> <span class='ocrx_word' id='word_1_198' title='bbox 3055 1221 3177 1277; x_wconf 67' lang='lat' dir='ltr'><strong>quae</strong></span> <span class='ocrx_word' id='word_1_199' title='bbox 3197 1207 3435 1278; x_wconf 75' lang='lat' dir='ltr'><strong>dignitas</strong></span> 
     </span>
    </p>
   </div>
   <div class='ocr_carea' id='block_1_29' title="bbox 1861 1297 3437 1369">
    <p class='ocr_par' dir='ltr' id='par_1_29' title="bbox 1861 1297 3437 1369">
     <span class='ocr_line' id='line_1_29' title="bbox 1861 1297 3437 1369; baseline -0.001 -16"><span class='ocrx_word' id='word_1_200' title='bbox 1861 1303 2088 1369; x_wconf 62' lang='lat' dir='ltr'><strong>gratiae:</strong></span> <span class='ocrx_word' id='word_1_201' title='bbox 2129 1314 2249 1369; x_wconf 68' lang='lat' dir='ltr'><strong>quae</strong></span> <span class='ocrx_word' id='word_1_202' title='bbox 2288 1299 2471 1354; x_wconf 88' lang='lat' dir='ltr'><strong>omnia</strong></span> <span class='ocrx_word' id='word_1_203' title='bbox 2502 1297 2607 1369; x_wconf 93' lang='lat' dir='ltr'><strong>piis</strong></span> <span class='ocrx_word' id='word_1_204' title='bbox 2639 1297 2862 1367; x_wconf 90' lang='lat' dir='ltr'><strong>quidem</strong></span> <span class='ocrx_word' id='word_1_205' title='bbox 2910 1297 3101 1352; x_wconf 90' lang='lat' dir='ltr'><strong>insunt</strong></span> <span class='ocrx_word' id='word_1_206' title='bbox 3143 1297 3437 1367; x_wconf 84' lang='lat' dir='ltr'><strong>cogitatio-</strong></span> 
     </span>
    </p>
   </div>
   <div class='ocr_carea' id='block_1_30' title="bbox 1860 1382 3431 1459">
    <p class='ocr_par' dir='ltr' id='par_1_30' title="bbox 1860 1382 3431 1459">
     <span class='ocr_line' id='line_1_30' title="bbox 1860 1382 3431 1459; baseline -0.001 -16"><span class='ocrx_word' id='word_1_207' title='bbox 1860 1391 2042 1454; x_wconf 90' lang='lat' dir='ltr'><strong>nibus,</strong></span> <span class='ocrx_word' id='word_1_208' title='bbox 2080 1397 2140 1445; x_wconf 89' lang='lat' dir='ltr'><strong>ut</strong></span> <span class='ocrx_word' id='word_1_209' title='bbox 2168 1391 2224 1444; x_wconf 89' lang='lat' dir='ltr'><strong>in</strong></span> <span class='ocrx_word' id='word_1_210' title='bbox 2249 1389 2615 1459; x_wconf 80' lang='lat' dir='ltr'><strong>explicatione</strong></span> <span class='ocrx_word' id='word_1_211' title='bbox 2639 1387 2792 1452; x_wconf 92' lang='lat' dir='ltr'><strong>dicti,</strong></span> <span class='ocrx_word' id='word_1_212' title='bbox 2848 1405 2866 1439; x_wconf 82' lang='grc' dir='ltr'><strong>ι</strong></span> <span class='ocrx_word' id='word_1_213' title='bbox 2904 1382 3139 1443; x_wconf 81' lang='lat' dir='ltr'><strong>Verbum</strong></span> <span class='ocrx_word' id='word_1_214' title='bbox 3174 1403 3302 1444; x_wconf 89' lang='lat' dir='ltr'><strong>caro</strong></span> <span class='ocrx_word' id='word_1_215' title='bbox 3345 1387 3431 1442; x_wconf 63' lang='lat' dir='ltr'><strong>fa-o</strong></span> 
     </span>
    </p>
   </div>
   <div class='ocr_carea' id='block_1_31' title="bbox 1860 1475 3435 1547">
    <p class='ocr_par' dir='ltr' id='par_1_31' title="bbox 1860 1475 3435 1547">
     <span class='ocr_line' id='line_1_31' title="bbox 1860 1475 3435 1547; baseline 0 -17"><span class='ocrx_word' id='word_1_216' title='bbox 1860 1485 2006 1530; x_wconf 84' lang='lat' dir='ltr'><strong>ctum</strong></span> <span class='ocrx_word' id='word_1_217' title='bbox 2032 1485 2135 1542; x_wconf 87' lang='lat' dir='ltr'><strong>est,</strong></span> <span class='ocrx_word' id='word_1_218' title='bbox 2180 1497 2198 1528; x_wconf 72' lang='grc' dir='ltr'><strong>ι</strong></span> <span class='ocrx_word' id='word_1_219' title='bbox 2241 1476 2698 1547; x_wconf 82' lang='lat' dir='ltr'><strong>explanavimus;</strong></span> <span class='ocrx_word' id='word_1_220' title='bbox 2748 1476 2842 1532; x_wconf 90' lang='lat' dir='ltr'><strong>sed</strong></span> <span class='ocrx_word' id='word_1_221' title='bbox 2881 1475 3082 1532; x_wconf 88' lang='lat' dir='ltr'><strong>desunt</strong></span> <span class='ocrx_word' id='word_1_222' title='bbox 3129 1477 3337 1537; x_wconf 84' lang='lat' dir='ltr'><strong>scilicet</strong></span> <span class='ocrx_word' id='word_1_223' title='bbox 3375 1478 3435 1543; x_wconf 78' lang='lat' dir='ltr'><strong>in</strong></span> 
     </span>
    </p>
   </div>
   <div class='ocr_carea' id='block_1_32' title="bbox 1861 1567 3429 1640">
    <p class='ocr_par' dir='ltr' id='par_1_32' title="bbox 1861 1567 3429 1640">
     <span class='ocr_line' id='line_1_32' title="bbox 1861 1567 3429 1640; baseline 0.001 -18"><span class='ocrx_word' id='word_1_224' title='bbox 1861 1569 2113 1624; x_wconf 87' lang='lat' dir='ltr'><strong>absurdis</strong></span> <span class='ocrx_word' id='word_1_225' title='bbox 2143 1569 2250 1623; x_wconf 93' lang='lat' dir='ltr'><strong>illis</strong></span> <span class='ocrx_word' id='word_1_226' title='bbox 2286 1567 2755 1635; x_wconf 84' lang='lat' dir='ltr'><strong>innovationibus,</strong></span> <span class='ocrx_word' id='word_1_227' title='bbox 2784 1584 2905 1639; x_wconf 82' lang='lat' dir='ltr'><strong>quae</strong></span> <span class='ocrx_word' id='word_1_228' title='bbox 2934 1569 3001 1623; x_wconf 92' lang='lat' dir='ltr'><strong>ad</strong></span> <span class='ocrx_word' id='word_1_229' title='bbox 3033 1569 3306 1640; x_wconf 83' lang='lat' dir='ltr'><strong>ejusmodi</strong></span> <span class='ocrx_word' id='word_1_230' title='bbox 3335 1585 3429 1625; x_wconf 82' lang='lat' dir='ltr'><strong>va-</strong></span> 
     </span>
    </p>
   </div>
   <div class='ocr_carea' id='block_1_33' title="bbox 1859 1659 3434 1733">
    <p class='ocr_par' dir='ltr' id='par_1_33' title="bbox 1859 1659 3434 1733">
     <span class='ocr_line' id='line_1_33' title="bbox 1859 1659 3434 1733; baseline 0.006 -23"><span class='ocrx_word' id='word_1_231' title='bbox 1859 1659 2252 1728; x_wconf 87' lang='lat' dir='ltr'><strong>niloquentiam</strong></span> <span class='ocrx_word' id='word_1_232' title='bbox 2291 1659 2606 1714; x_wconf 88' lang='lat' dir='ltr'><strong>necessario</strong></span> <span class='ocrx_word' id='word_1_233' title='bbox 2635 1660 2974 1732; x_wconf 81' lang='lat' dir='ltr'><strong>confugiunt.</strong></span> <span class='ocrx_word' id='word_1_234' title='bbox 3015 1660 3242 1717; x_wconf 89' lang='lat' dir='ltr'><strong>Summa</strong></span> <span class='ocrx_word' id='word_1_235' title='bbox 3269 1663 3434 1733; x_wconf 87' lang='lat' dir='ltr'><strong>hujus</strong></span> 
     </span>
    </p>
   </div>
   <div class='ocr_carea' id='block_1_34' title="bbox 167 1736 1755 1824">
    <p class='ocr_par' dir='ltr' id='par_1_34' title="bbox 167 1748 1755 1824">
     <span class='ocr_line' id='line_1_34' title="bbox 167 1748 1755 1824; baseline 0.003 -23"><span class='ocrx_word' id='word_1_236' title='bbox 167 1748 438 1818; x_wconf 87' lang='grc' dir='ltr'>μάχεσθαι</span> <span class='ocrx_word' id='word_1_237' title='bbox 470 1749 719 1822; x_wconf 87' lang='grc' dir='ltr'>ἀλλήλοις</span> <span class='ocrx_word' id='word_1_238' title='bbox 749 1750 1005 1806; x_wconf 82' lang='grc' dir='ltr'>δοκοῦντα</span> <span class='ocrx_word' id='word_1_239' title='bbox 1033 1751 1177 1816; x_wconf 65' lang='grc' dir='ltr'>κατὰ,</span> <span class='ocrx_word' id='word_1_240' title='bbox 1200 1751 1261 1804; x_wconf 84' lang='grc' dir='ltr'><strong>τὸ</strong></span> <span class='ocrx_word' id='word_1_241' title='bbox 1284 1752 1602 1824; x_wconf 89' lang='grc' dir='ltr'>πρόχειρον;</span> <span class='ocrx_word' id='word_1_242' title='bbox 1632 1752 1755 1816; x_wconf 86' lang='grc' dir='ltr'>Πῶς</span> 
     </span>
    </p>
   </div>
   <div class='ocr_carea' id='block_1_35' title="bbox 1858 1736 3433 1824">
    <p class='ocr_par' dir='ltr' id='par_1_35' title="bbox 1858 1746 3433 1822">
     <span class='ocr_line' id='line_1_35' title="bbox 1858 1746 3433 1822; baseline 0.004 -22"><span class='ocrx_word' id='word_1_243' title='bbox 1858 1746 2122 1801; x_wconf 90' lang='lat' dir='ltr'><strong>orationis</strong></span> <span class='ocrx_word' id='word_1_244' title='bbox 2151 1755 2235 1801; x_wconf 91' lang='lat' dir='ltr'><strong>est</strong></span> <span class='ocrx_word' id='word_1_245' title='bbox 2266 1765 2278 1800; x_wconf 94' lang='lat'>:</span> <span class='ocrx_word' id='word_1_246' title='bbox 2314 1747 2408 1817; x_wconf 91' lang='lat' dir='ltr'><strong>qui</strong></span> <span class='ocrx_word' id='word_1_247' title='bbox 2445 1746 2717 1805; x_wconf 88' lang='lat' dir='ltr'><strong>dictiones</strong></span> <span class='ocrx_word' id='word_1_248' title='bbox 2759 1749 2985 1819; x_wconf 83' lang='lat' dir='ltr'><strong>excipit,</strong></span> <span class='ocrx_word' id='word_1_249' title='bbox 3019 1765 3120 1806; x_wconf 89' lang='lat' dir='ltr'><strong>nec</strong></span> <span class='ocrx_word' id='word_1_250' title='bbox 3157 1752 3433 1822; x_wconf 76' lang='lat' dir='ltr'><strong>significa-</strong></span> 
     </span>
    </p>
   </div>
   <div class='ocr_carea' id='block_1_36' title="bbox 165 1838 1756 1914">
    <p class='ocr_par' dir='ltr' id='par_1_36' title="bbox 165 1838 1756 1914">
     <span class='ocr_line' id='line_1_36' title="bbox 165 1838 1756 1914; baseline 0.004 -25"><span class='ocrx_word' id='word_1_251' title='bbox 165 1839 394 1908; x_wconf 77' lang='grc' dir='ltr'>εὑρήσει</span> <span class='ocrx_word' id='word_1_252' title='bbox 423 1838 520 1910; x_wconf 78' lang='grc' dir='ltr'><strong>τὴν</strong></span> <span class='ocrx_word' id='word_1_253' title='bbox 544 1841 891 1911; x_wconf 79' lang='grc' dir='ltr'>ἁρμόζουσαν</span> <span class='ocrx_word' id='word_1_254' title='bbox 921 1841 1108 1909; x_wconf 90' lang='grc' dir='ltr'>λύσιν;</span> <span class='ocrx_word' id='word_1_255' title='bbox 1136 1844 1260 1908; x_wconf 89' lang='grc' dir='ltr'><strong>Πῶς</strong></span> <span class='ocrx_word' id='word_1_256' title='bbox 1290 1843 1576 1914; x_wconf 87' lang='grc' dir='ltr'>ἀπόκρισιν</span> <span class='ocrx_word' id='word_1_257' title='bbox 1597 1841 1756 1895; x_wconf 86' lang='grc' dir='ltr'>δώσει</span> 
     </span>
    </p>
   </div>
   <div class='ocr_carea' id='block_1_37' title="bbox 163 1931 1758 2005">
    <p class='ocr_par' dir='ltr' id='par_1_37' title="bbox 163 1931 1758 2005">
     <span class='ocr_line' id='line_1_37' title="bbox 163 1931 1758 2005; baseline 0.004 -23"><span class='ocrx_word' id='word_1_258' title='bbox 163 1933 280 1993; x_wconf 85' lang='grc' dir='ltr'>τοῖς</span> <span class='ocrx_word' id='word_1_259' title='bbox 308 1933 590 2002; x_wconf 80' lang='grc' dir='ltr'>ἐπερωτᾷν</span> <span class='ocrx_word' id='word_1_260' title='bbox 624 1931 1002 2004; x_wconf 87' lang='grc' dir='ltr'>βουλομένοις;</span> <span class='ocrx_word' id='word_1_261' title='bbox 1034 1935 1158 1998; x_wconf 88' lang='grc' dir='ltr'>Πῶς</span> <span class='ocrx_word' id='word_1_262' title='bbox 1187 1933 1407 2005; x_wconf 82' lang='grc' dir='ltr'>φυλάξει</span> <span class='ocrx_word' id='word_1_263' title='bbox 1431 1934 1492 1986; x_wconf 86' lang='grc' dir='ltr'><strong>τὸ</strong></span> <span class='ocrx_word' id='word_1_264' title='bbox 1514 1951 1758 2005; x_wconf 84' lang='grc' dir='ltr'>γεγραμ-</span> 
     </span>
    </p>
   </div>
   <div class='ocr_carea' id='block_1_38' title="bbox 168 2020 1759 2098">
    <p class='ocr_par' dir='ltr' id='par_1_38' title="bbox 168 2020 1759 2098">
     <span class='ocr_line' id='line_1_38' title="bbox 168 2020 1759 2098; baseline 0.005 -25"><span class='ocrx_word' id='word_1_265' title='bbox 168 2020 367 2092; x_wconf 84' lang='grc' dir='ltr'>μένον·</span> <span class='ocrx_word' id='word_1_266' title='bbox 409 2042 426 2073; x_wconf 76' lang='grc' dir='ltr'><strong>ι</strong></span> <span class='ocrx_word' id='word_1_267' title='bbox 466 2023 539 2076; x_wconf 88' lang='grc' dir='ltr'><strong>Τὸ</strong></span> <span class='ocrx_word' id='word_1_268' title='bbox 581 2024 780 2078; x_wconf 82' lang='grc' dir='ltr'>εἰδέναι</span> <span class='ocrx_word' id='word_1_269' title='bbox 810 2025 928 2090; x_wconf 87' lang='grc' dir='ltr'><strong>πῶς</strong></span> <span class='ocrx_word' id='word_1_270' title='bbox 960 2025 1041 2079; x_wconf 85' lang='grc' dir='ltr'><strong>δεῖ</strong></span> <span class='ocrx_word' id='word_1_271' title='bbox 1078 2028 1225 2098; x_wconf 84' lang='grc' dir='ltr'>ἡμᾶς</span> <span class='ocrx_word' id='word_1_272' title='bbox 1255 2026 1335 2080; x_wconf 76' lang='grc' dir='ltr'><strong>ἐνὶ</strong></span> <span class='ocrx_word' id='word_1_273' title='bbox 1369 2026 1584 2096; x_wconf 80' lang='grc' dir='ltr'>ἑκάστῳ</span> <span class='ocrx_word' id='word_1_274' title='bbox 1624 2027 1759 2080; x_wconf 88' lang='grc' dir='ltr'>ἀπο-</span> 
     </span>
    </p>
   </div>
   <div class='ocr_carea' id='block_1_39' title="bbox 168 2112 561 2184">
    <p class='ocr_par' dir='ltr' id='par_1_39' title="bbox 168 2112 561 2184">
     <span class='ocr_line' id='line_1_39' title="bbox 168 2112 561 2184; baseline 0.003 -18"><span class='ocrx_word' id='word_1_275' title='bbox 168 2112 459 2184; x_wconf 85' lang='grc' dir='ltr'>κρίνεσθαι</span> <span class='ocrx_word' id='word_1_276' title='bbox 482 2132 498 2181; x_wconf 88' lang='grc'><strong>;</strong></span> <span class='ocrx_word' id='word_1_277' title='bbox 541 2133 561 2166; x_wconf 73' lang='grc' dir='ltr'><strong>ι</strong></span> 
     </span>
    </p>
   </div>
   <div class='ocr_carea' id='block_1_40' title="bbox 916 2406 965 2461">
    <p class='ocr_par' dir='ltr' id='par_1_40' title="bbox 916 2406 965 2461">
     <span class='ocr_line' id='line_1_40' title="bbox 916 2406 965 2461; baseline 0 0"><span class='ocrx_word' id='word_1_278' title='bbox 916 2406 965 2461; x_wconf 85' lang='grc' dir='ltr'>Χ</span> 
     </span>
    </p>
   </div>
   <div class='ocr_carea' id='block_1_41' title="bbox 166 2493 1758 2624">
    <p class='ocr_par' dir='ltr' id='par_1_41' title="bbox 166 2493 1758 2624">
     <span class='ocr_line' id='line_1_41' title="bbox 166 2493 1758 2624; baseline 0.004 -76"><span class='ocrx_word' id='word_1_279' title='bbox 166 2493 328 2564; x_wconf 81' lang='grc' dir='ltr'>Πρὸς</span> <span class='ocrx_word' id='word_1_280' title='bbox 371 2493 515 2562; x_wconf 86' lang='grc' dir='ltr'>τοὺς</span> <span class='ocrx_word' id='word_1_281' title='bbox 563 2497 910 2624; x_wconf 46' lang='grc' dir='ltr'>λέγονταςὲ</span> <span class='ocrx_word' id='word_1_282' title='bbox 959 2499 1216 2623; x_wconf 64' lang='grc' dir='ltr'>Ἐῗαθεν</span> <span class='ocrx_word' id='word_1_283' title='bbox 1270 2503 1304 2555; x_wconf 82' lang='grc' dir='ltr'><strong><em>ὁ</em></strong></span> <span class='ocrx_word' id='word_1_284' title='bbox 1362 2500 1505 2565; x_wconf 83' lang='grc' dir='ltr'>Θεὸς</span> <span class='ocrx_word' id='word_1_285' title='bbox 1568 2501 1758 2570; x_wconf 81' lang='grc' dir='ltr'>Λόγος</span> 
     </span>
     <span class='ocr_line' id='line_1_42' title="bbox 911 2587 1070 2624; baseline 0 0"><span class='ocrx_word' id='word_1_286' title='bbox 911 2587 1023 2624; x_wconf 68' lang='lat' dir='ltr'><strong>ama</strong></span> <span class='ocrx_word' id='word_1_287' title='bbox 1055 2610 1070 2624; x_wconf 93' lang='lat'><strong>.</strong></span> 
     </span>
    </p>
   </div>
   <div class='ocr_carea' id='block_1_42' title="bbox 911 2587 1070 2639">
    <p class='ocr_par' dir='ltr' id='par_1_42' title="bbox 911 2587 1070 2639">
     <span class='ocr_line' id='line_1_43' title="bbox 911 2587 1070 2639; baseline 0.006 -16"><span class='ocrx_word' id='word_1_288' title='bbox 911 2587 1070 2639; x_wconf 81' lang='grc' dir='ltr'>αρκι.</span> 
     </span>
    </p>
   </div>
   <div class='ocr_carea' id='block_1_43' title="bbox 237 2657 1758 2739">
    <p class='ocr_par' dir='ltr' id='par_1_43' title="bbox 237 2657 1758 2739">
     <span class='ocr_line' id='line_1_44' title="bbox 237 2657 1758 2739; baseline 0.006 -29"><span class='ocrx_word' id='word_1_289' title='bbox 237 2657 553 2729; x_wconf 78' lang='grc' dir='ltr'>Θαυμάξειν</span> <span class='ocrx_word' id='word_1_290' title='bbox 595 2660 774 2715; x_wconf 77' lang='grc' dir='ltr'>ἔπεισί</span> <span class='ocrx_word' id='word_1_291' title='bbox 821 2680 935 2734; x_wconf 89' lang='grc' dir='ltr'>μοι,</span> <span class='ocrx_word' id='word_1_292' title='bbox 976 2663 1114 2731; x_wconf 88' lang='grc' dir='ltr'>πῶς,</span> <span class='ocrx_word' id='word_1_293' title='bbox 1160 2663 1449 2727; x_wconf 85' lang='grc' dir='ltr'>τοσούτους</span> <span class='ocrx_word' id='word_1_294' title='bbox 1491 2681 1758 2739; x_wconf 89' lang='grc' dir='ltr'>νεωτερι-</span> 
     </span>
    </p>
   </div>
   <div class='ocr_carea' id='block_1_44' title="bbox 169 2751 1753 2828">
    <p class='ocr_par' dir='ltr' id='par_1_44' title="bbox 169 2751 1753 2828">
     <span class='ocr_line' id='line_1_45' title="bbox 169 2751 1753 2828; baseline 0.008 -28"><span class='ocrx_word' id='word_1_295' title='bbox 169 2751 342 2818; x_wconf 75' lang='grc' dir='ltr'>σμοὺς</span> <span class='ocrx_word' id='word_1_296' title='bbox 368 2752 750 2822; x_wconf 82' lang='grc' dir='ltr'>ἐπεισάγοντες</span> <span class='ocrx_word' id='word_1_297' title='bbox 768 2756 818 2808; x_wconf 85' lang='grc' dir='ltr'>οἱ</span> <span class='ocrx_word' id='word_1_298' title='bbox 839 2755 946 2810; x_wconf 90' lang='grc' dir='ltr'><strong>τῶν</strong></span> <span class='ocrx_word' id='word_1_299' title='bbox 978 2755 1176 2810; x_wconf 87' lang='grc' dir='ltr'>καινῶν</span> <span class='ocrx_word' id='word_1_300' title='bbox 1198 2756 1482 2828; x_wconf 88' lang='grc' dir='ltr'>δογμάτων</span> <span class='ocrx_word' id='word_1_301' title='bbox 1515 2758 1753 2826; x_wconf 78' lang='grc' dir='ltr'>εὑρεταὶ,</span> 
     </span>
    </p>
   </div>
   <div class='ocr_carea' id='block_1_45' title="bbox 167 2837 1756 2920">
    <p class='ocr_par' dir='ltr' id='par_1_45' title="bbox 167 2837 1756 2920">
     <span class='ocr_line' id='line_1_46' title="bbox 167 2837 1756 2920; baseline 0.008 -31"><span class='ocrx_word' id='word_1_302' title='bbox 167 2837 332 2909; x_wconf 83' lang='grc' dir='ltr'>κόρον</span> <span class='ocrx_word' id='word_1_303' title='bbox 358 2839 542 2894; x_wconf 88' lang='grc' dir='ltr'>λαϐεῖν</span> <span class='ocrx_word' id='word_1_304' title='bbox 575 2843 674 2914; x_wconf 86' lang='grc' dir='ltr'><strong>τῆς</strong></span> <span class='ocrx_word' id='word_1_305' title='bbox 695 2844 950 2916; x_wconf 88' lang='grc' dir='ltr'>τοιαύτης</span> <span class='ocrx_word' id='word_1_306' title='bbox 979 2847 1331 2918; x_wconf 89' lang='grc' dir='ltr'>καινοτομίας</span> <span class='ocrx_word' id='word_1_307' title='bbox 1356 2850 1456 2902; x_wconf 86' lang='grc' dir='ltr'>οὐκ</span> <span class='ocrx_word' id='word_1_308' title='bbox 1488 2849 1756 2920; x_wconf 74' lang='grc' dir='ltr'>ἠδυνήθη-</span> 
     </span>
    </p>
   </div>
   <div class='ocr_carea' id='block_1_46' title="bbox 167 2933 1754 3012">
    <p class='ocr_par' dir='ltr' id='par_1_46' title="bbox 167 2933 1754 3012">
     <span class='ocr_line' id='line_1_47' title="bbox 167 2933 1754 3012; baseline 0.006 -28"><span class='ocrx_word' id='word_1_309' title='bbox 167 2949 272 2984; x_wconf 86' lang='grc' dir='ltr'><strong>σαν</strong></span> <span class='ocrx_word' id='word_1_310' title='bbox 286 2949 301 2962; x_wconf 87' lang='grc'><strong>·</strong></span> <span class='ocrx_word' id='word_1_311' title='bbox 324 2933 459 2988; x_wconf 87' lang='grc' dir='ltr'>ἀλλὰ</span> <span class='ocrx_word' id='word_1_312' title='bbox 482 2935 603 2989; x_wconf 82' lang='grc' dir='ltr'>εἴτι</span> <span class='ocrx_word' id='word_1_313' title='bbox 630 2936 777 3001; x_wconf 82' lang='grc' dir='ltr'>ξένον</span> <span class='ocrx_word' id='word_1_314' title='bbox 796 2940 1030 2993; x_wconf 84' lang='grc' dir='ltr'>ἐπινοεῖν</span> <span class='ocrx_word' id='word_1_315' title='bbox 1049 2941 1182 3011; x_wconf 84' lang='grc' dir='ltr'>πρὸς</span> <span class='ocrx_word' id='word_1_316' title='bbox 1202 2941 1418 3012; x_wconf 89' lang='grc' dir='ltr'>ἀπάτην</span> <span class='ocrx_word' id='word_1_317' title='bbox 1439 2941 1545 2996; x_wconf 87' lang='grc' dir='ltr'><strong>τῶν</strong></span> <span class='ocrx_word' id='word_1_318' title='bbox 1561 2942 1754 2996; x_wconf 80' lang='grc' dir='ltr'>ἁπλου·</span> 
     </span>
    </p>
   </div>
   <div class='ocr_carea' id='block_1_47' title="bbox 167 3026 1752 3106">
    <p class='ocr_par' dir='ltr' id='par_1_47' title="bbox 167 3026 1752 3106">
     <span class='ocr_line' id='line_1_48' title="bbox 167 3026 1752 3106; baseline 0.008 -29"><span class='ocrx_word' id='word_1_319' title='bbox 167 3026 377 3096; x_wconf 86' lang='grc' dir='ltr'>στέρων</span> <span class='ocrx_word' id='word_1_320' title='bbox 410 3030 799 3096; x_wconf 88' lang='grc' dir='ltr'>νεανιεύονται,</span> <span class='ocrx_word' id='word_1_321' title='bbox 830 3026 941 3086; x_wconf 81' lang='grc' dir='ltr'>οἷον</span> <span class='ocrx_word' id='word_1_322' title='bbox 963 3033 1059 3086; x_wconf 81' lang='grc' dir='ltr'><strong>καὶ</strong></span> <span class='ocrx_word' id='word_1_323' title='bbox 1082 3033 1143 3087; x_wconf 88' lang='grc' dir='ltr'>τὺ</span> <span class='ocrx_word' id='word_1_324' title='bbox 1169 3035 1528 3106; x_wconf 88' lang='grc' dir='ltr'>προκείμενον</span> <span class='ocrx_word' id='word_1_325' title='bbox 1555 3035 1648 3090; x_wconf 88' lang='grc' dir='ltr'>νῦν</span> <span class='ocrx_word' id='word_1_326' title='bbox 1673 3037 1752 3100; x_wconf 80' lang='grc' dir='ltr'><strong>εἰς</strong></span> 
     </span>
    </p>
   </div>
   <div class='ocr_carea' id='block_1_48' title="bbox 1857 1837 3434 1913">
    <p class='ocr_par' dir='ltr' id='par_1_48' title="bbox 1857 1837 3434 1913">
     <span class='ocr_line' id='line_1_49' title="bbox 1857 1837 3434 1913; baseline 0.006 -22"><span class='ocrx_word' id='word_1_327' title='bbox 1857 1837 2057 1892; x_wconf 90' lang='lat' dir='ltr'><strong>tionem</strong></span> <span class='ocrx_word' id='word_1_328' title='bbox 2087 1853 2278 1893; x_wconf 86' lang='lat' dir='ltr'><strong>earum</strong></span> <span class='ocrx_word' id='word_1_329' title='bbox 2323 1838 2540 1906; x_wconf 87' lang='lat' dir='ltr'><strong>ediscit,</strong></span> <span class='ocrx_word' id='word_1_330' title='bbox 2572 1841 2667 1910; x_wconf 91' lang='lat' dir='ltr'><strong>qui</strong></span> <span class='ocrx_word' id='word_1_331' title='bbox 2698 1840 2964 1911; x_wconf 83' lang='lat' dir='ltr'><strong>intelliget</strong></span> <span class='ocrx_word' id='word_1_332' title='bbox 2997 1856 3060 1896; x_wconf 90' lang='lat' dir='ltr'><strong>ea</strong></span> <span class='ocrx_word' id='word_1_333' title='bbox 3094 1857 3228 1912; x_wconf 62' lang='lat' dir='ltr'><strong>qua</strong></span> <span class='ocrx_word' id='word_1_334' title='bbox 3255 1843 3434 1913; x_wconf 86' lang='lat' dir='ltr'><strong>primo</strong></span> 
     </span>
    </p>
   </div>
   <div class='ocr_carea' id='block_1_49' title="bbox 1858 1930 3435 2004">
    <p class='ocr_par' dir='ltr' id='par_1_49' title="bbox 1858 1930 3435 2004">
     <span class='ocr_line' id='line_1_50' title="bbox 1858 1930 3435 2004; baseline 0.004 -21"><span class='ocrx_word' id='word_1_335' title='bbox 1858 1930 2055 1985; x_wconf 91' lang='lat' dir='ltr'><strong>intuitu</strong></span> <span class='ocrx_word' id='word_1_336' title='bbox 2087 1931 2231 1986; x_wconf 88' lang='lat' dir='ltr'><strong>inter</strong></span> <span class='ocrx_word' id='word_1_337' title='bbox 2259 1945 2317 1987; x_wconf 90' lang='lat' dir='ltr'><strong>se</strong></span> <span class='ocrx_word' id='word_1_338' title='bbox 2354 1946 2600 2004; x_wconf 82' lang='lat' dir='ltr'><strong>pugnare</strong></span> <span class='ocrx_word' id='word_1_339' title='bbox 2643 1932 2934 1989; x_wconf 83' lang='lat' dir='ltr'><strong>videntur?</strong></span> <span class='ocrx_word' id='word_1_340' title='bbox 2981 1932 3268 2000; x_wconf 80' lang='lat' dir='ltr'><strong>Quomodo</strong></span> <span class='ocrx_word' id='word_1_341' title='bbox 3299 1951 3435 1989; x_wconf 87' lang='lat' dir='ltr'><strong>con-</strong></span> 
     </span>
    </p>
   </div>
   <div class='ocr_carea' id='block_1_50' title="bbox 1855 2022 3432 2094">
    <p class='ocr_par' dir='ltr' id='par_1_50' title="bbox 1855 2022 3432 2094">
     <span class='ocr_line' id='line_1_51' title="bbox 1855 2022 3432 2094; baseline 0.003 -19"><span class='ocrx_word' id='word_1_342' title='bbox 1855 2028 2143 2092; x_wconf 77' lang='lat' dir='ltr'><strong>gruentem</strong></span> <span class='ocrx_word' id='word_1_343' title='bbox 2176 2023 2417 2077; x_wconf 88' lang='lat' dir='ltr'><strong>inveniet</strong></span> <span class='ocrx_word' id='word_1_344' title='bbox 2445 2022 2816 2079; x_wconf 86' lang='lat' dir='ltr'><strong>solutionem?</strong></span> <span class='ocrx_word' id='word_1_345' title='bbox 2846 2023 2966 2092; x_wconf 88' lang='lat' dir='ltr'><strong>Quo</strong></span> <span class='ocrx_word' id='word_1_346' title='bbox 2996 2032 3158 2094; x_wconf 90' lang='lat' dir='ltr'><strong>pacto</strong></span> <span class='ocrx_word' id='word_1_347' title='bbox 3194 2025 3432 2080; x_wconf 89' lang='lat' dir='ltr'><strong>interro-</strong></span> 
     </span>
    </p>
   </div>
   <div class='ocr_carea' id='block_1_51' title="bbox 1831 2110 3437 2187">
    <p class='ocr_par' dir='ltr' id='par_1_51' title="bbox 1831 2110 3437 2187">
     <span class='ocr_line' id='line_1_52' title="bbox 1831 2110 3437 2187; baseline 0.002 -19"><span class='ocrx_word' id='word_1_348' title='bbox 1831 2110 2112 2187; x_wconf 65' lang='lat' dir='ltr'><strong>gantibus</strong></span> <span class='ocrx_word' id='word_1_349' title='bbox 2178 2114 2572 2185; x_wconf 87' lang='lat' dir='ltr'><strong>respondebit?</strong></span> <span class='ocrx_word' id='word_1_350' title='bbox 2624 2114 2910 2180; x_wconf 86' lang='lat' dir='ltr'><strong>Quomodo</strong></span> <span class='ocrx_word' id='word_1_351' title='bbox 2971 2115 3247 2171; x_wconf 88' lang='lat' dir='ltr'><strong>custodiet</strong></span> <span class='ocrx_word' id='word_1_352' title='bbox 3300 2116 3437 2171; x_wconf 83' lang='lat' dir='ltr'><strong>illud</strong></span> 
     </span>
    </p>
   </div>
   <div class='ocr_carea' id='block_1_52' title="bbox 1856 2203 3435 2277">
    <p class='ocr_par' dir='ltr' id='par_1_52' title="bbox 1856 2203 3435 2277">
     <span class='ocr_line' id='line_1_53' title="bbox 1856 2203 3435 2277; baseline 0.003 -18"><span class='ocrx_word' id='word_1_353' title='bbox 1856 2204 2006 2276; x_wconf 92' lang='lat' dir='ltr'><strong>quod</strong></span> <span class='ocrx_word' id='word_1_354' title='bbox 2033 2204 2302 2275; x_wconf 88' lang='lat' dir='ltr'><strong>scriptum</strong></span> <span class='ocrx_word' id='word_1_355' title='bbox 2336 2213 2421 2260; x_wconf 92' lang='lat' dir='ltr'><strong>est</strong></span> <span class='ocrx_word' id='word_1_356' title='bbox 2452 2224 2464 2260; x_wconf 94' lang='lat'><strong>:</strong></span> <span class='ocrx_word' id='word_1_357' title='bbox 2500 2223 2519 2256; x_wconf 79' lang='grc' dir='ltr'><strong>ι</strong></span> <span class='ocrx_word' id='word_1_358' title='bbox 2557 2203 2712 2261; x_wconf 89' lang='lat' dir='ltr'><strong>Scire</strong></span> <span class='ocrx_word' id='word_1_359' title='bbox 2747 2204 3024 2277; x_wconf 89' lang='lat' dir='ltr'><strong>quomodo</strong></span> <span class='ocrx_word' id='word_1_360' title='bbox 3050 2213 3300 2276; x_wconf 86' lang='lat' dir='ltr'><strong>oporteat</strong></span> <span class='ocrx_word' id='word_1_361' title='bbox 3332 2222 3435 2264; x_wconf 88' lang='lat' dir='ltr'><strong>nos</strong></span> 
     </span>
    </p>
   </div>
   <div class='ocr_carea' id='block_1_53' title="bbox 1861 2295 2667 2368">
    <p class='ocr_par' dir='ltr' id='par_1_53' title="bbox 1861 2295 2667 2368">
     <span class='ocr_line' id='line_1_54' title="bbox 1861 2295 2667 2368; baseline -0.005 -16"><span class='ocrx_word' id='word_1_362' title='bbox 1861 2296 2155 2368; x_wconf 89' lang='lat' dir='ltr'><strong>unicuique</strong></span> <span class='ocrx_word' id='word_1_363' title='bbox 2178 2295 2512 2367; x_wconf 89' lang='lat' dir='ltr'><strong>respondere</strong></span> <span class='ocrx_word' id='word_1_364' title='bbox 2533 2296 2618 2350; x_wconf 72' lang='lat'><strong>7’?</strong></span> <span class='ocrx_word' id='word_1_365' title='bbox 2647 2313 2667 2348; x_wconf 70' lang='grc' dir='ltr'><strong>ι</strong></span> 
     </span>
    </p>
   </div>
   <div class='ocr_carea' id='block_1_54' title="bbox 2609 2408 2680 2462">
    <p class='ocr_par' dir='ltr' id='par_1_54' title="bbox 2609 2408 2680 2462">
     <span class='ocr_line' id='line_1_55' title="bbox 2609 2408 2680 2462; baseline 0 0"><span class='ocrx_word' id='word_1_366' title='bbox 2609 2408 2680 2462; x_wconf 82' lang='grc' dir='ltr'><strong>Χ.</strong></span> 
     </span>
    </p>
   </div>
   <div class='ocr_carea' id='block_1_55' title="bbox 1856 2497 3435 2573">
    <p class='ocr_par' dir='ltr' id='par_1_55' title="bbox 1856 2497 3435 2573">
     <span class='ocr_line' id='line_1_56' title="bbox 1856 2497 3435 2573; baseline 0.003 -19"><span class='ocrx_word' id='word_1_367' title='bbox 1856 2500 2121 2557; x_wconf 75' lang='lat' dir='ltr'><strong>Adversus</strong></span> <span class='ocrx_word' id='word_1_368' title='bbox 2167 2518 2255 2557; x_wconf 75' lang='lat' dir='ltr'><strong>eos</strong></span> <span class='ocrx_word' id='word_1_369' title='bbox 2288 2502 2379 2573; x_wconf 74' lang='lat' dir='ltr'><strong>qui</strong></span> <span class='ocrx_word' id='word_1_370' title='bbox 2425 2501 2633 2564; x_wconf 76' lang='lat' dir='ltr'><strong>dicunt,</strong></span> <span class='ocrx_word' id='word_1_371' title='bbox 2664 2497 2870 2556; x_wconf 76' lang='lat' dir='ltr'><strong>Passus</strong></span> <span class='ocrx_word' id='word_1_372' title='bbox 2899 2510 2977 2556; x_wconf 80' lang='lat' dir='ltr'><strong>est</strong></span> <span class='ocrx_word' id='word_1_373' title='bbox 3020 2500 3157 2557; x_wconf 84' lang='lat' dir='ltr'><strong>Deus</strong></span> <span class='ocrx_word' id='word_1_374' title='bbox 3210 2502 3435 2558; x_wconf 84' lang='lat' dir='ltr'><strong>Verbum</strong></span> 
     </span>
    </p>
   </div>
   <div class='ocr_carea' id='block_1_56' title="bbox 2557 2588 2736 2626">
    <p class='ocr_par' dir='ltr' id='par_1_56' title="bbox 2557 2588 2736 2626">
     <span class='ocr_line' id='line_1_57' title="bbox 2557 2588 2736 2626; baseline 0.006 -1"><span class='ocrx_word' id='word_1_375' title='bbox 2557 2588 2736 2626; x_wconf 83' lang='lat' dir='ltr'><strong>carne.</strong></span> 
     </span>
    </p>
   </div>
   <div class='ocr_carea' id='block_1_57' title="bbox 1928 2660 3434 2735">
    <p class='ocr_par' dir='ltr' id='par_1_57' title="bbox 1928 2660 3434 2735">
     <span class='ocr_line' id='line_1_58' title="bbox 1928 2660 3434 2735; baseline 0.003 -18"><span class='ocrx_word' id='word_1_376' title='bbox 1928 2660 2121 2718; x_wconf 76' lang='lat' dir='ltr'><strong>Mirari</strong></span> <span class='ocrx_word' id='word_1_377' title='bbox 2142 2664 2292 2720; x_wconf 89' lang='lat' dir='ltr'><strong>subit</strong></span> <span class='ocrx_word' id='word_1_378' title='bbox 2320 2679 2443 2735; x_wconf 64' lang='lat' dir='ltr'><strong>quae</strong></span> <span class='ocrx_word' id='word_1_379' title='bbox 2488 2679 2662 2720; x_wconf 86' lang='lat' dir='ltr'><strong>causa</strong></span> <span class='ocrx_word' id='word_1_380' title='bbox 2711 2665 2784 2720; x_wconf 89' lang='lat' dir='ltr'><strong>sit</strong></span> <span class='ocrx_word' id='word_1_381' title='bbox 2818 2679 2920 2720; x_wconf 80' lang='lat' dir='ltr'><strong>cur</strong></span> <span class='ocrx_word' id='word_1_382' title='bbox 2945 2671 3025 2720; x_wconf 92' lang='lat' dir='ltr'><strong>tot</strong></span> <span class='ocrx_word' id='word_1_383' title='bbox 3047 2672 3102 2720; x_wconf 90' lang='lat' dir='ltr'><strong>et</strong></span> <span class='ocrx_word' id='word_1_384' title='bbox 3128 2672 3310 2721; x_wconf 87' lang='lat' dir='ltr'><strong>tantas</strong></span> <span class='ocrx_word' id='word_1_385' title='bbox 3344 2665 3434 2721; x_wconf 82' lang='lat' dir='ltr'><strong>in-</strong></span> 
     </span>
    </p>
   </div>
   <div class='ocr_carea' id='block_1_58' title="bbox 1855 2755 3435 2827">
    <p class='ocr_par' dir='ltr' id='par_1_58' title="bbox 1855 2755 3435 2827">
     <span class='ocr_line' id='line_1_59' title="bbox 1855 2755 3435 2827; baseline 0.001 -17"><span class='ocrx_word' id='word_1_386' title='bbox 1855 2755 2088 2816; x_wconf 87' lang='lat' dir='ltr'><strong>duentes</strong></span> <span class='ocrx_word' id='word_1_387' title='bbox 2109 2757 2405 2821; x_wconf 86' lang='lat' dir='ltr'><strong>novitates,</strong></span> <span class='ocrx_word' id='word_1_388' title='bbox 2441 2755 2795 2812; x_wconf 88' lang='lat' dir='ltr'><strong>insolentium</strong></span> <span class='ocrx_word' id='word_1_389' title='bbox 2825 2757 3141 2827; x_wconf 81' lang='lat' dir='ltr'><strong>dogmatum</strong></span> <span class='ocrx_word' id='word_1_390' title='bbox 3184 2757 3435 2811; x_wconf 91' lang='lat' dir='ltr'><strong>invento-</strong></span> 
     </span>
    </p>
   </div>
   <div class='ocr_carea' id='block_1_59' title="bbox 1855 2848 3435 2919">
    <p class='ocr_par' dir='ltr' id='par_1_59' title="bbox 1855 2848 3435 2919">
     <span class='ocr_line' id='line_1_60' title="bbox 1855 2848 3435 2919; baseline 0.003 -19"><span class='ocrx_word' id='word_1_391' title='bbox 1855 2861 1945 2902; x_wconf 88' lang='lat' dir='ltr'><strong>res</strong></span> <span class='ocrx_word' id='word_1_392' title='bbox 1961 2848 2232 2902; x_wconf 88' lang='lat' dir='ltr'><strong>nullarum</strong></span> <span class='ocrx_word' id='word_1_393' title='bbox 2251 2863 2434 2902; x_wconf 90' lang='lat' dir='ltr'><strong>rerum</strong></span> <span class='ocrx_word' id='word_1_394' title='bbox 2453 2848 2830 2903; x_wconf 89' lang='lat' dir='ltr'><strong>novandarum</strong></span> <span class='ocrx_word' id='word_1_395' title='bbox 2851 2848 3076 2904; x_wconf 87' lang='lat' dir='ltr'><strong>satietas</strong></span> <span class='ocrx_word' id='word_1_396' title='bbox 3091 2849 3315 2919; x_wconf 87' lang='lat' dir='ltr'><strong>ceperit;</strong></span> <span class='ocrx_word' id='word_1_397' title='bbox 3336 2850 3435 2905; x_wconf 85' lang='lat' dir='ltr'><strong>sed</strong></span> 
     </span>
    </p>
   </div>
   <div class='ocr_carea' id='block_1_60' title="bbox 1855 2937 3435 3011">
    <p class='ocr_par' dir='ltr' id='par_1_60' title="bbox 1855 2937 3435 3011">
     <span class='ocr_line' id='line_1_61' title="bbox 1855 2937 3435 3011; baseline 0.003 -17"><span class='ocrx_word' id='word_1_398' title='bbox 1855 2937 1904 2994; x_wconf 90' lang='lat' dir='ltr'><strong>si</strong></span> <span class='ocrx_word' id='word_1_399' title='bbox 1926 2939 2055 3009; x_wconf 88' lang='lat' dir='ltr'><strong>quid</strong></span> <span class='ocrx_word' id='word_1_400' title='bbox 2073 2939 2316 2996; x_wconf 91' lang='lat' dir='ltr'><strong>insolens</strong></span> <span class='ocrx_word' id='word_1_401' title='bbox 2339 2947 2443 3005; x_wconf 90' lang='lat' dir='ltr'><strong>est,</strong></span> <span class='ocrx_word' id='word_1_402' title='bbox 2470 2941 2602 2996; x_wconf 91' lang='lat' dir='ltr'><strong>illud</strong></span> <span class='ocrx_word' id='word_1_403' title='bbox 2625 2941 2932 3011; x_wconf 88' lang='lat' dir='ltr'><strong>petulanter</strong></span> <span class='ocrx_word' id='word_1_404' title='bbox 2961 2941 3030 2996; x_wconf 89' lang='lat' dir='ltr'><strong>ad</strong></span> <span class='ocrx_word' id='word_1_405' title='bbox 3070 2941 3435 3011; x_wconf 78' lang='lat' dir='ltr'><strong>simpliciores</strong></span> 
     </span>
    </p>
   </div>
   <div class='ocr_carea' id='block_1_61' title="bbox 1855 3032 3433 3105">
    <p class='ocr_par' dir='ltr' id='par_1_61' title="bbox 1855 3032 3433 3105">
     <span class='ocr_line' id='line_1_62' title="bbox 1855 3032 3433 3105; baseline 0.001 -19"><span class='ocrx_word' id='word_1_406' title='bbox 1855 3032 2362 3090; x_wconf 88' lang='lat' dir='ltr'><strong>circumveniendos</strong></span> <span class='ocrx_word' id='word_1_407' title='bbox 2375 3041 2704 3104; x_wconf 87' lang='lat' dir='ltr'><strong>proponunt,</strong></span> <span class='ocrx_word' id='word_1_408' title='bbox 2720 3035 2880 3105; x_wconf 88' lang='lat' dir='ltr'><strong>quale</strong></span> <span class='ocrx_word' id='word_1_409' title='bbox 2896 3034 3134 3103; x_wconf 89' lang='lat' dir='ltr'><strong>estquod</strong></span> <span class='ocrx_word' id='word_1_410' title='bbox 3145 3034 3256 3103; x_wconf 91' lang='lat' dir='ltr'><strong>jam</strong></span> <span class='ocrx_word' id='word_1_411' title='bbox 3274 3034 3433 3088; x_wconf 81' lang='lat' dir='ltr'><strong>nobis</strong></span> 
     </span>
    </p>
   </div>
   <div class='ocr_carea' id='block_1_62' title="bbox 165 3104 1755 3194">
    <p class='ocr_par' dir='ltr' id='par_1_62' title="bbox 165 3104 1755 3193">
     <span class='ocr_line' id='line_1_63' title="bbox 165 3104 1755 3193; baseline 0.008 -27"><span class='ocrx_word' id='word_1_412' title='bbox 165 3113 435 3180; x_wconf 77' lang='grc' dir='ltr'>ἐξέτασιν-</span> <span class='ocrx_word' id='word_1_413' title='bbox 477 3136 496 3169; x_wconf 85' lang='grc'><strong><em>‹</em></strong></span> <span class='ocrx_word' id='word_1_414' title='bbox 541 3119 781 3173; x_wconf 87' lang='grc' dir='ltr'>Ἔπαθεν</span> <span class='ocrx_word' id='word_1_415' title='bbox 805 3123 832 3174; x_wconf 89' lang='grc' dir='ltr'>ὁ</span> <span class='ocrx_word' id='word_1_416' title='bbox 864 3121 997 3184; x_wconf 86' lang='grc' dir='ltr'>Θεὸς</span> <span class='ocrx_word' id='word_1_417' title='bbox 1018 3122 1191 3191; x_wconf 86' lang='grc' dir='ltr'>Λόγος</span> <span class='ocrx_word' id='word_1_418' title='bbox 1216 3104 1401 3193; x_wconf 84' lang='grc' dir='ltr'>σαρκί.</span> <span class='ocrx_word' id='word_1_419' title='bbox 1427 3143 1446 3175; x_wconf 72' lang='grc' dir='ltr'><strong>ι</strong></span> <span class='ocrx_word' id='word_1_420' title='bbox 1476 3124 1646 3178; x_wconf 87' lang='grc' dir='ltr'>Πάλιν</span> <span class='ocrx_word' id='word_1_421' title='bbox 1670 3127 1755 3179; x_wconf 82' lang='grc' dir='ltr'>ἐν·</span> 
     </span>
    </p>
   </div>
   <div class='ocr_carea' id='block_1_63' title="bbox 1858 3104 3433 3194">
    <p class='ocr_par' dir='ltr' id='par_1_63' title="bbox 1858 3104 3433 3194">
     <span class='ocr_line' id='line_1_64' title="bbox 1858 3104 3433 3194; baseline 0.001 -18"><span class='ocrx_word' id='word_1_422' title='bbox 1858 3119 2017 3192; x_wconf 84' lang='lat'><strong>503</strong></span> <span class='ocrx_word' id='word_1_423' title='bbox 2051 3123 2461 3193; x_wconf 87' lang='lat' dir='ltr'><strong>disquirendum</strong></span> <span class='ocrx_word' id='word_1_424' title='bbox 2494 3104 2846 3194; x_wconf 85' lang='lat' dir='ltr'><strong>proponitur:</strong></span> <span class='ocrx_word' id='word_1_425' title='bbox 2874 3143 2892 3176; x_wconf 76' lang='grc' dir='ltr'><strong>ι</strong></span> <span class='ocrx_word' id='word_1_426' title='bbox 2935 3122 3140 3179; x_wconf 88' lang='lat' dir='ltr'><strong>Passus</strong></span> <span class='ocrx_word' id='word_1_427' title='bbox 3170 3130 3254 3178; x_wconf 90' lang='lat' dir='ltr'><strong>est</strong></span> <span class='ocrx_word' id='word_1_428' title='bbox 3288 3121 3433 3178; x_wconf 84' lang='lat' dir='ltr'><strong>Deus</strong></span> 
     </span>
    </p>
   </div>
   <div class='ocr_carea' id='block_1_64' title="bbox 165 3205 1751 3281">
    <p class='ocr_par' dir='ltr' id='par_1_64' title="bbox 165 3205 1751 3281">
     <span class='ocr_line' id='line_1_65' title="bbox 165 3205 1751 3281; baseline 0.008 -23"><span class='ocrx_word' id='word_1_429' title='bbox 165 3205 345 3260; x_wconf 77' lang='grc' dir='ltr'>ταῦοα</span> <span class='ocrx_word' id='word_1_430' title='bbox 371 3208 505 3262; x_wconf 84' lang='grc' dir='ltr'>πολὺ</span> <span class='ocrx_word' id='word_1_431' title='bbox 537 3211 635 3280; x_wconf 80' lang='grc' dir='ltr'><strong>μὲν</strong></span> <span class='ocrx_word' id='word_1_432' title='bbox 663 3211 724 3264; x_wconf 81' lang='grc' dir='ltr'><strong>τὸ</strong></span> <span class='ocrx_word' id='word_1_433' title='bbox 749 3212 962 3281; x_wconf 86' lang='grc' dir='ltr'>ἄλογον,</span> <span class='ocrx_word' id='word_1_434' title='bbox 995 3214 1133 3268; x_wconf 84' lang='grc' dir='ltr'>πολὺ</span> <span class='ocrx_word' id='word_1_435' title='bbox 1158 3214 1214 3268; x_wconf 84' lang='grc' dir='ltr'>δὲ</span> <span class='ocrx_word' id='word_1_436' title='bbox 1247 3216 1308 3268; x_wconf 87' lang='grc' dir='ltr'><strong>τὸ</strong></span> <span class='ocrx_word' id='word_1_437' title='bbox 1335 3216 1554 3270; x_wconf 86' lang='grc' dir='ltr'>ἄτοπον.</span> <span class='ocrx_word' id='word_1_438' title='bbox 1602 3217 1751 3271; x_wconf 79' lang='grc' dir='ltr'>Ἀλο-</span> 
     </span>
    </p>
   </div>
   <div class='ocr_carea' id='block_1_65' title="bbox 166 3299 1753 3380">
    <p class='ocr_par' dir='ltr' id='par_1_65' title="bbox 166 3299 1753 3380">
     <span class='ocr_line' id='line_1_66' title="bbox 166 3299 1753 3380; baseline 0.008 -30"><span class='ocrx_word' id='word_1_439' title='bbox 166 3299 294 3367; x_wconf 84' lang='grc' dir='ltr'>γίας</span> <span class='ocrx_word' id='word_1_440' title='bbox 328 3301 428 3370; x_wconf 85' lang='grc' dir='ltr'>μὲν</span> <span class='ocrx_word' id='word_1_441' title='bbox 458 3301 565 3372; x_wconf 87' lang='grc' dir='ltr'>γὰρ</span> <span class='ocrx_word' id='word_1_442' title='bbox 595 3302 657 3356; x_wconf 88' lang='grc' dir='ltr'><strong>τὸ</strong></span> <span class='ocrx_word' id='word_1_443' title='bbox 689 3304 887 3372; x_wconf 88' lang='grc' dir='ltr'>λέγειν,</span> <span class='ocrx_word' id='word_1_444' title='bbox 917 3305 1100 3378; x_wconf 74' lang='grc' dir='ltr'>ἕτερον</span> <span class='ocrx_word' id='word_1_445' title='bbox 1133 3308 1304 3380; x_wconf 79' lang='grc' dir='ltr'>ἑτέρῳ</span> <span class='ocrx_word' id='word_1_446' title='bbox 1336 3309 1600 3380; x_wconf 75' lang='grc' dir='ltr'>πάσχεινο</span> <span class='ocrx_word' id='word_1_447' title='bbox 1627 3310 1753 3363; x_wconf 84' lang='grc' dir='ltr'>ἀτο-</span> 
     </span>
    </p>
   </div>
   <div class='ocr_carea' id='block_1_66' title="bbox 166 3392 1752 3475">
    <p class='ocr_par' dir='ltr' id='par_1_66' title="bbox 166 3392 1752 3475">
     <span class='ocr_line' id='line_1_67' title="bbox 166 3392 1752 3475; baseline 0.008 -32"><span class='ocrx_word' id='word_1_448' title='bbox 166 3392 302 3456; x_wconf 88' lang='grc' dir='ltr'>πίας</span> <span class='ocrx_word' id='word_1_449' title='bbox 330 3393 386 3446; x_wconf 86' lang='grc' dir='ltr'>δὲ</span> <span class='ocrx_word' id='word_1_450' title='bbox 417 3394 497 3459; x_wconf 90' lang='grc' dir='ltr'><strong>τὸ,</strong></span> <span class='ocrx_word' id='word_1_451' title='bbox 522 3415 541 3446; x_wconf 73' lang='grc' dir='ltr'><strong>ε</strong></span> <span class='ocrx_word' id='word_1_452' title='bbox 575 3396 814 3451; x_wconf 86' lang='grc' dir='ltr'>Ἔπαθεν</span> <span class='ocrx_word' id='word_1_453' title='bbox 846 3400 874 3451; x_wconf 91' lang='lat'><strong>6</strong></span> <span class='ocrx_word' id='word_1_454' title='bbox 905 3399 1100 3468; x_wconf 89' lang='grc' dir='ltr'>Λόγος.</span> <span class='ocrx_word' id='word_1_455' title='bbox 1126 3419 1148 3453; x_wconf 76' lang='grc' dir='ltr'><strong>ι</strong></span> <span class='ocrx_word' id='word_1_456' title='bbox 1175 3400 1352 3472; x_wconf 83' lang='grc' dir='ltr'>’Όπερ</span> <span class='ocrx_word' id='word_1_457' title='bbox 1378 3401 1584 3472; x_wconf 88' lang='grc' dir='ltr'>γυμνὸν</span> <span class='ocrx_word' id='word_1_458' title='bbox 1617 3419 1752 3475; x_wconf 89' lang='grc' dir='ltr'>προ-</span> 
     </span>
    </p>
   </div>
   <div class='ocr_carea' id='block_1_67' title="bbox 167 3485 1755 3568">
    <p class='ocr_par' dir='ltr' id='par_1_67' title="bbox 167 3485 1755 3568">
     <span class='ocr_line' id='line_1_68' title="bbox 167 3485 1755 3568; baseline 0.008 -29"><span class='ocrx_word' id='word_1_459' title='bbox 167 3485 531 3558; x_wconf 84' lang='grc' dir='ltr'>καλύμματος</span> <span class='ocrx_word' id='word_1_460' title='bbox 580 3492 754 3546; x_wconf 82' lang='grc' dir='ltr'>εἰπεῖν</span> <span class='ocrx_word' id='word_1_461' title='bbox 821 3493 882 3546; x_wconf 83' lang='grc' dir='ltr'><strong>οὐ</strong></span> <span class='ocrx_word' id='word_1_462' title='bbox 936 3495 1242 3566; x_wconf 84' lang='grc' dir='ltr'>τολμῶντες</span> <span class='ocrx_word' id='word_1_463' title='bbox 1261 3539 1276 3564; x_wconf 89' lang='grc'><strong>,</strong></span> <span class='ocrx_word' id='word_1_464' title='bbox 1356 3499 1635 3568; x_wconf 84' lang='grc' dir='ltr'>ἐπήγαγον</span> <span class='ocrx_word' id='word_1_465' title='bbox 1694 3498 1755 3552; x_wconf 86' lang='grc' dir='ltr'>τὺ</span> 
     </span>
    </p>
   </div>
   <div class='ocr_carea' id='block_1_68' title="bbox 173 3579 1754 3659">
    <p class='ocr_par' dir='ltr' id='par_1_68' title="bbox 173 3579 1754 3659">
     <span class='ocr_line' id='line_1_69' title="bbox 173 3579 1754 3659; baseline 0.008 -29"><span class='ocrx_word' id='word_1_466' title='bbox 173 3599 192 3629; x_wconf 76' lang='grc' dir='ltr'><strong>ι</strong></span> <span class='ocrx_word' id='word_1_467' title='bbox 238 3579 422 3650; x_wconf 77' lang='grc' dir='ltr'>σαρκὶ,</span> <span class='ocrx_word' id='word_1_468' title='bbox 462 3600 481 3632; x_wconf 72' lang='grc' dir='ltr'><strong>ι</strong></span> <span class='ocrx_word' id='word_1_469' title='bbox 519 3579 773 3655; x_wconf 86' lang='grc' dir='ltr'>καθάπερ</span> <span class='ocrx_word' id='word_1_470' title='bbox 817 3585 1110 3656; x_wconf 89' lang='grc' dir='ltr'>πρόσωπον</span> <span class='ocrx_word' id='word_1_471' title='bbox 1149 3586 1374 3658; x_wconf 80' lang='grc' dir='ltr'>αἰσχρὸν</span> <span class='ocrx_word' id='word_1_472' title='bbox 1401 3587 1463 3640; x_wconf 86' lang='grc' dir='ltr'><strong>τὸ</strong></span> <span class='ocrx_word' id='word_1_473' title='bbox 1507 3588 1754 3659; x_wconf 85' lang='grc' dir='ltr'>ἀπρεπὲς</span> 
     </span>
    </p>
   </div>
   <div class='ocr_carea' id='block_1_69' title="bbox 163 3669 1754 3750">
    <p class='ocr_par' dir='ltr' id='par_1_69' title="bbox 163 3669 1754 3750">
     <span class='ocr_line' id='line_1_70' title="bbox 163 3669 1754 3750; baseline 0.008 -28"><span class='ocrx_word' id='word_1_474' title='bbox 163 3669 270 3722; x_wconf 81' lang='grc' dir='ltr'>τοῦ</span> <span class='ocrx_word' id='word_1_475' title='bbox 315 3674 662 3744; x_wconf 88' lang='grc' dir='ltr'>φρονήματος</span> <span class='ocrx_word' id='word_1_476' title='bbox 689 3675 894 3748; x_wconf 84' lang='grc' dir='ltr'>δολερῷ</span> <span class='ocrx_word' id='word_1_477' title='bbox 917 3678 1245 3750; x_wconf 85' lang='grc' dir='ltr'>προσωπείῳ</span> <span class='ocrx_word' id='word_1_478' title='bbox 1271 3677 1660 3744; x_wconf 87' lang='grc' dir='ltr'>καλύπτοντες.</span> <span class='ocrx_word' id='word_1_479' title='bbox 1689 3681 1754 3734; x_wconf 77' lang='lat' dir='ltr'><strong>El</strong></span> 
     </span>
    </p>
   </div>
   <div class='ocr_carea' id='block_1_70' title="bbox 163 3764 1752 3842">
    <p class='ocr_par' dir='ltr' id='par_1_70' title="bbox 163 3764 1752 3842">
     <span class='ocr_line' id='line_1_71' title="bbox 163 3764 1752 3842; baseline 0.006 -26"><span class='ocrx_word' id='word_1_480' title='bbox 163 3764 196 3815; x_wconf 89' lang='lat'><strong>6</strong></span> <span class='ocrx_word' id='word_1_481' title='bbox 227 3764 401 3833; x_wconf 86' lang='grc' dir='ltr'>Λόγος</span> <span class='ocrx_word' id='word_1_482' title='bbox 433 3765 656 3833; x_wconf 77' lang='grc' dir='ltr'>ἔπαθεν,</span> <span class='ocrx_word' id='word_1_483' title='bbox 690 3768 868 3839; x_wconf 81' lang='grc' dir='ltr'>ἐαυτῷ</span> <span class='ocrx_word' id='word_1_484' title='bbox 897 3769 1128 3823; x_wconf 82' lang='grc' dir='ltr'>ἔπαθεν·</span> <span class='ocrx_word' id='word_1_485' title='bbox 1155 3771 1204 3823; x_wconf 83' lang='grc' dir='ltr'><strong>εί</strong></span> <span class='ocrx_word' id='word_1_486' title='bbox 1233 3769 1290 3823; x_wconf 85' lang='grc' dir='ltr'>δὲ</span> <span class='ocrx_word' id='word_1_487' title='bbox 1324 3769 1510 3842; x_wconf 77' lang='grc' dir='ltr'>ἕτερον</span> <span class='ocrx_word' id='word_1_488' title='bbox 1548 3773 1606 3825; x_wconf 89' lang='grc' dir='ltr'><strong>τὸ</strong></span> <span class='ocrx_word' id='word_1_489' title='bbox 1643 3789 1752 3836; x_wconf 80' lang='grc' dir='ltr'>πα-</span> 
     </span>
    </p>
   </div>
   <div class='ocr_carea' id='block_1_71' title="bbox 167 3856 1756 3932">
    <p class='ocr_par' dir='ltr' id='par_1_71' title="bbox 167 3856 1756 3932">
     <span class='ocr_line' id='line_1_72' title="bbox 167 3856 1756 3932; baseline 0.004 -23"><span class='ocrx_word' id='word_1_490' title='bbox 167 3856 284 3920; x_wconf 80' lang='grc' dir='ltr'>θὸν,</span> <span class='ocrx_word' id='word_1_491' title='bbox 305 3857 456 3911; x_wconf 81' lang='grc' dir='ltr'>οὐδὲν</span> <span class='ocrx_word' id='word_1_492' title='bbox 491 3859 627 3930; x_wconf 84' lang='grc' dir='ltr'>πρὸς</span> <span class='ocrx_word' id='word_1_493' title='bbox 657 3859 748 3913; x_wconf 87' lang='grc' dir='ltr'><strong>τὸν</strong></span> <span class='ocrx_word' id='word_1_494' title='bbox 779 3861 972 3928; x_wconf 87' lang='grc' dir='ltr'>Λόγον,</span> <span class='ocrx_word' id='word_1_495' title='bbox 1001 3859 1050 3913; x_wconf 82' lang='grc' dir='ltr'><strong>εί</strong></span> <span class='ocrx_word' id='word_1_496' title='bbox 1086 3860 1159 3932; x_wconf 82' lang='grc' dir='ltr'>μὴ</span> <span class='ocrx_word' id='word_1_497' title='bbox 1193 3861 1326 3931; x_wconf 88' lang='grc' dir='ltr'>μόνη</span> <span class='ocrx_word' id='word_1_498' title='bbox 1358 3863 1391 3931; x_wconf 82' lang='grc' dir='ltr'><strong>ἡ</strong></span> <span class='ocrx_word' id='word_1_499' title='bbox 1431 3860 1589 3932; x_wconf 81' lang='grc' dir='ltr'>ὕϐρις</span> <span class='ocrx_word' id='word_1_500' title='bbox 1613 3862 1756 3916; x_wconf 83' lang='grc' dir='ltr'>κατὰ</span> 
     </span>
    </p>
   </div>
   <div class='ocr_carea' id='block_1_72' title="bbox 165 3948 1754 4022">
    <p class='ocr_par' dir='ltr' id='par_1_72' title="bbox 165 3948 1754 4022">
     <span class='ocr_line' id='line_1_73' title="bbox 165 3948 1754 4022; baseline 0.003 -22"><span class='ocrx_word' id='word_1_501' title='bbox 165 3948 450 4019; x_wconf 84' lang='grc' dir='ltr'>ἀναφορὰν</span> <span class='ocrx_word' id='word_1_502' title='bbox 492 3949 588 4003; x_wconf 84' lang='grc' dir='ltr'>τοῦ</span> <span class='ocrx_word' id='word_1_503' title='bbox 637 3952 938 4021; x_wconf 86' lang='grc' dir='ltr'>πάσχοντος</span> <span class='ocrx_word' id='word_1_504' title='bbox 974 3950 1225 4020; x_wconf 85' lang='grc' dir='ltr'>σώματος</span> <span class='ocrx_word' id='word_1_505' title='bbox 1251 3953 1330 4014; x_wconf 81' lang='grc' dir='ltr'>εἰς</span> <span class='ocrx_word' id='word_1_506' title='bbox 1353 3951 1444 4005; x_wconf 86' lang='grc' dir='ltr'><strong>τὸν</strong></span> <span class='ocrx_word' id='word_1_507' title='bbox 1478 3953 1754 4022; x_wconf 81' lang='grc' dir='ltr'>ἡνωμένον</span> 
     </span>
    </p>
   </div>
   <div class='ocr_carea' id='block_1_73' title="bbox 165 4039 1754 4110">
    <p class='ocr_par' dir='ltr' id='par_1_73' title="bbox 165 4039 1754 4110">
     <span class='ocr_line' id='line_1_74' title="bbox 165 4039 1754 4110; baseline 0.003 -19"><span class='ocrx_word' id='word_1_508' title='bbox 165 4039 545 4110; x_wconf 82' lang='grc' dir='ltr'>ἀνατρέχουσα</span> <span class='ocrx_word' id='word_1_509' title='bbox 570 4041 760 4109; x_wconf 88' lang='grc' dir='ltr'>Λόγον.</span> <span class='ocrx_word' id='word_1_510' title='bbox 798 4042 871 4094; x_wconf 88' lang='grc' dir='ltr'><strong>Τὸ</strong></span> <span class='ocrx_word' id='word_1_511' title='bbox 901 4041 958 4094; x_wconf 86' lang='grc' dir='ltr'>δὲ</span> <span class='ocrx_word' id='word_1_512' title='bbox 993 4040 1193 4108; x_wconf 87' lang='grc' dir='ltr'>λέγειν,</span> <span class='ocrx_word' id='word_1_513' title='bbox 1234 4059 1253 4092; x_wconf 79' lang='grc' dir='ltr'><strong>ι</strong></span> <span class='ocrx_word' id='word_1_514' title='bbox 1297 4041 1355 4094; x_wconf 86' lang='grc' dir='ltr'>Ὀ</span> <span class='ocrx_word' id='word_1_515' title='bbox 1385 4041 1556 4110; x_wconf 89' lang='grc' dir='ltr'>Λόγος</span> <span class='ocrx_word' id='word_1_516' title='bbox 1583 4041 1754 4096; x_wconf 77' lang='grc' dir='ltr'>ἔπαθε</span> 
     </span>
    </p>
   </div>
   <div class='ocr_carea' id='block_1_74' title="bbox 166 4131 1750 4209">
    <p class='ocr_par' dir='ltr' id='par_1_74' title="bbox 166 4131 1750 4209">
     <span class='ocr_line' id='line_1_75' title="bbox 166 4131 1750 4209; baseline 0.003 -28"><span class='ocrx_word' id='word_1_517' title='bbox 166 4131 357 4202; x_wconf 79' lang='grc' dir='ltr'>σαρκὶ,</span> <span class='ocrx_word' id='word_1_518' title='bbox 393 4151 412 4182; x_wconf 84' lang='grc'><strong>›</strong></span> <span class='ocrx_word' id='word_1_519' title='bbox 438 4132 704 4209; x_wconf 80' lang='grc' dir='ltr'>ἄγραφον,</span> <span class='ocrx_word' id='word_1_520' title='bbox 724 4133 1010 4197; x_wconf 89' lang='grc' dir='ltr'>ἀνοίκειον,</span> <span class='ocrx_word' id='word_1_521' title='bbox 1035 4132 1356 4199; x_wconf 85' lang='grc' dir='ltr'>ἀσύστατον,</span> <span class='ocrx_word' id='word_1_522' title='bbox 1375 4132 1750 4188; x_wconf 87' lang='grc' dir='ltr'>ἀνακόλουθον.</span> 
     </span>
    </p>
   </div>
   <div class='ocr_carea' id='block_1_75' title="bbox 179 4221 1755 4297">
    <p class='ocr_par' dir='ltr' id='par_1_75' title="bbox 179 4221 1755 4297">
     <span class='ocr_line' id='line_1_76' title="bbox 179 4221 1755 4297; baseline 0.003 -23"><span class='ocrx_word' id='word_1_523' title='bbox 179 4221 319 4274; x_wconf 84' lang='grc' dir='ltr'>Ἀλλ’</span> <span class='ocrx_word' id='word_1_524' title='bbox 367 4222 557 4294; x_wconf 84' lang='grc' dir='ltr'>ἐπειδὴ</span> <span class='ocrx_word' id='word_1_525' title='bbox 603 4223 942 4296; x_wconf 78' lang='grc' dir='ltr'>βλασφημεῖν</span> <span class='ocrx_word' id='word_1_526' title='bbox 979 4225 1076 4296; x_wconf 82' lang='grc' dir='ltr'>μὲν</span> <span class='ocrx_word' id='word_1_527' title='bbox 1096 4224 1388 4289; x_wconf 87' lang='grc' dir='ltr'>ἀπαύστως</span> <span class='ocrx_word' id='word_1_528' title='bbox 1416 4225 1665 4297; x_wconf 75' lang='grc' dir='ltr'>ἔκριναν,</span> <span class='ocrx_word' id='word_1_529' title='bbox 1696 4226 1755 4278; x_wconf 84' lang='grc' dir='ltr'><strong>τὸ</strong></span> 
     </span>
    </p>
   </div>
   <div class='ocr_carea' id='block_1_76' title="bbox 164 4309 1756 4387">
    <p class='ocr_par' dir='ltr' id='par_1_76' title="bbox 164 4309 1756 4387">
     <span class='ocr_line' id='line_1_77' title="bbox 164 4309 1756 4387; baseline 0.006 -26"><span class='ocrx_word' id='word_1_530' title='bbox 164 4309 246 4375; x_wconf 85' lang='grc' dir='ltr'><strong>δὲ,</strong></span> <span class='ocrx_word' id='word_1_531' title='bbox 267 4329 286 4361; x_wconf 77' lang='grc' dir='ltr'><strong>ι</strong></span> <span class='ocrx_word' id='word_1_532' title='bbox 315 4311 554 4365; x_wconf 84' lang='grc' dir='ltr'>Ἐπαθεν</span> <span class='ocrx_word' id='word_1_533' title='bbox 587 4315 617 4366; x_wconf 91' lang='lat'><strong>6</strong></span> <span class='ocrx_word' id='word_1_534' title='bbox 652 4314 878 4382; x_wconf 77' lang='grc' dir='ltr'>Λόγος,›</span> <span class='ocrx_word' id='word_1_535' title='bbox 901 4313 1145 4383; x_wconf 70' lang='grc' dir='ltr'>ἔγνωσαν</span> <span class='ocrx_word' id='word_1_536' title='bbox 1170 4316 1545 4387; x_wconf 89' lang='grc' dir='ltr'>ἀπαράδεκτον</span> <span class='ocrx_word' id='word_1_537' title='bbox 1568 4317 1756 4381; x_wconf 85' lang='grc' dir='ltr'>ἀκοαῖς</span> 
     </span>
    </p>
   </div>
   <div class='ocr_carea' id='block_1_77' title="bbox 1855 3211 3435 3272">
    <p class='ocr_par' dir='ltr' id='par_1_77' title="bbox 1855 3211 3435 3272">
     <span class='ocr_line' id='line_1_78' title="bbox 1855 3211 3435 3272; baseline 0.002 -5"><span class='ocrx_word' id='word_1_538' title='bbox 1855 3211 2096 3269; x_wconf 81' lang='lat' dir='ltr'><strong>Verbum</strong></span> <span class='ocrx_word' id='word_1_539' title='bbox 2135 3230 2321 3270; x_wconf 87' lang='lat' dir='ltr'><strong>carne.</strong></span> <span class='ocrx_word' id='word_1_540' title='bbox 2365 3235 2383 3267; x_wconf 76' lang='grc' dir='ltr'><strong>ι</strong></span> <span class='ocrx_word' id='word_1_541' title='bbox 2423 3214 2522 3269; x_wconf 84' lang='lat' dir='ltr'><strong>Hic</strong></span> <span class='ocrx_word' id='word_1_542' title='bbox 2574 3231 2797 3272; x_wconf 87' lang='lat' dir='ltr'><strong>rursum</strong></span> <span class='ocrx_word' id='word_1_543' title='bbox 2850 3216 3022 3270; x_wconf 92' lang='lat' dir='ltr'><strong>multa</strong></span> <span class='ocrx_word' id='word_1_544' title='bbox 3072 3215 3271 3268; x_wconf 90' lang='lat' dir='ltr'><strong>rationi</strong></span> <span class='ocrx_word' id='word_1_545' title='bbox 3321 3229 3435 3270; x_wconf 88' lang='lat' dir='ltr'><strong>non</strong></span> 
     </span>
    </p>
   </div>
   <div class='ocr_carea' id='block_1_78' title="bbox 1855 3307 3434 3379">
    <p class='ocr_par' dir='ltr' id='par_1_78' title="bbox 1855 3307 3434 3379">
     <span class='ocr_line' id='line_1_79' title="bbox 1855 3307 3434 3379; baseline -0.001 -19"><span class='ocrx_word' id='word_1_546' title='bbox 1855 3308 2245 3374; x_wconf 84' lang='lat' dir='ltr'><strong>consentanea,</strong></span> <span class='ocrx_word' id='word_1_547' title='bbox 2274 3309 2552 3379; x_wconf 88' lang='lat' dir='ltr'><strong>multaque</strong></span> <span class='ocrx_word' id='word_1_548' title='bbox 2586 3308 2846 3364; x_wconf 82' lang='lat' dir='ltr'><strong>absurda.</strong></span> <span class='ocrx_word' id='word_1_549' title='bbox 2886 3307 3103 3363; x_wconf 77' lang='lat' dir='ltr'><strong>Rationi</strong></span> <span class='ocrx_word' id='word_1_550' title='bbox 3140 3322 3253 3362; x_wconf 84' lang='lat' dir='ltr'><strong>non</strong></span> <span class='ocrx_word' id='word_1_551' title='bbox 3301 3322 3434 3360; x_wconf 89' lang='lat' dir='ltr'><strong>con-</strong></span> 
     </span>
    </p>
   </div>
   <div class='ocr_carea' id='block_1_79' title="bbox 1855 3398 3433 3472">
    <p class='ocr_par' dir='ltr' id='par_1_79' title="bbox 1855 3398 3433 3472">
     <span class='ocr_line' id='line_1_80' title="bbox 1855 3398 3433 3472; baseline -0.001 -18"><span class='ocrx_word' id='word_1_552' title='bbox 1855 3401 2022 3455; x_wconf 88' lang='lat' dir='ltr'><strong>sentit</strong></span> <span class='ocrx_word' id='word_1_553' title='bbox 2063 3400 2209 3472; x_wconf 86' lang='lat' dir='ltr'><strong>quod</strong></span> <span class='ocrx_word' id='word_1_554' title='bbox 2257 3401 2475 3466; x_wconf 88' lang='lat' dir='ltr'><strong>dicitur,</strong></span> <span class='ocrx_word' id='word_1_555' title='bbox 2507 3403 2735 3456; x_wconf 89' lang='lat' dir='ltr'><strong>alterum</strong></span> <span class='ocrx_word' id='word_1_556' title='bbox 2766 3401 2923 3456; x_wconf 86' lang='lat' dir='ltr'><strong>alteri</strong></span> <span class='ocrx_word' id='word_1_557' title='bbox 2963 3398 3433 3470; x_wconf 76' lang='lat' dir='ltr'><strong>pati;absurdurn</strong></span> 
     </span>
    </p>
   </div>
   <div class='ocr_carea' id='block_1_80' title="bbox 1855 3490 3432 3563">
    <p class='ocr_par' dir='ltr' id='par_1_80' title="bbox 1855 3490 3432 3563">
     <span class='ocr_line' id='line_1_81' title="bbox 1855 3490 3432 3563; baseline -0.002 -16"><span class='ocrx_word' id='word_1_558' title='bbox 1855 3499 1940 3548; x_wconf 89' lang='lat' dir='ltr'><strong>est</strong></span> <span class='ocrx_word' id='word_1_559' title='bbox 1968 3491 2100 3547; x_wconf 85' lang='lat' dir='ltr'><strong>illud</strong></span> <span class='ocrx_word' id='word_1_560' title='bbox 2138 3511 2150 3546; x_wconf 90' lang='lat'>:</span> <span class='ocrx_word' id='word_1_561' title='bbox 2193 3491 2463 3548; x_wconf 70' lang='lat' dir='ltr'><strong>«Verbum</strong></span> <span class='ocrx_word' id='word_1_562' title='bbox 2503 3500 2588 3548; x_wconf 90' lang='lat' dir='ltr'><strong>est</strong></span> <span class='ocrx_word' id='word_1_563' title='bbox 2615 3508 2860 3563; x_wconf 87' lang='lat' dir='ltr'><strong>passum.</strong></span> <span class='ocrx_word' id='word_1_564' title='bbox 2903 3512 2922 3544; x_wconf 74' lang='grc' dir='ltr'><strong>ι</strong></span> <span class='ocrx_word' id='word_1_565' title='bbox 2954 3490 3112 3558; x_wconf 85' lang='lat' dir='ltr'><strong>Quod</strong></span> <span class='ocrx_word' id='word_1_566' title='bbox 3151 3506 3276 3546; x_wconf 89' lang='lat' dir='ltr'><strong>cum</strong></span> <span class='ocrx_word' id='word_1_567' title='bbox 3328 3507 3432 3545; x_wconf 89' lang='lat' dir='ltr'><strong>nu-</strong></span> 
     </span>
    </p>
   </div>
   <div class='ocr_carea' id='block_1_81' title="bbox 1854 3583 3432 3655">
    <p class='ocr_par' dir='ltr' id='par_1_81' title="bbox 1854 3583 3432 3655">
     <span class='ocr_line' id='line_1_82' title="bbox 1854 3583 3432 3655; baseline -0.002 -15"><span class='ocrx_word' id='word_1_568' title='bbox 1854 3585 1984 3640; x_wconf 91' lang='lat' dir='ltr'><strong>dum</strong></span> <span class='ocrx_word' id='word_1_569' title='bbox 2023 3584 2230 3655; x_wconf 82' lang='lat' dir='ltr'><strong>absque</strong></span> <span class='ocrx_word' id='word_1_570' title='bbox 2259 3585 2527 3641; x_wconf 88' lang='lat' dir='ltr'><strong>velamine</strong></span> <span class='ocrx_word' id='word_1_571' title='bbox 2555 3584 2800 3655; x_wconf 80' lang='lat' dir='ltr'><strong>proferre</strong></span> <span class='ocrx_word' id='word_1_572' title='bbox 2829 3599 2938 3639; x_wconf 93' lang='lat' dir='ltr'><strong>non</strong></span> <span class='ocrx_word' id='word_1_573' title='bbox 2965 3584 3248 3647; x_wconf 86' lang='lat' dir='ltr'><strong>auderent,</strong></span> <span class='ocrx_word' id='word_1_574' title='bbox 3281 3583 3432 3653; x_wconf 86' lang='lat' dir='ltr'><strong>adje-</strong></span> 
     </span>
    </p>
   </div>
   <div class='ocr_carea' id='block_1_82' title="bbox 1855 3672 3428 3745">
    <p class='ocr_par' dir='ltr' id='par_1_82' title="bbox 1855 3672 3428 3745">
     <span class='ocr_line' id='line_1_83' title="bbox 1855 3672 3428 3745; baseline -0.004 -12"><span class='ocrx_word' id='word_1_575' title='bbox 1855 3684 2050 3733; x_wconf 85' lang='lat' dir='ltr'><strong>cerunt</strong></span> <span class='ocrx_word' id='word_1_576' title='bbox 2093 3676 2252 3742; x_wconf 87' lang='lat' dir='ltr'><strong>illud,</strong></span> <span class='ocrx_word' id='word_1_577' title='bbox 2295 3695 2314 3728; x_wconf 73' lang='grc' dir='ltr'><strong>ι</strong></span> <span class='ocrx_word' id='word_1_578' title='bbox 2370 3689 2558 3742; x_wconf 87' lang='lat' dir='ltr'><strong>carne,</strong></span> <span class='ocrx_word' id='word_1_579' title='bbox 2602 3694 2620 3727; x_wconf 73' lang='grc' dir='ltr'><strong>ι</strong></span> <span class='ocrx_word' id='word_1_580' title='bbox 2655 3685 2709 3730; x_wconf 88' lang='lat' dir='ltr'><strong>et</strong></span> <span class='ocrx_word' id='word_1_581' title='bbox 2737 3674 2894 3745; x_wconf 90' lang='lat' dir='ltr'><strong>quasi</strong></span> <span class='ocrx_word' id='word_1_582' title='bbox 2941 3680 3156 3745; x_wconf 89' lang='lat' dir='ltr'><strong>turpem</strong></span> <span class='ocrx_word' id='word_1_583' title='bbox 3213 3672 3428 3739; x_wconf 80' lang='lat' dir='ltr'><strong>faciem,</strong></span> 
     </span>
    </p>
   </div>
   <div class='ocr_carea' id='block_1_83' title="bbox 1853 3762 3430 3825">
    <p class='ocr_par' dir='ltr' id='par_1_83' title="bbox 1853 3762 3430 3825">
     <span class='ocr_line' id='line_1_84' title="bbox 1853 3762 3430 3825; baseline -0.005 0"><span class='ocrx_word' id='word_1_584' title='bbox 1853 3768 2045 3825; x_wconf 87' lang='lat' dir='ltr'><strong>dolosa</strong></span> <span class='ocrx_word' id='word_1_585' title='bbox 2107 3768 2256 3822; x_wconf 88' lang='lat' dir='ltr'><strong>larva</strong></span> <span class='ocrx_word' id='word_1_586' title='bbox 2308 3765 2592 3823; x_wconf 83' lang='lat' dir='ltr'><strong>sententiae</strong></span> <span class='ocrx_word' id='word_1_587' title='bbox 2643 3764 3036 3821; x_wconf 87' lang='lat' dir='ltr'><strong>absurditatem</strong></span> <span class='ocrx_word' id='word_1_588' title='bbox 3093 3762 3430 3818; x_wconf 89' lang='lat' dir='ltr'><strong>obvelarunt.</strong></span> 
     </span>
    </p>
   </div>
   <div class='ocr_carea' id='block_1_84' title="bbox 1858 3855 3432 3930">
    <p class='ocr_par' dir='ltr' id='par_1_84' title="bbox 1858 3855 3432 3930">
     <span class='ocr_line' id='line_1_85' title="bbox 1858 3855 3432 3930; baseline -0.004 -15"><span class='ocrx_word' id='word_1_589' title='bbox 1858 3860 1916 3915; x_wconf 90' lang='lat' dir='ltr'><strong>Si</strong></span> <span class='ocrx_word' id='word_1_590' title='bbox 1955 3860 2192 3916; x_wconf 80' lang='lat' dir='ltr'><strong>Verbum</strong></span> <span class='ocrx_word' id='word_1_591' title='bbox 2223 3873 2448 3930; x_wconf 89' lang='lat' dir='ltr'><strong>passum</strong></span> <span class='ocrx_word' id='word_1_592' title='bbox 2478 3864 2584 3924; x_wconf 88' lang='lat' dir='ltr'><strong>est,</strong></span> <span class='ocrx_word' id='word_1_593' title='bbox 2618 3857 2724 3914; x_wconf 88' lang='lat' dir='ltr'><strong>sibi</strong></span> <span class='ocrx_word' id='word_1_594' title='bbox 2771 3856 2876 3928; x_wconf 91' lang='lat' dir='ltr'><strong>ipsi</strong></span> <span class='ocrx_word' id='word_1_595' title='bbox 2921 3864 3006 3912; x_wconf 88' lang='lat' dir='ltr'><strong>est</strong></span> <span class='ocrx_word' id='word_1_596' title='bbox 3039 3870 3260 3926; x_wconf 91' lang='lat' dir='ltr'><strong>passum</strong></span> <span class='ocrx_word' id='word_1_597' title='bbox 3295 3874 3311 3910; x_wconf 88' lang='lat'><strong>:</strong></span> <span class='ocrx_word' id='word_1_598' title='bbox 3344 3855 3432 3911; x_wconf 90' lang='lat' dir='ltr'><strong>sin</strong></span> 
     </span>
    </p>
   </div>
   <div class='ocr_carea' id='block_1_85' title="bbox 1855 3944 3432 4022">
    <p class='ocr_par' dir='ltr' id='par_1_85' title="bbox 1855 3944 3432 4022">
     <span class='ocr_line' id='line_1_86' title="bbox 1855 3944 3432 4022; baseline -0.005 -16"><span class='ocrx_word' id='word_1_599' title='bbox 1855 3953 2004 4008; x_wconf 89' lang='lat' dir='ltr'><strong>aliud</strong></span> <span class='ocrx_word' id='word_1_600' title='bbox 2037 3951 2296 4022; x_wconf 53' lang='lat' dir='ltr'><strong>est.quod</strong></span> <span class='ocrx_word' id='word_1_601' title='bbox 2349 3964 2572 4022; x_wconf 91' lang='lat' dir='ltr'><strong>passum</strong></span> <span class='ocrx_word' id='word_1_602' title='bbox 2623 3955 2728 4015; x_wconf 90' lang='lat' dir='ltr'><strong>est,</strong></span> <span class='ocrx_word' id='word_1_603' title='bbox 2764 3947 2900 4002; x_wconf 90' lang='lat' dir='ltr'><strong>nihil</strong></span> <span class='ocrx_word' id='word_1_604' title='bbox 2937 3947 3006 4001; x_wconf 89' lang='lat' dir='ltr'><strong>ad</strong></span> <span class='ocrx_word' id='word_1_605' title='bbox 3029 3946 3288 4009; x_wconf 84' lang='lat' dir='ltr'><strong>Verbum,</strong></span> <span class='ocrx_word' id='word_1_606' title='bbox 3323 3944 3432 3999; x_wconf 90' lang='lat' dir='ltr'><strong>nisi</strong></span> 
     </span>
    </p>
   </div>
   <div class='ocr_carea' id='block_1_86' title="bbox 1854 4037 3432 4115">
    <p class='ocr_par' dir='ltr' id='par_1_86' title="bbox 1854 4037 3432 4115">
     <span class='ocr_line' id='line_1_87' title="bbox 1854 4037 3432 4115; baseline -0.005 -17"><span class='ocrx_word' id='word_1_607' title='bbox 1854 4045 1974 4099; x_wconf 87' lang='lat' dir='ltr'><strong>sola</strong></span> <span class='ocrx_word' id='word_1_608' title='bbox 2003 4044 2202 4115; x_wconf 90' lang='lat' dir='ltr'><strong>injuria</strong></span> <span class='ocrx_word' id='word_1_609' title='bbox 2227 4058 2349 4114; x_wconf 67' lang='lat' dir='ltr'><strong>qua:</strong></span> <span class='ocrx_word' id='word_1_610' title='bbox 2371 4041 2613 4112; x_wconf 89' lang='lat' dir='ltr'><strong>patiente</strong></span> <span class='ocrx_word' id='word_1_611' title='bbox 2631 4054 2865 4110; x_wconf 89' lang='lat' dir='ltr'><strong>corpore</strong></span> <span class='ocrx_word' id='word_1_612' title='bbox 2896 4039 2999 4109; x_wconf 89' lang='lat' dir='ltr'><strong>ipsi</strong></span> <span class='ocrx_word' id='word_1_613' title='bbox 3023 4038 3339 4107; x_wconf 88' lang='lat' dir='ltr'><strong>conjuncto,</strong></span> <span class='ocrx_word' id='word_1_614' title='bbox 3362 4037 3432 4091; x_wconf 87' lang='lat' dir='ltr'><strong>ad</strong></span> 
     </span>
    </p>
   </div>
   <div class='ocr_carea' id='block_1_87' title="bbox 1856 4127 3432 4207">
    <p class='ocr_par' dir='ltr' id='par_1_87' title="bbox 1856 4127 3432 4207">
     <span class='ocr_line' id='line_1_88' title="bbox 1856 4127 3432 4207; baseline -0.006 -16"><span class='ocrx_word' id='word_1_615' title='bbox 1856 4139 2033 4207; x_wconf 90' lang='lat' dir='ltr'><strong>ipsum</strong></span> <span class='ocrx_word' id='word_1_616' title='bbox 2070 4135 2308 4191; x_wconf 88' lang='lat' dir='ltr'><strong>recurrit</strong></span> <span class='ocrx_word' id='word_1_617' title='bbox 2351 4133 2611 4190; x_wconf 85' lang='lat' dir='ltr'><strong>Verbum.</strong></span> <span class='ocrx_word' id='word_1_618' title='bbox 2667 4133 2860 4188; x_wconf 88' lang='lat' dir='ltr'><strong>Dicere</strong></span> <span class='ocrx_word' id='word_1_619' title='bbox 2893 4139 3098 4196; x_wconf 90' lang='lat' dir='ltr'><strong>autem,</strong></span> <span class='ocrx_word' id='word_1_620' title='bbox 3139 4147 3158 4180; x_wconf 73' lang='grc' dir='ltr'><strong>ι</strong></span> <span class='ocrx_word' id='word_1_621' title='bbox 3193 4127 3432 4183; x_wconf 88' lang='lat' dir='ltr'><strong>Verbum</strong></span> 
     </span>
    </p>
   </div>
   <div class='ocr_carea' id='block_1_88' title="bbox 1857 4217 3434 4298">
    <p class='ocr_par' dir='ltr' id='par_1_88' title="bbox 1857 4217 3434 4298">
     <span class='ocr_line' id='line_1_89' title="bbox 1857 4217 3434 4298; baseline -0.006 -17"><span class='ocrx_word' id='word_1_622' title='bbox 1857 4242 2080 4298; x_wconf 89' lang='lat' dir='ltr'><strong>passum</strong></span> <span class='ocrx_word' id='word_1_623' title='bbox 2136 4234 2222 4284; x_wconf 92' lang='lat' dir='ltr'><strong>est</strong></span> <span class='ocrx_word' id='word_1_624' title='bbox 2273 4241 2456 4294; x_wconf 89' lang='lat' dir='ltr'><strong>carne,</strong></span> <span class='ocrx_word' id='word_1_625' title='bbox 2490 4245 2508 4278; x_wconf 77' lang='grc' dir='ltr'><strong>ι</strong></span> <span class='ocrx_word' id='word_1_626' title='bbox 2546 4224 2770 4280; x_wconf 90' lang='lat' dir='ltr'><strong>minime</strong></span> <span class='ocrx_word' id='word_1_627' title='bbox 2808 4221 3075 4292; x_wconf 88' lang='lat' dir='ltr'><strong>scriptum</strong></span> <span class='ocrx_word' id='word_1_628' title='bbox 3102 4228 3205 4283; x_wconf 88' lang='lat' dir='ltr'><strong>est,</strong></span> <span class='ocrx_word' id='word_1_629' title='bbox 3242 4232 3304 4272; x_wconf 91' lang='lat' dir='ltr'><strong>ac</strong></span> <span class='ocrx_word' id='word_1_630' title='bbox 3329 4217 3434 4272; x_wconf 84' lang='lat' dir='ltr'><strong>im-</strong></span> 
     </span>
    </p>
   </div>
   <div class='ocr_carea' id='block_1_89' title="bbox 1856 4311 3434 4389">
    <p class='ocr_par' dir='ltr' id='par_1_89' title="bbox 1856 4311 3434 4389">
     <span class='ocr_line' id='line_1_90' title="bbox 1856 4311 3434 4389; baseline -0.006 -16"><span class='ocrx_word' id='word_1_631' title='bbox 1856 4318 2160 4389; x_wconf 86' lang='lat' dir='ltr'><strong>proprium,</strong></span> <span class='ocrx_word' id='word_1_632' title='bbox 2186 4317 2716 4387; x_wconf 85' lang='lat' dir='ltr'><strong>incompositumque</strong></span> <span class='ocrx_word' id='word_1_633' title='bbox 2757 4321 2863 4381; x_wconf 89' lang='lat' dir='ltr'><strong>est,</strong></span> <span class='ocrx_word' id='word_1_634' title='bbox 2906 4327 3007 4367; x_wconf 90' lang='lat' dir='ltr'><strong>nec</strong></span> <span class='ocrx_word' id='word_1_635' title='bbox 3047 4311 3268 4368; x_wconf 86' lang='lat' dir='ltr'><strong>aliunde</strong></span> <span class='ocrx_word' id='word_1_636' title='bbox 3299 4326 3434 4366; x_wconf 82' lang='lat' dir='ltr'><strong>con-</strong></span> 
     </span>
    </p>
   </div>
   <div class='ocr_carea' id='block_1_90' title="bbox 165 4400 1755 4483">
    <p class='ocr_par' dir='ltr' id='par_1_90' title="bbox 165 4400 1755 4478">
     <span class='ocr_line' id='line_1_91' title="bbox 165 4400 1755 4478; baseline 0.006 -26"><span class='ocrx_word' id='word_1_637' title='bbox 165 4400 442 4466; x_wconf 83' lang='grc' dir='ltr'>εὐσεϐέσι,</span> <span class='ocrx_word' id='word_1_638' title='bbox 508 4402 802 4474; x_wconf 87' lang='grc' dir='ltr'>φάρμακον</span> <span class='ocrx_word' id='word_1_639' title='bbox 831 4405 1143 4477; x_wconf 88' lang='grc' dir='ltr'>προσθεῖναι</span> <span class='ocrx_word' id='word_1_640' title='bbox 1183 4406 1246 4459; x_wconf 85' lang='grc' dir='ltr'><strong>τὸ</strong></span> <span class='ocrx_word' id='word_1_641' title='bbox 1266 4425 1285 4459; x_wconf 73' lang='grc' dir='ltr'><strong>ι</strong></span> <span class='ocrx_word' id='word_1_642' title='bbox 1317 4410 1382 4478; x_wconf 79' lang='grc' dir='ltr'>τῇ</span> <span class='ocrx_word' id='word_1_643' title='bbox 1414 4407 1574 4478; x_wconf 72' lang='grc' dir='ltr'>σαρκὶ</span> <span class='ocrx_word' id='word_1_644' title='bbox 1603 4426 1620 4458; x_wconf 71' lang='grc' dir='ltr'><strong>ι</strong></span> <span class='ocrx_word' id='word_1_645' title='bbox 1645 4411 1755 4472; x_wconf 86' lang='grc' dir='ltr'>τοῖς</span> 
     </span>
    </p>
   </div>
   <div class='ocr_carea' id='block_1_91' title="bbox 1858 4400 3432 4483">
    <p class='ocr_par' dir='ltr' id='par_1_91' title="bbox 1860 4403 3432 4483">
     <span class='ocr_line' id='line_1_92' title="bbox 1860 4403 3432 4483; baseline -0.008 -15"><span class='ocrx_word' id='word_1_646' title='bbox 1860 4412 2130 4483; x_wconf 89' lang='lat' dir='ltr'><strong>sequitur.</strong></span> <span class='ocrx_word' id='word_1_647' title='bbox 2162 4409 2270 4467; x_wconf 90' lang='lat' dir='ltr'><strong>Sed</strong></span> <span class='ocrx_word' id='word_1_648' title='bbox 2303 4410 2431 4480; x_wconf 84' lang='lat' dir='ltr'><strong>quia</strong></span> <span class='ocrx_word' id='word_1_649' title='bbox 2452 4410 2663 4464; x_wconf 86' lang='lat' dir='ltr'><strong>nullum</strong></span> <span class='ocrx_word' id='word_1_650' title='bbox 2695 4405 3108 4477; x_wconf 87' lang='lat' dir='ltr'><strong>blasphemandi</strong></span> <span class='ocrx_word' id='word_1_651' title='bbox 3141 4407 3299 4461; x_wconf 87' lang='lat' dir='ltr'><strong>linem</strong></span> <span class='ocrx_word' id='word_1_652' title='bbox 3326 4403 3432 4461; x_wconf 90' lang='lat' dir='ltr'><strong>sibi</strong></span> 
     </span>
    </p>
   </div>
   <div class='ocr_carea' id='block_1_92' title="bbox 168 4475 1755 4576">
    <p class='ocr_par' dir='ltr' id='par_1_92' title="bbox 168 4475 1753 4571">
     <span class='ocr_line' id='line_1_93' title="bbox 168 4475 1753 4571; baseline 0.007 -28"><span class='ocrx_word' id='word_1_653' title='bbox 168 4493 431 4562; x_wconf 81' lang='grc' dir='ltr'>ῥημάτων</span> <span class='ocrx_word' id='word_1_654' title='bbox 454 4495 761 4566; x_wconf 88' lang='grc' dir='ltr'>τραύμασιν</span> <span class='ocrx_word' id='word_1_655' title='bbox 790 4475 1137 4552; x_wconf 85' lang='grc' dir='ltr'>ἐδικαίωσαν·</span> <span class='ocrx_word' id='word_1_656' title='bbox 1165 4498 1284 4552; x_wconf 86' lang='grc' dir='ltr'>δέον</span> <span class='ocrx_word' id='word_1_657' title='bbox 1321 4475 1457 4571; x_wconf 63' lang='grc' dir='ltr'>μήτε</span> <span class='ocrx_word' id='word_1_658' title='bbox 1483 4475 1580 4570; x_wconf 84' lang='grc' dir='ltr'>τὴν</span> <span class='ocrx_word' id='word_1_659' title='bbox 1601 4499 1753 4555; x_wconf 87' lang='grc' dir='ltr'>νόσον</span> 
     </span>
    </p>
   </div>
   <div class='ocr_carea' id='block_1_93' title="bbox 1858 4475 3426 4576">
    <p class='ocr_par' dir='ltr' id='par_1_93' title="bbox 1858 4475 3426 4576">
     <span class='ocr_line' id='line_1_94' title="bbox 1858 4475 3426 4576; baseline -0.007 -17"><span class='ocrx_word' id='word_1_660' title='bbox 1858 4475 2353 4576; x_wconf 47' lang='lat' dir='ltr'><strong>pra-ascripserunt:</strong></span> <span class='ocrx_word' id='word_1_661' title='bbox 2385 4501 2649 4572; x_wconf 86' lang='lat' dir='ltr'><strong>illudque,</strong></span> <span class='ocrx_word' id='word_1_662' title='bbox 2684 4519 2702 4552; x_wconf 78' lang='grc' dir='ltr'><strong>ι</strong></span> <span class='ocrx_word' id='word_1_663' title='bbox 2740 4475 2971 4557; x_wconf 87' lang='lat' dir='ltr'><strong>Passum</strong></span> <span class='ocrx_word' id='word_1_664' title='bbox 3004 4506 3089 4555; x_wconf 89' lang='lat' dir='ltr'><strong>est</strong></span> <span class='ocrx_word' id='word_1_665' title='bbox 3117 4495 3378 4560; x_wconf 88' lang='lat' dir='ltr'><strong>Verbum,</strong></span> <span class='ocrx_word' id='word_1_666' title='bbox 3407 4515 3426 4548; x_wconf 71' lang='grc' dir='ltr'><strong>ι</strong></span> 
     </span>
    </p>
   </div>
   <div class='ocr_carea' id='block_1_94' title="bbox 166 4585 1750 4662">
    <p class='ocr_par' dir='ltr' id='par_1_94' title="bbox 166 4585 1750 4662">
     <span class='ocr_line' id='line_1_95' title="bbox 166 4585 1750 4662; baseline 0.005 -26"><span class='ocrx_word' id='word_1_667' title='bbox 166 4585 420 4652; x_wconf 82' lang='grc' dir='ltr'>ἐπάγειν,</span> <span class='ocrx_word' id='word_1_668' title='bbox 482 4588 621 4659; x_wconf 81' lang='grc' dir='ltr'>μήτε</span> <span class='ocrx_word' id='word_1_669' title='bbox 677 4589 1024 4660; x_wconf 87' lang='grc' dir='ltr'>φαρμακείας</span> <span class='ocrx_word' id='word_1_670' title='bbox 1068 4589 1368 4662; x_wconf 86' lang='grc' dir='ltr'>ἀπατώσης</span> <span class='ocrx_word' id='word_1_671' title='bbox 1428 4591 1750 4662; x_wconf 78' lang='grc' dir='ltr'>φροντίζειν.</span> 
     </span>
    </p>
   </div>
   <div class='ocr_carea' id='block_1_95' title="bbox 166 4675 1755 4755">
    <p class='ocr_par' dir='ltr' id='par_1_95' title="bbox 166 4675 1755 4755">
     <span class='ocr_line' id='line_1_96' title="bbox 166 4675 1755 4755; baseline 0.004 -26"><span class='ocrx_word' id='word_1_672' title='bbox 166 4675 336 4729; x_wconf 83' lang='grc' dir='ltr'>Οὐδὲν</span> <span class='ocrx_word' id='word_1_673' title='bbox 371 4677 478 4749; x_wconf 81' lang='grc' dir='ltr'>γὰρ</span> <span class='ocrx_word' id='word_1_674' title='bbox 509 4678 618 4732; x_wconf 88' lang='grc' dir='ltr'><strong>τῶν</strong></span> <span class='ocrx_word' id='word_1_675' title='bbox 648 4681 974 4751; x_wconf 90' lang='grc' dir='ltr'>παραλόγων</span> <span class='ocrx_word' id='word_1_676' title='bbox 1015 4684 1406 4754; x_wconf 88' lang='grc' dir='ltr'>τεχνασμάτων</span> <span class='ocrx_word' id='word_1_677' title='bbox 1439 4685 1755 4755; x_wconf 78' lang='grc' dir='ltr'>εὑρίσκεται</span> 
     </span>
    </p>
   </div>
   <div class='ocr_carea' id='block_1_96' title="bbox 164 4767 1757 4845">
    <p class='ocr_par' dir='ltr' id='par_1_96' title="bbox 164 4767 1757 4845">
     <span class='ocr_line' id='line_1_97' title="bbox 164 4767 1757 4845; baseline 0.007 -25"><span class='ocrx_word' id='word_1_678' title='bbox 164 4770 235 4838; x_wconf 82' lang='grc' dir='ltr'>τῇ</span> <span class='ocrx_word' id='word_1_679' title='bbox 285 4767 514 4842; x_wconf 77' lang='grc' dir='ltr'>ἀληθείᾳ</span> <span class='ocrx_word' id='word_1_680' title='bbox 562 4773 1030 4845; x_wconf 79' lang='grc' dir='ltr'>συναρμοζόμενον</span> <span class='ocrx_word' id='word_1_681' title='bbox 1061 4792 1074 4805; x_wconf 85' lang='grc'><em>’</em></span> <span class='ocrx_word' id='word_1_682' title='bbox 1112 4776 1226 4828; x_wconf 85' lang='grc' dir='ltr'>ἀλλ’</span> <span class='ocrx_word' id='word_1_683' title='bbox 1252 4777 1384 4829; x_wconf 82' lang='grc' dir='ltr'>αὐτὸ</span> <span class='ocrx_word' id='word_1_684' title='bbox 1415 4777 1476 4830; x_wconf 84' lang='grc' dir='ltr'>τὸ</span> <span class='ocrx_word' id='word_1_685' title='bbox 1498 4777 1757 4841; x_wconf 83' lang='grc' dir='ltr'>πολλάκις</span> 
     </span>
    </p>
   </div>
   <div class='ocr_carea' id='block_1_97' title="bbox 167 4859 1758 4938">
    <p class='ocr_par' dir='ltr' id='par_1_97' title="bbox 167 4859 1758 4938">
     <span class='ocr_line' id='line_1_98' title="bbox 167 4859 1758 4938; baseline 0.006 -28"><span class='ocrx_word' id='word_1_686' title='bbox 167 4859 346 4930; x_wconf 74' lang='grc' dir='ltr'>ἐαυτῷ</span> <span class='ocrx_word' id='word_1_687' title='bbox 374 4861 701 4933; x_wconf 86' lang='grc' dir='ltr'>μαχόμενον,</span> <span class='ocrx_word' id='word_1_688' title='bbox 729 4865 823 4918; x_wconf 82' lang='grc' dir='ltr'><strong>καὶ</strong></span> <span class='ocrx_word' id='word_1_689' title='bbox 861 4866 935 4938; x_wconf 86' lang='grc' dir='ltr'>μὴ</span> <span class='ocrx_word' id='word_1_690' title='bbox 965 4866 1216 4937; x_wconf 85' lang='grc' dir='ltr'>εὑρίσκον</span> <span class='ocrx_word' id='word_1_691' title='bbox 1241 4867 1428 4921; x_wconf 88' lang='grc' dir='ltr'>στάσιν</span> <span class='ocrx_word' id='word_1_692' title='bbox 1465 4867 1617 4938; x_wconf 83' lang='grc' dir='ltr'>παρὰ</span> <span class='ocrx_word' id='word_1_693' title='bbox 1643 4869 1758 4931; x_wconf 89' lang='grc' dir='ltr'>τοῖς</span> 
     </span>
    </p>
   </div>
   <div class='ocr_carea' id='block_1_98' title="bbox 168 4950 1754 5032">
    <p class='ocr_par' dir='ltr' id='par_1_98' title="bbox 168 4950 1754 5032">
     <span class='ocr_line' id='line_1_99' title="bbox 168 4950 1754 5032; baseline 0.009 -32"><span class='ocrx_word' id='word_1_694' title='bbox 168 4950 407 5015; x_wconf 87' lang='grc' dir='ltr'>συνετῶς</span> <span class='ocrx_word' id='word_1_695' title='bbox 432 4953 736 5009; x_wconf 80' lang='grc' dir='ltr'>ἐπαΐουσιν.</span> <span class='ocrx_word' id='word_1_696' title='bbox 779 4956 918 5011; x_wconf 78' lang='grc' dir='ltr'>Οὔτε</span> <span class='ocrx_word' id='word_1_697' title='bbox 945 4959 974 5010; x_wconf 94' lang='lat'><strong>6</strong></span> <span class='ocrx_word' id='word_1_698' title='bbox 995 4958 1169 5028; x_wconf 90' lang='grc' dir='ltr'>Λόγος</span> <span class='ocrx_word' id='word_1_699' title='bbox 1202 4959 1442 5030; x_wconf 83' lang='grc' dir='ltr'>παθητὸς</span> <span class='ocrx_word' id='word_1_700' title='bbox 1470 4963 1538 5032; x_wconf 78' lang='grc' dir='ltr'>τῇ</span> <span class='ocrx_word' id='word_1_701' title='bbox 1567 4962 1754 5032; x_wconf 81' lang='grc' dir='ltr'>σαρκὶ,</span> 
     </span>
    </p>
   </div>
   <div class='ocr_carea' id='block_1_99' title="bbox 165 5039 1756 5124">
    <p class='ocr_par' dir='ltr' id='par_1_99' title="bbox 165 5039 1756 5124">
     <span class='ocr_line' id='line_1_100' title="bbox 165 5039 1756 5124; baseline 0.009 -32"><span class='ocrx_word' id='word_1_702' title='bbox 165 5039 291 5095; x_wconf 79' lang='grc' dir='ltr'>οὔτε</span> <span class='ocrx_word' id='word_1_703' title='bbox 326 5044 360 5113; x_wconf 81' lang='grc' dir='ltr'><strong>ἡ</strong></span> <span class='ocrx_word' id='word_1_704' title='bbox 394 5043 528 5116; x_wconf 78' lang='grc' dir='ltr'>σὰρξ</span> <span class='ocrx_word' id='word_1_705' title='bbox 560 5046 775 5120; x_wconf 78' lang='grc' dir='ltr'>ἀπαθὴς</span> <span class='ocrx_word' id='word_1_706' title='bbox 806 5049 885 5120; x_wconf 83' lang='grc' dir='ltr'>τῷ</span> <span class='ocrx_word' id='word_1_707' title='bbox 908 5050 1086 5121; x_wconf 72' lang='grc' dir='ltr'>Λόγῳ*</span> <span class='ocrx_word' id='word_1_708' title='bbox 1114 5051 1249 5104; x_wconf 75' lang='grc' dir='ltr'>ἀλλὰ</span> <span class='ocrx_word' id='word_1_709' title='bbox 1277 5052 1370 5105; x_wconf 71' lang='grc' dir='ltr'><strong>καὶ</strong></span> <span class='ocrx_word' id='word_1_710' title='bbox 1393 5054 1426 5121; x_wconf 87' lang='grc' dir='ltr'>ἡ</span> <span class='ocrx_word' id='word_1_711' title='bbox 1457 5051 1593 5124; x_wconf 82' lang='grc' dir='ltr'>σὰρξ</span> <span class='ocrx_word' id='word_1_712' title='bbox 1615 5053 1756 5107; x_wconf 80' lang='grc' dir='ltr'>κατὰ</span> 
     </span>
    </p>
   </div>
   <div class='ocr_carea' id='block_1_100' title="bbox 165 5133 1756 5214">
    <p class='ocr_par' dir='ltr' id='par_1_100' title="bbox 165 5133 1756 5214">
     <span class='ocr_line' id='line_1_101' title="bbox 165 5133 1756 5214; baseline 0.008 -29"><span class='ocrx_word' id='word_1_713' title='bbox 165 5133 269 5207; x_wconf 66' lang='grc' dir='ltr'>τὴν</span> <span class='ocrx_word' id='word_1_714' title='bbox 310 5136 516 5189; x_wconf 78' lang='grc' dir='ltr'>οἰκείαν</span> <span class='ocrx_word' id='word_1_715' title='bbox 560 5138 722 5207; x_wconf 87' lang='grc' dir='ltr'>φύσιν</span> <span class='ocrx_word' id='word_1_716' title='bbox 765 5140 826 5194; x_wconf 84' lang='grc' dir='ltr'><strong>τὸ</strong></span> <span class='ocrx_word' id='word_1_717' title='bbox 859 5141 1031 5205; x_wconf 89' lang='grc' dir='ltr'>πάθος</span> <span class='ocrx_word' id='word_1_718' title='bbox 1064 5143 1367 5214; x_wconf 85' lang='grc' dir='ltr'>προσίεται,</span> <span class='ocrx_word' id='word_1_719' title='bbox 1394 5144 1488 5197; x_wconf 77' lang='grc' dir='ltr'><strong>καὶ</strong></span> <span class='ocrx_word' id='word_1_720' title='bbox 1521 5146 1550 5196; x_wconf 89' lang='lat'><strong>6</strong></span> <span class='ocrx_word' id='word_1_721' title='bbox 1581 5145 1756 5213; x_wconf 89' lang='grc' dir='ltr'>Λόγος</span> 
     </span>
    </p>
   </div>
   <div class='ocr_carea' id='block_1_101' title="bbox 165 5224 1750 5306">
    <p class='ocr_par' dir='ltr' id='par_1_101' title="bbox 165 5224 1750 5306">
     <span class='ocr_line' id='line_1_102' title="bbox 165 5224 1750 5306; baseline 0.007 -27"><span class='ocrx_word' id='word_1_722' title='bbox 165 5224 471 5298; x_wconf 86' lang='grc' dir='ltr'>ἀχώριστον</span> <span class='ocrx_word' id='word_1_723' title='bbox 513 5230 614 5302; x_wconf 86' lang='grc' dir='ltr'>τῆς</span> <span class='ocrx_word' id='word_1_724' title='bbox 666 5231 802 5298; x_wconf 77' lang='grc' dir='ltr'>ἰδίας</span> <span class='ocrx_word' id='word_1_725' title='bbox 839 5234 1026 5299; x_wconf 77' lang='grc' dir='ltr'>οὐσίας</span> <span class='ocrx_word' id='word_1_726' title='bbox 1061 5235 1174 5306; x_wconf 77' lang='grc' dir='ltr'>ἔχει</span> <span class='ocrx_word' id='word_1_727' title='bbox 1207 5236 1266 5288; x_wconf 87' lang='grc' dir='ltr'>τὸ</span> <span class='ocrx_word' id='word_1_728' title='bbox 1306 5236 1534 5299; x_wconf 86' lang='grc' dir='ltr'>ἀπαθές.</span> <span class='ocrx_word' id='word_1_729' title='bbox 1564 5237 1627 5289; x_wconf 82' lang='grc' dir='ltr'><strong>Εἰ</strong></span> <span class='ocrx_word' id='word_1_730' title='bbox 1655 5231 1750 5290; x_wconf 81' lang='grc' dir='ltr'><strong>οὖν</strong></span> 
     </span>
    </p>
   </div>
   <div class='ocr_carea' id='block_1_102' title="bbox 162 5311 1750 5400">
    <p class='ocr_par' dir='ltr' id='par_1_102' title="bbox 162 5311 1750 5400">
     <span class='ocr_line' id='line_1_103' title="bbox 162 5311 1750 5400; baseline 0.008 -30"><span class='ocrx_word' id='word_1_731' title='bbox 162 5311 324 5382; x_wconf 74' lang='grc' dir='ltr'>οὗτος</span> <span class='ocrx_word' id='word_1_732' title='bbox 347 5323 414 5392; x_wconf 83' lang='grc' dir='ltr'>τῇ</span> <span class='ocrx_word' id='word_1_733' title='bbox 446 5324 610 5393; x_wconf 74' lang='grc' dir='ltr'>σαρκὶ</span> <span class='ocrx_word' id='word_1_734' title='bbox 641 5325 862 5396; x_wconf 87' lang='grc' dir='ltr'>πάσχει,</span> <span class='ocrx_word' id='word_1_735' title='bbox 890 5328 1018 5398; x_wconf 75' lang='grc' dir='ltr'>περὶ</span> <span class='ocrx_word' id='word_1_736' title='bbox 1048 5327 1148 5397; x_wconf 83' lang='grc' dir='ltr'>τῆς</span> <span class='ocrx_word' id='word_1_737' title='bbox 1172 5327 1371 5400; x_wconf 85' lang='grc' dir='ltr'>σαρκὸς</span> <span class='ocrx_word' id='word_1_738' title='bbox 1395 5329 1448 5381; x_wconf 90' lang='grc' dir='ltr'><strong>τί</strong></span> <span class='ocrx_word' id='word_1_739' title='bbox 1479 5328 1546 5381; x_wconf 87' lang='grc' dir='ltr'><strong>ἂν</strong></span> <span class='ocrx_word' id='word_1_740' title='bbox 1577 5329 1750 5382; x_wconf 71' lang='grc' dir='ltr'>είποιρ-</span> 
     </span>
    </p>
   </div>
   <div class='ocr_carea' id='block_1_103' title="bbox 167 5412 1750 5490">
    <p class='ocr_par' dir='ltr' id='par_1_103' title="bbox 167 5412 1750 5490">
     <span class='ocr_line' id='line_1_104' title="bbox 167 5412 1750 5490; baseline 0.009 -30"><span class='ocrx_word' id='word_1_741' title='bbox 167 5424 303 5478; x_wconf 87' lang='grc' dir='ltr'>μεν;</span> <span class='ocrx_word' id='word_1_742' title='bbox 353 5412 438 5464; x_wconf 88' lang='grc' dir='ltr'>ὃτι</span> <span class='ocrx_word' id='word_1_743' title='bbox 485 5414 686 5484; x_wconf 90' lang='grc' dir='ltr'>πάσχει</span> <span class='ocrx_word' id='word_1_744' title='bbox 747 5415 824 5486; x_wconf 82' lang='grc' dir='ltr'>τῷ</span> <span class='ocrx_word' id='word_1_745' title='bbox 881 5417 1053 5488; x_wconf 88' lang='grc' dir='ltr'>Λόγῳ,</span> <span class='ocrx_word' id='word_1_746' title='bbox 1096 5417 1129 5483; x_wconf 84' lang='grc' dir='ltr'>ἢ</span> <span class='ocrx_word' id='word_1_747' title='bbox 1165 5420 1224 5470; x_wconf 84' lang='grc' dir='ltr'><strong>οὺ</strong></span> <span class='ocrx_word' id='word_1_748' title='bbox 1259 5418 1492 5489; x_wconf 87' lang='grc' dir='ltr'>πάσχει;</span> <span class='ocrx_word' id='word_1_749' title='bbox 1526 5420 1589 5473; x_wconf 78' lang='grc' dir='ltr'><strong>Εἰ</strong></span> <span class='ocrx_word' id='word_1_750' title='bbox 1649 5421 1750 5490; x_wconf 85' lang='grc' dir='ltr'>μὲν</span> 
     </span>
    </p>
   </div>
   <div class='ocr_carea' id='block_1_104' title="bbox 164 5499 1746 5583">
    <p class='ocr_par' dir='ltr' id='par_1_104' title="bbox 164 5499 1746 5583">
     <span class='ocr_line' id='line_1_105' title="bbox 164 5499 1746 5583; baseline 0.008 -29"><span class='ocrx_word' id='word_1_751' title='bbox 164 5499 232 5555; x_wconf 82' lang='grc' dir='ltr'><strong>οὐ</strong></span> <span class='ocrx_word' id='word_1_752' title='bbox 261 5502 481 5572; x_wconf 65' lang='grc' dir='ltr'>πάσχει,</span> <span class='ocrx_word' id='word_1_753' title='bbox 509 5506 680 5580; x_wconf 79' lang='grc' dir='ltr'>ταύτῃ</span> <span class='ocrx_word' id='word_1_754' title='bbox 718 5508 779 5561; x_wconf 84' lang='grc' dir='ltr'><strong>τὸ</strong></span> <span class='ocrx_word' id='word_1_755' title='bbox 816 5508 1022 5573; x_wconf 81' lang='grc' dir='ltr'>ἀπαθὲς</span> <span class='ocrx_word' id='word_1_756' title='bbox 1051 5503 1312 5582; x_wconf 77' lang='grc' dir='ltr'>ἐχαρίσθη</span> <span class='ocrx_word' id='word_1_757' title='bbox 1334 5527 1346 5541; x_wconf 88' lang='grc'>·</span> <span class='ocrx_word' id='word_1_758' title='bbox 1375 5512 1421 5564; x_wconf 83' lang='grc' dir='ltr'><strong>εί</strong></span> <span class='ocrx_word' id='word_1_759' title='bbox 1447 5510 1504 5565; x_wconf 84' lang='grc' dir='ltr'>δὲ</span> <span class='ocrx_word' id='word_1_760' title='bbox 1527 5511 1746 5583; x_wconf 85' lang='grc' dir='ltr'>πάσχει,</span> 
     </span>
    </p>
   </div>
   <div class='ocr_carea' id='block_1_105' title="bbox 235 5656 726 5728">
    <p class='ocr_par' dir='ltr' id='par_1_105' title="bbox 235 5656 726 5728">
     <span class='ocr_line' id='line_1_106' title="bbox 235 5656 726 5728; baseline 0.008 -16"><span class='ocrx_word' id='word_1_761' title='bbox 235 5656 285 5694; x_wconf 83' lang='grc'><strong>⁷³</strong></span> <span class='ocrx_word' id='word_1_762' title='bbox 319 5656 526 5716; x_wconf 81' lang='lat' dir='ltr'><strong>Coloss.</strong></span> <span class='ocrx_word' id='word_1_763' title='bbox 569 5677 637 5728; x_wconf 77' lang='lat' dir='ltr'><strong>Iv,</strong></span> <span class='ocrx_word' id='word_1_764' title='bbox 673 5662 726 5716; x_wconf 86' lang='lat'>6.</span> 
     </span>
    </p>
   </div>
   <div class='ocr_carea' id='block_1_106' title="bbox 1853 4588 3432 4668">
    <p class='ocr_par' dir='ltr' id='par_1_106' title="bbox 1853 4588 3432 4668">
     <span class='ocr_line' id='line_1_107' title="bbox 1853 4588 3432 4668; baseline -0.007 -16"><span class='ocrx_word' id='word_1_765' title='bbox 1853 4599 1972 4668; x_wconf 89' lang='lat' dir='ltr'><strong>pias</strong></span> <span class='ocrx_word' id='word_1_766' title='bbox 2008 4611 2168 4652; x_wconf 87' lang='lat' dir='ltr'><strong>aures</strong></span> <span class='ocrx_word' id='word_1_767' title='bbox 2214 4595 2370 4651; x_wconf 91' lang='lat' dir='ltr'><strong>nullo</strong></span> <span class='ocrx_word' id='word_1_768' title='bbox 2407 4593 2575 4648; x_wconf 91' lang='lat' dir='ltr'><strong>modo</strong></span> <span class='ocrx_word' id='word_1_769' title='bbox 2614 4599 2933 4664; x_wconf 84' lang='lat' dir='ltr'><strong>recepturas</strong></span> <span class='ocrx_word' id='word_1_770' title='bbox 2965 4597 3200 4656; x_wconf 88' lang='lat' dir='ltr'><strong>norunt;</strong></span> <span class='ocrx_word' id='word_1_771' title='bbox 3235 4588 3432 4644; x_wconf 84' lang='lat' dir='ltr'><strong>verbo-</strong></span> 
     </span>
    </p>
   </div>
   <div class='ocr_carea' id='block_1_107' title="bbox 1852 4678 3425 4756">
    <p class='ocr_par' dir='ltr' id='par_1_107' title="bbox 1852 4678 3425 4756">
     <span class='ocr_line' id='line_1_108' title="bbox 1852 4678 3425 4756; baseline -0.008 -12"><span class='ocrx_word' id='word_1_772' title='bbox 1852 4705 1974 4744; x_wconf 89' lang='lat' dir='ltr'><strong>rum</strong></span> <span class='ocrx_word' id='word_1_773' title='bbox 2001 4688 2322 4744; x_wconf 88' lang='lat' dir='ltr'><strong>vulneribus</strong></span> <span class='ocrx_word' id='word_1_774' title='bbox 2338 4685 2638 4742; x_wconf 89' lang='lat' dir='ltr'><strong>remedium</strong></span> <span class='ocrx_word' id='word_1_775' title='bbox 2670 4699 2964 4756; x_wconf 90' lang='lat' dir='ltr'><strong>apponere,</strong></span> <span class='ocrx_word' id='word_1_776' title='bbox 2993 4681 3245 4738; x_wconf 89' lang='lat' dir='ltr'><strong>addendo</strong></span> <span class='ocrx_word' id='word_1_777' title='bbox 3268 4678 3425 4741; x_wconf 86' lang='lat' dir='ltr'><strong>illud,</strong></span> 
     </span>
    </p>
   </div>
   <div class='ocr_carea' id='block_1_108' title="bbox 1860 4771 3430 4850">
    <p class='ocr_par' dir='ltr' id='par_1_108' title="bbox 1860 4771 3430 4850">
     <span class='ocr_line' id='line_1_109' title="bbox 1860 4771 3430 4850; baseline -0.007 -17"><span class='ocrx_word' id='word_1_778' title='bbox 1860 4800 1879 4833; x_wconf 84' lang='grc'><em>‹</em></span> <span class='ocrx_word' id='word_1_779' title='bbox 1915 4795 2102 4845; x_wconf 89' lang='lat' dir='ltr'><strong>carne,</strong></span> <span class='ocrx_word' id='word_1_780' title='bbox 2134 4799 2154 4833; x_wconf 73' lang='grc' dir='ltr'><strong>ι</strong></span> <span class='ocrx_word' id='word_1_781' title='bbox 2188 4794 2406 4850; x_wconf 80' lang='lat' dir='ltr'><strong>aequum</strong></span> <span class='ocrx_word' id='word_1_782' title='bbox 2440 4785 2774 4833; x_wconf 84' lang='lat' dir='ltr'><strong>censuerunt</strong></span> <span class='ocrx_word' id='word_1_783' title='bbox 2808 4795 2822 4831; x_wconf 91' lang='lat'><strong>:</strong></span> <span class='ocrx_word' id='word_1_784' title='bbox 2857 4790 2979 4830; x_wconf 87' lang='lat' dir='ltr'><strong>cum</strong></span> <span class='ocrx_word' id='word_1_785' title='bbox 3013 4773 3185 4830; x_wconf 80' lang='lat' dir='ltr'><strong>satius</strong></span> <span class='ocrx_word' id='word_1_786' title='bbox 3215 4771 3430 4835; x_wconf 84' lang='lat' dir='ltr'><strong>fuisset,</strong></span> 
     </span>
    </p>
   </div>
   <div class='ocr_carea' id='block_1_109' title="bbox 1854 4861 3428 4937">
    <p class='ocr_par' dir='ltr' id='par_1_109' title="bbox 1854 4861 3428 4937">
     <span class='ocr_line' id='line_1_110' title="bbox 1854 4861 3428 4937; baseline -0.01 -8"><span class='ocrx_word' id='word_1_787' title='bbox 1854 4889 1957 4929; x_wconf 91' lang='lat' dir='ltr'><strong>nec</strong></span> <span class='ocrx_word' id='word_1_788' title='bbox 1980 4873 2228 4928; x_wconf 87' lang='lat' dir='ltr'><strong>morbum</strong></span> <span class='ocrx_word' id='word_1_789' title='bbox 2260 4874 2538 4937; x_wconf 89' lang='lat' dir='ltr'><strong>inducere,</strong></span> <span class='ocrx_word' id='word_1_790' title='bbox 2579 4886 2683 4928; x_wconf 90' lang='lat' dir='ltr'><strong>nec</strong></span> <span class='ocrx_word' id='word_1_791' title='bbox 2710 4869 2873 4923; x_wconf 78' lang='lat' dir='ltr'><strong>fallax</strong></span> <span class='ocrx_word' id='word_1_792' title='bbox 2920 4864 3219 4922; x_wconf 86' lang='lat' dir='ltr'><strong>remedium</strong></span> <span class='ocrx_word' id='word_1_793' title='bbox 3269 4861 3428 4916; x_wconf 85' lang='lat' dir='ltr'><strong>adhi-</strong></span> 
     </span>
    </p>
   </div>
   <div class='ocr_carea' id='block_1_110' title="bbox 1856 4952 3432 5021">
    <p class='ocr_par' dir='ltr' id='par_1_110' title="bbox 1856 4952 3432 5021">
     <span class='ocr_line' id='line_1_111' title="bbox 1856 4952 3432 5021; baseline -0.011 0"><span class='ocrx_word' id='word_1_794' title='bbox 1856 4967 2007 5021; x_wconf 89' lang='lat' dir='ltr'><strong>bere.</strong></span> <span class='ocrx_word' id='word_1_795' title='bbox 2039 4963 2174 5018; x_wconf 85' lang='lat' dir='ltr'><strong>Nam</strong></span> <span class='ocrx_word' id='word_1_796' title='bbox 2219 4963 2582 5019; x_wconf 88' lang='lat' dir='ltr'><strong>absurdorum</strong></span> <span class='ocrx_word' id='word_1_797' title='bbox 2617 4965 3076 5019; x_wconf 87' lang='lat' dir='ltr'><strong>commentorum,</strong></span> <span class='ocrx_word' id='word_1_798' title='bbox 3099 4952 3309 5010; x_wconf 90' lang='lat' dir='ltr'><strong>nullum</strong></span> <span class='ocrx_word' id='word_1_799' title='bbox 3345 4965 3432 5005; x_wconf 91' lang='lat' dir='ltr'><strong>re-</strong></span> 
     </span>
    </p>
   </div>
   <div class='ocr_carea' id='block_1_111' title="bbox 1854 5043 3432 5127">
    <p class='ocr_par' dir='ltr' id='par_1_111' title="bbox 1854 5043 3432 5127">
     <span class='ocr_line' id='line_1_112' title="bbox 1854 5043 3432 5127; baseline -0.012 -14"><span class='ocrx_word' id='word_1_800' title='bbox 1854 5057 2037 5127; x_wconf 89' lang='lat' dir='ltr'><strong>perire</strong></span> <span class='ocrx_word' id='word_1_801' title='bbox 2085 5065 2172 5112; x_wconf 84' lang='lat' dir='ltr'><strong>est</strong></span> <span class='ocrx_word' id='word_1_802' title='bbox 2221 5055 2368 5126; x_wconf 85' lang='lat' dir='ltr'><strong>quod</strong></span> <span class='ocrx_word' id='word_1_803' title='bbox 2420 5055 2638 5110; x_wconf 87' lang='lat' dir='ltr'><strong>veritati</strong></span> <span class='ocrx_word' id='word_1_804' title='bbox 2671 5053 2743 5110; x_wconf 92' lang='lat' dir='ltr'><strong>sit</strong></span> <span class='ocrx_word' id='word_1_805' title='bbox 2774 5046 3281 5110; x_wconf 89' lang='lat' dir='ltr'><strong>accommodatum;</strong></span> <span class='ocrx_word' id='word_1_806' title='bbox 3319 5043 3432 5096; x_wconf 90' lang='lat' dir='ltr'><strong>imo</strong></span> 
     </span>
    </p>
   </div>
   <div class='ocr_carea' id='block_1_112' title="bbox 1857 5133 3430 5220">
    <p class='ocr_par' dir='ltr' id='par_1_112' title="bbox 1857 5133 3430 5220">
     <span class='ocr_line' id='line_1_113' title="bbox 1857 5133 3430 5220; baseline -0.012 -14"><span class='ocrx_word' id='word_1_807' title='bbox 1857 5150 2041 5220; x_wconf 89' lang='lat' dir='ltr'><strong>potius</strong></span> <span class='ocrx_word' id='word_1_808' title='bbox 2085 5150 2226 5205; x_wconf 91' lang='lat' dir='ltr'><strong>idem</strong></span> <span class='ocrx_word' id='word_1_809' title='bbox 2262 5148 2584 5218; x_wconf 89' lang='lat' dir='ltr'><strong>plerumque</strong></span> <span class='ocrx_word' id='word_1_810' title='bbox 2635 5158 2820 5201; x_wconf 85' lang='lat' dir='ltr'><strong>secum</strong></span> <span class='ocrx_word' id='word_1_811' title='bbox 2877 5146 3103 5211; x_wconf 83' lang='lat' dir='ltr'><strong>pugnat,</strong></span> <span class='ocrx_word' id='word_1_812' title='bbox 3137 5150 3240 5191; x_wconf 89' lang='lat' dir='ltr'><strong>nec</strong></span> <span class='ocrx_word' id='word_1_813' title='bbox 3284 5133 3430 5203; x_wconf 88' lang='lat' dir='ltr'><strong>apud</strong></span> 
     </span>
    </p>
   </div>
   <div class='ocr_carea' id='block_1_113' title="bbox 1854 5223 3431 5314">
    <p class='ocr_par' dir='ltr' id='par_1_113' title="bbox 1854 5223 3431 5314">
     <span class='ocr_line' id='line_1_114' title="bbox 1854 5223 3431 5314; baseline -0.014 -16"><span class='ocrx_word' id='word_1_814' title='bbox 1854 5244 2024 5314; x_wconf 89' lang='lat' dir='ltr'><strong>probe</strong></span> <span class='ocrx_word' id='word_1_815' title='bbox 2077 5242 2375 5298; x_wconf 89' lang='lat' dir='ltr'><strong>sentientes</strong></span> <span class='ocrx_word' id='word_1_816' title='bbox 2405 5239 2568 5293; x_wconf 91' lang='lat' dir='ltr'><strong>habet</strong></span> <span class='ocrx_word' id='word_1_817' title='bbox 2596 5236 2689 5292; x_wconf 91' lang='lat' dir='ltr'><strong>ubi</strong></span> <span class='ocrx_word' id='word_1_818' title='bbox 2737 5233 3027 5289; x_wconf 87' lang='lat' dir='ltr'><strong>consistat.</strong></span> <span class='ocrx_word' id='word_1_819' title='bbox 3066 5227 3255 5296; x_wconf 85' lang='lat' dir='ltr'><strong>Neque</strong></span> <span class='ocrx_word' id='word_1_820' title='bbox 3292 5223 3431 5279; x_wconf 89' lang='lat' dir='ltr'><strong>Ver-</strong></span> 
     </span>
    </p>
   </div>
   <div class='ocr_carea' id='block_1_114' title="bbox 1855 5316 3423 5401">
    <p class='ocr_par' dir='ltr' id='par_1_114' title="bbox 1855 5316 3423 5401">
     <span class='ocr_line' id='line_1_115' title="bbox 1855 5316 3423 5401; baseline -0.015 -13"><span class='ocrx_word' id='word_1_821' title='bbox 1855 5335 1985 5389; x_wconf 92' lang='lat' dir='ltr'><strong>bum</strong></span> <span class='ocrx_word' id='word_1_822' title='bbox 2021 5343 2104 5388; x_wconf 90' lang='lat' dir='ltr'><strong>est</strong></span> <span class='ocrx_word' id='word_1_823' title='bbox 2133 5347 2299 5388; x_wconf 90' lang='lat' dir='ltr'><strong>carne</strong></span> <span class='ocrx_word' id='word_1_824' title='bbox 2325 5329 2605 5401; x_wconf 83' lang='lat' dir='ltr'><strong>passibile,</strong></span> <span class='ocrx_word' id='word_1_825' title='bbox 2636 5341 2814 5396; x_wconf 86' lang='lat' dir='ltr'><strong>neque</strong></span> <span class='ocrx_word' id='word_1_826' title='bbox 2838 5337 2969 5378; x_wconf 89' lang='lat' dir='ltr'><strong>caro</strong></span> <span class='ocrx_word' id='word_1_827' title='bbox 3000 5331 3084 5376; x_wconf 88' lang='lat' dir='ltr'><strong>est</strong></span> <span class='ocrx_word' id='word_1_828' title='bbox 3115 5318 3293 5372; x_wconf 83' lang='lat' dir='ltr'><strong>Verbo</strong></span> <span class='ocrx_word' id='word_1_829' title='bbox 3327 5316 3423 5368; x_wconf 86' lang='lat' dir='ltr'><strong>im-</strong></span> 
     </span>
    </p>
   </div>
   <div class='ocr_carea' id='block_1_115' title="bbox 1855 5410 3429 5495">
    <p class='ocr_par' dir='ltr' id='par_1_115' title="bbox 1855 5410 3429 5495">
     <span class='ocr_line' id='line_1_116' title="bbox 1855 5410 3429 5495; baseline -0.012 -18"><span class='ocrx_word' id='word_1_830' title='bbox 1855 5424 2157 5495; x_wconf 85' lang='lat' dir='ltr'><strong>passibilis.</strong></span> <span class='ocrx_word' id='word_1_831' title='bbox 2192 5421 2298 5478; x_wconf 89' lang='lat' dir='ltr'><strong>Sed</strong></span> <span class='ocrx_word' id='word_1_832' title='bbox 2329 5431 2383 5476; x_wconf 89' lang='lat' dir='ltr'><strong>et</strong></span> <span class='ocrx_word' id='word_1_833' title='bbox 2411 5435 2540 5475; x_wconf 90' lang='lat' dir='ltr'><strong>caro</strong></span> <span class='ocrx_word' id='word_1_834' title='bbox 2555 5419 2713 5489; x_wconf 84' lang='lat' dir='ltr'><strong>juxta</strong></span> <span class='ocrx_word' id='word_1_835' title='bbox 2736 5414 3015 5488; x_wconf 88' lang='lat' dir='ltr'><strong>propriam</strong></span> <span class='ocrx_word' id='word_1_836' title='bbox 3045 5410 3150 5465; x_wconf 89' lang='lat' dir='ltr'><strong>sibi</strong></span> <span class='ocrx_word' id='word_1_837' title='bbox 3177 5415 3429 5495; x_wconf 81' lang='lat' dir='ltr'><strong>naturam</strong></span> 
     </span>
    </p>
   </div>
   <div class='ocr_carea' id='block_1_116' title="bbox 1850 5493 3429 5584">
    <p class='ocr_par' dir='ltr' id='par_1_116' title="bbox 1850 5493 3429 5584">
     <span class='ocr_line' id='line_1_117' title="bbox 1850 5493 3429 5584; baseline -0.014 -16"><span class='ocrx_word' id='word_1_838' title='bbox 1850 5493 2168 5584; x_wconf 76' lang='lat' dir='ltr'><strong>passionem</strong></span> <span class='ocrx_word' id='word_1_839' title='bbox 2199 5511 2459 5574; x_wconf 88' lang='lat' dir='ltr'><strong>admitlit,</strong></span> <span class='ocrx_word' id='word_1_840' title='bbox 2481 5517 2536 5564; x_wconf 88' lang='lat' dir='ltr'><strong>ct</strong></span> <span class='ocrx_word' id='word_1_841' title='bbox 2565 5507 2798 5563; x_wconf 87' lang='lat' dir='ltr'><strong>Verbum</strong></span> <span class='ocrx_word' id='word_1_842' title='bbox 2831 5519 2860 5559; x_wconf 90' lang='lat' dir='ltr'><strong>a</strong></span> <span class='ocrx_word' id='word_1_843' title='bbox 2891 5516 2990 5559; x_wconf 88' lang='lat' dir='ltr'><strong>sua</strong></span> <span class='ocrx_word' id='word_1_844' title='bbox 3025 5493 3429 5556; x_wconf 76' lang='lat' dir='ltr'><strong>substantiam-</strong></span> 
     </span>
    </p>
   </div>
  </div>
