3842 6186
456 270 595 327 I387
1480 318 1491 327 .
1612 270 1670 328 S.
1711 271 2175 331 ATHANASIUS.
2216 303 2286 314 —
2324 271 2590 328 SPURIA.
3572 269 3719 325 i368

454 392 755 465 separabile
794 407 917 447 cum
968 392 1059 454 sit.
1087 399 1191 449 (est
1244 392 1594 463 impassibile.
1632 392 1691 447 Si
1723 408 1855 464 ergo
1891 392 2021 449 Ver-

2142 393 2230 448 τῶν
2246 394 2339 448 δύο
2363 394 2425 447 τὸ
2449 393 2621 457 πάθος
2646 390 3101 463 κατεψηφίσαντο,
3119 392 3294 462 εἴπερ,
3311 388 3498 454 καθώς
3518 407 3723 458 φασιν,

454 484 586 540 bum
612 498 777 539 carne
803 484 1023 554 patitur,
1042 484 1108 543 de
1125 498 1289 538 carne
1307 483 1439 551 quid
1455 483 1786 540 dixerimus?
1810 483 2020 538 Patitur

2142 490 2153 540 ἰ
2185 488 2281 558 μὲν
2301 488 2471 557 Λόγος
2507 487 2704 557 πάσχει
2731 488 2797 557 τῇ
2831 485 3015 555 σαρκὶ,
3043 486 3077 556 ἡ
3107 484 3164 538 δὲ
3189 483 3326 556 σὰρξ
3377 483 3595 554 πάσχει
3636 483 3725 554 τῷ

456 575 657 639 Verbo,
706 590 887 630 annon
948 576 1188 645 patitur?
1214 574 1271 629 Si
1310 592 1419 630 non
1448 577 1673 646 patitur,
1706 576 2018 647 impassibi-

2142 580 2283 650 λόγῳ
2320 582 2378 634 ὲν
2409 582 2474 651 τῇ
2518 580 2624 650 ἰδία
2658 577 2836 648 φύσει.
2875 577 3013 630 Ἀλλ’
3048 576 3175 639 ἴσως
3201 577 3383 648 ἐροῦσι
3409 576 3585 639 ·Πῶς
3622 571 3724 629 οὖν

454 668 581 722 litas
622 668 700 722 illi
731 669 995 723 attributa
1030 667 1168 734 fuit;
1204 670 1288 723 sin
1323 668 1547 737 patitur,
1578 668 1866 738 utriusque
1890 683 2018 733 pas-

2126 674 2369 743 εἶρηται·
2414 689 2435 722 ι
2479 670 2569 736 Ἐξ
2588 664 2660 724 ὧν
2687 672 2716 724 6
2736 670 2969 741 Χριστὸς
2999 670 3060 723 τὸ
3090 668 3230 723 κατὰ
3253 669 3469 737 σάρκας
3507 686 3533 719 ι
3574 667 3724 735 Δὲγε
3812 660 3813 727 Ῐ

458 760 669 815 sionem
698 760 1135 826 constituerunt;
1162 760 1451 829 siquidem,
1491 767 1551 813 ut
1582 761 1754 824 aiunt,
1786 759 2020 815 Verbum

2142 763 2358 835 Κριστὸν
2396 763 2656 825 παθόντα,
2697 762 2791 815 καὶ
2821 760 3116 832 σύνδρομον
3149 761 3401 832 εὑρήσεις
3440 759 3506 812 τὸ
3543 758 3726 827 ὄνομα
3812 754 3813 823 ἴ

457 851 677 921 quidem
711 866 877 906 carne
907 852 1132 920 patitur,
1167 866 1295 906 caro
1325 862 1500 906 autem
1532 852 1737 921 patitur
1756 850 1934 907 Verbo
1965 853 2021 906 in

2142 856 2225 926 τῆς
2253 855 2473 927 σαρκός.
2508 856 2565 907 Ὁ
2589 854 2687 925 μὲν
2715 853 2823 924 γάρ
2850 850 3018 906 εἰπὼν
3042 852 3134 905 τὸν
3157 850 3288 904 Θεὸν
3307 851 3505 919 Λόγον,
3532 850 3725 919 ἁπλῆν

460 940 680 1009 prepria
712 949 926 993 natura.
961 939 1065 994 Sed
1097 938 1331 994 fortasse
1370 938 1551 993 dicent
1582 957 1595 993 :
1632 940 1740 993 Cur
1768 955 1897 1010 ergo
1935 940 2023 995 di-

2142 948 2314 1001 n’miav
2354 948 2653 1018 ἐσήμανεν*
2685 948 2714 999 6
2741 945 2798 998 δὲ
2849 942 3266 1015 προσαγορεύων
3312 942 3585 1014 Χριστὸν,
3621 940 3723 1010 τὴν

2129 1040 2421 1107 συνάφειαν
2462 1038 2571 1092 τῶν
2606 1036 2700 1090 δύο
2744 1034 2958 1105 φύσεων
2992 1035 3322 1105 ὲφανέρωσε.
3366 1035 3482 1087 Καὶ
3537 1031 3723 1091 οὕτως

2127 1130 2388 1201 ἁρμόζειν
2410 1128 2707 1182 δύναταιτὸ
2734 1128 2933 1196 λέγειν,
2961 1125 3235 1179 (Ἐπαθεν
3251 1125 3279 1176 6
3298 1124 3565 1196 Χριστὸς,
3590 1142 3611 1174 ι
3636 1124 3725 1175 διὰ

459 1037 606 1083 ctum
644 1029 786 1083 fuit:
824 1048 843 1080 ι
885 1029 963 1083 Ex
1021 1029 1219 1099 quibus
1271 1028 1522 1084 Christus
1566 1030 1865 1084 secundum
1902 1042 2024 1083 car-

460 1137 583 1176 nem
602 1120 680 1174 "?
714 1138 734 1173 ι
767 1119 862 1174 Dic
894 1119 1170 1174 Christum
1210 1134 1452 1189 passum,
1482 1128 1537 1175 et
1564 1119 1753 1175 eodem
1781 1128 2025 1177 recurret

460 1225 658 1265 nomen
684 1210 884 1264 carnis.
914 1209 1018 1274 Qui
1047 1209 1360 1265 dicitDeum
1383 1208 1643 1278 Verbum,
1665 1210 2025 1267 substantiam

462 1300 763 1369 simplicem
810 1299 1058 1369 designat
1104 1318 1118 1353 :
1158 1301 1253 1370 qui
1285 1316 1415 1356 vero
1445 1299 1724 1356 Christum
1776 1301 1932 1367 dicit,
1979 1302 2026 1357 is

456 1391 693 1446 duarum
736 1391 1179 1459 coniunctionem
1209 1399 1529 1445 naturarum
1561 1392 1823 1447 declarat.
1849 1391 2028 1461 Atque

463 1486 541 1541 ita
599 1491 963 1556 congruenter
1024 1485 1285 1554 explicari
1339 1485 1453 1539 hate
1497 1485 1755 1555 loquendi
1793 1485 2028 1539 formula

461 1584 671 1647 potest,
709 1596 728 1628 ι
773 1577 1028 1633 Christus
1083 1584 1169 1632 est
1222 1591 1419 1646 passus
1451 1620 1464 1643 ,
1505 1597 1524 1630 ι
1572 1578 1699 1647 quia
1759 1593 1861 1632 vox
1914 1578 2029 1632 haec

462 1678 757 1739 utrumque
813 1669 975 1723 simul
1028 1667 1318 1739 significat,
1348 1676 1403 1723 et
1437 1668 1736 1738 impatibile
1767 1666 2028 1732 Verbum,

2129 1223 2188 1276 τὸ
2202 1222 2302 1293 τὴν
2319 1223 2687 1294 προσηγορίαν
2700 1221 2902 1294 ταύτην
2916 1222 2984 1275 τὰ
2997 1220 3090 1275 δύο
3108 1221 3332 1293 μηνύειν
3345 1220 3485 1290 ἃμα,
3502 1220 3615 1273 καὶ
3631 1219 3725 1271 τὸν

2129 1313 2314 1384 ἀπαθῆ
2347 1313 2537 1382 Λόγον,
2567 1313 2663 1367 καὶ
2707 1312 2805 1384 τὴν
2846 1312 3091 1384 παθητὴν
3136 1313 3333 1384 σάρκα,
3370 1312 3474 1382 τὴν
3509 1327 3728 1379 γευσα-

2135 1404 2303 1477 μένην
2356 1405 2607 1460 θανάτου.
2668 1405 2819 1458 Ἐπεὶ
2873 1404 2969 1458 καὶ
3010 1402 3242 1467 Παῦλος,
3311 1401 3401 1470 Ἐξ
3449 1396 3558 1465 ὧν,
3622 1401 3727 1453 ούκ

2133 1492 2274 1562 εἷπε,
2329 1496 2532 1567 γυμνὸς
2553 1497 2583 1549 6
2612 1496 2762 1561 Θεὸς,
2792 1496 2904 1550 ἀλλ’
2939 1513 2958 1547 ι
3005 1495 3093 1562 Ἐξ
3115 1489 3188 1548 ὧν
3209 1493 3447 1565 Χριστὸς
3482 1493 3551 1545 τὸ
3578 1490 3726 1545 κατὰ

2134 1589 2311 1660 σάρκα
2327 1604 2341 1619 ·
2369 1589 2484 1643 »ἵνα
2511 1587 2657 1660 δείξῃ
2683 1589 2773 1642 τόν
2806 1588 3288 1659 μνημονευόμενον,
3311 1586 3456 1639 κατὰ
3488 1585 3597 1655 μὲν
3624 1585 3725 1654 τὴν

2137 1681 2315 1753 σάρκα
2379 1682 2445 1734 ὲκ
2499 1681 2607 1733 τῶν
2656 1679 3033 1753 Ἰσραηλιτῶν,
3073 1678 3213 1732 κατὰ
3250 1678 3309 1732 δὲ
3343 1677 3444 1748 τὴν
3481 1676 3723 1745 θεότητα

464 1773 517 1817 et
539 1762 814 1832 patibilem
841 1775 1087 1824 carnem,
1106 1775 1227 1830 quae
1256 1767 1312 1814 et
1341 1769 1568 1814 mortem
1601 1760 1856 1831 gustavit.
1880 1757 2034 1813 Unde

2142 1747 2321 1827 ἔχ’τοῦ
2350 1773 2567 1826 αἰωνίου
2594 1747 2835 1845 Πατρός,
2857 1772 2948 1842 Μὴ
2970 1767 3123 1823 εἶπεν
3142 1786 3155 1799 ·
3198 1768 3290 1832 Ἐξ
3328 1747 3404 1821 ὧν
3427 1768 3459 1819 6
3484 1766 3632 1828 Θεὸς
3655 1768 3724 1834 τῇ

465 1869 567 1909 nec
595 1853 797 1909 Paulus
827 1854 902 1907 ait
937 1870 951 1906 :
983 1851 1061 1906 Ex
1090 1853 1289 1921 quibus
1318 1851 1498 1907 nudus
1545 1850 1707 1915 Deus,
1745 1850 1864 1914 sed,
1895 1868 1914 1901 ι
1954 1849 2033 1904 Ex

465 1947 666 2016 quibus
701 1944 952 2000 Christus
981 1942 1280 2000 secundum
1319 1957 1572 2008 carnem;
1608 1961 1627 1995 ι
1666 1949 1725 1996 ut
1781 1942 2034 1997 ostendat

463 2054 613 2101 eum,
643 2037 802 2106 cujus
832 2036 1100 2099 meminit,
1132 2035 1431 2091 secundum
1463 2033 1682 2105 quidem
1722 2049 1943 2089 carnem
1968 2048 2033 2088 ex

465 2128 750 2194 lsraelitis,
785 2127 1088 2183 secundum
1114 2127 1373 2181 deitatem
1402 2142 1552 2191 vero,
1582 2142 1646 2183 ex
1680 2135 1886 2181 aeterno
1914 2140 2037 2180 esse

466 2217 647 2275 Patre.
672 2220 795 2272 Non
822 2218 959 2273 dixit
988 2237 1003 2273 :
1032 2219 1111 2273 Ex
1138 2218 1337 2288 quibus
1364 2217 1508 2275 Deus
1536 2234 1720 2273 carne.
1737 2217 1882 2273 Idem
1907 2232 2036 2273 vero

467 2319 523 2367 et
551 2319 608 2365 tu
640 2310 819 2377 dic,et
833 2310 900 2365 de
916 2318 1008 2364 tua
1041 2310 1172 2364 mihi
1193 2311 1455 2365 sententia
1480 2309 1833 2380 persuadebis
1861 2326 1874 2362 :
1900 2308 2035 2365 Pas-

469 2417 567 2457 sus
614 2409 700 2456 est
747 2401 998 2455 Christus
1029 2400 1331 2455 secundum
1361 2414 1601 2454 carnem.
1628 2398 1685 2453 Si
1714 2414 1844 2454 vero
1866 2398 2033 2453 Deum

456 2509 637 2550 carne
686 2508 913 2564 passum
965 2507 1090 2548 esse
1132 2492 1291 2557 dicis,
1341 2491 1565 2547 erudias
1600 2506 1687 2547 me
1712 2491 1871 2547 velim
1900 2489 2038 2545 dilu-

469 2582 609 2648 cide,
638 2590 821 2638 utrum
883 2582 1025 2637 idem
1070 2581 1179 2636 sint
1208 2579 1350 2635 Deus
1380 2588 1434 2635 et
1462 2595 1590 2634 caro
1614 2580 1910 2635 secundum
1938 2593 2037 2633 na-

439 2695 441 2697 ί
470 2683 669 2740 turam,
701 2687 769 2727 an
810 2672 958 2727 aliud
998 2682 1161 2742 atque
1195 2670 1363 2725 aliud.
1394 2668 1450 2725 Si
1483 2671 1622 2725 idem
1653 2678 1812 2733 sunt,
1844 2684 2036 2740 passus

471 2772 558 2819 est
582 2761 726 2819 Deus
783 2764 839 2817 in
902 2763 1107 2832 seipso.
1151 2760 1287 2816 Nam
1333 2776 1552 2817 carnem
1576 2761 1716 2816 dicis
1745 2759 1886 2815 idem
1914 2773 2037 2815 esse

472 2854 620 2924 quod
650 2853 794 2910 Deus
826 2861 928 2909 est.
952 2854 1049 2908 Sin
1067 2853 1214 2908 aliud
1236 2861 1291 2910 et
1309 2854 1476 2917 aliud,
1500 2851 1770 2922 quomodo
1800 2852 1913 2906 haec
1944 2851 2037 2904 illo

471 2948 696 3018 patitur,
715 2960 838 3001 cum
863 2946 1043 3000 omnis
1062 2952 1313 2999 creatura
1333 2946 1509 3015 seipsa
1535 2945 1773 3015 patiatur
1794 2959 1902 2997 non
1926 2942 2032 2996 alia

452 3037 823 3095 substantia?
848 3036 1021 3091 Homo
1062 3051 1173 3089 non
1216 3035 1422 3105 patitur
1451 3049 1592 3104 equo
1623 3053 1636 3088 :
1667 3050 1778 3088 non
1807 3034 2039 3088 moritur

2135 1865 2316 1937 σαρκί.
2353 1865 2426 1918 Τὸ
2465 1864 2594 1918 αὐτὸ
2624 1865 2715 1918 καὶ
2750 1865 2814 1917 σὺ
2839 1862 2983 1931 λέγε,
3010 1862 3104 1915 καὶ
3148 1858 3437 1929 πείθομαι·
3469 1854 3727 1909 Ἐπαθεν

2133 1957 2162 2008 ὁ
2214 1954 2448 2025 Χριστὸς
2503 1952 2643 2007 κατὰ
2691 1953 2889 2023 σάρκα.
2914 1952 2977 2003 Et
3006 1950 3063 2003 δὲ
3111 1948 3310 2016 λέγεις,
3347 1946 3431 1999 ὄτι
3460 1943 3671 1999 ἔπαθεν
3697 1945 3727 1997 ό

2133 2044 2265 2109 Θεὸς
2285 2048 2350 2116 τῇ
2383 2044 2565 2116 σαρκὶ,
2582 2041 2790 2105 δίδαξον
2814 2058 2882 2112 με
2913 2039 3118 2109 σαφῶς,
3138 2038 3367 2108 πότερον
3383 2036 3553 2088 ταὺτὸ
3575 2034 3726 2088 κατὰ

2136 2137 2295 2205 φύσιν
2336 2136 2467 2199 Θεὸς
2506 2134 2601 2187 καὶ
2636 2134 2791 2205 σὰρξ,
2833 2135 2866 2203 ἢ
2907 2132 3035 2187 ἄλλο
3078 2130 3171 2183 καὶ
3196 2129 3345 2184 ἄλλο.
3385 2128 3451 2180 Εί
3488 2126 3597 2197 μὲν
3627 2120 3725 2178 οὖν

2133 2228 2316 2293 ταύτὸ,
2346 2227 2544 2281 ἔπαθεν
2570 2229 2598 2280 6
2623 2226 2756 2289 Θεὸς
2779 2223 2975 2293 ἐαυτῷ.
3003 2222 3078 2275 Τὸ
3099 2221 3208 2293 γὰρ
3231 2220 3361 2274 αὐτὸ
3384 2218 3506 2289 Θεῷ
3535 2218 3725 2285 λέγεις

2134 2319 2232 2391 τὴν
2257 2318 2453 2390 σάρκα.
2476 2320 2540 2371 Εἰ
2563 2318 2619 2371 δὲ
2645 2318 2829 2389 ἓτερον
2853 2316 2943 2369 καὶ
2974 2314 3061 2367 έτε
3071 2331 3180 2385 ρον,
3194 2312 3310 2375 πῶς
3331 2310 3490 2364 τοῦτο
3518 2309 3723 2377 ἐκείνῳ

2138 2412 2357 2482 πάσχει,
2393 2410 2572 2482 πάσης
2606 2408 2818 2478 φύσεως
2848 2408 3013 2476 ἑαυτῇ
3041 2402 3375 2475 πασχούσης,
3415 2402 3517 2471 οὐχ
3555 2400 3723 2469 ἑτέρᾳ

2137 2504 2316 2572 οὐσίας
2350 2502 2425 2555 Ού
2460 2501 2656 2570 πάσχει
2694 2498 2979 2570 ἄνθρωπος
3015 2498 3200 2567 ἵππῳο
3244 2496 3344 2548 οὐκ
3378 2492 3723 2561 ἀποθνήσκει

2136 2595 2283 2665 ψυχὴ
2335 2593 2530 2664 σαρκί·
2575 2590 2713 2645 ἀλλὰ
2753 2590 2939 2642 λύεται
2972 2588 3070 2658 μὲν
3114 2584 3273 2656 σὰρξ,
3320 2581 3621 2655 χωρίζεται
3661 2579 3719 2632 δὲ

2135 2684 2302 2755 ψυχή.
2356 2683 2587 2752 Λέγεται
2639 2681 2718 2745 δὲ,
2765 2681 2848 2734 ὅτι
2896 2678 3151 2747 τέθνηκεν
3184 2674 3488 2744 ἄνθρωπος,
3513 2670 3582 2725 τὸ
3609 2670 3717 2724 τῶν

2135 2775 2230 2829 δύο
2280 2772 2685 2846 παραστατικὸν
2735 2770 2913 2841 ψυχῆς
2961 2769 3056 2824 καὶ
3107 2766 3339 2838 σαρκὸς,
3383 2766 3480 2819 καὶ
3510 2765 3716 2817 νοεῖται

2138 2865 2279 2920 κατὰ
2299 2866 2361 2919 τὸ
2381 2864 2725 2935 ἐνδεχόμενον
2754 2858 3094 2931 τεθνηκέναι,
3116 2856 3261 2910 τοῦτ’
3288 2854 3423 2916 ἔστι,
3450 2850 3597 2906 κατὰ
3619 2849 3717 2920 τὴν

2142 2958 2338 3029 σάρκα,
2371 2956 2465 3009 καὶ⁵
2496 2955 2555 3008 οὐ
2590 2952 2731 3007 κατὰ
2761 2951 2861 3018 τὴν
2888 2948 3153 3004 ἀθάνατον
3189 2946 3387 3017 ψυχήν.
3410 2940 3718 3012 Τοιγαροῦν

2143 3049 2319 3111 οὐδεὶς
2372 3042 2515 3100 εἷπε·
2560 3044 2666 3099 Τοῦ
2704 3043 2876 3106 δεῖνος
2906 3043 2939 3111 ἡ
2965 3040 3111 3110 ψυχὴ
3152 3037 3382 3106 τέθνηκε
3406 3036 3473 3104 τῇ
3515 3030 3681 3103 σαρκί
3694 3045 3714 3063 °
3812 3114 3813 3117 η

473 3130 656 3184 anima
681 3142 847 3183 carne
879 3145 893 3181 :
928 3127 1025 3182 sed
1069 3126 1298 3181 solvitur
1331 3126 1549 3196 quidem
1580 3140 1732 3189 caro,
1756 3131 2040 3194 separatur

2143 3139 2463 3193 ἁλλ’όδεῖνα
2492 3137 2796 3204 ἄνθρωπος,
2830 3134 2858 3187 6
2893 3133 2957 3185 ὲκ
2987 3131 3168 3201 ψυχῆς
3193 3129 3287 3182 καὶ
3308 3127 3560 3195 σώματος
3592 3140 3721 3178 συν-

473 3236 606 3277 vero
663 3220 865 3283 anima,
927 3224 982 3273 et
1034 3224 1218 3271 tamen
1295 3218 1459 3272 homo
1513 3217 1715 3272 dicitur
1772 3224 2039 3280 mortuus,

474 3312 676 3382 quippe
702 3318 994 3379 utrumque
1027 3308 1362 3379 significans,
1398 3309 1632 3362 animam
1679 3316 1733 3362 et
1763 3323 1984 3362 carnem
2025 3324 2038 3358 :

473 3413 727 3459 mortuus
749 3408 928 3455 autem
954 3400 1275 3469 intelligitur
1313 3398 1615 3454 secundum
1646 3398 1701 3452 id
1723 3396 1871 3467 quod
1904 3398 2044 3451 mori

475 3502 676 3567 potest,
695 3495 799 3549 hoc
837 3500 923 3548 est
943 3491 1239 3547 secundum
1262 3504 1505 3554 carnem,
1522 3497 1578 3543 et
1602 3504 1712 3543 non
1743 3488 2042 3543 secundum

478 3589 716 3643 animam
748 3585 1129 3641 immortalem.
1171 3581 1436 3636 Nimirum
1466 3596 1627 3636 nemo
1654 3581 1819 3636 dicit:
1851 3581 2045 3634 Anima

476 3677 766 3748 cujusdam
817 3683 1031 3731 mortua
1059 3681 1144 3730 est
1170 3688 1365 3740 carne;
1395 3673 1491 3728 sed
1519 3673 1681 3726 homo
1722 3671 1943 3742 quidam
1978 3686 2046 3725 ex

478 3767 660 3824 anima
697 3774 752 3821 et
782 3780 1014 3836 corpore
1047 3776 1307 3819 eonStans
1347 3782 1362 3818 :
1394 3764 1588 3818 anima:
1621 3771 1803 3818 autem
1841 3771 1896 3816 et
1925 3773 2047 3833 post

478 3868 709 3916 mortem
758 3857 1221 3913 immortalitatem
1269 3855 1514 3910 indicare
1559 3855 1770 3918 volens,
1805 3856 1861 3908 in
1889 3865 2047 3910 aster~

477 3966 609 4008 num
630 3951 812 4019 iustos
839 3951 1020 4004 vivere
1047 3948 1200 4011 dicit,
1235 3954 1376 4003 teste
1415 3962 1574 4002 sacra
1603 3945 1907 4016 Scriptura.
1941 3946 2046 4002 Sed

476 4042 615 4100 istos
634 4041 759 4098 libri
796 4040 964 4095 divini
987 4040 1055 4094 ad
1078 4054 1246 4094 unum
1270 4054 1462 4095 omnes
1489 4037 1875 4093 condemnant.
1907 4036 2049 4104 Quot

476 4134 623 4188 enim
656 4130 960 4201 prophetae?
1002 4136 1138 4198 quot
1180 4129 1447 4198 apostoli?
1476 4135 1614 4199 quot
1665 4128 2049 4198 evangelista?

478 4223 757 4292 Nusquam
807 4231 987 4277 tamen
1048 4218 1360 4289 hnjusmodi
1416 4234 1520 4274 vox
1574 4218 1818 4274 occurrit
1862 4236 1876 4272 :
1918 4233 2043 4273 cum

481 4322 702 4378 contra,
732 4312 1012 4367 Christum
1061 4326 1282 4381 passum
1323 4325 1480 4374 esse,
1515 4310 1800 4380 perspicue
1848 4310 2048 4379 ubique

2143 3230 2332 3294 επιῦςθ
2360 3228 2459 3299 τὴν
2474 3228 2530 3281 δὲ
2544 3226 2720 3297 ψυχὴν
2748 3224 2840 3277 καὶ
2871 3221 3007 3295 μετὰ
3031 3221 3257 3274 θάνατον
3275 3218 3493 3290 μηνύων
3510 3215 3716 3269 ἀθάνα-

2140 3334 2251 3379 τον,
2270 3318 2349 3377 είς
2372 3315 2464 3368 τὸν
2488 3315 2658 3369 αἰῶνα
2683 3313 2808 3374 τοὺς
2831 3310 3070 3372 δικαίους
3092 3308 3261 3379 ἔφησε
3283 3308 3496 3380 ζῇν,ὼς
3524 3308 3561 3378 ἡ
3588 3304 3717 3373 ἁγία

2143 3406 2335 3479 Γραφὴ
2382 3407 2665 3477 μαρτυρεῖ.
2697 3403 2949 3457 Ἐκείνων
2977 3402 3036 3455 δὲ
3067 3403 3216 3455 πᾶσα
3240 3400 3363 3452 θεία
3392 3398 3572 3468 βίϐλος
3589 3413 3715 3450 κατ-

2142 3501 2349 3569 ηγορεῖ.
2397 3498 2560 3550 Πόσοι
2636 3495 2947 3567 προφῆται;
2987 3494 3142 3545 πόσοι
3197 3490 3517 3555 ἀπόστολοι;
3564 3489 3710 3543 πόσοι

2143 3588 2525 3658 εὑαγγελισταί
2545 3606 2560 3654 ;
2584 3589 2675 3642 καὶ
2696 3586 2933 3657 οὐδαμοῦ
2959 3586 3087 3656 παρ’
3102 3584 3278 3637 οὐδενὶ
3297 3582 3525 3651 τοιαύτη
3544 3582 3705 3650 φωνή.

2145 3683 2217 3735 Τὸ
2253 3682 2330 3745 δὲ,
2363 3681 2596 3753 Χριστὸς
2638 3678 2827 3741 ἔπαθε,
2863 3675 3135 3747 πανταχοῦ
3172 3675 3452 3746 προδήλως
3482 3677 3709 3745 κεκήρυ-

2146 3791 2289 3826 κται.
2315 3790 2333 3823 ι
2361 3772 2434 3824 Τὸ
2460 3771 2649 3840 Πάσχα
2672 3768 2827 3840 ἡμῶν
2855 3767 2996 3837 ὑπὲρ
3016 3765 3172 3836 ἡμῶν
3203 3764 3369 3835 ἐτύθη
3385 3765 3711 3835 Χριστός.Εξ

2147 3864 2384 3935 παθητὸς
2403 3866 2433 3915 ὁ
2451 3859 2945 3934 Χριστὸς,Χριστὸς
2968 3857 3234 3911 ἀπέθανεν
3250 3857 3393 3927 ὑπὲρ
3409 3855 3520 3907 τῶν
3542 3856 3713 3925 ἁμαρ-

2145 3956 2274 4008 τιῶν
2305 3954 2461 4025 ἡμῶν
2489 3952 2631 4006 κατὰ
2657 3952 2755 4015 τὰς
2783 3950 3026 4022 Γραφάς.
3049 3968 3068 4000 ι
3116 3949 3173 4001 '0
3211 3947 3444 4019 σταυρὸς
3470 3947 3564 4000 τοῦ
3590 3948 3713 4016 Χριο

2150 4047 2298 4111 στοῦ,
2340 4046 2402 4099 τὸ
2451 4045 2607 4115 σῶμα
2648 4042 2743 4096 τοῦ
2791 4041 3050 4112 Χριστοῦ,
3084 4040 3145 4092 τὸ
3172 4034 3311 4110 αἷμα
3334 4039 3433 4093 τοῦ
3461 4037 3709 4110 Χριστοῦ.

2148 4139 2273 4204 Πῶς
2294 4133 2385 4191 οὖν
2413 4134 2665 4190 τοσοῦτον
2685 4133 2845 4201 νέφος
2869 4131 3160 4203 μαρτύρων
3184 4130 3608 4202 παρατρέχουσι,
3624 4129 3711 4182 καὶ

2147 4230 2246 4301 τὴν
2297 4228 2433 4282 ἰδίαν
2478 4224 2762 4280 αύθεντίαν
2790 4223 2892 4292 τῆς
2919 4221 3011 4275 τοῦ
3050 4221 3364 4291 Πνεύματος
3407 4220 3711 4291 νομοθεσίας

2150 4318 2455 4391 ἔμπροσθεν
2487 4317 2712 4385 ἄγουσι;
2738 4312 3181 4383 κατατολμῶντες
3211 4311 3311 4381 τῆς
3336 4310 3550 4383 βοώσης
3578 4313 3712 4364 ivra-
3811 4300 3813 4307 ⁴

481 4405 759 4459 doceatur.
799 4420 818 4454 ι
864 4402 1073 4458 Pascha
1130 4408 1376 4456 nostrum
1430 4416 1528 4470 pro
1578 4401 1737 4456 nobis
1794 4401 2040 4456 immola-

2151 4413 2249 4482 λῆς
2268 4427 2281 4442 ο
2323 4428 2343 4460 ι
2381 4409 2472 4477 Μὴ
2516 4407 2738 4478 μέταιρε
2765 4407 2888 4476 ὅρια
2916 4403 3128 4463 αἰώνια,
3154 4401 3190 4456 ἃ.
3216 4402 3399 4456 ἔθεντο
3416 4405 3467 4455 οἱ
3493 4403 3710 4471 πατέρες

482 4507 570 4551 tus
611 4504 697 4551 est
738 4495 991 4550 Christus
1007 4495 1074 4546 ⁷⁵.
1112 4493 1170 4547 Si
1208 4492 1487 4563 passibilis
1522 4491 1869 4558 Christus",
1892 4492 2052 4548 Chri-

483 4597 605 4643 stus
656 4597 905 4640 mortuus
959 4592 1044 4640 cst
1093 4600 1191 4653 pro
1239 4585 1482 4653 peccatis
1510 4585 1716 4640 nostris
1747 4585 2048 4640 secundum

485 4678 800 4748 Scripturas
814 4677 879 4731 ⁷⁷.
923 4696 942 4729 ι
969 4675 1116 4732 Crux
1144 4676 1382 4741 Christi,
1416 4691 1617 4746 corpus
1643 4675 1882 4739 Christi,
1918 4691 2049 4731 san-

481 4770 606 4844 guis
662 4768 887 4825 Christi.
952 4768 1073 4834 Quo
1127 4768 1295 4838 igitur
1345 4768 1506 4824 modo
1557 4776 1766 4824 tantam
1825 4769 2050 4825 testium

482 4864 701 4920 turbam
732 4868 1083 4932 praetereunt,
1114 4868 1169 4916 et
1203 4876 1358 4915 suam
1388 4861 1633 4930 ipsorum
1671 4861 2050 4916 auctoritatem

487 4953 649 5025 505.
674 4954 777 5025 legi
805 4951 1041 5023 Spiritus
1074 4952 1447 5021 anteponunt?
1474 4953 1583 5007 vim
1613 4950 1872 5007 facientes
1914 4965 2054 5022 prai-

487 5055 645 5116 cepto
673 5044 929 5101 clamanti
966 5062 980 5099 :
1008 5062 1028 5097 ι
1064 5043 1143 5099 Ne
1164 5044 1590 5115 transgrediaris
1623 5045 1887 5099 terminos
1917 5042 2054 5097 anti—

488 5152 648 5207 quos,
683 5151 821 5207 quos
851 5142 1151 5207 posuerunt
1179 5142 1361 5205 patres
1391 5135 1470 5190 tui
1493 5135 1539 5167 ⁷⁸
1564 5154 1576 5189 :
1609 5153 1627 5186 ι
1655 5150 1755 5190 nec
1774 5133 2057 5189 attenden-

487 5239 592 5292 tes,
639 5245 855 5285 sacrum
910 5229 1063 5283 illum
1111 5236 1166 5284 et
1216 5243 1470 5299 magnum
1522 5226 1740 5282 Patrum
1782 5227 1836 5281 in
1873 5224 2053 5280 Nicaea

486 5323 738 5383 chorum,
775 5329 899 5391 post
930 5321 1023 5377 Dei
1052 5328 1107 5376 et
1135 5320 1314 5375 Patris
1362 5318 1762 5375 confessionem
1792 5318 2053 5372 continuo

487 5427 686 5468 nomen
717 5410 930 5466 Domini
948 5411 1076 5466 Jesu
1113 5410 1362 5481 posuisse
1394 5428 1407 5464 :
1434 5429 1453 5462 ι
1489 5408 1556 5463 Et
1584 5409 1641 5462 in
1684 5424 1852 5462 unum
1869 5405 2055 5460 Domi-

487 5521 620 5561 num
660 5503 847 5559 Jcsum
890 5505 1204 5573 Christum;
1239 5524 1260 5559 ι
1302 5513 1358 5561 et
1407 5504 1580 5560 eidem
1607 5511 1818 5574 postea,
1865 5508 2054 5572 utpote

2152 4518 2245 4554 σου
2265 4516 2282 4531 ο
2333 4517 2353 4552 ι
2404 4497 2478 4567 μὴ
2524 4493 2899 4567 προσέχοντες,
2933 4493 3015 4545 ὅτι
3042 4492 3139 4545 καὶ
3176 4489 3286 4544 τῶν
3319 4491 3465 4544 κατὰ
3494 4492 3708 4544 Νίκαιαν

2150 4593 2319 4663 ἁγίων
2370 4587 2629 4658 Πατέρων
2670 4588 2699 4638 6
2744 4584 2887 4657 ἱερὸς
2917 4584 3011 4638 καὶ
3050 4582 3220 4653 μέγας
3256 4582 3418 4653 χορὸς
3455 4583 3595 4653 μετὰ
3620 4584 3706 4650 τὴν

2149 4683 2240 4738 τοῦ
2267 4681 2401 4735 Θεοῦ
2425 4678 2522 4734 καὶ⁹
2550 4676 2761 4747 Πατρὸς
2791 4673 3078 4746 ὁμολογίαν
3100 4673 3260 4737 εὐθὺς
3293 4671 3451 4738 ἔταξε
3475 4674 3535 4727 τὸ
3558 4674 3705 4743 ὄνομα

2147 4776 2239 4831 τοῦ
2266 4772 2535 4836 Δεσπότου
2568 4767 2825 4840 Χριστοῦ·
2857 4786 2877 4818 ι
2914 4768 3023 4820 Καὶ
3047 4768 3126 4829 είς
3156 4764 3253 4818 ’ένα
3287 4764 3496 4837 Κύριον
3522 4764 3705 4837 Ἰησοῦν

2149 4866 2415 4940 Χριστόν·
2454 4883 2473 4915 ι
2511 4857 2612 4915 εἷθ’
2644 4859 2818 4923 οὓτως
2872 4859 3150 4928 ἐπήγαγον
3194 4857 3267 4911 τά
3308 4874 3368 4909 τε
3416 4857 3591 4927 ὑψηλὰ
3620 4857 3703 4925 τῆς

2150 4957 2419 5027 θεότητος,
2441 4952 2511 5007 τά
2531 4970 2592 5006 τε
2613 4950 2927 5021 οἰκονομικὰ
2943 4951 3042 5019 τῆς
3065 4947 3256 5002 ἑαυτοῦ
3286 4948 3700 5020 άνθρωττότητος,

2148 5045 2225 5107 ὡς
2257 5043 2446 5099 τούτου
2484 5041 2645 5113 μόνου
2671 5038 2767 5092 τοῦ
2800 5039 3060 5109 ὀνόματος
3095 5037 3314 5100 οἰκείως
3361 5037 3457 5090 καὶ
3486 5036 3703 5107 προσφό-

2154 5153 2264 5208 ρως
2291 5136 2359 5189 τὰ
2392 5134 2624 5205 διάφορα
2654 5130 2965 5202 δεχομένου,
2995 5128 3137 5183 κατὰ
3174 5128 3275 5196 τὴν
3305 5128 3403 5181 τοῦ
3454 5129 3702 5199 μακαρίον

2152 5226 2365 5283 Παύλου
2399 5226 2611 5296 φωνήνο
2645 5242 2664 5275 ι
2701 5222 2960 5292 Θεμέλιον
2990 5220 3147 5275 ἄλλον
3171 5220 3348 5283 οὐδεὶς
3385 5220 3598 5273 δύναται
3617 5218 3703 5271 oss

2150 5337 2238 5374 ναι
2287 5316 2438 5390 παρὰ
2479 5317 2570 5370 τὸν
2601 5315 2872 5386 κείμενον,
2901 5314 2959 5376 ὃς
2989 5315 3136 5366 ἐστιν
3172 5312 3381 5383 Ἰησοῦς
3412 5312 3649 5385 Χριστός.
3680 5328 3699 5361 ι

2149 5411 2242 5483 Μὴ
2269 5411 2331 5482 δὴ
2364 5408 2777 5478 καταλείψωμεν
2819 5405 2911 5459 τὸν
2955 5404 3222 5475 θεμέλιον,
3244 5404 3305 5467 ὸς
3352 5405 3564 5460 πάντων
3600 5401 3704 5457 ἐστὶ

2149 5500 2392 5563 δεκτικὸς
2411 5498 2531 5553 καθ’
2558 5497 2821 5568 ἑκατέραν
2849 5495 3031 5563 φύσιν,
3051 5494 3152 5563 τήν
3174 5511 3236 5547 τε
3260 5494 3507 5561 δόξαν,τό
3527 5511 3581 5547 τε
3613 5493 3708 5548 πά-
3812 5536 3813 5549 χ

559 5659 608 5693 ἰ
643 5659 799 5716 Rom.
838 5677 925 5728 ix,
960 5661 1013 5717 5.
1088 5661 1135 5695 ⁷⁸
1171 5660 1193 5715 ι
1224 5661 1352 5717 Cor.
1383 5678 1439 5728 v,
1475 5659 1527 5717 7.
1603 5660 1649 5692 ⁷⁸
1686 5658 1810 5716 Act.
1846 5673 1997 5724 xxvi,
2030 5659 2040 5711 1

2196 5658 2239 5692 ⁷⁷
2281 5655 2302 5709 1
2338 5654 2460 5711 Cor.
2498 5669 2587 5722 xv,
2622 5652 2676 5708 5.
2752 5656 2799 5733 τῇ
2839 5653 3006 5712 Prov.
3044 5670 3156 5708 xxii
3181 5694 3196 5717 ,
3231 5650 3322 5705 28.
