3842 6186
196 343 220 394 1
232 339 340 396 369

1038 337 1622 398 CONFUTATIONES
1664 339 2108 409 QUARUMDAM
2151 337 2735 394 PROPOSITIONUM.

3309 337 3450 395 1570

197 458 292 520 θος
335 455 604 528 ἀληθινῶς
639 457 1016 528 προσιέμενος.
1061 460 1184 513 Ἐὰν
1219 459 1379 530 εἴπῃς
1423 459 1556 514 Θεὸν
1597 461 1772 531 μόνον,

1880 460 2024 530 quod
2057 473 2226 513 unum
2255 466 2378 528 apte
2405 463 2458 512 et
2500 454 2784 512 commode
2815 455 3030 510 diversa
3062 453 3117 510 in
3149 470 3208 510 se
3235 458 3446 526 recipe-

195 548 302 602 ποῦ
328 547 437 601 τῶν
470 547 657 601 παθῶν
699 548 1140 622 ἐποικοδομήσεις
1183 551 1281 622 τὴν
1331 551 1548 621 χρείαν;
1582 552 1675 604 ἐὰν
1705 553 1779 605 εῖ-

200 655 311 712 πῃς
355 639 637 711 ἄνθρωπον
685 641 875 710 μόνον,
911 641 1014 695 ποῦ
1066 643 1583 714 τῆς⁶ἀκαταλήπτου
1623 643 1777 713 δόξης

204 730 485 800 ἐπιθήσεις
513 730 602 783 τὸν
628 730 884 797 πλοῦτον;
939 732 1096 785 Ἀλλὰ
1118 734 1351 804 Χριστὸν
1384 735 1562 802 λέγειν
1591 734 1772 786 καλόν·

197 823 269 892 τῇ
303 821 398 890 μὲν
433 820 645 894 θεότητι
671 822 768 894 τὴν
791 823 946 888 δόξαν
987 824 1386 896 καρπούμενον,
1425 829 1492 897 τῇ
1527 827 1776 898 ἡνωμένη

194 911 254 964 δέ
283 912 654 983 άνθρωπότητι
687 914 746 966 τὸ
779 915 949 977 πάθος
973 915 1280 984 δεχόμενον,
1311 918 1375 986 τῇ
1407 915 1463 968 δὲ
1491 917 1776 988 ἁχωρίστῳ

194 1001 384 1055 ἐνὼσει
429 1004 536 1056 πᾶν
579 1003 763 1074 θαῦμα
800 1005 1287 1075 κατεργαζόμενον,
1323 1007 1431 1060 πᾶν
1463 1006 1630 1077 δῶρον
1663 1010 1776 1070 τοῖς

196 1096 410 1158 πιστοῖς
459 1095 832 1166 χαριζόμενον.
884 1095 1040 1150 Οῦτω
1095 1097 1367 1151 δείκνυται
1407 1097 1500 1151 καὶ
1537 1098 1598 1151 τὸ
1633 1100 1774 1152 θεῖον

194 1185 426 1250 ἀπαθὲς,
453 1187 632 1238 καὶτὸ
663 1187 834 1250 πάθος
873 1187 1144 1258 ἀληθινὸν,
1181 1189 1274 1242 καὶ
1327 1189 1388 1242 τὸ
1437 1190 1628 1261 κέρδος
1667 1191 1776 1244 τῶν

194 1276 497 1348 ἀνθρώπων
541 1278 738 1341 κοινὸν,
773 1279 864 1332 καὶ
898 1280 927 1330 ὁ
955 1280 1112 1349 λόγος
1148 1281 1247 1352 τῆς
1289 1281 1546 1353 ἀληθείας
1577 1281 1772 1352 σαφὴς,

193 1370 292 1422 καὶ
338 1372 366 1423 ὁ
409 1369 655 1439 θεμέλιος
681 1371 781 1441 τῆς
803 1371 1150 1434 διδασκαλίας
1193 1373 1510 1437 ἀσάλευτος,
1555 1373 1772 1427 καὶτοῦ

195 1457 496 1528 μυστηρίου
539 1458 598 1511 τὺ
647 1459 872 1529 μέγεθος
923 1460 1152 1526 ἔνδοξον,
1189 1461 1285 1514 καὶ
1338 1462 1398 1514 τὸ
1445 1460 1630 1532 θαῦμα
1675 1462 1775 1532 τῆς

192 1550 551 1620 ἀρχαιότητος
602 1550 932 1615 ἀξιόπιστον,
959 1555 1052 1607 καὶ
1086 1554 1148 1607 τὸ
1197 1553 1390 1616 κάλλος
1419 1553 1519 1624 τῆς
1562 1552 1776 1624 ὀρθοδο-

191 1637 312 1704 ξίας
343 1641 647 1706 ἀνόθευτον,
682 1643 774 1695 καὶ
796 1643 855 1696 τὸ
888 1644 1150 1715 κήρυγμα
1178 1645 1286 1698 τῶν
1321 1644 1491 1714 ἁγίων
1521 1645 1775 1698 ἁπάντων

192 1733 503 1804 σύμφωνον.
521 1735 594 1788 Τὸ
620 1735 675 1788 δὲ
701 1735 878 1804 λέγειν
903 1737 1001 1806 τὴν
1025 1738 1249 1808 μηδέπω
1280 1738 1536 1810 ῥηθεῖσαν
1569 1737 1770 1808 φωνὴν,

188 1825 288 1877 καὶ
337 1825 749 1896 ἀναθεματίζειν
787 1828 1050 1893 ἅπαντας,
1083 1830 1211 1892 τοὺς
1239 1830 1313 1900 μὴ
1355 1829 1606 1892 εἰπόντας
1638 1829 1771 1882 Θεόν

185 1915 363 1983 Λόγον
391 1915 634 1970 παθόντα
664 1918 847 1988 σαρκὶ,
875 1917 1035 1972 τοῦτο
1071 1918 1131 1971 οὐ
1165 1919 1326 1989 μόνον
1363 1919 1502 1973 κατὰ
1541 1920 1649 1974 τῶν
1678 1920 1771 1973 νῦν

192 2008 499 2081 ἀνθρώπων
537 2009 692 2081 φέρει
713 2009 774 2061 τὸ
802 2009 1021 2080 θράσος,
1063 2010 1177 2063 ἀλλ’
1198 2010 1300 2080 ἤδη
1337 2011 1432 2064 καὶ
1463 2011 1605 2064 κατὰ
1633 2010 1772 2064 πάν-

187 2118 299 2155 των
328 2101 434 2154 τῶν
473 2102 568 2154 ἀπ’
592 2100 786 2163 αἰῶνος
829 2101 1085 2172 κηρύκων
1115 2102 1210 2154 καὶ
1239 2101 1576 2155 διδασκάλων
1601 2103 1774 2155 ἐκτεί-

187 2209 304 2246 νειν
326 2189 424 2260 τὴν
444 2191 661 2261 τόλμαν.
700 2190 860 2244 Ἰνατί
889 2192 946 2244 δέ
975 2193 1071 2244 καὶ
1101 2191 1358 2260 φεύγουσι
1390 2192 1451 2244 τὸ
1481 2192 1650 2262 ὄνομα
1679 2191 1771 2244 τοῦ

183 2282 459 2334 Δεσπότου
512 2280 770 2352 Χριστοῦ,
828 2280 914 2350 ἐφ’
947 2274 990 2348 ᾧ
1032 2282 1304 2333 πιστεύειν
1359 2279 1770 2351 ἐκελεύσθημεν;

184 2371 486 2425 Πίστευσον
512 2373 604 2424 ἐπὶ
626 2371 716 2424 τὸν
746 2370 950 2442 Κύριον
985 2371 1191 2441 Ἰησοῦν
1207 2371 1458 2442 Χριστὸν,
1478 2371 1570 2424 καὶ
1596 2371 1772 2442 σωθή-

188 2481 281 2536 σῃ.
323 2465 445 2518 Ἐπὶ
493 2464 666 2534 τούτῳ
718 2463 796 2534 τῷ
840 2465 1064 2534 ὀνόματι
1101 2464 1200 2527 τὰς
1250 2463 1472 2526 ἐλπίδας
1506 2463 1648 2533 ἔχειν
1674 2464 1773 2533 τῆς

189 2555 467 2628 σωτηρίας
498 2556 680 2610 καλόν.
733 2555 867 2608 Οὐδὲ
901 2556 1010 2626 γάρ
1055 2557 1200 2608 ἐστιν
1238 2557 1408 2626 ὄνομα
1445 2554 1627 2626 ἓτερον
1670 2553 1774 2606 ὑπὸ

185 2647 282 2702 τὸν
329 2648 555 2719 οὐρανὸν
587 2647 648 2700 τὸ
679 2645 960 2716 δεδομένον
1013 2646 1071 2697 ἐν
1134 2643 1469 2715 ἀνθρώποις,
1505 2645 1562 2696 ἐν
1695 2643 1774 2696 δεῖ

189 2738 427 2810 σωθῆναι
456 2740 624 2809 ἡμᾶς.
658 2756 677 2789 ι
712 2739 800 2790 Ἐν
826 2737 903 2808 τῷ
931 2737 1151 2809 ὀνόματι
1191 2735 1363 2806 Ἰησοῦ
1395 2735 1631 2805 Χριστοῦ
1665 2737 1772 2788 πᾶν

186 2831 322 2898 γόνυ
370 2829 597 2900 κάμψει,
648 2829 984 2900 ἐπουρανίων
1035 2828 1131 2882 καὶ
1179 2827 1436 2896 ἐπιγείων
1469 2827 1564 2880 καὶ
1606 2843 1773 2880 κατα-

187 2921 438 2992 χθονίων,
469 2920 564 2973 καὶ
593 2921 743 2973 πᾶσα
777 2919 999 2989 γλῶσσα
1038 2919 1516 2990 ἐξομολογήσεται,
1539 2919 1621 2971 ὃτι
1659 2919 1772 2971 Κύ-

190 3031 309 3085 ριος
349 3012 554 3084 Ἰησοῦς
593 3013 824 3083 Χριστὸς
853 3014 932 3075 είς
955 3011 1110 3078 δόξαν
1138 3012 1370 3083 Πατρός.
1395 3031 1413 3064 ι
1447 3011 1617 3074 Αὐτὸς
1651 3028 1772 3082 κρι-

187 3106 288 3176 τὴς
313 3105 526 3170 ζώντων
555 3106 648 3158 καὶ
693 3104 901 3176 νεκρῶν
922 3121 934 3134 ο
976 3105 1137 3156 αὑτὸν
1184 3103 1505 3157 ἐπεκαλεῖτο
1530 3102 1768 3156 τελειού-

194 3162 356 3268 μενος
411 3197 711 3266 Στέφανος⁹
770 3162 804 3247 ι’
836 3196 1006 3266 Κύριε
1049 3195 1223 3267 Ἰησοῦ
1270 3195 1496 3267 Χριστέ,
1521 3195 1668 3260 δέξαι
1705 3194 1768 3248 τὸ
1795 3162 1838 3222 c‘

189 3287 412 3358 πνεῦμά
454 3305 576 3357 μου.
609 3281 704 3350 Εἷς
729 3286 933 3358 Κύριος
969 3287 1173 3358 Ἰησοῦς
1215 3286 1469 3355 Χριστὸς,
1510 3285 1576 3338 δι’
1613 3280 1674 3338 οῦ
1703 3285 1770 3338 τὰ

189 3379 394 3435 πάντα.
438 3398 456 3432 ι
509 3379 682 3442 Αὐτὸς
731 3379 944 3449 Σωτὴρ,
969 3378 1132 3441 αὐτὸς
1173 3379 1500 3449 Λυτρωτήςο
1538 3377 1770 3448 Χριστὸς

186 3471 265 3526 τὰ
298 3472 492 3525 πάντα.
511 3471 576 3524 Τί
611 3469 869 3539 φεύγουσι
895 3470 955 3524 τὸ
986 3469 1357 3540 πολυπόθητον
1380 3470 1580 3539 ὅνομας
1603 3469 1772 3522 Τοῦτο

189 3564 292 3629 τὰς
313 3565 497 3628 νόσους
523 3565 749 3635 ἤλασενο
779 3581 798 3615 ι
835 3564 923 3617 Ἐν
956 3562 1034 3634 τῷ
1057 3564 1278 3633 ὀνόματι
1319 3561 1492 3634 Ἰησοῦ
1531 3561 1769 3634 Χριστοῦ

191 3657 407 3726 ἐγειραι
440 3657 536 3709 καὶ
563 3655 871 3726 περιπάτει.
907 3673 926 3707 ι
951 3655 1121 3708 Τοῦτο
1144 3655 1268 3717 τοὺς
1287 3655 1545 3725 δαίμονας
1573 3655 1775 3724 ἐφυγά-

190 3748 384 3800 δευσεο
417 3765 436 3797 ι
467 3745 834 3816 Παραγγέλλω
862 3762 945 3799 σοι
985 3747 1043 3798 ἐν
1071 3746 1293 3816 ὀνόματι
1334 3745 1508 3816 Ἰησοῦ
1540 3744 1772 3815 Χριστοῦ

190 3837 291 3892 τοῦ
318 3837 628 3910 Ναζαραίου
655 3836 888 3901 ἐξελθεῖν
911 3837 1007 3889 ἀπ’
1037 3836 1231 3906 αὐτῆς.
1265 3856 1282 3888 ι
1322 3837 1445 3900 Πῶς
1483 3832 1596 3900 οὖν,
1617 3836 1774 3889 τοῦτο

191 3933 584 3996 καταλιπόντες
631 3933 707 3997 ὡς
752 3933 1063 4006 άπαρέσκον
1113 3933 1313 3997 αὐτοῖς.
1341 3933 1404 3986 τὸ
1447 3935 1574 4005 παρ’
1600 3933 1772 3986 οὐδενὶ

191 4024 304 4076 τῶν
343 4024 512 4092 ἁγίων
562 4025 809 4095 κείμενον
857 4024 1154 4090 τεθείκασι,
1194 4025 1277 4092 τὸ,
1315 4025 1372 4078 '0
1403 4025 1574 4095 Λόγος
1604 4023 1770 4078 ἔπαθε

195 4112 388 4184 σαρκί;

1878 563 1980 616 ret,
2009 562 2124 607 tum
2159 551 2417 607 sublimia
2467 549 2708 612 deitatis,
2751 557 2865 602 tum
2894 547 3228 606 (economica
3259 549 3448 603 huma-

1877 647 2066 702 nitatis
2100 645 2403 715 applicasse
2424 685 2439 705 ,
2465 641 2765 698 secundum
2791 641 2902 696 divi
2938 643 3090 696 Pauli
3117 643 3444 698 sententiam

1876 739 2022 792 illam
2061 755 2075 791 :
2116 754 2134 787 ι
2171 734 2608 789 Fundamentum
2642 733 2787 787 aliud
2821 747 3025 802 ponere
3058 748 3217 788 nemo
3241 739 3441 804 potest,

1875 836 2073 899 praeter
2121 829 2174 882 id
2205 828 2348 896 quod
2378 827 2614 896 positum
2644 833 2747 887 est,
2777 826 2923 895 quod
2975 833 3058 880 est
3089 824 3250 880 Jesus
3285 824 3444 880 Chri-

1877 922 2077 978 stus".
2138 939 2157 972 ι
2212 919 2292 974 Νε
2339 920 2717 989 relinquamus
2770 918 3227 983 fundamentum,
3297 919 3442 988 quod

1874 1013 2118 1068 omnium
2158 1017 2242 1066 est
2285 1025 2479 1079 capax,
2511 1009 2810 1064 secundum
2847 1015 3136 1078 utramque
3165 1016 3439 1072 naturam,

1875 1105 2100 1174 gloriam
2135 1110 2188 1157 et
2222 1101 2531 1172 passionem
2564 1116 2687 1155 vere
2731 1101 3101 1155 admittentes.
3129 1098 3190 1154 Si
3239 1100 3442 1155 dixeris

1874 1195 2045 1250 Deum
2095 1195 2295 1258 solum,
2333 1191 2609 1264 quomodo
2647 1192 2697 1246 ei
2736 1194 3008 1262 passionis
3057 1193 3441 1246 necessitatem

1875 1286 2250 1357 superstruis?
2286 1285 2333 1340 si
2377 1283 2582 1339 dixeris
2615 1283 2887 1338 hominem
2935 1284 3132 1347 solum,
3168 1283 3443 1352 quomodo

1873 1380 1921 1435 ei
1960 1377 2533 1448 incomprehensibilis
2557 1376 2744 1446 gloria:
2765 1374 2984 1430 divitias
3007 1375 3264 1442 adjicies?
3283 1373 3442 1427 Chri-

1874 1479 2016 1523 stum
2050 1482 2181 1522 vero
2212 1465 2521 1520 rectissime
2544 1464 2766 1526 dixeris,
2797 1463 2968 1533 gloria
2998 1462 3215 1532 quidem
3247 1477 3442 1517 secun-

1873 1559 1999 1614 dum
2033 1559 2285 1613 deitatem
2325 1555 2615 1622 fruentem,
2637 1555 2947 1624 passionem
2985 1569 3115 1607 vero
3141 1553 3438 1608 secundum

1872 1651 2079 1706 unitam
2110 1649 2502 1703 humanitatem
2531 1647 2918 1716 suscipientem
2945 1665 2957 1699 :
2983 1645 3218 1714 denique
3252 1659 3443 1698 secun-

1873 1741 2002 1794 dum
2032 1737 2450 1806 inseparabilem
2479 1737 2735 1790 unionem
2771 1735 2955 1788 omnia
3007 1735 3271 1788 miracula
3319 1750 3444 1804 ope-

1873 1829 2306 1894 rantem,omnia
2339 1827 2481 1882 dona
2513 1826 2761 1880 ﬁdelibus
2790 1825 3302 1879 communicantem.
3329 1823 3442 1878 Hac

1873 1923 2082 1976 ratione
2113 1927 2168 1975 et
2199 1919 2417 1990 deitatis
2466 1916 2902 1986 impassibilitas,
2935 1923 2990 1969 et
3042 1914 3315 1984 passionis
3358 1930 3443 1967 ve-

1873 2014 2026 2074 ritas,
2045 2020 2098 2066 et
2130 2009 2438 2064 communis
2467 2009 2751 2062 hominum
2785 2007 2993 2061 utilitas
3009 2007 3437 2060 demonstratur.

1872 2105 2047 2174 Atque
2102 2103 2176 2156 ita
2234 2108 2320 2156 est
2366 2101 2612 2155 veritatis
2655 2114 2836 2154 sermo
2873 2098 3216 2168 perspicuus,
3248 2096 3441 2150 funda-

1872 2202 2115 2248 mentum
2163 2191 2424 2246 doctrinaa
2480 2191 2890 2254 inconcussum,
2966 2189 3280 2259 magnitudo
3331 2204 3441 2258 my-

1872 2286 2026 2340 sterii
2071 2285 2302 2340 illustris
2341 2301 2354 2336 :
2389 2282 2677 2336 admiratio
2707 2281 3053 2350 antiquitatis
3106 2282 3206 2336 ﬁde
3251 2281 3435 2350 digna,

1870 2376 2219 2448 pulchritudo
2269 2375 2588 2430 orthodoxa:
2647 2375 2909 2429 doctriure
2959 2375 3440 2442 incorrupta,‘con-

1872 2469 2112 2524 sentiens
2141 2468 2374 2538 denique
2397 2468 2641 2521 omnium
2673 2473 2983 2521 sanctorum
3007 2462 3338 2534 praedicatio.
3369 2460 3438 2514 At

1871 2560 2169 2614 inauditam
2196 2574 2380 2614 vocem
2413 2558 2678 2628 proferre,
2697 2566 2751 2612 et
2767 2557 3108 2611 anathemate
3131 2555 3293 2610 ferire
3319 2569 3435 2620 eos,

1873 2653 1964 2723 qui
1990 2651 2159 2706 Deum
2195 2665 2362 2706 carne
2395 2658 2594 2721 negant
2628 2663 2876 2719 passum,
2909 2647 2964 2702 id
3020 2661 3148 2701 vero
3186 2653 3270 2701 est
3326 2661 3437 2700 non

1871 2753 2074 2800 nostrae
2119 2745 2386 2800 duntaxat
2423 2745 2600 2799 aetatis
2630 2743 2878 2796 homines
2928 2741 3232 2811 petulanter
3268 2739 3438 2807 impe-

1872 2843 2022 2900 tere,
2077 2836 2173 2891 sed
2229 2850 2421 2890 omnes
2484 2834 2728 2888 omnium
2769 2840 2985 2886 aetatum
3057 2843 3335 2900 prmconcs
3385 2837 3439 2883 et

1879 2927 2134 2980 doctores
2172 2926 2432 2980 audacter
2475 2924 2861 2978 condemnare.
2902 2922 3012 2975 Cur
3059 2935 3188 2974 vero
3240 2934 3436 2974 nomen

1871 3019 2078 3074 Christi
2123 3018 2335 3073 Domini
2375 3017 2608 3088 fugiunt,
2641 3018 2692 3068 in
2727 3014 2873 3085 quod
2901 3012 3042 3082 jussi
3087 3026 3275 3066 sumus
3317 3024 3438 3064 cre-

1873 3106 2038 3161 dere?
2066 3106 2240 3162 Crede
2271 3107 2325 3159 in
2355 3105 2643 3160 Dominum
2675 3104 2860 3159 Jesum
2907 3101 3210 3162 Christum,
3246 3109 3301 3153 et
3335 3099 3438 3153 sal-

1869 3213 1970 3253 vus
1999 3198 2128 3253 eris.
2147 3197 2203 3251 In
2235 3197 2335 3251 hoc
2364 3211 2582 3258 nomen,
2625 3193 2910 3264 pulchrum
2957 3199 3042 3246 est
3070 3191 3259 3245 salutis
3285 3204 3436 3259 spem

1869 3306 2090 3362 ponere.
2116 3289 2297 3359 Neque
2322 3289 2467 3344 enim
2494 3287 2642 3342 aliud
2665 3300 2862 3340 nomen
2885 3284 3052 3339 ullum
3069 3290 3154 3337 est
3177 3282 3278 3335 sub
3299 3281 3438 3334 cmlo

1871 3381 2187 3438 hominibus
2220 3396 2317 3450 per
2357 3381 2502 3450 quod
2544 3379 2791 3434 salvandi
2820 3378 2992 3434 simus
3026 3395 3039 3430 :
3074 3393 3092 3425 ‹
3129 3375 3187 3428 in
3217 3372 3438 3427 nomine

1870 3473 2087 3529 Domini
2144 3472 2274 3528 Jesu
2320 3473 2526 3528 Christi
2581 3485 2743 3525 omne
2789 3485 2929 3539 genu
2975 3468 3242 3532 tlectatur,
3275 3464 3438 3519 coale-

1873 3567 2060 3630 stium,
2091 3564 2432 3620 terrestrium
2467 3571 2522 3619 et
2571 3562 2933 3620 infernarum,
2965 3568 3019 3616 et
3049 3560 3229 3614 omnis
3254 3559 3438 3628 lingua

1870 3656 2212 3719 confiteatur,
2239 3655 2368 3725 quia
2415 3653 2681 3710 Dominus
2709 3651 2871 3708 Jesus
2895 3651 3148 3706 Christus
3179 3651 3234 3703 in
3265 3649 3438 3718 gloria

1871 3755 1954 3802 est
1974 3746 2237 3800 Patris”.
2277 3766 2296 3798 ›
2337 3744 2457 3814 Ipse
2487 3745 2656 3815 judex
2704 3753 2788 3799 est
2836 3744 3081 3798 vivorum
3111 3747 3164 3795 et
3193 3745 3438 3793 mortuo-

1871 3855 1990 3893 rum
2032 3858 2043 3892 :
2077 3837 2255 3908 ipsum
2287 3837 2598 3900 invocabat,
2641 3851 2764 3890 cum
2795 3835 2908 3903 jam
2941 3836 3434 3894 consummaretur,

1879 3931 2192 4001 Stephanus
2222 3948 2236 3984 :
2286 3949 2304 3982 ι
2351 3929 2578 3984 Domine
2611 3928 2740 3984 Jesu
2769 3927 3006 3992 Christe,
3039 3924 3254 3994 suscipe
3277 3922 3440 3992 spiri-

1875 4030 1990 4077 tum
2025 4023 2290 4078 meum".
2335 4020 2488 4076 Unus
2531 4021 2794 4076 Dominus
2845 4018 3006 4074 Jesus
3035 4016 3287 4071 Christus
3341 4027 3439 4083 per

1877 4129 2037 4182 quem
2069 4112 2252 4167 omnia
2271 4113 2338 4167 θ’.
2392 4132 2410 4164 ι
2445 4112 2563 4182 Ipse
2606 4111 2876 4174 Salvator,
2911 4112 3030 4180 ipse
3057 4106 3385 4176 Redemptor
3420 4119 3434 4154 :

190 4208 449 4262 Christus
472 4206 674 4262 omnia.
706 4209 979 4274 Quorsum
1003 4207 1219 4276 fugiunt
1247 4207 1614 4264 desiderabile
1653 4207 1786 4262 illud
1815 4209 2053 4261 nomen?
2087 4204 2267 4274 Ipsum
2319 4206 2541 4260 morbos
2611 4204 2854 4265 sustulit,
2891 4221 2909 4253 ι
2949 4203 3007 4256 In
3039 4199 3256 4254 nomine
3309 4194 3439 4252 Jesn

190 4297 399 4355 Christi
429 4315 588 4368 surge
614 4307 668 4354 et
693 4299 992 4354 ambula”.
1034 4317 1052 4350 ι
1098 4296 1279 4368 Ipsum
1301 4297 1505 4367 iugavit
1529 4297 1820 4361 dwmones,
1862 4315 1880 4348 ι
1920 4296 2181 4366 Ρτιεείρίο
2208 4296 2303 4350 tibi
2331 4297 2385 4350 in
2414 4297 2632 4351 nomine
2666 4295 2794 4350 Jesu
2819 4293 3023 4348 Christi
3071 4289 3357 4356 Nazareni,
3377 4296 3440 4342 ut

192 4403 360 4443 exeas
406 4390 474 4443 ab
531 4389 704 4443 illa“.
745 4408 765 4442 ι
806 4389 1093 4454 Quomodo
1143 4389 1312 4459 igitur
1363 4390 1489 4453 hoc,
1525 4397 1583 4442 ut
1617 4389 1752 4458 ipsis
1793 4388 2019 4442 minime
2045 4395 2200 4457 grato
2232 4387 2447 4452 relicto,
2482 4387 2536 4442 id
2565 4385 2711 4457 quod
2765 4385 2909 4455 apud
2967 4390 3281 4440 sanctorum
3341 4397 3439 4437 ne-

191 4479 396 4533 minem
426 4481 716 4550 reperitur,
749 4481 1113 4545 substituunt,
1143 4479 1290 4536 Deus
1314 4478 1547 4534 Verbum
1571 4496 1767 4551 passus
1798 4490 1881 4534 est
1907 4480 2104 4534 carne?

931 4595 1025 4648 Χῐ.

192 4684 351 4753 Πρὸς
402 4684 544 4751 τοὺς
579 4684 898 4754 λέγοντας·
928 4684 1114 4737 Ποίαν
1151 4682 1453 4754 δώσουσιν
1495 4684 1765 4738 Ἰουδαῖοι

475 4755 672 4822 δίκην,
705 4757 756 4808 εὶ
779 4755 864 4823 μὴ
891 4754 1038 4808 Θεὸν
1070 4753 1446 4809 ἀπέκτειναν.

266 4847 378 4900 Οὐκ
410 4845 575 4910 ἐστιν,
603 4846 677 4909 ὡς
703 4846 865 4910 ἔοικε,
889 4845 1328 4914 φιλονεικούντων
1349 4845 1555 4918 ἀνδρῶν
1574 4846 1764 4914 ἄλογον

194 4941 370 5011 ὁρμὴν
411 4941 586 5008 λόγοις
618 4942 758 4996 τισὶν
791 4943 1066 5011 ἐπισχεῖνο
1101 4940 1234 4993 ἀλλὰ
1284 4941 1386 4994 κᾶν
1438 4941 1660 5012 μυρίους
1684 4959 1765 5004 τις

194 5031 376 5102 ἐπάγῃ
402 5033 492 5085 καὶ
517 5035 936 5104 ἀναντιρρήτους
962 5032 1235 5102 ἐλέγχους,
1254 5033 1352 5103 τὴν
1388 5034 1484 5104 μὲν
1514 5033 1764 5105 ἀλήθειαν

193 5121 383 5186 ἔδειξε,
407 5125 530 5187 τοὺς
557 5124 612 5177 δὲ
633 5124 724 5177 τοῦ
751 5113 977 5194 ψεύδους
1009 5124 1244 5195 ἐργάτας
1268 5125 1367 5178 οὐκ
1401 5125 1631 5179 ἔπεισεν.
1662 5125 1769 5179 0Ξῦ⁴

192 5231 274 5267 τω
320 5214 428 5286 γὰρ
475 5218 523 5268 οἱ
573 5216 673 5286 τῆς
717 5215 974 5287 ἀληθείας
1013 5216 1377 5279 ἀποκοπέντες
1407 5217 1545 5288 μετά
1575 5217 1773 5281 πολλὰς

193 5307 436 5376 φανερὰς
471 5309 790 5375 ἀποδείξεις.
818 5309 918 5362 οὐκ
954 5308 1278 5378 ἀφίστανται
1299 5307 1392 5362 τοῦ
1418 5309 1614 5362 οἰκείου
1650 5327 1773 5362 σκο-

193 5397 325 5463 ποῦ,
361 5399 479 5452 οὐδὲ
505 5401 752 5472 ἔρχονται
779 5401 911 5472 πρὸς
931 5399 1027 5470 τὴν
1051 5400 1264 5453 εὐθεῖαν
1295 5401 1411 5452 ὁδόν
1429 5417 1441 5429 ·
1466 5399 1577 5453 ἀλλ’
1607 5403 1774 5471 ἀτρα-

191 5491 330 5554 ποὺς
356 5491 656 5556 δεξάμενοι,
675 5491 766 5546 ἐπὶ
797 5492 1072 5563 κρημνοὺς
1101 5491 1497 5563 περιέρχονται,
1533 5478 1770 5561 παραλό-

2607 4588 2698 4645 XI.

1872 4686 2130 4741 Adversus
2165 4703 2250 4740 eos
2284 4686 2372 4754 qui
2395 4692 2654 4755 quarunt,
2680 4683 2886 4755 qualem
2906 4698 3108 4755 poenam
3136 4679 3314 4735 Judm’
3341 4677 3440 4732 da-

2123 4758 2229 4808 turi
2276 4753 2477 4818 sint,“
2514 4771 2616 4807 non
2647 4753 2944 4807 occiderunt
2975 4753 3165 4806 Deum.

1945 4845 2048 4912 Qui
2083 4847 2453 4902 contentionis
2485 4845 2666 4900 studio
2705 4844 2955 4900 feruntur
2980 4844 3102 4907 viri,
3135 4857 3322 4897 eorum
3353 4839 3436 4894 in-

1871 4953 2066 4994 sanum
2112 4942 2374 5010 impetum
2417 4940 2584 5002 nulla,
2615 4939 2812 5002 credo,
2846 4943 3030 5007 potest
3079 4937 3255 4990 oratio
3285 4932 3438 4988 cohi-

1870 5031 2023 5086 bere.
2059 5030 2164 5086 Sed
2194 5033 2318 5087 licet
2345 5032 2490 5087 mille
2514 5031 2661 5102 quis,
2692 5045 2862 5100 eaque
2898 5030 3096 5083 invicta
3121 5030 3436 5097 argumenta

1873 5123 2151 5192 proterat;
2185 5125 2468 5178 veritatem
2509 5125 2598 5177 ille
2630 5123 2848 5192 quidem
2883 5117 3356 5180 demonstraverit,
3382 5124 3438 5170 at

1870 5216 2133 5284 operariis
2189 5216 2459 5271 mendacii
2495 5214 2562 5270 de
2593 5231 2656 5270 ea
2687 5213 2910 5267 minime
2961 5211 3313 5282 persuaserit.
3343 5208 3436 5264 Sic

1872 5310 2017 5363 enim
2048 5317 2101 5363 et
2122 5310 2212 5378 qui
2245 5324 2275 5362 a
2304 5311 2532 5364 veritate
2564 5309 2906 5372 exciderunt,
2926 5307 2963 5360 ii
2991 5313 3112 5376 post
3130 5305 3297 5358 multa
3317 5303 3434 5358 cla-

1870 5417 2042 5470 raque
2097 5409 2418 5471 argumenta
2476 5417 2577 5456 nec
2625 5401 2898 5456 desistunt
2935 5415 2978 5454 a'
3004 5397 3284 5469 proposito
3312 5410 3433 5458 suo,

1873 5508 1976 5547 nec
2027 5493 2080 5547 in
2130 5493 2270 5548 viam
2306 5504 2508 5547 rectam
2541 5493 2768 5546 redeunt
2803 5510 2814 5544 :
2849 5491 2943 5547 sed
2977 5493 3092 5546 vias
3134 5486 3438 5562 pracipites

265 5647 312 5678 "
351 5645 369 5700 Ι
402 5646 530 5702 Cor.
567 5646 769 5714 "1,".
844 5647 890 5679 ⁸⁸
927 5645 1160 5717 Philipp.
1200 5662 1271 5712 ιι,
1311 5647 1409 5708 10,
1447 5647 1530 5700 il.
1605 5647 1668 5718 ,⁸⁸
1710 5647 1772 5703 Δ(

1874 5649 2086 5715 ι·11,58.
2165 5648 2430 5704 ⁸ιιςυιι.
2468 5663 2587 5715 vm,
2625 5647 2676 5703 6.
2753 5614 2953 5703 sai...
2991 5661 3070 5712 ιιι,
3104 5644 3158 5700 6.
3232 5639 3434 5699 εδΔίι.

191 5731 317 5784 ινι,
356 5717 440 5772 18.
