3842 6186
391 303 526 363 1571

1576 301 1632 355 S.
1675 300 2138 355 ATllANASIUS.
2179 331 2246 340 -
2289 300 2558 358 SPURIA.

3537 294 3691 350 I379

389 417 645 492 ingressi,
665 417 792 470 hinc
819 416 946 471 inde
973 416 1684 486 circumeurit,qu:nsliones
1713 417 1979 473 absurdus

2108 437 2210 482 ὀυς
2288 419 2509 480 πεύσεις
2585 433 2984 489 προτεινοντες,
3055 415 3148 468 καὶ
3219 415 3319 467 οὐκ
3380 415 3691 484 αἰσχύνον-

389 505 792 584 proponentes;'
806 524 905 563 nee
930 508 1265 563 erubescunt
1281 525 1526 578 quaerere
1546 528 1557 561 :
1579 509 1867 574 Quomodo
1885 508 1913 562 .l
1923 527 1984 562 u-

339 674 341 676 _
393 604 497 659 dati
525 600 906 672 punientur,si
933 614 1041 653 non
1059 600 1378 654 occiderunt
1415 600 1983 670 Deum?0impuden-

391 702 502 750 tem
536 693 851 748 audaciam!
883 690 927 744 Ο
960 690 1364 745 fraudulentum
1385 691 1720 746 institutum!
1748 700 1806 745 ut
1830 692 1987 746 Chri-

392 796 538 842 stum
594 783 891 847 vindicent,
952 797 1016 837 ea
1062 797 1182 852 quae
1240 782 1442 838 Christi
1498 791 1627 838 sunt
1671 784 1982 860 traducunt.

396 878 556 949 505
589 876 678 939 Ut,
710 876 882 936 aiunt,
916 873 1087 927 Judaei
1121 874 1343 944 dignam
1374 874 1679 930 sceleribus
1718 875 1836 930 suis
1863 891 1984 944 ρω-

395 985 523 1024 nam
551 969 724 1033 luant,
748 973 1066 1021 evertantur
1096 966 1303 1028 omnia,
1320 964 1695 1035 vilipeudatur
1713 966 1985 1032 doctrina,

393 1060 806 1129 blasphemetur
835 1055 1000 1121 Deus,
1033 1055 1274 1125 patibilis
1305 1062 1552 1118 vocetur,
1581 1055 1672 1124 qui
1698 1062 1784 1109 est
1814 1055 1988 1124 impa-

396 1150 592 1211 tibilis,
627 1147 827 1214 injuria
855 1146 1124 1200 inferatur
1151 1148 1358 1215 gloriae,
1387 1145 1521 1200 lines
1553 1147 1702 1199 orbis
1743 1145 1985 1200 unin-rsi

399 1240 753 1295 sedueantur.
781 1235 862 1292 Tu
901 1251 1054 1299 vero,
1078 1238 1150 1289 mi
1185 1237 1372 1299 homo,
1402 1251 1470 1291 ne
1503 1251 1629 1289 cum
1663 1235 1759 1291 Dei
1794 1243 1990 1290 contu-

398 1330 564 1384 melia
591 1327 759 1382 Deum
795 1327 1094 1382 vindicato.
1131 1326 1233 1382 Odi
1272 1325 1646 1383 defensionem
1685 1341 1809 1396 quae
1864 1342 1989 1381 cum

398 1421 670 1476 dedecore
713 1419 1013 1489 conjuncta
1060 1427 1147 1475 est
1185 1435 1197 1470 :
1234 1426 1459 1488 praestat
1488 1419 1690 1472 lucrari
1723 1417 1989 1483 Judaeum,

399 1527 564 1582 quam
592 1510 943 1566 Christianos
971 1510 1235 1565 confundi
1284 1529 1296 1564 :
1332 1518 1556 1580 praestat
1586 1519 1840 1564 auctores
1863 1525 1992 1580 pas-

401 1605 575 1660 sionis
594 1604 854 1672 effugere,
875 1619 1037 1672 quam
1059 1619 1182 1657 eum
1209 1603 1302 1672 qui
1339 1618 1536 1672 passus
1565 1610 1650 1658 est
1681 1602 1995 1672 hujusmodi

401 1698 691 1759 patronum
729 1690 970 1743 nancisci
1003 1707 1016 1755 ;
1049 1696 1267 1758 praestat
1306 1689 1427 1743 illos
1456 1689 1669 1743 veniam
1708 1687 1992 1758 consequi,

2088 530 2176 566 ται
2219 512 2433 580 λέγειν·
2489 510 2611 574 Πῶς
2657 513 2703 562 οἱ
2761 509 2997 561 Ἰουδαῖοι
3059 507 3584 577 τιμωρηθήσονται,
3638 507 3691 559 εί

2092 603 2165 674 μὴ
2221 603 2352 655 Θεὸν
2393 604 2731 672 ἀνῃρήκασις
2773 598 2873 668 φεῦ
2925 599 3024 668 τῆς
3073 596 3319 660 ἀναιδοῦς
3369 597 3687 666 ἀτολμίαςι

2087 695 2191 748 Φεῦ
2263 697 2363 765 τῆς
2423 695 2705 765 ἀπατηλῆς
2773 693 3170 763 ἐγχειρήσεωςῑ
3229 694 3310 754 εἰς
3388 691 3693 760 ἐκδίκησιν

2088 787 2324 858 Χριστοῦ
2390 786 2458 840 τὰ
2534 784 2769 856 Χριστοῦ
2831 783 3210 854 διασύρουσιν·
3251 783 3410 844 Ἵνα,
3478 783 3688 849 φασὶν,

2101 878 2342 930 Ἰουδαῖοι
2428 877 2581 949 δίκην
2656 875 2812 940 ἀξίαν
2891 875 3301 943 ἁπαιτηθῶσιν,
3364 875 3689 944 ἀνατρεπέ-

2091 967 2201 1020 σθω
2249 967 2318 1020 τὰ
2386 968 2582 1031 πάντα,
2634 965 3018 1037 ρᾳδιουργείτω
3075 964 3135 1017 τὸ
3183 964 3381 1034 δόγμα.
3424 963 3690 1033 βλασφη-

2093 1059 2296 1127 μείσθω
2355 1059 2507 1121 Θεὸς,
2566 1057 2807 1128 παθητὸς
2870 1056 3138 1109 καλείσθω
3178 1058 3206 1108 ὁ
3241 1055 3488 1124 ἀπαθὴς,
3529 1055 3691 1124 ὑϐρι-

2091 1151 2265 1215 ζέσθω
2326 1152 2359 1221 ἡ
2413 1151 2559 1217 δόξα,
2609 1149 2899 1205 πλανάσθω
2963 1149 3062 1218 τῆς
3110 1147 3436 1218 οἰκουμένης
3485 1147 3558 1199 τά
3591 1145 3689 1198 πέ-

2092 1258 2250 1314 ρατα.
2293 1241 2597 1313 Ἄνθρωπε,
2633 1242 2706 1312 μὴ
2767 1241 2971 1296 ἐκδίκει
3011 1240 3143 1292 Θεὸν
3194 1240 3280 1307 ἐφ’
3309 1237 3471 1309 ὕϐρει
3501 1236 3647 1290 Θεοῦ
3672 1254 3684 1264 ·

2095 1332 2239 1403 μισῶ
2288 1333 2614 1405 συνηγορίαν
2637 1333 2860 1403 ἀτιμίας
2889 1330 3146 1402 πρόξενον
3171 1347 3185 1358 ⁸
3241 1331 3496 1398 κρεῖττον
3553 1329 3686 1379 Ἰου-

2091 1429 2238 1482 δαῖον
2267 1428 2552 1498 κερδῆσαι,
2573 1427 2604 1498 ἦ
2623 1427 2981 1497 Χριστιανοὺς
3001 1424 3358 1494 αἰσχυνθῆναι
3380 1441 3393 1453 ·
3422 1426 3684 1494 κρεῖττον

2092 1519 2219 1582 τοὺς
2242 1518 2612 1588 πεποιηκότας
2641 1520 2852 1586 φυγεῖν,
2887 1518 2920 1587 ἢ
2953 1517 3042 1569 τὸν
3080 1515 3389 1568 πεπονθότα
3428 1514 3683 1567 τοιούτου

2097 1611 2395 1681 συνηγόρου
2432 1613 2611 1680 τυχεῖν
2638 1627 2651 1640 ο
2681 1613 2924 1680 κρεῖττον
2951 1609 3188 1670 ἐκείνους
3217 1605 3558 1677 συγγνώμην
3599 1606 3688 1657 εὑ-

2101 1703 2271 1772 ρεῖνῆ
2299 1701 2490 1754 τούτου
2518 1700 2752 1772 τρεπτοῦ
2800 1702 2895 1753 καὶ
2939 1699 3183 1770 παθητοῦ
3230 1699 3375 1752 κατά
3419 1699 3525 1768 τὴν
3561 1698 3684 1751 θεό-

401 1799 563 1852 quam
592 1783 740 1836 hunc
773 1783 1090 1836 mutabilem
1123 1789 1177 1836 et
1207 1781 1524 1850 paSsibilem
1550 1781 1851 1835 secundum
1873 1779 1992 1834 dei-

2108 1811 2234 1863 τητα
2262 1771 2420 1857 δόξαν
2441 1771 2648 1846 λαϐεῖν.
2687 1793 2752 1844 Τί
2779 1793 3041 1863 παρέχεις
3095 1791 3366 1854 Ἰουδαίοις
3409 1791 3685 1862 καύχημα

401 1881 570 1929 tatem
602 1873 930 1927 existimari.
973 1871 1248 1938 Quorsum
1292 1869 1497 1925 Iudaeis
1533 1871 1674 1925 hanc
1708 1871 1998 1942 magniﬁce

403 1963 677 2033 gloriandi
709 1963 918 2032 praebes
969 1963 1275 2026 materiem,
1316 1963 1476 2032 quasi
1514 1961 1716 2016 deitate
1749 1963 1868 2030 ipsa
1900 1977 1998 2016 su-

405 2057 650 2124 periores
683 2055 886 2109 fuerint
913 2056 936 2108 ?
963 2070 1086 2110 cum
1143 2069 1210 2108 ne
1244 2055 1506 2124 templum
1556 2054 1776 2124 quidem
1810 2061 1996 2108 tenere

405 2147 708 2218 potuerint,
755 2148 859 2201 nisi
910 2162 975 2202 eo
1013 2146 1107 2217 qui
1162 2146 1426 2200 inhabitat
1468 2147 1846 2215 permittente,
1902 2146 1996 2214 qui

407 2239 552 2292 idem
585 2239 824 2292 solutum
850 2237 984 2292 illud
1015 2237 1327 2298 suscitavit,
1355 2236 1669 2292 insolubilis
1694 2236 1810 2306 ipse
1844 2251 1999 2290 man-

409 2328 501 2381 sit.
541 2326 817 2392 Quorsum
840 2326 962 2395 ejus
983 2325 1079 2394 qui
1112 2339 1311 2394 passus
1335 2331 1420 2378 est
1448 2325 1718 2377 voluntati
1757 2336 1849 2378 tuo
1881 2325 1996 2378 cal-

407 2420 535 2474 culo
570 2418 866 2489 refragaris
892 2419 915 2470 ?
945 2432 1046 2471 cur
1093 2417 1218 2487 plus
1276 2415 1598 2481 contristas,
1647 2415 1715 2470 iis
1738 2429 1834 2486 per
1878 2429 2000 2484 quae

409 2511 620 2567 scilicet
649 2511 906 2579 iniuriam
937 2508 1208 2574 vindicas,
1259 2523 1424 2578 quam
1461 2508 1498 2560 ii
1531 2507 1635 2576 ipsi
1669 2507 1762 2576 qui
1809 2521 2000 2576 perpe-

409 2612 559 2658 trare
600 2603 817 2658 facinus
861 2603 983 2656 ausi
1049 2608 1200 2668 sunt,
1234 2599 1634 2655 contristarunt
1667 2599 1690 2652 ?
1725 2597 1999 2664 Quorsum

411 2697 699 2752 verissima
728 2695 934 2749 Christi
973 2693 1139 2748 verba
1174 2693 1450 2748 subvertis
1481 2692 1504 2744 ?
1538 2692 1659 2761 lpse
1691 2693 1838 2746 enim
1865 2699 2002 2745 tem-

411 2803 546 2860 pore
590 2787 862 2857 passionis
909 2787 1048 2840 dixit
1085 2802 1098 2837 :
1153 2804 1172 2837 ‹
1211 2784 1374 2838 Pater
1398 2823 1413 2849 ,
1448 2784 1662 2839 dimitte
1711 2785 1840 2851 illis,
1872 2783 2003 2853 quia

412 2880 668 2935 nesciunt
698 2879 830 2949 quid
862 2879 1072 2933 faciunt
1099 2878 1167 2930 ⁸⁸.
1215 2897 1234 2929 ›
1277 2875 1342 2930 Ει
1372 2884 1428 2931 ιιι
1472 2891 1665 2947 poenas
1701 2877 1750 2945 (τι
1780 2874 2002 2944 ιιυόιοίε)

413 2971 607 3043 exigis,
646 2970 869 3040 perinde
909 2986 972 3025 ac
993 2972 1037 3024 si
1077 2969 1172 3024 Dei
1208 2969 1548 3039 przeseutiam
1599 2968 1919 3037 cognorint,
1951 2973 2005 3021 et

414 3064 476 3118 in
509 3062 677 3117 Deum
710 3065 890 3132 ipsum
944 3061 1146 3116 caedem
1196 3059 1822 3131 perpetrarint?Desine
1880 3074 2006 3130 gra-

413 3156 568 3210 viora
599 3155 844 3224 aggredi,
881 3169 1047 3223 quam
1073 3153 1108 3206 ii
1147 3153 1250 3222 ipsi
1273 3153 1368 3223 qui
1402 3152 1682 3207 Christum
1706 3153 1857 3207 cruci
1891 3151 2006 3205 alli-

415 3254 635 3300 xerunt.
687 3243 768 3298 llli
831 3245 1038 3298 nudum
1084 3244 1364 3298 hominem
1423 3242 1701 3298 Christum
1751 3250 2006 3313 putantes

417 3338 816 3393 interemerunt
844 3355 858 3403 ;
885 3344 945 3390 tu
986 3335 1158 3389 Deum
1206 3335 1476 3389 confitens
1521 3350 1734 3400 verum,
1769 3334 2006 3388 mutabi-

418 3428 549 3493 lem,
581 3428 878 3498 patibilem,
906 3433 1180 3480 mortuum
1213 3425 1467 3494 denique,
1499 3425 1758 3495 praeclara
1789 3426 1878 3479 illa
1915 3435 2009 3479 tua

416 3521 659 3575 vindicta
691 3519 915 3574 asseris.
952 3519 1168 3583 Quanto
1202 3533 1330 3572 vero
1362 3517 1590 3572 audacia
1621 3517 1796 3585 major
1833 3527 1919 3572 est
1952 3519 2010 3572 in

417 3611 590 3666 Deum
623 3611 788 3681 impie
816 3611 1124 3679 insurgere,
1157 3624 1322 3680 quam
1379 3609 1655 3664 hominem
1686 3625 1849 3679 quem
1885 3625 2010 3665 esse

419 3711 580 3774 putes
615 3703 814 3772 injuria
847 3710 1063 3772 petere;
1093 3709 1246 3756 tanto
1283 3701 1394 3766 ille,
1428 3701 1523 3771 qui
1555 3699 1724 3755 Deum
1765 3700 2005 3756 Verbum

421 3795 608 3866 lingua
635 3795 756 3850 sine
788 3809 956 3850 causa
988 3793 1190 3848 occidit
1210 3833 1226 3857 ,
1258 3793 1511 3848 miserior
1539 3801 1623 3848 est
1652 3793 1719 3848 iis
1769 3794 1862 3862 qui
1887 3808 2009 3847 car-

422 3903 548 3943 nem
577 3885 792 3940 Domini
816 3885 987 3942 clavis
1011 3886 1130 3941 sine
1163 3899 1331 3940 causa
1370 3883 1750 3954 perfoderunt.
1787 3884 2014 3940 Verum-

422 3987 608 4034 tamen
656 3993 765 4032 non
795 3978 1058 4047 quoniam
1092 3984 1151 4031 tu
1191 3976 1472 4030 crudelior
1514 3991 1596 4040 es,
1633 3977 1863 4031 terribili
1891 3978 2014 4034 illos

423 4084 589 4140 pmna
616 4069 915 4124 liberamus
948 4084 961 4120 :
1007 4067 1103 4123 sed
1133 4077 1188 4122 et
1215 4067 1404 4122 deitati
1442 4067 1656 4122 Domini
1679 4067 1886 4123 Christi
1912 4069 2014 4123 im-

425 4159 812 4230 patibilitatem
873 4175 1030 4214 suam
1087 4174 1374 4214 servamus
1411 4167 1509 4214 :et
1559 4159 1884 4214 humanitati
1937 4161 2015 4214 illi

427 4253 598 4307 unita:
653 4252 966 4321 passionem
1009 4266 1168 4307 suam
1202 4252 1558 4307 attestatione
1600 4262 1785 4307 nostra
1815 4252 2013 4306 tribui—

429 4359 575 4407 mus,
609 4350 664 4397 et
689 4358 720 4396 a
751 4341 956 4398 Judaais
985 4358 1181 4412 pmnas
1220 4343 1367 4412 exigi
1399 4342 1746 4406 confitemur,
1776 4358 1842 4398 eo
1869 4343 2016 4413 quod

428 4449 634 4490 vesana
665 4436 864 4490 mentis
889 4438 1136 4491 caecitate
1161 4436 1217 4488 in
1240 4435 1498 4490 deitatem
1525 4436 1698 4506 ipsam
1729 4435 2017 4492 manifeste

432 4526 656 4580 fuerunt
708 4526 881 4594 impii.
923 4525 1183 4597 Nunquid
1213 4541 1342 4582 vero
1371 4535 1424 4582 et
1451 4543 1597 4582 nunc
1629 4544 1739 4582 non
1768 4529 2015 4584 videmus

431 4631 552 4682 eos,
601 4617 696 4686 qui
733 4619 952 4686 templis
994 4617 1106 4673 Deo
1143 4620 1344 4688 saepius
1400 4623 1742 4676 consecratis
1783 4621 2023 4677 nefarias

435 4724 631 4764 manus
661 4707 927 4772 inferunt,
968 4718 1028 4763 ut
1067 4725 1130 4764 ea
1171 4711 1257 4764 vel
1289 4712 1558 4780 polluant,
1592 4713 1677 4766 vel
1717 4712 2023 4779 destruant,

434 4802 564 4855 licet
595 4801 652 4855 in
676 4802 823 4872 ligna
853 4801 1121 4856 duntaxat
1156 4809 1209 4856 et
1241 4803 1452 4872 lapides
1507 4805 1766 4872 saeviant,
1799 4806 2026 4875 perinde

436 4901 618 4948 tamen
650 4893 855 4964 puniri,
901 4909 966 4948 ae
997 4895 1045 4948 si
1102 4905 1298 4948 contra
1329 4894 1496 4949 Deum
1544 4896 1725 4967 ipsum
1768 4896 2027 4952 audacter

438 4999 500 5040 se
553 4985 785 5040 efferant
817 4986 840 5038 ?
871 4984 1146 5040 Nimirum
1208 4986 1572 5042 inanimatum
1629 4989 1888 5059 templum
1916 4996 2027 5042 tam

437 5094 626 5134 severe
666 5079 1014 5143 vindicatur,
1048 5080 1314 5150 templum
1371 5096 1504 5136 vero
1534 5081 1718 5136 vivum
1773 5083 2030 5152 impollu-

436 5179 576 5236 tum,
606 5173 870 5242 templum
906 5172 1018 5228 Deo
1058 5174 1423 5243 conjunctum
1463 5174 1830 5240 ineﬂabiliter,
1863 5176 2033 5231 indis-

441 5263 768 5329 solubiliter,
795 5280 906 5319 non
936 5265 1111 5319 multo
1153 5265 1401 5322 severius
1443 5266 1813 5322 vindicabitur
1840 5269 2028 5338 ?quod

440 5355 620 5424 ipsum
646 5357 868 5426 quidem
899 5358 1104 5426 injuste
1125 5373 1350 5427 passum
1378 5365 1484 5424 est,
1511 5358 1606 5415 sed
1633 5359 1703 5414 ita
1730 5368 1789 5416 ut
1815 5361 1869 5416 in
1895 5369 2032 5417 tem-

510 5514 556 5546 ⁸⁵
597 5513 730 5570 Luc.
768 5531 942 5581 χχιιι,
981 5517 1070 5572 54.

517 5665 627 5736 (24)
669 5667 820 5736 Mssa,
859 5670 1306 5739 ἀπαιτουμένους.

2101 1887 2375 1958 μέγιστον,
2405 1885 2480 1948 ὡς
2519 1885 2770 1953 θεότητος
2809 1883 2974 1952 αὐτῆς
3024 1881 3408 1954 περιγενέσθαι
3451 1883 3686 1952 δεδυνη-

2101 1977 2322 2048 μένοις;
2360 1975 2480 2028 ούδέ
2509 1977 2618 2046 γάρ
2641 1977 2732 2027 τὸν
2760 1975 2884 2028 ναὸν
2920 1975 3130 2044 ἔχουσιν
3169 1975 3253 2037 ἂν,
3282 1975 3328 2025 εί
3363 1974 3509 2044 μὴ,ό
3546 1975 3686 2026 ἐνοι-

2097 2067 2210 2120 κῶν
2240 2066 2638 2137 συνεχώρησεν,
2668 2066 2726 2129 ὃς
2751 2065 2846 2119 καὶ
2873 2065 2965 2119 τὸν
2999 2065 3229 2118 λυθέντα
3246 2065 3497 2135 ἦγειρεν,
3520 2065 3685 2125 αὐτὸς

2096 2159 2140 2212 δ’
2172 2159 2364 2222 ἄλυτος
2406 2157 2608 2228 ἔμεινε.
2643 2159 2708 2210 Τί
2758 2157 2910 2229 παρά
2952 2156 3178 2228 γνώμην
3206 2156 3299 2209 τοῦ
3348 2155 3685 2217 πεπονθότος

2096 2250 2283 2320 φέρεις
2309 2249 2406 2320 τὴν
2433 2249 2611 2319 ψῆφον
2637 2267 2650 2312 ;
2685 2250 2738 2301 τί
2777 2249 2937 2302 πλέον
2963 2249 3174 2312 λυπεῖς,
3217 2247 3298 2310 οἷς
3342 2247 3512 2316 δῆθεν
3540 2248 3686 2300 ἐκδι-

2099 2349 2236 2407 κεῖς,
2264 2342 2928 2413 ἦέκεῖνοιτετολμηκότες
2959 2341 3236 2412 ἐλύπησαν
3265 2341 3359 2404 ;Τί
3383 2339 3485 2402 τὰς
3517 2339 3686 2408 ἀψευο

2098 2437 2208 2498 δεῖς
2255 2437 2557 2504 ἀποφάσεις
2599 2435 2924 2504 ἀνατρέπεις
2973 2432 3067 2486 τοῦ
3117 2433 3367 2502 Σωτῆρος
3398 2430 3683 2501 Χριστοῦς

2100 2524 2272 2586 Αὐτὸς
2307 2523 2462 2591 ἔλεγε
2511 2521 2592 2592 τῷ
2615 2521 2794 2592 καιρῷ
2821 2521 2916 2574 τοῦ
2957 2520 3166 2582 πάθους
3187 2538 3199 2550 ·
3259 2539 3278 2570 ι
3311 2520 3520 2590 Πάτερ,
3551 2519 3687 2586 ἄφες

2101 2617 2284 2678 αὐτοῖς
2316 2633 2330 2647 ο
2355 2615 2417 2667 ού
2448 2615 2558 2686 γὰρ
2600 2613 2773 2666 οἴδασι
2807 2615 2858 2665 τί
2908 2611 3143 2666 ποιοῦσι.
3176 2630 3199 2665 ι
3238 2611 3350 2664 Καὶ
3407 2614 3471 2665 σὺ
3529 2611 3685 2679 δίκην

2103 2707 2378 2770 ἀπαιτεῖς,
2405 2706 2480 2769 ὡς
2513 2705 2822 2774 ἐγνωκότας
2846 2704 2981 2757 Θεοῦ
3017 2705 3344 2774 παρουσίαν,
3370 2703 3468 2756 καὶ
3493 2702 3684 2774 δεδρα-

2104 2800 2268 2862 κότας
2299 2799 2440 2852 κατά
2486 2798 2622 2851 Θεοῦ
2679 2796 3027 2868 μιαιφονίανς
3075 2796 3290 2850 Παῦσαι
3326 2794 3682 2866 χαλεπώτερα

2103 2890 2318 2960 τολμῶν
2333 2891 2430 2961 τῆς
2451 2889 2558 2943 τῶν
2581 2890 3012 2960 παυρωσάντων
3043 2889 3413 2958 παρανομίας.
3455 2888 3682 2940 Ἐκεῖνοι

2103 2983 2258 3054 ψιλὸν
2279 2982 2564 3054 ἄνθρωπον
2601 2981 2922 3052 νομίσαντες
2970 2981 3061 3034 τὸν
3104 2981 3364 3052 Χριστὸν,
3429 2979 3684 3032 ἀπεκτεί-

2107 3093 2306 3130 ναντο·
2342 3069 2599 3138 σὺ,’Θεὸν
2645 3073 2921 3144 ὁμολογῶν
2971 3073 3241 3143 ἀληθινὸν,
3295 3072 3551 3143 τρεπτὸν,
3595 3072 3683 3124 καὶ

2111 3161 2372 3230 παθητὸν,
2407 3160 2499 3213 καὶ
2524 3159 2717 3229 νεκρὸν
2741 3159 2829 3211 διὰ
2860 3159 2960 3228 τῆς
2988 3157 3158 3226 καλῆς
3197 3157 3532 3226 ἐκδικήσεως
3555 3157 3684 3208 ἀπο-

2111 3253 2343 3322 φαίνεις.
2399 3253 2553 3322 ’Ὀσῳ
2600 3251 2656 3303 δὲ
2705 3250 3102 3320 τολμηρότερον
3146 3247 3242 3301 τοῦ
3283 3247 3358 3310 ὡς
3402 3248 3681 3317 ᾶνθριιιπον

2109 3344 2316 3397 οἴεσθαι
2369 3343 2575 3397 ἀδικεῖν
2627 3343 2688 3395 τὸ
2741 3343 2822 3405 είς
2872 3341 3005 3393 Θεὸν
3057 3340 3296 3401 ἀσεϐεῖν,
3345 3338 3587 3408 τοσούτῳ
3623 3355 3681 3407 γε

2109 3434 2436 3506 ἀθλιώτερος
2468 3438 2497 3488 ὁ
2524 3435 2616 3487 τὸν
2647 3434 2780 3486 Θεὸν
2809 3433 2982 3500 Λόγον
3003 3434 3069 3501 τῇ
3105 3429 3326 3500 γλώσσῃ
3360 3430 3541 3499 μάτην
3596 3447 3681 3498 φο-

2111 3529 2282 3582 νεύων
2308 3527 2416 3580 τῶν
2439 3528 2520 3590 είς
2552 3527 2652 3596 τὴν
2683 3526 2862 3596 σάρκα
2884 3523 2978 3576 τοῦ
3007 3523 3214 3593 Κυρίου
3244 3523 3370 3585 τοὺς
3392 3522 3558 3591 ἥλους
3585 3522 3678 3592 μά-

2110 3639 2210 3692 την
2237 3620 2560 3692 πειράντων.
2598 3619 2744 3687 Πλὴν
2790 3618 2911 3680 οὐκ,
2970 3615 3158 3686 ἐπειδὴ
3211 3617 3273 3668 σὺ
3309 3615 3678 3686 χαλεπώτερος

2112 3714 2211 3784 τῆς
2245 3713 2483 3784 φοϐερᾶς
2532 3711 2852 3780 καταδίκης,
2891 3709 3136 3771 ἐκείνους
3167 3707 3526 3778 ἀρπάζομεν·
3556 3707 3678 3760 ἀλλά

2113 3807 2210 3859 καὶ
2238 3808 2302 3876 τῇ
2333 3804 2547 3874 θεότητι
2585 3803 2678 3856 τοῦ
2725 3800 2998 3854 Δεσπότου
3043 3799 3280 3870 Χριστοῦ
3333 3799 3610 3870 τηροῦμεν
3627 3799 3680 3850 τὸ

2115 3898 2343 3960 ἀπαθὲς,
2379 3897 2475 3950 καὶ
2507 3899 2573 3966 τῇ
2608 3895 2989 3966 ἀνθρωπότητι
3023 3897 3088 3964 τῇ
3120 3893 3372 3964 ἡνωμένη
3410 3910 3681 3963 προσμαρ-

2113 3989 2386 4062 τυροῦμεν
2429 3989 2489 4042 τὸ
2513 3988 2704 4050 πάθος,
2733 3987 2970 4049 καὶτοὺς
3003 3985 3291 4046 Ἰουδαίους
3324 3983 3680 4054 ὁμολογοῦμεν

2117 4081 2465 4136 ἀπαιτεῖσθαι
2493 4081 2606 4149 (24)
2637 4079 2814 4149 δίκην,
2855 4079 2931 4142 ὼς
2964 4079 3045 4141 είς
3087 4078 3258 4148 αὐτὴν
3291 4078 3552 4148 ἄντικρυς
3578 4076 3682 4128 θεό-

2115 4190 2254 4242 τητα
2278 4172 2365 4224 διὰ
2399 4171 2499 4240 τῆς
2521 4172 2601 4234 είς
2629 4169 2793 4222 αὐτὸν
2820 4168 3077 4230 ἀπονοίας
3100 4167 3469 4236 ἠσεϐηκότας.
3503 4169 3568 4219 Ἦ
3600 4167 3682 4219 καὶ

2119 4266 2214 4320 νῦν
2247 4265 2344 4334 οὐχ
2372 4263 2587 4336 ὁρῶμεν
2615 4265 2742 4325 τοὺς
2766 4262 2906 4316 κατὰ
2930 4261 3058 4315 ναοῦ
3103 4260 3363 4322 πολλάκις
3408 4259 3682 4328 ἀνακειμέο

2120 4375 2214 4411 νου
2261 4356 2380 4426 Θεῷ
2421 4358 2610 4427 χεῖρας
2642 4354 2934 4424 ἀθεμίτους
2983 4353 3331 4412 ἐκτείναντας
3369 4353 3458 4418 ἐφ’
3486 4349 3678 4420 ῦὸρειῆ

2121 4447 2438 4510 καταλύσει,
2475 4447 2656 4500 καίτοι
2689 4446 2834 4499 κατά
2857 4445 3028 4510 ξύλων
3071 4444 3104 4514 ἦ
3145 4442 3309 4496 λίθων
3336 4442 3679 4512 πράττοντας,

2119 4537 2262 4590 οὕτω
2308 4537 2629 4607 δεχομένους
2674 4535 2775 4606 τὴν
2801 4534 3090 4605 τιμωρίαν,
3137 4533 3213 4596 ὠς
3251 4531 3392 4586 κατά
3429 4531 3563 4584 Θεοῦ
3597 4530 3681 4599 τὴν

2120 4629 2324 4698 τόλμαν
2354 4627 2702 4689 ὲκτείναντας
2727 4643 2742 4689 ;
2772 4627 2883 4678 Καὶ
2913 4625 3039 4688 ναὸς
3075 4623 3174 4695 μὲν
3195 4621 3455 4692 τοιαύτην
3490 4621 3679 4690 δέχεται

2119 4721 2218 4792 τὴν
2253 4719 2530 4789 ἐκδίκησιν
2559 4718 2764 4788 ἄψυχος
2791 4735 2804 4747 ’
2831 4717 2957 4782 ναὸς
2995 4716 3052 4768 δὲ
3102 4715 3212 4780 ζῶν
3245 4714 3535 4784 ἄχραντος,
3572 4710 3679 4771 vae;

2122 4813 2243 4883 Θεῷ
2275 4810 2621 4881 συνημμένος
2654 4811 2930 4880 ἀρρήτως,
2971 4806 3379 4868 ἀδιασπάστως,
3442 4804 3504 4856 οὐ
3563 4801 3677 4855 πολὺ

2123 4905 2288 4958 πλέον
2316 4903 2754 4975 ὲκδικηθήσεται,
2797 4903 2880 4966 ὡς
2919 4901 3081 4964 αὐτὸς
3120 4900 3218 4970 μὲν
3260 4897 3465 4961 ἀδίκως
3494 4895 3676 4955 παθόν,

2121 4999 2223 5068 τῆς
2271 4997 2328 5049 δὲ
2369 4997 2576 5068 ὕϐρεως
2623 4994 3028 5066 ἀνατρεχούσης
3061 4994 3143 5055 εἰς
3190 4991 3282 5044 τὸν
3343 4992 3404 5042 ἐν
3453 4989 3531 5058 τῷ
3585 4984 3678 5054 ναῷ

2124 5085 2276 5149 Θεὸν,
2333 5085 2425 5138 τὸν
2481 5083 2539 5136 ἓν
2590 5084 2883 5154 γενόμενον
2947 5083 3084 5154 πρὸς
3146 5081 3330 5144 αὑτὸν,
3382 5079 3480 5132 καὶ
3535 5074 3678 5130 πολλά

2125 5176 2378 5247 θαύματα
2411 5177 2826 5248 ἐργασάμενον;
2860 5175 3012 5244 Μηδὲ
3038 5173 3149 5245 γάρ
3179 5173 3380 5237 ἐξεῖναι
3418 5175 3531 5233 τοῖς
3569 5171 3678 5222 Ἴου-γ

2123 5270 2295 5332 δαίοις
2317 5268 2613 5338 ἀπολογίαν
2655 5268 2953 5338 εὑρίσκειν,
2985 5266 3061 5330 ὡς
3102 5267 3181 5328 εἰς
3215 5262 3508 5334 ἄνθρωπον
3549 5258 3675 5330 ψιλὸν

2126 5362 2530 5435 ἁμαρτήσασιν,
2571 5362 2679 5415 τῶν
2737 5360 3093 5430 πολυτρόπων
3131 5358 3430 5429 θαυμάτων
3473 5355 3534 5408 ού
3572 5365 3677 5419 ουτ·
