3868 6202
216 313 358 372 1575

1058 320 1640 379 CONFUTATIONES
1673 320 2118 389 QUARUMDAM
2158 318 2736 376 PROPOSITIONUM.

3323 315 3459 374 1374

214 431 534 502 χωρούντων
574 433 849 488 λανθάνειν
894 437 991 508 τῆς
1040 439 1371 510 ἐνεργούσης
1405 439 1687 510 δυνάμεως
1725 439 1786 492 τὸ

1892 441 1963 512 pli
1995 439 2414 494 inhabitatorem
2459 435 2648 500 Deum,
2699 436 2791 507 qui
2823 435 3026 505 templo
3047 434 3233 491 unitus
3265 443 3370 499 est,
3403 445 3458 492 et

213 524 518 594 θεοπρεπὲς
569 527 664 578 καὶ
713 527 957 594 ἔνδοξον
996 529 1080 592 τίς
1122 531 1231 600 γὰρ
1291 531 1392 583 οὐκ
1452 529 1518 584 ἂν
1570 530 1785 601 ἔφριξεν

214 617 311 670 ἀπ’
339 617 513 688 ἀρχῆς
553 618 623 670 τὰ
665 619 974 688 γενόμενα;
1018 621 1174 674 Κατά
1221 623 1554 693 προφητείαν
1601 624 1633 693 ἡ
1666 622 1787 690 γέν-

213 725 390 778 νησις,
421 709 450 760 ὁ
480 709 644 772 τόπος
675 709 970 780 γνώριμος,
1005 713 1033 764 ό
1064 712 1263 783 τρόπος
1299 713 1586 783 ἐπίσημος,
1609 716 1636 768 ὁ
1655 714 1784 785 χρό-

211 817 304 863 νος
330 800 430 852 ούκ
454 800 665 870 ἄδηλος,
697 805 804 864 πᾶς
834 802 990 869 λόγος
1041 803 1539 874 ὲργοχειρούμενος,
1589 806 1786 876 δρόμος

211 891 442 962 ἀστέρος
483 892 701 961 μηνύων
761 892 929 963 ὕμνον
981 894 1248 961 ἀγγέλων,
1299 895 1462 964 μάγοι
1503 894 1785 966 πόρρωθεν

211 981 350 1054 πρὸς
397 981 734 1053 δωροφορίαν
792 983 1095 1054 ἑλκόμενοι,
1157 985 1403 1055 Ἡρώδης
1454 988 1483 1038 ό
1533 985 1786 1055 βασιλεὺς

209 1071 634 1143 ταρασσόμενος·
667 1073 896 1127 Ἰουδαία
926 1075 1113 1127 ἅπασα
1136 1075 1594 1148 συγκλονουμένη,
1621 1076 1784 1144 φανέ-

213 1178 385 1232 ρωσις
442 1161 678 1233 ἐναργὴς
744 1163 839 1216 τοῦ
907 1165 1152 1235 αἴροντος
1204 1166 1305 1236 τὴν
1363 1167 1634 1237 ἁμαρτίαν
1685 1166 1780 1220 τοῦ

211 1251 456 1323 κόσμου’
498 1252 712 1323 Σιμεὼν
755 1254 969 1308 παιδίον
1010 1256 1252 1326 κατέχων
1297 1257 1392 1310 καὶ
1421 1258 1556 1311 Θεοῦ
1607 1259 1785 1329 σωτή-

210 1361 328 1415 ριον
366 1345 681 1416 ἑρμηνεύων
705 1362 719 1376 ⁸
773 1347 940 1400 Ἀννα
987 1349 1440 1420 προφητεύουσα¹
1493 1351 1784 1422 μαρτυρῶν

221 1437 476 1506 Ἰωάννης
505 1437 641 1509 πρὸς
681 1437 978 1508 Ἰορδάνην·
1017 1439 1168 1510 φωνὴ
1215 1440 1428 1511 Ιῐατρὸς
1472 1440 1782 1511 οὐρανόθεν,

206 1527 401 1581 τοῦτον
427 1528 554 1581 Υἱὸν
585 1528 868 1598 ἀγαπητὸν
894 1530 1026 1582 πᾶσι
1057 1528 1399 1600 γνωρίζουσα
1424 1548 1437 1560 ·
1468 1530 1606 1583 Πνεύ
1617 1548 1784 1601 ματος

207 1619 553 1690 ἐπιφοίτησις
592 1621 922 1690 περιστερᾶς
956 1620 1014 1672 ὲν
1047 1620 1175 1673 εῖδει
1220 1624 1285 1692 τῇ
1331 1625 1542 1693 κορυφῇ
1598 1622 1782 1674 ἐπιπί-

207 1727 419 1764 πτουσα
467 1727 481 1741 ·
542 1711 1012 1782 μεταϐαλλόμενον
1075 1711 1221 1784 ὕδωρ
1279 1715 1358 1776 εἰς
1412 1707 1582 1766 οἶνον·
1629 1713 1782 1784 ἀρτοι

1886 530 2149 583 miracula
2178 530 2347 581 multa
2392 526 2580 589 edidit,
2629 527 2827 596 injuria
2865 526 3088 580 recidat.
3112 524 3295 595 Neque
3330 542 3459 582 vero

1885 619 2289 674 excusationem
2320 615 2522 672 Iudaeis
2553 617 2679 670 inde
2713 631 2903 686 parare
2945 615 3092 678 licet,
3122 615 3264 684 quod
3312 616 3460 669 velut

1885 713 1942 766 in
2001 713 2208 766 nudum
2251 712 2525 764 hominem
2573 725 2800 779 peccare
2838 709 2938 764 visi
2973 710 3121 762 sint:
3153 724 3276 762 cum
3318 709 3460 762 divi-

1886 818 2014 858 nam
2060 811 2114 858 et
2151 803 2441 873 gloriosam
2496 801 2774 870 operantis
2815 801 3067 870 potentia:
3120 799 3459 863 majestatem

1883 893 2184 948 multifaria
2240 891 2502 946 miracula
2548 891 2716 945 latere
2761 906 2867 945 non
2905 889 3272 960 permiserint.
3323 889 3460 954 Quis

1883 985 2029 1040 enim
2078 1000 2190 1038 non
2231 991 2510 1054 stupescat
2552 983 2618 1036 ad
2661 997 2725 1036 ea
2765 996 2884 1051 quae
2926 998 2956 1035 a
3006 981 3270 1050 principio
3316 979 3461 1034 facta

1884 1085 2012 1134 sunt
2045 1077 2069 1130 ?
2104 1076 2267 1130 Juxta
2324 1074 2663 1144 prophetiam
2699 1071 2966 1125 Nativitas
3007 1070 3108 1124 fuit
3138 1089 3150 1124 :
3186 1071 3338 1124 locus
3370 1085 3466 1124 no-

1883 1179 1973 1226 tus
2008 1186 2022 1220 :
2057 1168 2252 1222 modus
2297 1167 2548 1228 illustris,
2590 1173 2804 1234 tempus
2845 1180 2954 1217 non
2997 1164 3288 1217 obscurum
3328 1169 3460 1216 est:

1883 1273 2062 1314 sermo
2089 1260 2269 1313 omnis
2308 1258 2485 1328 reipsa
2517 1259 2788 1327 impletur,
2822 1256 2990 1311 stella:
3026 1270 3222 1309 cursus
3244 1254 3465 1323 angelo-

1884 1365 2005 1403 rum
2065 1356 2386 1403 concentum
2442 1348 2646 1402 indicat
2686 1367 2699 1402 :
2745 1347 2882 1417 Magi
2926 1345 2993 1401 de
3046 1346 3341 1415 longinquo
3389 1342 3460 1398 ad

1883 1439 2159 1494 offerenda
2199 1453 2424 1492 munera
2475 1439 2821 1492 attrahuntur
2859 1458 2872 1492 :
2905 1451 2998 1491 rex
3049 1435 3290 1489 Herodes
3331 1448 3460 1504 per-

1889 1533 2178 1586 turbatur:
2211 1529 2396 1584 Judaea
2421 1531 2677 1583 universa
2712 1530 3028 1582 concutitur
3061 1547 3074 1582 :
3109 1535 3329 1596 apparet
3349 1525 3462 1579 evi-

1883 1619 2076 1674 denter
2127 1621 2173 1674 is
2213 1619 2307 1688 qui
2346 1617 2536 1672 mundi
2570 1626 2790 1687 peccata
2827 1617 2969 1670 tollit
3008 1635 3021 1669 :
3058 1616 3296 1670 sustinet
3325 1627 3462 1682 pue-

1883 1712 2064 1766 rulum
2097 1710 2344 1774 Simeon,
2379 1717 2431 1765 et
2465 1711 2708 1764 salutare
2736 1708 2828 1763 Dei
2869 1708 3188 1778 pronuntiat
3227 1724 3240 1760 :
3271 1702 3465 1758 vatici-

207 1799 374 1853 πέντε
403 1800 796 1872 πληθυνόμενοι
823 1799 1141 1872 παραδόξως
1172 1805 1250 1866 εἰς
1271 1803 1520 1873 χιλιάδων
1549 1803 1784 1857 ἀπόλαυ-

1892 1813 2046 1858 natur
2095 1803 2254 1856 Anna
2302 1819 2314 1854 :
2352 1789 2678 1855 testificatur
2719 1798 2961 1853 Joannes
3010 1798 3077 1851 ad
3117 1796 3408 1851 Jordanem
3445 1813 3460 1850 :

207 1909 317 1956 σιν,
368 1893 463 1944 καὶ
523 1893 808 1963 περισσεία
867 1893 1200 1962 κλασμάτων
1263 1895 1474 1962 κόφινοι
1538 1893 1778 1948 δώδεκαο

205 1983 360 2054 πάθη
411 1984 554 2055 λόγῳ
615 1985 1048 2055 φυγαδευόμενα,
1103 1985 1354 2056 δαίμονες
1401 1988 1783 2057 προστάγματι

203 2075 547 2145 διωκόμενοι,
587 2075 784 2146 μᾶλλον
836 2075 894 2128 δὲ
957 2075 1241 2146 πόρρωθεν
1287 2077 1682 2147 ὁμολογοῦντες
1722 2077 1784 2130 τὸ

203 2168 308 2236 τῆς
358 2166 606 2232 ἐξουσίας
653 2167 928 2238 ἀφόρητον
953 2185 966 2198 ·
998 2167 1186 2238 νεκροὶ
1241 2167 1344 2236 τῆς
1393 2167 1488 2221 τοῦ
1551 2167 1782 2222 θανάτου

203 2258 518 2329 τυραννίδος
542 2258 705 2322 εὐθὺς
740 2257 1130 2329 ἀποσπώμενοι
1155 2275 1170 2288 ·
1207 2259 1518 2329 κράσπεδον
1565 2259 1782 2330 ἱματίου

205 2347 274 2414 τῇ
319 2343 418 2414 μὲν
463 2346 743 2417 καμνούσῃ
779 2347 998 2414 γυναικὶ
1045 2346 1209 2416 φέρον
1253 2347 1352 2418 τὴν
1401 2349 1566 2412 ἴασιν,
1595 2348 1693 2418 τῆς
1727 2348 1784 2401 δὲ

203 2435 592 2506 κρυπτομένης
661 2436 912 2507 θεότητος
976 2437 1302 2509 δημοσιεῦον
1363 2439 1460 2509 τὴν
1533 2439 1780 2510 δύναμιν.

203 2527 365 2579 Πᾶσα
390 2527 499 2580 τῶν
530 2529 810 2598 στοιχείων
855 2531 889 2600 ἡ
930 2547 1090 2597 φυσις
1117 2533 1176 2584 ὲν
1221 2529 1294 2601 τῷ
1328 2530 1507 2603 καιρῷ
1542 2532 1636 2586 τοῦ
1677 2534 1783 2586 πά-

205 2615 335 2680 θους
374 2619 466 2670 ἐπὶ
503 2621 568 2689 τῇ
609 2619 762 2672 λύσει
794 2618 889 2672 τοῦ
920 2620 1198 2691 ὁρωμένου
1226 2620 1379 2686 ναοῦ,
1415 2623 1509 2674 καὶ
1531 2624 1596 2693 τῇ
1629 2621 1785 2692 ὕϐρει

202 2708 299 2762 τοῦ
331 2709 637 2781 ἀχωρίστου
672 2709 808 2764 Θεοῦ
832 2712 1186 2784 πολυτρόπως
1205 2713 1588 2785 ταρασσομένη
1608 2731 1621 2744 ·
1650 2714 1784 2767 ἀνά-

203 2817 394 2864 στασις
425 2801 522 2854 τοῦ
557 2801 821 2866 παθόντος
846 2802 952 2855 ὑπὸ
972 2801 1080 2855 τῶν
1112 2803 1542 2874 σταυρωσάντων
1579 2822 1786 2876 μαρτυ-

206 2895 467 2968 ρουμένη.
498 2894 868 2958 Φυλάσσοντες
895 2894 1004 2966 γὰρ
1034 2894 1128 2947 τὸν
1159 2894 1421 2962 παθόντα,
1472 2897 1784 2968 ἡττήθησαν

203 2984 284 3055 τῷ
312 2983 600 3055 παραδόξῳ
632 2984 834 3057 νεκρῷ.
877 2985 1130 3040 Τοσαῦτα
1175 2982 1243 3057 ῆν
1268 2987 1361 3040 καὶ
1420 2988 1598 3059 πολλῷ
1625 2989 1784 3042 πλέον

204 3078 275 3130 τὰ
294 3077 566 3148 μηνύοντα
591 3078 690 3149 τὴν
713 3078 1098 3149 κρυπτομένην
1115 3077 1362 3150 θεότητα.
1384 3080 1493 3133 Καὶ
1517 3080 1633 3144 πῶς
1662 3080 1788 3149 φεύ-

1886 1909 1992 1948 vox
2017 1891 2198 1946 Patris
2231 1893 2451 1946 coalitus
2478 1893 2622 1944 hunc
2665 1889 2865 1943 Filium
2913 1889 3171 1942 dilectum
3207 1885 3465 1940 omnibus

1887 1984 2199 2038 manifestat
2229 2002 2242 2050 ;
2273 1984 2526 2038 adventat
2553 1981 2790 2052 Spiritus
2812 1989 2866 2034 et
2905 1981 2960 2034 in
2987 1979 3254 2034 columba:
3283 1975 3466 2045 speci:

1889 2076 1945 2130 in
1978 2076 2233 2130 verticem
2262 2075 2382 2144 ejus
2413 2075 2846 2142 dilabitur,aqua
2879 2073 2933 2126 in
2958 2073 3142 2125 vinum
3171 2077 3415 2124 mutatur
3445 2085 3462 2124 :

1888 2165 2128 2236 quinque
2157 2181 2326 2235 panes
2362 2165 2417 2219 in
2447 2166 2655 2234 aliquot
2680 2165 2910 2218 millium
2942 2178 3102 2217 nsum
3139 2162 3468 2218 miraculose

1888 2258 2367 2327 multiplicantur:
2404 2257 2832 2328 fragmentorum
2886 2255 3133 2324 reliquiis
3181 2253 3467 2307 duodecim

1889 2349 2107 2417 cophini
2160 2349 2496 2418 implentur:
2535 2347 2792 2418 fugantur
2825 2347 2990 2400 verbo
3042 2344 3217 2398 morbi
3256 2362 3270 2410 ;
3307 2358 3464 2396 man-

1889 2438 2017 2493 dato
2042 2439 2386 2509 expelluntur
2406 2439 2700 2504 daemones,
2725 2439 2853 2508 quin
2885 2453 2916 2492 e
2945 2437 3239 2506 longinquo
3263 2433 3462 2488 intole-

1889 2533 2115 2587 rabilem
2177 2533 2326 2587 illius
2385 2533 2685 2603 potentiam
2751 2530 3084 2585 confitentur
3122 2547 3136 2582 :
3175 2524 3379 2581 mortui
3431 2537 3465 2578 a

1889 2626 2082 2680 martis
2109 2625 2395 2696 tyrannide
2425 2624 2717 2680 confestim
2758 2625 3100 2678 liberantur:
3129 2619 3342 2674 fimbria
3374 2633 3466 2671 ve-

1890 2716 2133 2771 stimenti
2179 2716 2341 2788 506
2391 2717 2683 2787 aegrotanti
2726 2715 2944 2770 cuidam
2994 2712 3209 2766 mulieri
3257 2709 3467 2764 sanita-

1888 2816 1998 2863 tem
2027 2808 2203 2871 aﬂ‘ert.
2238 2810 2459 2865 latentis
2493 2818 2672 2865 autem
2703 2808 2922 2863 deitatis
2963 2806 3219 2860 virtutem
3250 2801 3470 2873 publice

1890 2901 2167 2970 praedicat.
2192 2900 2386 2957 Omnis
2407 2903 2802 2957 elementorum
2841 2907 3039 2954 natura
3066 2909 3308 2967 tempore
3341 2910 3469 2965 pas-

1891 2992 2064 3048 sionis
2099 2993 2166 3046 ad
2193 2992 2624 3048 destructionem
2679 2993 2910 3047 visibilis
2959 2990 3166 3060 templi,
3194 2996 3247 3043 et
3275 2993 3470 3042 contu-

1890 3085 2107 3139 meliam
2145 3084 2497 3154 inseparabili
2528 3083 2639 3140 Deo
2665 3085 2892 3151 illatam,
2911 3083 3096 3137 multis
3133 3079 3308 3134 modis
3337 3093 3471 3132 con-

205 3168 387 3234 ξονται
432 3170 531 3240 τῆς
579 3168 877 3240 θεομαχίας
930 3169 1027 3240 τὴν
1076 3171 1346 3242 τιμωρίαν
1378 3173 1425 3224 οἱ
1468 3173 1604 3242 πρὸς
1648 3172 1787 3226 οὕτω

1892 3176 2142 3229 turbatur
2183 3176 2686 3231 :resurrectionem
2725 3175 2846 3244 ejus
2891 3175 2983 3244 qui
3011 3188 3210 3243 passus
3255 3169 3467 3233 fuerat,

203 3261 463 3334 λαμπρὰς
508 3261 810 3328 ἀποδείξεις
870 3259 1202 3331 τυφλώττειν
1248 3264 1340 3316 ὑπ’
1391 3263 1782 3336 ἀγνωμοσύνης

1892 3265 1993 3334 ipsi
2027 3266 2104 3319 illi
2133 3267 2482 3330 confirmant,
2516 3267 2609 3338 qui
2651 3267 2708 3321 in
2753 3281 2972 3321 crucem
3004 3266 3181 3334 ipsum
3215 3265 3464 3332 egerunt.

205 3357 610 3420 σπουδάσαντες
633 3375 647 3423 ;

1892 3354 2022 3410 Cum
2050 3356 2193 3411 enim
2226 3372 2448 3427 passum
2472 3357 2879 3420 custodirent,a
2902 3363 3118 3409 mortuo
3141 3350 3470 3406 miraculoso

203 3453 335 3506 victi
371 3459 518 3508 sunt.
563 3452 738 3522 Atque
792 3451 906 3505 haec
957 3450 1240 3520 multoque
1284 3449 1443 3518 plura
1494 3448 1601 3502 alia
1634 3455 1911 3518 sunt,quae
1950 3450 2206 3506 latentem
2251 3453 2401 3507 intus
2441 3451 2783 3506 divinitatem
2857 3448 3122 3502 indicant.
3185 3440 3472 3510 Quomodo

204 3548 374 3620 igitur
397 3564 611 3619 poenam
648 3547 743 3602 Dei
784 3546 1036 3601 hostibus
1081 3544 1454 3601 denuntiatam
1495 3541 1787 3615 eﬂugientj,
1827 3545 1921 3615 qui
1951 3546 2019 3601 ad
2051 3554 2166 3600 tam
2195 3547 2408 3602 lucidas
2470 3545 2964 3602 demonstrationes
3023 3557 3132 3614 pra:
3170 3539 3336 3595 nimia
3370 3536 3475 3590 im-

204 3642 478 3714 probitate
517 3639 774 3694 caacutire
809 3638 1001 3693 volunt
1035 3638 1058 3692 ?

302 3749 304 3751 ’
941 3753 1062 3806 ΧΠ.

278 3847 438 3916 Πρὸς
468 3846 612 3912 τοὺς
657 3847 988 3916 λέγοντας]
1035 3843 1327 3916 Ἰουδαῖός
1369 3843 1544 3898 ἐστιν
1571 3846 1604 3898 ὁ
1631 3843 1719 3914 μὴ

525 3915 837 3985 ὁμολογῶν
867 3913 1018 3968 Θεὸν
1045 3913 1480 3982 ἐσταυρῶσθαι.

279 4007 563 4077 Τοσαύτης
618 4006 947 4071 ἀποδείξεως
1007 4007 1065 4058 ὲν
1114 4007 1226 4068 τοῖς
1284 4002 1617 4074 προλαϐοῦσι
1661 4005 1795 4058 πᾶσι

205 4099 603 4170 γεγενημένης,
635 4096 775 4149 οὕτω
801 4096 1140 4169 πολυτρόπου
1161 4096 1256 4148 καὶ
1285 4097 1546 4166 φανερᾶς,
1566 4096 1684 4149 δέον
1713 4097 1796 4150 αί-

2609 3738 2728 3794 XII.

1921 3835 2188 3888 Adversus
2237 3848 2324 3886 eos
2371 3831 2480 3901 qui,
2501 3830 2681 3884 dicunt
2702 3827 2990 3901 .ﬂJudreus
3035 3835 3143 3901 est,
3193 3827 3283 3896 qui
3331 3843 3435 3882 non

2124 3899 2405 3972 conﬁtetur
2455 3900 2623 3954 Deum
2673 3900 2841 3968 fuisse
2892 3899 3230 3966 cruciﬁxum.

1962 3996 2100 4050 Cum
2158 4001 2343 4058 tantaa,
2381 3998 2494 4046 tam
2542 3992 2727 4057 varia,
2774 3998 2996 4060 tamque
3045 3989 3345 4058 perspicua:
3377 3986 3474 4044 de-

1899 4085 2334 4140 monstrationes
2377 4082 2724 4152 superiorum
2761 4081 3193 4150 disputationum
3228 4079 3474 4135 omnium

210 4189 610 4262 σθσνθήσεσθαι
673 4189 733 4241 τὸ
796 4188 998 4258 πλῆθος
1055 4189 1182 4250 τοὺς
1250 4186 1627 4257 ἀντιλέγοντας
1690 4187 1787 4240 τῶι

1897 4177 2136 4242 fuerint;
2171 4174 2372 4230 sentire
2402 4173 2616 4227 tandem
2662 4173 3000 4227 adversarios
3030 4180 3475 4242 argumentorum

207 4287 468 4355 ἐλέγχων,
499 4284 548 4336 οἱ
597 4282 654 4335 δὲ
712 4281 806 4334 καὶ
852 4279 1015 4343 ἄλλας
1073 4279 1375 4341 ἀντιθέσεις
1407 4277 1787 4348 ἀναισχύντους

1898 4268 2300 4323 multitudinem
2350 4266 2638 4323 debebant.
2688 4266 2757 4319 At
2817 4265 2891 4319 illi
2947 4265 3081 4318 alias
3136 4265 3476 4335 impudentes

210 4375 408 4440 πλέξαι
442 4375 618 4446 μάτην
646 4373 747 4426 οὐκ
780 4371 1056 4442 ὤκνησαν.
1099 4371 1367 4432 Ἰουδαῖος,
1406 4371 1592 4440 φησὶν,
1623 4370 1798 4433 ἐστὶν,

1895 4359 2229 4428 objectiones
2265 4358 2380 4412 sine
2424 4371 2590 4411 causa
2641 4364 2822 4410 texere
2862 4370 2970 4410 non
3019 4354 3354 4409 dubitarunt.
3380 4353 3477 4408 Ju-

207 4469 238 4520 ὁ
266 4467 360 4519 τὸν
392 4445 523 4518 Θεὸν
550 4463 712 4517 αὑτὸν
739 4464 815 4534 μὴ
844 4463 1124 4534 ὁμολογῶν
1154 4462 1550 4534 ἐσταυρῶσθαι.
1591 4463 1787 4527 Καλῶς

1892 4450 2040 4504 όωυε
2081 4457 2197 4514 est,
2229 4449 2510 4519 inquiunt,
2550 4447 2642 4516 qui
2681 4461 2789 4500 non
2822 4445 3052 4510 fatetur,
3089 4445 3256 4501 Deum
3298 4446 3476 4516 ipsum

207 4559 360 4629 ἡμᾶς
401 4557 500 4626 τῆς
549 4558 732 4620 αὐτοῖς
781 4555 1227 4626 χρεωστουμένης
1274 4554 1644 4625 προσηγορίας
1691 4555 1793 4606 ὑπ-

209 4650 480 4720 έμνησαν.
519 4648 681 4702 Αὐτοὶ
734 4648 842 4717 γὰρ
891 4649 970 4710 είς
1013 4647 1236 4710 ἑαυτοὺς
1278 4647 1658 4700 ἐπεσπάσαντο
1694 4646 1793 4717 τὴν

209 4736 352 4810 πρὸς
384 4738 624 4802 ἐκείνους
668 4737 1007 4806 συγγένειαν,
1052 4737 1378 4808 ἀρνούμενοι
1433 4737 1530 4806 μὲν
1558 4735 1655 4806 τὴν
1690 4752 1794 4787 σω-

209 4832 399 4901 τήριον
427 4827 860 4900 ἐνανθρώπησιν,
890 4827 1273 4898 ἀπωθούμενοι
1317 4828 1374 4880 δὲ
1424 4827 1522 4898 τὴν
1552 4828 1660 4880 τῶν
1701 4826 1794 4879 δύο

210 4923 428 4991 φύσεων
456 4921 670 4974 σύνοδον
687 4924 779 4974 καὶ
804 4920 1018 4973 ἕνωσιν.
1047 4919 1142 4982 Τίς
1180 4919 1428 4982 Ἰουδαῖος
1453 4922 1481 4972 ὁ
1507 4919 1606 4988 τὴν
1635 4918 1794 4989 χάριν

210 5015 525 5084 δεξάμενος,
560 5013 593 5083 ἢ
627 5015 655 5066 ὁ
679 5012 755 5083 τῷ
789 5012 939 5082 νόμῳ
972 5012 1116 5065 κατά
1167 5009 1227 5063 τὸ
1281 5011 1516 5082 γράμμα
1543 5026 1794 5082 παρακα-

213 5106 486 5176 θήμενος,
528 5105 705 5175 Ἠμᾶς
740 5106 773 5174 ἡ
814 5103 976 5174 χάρις
1029 5101 1235 5166 ἐδίδαξε
1281 5103 1413 5156 Θεὸν
1457 5103 1684 5173 ἀόρατον
1735 5103 1794 5154 ἐν

211 5197 468 5268 ὁρωμένη
519 5195 896 5267 φανερωθῆναι
953 5194 1118 5265 σαρκί
1158 5208 1173 5223 ·
1216 5195 1414 5248 ἐκεῖνοι
1471 5197 1537 5265 τῇ
1592 5194 1795 5264 ἀρχαίᾳ

211 5287 512 5359 παραδόσει
556 5286 892 5358 παρέμειναν
928 5283 1028 5356 τὴν
1070 5285 1301 5356 θεότητα
1341 5285 1553 5356 γυμνὴν
1593 5288 1650 5338 ὲν
1679 5285 1796 5337 δια-

212 5379 403 5452 φόροις
429 5379 591 5433 είδεσι
638 5381 734 5432 καὶ
762 5380 1039 5449 σχήμασιν
1089 5377 1478 5450 ὑπογραψάσῃ.
1531 5377 1655 5440 Πῶς
1701 5372 1794 5430 οῦν

211 5472 406 5535 ἄλλους
430 5471 681 5539 λέγουσιν
723 5469 1032 5534 Ἰουδαίους,
1063 5471 1217 5524 αὐτοὶ
1243 5471 1342 5541 τῆς
1364 5470 1572 5540 Καινῆς
1597 5468 1795 5540 Διαθή-

213 5583 315 5635 κης
353 5565 442 5617 τὸν
483 5563 720 5633 πλοῦτον,
768 5562 1234 5633 ἀποσεισάμενοι;
1271 5563 1384 5616 Οὐκ
1413 5563 1670 5633 ἤκουσαν,
1711 5562 1795 5613 ὅτι

217 5654 401 5707 πολλοὶ
463 5653 740 5724 προφῆται
794 5652 889 5704 καὶ
928 5651 1125 5704 δίκαιοι
1177 5650 1532 5721 ἐπεθύμησαν
1589 5649 1716 5703 ἰδεῖν
1761 5647 1797 5700 ἂ

220 5747 509 5812 ϐλέπομεν,
539 5746 633 5797 καὶ
667 5744 768 5798 οὐκ
806 5739 980 5810 εἷδον;
1026 5741 1092 5796 Τί
1133 5743 1238 5808 ἄρα
1281 5742 1380 5796 οὐκ
1419 5739 1556 5796 εἶδον
1608 5740 1795 5804 θεότη-

1895 4542 1952 4595 in
1983 4555 2201 4596 crucem
2237 4555 2359 4595 esse
2408 4546 2611 4594 actum.
2656 4538 2889 4593 Pulchre
2926 4552 3028 4593 nos
3066 4538 3302 4594 nominis
3356 4537 3476 4608 ejus

1894 4649 2002 4704 quo
2033 4632 2383 4702 nuncupandi
2442 4639 2572 4686 sunt
2618 4631 2930 4685 admonent.
2978 4629 3060 4683 llli
3114 4629 3258 4684 enim
3311 4634 3474 4693 sunt,

1893 4729 1986 4798 qui
2018 4728 2228 4796 seipsos
2261 4725 2520 4780 afﬁnitate
2549 4741 2672 4779 cum
2708 4723 2912 4780 Judaeis
2945 4725 3304 4778 devinxerunt
3324 4761 3338 4786 ,
3361 4729 3475 4776 tum

1895 4818 2186 4871 salutarem
2218 4815 2648 4870 incarnationem
2669 4856 2682 4880 ,
2705 4821 2818 4868 tum
2868 4815 3096 4868 duarum
3128 4812 3383 4865 unionem
3421 4814 3478 4866 et

1894 4907 2331 4976 conjunctionem
2363 4915 2682 4960 naturarum
2715 4903 3033 4974 rejiciendo.
3069 4900 3201 4956 Uter
3223 4900 3476 4968 Iudaeus,

1897 5000 1987 5068 qui
2019 5000 2245 5069 gratiam
2273 4998 2525 5067 suscipit,
2544 5012 2613 5050 an
2642 4996 2735 5065 qui
2773 4995 2887 5064 lege
2907 4992 3206 5049 secundum
3241 4991 3478 5046 litteram

1900 5091 2096 5146 nititur
2124 5091 2148 5143 ?
2175 5089 2284 5144 Nos
2315 5089 2488 5158 gratia
2522 5086 2731 5150 docuit,
2773 5084 2940 5140 Deum
2974 5083 3304 5138 invisibilcm
3339 5080 3479 5134 invi-

1893 5183 2039 5239 sibili
2082 5181 2489 5235 manifestatum
2532 5193 2654 5234 esse
2697 5192 2863 5231 carne
2895 5193 2908 5228 :
2941 5176 3018 5229 illi
3071 5180 3390 5244 permanent
3421 5172 3477 5226 in

1895 5276 2122 5346 antiqua
2172 5273 2464 5327 traditione
2517 5269 2856 5325 divinitatem
2898 5267 3100 5322 nudam
3147 5267 3200 5320 in
3244 5266 3479 5322 diversis

1897 5368 2187 5440 speciebus
2233 5376 2287 5421 et
2342 5363 2534 5419 formis
2595 5363 2925 5417 delineante.
2974 5358 3256 5426 Quomodo
3309 5358 3478 5428 igitur

1897 5462 2037 5515 alios
2077 5459 2349 5530 appellant
2380 5455 2629 5522 Judreos,\
2652 5453 2743 5524 qui
2775 5453 2877 5522 ipsi
2923 5453 3048 5506 novi
3082 5449 3304 5504 fcederis
3345 5447 3481 5502 divi-

1894 5553 2000 5608 tias
2019 5567 2050 5605 a
2069 5569 2129 5607 se
2147 5550 2442 5620 repellunt?
2457 5550 2651 5602 Annon
2677 5546 3000 5600 audiverunt
3013 5541 3160 5612 quod.
3177 5539 3329 5595 multi
3347 5553 3477 5610 pro-

1896 5645 2069 5714 pheta:
2082 5643 2276 5713 etjusli
2299 5643 2678 5697 desiderarunt
2696 5638 2877 5693 videre
2893 5652 3012 5706 qua:
3025 5650 3126 5690 nos
3143 5633 3406 5697 videmus,
3423 5637 3478 5684 et

1896 5752 2006 5793 non
2070 5735 2322 5792 viderunt
2357 5734 2380 5788 ’Ξ
2415 5732 2554 5800 Quid
2591 5731 2755 5800 igitur
2795 5747 2905 5787 non
2935 5725 3219 5784 viderunt?
3251 5722 3478 5780 Deitatis
