3842 6186
431 292 575 352 1375

1568 292 1627 349 S.
1667 288 2128 348 ATHANASIUS.
2172 322 2242 333 -—
2280 292 2550 349 SPURIA.

3546 287 3675 345 ππ

431 410 760 468 adventum?
779 410 891 467 Cur
921 410 1087 484 igitur
1109 410 1374 481 scriptum
1405 418 1490 466 est
1517 430 1531 466 :
1557 410 1721 469 Visus
1747 419 1833 468 est
1863 411 2005 468 Deus

2117 427 2196 474 τος
2228 412 2550 483 ὲπιδημίαν;
2585 409 2694 464 Καὶ
2725 409 2840 472 πῶς
2861 409 3199 479 γέγραπται⁸
3228 403 3409 477 Ὠφθη
3438 403 3577 469 Θεὸς
3604 402 3679 474 τῷ

428 504 760 567 Abrahamo,
783 504 936 560 visus
960 504 1170 569 Isaaco,
1192 505 1346 558 visus
1375 502 1600 567 Jacobo,
1622 504 1775 559 visus
1810 502 2006 575 Moysi,

429 603 487 653 et
519 595 793 652 sexcentis
825 595 948 651 aliis
983 594 1007 647 ?
1043 593 1185 662 Quid
1225 594 1392 665 igitur
1418 594 1820 658 desiderarunt,
1862 595 2010 666 quod

429 694 612 743 tamen
634 702 741 742 non
775 687 1063 743 viderunt?
1104 686 1360 742 nimirum
1381 687 1527 757 quod
1556 688 1715 744 nobis
1742 688 1924 744 videre
1949 689 2013 742 li-

431 781 567 844 cuit,
597 779 813 837 deitatis
841 779 1265 835 ethumanitatis
1298 778 1621 835 ineffabilem
1645 788 1700 835 et
1724 780 2009 850 insepara-

430 870 593 925 bilem
619 870 913 925 unionem?
948 868 1270 939 Quicunque
1292 868 1457 938 igitur
1485 868 1857 924 admirandam
1887 867 2015 923 Ver‘

432 962 486 1018 bi
509 970 563 1017 et
591 962 771 1018 carnis
807 963 1062 1016 unionem
1103 960 1457 1024 conﬁtentur,
1500 961 1570 1017 iis
1602 977 1802 1016 novum
1828 961 2012 1017 videre

430 1055 802 1124 Spectaculum
841 1053 1092 1123 contigit.
1117 1053 1322 1108 Contra
1345 1054 1440 1124 qui
1465 1054 1650 1109 carnis
1680 1054 2012 1123 assumptio-

432 1159 557 1197 nem
588 1142 867 1212 rejiciunt,
899 1142 937 1195 ii
974 1157 1098 1195 cum
1128 1141 1404 1197 veteribus
1448 1140 1653 1197 Iudaeis
1677 1149 1886 1212 partem
1907 1144 2011 1196 ba-

432 1235 563 1290 bere
605 1249 761 1289 suam
801 1232 1092 1288 manifeste
1143 1234 1581 1298 convincuntur,
1617 1233 1711 1303 qui
1760 1248 1861 1289 nec
1907 1232 2013 1303 ipsi

433 1330 725 1395 potuerunt
753 1322 938 1405 videre
977 1322 1152 1377 oculis
1189 1323 1302 1377 suis
1338 1338 1459 1393 qua:
1490 1338 1591 1378 nos
1624 1322 1882 1378 vidimus.
1917 1320 2015 1376 Ju-

433 1415 673 1470 daeorum
706 1412 848 1477 enim
879 1421 998 1476 est,
1031 1412 1330 1469 Salvatoris
1356 1414 1412 1468 in
1455 1429 1621 1469 carne
1653 1412 2014 1467 oeconomiam

431 1520 544 1561 non
577 1504 877 1574 suscipere.
909 1503 1006 1559 llis
1038 1504 1249 1573 seipsos
1294 1510 1606 1574 aggregant,
1631 1503 1723 1572 qui
1757 1503 1895 1559 duas
1918 1516 2016 1556 na-

432 1603 589 1650 turas
627 1595 923 1665 explodunt
968 1612 981 1648 :
1016 1596 1261 1664 quinimo
1300 1596 1567 1665 majorum
1609 1595 1901 1650 criminum
1934 1600 2015 1654 rei

433 1686 761 1742 efﬁciuntur.
792 1687 874 1741 llli
902 1687 1048 1741 enim
1087 1702 1213 1743 eum
1253 1688 1346 1757 qui
1388 1697 1497 1741 tam
1527 1688 1796 1757 stupenda
1822 1686 2016 1741 edebat

433 1776 699 1831 miracula
726 1775 894 1830 Deum
918 1792 1041 1832 esse
1062 1778 1374 1847 ignorantes
1401 1797 1414 1831 :
1440 1778 1495 1832 hi
1516 1793 1645 1833 vero
1672 1777 2013 1842 conﬁtentes,

434 1866 658 1938 indigna
688 1878 879 1922 contra
914 1868 1169 1924 deitatem
1202 1868 1579 1939 pronuntiant,
1607 1883 1799 1924 omnes
1830 1868 2015 1924 carnis

437 1964 735 2027 assumpta:
766 1959 1051 2028 passiones
1083 1958 1270 2015 deitati
1313 1950 1665 2015 ascribendas
1709 1974 1831 2016 esse
1883 1974 2017 2015 con-

435 2049 745 2105 tendentes.
797 2051 867 2103 At
916 2051 1060 2105 enim
1114 2050 1297 2105 dicent
1350 2049 1586 2106 fortasse
1638 2050 2018 2121 (imprudenter

433 2139 580 2193 enim
612 2139 696 2194 vel
730 2139 1192 2197 manifestissimis
1216 2140 1525 2196 didicerunt
1567 2142 1962 2210 contradicere)
1997 2160 2013 2196 :

434 2222 554 2278 Non
570 2223 803 2281 dicimus
820 2226 1159 2281 divinitatem
1178 2244 1300 2284 esse
1324 2229 1674 2298 passionibus
1703 2230 2014 2285 obnoxiam.

434 2313 504 2368 Et
531 2317 623 2385 qui
650 2331 760 2370 non
815 2317 1070 2373 diceretis
1118 2318 1242 2380 hoc,
1276 2320 1370 2389 qui
1411 2328 1521 2373 tam
1568 2320 1863 2375 artiﬁciose
1888 2335 2015 2374 ora-

437 2406 644 2460 tionem
668 2405 950 2463 adornatis
969 2407 1208 2464 ?Passus
1239 2417 1344 2470 est.
1370 2409 1646 2479 inquiunt,
1665 2411 1792 2481 quia
1814 2411 2014 2465 voluit:

437 2497 620 2567 ipsum
643 2498 920 2568 patibilem
945 2513 1066 2555 esse
1086 2514 1431 2570 nequaquam
1456 2500 1709 2556 dicimus.
1738 2500 1873 2555 Cum
1903 2515 2017 2555 rem

438 2589 611 2659 ipsam
656 2604 763 2644 non
810 2588 1074 2645 dubitetis
1106 2589 1411 2653 afﬁrmare,
1454 2605 1554 2644 cur
1599 2605 1629 2644 a
1658 2590 1737 2647 rei
1782 2591 2020 2661 appella-

436 2681 588 2736 tione
613 2696 711 2737 vos
744 2681 1039 2738 abhorrere
1067 2682 1271 2753 ﬁngitis
1301 2684 1324 2736 ‘l
1355 2680 1412 2736 Si
1460 2682 1734 2738 damnatis
1772 2698 1868 2738 eos
1924 2683 2018 2752 qui

438 2772 778 2827 divinitatem
827 2789 1042 2843 passam
1088 2789 1211 2829 esse
1261 2781 1484 2844 negant,
1533 2788 1632 2828 cur
1682 2789 1791 2828 non
1819 2775 2021 2831 diserte

439 2863 613 2933 ipsam
665 2865 943 2935 patibilem
994 2881 1116 2921 esse
1164 2866 1542 2935 proﬁtemini?
1574 2865 1629 2920 Si
1663 2865 1882 2923 Judams
1928 2883 2018 2923 se-

2122 503 2394 573 Ἀϐραὰμ,
2427 501 2584 572 ὤφθη
2615 501 2694 571 τῷ
2739 500 2944 565 Ἰσαὰκ,
2979 498 3135 570 ῶφθη
3158 498 3236 570 τῷ
3273 497 3491 559 Ἰακὼϐ,
3526 496 3676 569 ὤφθη

2110 595 2187 666 τῷ
2215 597 2386 666 Μωσῇ
2407 637 2422 661 ,
2455 595 2552 647 καὶ
2585 593 2801 665 μύριοις
2838 592 3050 656 ἄλλοιςς
3087 592 3153 644 Τί
3175 587 3266 645 οὖν
3297 589 3677 659 ἐπεθύμησαν,

2111 688 2206 742 καὶ
2248 688 2349 740 οὐκ
2392 683 2566 752 εἷδονς
2615 687 2645 740 ὃ
2692 688 2852 757 ἡμεῖς
2884 686 3011 739 ἰδεῖν
3044 682 3379 753 ἠξιώθημεν,
3422 681 3678 751 θεότητος

2111 778 2207 832 καὶ
2237 777 2657 848 ἀνθρωπότητος
2689 779 2924 848 ἄρρητον
2954 775 3048 828 καὶ
3074 775 3441 828 ἀδιάσπαστον
3463 774 3678 827 ἕνωσιν.

2111 872 2173 924 Οἱ
2198 868 2373 922 τοίνυν
2398 867 2785 940 ὁμολογοῦντες
2811 867 2905 921 τοῦ
2930 868 3100 936 Λόγου
3118 868 3210 921 καὶ
3235 867 3335 936 τῆς
3361 866 3575 937 σαρκὸς
3585 865 3680 935 τὴν

2112 960 2413 1032 παράδοξον
2443 961 2656 1025 ἕνωσιν,
2708 953 2854 1013 οὗτοι
2897 959 2993 1013 τοῦ
3040 959 3189 1024 ξένου
3224 959 3505 1030 θεάματος
3529 975 3683 1010 τετυ-

2112 1054 2344 1124 χήκασιν
2371 1070 2384 1083 ⁸
2416 1054 2464 1105 οἱ
2495 1053 2552 1105 δὲ
2576 1053 2675 1124 τῆς
2707 1052 2907 1124 σαρκὸς
2930 1052 3028 1122 τὴν
3065 1051 3328 1121 ἀνάληψιν
3358 1050 3681 1114 ἀθετοῦντες

2117 1143 2258 1213 μετά
2285 1143 2393 1198 τῶν
2426 1143 2631 1199 ἀνωθεν
2672 1144 2941 1198 Ἰουδαίων
2971 1144 3114 1213 ἔχειν
3153 1144 3250 1215 τὴν
3300 1143 3499 1215 μερίδα
3550 1161 3685 1214 «per

2112 1233 2286 1304 δήλως
2308 1234 2639 1305 ἐλέγχονται,
2668 1236 2779 1288 τῶν
2814 1235 2890 1307 μὴ
2913 1236 3339 1307 κατηξιωμένων
3381 1236 3516 1289 ἰδεῖν
3548 1237 3686 1307 μήτε

2113 1322 2254 1392 ὄψει,
2290 1326 2432 1398 ἅπερ
2470 1327 2632 1396 ἡμεῖς
2678 1326 3023 1397 ἑωράκαμεν.
3068 1326 3335 1379 Ἰουδαίων
3366 1326 3481 1397 γὰρ
3506 1325 3573 1378 τὸ
3613 1324 3687 1398 μὴ

2114 1415 2371 1482 δέξασθαι
2434 1416 2527 1470 τοῦ
2576 1417 2825 1487 Σωτῆρος
2876 1416 2975 1486 τὴν
3035 1415 3297 1488 ἕνσαρκον
3346 1415 3681 1486 οἰκονομίαν.

2114 1503 2339 1569 Τούτοις
2375 1505 2735 1561 συνάπτουσιν
2768 1506 2995 1569 ἑαυτοὺς
3021 1506 3072 1559 οἱ
3094 1505 3157 1558 τὸ
3187 1503 3412 1558 διπλοῦν
3444 1504 3558 1557 τῶν
3588 1505 3687 1572 9:3-

2117 1614 2256 1651 σεων
2283 1596 2502 1651 ἀπωθού
2510 1613 2683 1667 μενοι,
2709 1594 2910 1667 μᾶλλον
2933 1595 2990 1648 δὲ
3014 1596 3108 1648 καὶ
3134 1594 3375 1667 μείζοσιν
3402 1594 3689 1665 ἐγκλήμα-

2121 1707 2206 1743 σιν
2247 1685 2536 1742 ὑπεύθυνοι
2588 1687 2848 1756 γίνονται.
2898 1688 3126 1741 Ἐκεῖνοι
3158 1686 3267 1757 γὰρ
3308 1686 3399 1740 τὸν
3447 1685 3691 1739 τοσαῦτα

2120 1778 2260 1852 μετά
2290 1778 2491 1851 σαρκὸς
2524 1777 3088 1850 θαυματουργήσαντα
3115 1777 3247 1831 Θεὸν
3298 1773 3445 1830 εἶναι
3486 1778 3693 1846 ἀγνοή-

2117 1889 2330 1936 σαντες,
2357 1864 2500 1926 οὗτοι
2530 1869 2692 1940 δῆθεν
2737 1868 3127 1941 ὁμολογοῦντες
3179 1864 3375 1933 ἀνάξια
3406 1868 3559 1922 κατὰ
3589 1868 3693 1938 τῆς

2116 1960 2368 2030 θεότητος
2388 1961 2753 2029 ἀπεφήναντο,
2777 1960 2954 2013 πάντα
2978 1958 3046 2012 τά
3075 1957 3222 2027 πάθη
3249 1958 3353 2027 τῆς
3381 1956 3693 2028 ληφθείσης

2119 2050 2321 2123 σαρκὸς
2346 2052 2427 2114 εἰς
2453 2049 2616 2105 αὐτὸν
2653 2052 2962 2119 ἀνενεγκεῖν
2994 2048 3086 2102 τὸν
3140 2048 3271 2102 Θεὸν
3314 2047 3493 2116 Λόγον
3550 2047 3693 2118 φιλο-

2116 2145 2487 2214 νεικήσαντες.
2573 2142 2714 2195 Ἀλλ’
2776 2142 2907 2205 ἴσως
2971 2139 3188 2211 ἐροῦσιν
3267 2139 3510 2210 (ἔμαθον
3584 2138 3692 2211 γὰρ

2121 2232 2327 2304 ίταμῶς
2391 2231 2656 2304 μάχεσθαι
2697 2234 2808 2295 τοῖς
2876 2231 3163 2302 προδήλοις
3204 2231 3222 2303 )
3269 2247 3285 2262 ⁸
3353 2232 3430 2284 Οὐ
3454 2231 3693 2301 λέγομεν

2117 2322 2356 2392 παθητὸν
2403 2321 2465 2375 τὸ
2506 2321 2669 2374 θεῖον.
2733 2319 2856 2384 Πῶς
2895 2320 2955 2375 οὐ
3012 2320 3221 2389 λέγετε,
3273 2321 3359 2374 ὅτι
3403 2322 3579 2394 τέχνῃ
3602 2322 3693 2375 τὸν

2117 2413 2273 2483 λόγον
2303 2412 2742 2476 κατασκευάζετε
2767 2430 2782 2478 ;
2817 2411 3053 2475 Ἐπαθε,
3073 2412 3259 2480 φησὶν,
3279 2412 3357 2476 ὡς
3378 2412 3656 2482 ἠθέλησεν
3674 2430 3695 2463 ον

2117 2503 2179 2557 οὐ
2217 2503 2322 2575 μὴν
2340 2501 2580 2572 παθητὸν
2600 2501 2761 2555 αὐτὸν
2778 2500 3030 2571 λέγομεν.
3064 2499 3127 2553 Τί
3159 2497 3548 2569 προσποιεῖσθε
3581 2495 3693 2566 (25)

2120 2591 2394 2663 φείδεσθαι
2423 2591 2516 2645 τοῦ
2549 2591 2844 2663 ὀνόματος,
2905 2590 3347 2661 κατατολμῶντες
3379 2587 3477 2642 τοῦ
3516 2588 3695 2658 πράγ-

2122 2702 2323 2756 ματος;
2357 2685 2420 2737 Εἰ
2458 2686 2810 2755 κατηγορεῖτε
2836 2683 2944 2737 τῶν
2963 2682 3226 2751 λεγόντων
3261 2680 3336 2752 μὴ
3365 2678 3692 2733 πεπονθέναι

2118 2775 2178 2830 τὸ
2211 2775 2373 2840 θεῖον,
2403 2774 2520 2839 πῶς
2553 2775 2652 2844 οὐχ
2675 2772 2982 2844 ὁμολογεῖτε
3026 2771 3206 2841 λέγειν
3237 2770 3371 2824 αὐτὸ
3406 2767 3688 2840 παθητόνς

2118 2864 2181 2917 Et
2195 2865 2221 2917 ὁ
2237 2865 2309 2935 μὴ
2322 2863 2493 2931 λέγων
2510 2862 2659 2926 θείας
2676 2862 2889 2932 φύσεως
2906 2861 3097 2926 πάθος,
3113 2861 3364 2923 Ἰουδαῖος
3379 2858 3504 2913 καθ’
3517 2860 3687 2931 ὑμᾶς’

440 2957 678 3012 cundum
718 2973 818 3014 vos
844 2965 949 3021 est,
986 2959 1078 3027 qui
1123 2958 1321 3012 divinae
1345 2965 1552 3013 natura:
1591 2959 1895 3028 passionem
1919 2976 2015 3014 ne-

2117 2956 2146 3008 ὁ
2173 2953 2365 3022 λέγων,
2383 2952 2723 3027 Χριστιανός.
2744 2953 2853 3006 Καὶ
2869 2952 2985 3017 πῶς
2999 2953 3058 3005 οὐ
3077 2954 3280 3029 ποιεῖτε
3300 2950 3690 3022 προτιμότερον

440 3055 532 3118 gat
556 3067 568 3101 :
590 3047 937 3127 Christianus
965 3056 1069 3111 est,
1088 3049 1181 3118 qui
1204 3051 1419 3105 asserit.
1438 3048 1499 3103 Et
1522 3064 1620 3104 cur
1641 3065 1749 3104 non
1772 3048 2014 3105 Judaeum

2118 3046 2208 3100 τὸν
2248 3046 2515 3112 Ἰουδαῖον,
2542 3045 2630 3099 τὸν
2646 3044 2855 3107 ἀπαθὲς
2881 3043 3243 3115 ὁμολογοῦντα
3268 3042 3327 3095 τὸ
3343 3041 3509 3105 θεῖον,
3540 3039 3690 3112 ὑμῶν

443 3139 684 3194 divinam
712 3150 963 3195 naturam
995 3140 1350 3211 impatibilem
1382 3140 1724 3196 conﬁtentem
1750 3140 2015 3210 praefertis

2117 3137 2226 3191 τῶν
2241 3137 2686 3207 ἀποφαινομένων
2712 3135 2844 3189 αὐτὸ
2867 3134 3127 3206 παθητόν;
3144 3135 3218 3197 ὡς
3235 3129 3376 3187 εἶναι
3391 3134 3525 3203 ὑμῖν
3536 3134 3693 3202 am-

440 3232 598 3286 vobis
642 3232 919 3302 patibilem
968 3232 1141 3302 ipsam
1188 3232 1763 3295 aﬁirmantibus,cum
1798 3234 2015 3288 omnino

2118 3248 2221 3301 κην
2281 3230 2564 3293 Ἰουδαίους
2617 3230 2760 3299 ὑμᾶς
2808 3226 3090 3281 καλεῖσθαι
3133 3224 3693 3297 προσμαρτυροῦντες

442 3338 729 3378 necessum
761 3323 853 3388 sit,
886 3331 977 3378 aut
1006 3324 1223 3379 Judaios
1251 3339 1350 3379 vos
1380 3326 1583 3388 vocari,
1625 3325 1671 3380 si
1708 3324 2021 3394 impatibili-

441 3423 606 3470 tatem
658 3430 780 3470 esse
832 3415 1236 3481 testiﬁcemini;
1276 3423 1371 3469 aut
1402 3415 1746 3472 Christianos
1780 3419 2021 3486 appella-

442 3507 514 3573 ri,
565 3513 624 3562 ut
654 3523 752 3562 vos
801 3506 1020 3577 quidem
1068 3506 1441 3563 Christianum
1487 3494 1746 3574 deﬁnitis,
1781 3510 2020 3580 patibili-

443 3606 608 3652 tatem
638 3596 944 3653 sancientes
965 3597 989 3650 ?
1014 3595 1307 3666 Proponite
1362 3600 1680 3668 perspicue,
1716 3616 1877 3669 quam
1938 3609 2017 3656 te-

444 3689 587 3744 netis
636 3688 980 3744 sententiam.
1021 3706 1040 3740 ι
1074 3687 1250 3744 Corde
1294 3690 1440 3745 enim
1472 3692 1713 3746 creditur
1760 3691 1827 3745 ad
1858 3692 2016 3764 507

443 3777 734 3848 justitiam,
766 3794 859 3833 ore
894 3787 1071 3834 autem
1111 3778 1390 3835 confessio
1426 3780 1484 3834 ﬁt
1517 3780 1585 3835 ad
1637 3782 1867 3836 salutem
1895 3784 1961 3836 ⁸⁸.
1991 3803 2009 3835 ι

448 3868 503 3924 Si
537 3867 775 3923 Verbum
822 3884 933 3923 non
975 3878 1059 3924 est
1099 3884 1358 3940 passum,
1404 3869 1568 3940 igitur
1599 3885 1748 3926 caro.
1785 3869 1843 3925 Si
1887 3887 2017 3925 caro

444 3976 553 4016 non
583 3968 667 4015 est
697 3974 879 4030 passa,
917 3960 1083 4033 igitur
1114 3958 1375 4015 Verbum.
1408 3960 1463 4015 Si
1509 3972 1760 4016 neutrum
1795 3962 2011 4027 borum,

446 4052 613 4123 igitur
652 4052 870 4121 aliquod
917 4053 1161 4106 tertium.
1200 4050 1258 4106 Si
1302 4052 1512 4107 nullum
1552 4054 1799 4117 omnino,
1847 4055 2015 4126 igitur

445 4141 631 4211 passio
658 4142 773 4212 ipsa
813 4155 923 4195 non
958 4140 1100 4195 fuit:
1133 4140 1179 4195 si
1222 4141 1439 4196 nemine
1472 4139 1709 4210 patiente
1743 4140 1842 4195 fuit
1889 4156 2015 4211 pas-

455 4233 560 4295 sio,
605 4233 789 4302 0pinio
820 4233 947 4299 fuit;
979 4231 1235 4301 opinione
1264 4232 1560 4288 salvamur.
1607 4232 1774 4302 Igitur
1801 4232 1869 4287 ad
1904 4233 2013 4285 Ma-

447 4324 687 4379 nichaeos
717 4322 1063 4394 confugistis.
1084 4322 1151 4377 Et
1180 4338 1281 4377 cur
1313 4323 1382 4378 ab
1413 4338 1598 4378 eorum
1623 4324 1843 4378 nomine
1866 4322 2011 4377 refu-

2117 3320 2177 3375 τὸ
2216 3320 2424 3385 ἀπαθές
2452 3339 2463 3350 ·
2517 3321 2548 3392 ἦ
2590 3318 2950 3392 Χριστιανοὺς
2997 3313 3359 3388 ὀνομάζεσθαι
3411 3316 3559 3371 κατά
3604 3314 3691 3370 τὸν

2120 3411 2281 3483 ὐμέτε
2292 3429 2379 3484 ρον
2395 3413 2519 3482 ὅρον
2542 3409 2961 3482 νομοθετοῦντας
2976 3408 3038 3464 τὸ
3053 3408 3249 3475 πάθος
3268 3408 3578 3479 Γνωρίσατε
3598 3423 3691 3475 φα-

2118 3504 2288 3575 νερῶς
2326 3504 2391 3573 ἣν
2421 3502 2572 3573 ἔχετε
2595 3502 2769 3568 δόξαν.
2812 3519 2831 3551 ‹
2876 3499 3089 3571 Καρδίᾳ
3115 3499 3225 3571 γὰρ
3267 3499 3590 3551 πιστεύεται
3617 3498 3689 3559 είς

2114 3594 2454 3666 δικαιοσύνην
2474 3612 2488 3625 ·
2524 3595 2749 3664 στόματι
2775 3592 2831 3646 δὲ
2863 3592 3201 3663 ὁμολογεῖται
3229 3592 3310 3655 εἰς
3342 3590 3638 3663 σωτηρίαν.
3666 3607 3683 3638 ι

2115 3688 2179 3740 Εἰ
2210 3685 2283 3757 μὴ
2312 3684 2823 3752 πέπονθενὸΛόγος,
2843 3681 3035 3736 οὐκοῦν
3062 3684 3095 3753 ἡ
3128 3679 3284 3752 σάρξ.
3307 3681 3373 3733 Et
3393 3681 3469 3752 μὴ
3504 3683 3538 3750 ἡ
3566 3677 3690 3750 σὰρξ

2117 3776 2402 3842 πέπονθεν,
2462 3775 2655 3830 οὐκοῦν
2706 3778 2735 3828 ὁ
2784 3775 2973 3843 Λόγος.
3023 3775 3086 3827 Et
3127 3773 3422 3844 μηδέτερον
3469 3771 3687 3831 τούτων,

2113 3869 2311 3923 οὐκοῦν
2362 3868 2488 3923 ἄλλο
2534 3868 2734 3940 τρίτον.
2790 3867 2853 3918 Ei
2881 3938 2886 3943 ἱ
2901 3865 3064 3936 μηδὲν
3101 3863 3366 3935 μηδόλως,
3410 3863 3611 3916 οὐκοῦν
3636 3860 3691 3913 τὸ

2116 3960 2284 4024 πάθος
2326 3960 2387 4012 οὐ
2417 3958 2655 4029 γέγονεν.
2687 3958 2749 4010 Εἰ
2770 3996 2784 4020 ,
2839 3955 3066 4026 μηδενὸς
3110 3953 3396 4018 παθόντος,
3429 3953 3495 4005 τὸ
3531 3952 3691 4013 πάθος

2112 4053 2325 4120 γέγονε,
2369 4050 2589 4122 δόκησις
2647 4049 2869 4118 γέγονε·
2919 4047 3137 4118 δοκήσει
3199 4045 3509 4117 σωζόμεθα.
3557 4046 3691 4118 Πρὸς

2112 4143 2444 4213 Μανιχαίους
2476 4143 2669 4197 οὐκοῦν
2693 4141 3120 4213 ηὑτομολήσατε.
3155 4140 3266 4194 Καὶ
3313 4139 3433 4204 πῶς
3470 4139 3687 4209 φεύγετε

2111 4234 2210 4306 τὴν
2244 4235 2467 4288 ἐκείνων
2501 4232 2890 4306 προσηγορίαν,
2928 4224 3000 4284 ὧν
3041 4229 3327 4300 φαίνεσθαι
3373 4230 3690 4301 κληρονόμοι

2110 4325 2211 4396 τῆς
2241 4325 2512 4397 ἀφορήτου
2557 4322 2914 4388 κακοδοξίας;
2963 4320 3119 4374 Οὕτω
3164 4321 3222 4373 δὲ
3267 4319 3542 4373 Ἰουδαίων
3589 4316 3691 4387 χεί-

446 4412 592 4483 gitis,
622 4412 713 4480 qui
745 4426 843 4465 vos
889 4427 1177 4481 pravorum
1212 4422 1266 4466 et
1312 4412 1736 4466 intolerabilium
1787 4427 2008 4485 suorum

2119 4435 2242 4489 ρους
2285 4415 2610 4488 φανήσεσθε,
2668 4417 2764 4469 καὶ
2809 4413 3125 4485 Μανιχαίων
3164 4412 3226 4465 οὐ
3258 4412 3473 4483 πόρρω.
3509 4411 3618 4465 Καὶ
3643 4408 3689 4461 τί

447 4499 756 4570 dogmatum
783 4501 1020 4556 hmredes
1045 4502 1330 4558 manifeste
1360 4503 1598 4558 habent?
1627 4503 1762 4559 [line
1791 4515 2014 4573 apparet

445 4610 545 4649 vos
573 4601 625 4649 et
656 4594 871 4664 pejores
920 4594 1123 4651 Judaeis
1157 4611 1308 4662 esse,
1355 4603 1409 4651 et
1451 4611 1482 4649 a
1533 4596 1846 4652 Manichaeis
1903 4612 2011 4650 non

446 4684 676 4739 multum
721 4685 930 4739 abesse.
980 4686 1084 4741 Sed
1134 4687 1262 4756 quid
1311 4686 1549 4743 dicimus
1596 4687 1663 4743 de
1710 4687 1912 4743 Judaeis
1960 4699 2014 4744 et

448 4775 796 4832 Manichaeis?
840 4776 1032 4832 Vestra
1074 4766 1290 4847 longius
1323 4792 1611 4849 progressa
1639 4786 1725 4832 est
1765 4778 2013 4843 audacia,

448 4884 611 4939 quam
648 4869 792 4923 illius
822 4869 1017 4939 ipsius,
1044 4870 1138 4938 qui
1185 4870 1365 4924 omnis
1410 4870 1540 4923 mali
1570 4878 1761 4925 auctor
1787 4875 1892 4932 est,
1922 4868 2016 4939 qui

448 4961 661 5016 occulte
698 4961 802 5016 ista
847 4961 1000 5017 vobis
1049 4961 1282 5016 inseruit
1331 4961 1574 5023 zizania,
1622 4961 1717 5031 qui
1762 4962 2017 5016 omnibus

449 5051 609 5115 bonis
637 5052 870 5115 invidet,
902 5051 1125 5105 diaboli.
1174 5049 1268 5106 Ille
1306 5051 1397 5105 ubi
1434 5051 1500 5106 ad
1541 5050 1832 5107 Iordanem
1875 5052 2019 5106 divi-

450 5156 578 5195 nam
608 5140 906 5198 Salvatoris
937 5143 1163 5210 gloriam
1192 5142 1496 5212 conspexit,
1523 5142 1742 5198 invidia:
1779 5141 2020 5197 stimulis

451 5232 706 5302 agitatus,
749 5248 859 5288 non
897 5248 1067 5290 ausus
1095 5241 1180 5289 est
1224 5233 1486 5289 tentando
1518 5234 1669 5303 prius
1704 5234 1881 5304 ipsum
1927 5249 2022 5303 ag-

454 5323 628 5394 gredi,
656 5339 822 5393 quam
869 5323 1011 5380 fame
1040 5326 1381 5381 laborantem
1417 5323 1571 5389 vidit,
1603 5341 1724 5394 quae
1771 5325 2023 5378 humana:

457 5411 789 5469 inﬁrmitatis
820 5424 946 5469 nota
976 5425 1077 5472 est.
1104 5418 1339 5488 Agnovit
1369 5417 1473 5473 hoc
1504 5417 1722 5473 deitatis
1745 5416 2023 5488 proprium

529 5548 577 5580 ⁸⁸
616 5545 771 5602 Rom.
806 5565 872 5614 ς,
907 5550 994 5605 10.

2116 4509 2345 4578 λέγομεν
2386 4506 2654 4560 Ἰουδαίων
2693 4504 2789 4559 καὶ
2831 4504 3180 4575 Μανιχαίων;
3218 4500 3396 4555 Αὐτοῦ
3438 4502 3536 4555 τοῦ
3574 4502 3690 4556 πᾶν·

2117 4616 2223 4652 των
2254 4596 2472 4667 εὑρετοῦ
2502 4594 2609 4649 τῶν
2645 4593 2830 4649 κακῶν
2860 4594 2952 4646 τοῦ
2980 4594 3152 4647 ταῦτα
3184 4594 3313 4664 ὑμῖν
3342 4592 3690 4659 ὑποσκίων-

2118 4708 2208 4754 τος
2247 4690 2314 4743 τά
2357 4688 2590 4754 ζιζάνια,
2631 4687 2725 4740 τοῦ
2777 4684 3092 4755 φθονοῦντος
3139 4687 3252 4748 τοῖς
3298 4684 3490 4747 καλοῖς
3532 4684 3687 4737 ἅπασι

2119 4781 2382 4844 διαϐόλου,
2402 4779 2829 4851 τολμηροτέρους
2851 4778 3071 4840 ἑαυτοὺς
3088 4777 3427 4848 ἀπεφήνατε.
3447 4778 3684 4838 Ἐκεῖνος,

2121 4874 2209 4927 ὅτε
2255 4868 2391 4926 εἶδεν
2422 4872 2515 4925 ἐπὶ
2559 4870 2650 4924 τοῦ
2694 4870 2957 4941 Ἰορδάνου
2986 4869 3084 4940 τὴν
3115 4867 3209 4922 τοῦ
3237 4867 3497 4941 Σωτῆρος
3522 4867 3688 4923 ἔνθεον

2121 4962 2298 5029 δόξαν,
2334 4962 2577 5034 κέντροις
2602 4960 2694 5015 τοῦ
2719 4962 2910 5031 φθόνου
2946 4959 3292 5030 νυσσόμενος,
3334 4960 3397 5013 οὐ
3445 4960 3686 5030 πρότερον

2124 5054 2386 5124 ἐτόλμησε
2412 5054 2779 5124 προσαγαγεῖν
2815 5040 2917 5122 τὴν
2944 5054 3158 5123 πεῖραν,
3180 5051 3285 5113 ἕως
3306 5045 3369 5106 οὗ
3400 5046 3538 5104 εἶδεν
3564 5049 3687 5118 ἀψα-

2130 5150 2295 5221 μένην
2345 5146 2442 5217 τὴν
2490 5147 2695 5207 πεῖναν,
2744 5142 3090 5214 ἀνθρωπίνης
3139 5141 3347 5206 ἐνδείας
3394 5140 3682 5213 γνώρισμα.

2126 5235 2292 5302 Οὗτος
2330 5238 2444 5308 ᾔδει
2472 5237 2570 5307 τῆς
2592 5223 2932 5306 θεότητοξτὸ
2958 5232 3166 5297 ἀπαθὲς
3196 5232 3328 5286 ἴδιον
3350 5233 3448 5287 καὶ
3473 5231 3683 5300 ἀπερα-

2129 5345 2286 5383 στον’
2314 5330 2469 5399 ὑμεῖς
2515 5327 2572 5381 δὲ
2608 5327 2707 5398 τὴν
2759 5329 2943 5379 πεῖναν
2983 5325 3080 5379 καὶ
3114 5324 3213 5395 τὴν
3255 5322 3439 5393 δίψαν,
3469 5324 3563 5377 καὶ
3597 5321 3684 5375 ὅσα

2126 5420 2371 5486 τοιαῦτα,
2409 5421 2509 5491 τῆς
2551 5418 2801 5489 θεότητος
2841 5417 3010 5488 αὐτῆς
3057 5413 3443 5487 ἀποφαίνεσθε,
3473 5416 3566 5470 καὶ
3598 5404 3686 5470 ut

533 5660 843 5736 (23)Vulg.,
876 5668 1297 5737 προσποιεῖσθαι,
1335 5676 1471 5753 utet
1501 5669 1661 5739 paulo
1688 5668 1828 5725 infra
1848 5669 2015 5741 φανήσ

2124 5682 2293 5740 atpro
2321 5663 2646 5739 φανήσεσθε.
2673 5662 2823 5718 Eutr.
