3842 6186
145 237 300 294 157⁸1

948 238 1526 298 (ΣΟΝῈΗΤΑΤΙΟΝΕΞ
1564 242 2006 311 QUARUMDAM
2039 246 2634 307 PROPOSITIONUM.

3276 253 3418 310 15⁸28

144 351 394 424 σταυροῦ
433 353 495 406 τὸ
538 351 706 417 πάθος
739 352 874 426 αὐτῇ
911 358 975 427 τῇ
1026 356 1239 430 θεότητι
1289 361 1477 430 σαφῶς
1508 363 1726 434 περιφέ-

1841 379 1985 431 esse,
2019 381 2128 422 non
2162 367 2298 438 pati,
2344 384 2455 423 non
2502 368 2728 424 tentari.
2772 366 2885 425 Vos
2912 376 3104 425 contra
3131 377 3187 426 et
3220 370 3416 425 famem

144 462 301 516 ρετε.
340 446 572 510 Ἐκεῖνος
601 446 666 500 δι’
690 448 993 521 ὑπερϐολὴν
1025 453 1287 522 πονηρίας
1311 454 1405 507 ἀπ’
1432 456 1729 526 ἀρχῆς⁴ἀνο

143 534 532 608 θρωποκτόνος
576 539 1017 612 προσηγορεύθη⁶
1054 542 1210 612 ὑμεῖς
1234 544 1290 598 δὲ
1332 544 1397 596 δι’
1426 545 1730 618 ὑπερϐολὴν

141 627 258 698 τῆς
298 627 441 682 κατὰ
490 629 622 682 Θεὸν
660 630 915 694 ἀπονοίας
951 631 1262 698 θεοκτὸνους
1293 637 1420 699 τοὺς
1452 637 1732 702 Ἰουδαίους

142 721 618 793 προσαγορεύετε’
655 723 746 776 καὶ
778 722 877 776 οὐκ
902 724 1218 795 αἰσχύνεσθε
1246 726 1465 797 μείζονα
1504 729 1731 801 δύναμιν

136 810 249 864 τοῦ
275 811 593 866 διδασκάλου
620 813 727 867 τῶν
752 815 1010 869 τοιούτων
1043 817 1311 881 Ἰουδαίοις
1327 823 1439 882 τοῖς
1465 820 1731 892 μαθηταῖς

140 904 552 974 ἀπονέμοντες·
604 905 697 959 καὶ
747 906 887 960 κατὰ
935 907 1030 979 τὴν
1080 908 1354 982 ἔγγραφον
1404 915 1730 985 κατηγορίαν

138 995 373 1064 γνόντες
391 996 482 1050 τὸν
504 996 657 1060 Θεὸν,
687 998 785 1069 οὑχ
804 999 879 1063 ὡς
906 1000 1038 1055 Θεὸν
1065 1000 1334 1067 δοξάζετε.
1353 1005 1601 1075 Παθητὸν
1625 1007 1731 1079 γὰρ

140 1085 294 1143 εἶναι
325 1090 780 1154 κατασκευάζετε.

1834 470 1889 517 et
1917 460 2086 528 sitim,
2113 469 2169 516 et
2199 462 2245 516 si
2277 477 2383 531 qua
2414 460 2579 532 hujus
2627 461 2844 532 generis
2881 463 2986 517 alia
3025 472 3184 528 sunt,
3229 462 3419 519 deitati

1837 553 1943 624 ipsi
1989 553 2249 616 tribuitis.
2290 562 2345 608 et
2391 553 2567 609 eidem
2619 555 2809 610 deitati
2868 556 3181 625 passionem
3230 553 3416 610 crucis

1837 642 2127 700 manifeste
2153 644 2446 700 aseribitis.
2476 644 2569 701 Ille
2601 658 2820 717 propter
2845 661 3116 702 summam
3147 647 3415 702 malitiam

1840 736 2109 791 homicida
2135 737 2204 790 ab
2229 736 2385 790 initio
2408 737 2588 793 dictus
2612 746 2694 793 est
2720 757 2732 793 :
2758 753 2856 794 vos
2886 751 3107 809 propter
3132 753 3413 794 summum

1836 827 2101 884 adversus
2141 827 2310 883 Deum
2354 828 2594 885 furorem
2637 828 2857 885 Iudaeos
2907 828 3001 884 Dei
3032 829 3411 885 interfectores

1836 914 2022 971 dicitis
2050 933 2064 971 ε
2101 931 2200 972 nec
2234 918 2495 987 majorem
2530 919 2830 988 potentiam
2861 917 3066 974 Judaeis
3098 919 3409 989 discipulis,

1835 1024 2000 1079 quam
2028 1009 2270 1079 ipsorum
2301 1010 2564 1080 magistro
2593 1009 2811 1065 diabolo
2841 1012 3081 1067 tribuere
3106 1011 3368 1067 veremini
3393 1029 3409 1068 :

1837 1100 2074 1171 deniquo
2101 1111 2159 1155 ut
2190 1101 2351 1156 habet
2395 1100 2693 1172 Scriptura:
2737 1104 3036 1168 accusatio,
3080 1114 3206 1158 cum
3242 1103 3410 1160 Deum

140 1180 434 1246 noveritis,
467 1189 649 1236 tamen
678 1190 738 1236 ut
770 1180 940 1236 Deum
971 1199 1081 1238 non
1123 1184 1462 1255 gloriﬁcatis.
1512 1186 1799 1244 Patibilem
1829 1192 1975 1246 enim
2009 1207 2135 1247 eum
2167 1207 2291 1248 esse
2322 1192 2671 1249 contenditis.

863 1298 1009 1351 Xlll.

139 1407 311 1478 Πρὸς
356 1408 499 1475 τοὺς
541 1409 851 1480 λέγοντας,
905 1411 993 1465 ὅτι
1042 1413 1141 1467 καὶ
1195 1414 1435 1485 ἄγγελοι
1489 1417 1587 1471 ἐπὶ
1624 1419 1731 1475 τὸν

237 1479 480 1559 Ἀϐραὰμ
500 1480 806 1548 ἐσθίοντες
824 1484 896 1536 οὐ
925 1481 1162 1551 πάντως
1184 1486 1412 1554 σαρκὸς
1438 1488 1732 1559 ἐπέφερον

224 1544 450 1618 φύσινξ
780 1544 796 1548 ⁷
1136 1544 1152 1551 ’
1261 1544 1278 1554 ’
1386 1544 1403 1553 ⁸
1546 1544 1563 1558 ’

223 1638 440 1692 Πολλῶν
472 1639 567 1694 καὶ
598 1642 849 1713 πονηρῶν
885 1648 1275 1715 τεχνασμάτων
1310 1647 1594 1716 γεγονότες
1624 1657 1729 1700 πα-

141 1729 328 1804 τέρες,
345 1732 396 1784 oi
419 1731 487 1786 τὰ
516 1731 855 1804 αἰώνιαὸρια
880 1734 987 1790 τῶν
1024 1738 1298 1808 ὲνθέσμων
1317 1738 1568 1808 πατέρων
1599 1757 1727 1809 μετ-

142 1824 283 1895 ἄραι
319 1822 821 1895 φιλονεικήσαντες,
861 1826 980 1880 ὀὑκ
1017 1828 1364 1899 ἠρκέσθησαν
1413 1832 1526 1893 τοῖς
1578 1829 1728 1893 ἰδίοις

141 1914 395 1982 ἐκγόνοις
413 1931 428 1946 ο
464 1914 579 1969 ἀλλ’
610 1916 690 1970 ἔτι
717 1917 812 1969 καὶ
843 1916 951 1970 τῶν
977 1918 1143 1972 πάλαι
1175 1918 1445 1990 πολεμίων
1476 1920 1574 1991 τῆς
1601 1921 1728 1973 ἀπο-

143 2009 403 2079 στολικῆς
468 2010 790 2083 Ἐκκλησίας
847 2011 1218 2084 ἀμϐλωθρίδια
1259 2014 1490 2085 δυσγενῆ
1543 2014 1726 2078 κακῶς

140 2102 575 2172 ἀποκλέψαντες,
623 2103 699 2167 ὡς
738 2102 930 2175 εὐγενῆ
970 2104 1064 2157 καὶ
1103 2103 1305 2158 τέλειον
1338 2105 1493 2157 τόκον
1517 2105 1727 2175 δογμά-

141 2210 262 2246 των
308 2192 697 2264 προϐάλλονται
722 2234 737 2255 ,
786 2195 882 2249 καὶ
933 2195 1001 2249 δι’
1061 2194 1240 2250 αὐτῶν
1290 2195 1359 2250 τὰ
1409 2196 1724 2267 Μανιχαίων

143 2290 285 2358 ἡμῖν
312 2289 660 2354 ὲπισείουσιν,
690 2290 766 2353 ὼς
799 2290 891 2342 ὲπὶ
934 2289 1029 2343 τοῦ
1068 2289 1316 2361 Ἀϐραὰμ
1352 2290 1616 2359 ἀγγέλους
1655 2293 1722 2363 τῇ

141 2380 329 2451 οἰκείᾳ
383 2380 542 2450 φύσει
591 2379 799 2453 τροφῆς
843 2381 1231 2452 μετεσχηκέναι
1273 2382 1721 2454 τερατευόμενοι,

143 2473 250 2525 καὶ
280 2473 378 2543 τὴν
405 2472 633 2543 θεότητα
660 2472 754 2526 τοῦ
783 2473 1049 2526 Δεσπότου
1078 2472 1315 2544 Χριστοῦ
1345 2473 1486 2527 κατὰ
1513 2474 1605 2527 τὸν
1633 2474 1725 2527 αὑ-

142 2564 243 2618 τὸν
269 2564 468 2637 τρόπον
493 2564 616 2635 δίχα
648 2566 848 2636 σαρκὸς
887 2566 1089 2637 τροφὴν
1127 2566 1222 2619 καὶ¹
1260 2566 1421 2621 ποτὸν
1448 2567 1723 2639 εἰληφέναι

146 2655 607 2726 ἀποφαινόμενοι·
636 2656 810 2709 καίτοι
838 2657 937 2727 τῆς
975 2658 1136 2725 ἁγίας
1172 2657 1392 2728 Γραφῆς
1423 2658 1481 2710 οὑ
1522 2660 1587 2729 τῇ
1625 2658 1725 2726 φύ-

148 2765 237 2801 σει
267 2751 424 2801 τοῦτο
449 2747 794 2819 γεγενῆσθαι,
825 2752 890 2821 τῇ
927 2749 983 2803 δὲ
1008 2749 1127 2819 ὄψει
1168 2750 1301 2821 μόνῃ
1343 2749 1529 2819 σαφῶς
1581 2767 1725 2822 παρ·

148 2838 411 2911 ιστώσης.
473 2841 537 2893 Et
585 2836 798 2913 γὰρῆν
848 2841 1005 2911 φύσει
1030 2840 1099 2895 τὰ
1126 2840 1404 2911 γινόμενα,
1448 2840 1555 2895 έδει
1602 2843 1725 2905 τοὺς

143 2935 301 3004 τρεῖς
363 2932 602 2997 ἐκείνους
654 2933 850 3005 ἄνδρας
909 2929 1295 3002 ὀνομάζεσθαι,
1371 2933 1402 3005 ἢ
1462 2933 1725 3002 ἀγγέλους

2552 1308 2691 1363 XIII.

1830 1418 2096 1475 Adversus
2132 1438 2218 1476 eos
2262 1421 2352 1491 qui
2394 1420 2604 1480 dicunt.
2635 1422 2848 1493 angelos
2878 1425 3020 1491 apud
3049 1423 3411 1483 Abrahamum

1935 1493 2163 1555 edentes,
2191 1493 2366 1546 carnis
2398 1503 2647 1558 naturam
2677 1510 2781 1547 non
2810 1496 3021 1547 omnino
3048 1495 3302 1550 induisse.

1900 1648 2017 1704 Etsi
2050 1651 2344 1705 multorum
2392 1652 2772 1722 maiorumque
2823 1658 3259 1707 commentorum
3312 1668 3413 1724 pa-

1833 1750 1945 1795 tres
1978 1740 2109 1795 facti
2145 1750 2296 1807 sunt,
2327 1741 2421 1812 qui
2453 1749 2745 1812 perpetuos
2784 1742 3153 1813 legitimorum
3190 1753 3410 1813 patrum

1832 1832 1964 1887 fines
1992 1832 2293 1889 transferre
2341 1840 2469 1888 sunt
2500 1834 2703 1898 conati,
2734 1848 2846 1888 non
2877 1833 3013 1888 satis
3054 1841 3185 1888 sunt
3222 1843 3406 1889 tamen

1829 1923 1964 1993 ipsis
1995 1923 2139 1979 fetus
2177 1924 2426 1995 proprii:
2461 1924 2557 1981 sed
2605 1924 2748 1979 male
2797 1924 3025 1994 insuper
3074 1924 3409 1980 sull‘urantes

1830 2030 2021 2071 eorum
2075 2014 2169 2085 qui
2219 2029 2279 2069 se
2339 2014 2470 2068 olim
2536 2014 2852 2083 apostolicae
2914 2014 3175 2070 Ecclesiae
3223 2015 3411 2072 hostes

1829 2103 2065 2175 professi
2111 2111 2269 2167 sunt,
2309 2103 2579 2174 ignobiles
2626 2102 2771 2159 fetus
2807 2105 3107 2173 abortivos,
3139 2121 3244 2162 eos!
3286 2113 3412 2161 tan-

1829 2211 1992 2268 quam
2027 2211 2355 2267 generosum
2390 2203 2445 2250 et
2491 2195 2794 2266 perfectum
2840 2195 3155 2267 dogmatum
3190 2207 3408 2268 partum

1828 2290 2134 2361 proferunt,
2169 2305 2370 2360 perque
2400 2289 2524 2344 illos
2554 2288 2976 2344 Manichteorum
3005 2288 3203 2360 dogma
3247 2290 3409 2348 nobis

1828 2381 2079 2436 nituntur
2110 2381 2373 2443 excitare,
2405 2381 2885 2436 comminiscentes
2918 2381 3142 2451 angelos
3184 2381 3279 2451 qui
3331 2380 3412 2436 di-

1828 2480 2110 2528 verterunt
2136 2470 2202 2525 ad
2244 2470 2614 2525 Abrahamum
2650 2472 2872 2541 propria
2910 2480 3105 2526 natura
3154 2486 3253 2528 sua
3303 2473 3410 2527 ali.

1827 2563 1998 2618 menti
2028 2562 2202 2617 factos
2244 2560 2414 2617 fuisse
2444 2562 2766 2632 participes,
2802 2571 2857 2617 et
2887 2563 3007 2634 pari
3036 2562 3200 2618 modo
3229 2563 3409 2618 deita-

1827 2663 1939 2710 tem
1968 2653 2184 2708 Domini
2221 2653 2425 2709 Christi
2454 2654 2662 2723 absque
2691 2669 2857 2710 carne
2889 2654 3071 2709 cibum
3097 2660 3403 2725 potumque

1829 2744 2133 2814 sumpsisse
2155 2744 2580 2800 confirmantes:
2612 2744 2738 2799 licet
2771 2742 3056 2815 Scriptura
3091 2760 3267 2809 sacra,
3294 2761 3409 2803 non

1829 2838 2153 2891 naturaliter
2199 2836 2293 2893 sed
2328 2847 2653 2907 apparenter
2684 2837 3030 2894 solummodo
3075 2837 3130 2893 id
3178 2837 3406 2907 factum,

1829 2928 2032 2984 diserte
2057 2928 2466 2998 comprobante.
2498 2926 2554 2981 Si
2584 2929 2728 2983 enim
2762 2930 3089 2985 naturaliter
3120 2932 3228 2986 ista
3261 2929 3408 2987 facta

144 3022 647 3096 προσαγορεύεσθαι
684 3024 837 3096 (πολὺ
883 3023 989 3095 γὰρ
1027 3023 1136 3077 τῶν
1178 3023 1271 3076 δύο
1306 3023 1479 3092 γενῶν
1516 3023 1577 3076 τὸ
1613 3023 1726 3078 διά-

1830 3028 1988 3086 sunt,
2030 3027 2245 3091 oportet
2295 3028 2408 3074 tres
2464 3020 2588 3075 illos
2636 3028 2732 3074 aut
2774 3021 2925 3076 viros
2960 3022 3269 3089 nominari,
3313 3031 3408 3078 aut

145 3119 367 3188 φορονγ
417 3116 493 3179 ὡς
543 3115 741 3186 ἄνδρας
793 3116 889 3185 μὲν
935 3115 1114 3180 ὄντας,
1169 3115 1332 3187 μηδὲν
1378 3117 1520 3170 κατὰ
1565 3118 1726 3187 φύσιν

144 3199 447 3278 ἀγγελικὸῦ
487 3206 917 3261 ἐπιδείκνυσθαι·
943 3206 1207 3276 ἀγγέλους
1259 3206 1315 3261 δὲ
1363 3208 1540 3273 ὄντας,
1586 3210 1726 3263 κατὰ

150 3300 321 3372 μηδὲ-ἲν
363 3299 521 3370 μέλος
567 3297 871 3368 σωματικὸν
910 3299 1003 3351 καὶ
1044 3298 1456 3368 ἐπιφαίνεσθαι,
1513 3294 1598 3353 οἷα
1663 3300 1727 3372 δὴ

148 3392 460 3463 πνεύματα.
520 3389 646 3453 Πῶς
704 3386 796 3443 οὖν
848 3388 1081 3443 διδόασιν
1142 3389 1323 3454 αὑτοῖς
1368 3391 1507 3446 κατὰ
1567 3392 1727 3461 φύσιν

144 3484 377 3556 τροφὴν,
426 3482 500 3546 ὡς
548 3482 811 3551 ἁνδράσις
863 3481 1090 3544 Ψευδῶς
1133 3480 1310 3533 τοίνυν
1348 3482 1565 3550 ἄγγελοι
1597 3500 1726 3555 μνη-

150 3575 490 3647 μονεύονται.
541 3573 681 3626 Ἀλλ’
730 3574 805 3636 ὡς
846 3573 1132 3642 ἀγγέλοις;
1190 3572 1286 3626 καὶ
1331 3572 1415 3636 τίς
1469 3575 1727 3644 μετουσία

144 3668 427 3741 ⁸πνεύμασι
468 3666 672 3739 τροφῆς
732 3665 1039 3736 αἱσθητῆςς
1086 3665 1118 3737 ἢ
1172 3665 1314 3736 τάχα
1372 3664 1726 3736 μυθολογοῦσι

143 3762 250 3815 καὶ
279 3760 402 3824 τοὺς
430 3760 690 3828 ἀγγέλους
721 3756 1237 3828 ὲνανθρωπήσαντας
1276 3760 1606 3828 σωματικοῖς
1637 3758 1730 3829 ὀρ-

142 3856 338 3923 γάνοις
389 3853 689 3907 ἀπολαῦσαι
760 3848 1113 3919 σωματικῶν,
1146 3849 1494 3920 ὲδεσμάτων;
1551 3850 1613 3903 Et
1670 3849 1728 3902 δὲ

147 3944 608 4019 μεταϐαλλόμενοι
649 3945 823 4012 φαῖεν,
858 3940 1168 4006 ἐνδείξεως,
1211 3941 1271 3993 οὐ
1311 3941 1544 4009 φύσεως,
1588 3936 1727 3994 εἶναι

140 4038 252 4108 τὴν
286 4036 536 4106 εὐωχίαν,
565 4036 780 4097 πάντως
819 4032 852 4104 ἦ
893 4031 1301 4100 καταλείψουσιν
1349 4032 1426 4095 ὡς
1462 4032 1728 4086 ἀνοίκειον

139 4129 212 4182 τὸ
245 4124 669 4199 παράδειγμα,ἢ
720 4124 813 4176 ἐπὶ
849 4122 941 4176 τοῦ
988 4122 1237 4192 Σωτῆρος
1278 4122 1577 4192 φαντασίαν
1609 4123 1729 4176 ἀντὶ⁹

142 4221 254 4291 τῆς
302 4219 557 4289 ἀληθείας
604 4216 984 4285 ἐπεισάγοντες
1028 4213 1430 4285 εὑρεθήσονται.
1464 4215 1587 4278 Πῶς
1635 4211 1728 4269 οὖν

140 4314 422 4385 τολμῶσιν
466 4313 664 4374 ἕλκειν,
708 4309 783 4373 ὡς
820 4311 1003 4380 ὅμοιον
1033 4308 1096 4362 τὸ
1132 4309 1419 4379 ἁνόμοιον;
1454 4308 1519 4361 Τί
1552 4309 1727 4362 κοινὸν

1828 3111 2051 3182 angelos
2094 3111 2400 3180 nuncupari
2456 3109 2712 3182 (multum
2764 3110 2909 3165 enim
2952 3112 3097 3168 inter
3143 3114 3253 3170 duo
3289 3114 3406 3173 haec

1828 3217 2027 3273 genera
2059 3209 2145 3258 est
2176 3201 2533 3273 discriminis)
2578 3201 2683 3257 etsi
2738 3200 2960 3272 quidem
3008 3204 3112 3258 viri
3167 3204 3401 3272 fuerint,

1827 3296 1962 3349 nihil
1996 3295 2140 3365 quod
2188 3295 2254 3349 ad
2289 3300 2543 3348 naturam
2596 3294 2897 3364 angelicam
2950 3296 3275 3366 ostendere;
3319 3299 3407 3355 sin

1827 3388 2038 3459 angeli,
2087 3383 2239 3441 nullo
2286 3401 2553 3456 corporeo
2611 3386 2858 3442 membro
2908 3403 3063 3444 more
3113 3389 3406 3459 spirituum

1826 3495 2089 3551 apparere
2122 3480 2243 3534 illos
2270 3478 2534 3549 oportuit.
2564 3477 2854 3544 Quomodo
2883 3479 3052 3550 igitur
3081 3481 3264 3536 cibum
3296 3482 3407 3539 illis

1827 3572 1983 3626 daret
2022 3571 2321 3627 secundum
2353 3570 2642 3625 naturam?
2664 3570 2915 3640 nunquid
2966 3579 3026 3624 ut
3059 3572 3225 3627 viris?
3264 3571 3407 3631 falso

1828 3661 1995 3732 igitur
2041 3661 2219 3731 angeli
2263 3660 2433 3716 fuisse
2469 3667 2862 3716 memorantur.
2906 3658 3163 3732 Nunquid
3203 3673 3263 3719 ut
3306 3678 3406 3718 an-

1827 3756 2000 3826 gelis?
2030 3770 2203 3825 ecqua
2231 3754 2515 3824 spiritibus
2542 3767 2668 3808 cum
2704 3754 2952 3810 sensibili
2981 3754 3109 3810 cibo
3132 3764 3216 3812 est
3255 3771 3407 3812 com-

1828 3848 2050 3903 munio?
2080 3847 2187 3901 nisi
2229 3845 2368 3902 torte
2398 3853 2452 3901 et
2494 3847 2718 3916 angelos
2763 3845 3017 3902 homines
3062 3846 3240 3907 factos
3276 3862 3402 3903 cor-

1830 3938 2111 4009 poralibus
2156 3938 2378 4007 organis
2424 3937 2549 3993 cibo
2598 3937 2870 4006 corporali
2911 3935 3021 3991 frui
3067 3935 3401 3993 fabulantur.

1831 4023 1890 4079 Si
1922 4031 2132 4079 mutata
2166 4024 2436 4079 sententia
2471 4023 2730 4090 dixerint,
2763 4039 2875 4079 non
2930 4040 3121 4081 revera
3158 4035 3214 4082 et
3243 4035 3406 4083 natu-

1829 4117 2039 4180 raliter,
2085 4116 2178 4171 sed
2211 4123 2537 4185 apparenter
2587 4116 2724 4172 istos
2766 4123 3015 4185 epulatos
3063 4115 3277 4175 fuisse:
3309 4127 3405 4175 aut

1829 4210 2144 4278 relinquant
2177 4216 2393 4277 oportet
2435 4207 2742 4278 exemplum
2777 4207 3097 4277 angelorum
3139 4216 3201 4263 ut
3242 4224 3402 4280 pere-

1830 4302 2071 4372 grinum,
2103 4308 2199 4354 aut
2224 4300 2280 4354 in
2307 4299 2608 4369 Salvatore,
2632 4300 2756 4355 loco
2774 4300 3042 4364 veritatis,
3059 4300 3404 4370 phantasiam

144 4375 268 4477 ιεχεὶ
304 4405 436 4476 πρὸς
468 4404 565 4474 τὴν
612 4375 867 4473 μεγάλην⁷
899 4399 1101 4469 ταύτην
1150 4375 1456 4467 οἰκονομίαν
1505 4400 1538 4469 ὴ
1587 4400 1726 4454 κατὰ

1830 4392 2089 4448 inducere
2132 4392 2556 4462 comperientur.
2608 4390 2727 4458 Qua
2780 4391 2949 4461 igitur
2997 4391 3180 4449 fronte
3232 4392 3402 4450 dissi-

141 4501 279 4562 τοὺς
309 4496 569 4567 ἀγγέλους
602 4496 659 4547 ὲν
710 4496 978 4563 σχήμασιν
1022 4491 1261 4563 ἱστορίας
1292 4492 1383 4561 Μὴ
1414 4492 1722 4560 φαίνονταις

143 4591 315 4653 πότε;
342 4588 378 4660 ἢ
415 4586 552 4652 ποῦς
582 4586 615 4655 ἢ
652 4584 801 4655 παρὰ
828 4582 971 4646 τίνος
1000 4582 1316 4652 ἐτέχθησαν,
1351 4583 1426 4646 ὡς
1450 4585 1479 4636 ό
1525 4585 1726 4638 Δεσπό-

143 4697 252 4750 της
292 4677 562 4749 Χριστός;
605 4675 697 4747 Μὴ
740 4676 849 4746 ἁφῇ
885 4674 1024 4728 κατὰ
1073 4674 1165 4728 τὸν
1202 4673 1313 4726 ῖσον
1347 4673 1726 4745 ὑπεϐλήθησαν

143 4768 387 4840 τρόπον;
421 4767 515 4837 Μὴ
568 4763 863 4835 περιτομὴν
915 4760 1196 4827 ὲδέξαντος
1251 4762 1325 4834 μὴ
1379 4764 1724 4837 προκοπὴνῆ

146 4861 380 4933 αῠξησιν
444 4858 831 4925 ὲπεδείξαντος
896 4855 969 4927 μὴ
1042 4855 1435 4926 νηστεύσαντες
1502 4856 1727 4927 ὕστερον

146 4954 446 5007 ἐπείνασαν
469 4968 484 5017 ;
521 4950 596 5022 μὴ
620 4949 979 5012 κοπιάσαντες
1005 4948 1064 5015 ἐξ
1093 4947 1398 5019 ὁδοιπορίας
1428 4948 1685 5019 ὲδίψησαν
1709 4965 1724 5015 ;

152 5047 231 5117 μὴ
266 5044 357 5099 τὸν
384 5043 549 5097 ὕπνον
581 5042 657 5106 ὡς
701 5043 899 5095 οἰκεῖον
927 5039 1259 5111 ὲγνώρισαν;
1293 5039 1367 5110 μὴ
1412 5042 1605 5111 πεῖραν
1634 5056 1729 5111 μα-

149 5138 354 5206 στίγων
376 5135 596 5201 έλαϐθν;
624 5133 699 5206 μὴ
720 5132 948 5187 θανάτου
978 5129 1724 5203 παραπλησίωςιὲγεύσαντος

150 5231 231 5304 μὴ
275 5231 419 5300 ταφῇ
458 5228 866 5301 παρεδόθησαν;
919 5224 992 5296 μὴ
1044 5223 1363 5292 κατέλειψαν
1408 5223 1598 5293 ἱμάτια
1649 5226 1728 5287 είς

147 5321 382 5384 πολλοὺς
440 5317 804 5391 μεριζόμενα,
854 5315 1170 5369 διδάσκοντα
1216 5316 1282 5384 τῇ
1334 5312 1519 5384 πείρᾳ,
1563 5313 1728 5384 μηδὲν

145 5418 292 5472 νοεῖν
331 5413 474 5467 κατὰ
499 5411 739 5481 δόκησιν,
774 5410 909 5464 ἀλλὰ
950 5408 1126 5462 πάντα
1160 5406 1281 5461 καθ’
1311 5406 1605 5459 ὑπόστασιν
1634 5406 1730 5458 καὶ

143 5506 448 5579 ἀλήθειαν;
482 5504 545 5558 Εί
582 5503 691 5575 γὰρ
735 5502 952 5574 δοκήσει
1007 5500 1163 5572 σῶμα
1210 5495 1353 5569 εἶχεν
1396 5500 1425 5553 ό
1475 5497 1727 5570 Χριστὸς,

225 5665 359 5739 (25⁸)
402 5662 586 5729 Forte,
619 5662 780 5718 visio.

1827 4484 1957 4539 mile
2005 4491 2266 4553 tanquam
2313 4482 2494 4538 simile
2538 4481 2606 4537 ad
2653 4481 2936 4538 Christum
2981 4483 3185 4538 audent
3218 4485 3404 4540 detor-

1825 4577 2028 4647 quere?
2048 4574 2188 4642 Quid
2217 4589 2342 4630 cum
2374 4571 2641 4643 stupenda
2669 4574 2976 4629 (economia
3001 4581 3167 4646 atque
3186 4575 3403 4647 dispen-

1824 4668 2037 4721 satione
2094 4679 2383 4721 commune
2440 4663 2605 4718 habet
2661 4663 2753 4717 illa
2809 4664 3128 4735 angelorum
3195 4665 3398 4720 visibili

1825 4758 2007 4828 specie
2021 4756 2396 4827 apparentinm
2421 4754 2651 4810 historia
2667 4755 2845 4827 (25‘)?
2869 4754 3403 4827 Conspicinnturne?

1826 4849 2080 4920 quando?
2108 4854 2202 4904 aut
2227 4847 2356 4903 ubi?
2376 4855 2467 4901 aut
2491 4862 2556 4903 ex
2585 4861 2692 4917 qua
2723 4848 2836 4902 nati
2871 4855 3022 4912 sunt,
3048 4854 3108 4901 ut
3136 4846 3400 4913 Dominus

1825 4940 2114 4997 Christus?
2137 4937 2277 4995 Num
2310 4942 2501 4994 eodem
2532 4938 2610 4994 illi
2636 4938 2798 4993 modo
2827 4938 2997 4994 tactui
3028 4937 3249 4993 fuerunt
3274 4938 3401 4996 sub-

1824 5032 1992 5104 jecti?
2038 5030 2180 5087 Num
2225 5029 2537 5087 circumcisi
2581 5028 2747 5086 sunt?
2792 5043 2862 5084 an
2904 5027 3256 5099 profecerunt
3304 5036 3399 5084 aut

1828 5125 2153 5182 creverunt?
2179 5140 2310 5181 num
2350 5140 2473 5181 cum
2499 5125 2875 5195 jejunassent,
2919 5119 3139 5175 tandem
3187 5120 3398 5177 esurie-

1826 5219 1989 5275 runt?
2032 5233 2161 5272 num
2207 5217 2371 5288 508
2410 5233 2478 5273 ex
2512 5216 2709 5271 itinere
2758 5213 2886 5270 fessi
2938 5211 3228 5268 sitierunt?
3262 5228 3396 5268 num

1828 5312 2133 5369 naturalem
2161 5324 2413 5365 somnum
2447 5309 2651 5378 experti
2683 5306 2847 5362 sunt?
2882 5320 3013 5360 num
3050 5302 3236 5375 ﬂagris
3255 5306 3397 5362 παιδί

1829 5401 1995 5457 sunt?
2034 5414 2166 5454 num
2211 5398 2401 5454 eodem
2452 5412 2564 5467 quo
2613 5396 2704 5451 ille
2736 5395 2898 5450 modo
2928 5401 3158 5449 mortem
3210 5404 3396 5465 gusta-

1828 5493 1991 5549 runt?
2018 5506 2147 5547 num
2174 5491 2462 5561 sepulturae
2492 5495 2619 5545 sunt
2650 5486 2877 5544 traditi?
2904 5502 3030 5543 num
3059 5486 3397 5559 reliquerunt
