3842 6186
463 266 602 324 1579
1547 255 1612 310 S.
1653 253 2100 308 ATHANASIUS

459 377 786 436 vestimenta
837 373 978 429 inter
1033 371 1214 443 plures
1265 370 1600 426 distributa?
1652 384 1773 440 qua:
1841 383 2038 438 magno
2067 374 2108 430 Α

388 459 398 466 ’
460 474 782 542 argumento
815 473 976 527 sunt,
1029 462 1164 516 nihil
1212 462 1267 514 in
1315 462 1537 515 Clll‘lSlO
1587 458 2032 528 phantastieum,

458 574 589 614 vera
623 565 804 612 autem
848 565 902 610 et
935 554 1317 608 substantialia
1351 554 1533 607 omnia
1565 549 1942 621 intelligenda.
1979 549 2038 602 Si

459 653 606 707 enim
638 659 698 704 ut
736 649 912 720 angeli
956 649 1195 702 virorum
1247 646 1482 716 speciem
1529 645 1788 714 opinione
1829 643 2035 696 indue-

459 750 620 804 runt,
669 741 742 794 ita
778 741 1033 794 Christus
1087 738 1344 808 Opinione
1392 753 1594 808 corpus
1643 736 1832 790 habuit
1877 754 1889 790 :
1928 751 2040 790 non

459 840 753 905 potuerunt
795 832 966 886 videri
1011 840 1066 885 et
1107 832 1275 885 tactui
1325 830 1520 898 subjici
1565 830 1888 885 vestimenta
1933 827 2040 881 Do-

458 926 616 991 mini,
646 923 1102 996 quemadmodum
1138 939 1238 977 nec
1269 923 1584 992 angelorum
1620 921 1760 974 mole
1792 919 2039 989 corporis

458 1017 784 1070 carentium.
816 1014 934 1080 Quo
967 1016 1132 1085 igitur
1170 1022 1328 1084 pacto
1356 1029 1442 1066 res
1474 1014 1618 1065 inter
1648 1027 1706 1065 se
1735 1010 2038 1066 dissimiles

459 1107 804 1178 impudenter
832 1106 1145 1169 conferunt,
1179 1116 1232 1159 et
1265 1120 1386 1174 quae
1421 1103 1590 1157 tantis
1619 1101 1878 1156 distincta
1910 1108 2039 1156 sunt

462 1200 640 1253 modis
676 1199 1007 1268 conjungere
1045 1198 1345 1260 conantur?
1373 1198 1483 1266 Age
1519 1209 1644 1250 vero
1678 1197 1842 1250 verba
1881 1196 2025 1251 inter

461 1308 520 1348 se
570 1300 755 1346 nostra
807 1298 860 1345 ct
908 1291 1122 1343 illorum
1175 1289 1546 1344 conferamus.
1603 1287 1714 1342 Nos
1775 1289 2036 1354 dicimus,

459 1381 744 1436 Dominum
783 1397 910 1434 vere
961 1379 1261 1435 secundum
1305 1395 1525 1434 carnem
1574 1379 1912 1444 comedisse,
1961 1381 2038 1434 si-

456 1473 675 1543 quidem
711 1472 813 1526 hoc
855 1473 1002 1525 omni
1033 1471 1187 1524 carni
1222 1471 1526 1540 proprium;
1564 1469 1641 1522 illi
1693 1469 1882 1524 dicunt
1931 1483 2032 1522 an-

457 1565 607 1635 gelos
652 1564 992 1628 comedisse,
1042 1562 1314 1633 siquidem
1367 1570 1501 1614 tunc
1551 1576 1666 1615 rem
1719 1560 2037 1630 hujusmodi

461 1657 776 1725 angelorum
819 1663 1016 1708 natura
1055 1653 1296 1708 admisit.
1346 1651 1902 1723 Nos.experientiam
1952 1660 2038 1709 te-

456 1723 594 1803 stem
626 1747 927 1812 habemus;
963 1745 1041 1798 illi
1069 1752 1122 1800 et
1160 1745 1436 1798 rationum
1465 1753 1520 1798 et
1569 1745 1843 1798 factorum
1879 1747 2037 1799 testi-
2068 1723 2109 1777 Β

455 1840 640 1893 monio
673 1838 1066 1894 destituuntur.
1096 1835 1207 1892 Nos
1237 1837 1346 1891 illis
1376 1844 1430 1891 et
1461 1835 1662 1889 famem
1700 1845 1756 1891 et
1785 1837 1934 1891 sitim
1965 1853 2034 1891 ex

455 1930 676 1986 Litteris
709 1929 883 1984 sacris
925 1927 1287 1998 proferimus;
1320 1928 1397 1981 illi
1439 1937 1693 1982 neutrum
1733 1927 1932 1981 horum
1965 1929 2033 1983 de

455 2021 663 2091 angelis
692 2029 919 2089 possunt
946 2019 1344 2073 demonstrare.
1378 2017 1486 2073 Nos
1520 2018 1787 2082 membra,
1829 2033 2032 2072 secun-

454 2111 585 2166 dum
628 2125 971 2166 communem
1006 2109 1288 2163 hominum
1328 2107 1752 2174 formationem;
1805 2108 1884 2162 illi
1935 2124 2034 2162 na-

453 2212 634 2256 turam
686 2201 1039 2272 angelorum,
1086 2215 1251 2270 quam
1307 2200 1550 2254 membra
1617 2199 1820 2254 habere
1871 2217 2034 2255 nemo

454 2297 742 2366 quisquam
778 2309 947 2348 ausus
985 2292 1148 2347 fuerit
1188 2292 1474 2347 afﬁrmare.
1504 2291 1745 2348 Membra
1777 2304 1954 2349 autem
1987 2294 2034 2350 si

453 2388 654 2452 desint,
693 2386 824 2457 quid
855 2393 939 2441 est
971 2385 1114 2455 quod
1158 2385 1554 2440 nutrimentum
1590 2385 1862 2456 recipiat?
1901 2386 2034 2456 quid

452 2479 597 2549 quod
641 2478 1010 2533 comminuat?
1041 2476 1172 2547 quid
1215 2475 1362 2548 quod
1413 2477 1659 2549 digerat?
1707 2477 1838 2549 quid
1889 2477 2036 2548 quod

451 2569 718 2624 retineat?
745 2569 876 2639 quid
922 2567 1066 2640 quod
1115 2567 1532 2622 concoctionem
1583 2567 1868 2638 perficiat?
1905 2567 2038 2638 quid

451 2663 596 2735 quod
629 2664 858 2734 reliqua,
905 2677 1024 2733 quae
1058 2661 1283 2716 honoris
1328 2675 1497 2716 causa
1527 2661 1719 2716 taceo?
1749 2661 2030 2728 Quemad-

2141 282 2210 294 —
2249 254 2522 309 SPURIA.
3633 257 3745 312 εδει

2138 367 2325 441 ὥσπερ
2353 369 2574 440 δοκήσει
2605 368 2791 440 σχῆμα
2819 369 3029 440 ἀνδρῶν
3074 368 3125 421 οἱ
3171 368 3426 438 ἄγγελοι,
3473 369 3603 424 ἔδει
3635 371 3754 441 μηᾶ

2145 459 2239 512 τοῦ
2276 461 2479 532 Κυρίου
2511 462 2740 532 φανῆναί
2788 479 2848 514 τε
2890 463 2983 515 καὶ
3025 463 3136 532 ἀφῇ
3195 461 3599 533 ὑποϐληθῆναι
3647 465 3759 532 ἱμά-

2140 567 2253 614 τια,
2280 551 2532 623 καθάπερ
2568 552 2660 604 ἐπὶ
2698 551 2805 605 τῶν
2848 552 3154 622 ἀσωμάτων
3197 553 3464 621 ἀγγέλων
3518 553 3752 622 ἐγένετο.

2141 643 2267 706 Πῶς
2297 640 2390 696 οὖν
2419 643 2479 696 τὸ
2519 645 2684 716 μηδὲν
2710 645 2887 708 ἐοικὸς
2912 647 3088 697 ἐκεῖνο
3115 644 3193 716 τῷ
3231 646 3616 718 προκειμένῳ
3643 649 3752 699 ἐπι-

2145 735 2404 806 φέρουσιν
2431 735 2683 800 ἀναιδῶς,
2716 737 2810 789 καὶ
2836 736 3126 789 συνάπτειν
3160 737 3480 808 πειρῶνται
3515 737 3595 790 τὰ
3627 740 3753 790 κατὰ

2149 827 2439 890 τοσούτους
2463 829 2696 899 τρόπους
2731 829 3194 899 παρηλλαγμένα;
3224 830 3334 881 Καὶ
3368 831 3755 901 σκοπήσωμεν

2141 921 2206 973 ἐκ
2251 918 2601 990 παραλλήλου
2647 919 2775 982 τοὺς
2802 918 3065 989 ήμῶνιτε
3114 919 3207 972 καὶ
3250 919 3499 973 ἐκείνων
3545 922 3752 989 λόγους.

2154 1014 2346 1083 Ἡμεῖς
2377 1028 2555 1080 φαμεν
2579 1011 2794 1082 ἀληθῶς
2814 1011 3150 1082 βεϐρωκέναι
3165 1012 3307 1064 κατὰ
3327 1012 3437 1082 τὴν
3463 1013 3661 1084 σάρκα
3676 1014 3754 1066 τον

2141 1101 2370 1172 Κύριον,
2396 1101 2582 1171 ἐπειδὴ
2607 1100 2764 1153 τοῦτο
2785 1101 2964 1171 πάσης
2987 1101 3184 1171 σαρκός
3206 1118 3220 1131 ·
3249 1103 3462 1155 ἐκεῖνοί
3504 1121 3652 1172 φασι
3676 1103 3754 1172 βε-

2143 1194 2416 1265 ϐρωκέναι
2469 1194 2595 1257 τοὺς
2637 1193 2936 1262 ἀγγέλους,
2982 1193 3168 1263 ἐπειδὴ
3221 1193 3343 1246 τότε
3398 1195 3470 1247 τὸ
3515 1196 3754 1248 τοιοῦτον

2141 1286 2301 1355 φύσις
2329 1284 2574 1355 ἀγγέλων
2599 1286 2834 1353 ἐδέξατο.
2874 1287 3062 1356 Ἡμεῖς
3095 1285 3354 1356 μάρτυρα
3401 1286 3516 1356 τὴν
3566 1291 3754 1358 πεῖραν

2141 1378 2335 1450 ἔχομεν
2361 1393 2374 1405 '
2407 1378 2561 1432 αὐτοὶ
2602 1379 2695 1431 καὶ
2741 1379 2916 1446 λόγων
2952 1377 3126 1431 ἀλλων
3170 1377 3264 1429 καὶ
3299 1377 3493 1448 ἔργων
3548 1397 3755 1451 μαρτυ-

2143 1469 2379 1542 ρούντων
2426 1469 2609 1532 αὐτοῖς
2658 1469 2975 1540 ἀποροῦσιν.
3018 1469 3208 1539 Ἡμεῖς
3259 1471 3357 1521 καὶ
3413 1473 3625 1522 πεῖναν
3667 1475 3755 1523 καὶ

2140 1563 2298 1632 δίψαν
2344 1562 2409 1614 ἐκ
2466 1560 2575 1613 τῶν
2617 1559 2786 1628 ἁγίων
2835 1560 3192 1632 παριστῶμεν
3238 1561 3485 1632 Γραφῶν
3537 1565 3754 1626 αὐτῷ*

2140 1655 2337 1707 ἐκεῖνοι
2362 1652 2566 1706 τούτων
2592 1652 2870 1723 οὐδέτερον
2897 1654 2990 1705 ἐπὶ
3017 1652 3130 1706 τῶν
3173 1654 3426 1721 ἀγγέλων
3454 1653 3640 1718 δεῖξαι
3676 1655 3758 1707 δυ·

2139 1745 2412 1815 νήσονται,
2456 1743 2649 1811 Ἡμεῖς
2682 1743 2817 1812 μέλη
2847 1742 2988 1795 κατὰ
3023 1745 3122 1814 τὴν
3150 1743 3243 1796 τοῦ
3286 1744 3504 1807 παντὸς
3537 1745 3754 1816 ἀνθρὼ-

2141 1854 2246 1890 που
2293 1836 2612 1890 διάπλασιν·
2664 1835 2864 1888 ἐκεῖνοι
2914 1835 3075 1904 φύσιν
3117 1836 3408 1904 ἀγγέλων,
3461 1837 3534 1907 ἢν

2141 1928 2286 1998 ἔχειν
2315 1927 2451 1998 μέλη
2495 1924 2828 1996 τετόλμηκεν
2868 1925 3270 1997 ἀποφήνασθαι.
3315 1927 3525 1980 Μελῶν
3574 1928 3636 1980 δὲ
3681 1928 3756 1996 μὴ

2141 2019 2330 2080 ὄντων,
2377 2018 2430 2070 τί
2473 2017 2533 2069 τὸ
2569 2016 2928 2086 προσιέμενον
2961 2015 3060 2088 τὴν
3086 2020 3291 2089 τροφήν
3315 2034 3331 2082 ;
3356 2019 3411 2070 τί
3447 2019 3513 2071 τὸ
3554 2018 3759 2072 λεπτύ-

2141 2126 2267 2173 νον;
2300 2110 2352 2162 τί
2389 2110 2450 2162 τὸ
2478 2110 2718 2175 πέπτον;
2747 2109 2800 2162 τί
2850 2111 2911 2162 τὸ
2960 2109 3219 2181 κατέχον;
3253 2111 3306 2162 τί
3349 2111 3412 2164 τὸ
3446 2111 3555 2183 τὴν
3590 2113 3759 2180 πέψιν

2140 2201 2542 2274 ἐργαζόμενον;
2579 2203 2632 2254 τί
2661 2202 2722 2255 τὸ
2760 2202 2908 2273 ἑξῆς,
2955 2203 3094 2274 ὅπερ
3129 2205 3350 2273 τιμήσω
3391 2207 3461 2275 τῇ
3519 2209 3755 2275 cun-xi};

2142 2295 2358 2366 Ὠσπερ
2399 2289 2490 2348 οὖν
2537 2295 2730 2367 ἄνδρες
2764 2295 3025 2364 φανέντες
3060 2297 3109 2349 οἱ
3167 2297 3413 2365 ἄγγελοι,
3447 2300 3558 2352 οὐκ
3605 2295 3756 2369 ἦσαν

2141 2385 2334 2456 ἄνδρες
2380 2388 2448 2456 τῇ
2496 2385 2689 2455 φύσει·
2735 2386 2907 2450 οὕτως
2956 2385 3078 2438 οὐδὲ
3109 2385 3310 2440 ἐσθίειν
3358 2389 3754 2458 νομισθέντες,

2141 2473 2329 2545 ἢσθιον
2374 2473 2560 2543 φύσει·
2605 2475 2700 2530 τὸν
2729 2475 3001 2545 φιλόξενον
3029 2476 3085 2528 δὲ
3111 2477 3310 2546 τρόπον
3350 2479 3447 2531 τοῦ
3488 2480 3756 2552 Ἀϐρααμ

2143 2567 2345 2638 ἐτίμων
2378 2566 2454 2638 τῷ
2493 2569 2736 2639 σχήματι
2781 2569 2880 2640 τῆς
2915 2571 3224 2640 μετουσίας,
3269 2571 3524 2645 ζηλωτὴν
3579 2575 3752 2627 ain-5'3

2143 2659 2242 2730 τὴν
2271 2660 2472 2731 ἀρετὴν
2501 2662 2914 2730 ἀποφαίνοντες.

451 2757 671 2808 modum
718 2755 882 2824 igitur
927 2752 1140 2824 angeli,
1192 2767 1317 2807 cum
1368 2752 1473 2807 viri
1519 2767 1644 2807 esse
1693 2752 2027 2815 viderentur,
2095 2752 2198 2806 viri
2232 2759 2412 2807 tamen
2447 2760 2643 2807 natura
2682 2769 2795 2808 non
2843 2753 3103 2810 fuerunt:
3141 2755 3216 2809 ita
3254 2757 3320 2810 'et
3373 2771 3499 2810 cum
3556 2758 3748 2811 cibum

450 2859 644 2915 capere
693 2845 1160 2910 existimarentur,
1218 2858 1409 2900 revera
1477 2859 1586 2897 non
1650 2844 2026 2899 comederunt.
2103 2843 2543 2915 Hospitalitatem
2609 2853 2793 2901 autem
2829 2847 3129 2902 Abrahami
3171 2847 3561 2914 honorabant,
3610 2864 3746 2903 con.

452 2940 608 2994 sortii
679 2941 860 3011 specie
925 2939 1183 2994 virtutem
1254 2937 1375 3006 ejus
1449 2935 1773 2991 imitandam
1841 2937 2211 2994 declarantes.

1111 3064 1122 3074 -
1150 3047 1304 3119 lxxv.

451 3143 717 3198 Adversus
749 3159 836 3196 eos
871 3142 959 3212 qui
991 3141 1195 3212 nullum
1229 3157 1333 3194 non
1370 3139 1684 3194 miraculum
1715 3141 2034 3196 imminuunt

891 3228 950 3264 eo
979 3211 1116 3281 quod
1140 3227 1350 3264 carnem
1380 3220 1585 3280 negent.

519 3305 722 3362 Verum
763 3321 829 3359 ne
866 3304 1128 3359 miracula
1165 3303 1383 3374 quidem
1414 3301 1626 3356 Domini
1678 3301 1892 3356 insidiis
1916 3303 2033 3358 suis

450 3401 624 3456 libera
665 3406 718 3454 et
755 3397 909 3451 firma
945 3397 1304 3467 reliquerunt,
1334 3396 1428 3465 qui
1479 3395 1546 3448 ab
1600 3395 2032 3450 orthodoxorum

454 3489 626 3543 choro
674 3486 740 3540 ad
786 3485 1132 3541 adversarios
1166 3501 1225 3540 se
1267 3484 1625 3554 conjecerunt
1673 3503 1684 3537 :
1733 3484 1830 3539 sed
1880 3500 2033 3539 com-

448 3582 654 3653 pressis
683 3580 1083 3650 coarctatisque
1118 3579 1216 3643 iis,
1256 3578 1452 3633 horum
1487 3593 1596 3632 non
1625 3576 1880 3632 viderunt
1910 3592 2027 3630 ma-

448 3672 812 3744 gnitudinem,
852 3687 948 3742 per
991 3687 1113 3741 quae
1156 3671 1340 3726 carnis
1391 3669 1822 3738 assumptionem
1869 3684 2032 3739 nega-

448 3771 614 3829 runt;
657 3763 845 3817 deitati
882 3763 984 3817 soli
1022 3763 1137 3817 haec
1169 3762 1530 3817 ascribentes.
1575 3759 1685 3815 Nos
1729 3775 1860 3815 vero
1898 3775 2032 3814 con-

449 3854 756 3910 sideremus
784 3869 947 3924 opera
981 3855 1120 3924 ipsa,
1165 3853 1438 3922 quomodo
1473 3853 1542 3906 ab
1578 3851 1738 3906 initio
1765 3851 1834 3905 ad
1867 3850 2030 3907 finem

448 3961 624 4017 usque
652 3946 998 4018 praeclariora
1036 3945 1359 4009 reddantur,
1390 3944 1576 4000 carnis
1607 3943 1983 4012 assumptione
2011 3962 2024 3996 :

448 4041 640 4095 viliora
692 4053 821 4093 vero
874 4036 1241 4106 reperiantur,
1300 4035 1492 4090 eadem
1546 4033 1768 4103 rejecta.
1825 4031 2025 4086 Partus

448 4129 688 4200 Virginis
737 4143 994 4200 magnum
1020 4134 1074 4181 et
1119 4127 1334 4182 celebre
1379 4132 1464 4180 est
1497 4124 1819 4179 oeconomia).
1864 4130 2028 4193 atque

448 4219 873 4288 dispensationis
919 4216 1226 4272 exordium.
1272 4214 1331 4268 Si
1379 4222 1568 4269 natum
1637 4214 1777 4268 nihil
1823 4221 1908 4269 est
1961 4215 2028 4270 de

448 4307 673 4377 Virgine
729 4314 955 4372 sancta,
1003 4307 1127 4374 quis
1187 4319 1515 4374 magnopere
1575 4288 1808 4359 miratus
1861 4302 2027 4357 fuerit

449 4407 665 4468 partum
698 4396 885 4449 illum?
922 4411 1048 4449 cum
1079 4409 1178 4450 nec
1219 4400 1450 4448 matrem
1494 4394 1643 4448 illam
1685 4408 1813 4448 vere
1842 4392 2026 4447 dicere
2057 4406 2101 4460 ι)

450 4488 646 4559 possit,
677 4502 796 4556 qua:
836 4485 1308 4541 consubstantiale
1341 4485 1480 4538 nihil
1525 4500 1592 4539 ex
1641 4499 1701 4539 se
1735 4484 2026 4554 prodeunti

449 4580 886 4635 communicasse
935 4578 1270 4647 intelligatur
1309 4596 1322 4630 :
1359 4593 1458 4632 nec
1509 4577 1842 4646 stupendum
1895 4576 2028 4647 quid

451 4685 576 4726 esse
608 4669 914 4732 existimes,
940 4683 1060 4722 eam
1091 4683 1211 4737 qua:
1239 4666 1409 4722 Mater
1441 4667 1582 4721 facta
1613 4669 1704 4731 sit,
1741 4666 2025 4737 Virginem

2057 3057 2102 3118 C

453 4774 695 4823 manere,
728 4757 996 4828 siquidem
1030 4757 1266 4812 Verbum
1299 4773 1399 4813 sua
1429 4773 1529 4812 nos
1573 4758 1862 4826 praasemia
1897 4757 2024 4811 abs-

449 4867 558 4922 que
589 4849 836 4906 sensibili
867 4865 1094 4919 corpore
1122 4849 1400 4919 dignatum
1433 4856 1538 4904 est.
1565 4847 1804 4903 Rursum
1835 4847 2025 4918 paucis

449 4944 654 4998 dictum
687 4950 804 5006 est,
851 4940 1032 4997 Jesum
1068 4939 1366 5010 profecisse
1413 4947 1596 5003 aetate,
1646 4940 1918 5009 sapientia
1967 4949 2022 4994 et

448 5036 645 5104 gratia.
691 5032 749 5088 Si
778 5049 997 5088 carnem
1042 5032 1357 5094 sustuleris,
1387 5031 1512 5101 quis
1545 5031 1599 5083 in
1650 5030 1811 5084 laude
1860 5036 2026 5100 ponet

450 5125 785 5179 incrementa
844 5134 898 5178 et
961 5123 1395 5178 meliorationem
1473 5120 1695 5176 deitatis
1760 5136 1882 5190 quae
1956 5120 2025 5174 ab

447 5224 652 5270 aeterno
698 5215 934 5286 perfecta
981 5224 1097 5282 est,
1143 5231 1264 5285 qua:
1298 5230 1409 5270 non
1456 5214 1630 5285 pluris
1679 5212 1859 5284 indiga
1909 5220 2020 5276 est,

447 5321 570 5376 qua:
618 5307 752 5360 nihil
805 5307 1024 5362 aliunde
1075 5307 1292 5363 auferre
1348 5315 1442 5361 aut
1500 5306 1748 5376 accipere
1804 5303 2023 5376 potest?

447 5400 800 5468 Consequens
838 5405 924 5454 est
976 5399 1142 5468 igitur
1188 5415 1409 5454 carnem
1461 5414 1606 5461 esse,
1649 5398 1810 5466 cujus
1853 5413 2020 5453 causa

447 5490 726 5563 profectus
755 5491 846 5544 ille
890 5491 1218 5554 celebratur,
1261 5498 1483 5560 propter
1523 5489 1642 5558 ejus
1673 5505 1796 5542 cum
1843 5489 2021 5544 Verbo

449 5582 728 5636 unionem.
758 5582 822 5635 Et
852 5584 1143 5637 maximum
1171 5588 1422 5638 novimus
1447 5582 1845 5644 testimonium,
1873 5584 2018 5653 quod

449 5673 694 5753 nu_IlQ___s_e
737 5689 976 5747 unquam
1010 5685 1236 5748 peccato
1269 5674 1681 5742 contaminarit,
1713 5675 1859 5746 quod
1892 5691 2018 5731 cum

2860 3051 3005 3108 XIV.

2135 3143 2295 3211 Πρὸς
2334 3143 2477 3210 τοὺς
2511 3148 2953 3226 σμικρρνρντας
2985 3145 3248 3226 ἕκαστον
3277 3148 3495 3219 θαῦμα,
3527 3148 3616 3214 τῷ
3641 3151 3746 3219 ἀρ·

2621 3216 2854 3269 νεῖσθαι
2886 3216 3002 3284 τὴν
3035 3217 3256 3285 σάρκα.

2219 3305 2377 3359 Ἀλλὰ
2407 3306 2513 3378 μὴν
2547 3307 2668 3360 οὐδὲ
2698 3308 2766 3361 τὰ
2797 3307 3053 3379 θαύματα
3103 3310 3196 3363 τοῦ
3247 3311 3458 3382 Κυρίου
3497 3314 3744 3366 καταλε-

2132 3397 2352 3451 λοίπασι
2389 3397 2490 3468 τῆς
2535 3401 2666 3469 παρ’
2696 3401 2879 3454 αὐτῶν
2928 3400 3221 3472 ἐπιϐουλῆς
3252 3402 3517 3474 ὲλεύθερὰ
3549 3422 3611 3458 τε
3645 3409 3747 3460 καὶ

2133 3489 2483 3560 ἀνενόχλητα,
2522 3491 2573 3542 οἱ
2621 3491 2761 3563 πρὸς
2793 3493 2892 3563 τὴν
2937 3493 3186 3547 ἐναντίαν
3217 3497 3413 3566 μοῖραν
3442 3496 3539 3548 τοῦ
3575 3498 3743 3568 χοροῦ

2131 3578 2240 3631 τῶν
2262 3578 2557 3650 ὀρθοδόξων
2589 3579 2818 3644 ἑαυτοὺς
2853 3580 3268 3653 ἀπορρήξαντες
3287 3600 3301 3612 ο
3339 3585 3743 3656 καθαιροῦντες

2130 3671 2188 3724 δὲ
2243 3672 2337 3724 καὶ
2388 3671 2792 3735 συστέλλοντες,
2827 3671 2887 3725 τὸ
2933 3672 3140 3726 τούτων
3173 3675 3274 3727 οὐκ
3313 3675 3535 3745 ᾔδεισαν
3570 3678 3738 3747 μέγε-

2131 3763 2244 3826 θος,
2293 3763 2358 3816 δι’
2411 3757 2488 3817 ὧν
2532 3765 2842 3834 ἠρνήσαντο
2887 3764 2987 3834 τῆς
3033 3765 3235 3836 σαρκὸς
3282 3767 3383 3838 τὴν
3438 3768 3736 3839 ἀνάληψιν,

2131 3853 2540 3925 ἐπιγράψαντες
2584 3853 2758 3909 ταῦτα
2794 3857 2973 3926 γυμνῇ
3019 3857 3085 3926 τῇ
3129 3855 3358 3928 θεότητι.
3382 3859 3495 3912 Καὶ
3525 3863 3740 3931 σκοπή-

2130 3961 2314 4015 σωμεν
2347 3947 2436 3998 ἐπ’
2467 3945 2645 4000 αὐτῶν
2695 3947 2804 4000 τῶν
2848 3949 3211 4020 πραγμάτων,
3238 3951 3358 4014 πῶς
3405 3952 3500 4005 ἀπ’
3555 3954 3740 4024 ἀρχῆς

2129 4035 2254 4107 ἄχρι
2301 4036 2487 4100 τέλους
2538 4037 2750 4108 μεγάλα
2802 4038 2899 4108 μὲν
2944 4039 3220 4094 δείκνυται
3263 4045 3331 4112 τῇ
3379 4043 3481 4113 τῆς
3529 4046 3739 4114 σαρκὸς

2127 4129 2416 4200 ἀναλήψει,
2450 4128 2648 4199 ἥττονα
2696 4130 2755 4184 δὲ
2807 4131 3144 4200 εὑρίσκεται,
3173 4132 3381 4206 ταύτης
3432 4135 3740 4207 ἀθετουμέ-

2127 4236 2242 4290 νης.
2278 4220 2449 4283 Τόκος
2479 4221 2634 4274 ἐστὶν
2667 4223 2732 4274 ἐκ
2774 4223 3054 4294 Παρθένου
3092 4224 3154 4277 τὸ
3195 4227 3341 4296 μέγα
3381 4228 3478 4280 καὶ
3521 4228 3736 4294 ἔνδοξον

2125 4310 2224 4379 τῆς
2265 4310 2578 4379 οἰκονομίας
2617 4312 2920 4383 προοίμιον.
2972 4315 3035 4366 El
3095 4316 3268 4386 μηδὲν
3310 4319 3377 4370 ἐκ
3423 4311 3545 4388 τῆς
3574 4322 3734 4388 ἁγίας

2129 4399 2406 4470 Παρθένου
2450 4402 2511 4454 τὸ
2556 4404 2744 4473 τεχθὲν
2775 4406 3093 4477 ἐπεφέρετο,
3131 4409 3213 4470 τίς
3247 4409 3313 4462 ἂν
3347 4409 3638 4482 ἐθαύμασε
3673 4415 3733 4464 τὸ

2126 4495 2450 4562 γενόμενον;
2495 4495 2630 4564 μήτε
2670 4498 2882 4569 μητέρα
2920 4498 3098 4567 λέγειν
3146 4501 3316 4571 αὐτὴν
3352 4503 3528 4566 ὅντως
3573 4505 3730 4558 δυνά-

2131 4600 2290 4652 μενος
2323 4584 2384 4636 τὸ
2420 4585 2584 4655 μηδὲν
2613 4588 2785 4657 αὐτῆς
2813 4590 3097 4659 όμοούσιον
3130 4592 3208 4662 τῷ
3237 4595 3565 4663 προελθόντι
3603 4615 3727 4651 συν-

2131 4675 2298 4729 ιέναιο
2345 4678 2480 4748 μήτε
2509 4679 2809 4748 παράδοξον
2853 4683 3057 4754 κρίνων
3090 4685 3150 4737 τὸ
3196 4687 3454 4753 γενέσθαι
3492 4691 3722 4759 μητέρα,

2126 4767 2220 4820 καὶ
2254 4770 2434 4838 μεῖναι
2471 4769 2767 4840 Παρθένον,
2804 4773 2964 4844 εἴπερ
2991 4775 3116 4828 ἀνευ
3168 4775 3423 4848 σώματος
3463 4781 3721 4850 αἰσθητοῦ

2123 4857 2222 4928 τὴν
2253 4857 2446 4912 ἑαυτοῦ
2478 4861 2779 4932 παρουσίαν
2810 4866 2838 4916 ό
2871 4866 3044 4933 Λόγος
3085 4870 3215 4938 ἡμῖν
3254 4870 3576 4940 ἐχαρίσατο.
3611 4874 3719 4926 Πᾶ-

2124 4950 2206 5004 λιν
2235 4950 2448 5023 εἴρηται
2479 4956 2729 5027 προκοπὴ
2762 4957 3024 5030 σύντομος
3045 4961 3260 5031 ἡλικίας
3289 4965 3384 5017 καὶ
3409 4967 3607 5035 σοφίας
3629 4968 3718 5020 καὶ

2123 5042 2365 5114 χάριτος.
2417 5045 2540 5100 Ἐὰν
2585 5047 2791 5120 ἀφέλῃς
2828 5050 2929 5122 τὴν
2976 5053 3172 5123 σάρκα,
3211 5055 3295 5118 τίς
3331 5055 3546 5120 δέξεται
3589 5060 3717 5130 πρὸς

2125 5133 2342 5188 ἔπαινον
2379 5137 2630 5208 θεότητος
2657 5139 2882 5211 αὔξησιν
2913 5144 3004 5196 καὶ
3027 5143 3307 5212 βελτίωσιν
3340 5147 3442 5217 τῆς
3471 5149 3530 5213 ἐξ
3553 5150 3713 5202 ἀϊδίου

2123 5222 2356 5287 τελείας,
2382 5227 2474 5279 καὶ
2502 5230 2638 5299 μήτε
2663 5230 2905 5296 πλείονος
2923 5233 3202 5305 δεομένης,
3227 5237 3367 5306 μήτε
3395 5241 3652 5312 ἀφαιρεῖν
3679 5241 3710 5309 ἢ

2123 5312 2420 5384 λαμϐάνειν
2447 5319 2511 5371 ἐκ
2543 5319 2650 5371 τῶν
2674 5320 2869 5387 ἔξωθεν
2891 5325 3226 5395 δυναμένης;
3260 5329 3588 5400 Ἐπαινετὴν
3611 5332 3712 5383 τοί-

2122 5421 2215 5457 νυν
2234 5406 2331 5476 τὴν
2361 5411 2642 5481 προκοπὴν
2669 5414 2701 5481 ή
2730 5413 2865 5485 σὰρξ
2895 5417 3182 5484 ἀποφαίνει
3212 5419 3301 5471 διὰ
3328 5421 3433 5489 τῆς
3464 5423 3603 5494 πρὸς
3627 5423 3711 5473 τὸν

2120 5496 2289 5562 Λόγον
2311 5495 2574 5561 ένὼσεως.
2603 5501 2713 5552 Καὶ
2735 5504 2998 5574 μεγίστην
3031 5509 3340 5577 μαρτυρίαν
3374 5510 3708 5580 γινώσκομεν

2119 5585 2213 5637 τοῦ
2235 5587 2309 5658 μὴ
2327 5589 2548 5658 ποιῆσαι
2566 5593 2725 5645 αὐτὸν
2747 5595 3042 5666 ἁμαρτίαν,
3066 5601 3129 5650 ἐκ
3150 5599 3241 5651 τοῦ
3268 5601 3364 5653 καί⁵
3388 5604 3571 5674 σάρκα
3591 5604 3710 5669 dir:

2121 5677 2272 5749 θινὴν
2309 5680 2366 5733 ἐν
2402 5682 2582 5753 αὐτῷ,
2621 5686 2716 5740 καὶ
2753 5686 2885 5756 μηδὲ
2929 5687 3074 5759 ἴχνος
3116 5691 3394 5758 ἀμαοτίας
3434 5696 3589 5754 όοᾶν.
3623 5692 3707 5758 Ὡς
