3842 6186
118 269 268 328 1581

944 264 1520 326 CONFUTATIONES
1558 264 2003 332 QUARUMDAM
2041 260 2624 321 PROPOSITIONUM.

3268 270 3410 329 i382

116 387 250 457 εῐγε
294 387 422 459 περὶ
459 385 710 456 θεότητος
740 385 969 451 ἐλέγετο
1014 385 1109 438 νῦν
1153 384 1250 437 καὶ
1304 384 1471 454 μόνης
1521 382 1584 434 τὸ
1623 384 1703 435 ἀνι

1821 395 2041 435 carnem
2086 395 2273 435 veram
2319 381 2550 447 habeat,
2586 383 2804 439 nullum
2855 394 3039 444 tamen
3089 389 3302 460 peccati
3353 391 3407 445 in

116 479 468 550 αμάρτητον,
492 478 720 546 γελάσαι
752 477 951 548 μᾶλλον
976 477 1009 547 ἢ
1047 476 1325 546 Θαυμάσαι
1348 475 1475 538 τοὺς
1497 473 1721 528 ἀκούονο

117 587 231 633 τας
264 570 412 640 ἐνῆν,
448 570 521 641 μὴ
563 571 722 640 μόνον
761 570 860 639 τῆς
888 569 1137 638 θεότητος
1169 567 1475 640 κρείττονος
1499 567 1585 619 ἀεὶ
1618 565 1721 618 πά-

123 679 237 734 σης
259 661 515 732 μέμψεως
554 662 879 730 πεφυκυίας,
903 661 1017 714 ἀλλ’
1043 661 1144 730 ήδη
1174 660 1266 712 καὶ
1307 659 1581 730 μυριάδων
1617 659 1718 727 ἀγ-

121 754 308 822 γέλων
339 753 729 824 φυλαξαμένων
760 753 821 806 τὸ
850 753 1207 824 ἁμαρτάνειν.
1252 750 1414 804 Ἀλλά
1448 751 1535 803 διὰ
1562 749 1719 802 τοῦτο

119 845 371 914 λέγεται,
396 846 692 916 ἐπειδήπερ
720 845 780 909 ἐξ
817 844 1142 915 ἀμαρτωλοῦ
1167 843 1359 912 γένους
1395 841 1658 911 ληφθεῖσα
1683 842 1716 912 ή

116 938 398 1008 ἄχραντος
429 936 586 1008 σάρξ,
615 940 680 1008 τῇ
716 937 856 1008 πρὸς
887 936 979 989 τὸν
1004 936 1134 988 Θεὸν
1161 935 1333 1004 Λόγον
1363 932 1554 985 ἐνώσει
1579 933 1716 1002 μόνη

117 1032 226 1083 καὶ
257 1029 446 1100 πρώτη
507 1029 814 1100 μεμένηκεν
856 1028 1259 1099 ἀναμάρτητος.
1313 1023 1592 1078 Ἐντεῦθεν
1623 1025 1718 1077 καὶ

119 1125 161 1192 ὴ
203 1122 339 1192 πρὸς
385 1123 476 1176 τὸν
517 1121 760 1175 διάϐολον
787 1121 954 1191 πάλη,
1005 1121 1102 1173 καὶ
1139 1122 1172 1190 ή
1203 1117 1344 1173 κατά
1367 1117 1555 1170 τούτου
1590 1117 1716 1187 νίκη

118 1213 434 1284 παράδοξος
478 1214 708 1279 γίνεται,
764 1213 847 1266 ὅτι
902 1213 1002 1280 τῆς
1037 1211 1362 1282 ὴττηθείσης
1395 1209 1594 1280 σαρκὸς
1619 1207 1716 1280 τὴν

118 1304 382 1374 ἀπαρχὴν
423 1303 562 1374 ἔχων
586 1304 735 1374 ὁτὴν
785 1307 980 1375 πεῖραν
1027 1304 1354 1374 δεξάμενος,
1391 1302 1594 1371 ταύτην
1636 1319 1716 1354 νι-

117 1392 301 1462 κητὴν
347 1393 440 1445 τοῦ
497 1410 628 1446 ποτε
695 1396 1011 1462 νικήσαντος
1063 1393 1457 1463 ἀπειργάσατο,
1511 1393 1607 1446 καὶ
1647 1393 1712 1462 τῇ

117 1484 290 1552 φύσει
329 1486 387 1538 τὸ
422 1486 619 1557 κράτος
665 1485 962 1558 δεδώρηται
992 1487 1134 1540 κατά
1157 1487 1249 1539 τοῦ
1276 1487 1443 1540 πάλαι
1480 1487 1546 1539 δι’
1576 1486 1716 1540 ἀπά-

113 1593 227 1643 της
245 1581 636 1648 κρατήσαντος.
667 1579 766 1632 Διά
793 1579 950 1632 τοῦτο
985 1579 1079 1632 καὶ
1097 1581 1162 1650 τῇ
1195 1581 1297 1650 μνή
1309 1595 1383 1652 μη
1415 1579 1522 1632 τῶν
1546 1580 1714 1648 ἁγίων

115 1663 357 1732 Γραφῶν
394 1665 492 1728 τὰς
541 1667 885 1738 ἐπαγομένας
930 1667 1102 1731 λαϐάς
1148 1668 1432 1734 άπεδύετο,
1477 1669 1576 1721 οὐκ
1622 1669 1712 1721 αύ-

1822 487 1888 528 eo
1935 465 2219 542 ves’tigium
2280 483 2560 543 appareat.
2607 474 2685 530 lta
2723 484 2782 531 ut
2827 480 2874 534 si
2923 482 3047 550 quis
3096 481 3165 537 de
3206 483 3413 538 deitate
3463 510 3478 527 -

1819 577 1992 633 eaque
2021 565 2138 618 sola
2173 563 2355 630 dicat,
2401 565 2550 636 quod
2594 582 2790 638 expers
2838 575 3046 640 peccati
3083 575 3188 638 sit,
3234 576 3409 632 risum

1819 654 1909 708 ille
1956 655 2140 724 potius
2187 670 2350 725 quam
2415 657 2836 714 admirationem
2887 664 3232 720 auditoribus
3285 681 3407 720 mo-

1817 753 1976 800 turus
2027 746 2098 800 sit
2141 767 2156 801 ;
2203 745 2646 817 quandoquidem
2703 765 2814 805 non
2869 754 3045 808 solum
3102 755 3410 813 divinitatis

1817 839 1934 893 haec
1962 847 2159 892 natura
2194 846 2315 907 est,
2355 846 2414 892 ut
2443 840 2592 894 omni
2633 841 2792 910 culpa
2838 857 3055 914 semper
3099 846 3269 902 libera
3311 850 3404 912 sit,

1816 931 1911 986 sed
1944 932 2114 984 multa
2149 930 2314 984 etiam
2347 930 2664 1002 angelorum
2697 934 2865 988 millia
2892 949 2922 988 a
2966 948 3193 1007 peccato
3225 953 3405 993 vacua

1816 1031 2124 1079 serventur.
2171 1021 2376 1078 Verum
2427 1025 2569 1078 hanc
2621 1024 2798 1095 ipsam
2850 1028 2920 1081 ob
2973 1044 3197 1085 causam
3242 1030 3407 1102 509

1815 1116 2018 1171 dicitur
2085 1130 2247 1179 caro,
2297 1131 2366 1172 ex
2423 1131 2622 1187 genere
2673 1117 2956 1173 hominum
3007 1123 3248 1192 peccatis
3310 1125 3406 1178 ob-

1814 1210 2011 1270 noxio,
2075 1215 2326 1278 sumpta,
2377 1209 2493 1264 sola
2560 1210 2846 1279 primaque
2922 1215 3133 1283 peccati
3204 1231 3403 1286 expers

1815 1301 2103 1364 mansisse,
2135 1309 2358 1370 propter
2393 1291 2649 1355 unione'm
2679 1317 2804 1356 cum
2845 1301 2957 1359 Deo
2987 1305 3187 1361 Verbo.
3211 1307 3404 1364 Proxi-

1815 1406 1964 1445 mum
2017 1392 2146 1446 huic
2183 1391 2509 1446 miraculum
2553 1399 2638 1448 est
2671 1393 2816 1447 lucta
2867 1394 2957 1448 illa
2997 1410 3122 1449 eum
3158 1397 3400 1463 diabolo,

1814 1490 2203 1553 reportataque
2243 1482 2313 1537 ab
2355 1498 2423 1538 eo
2465 1484 2723 1550 victoria,
2765 1485 2896 1554 quia
2933 1487 2980 1541 is
3009 1488 3105 1557 qui
3157 1496 3407 1546 tentatus

1812 1582 1916 1636 est,
1941 1589 2066 1627 cum
2100 1573 2329 1628 devictae
2355 1575 2541 1629 carnis
2566 1576 2843 1646 primitias
2867 1577 3113 1646 haberet,
3148 1584 3424 1646 victorio-,
3466 1629 3470 1638 .

1814 1678 1928 1718 sam
1955 1665 2100 1718 illam
2132 1663 2253 1735 ejus
2286 1666 2377 1735 qui
2398 1666 2698 1736 aliquando
2723 1669 2949 1736 vicerat,
2982 1671 3182 1738 effecit,
3207 1680 3260 1727 et
3293 1690 3396 1728 na-

116 1751 313 1824 θεντία
341 1753 588 1824 θεότητος
639 1757 1074 1830 ἀποκρουόμενος
1118 1757 1208 1810 τὸν
1241 1758 1550 1820 ἀντίπαλον,
1587 1760 1703 1813 ἀκο-

1815 1763 1950 1808 turae
2015 1754 2161 1811 vires
2203 1756 2470 1812 adversus
2515 1774 2640 1813 eum
2689 1760 2783 1829 qui
2827 1761 2959 1816 olim
3012 1763 3141 1820 dolo
3189 1767 3401 1822 vicerat

112 1845 314 1916 λουθίᾳ
341 1847 398 1899 δὲ
444 1847 860 1919 ἀνθρωπότητος
888 1850 986 1919 τὴν
1019 1849 1126 1903 τῶν
1173 1851 1212 1902 Γ
1220 1850 1404 1919 ραφῶν
1445 1868 1708 1920 φωταγω⁶

115 1940 254 2008 γίαν
272 1943 406 2012 πρὸς
424 1943 638 1996 ἃπαντα
674 1943 1128 2014 προϐαλλόμενος.
1172 1945 1234 1996 Εἰ
1267 1944 1310 1996 δ’
1338 1946 1366 1998 ό
1395 1944 1525 2005 Θεὸς
1539 1944 1709 2012 Λόγος

116 2034 249 2086 καθ’
278 2036 466 2088 ἑαυτὸν
494 2036 875 2108 ἀναμάρτητος
899 2038 992 2090 καὶ
1020 2037 1284 2108 ἀήττητος
1317 2036 1601 2107 ἐμηνύετο,
1625 2036 1708 2098 τίς

116 2126 193 2178 ἂν
225 2127 494 2195 ἐξεπλάγη
517 2127 651 2198 πρὸς
676 2127 744 2182 τά
767 2127 1063 2199 λεγόμενα;
1090 2129 1164 2180 Ού
1183 2127 1331 2194 ξένον
1351 2129 1410 2181 τὸ
1440 2127 1514 2198 μὴ
1529 2129 1708 2198 ἀμαρ-

117 2219 329 2283 τάνειν,
389 2218 520 2288 μηδέ
582 2217 833 2272 νικᾶσθαι
888 2218 1038 2290 παρά
1069 2217 1366 2288 κτίσματος
1392 2217 1520 2271 ίδίου
1551 2217 1704 2270 Θεόν.

117 2311 266 2363 Πότε
286 2311 392 2380 γάρ
414 2311 731 2382 ἡμάρτηκεν
772 2311 804 2380 ἢ
854 2311 1149 2382 νενίκηται,
1182 2311 1267 2363 ἵνα
1295 2310 1390 2364 νῦν
1414 2310 1487 2373 ὡς
1528 2309 1706 2381 παρά-

116 2397 275 2462 δοξον
299 2397 575 2469 δεξώμεθα
606 2399 666 2451 τὸ
696 2399 983 2469 λεγόμενον
1009 2417 1023 2466 ;
1069 2399 1226 2452 Ἀλλά
1269 2401 1417 2466 ξένον
1457 2401 1516 2452 τὸ
1547 2399 1706 2468 φύσιν

119 2490 472 2561 ἀνθρωπίνην
508 2491 576 2544 τά
606 2492 746 2563 ὑπὲρ
780 2491 992 2560 φύσεως
1035 2491 1283 2564 φανερῶς
1316 2491 1704 2556 ἐπιδείξασθαι.

136 2584 294 2636 Ἐπεὶ
320 2583 412 2635 καὶ
440 2583 501 2636 τὸ
529 2583 742 2653 βαδίσαι
768 2583 862 2636 ἐπὶ
890 2581 1060 2635 νώτου
1086 2581 1358 2652 θαλάσσης
1389 2580 1558 2644 ἀδεῶς
1590 2580 1706 2651 ἅμα

120 2672 225 2724 καὶ
247 2672 541 2736 ἀκινδύνως
569 2672 782 2744 θεότητι
807 2675 904 2744 μὲν
927 2673 1126 2745 ῥᾴδιον,
1163 2673 1365 2744 μᾶλλον
1395 2673 1451 2726 δὲ
1484 2673 1576 2726 καὶ
1613 2673 1708 2742 ἀγ⁸

119 2764 303 2832 γέλοις
325 2782 336 2792 °
369 2766 460 2818 καὶ
489 2766 589 2818 οὐκ
620 2765 684 2818 ἄν
712 2783 794 2829 τις
825 2765 1122 2836 ἐκπλαγείη
1161 2766 1319 2819 τοῦτο
1347 2765 1670 2836 τεθεαμένος
1688 2781 1702 2793 °

121 2857 507 2930 ἀνθρωπότητι
559 2861 616 2913 δὲ
665 2859 793 2932 ψιλῇ
826 2861 1000 2930 πάντη
1039 2860 1318 2914 ἀδύνατον.
1354 2860 1464 2912 Καὶ
1495 2861 1706 2931 φρίττει

119 2952 348 3013 δικαίως
375 2954 402 3004 ὁ
439 2953 637 3023 σαρκὸς
666 2953 830 3016 πόδας
859 2953 956 3024 τὴν
983 2953 1235 3022 τοιαύτην
1265 2953 1488 3024 πορείαν
1525 2969 1709 3006 ποιου-

125 3043 325 3112 μένους
356 3043 516 3114 ὁρῶν,
546 3044 639 3097 καὶ
682 3046 780 3114 τὴν
810 3046 1094 3115 ἡνωμένην
1123 3044 1351 3114 δύναμιν
1383 3044 1580 3098 ἐννοῶν
1609 3045 1704 3098 τοῦ

122 3133 322 3202 Λόγου.
348 3136 410 3188 Εἰ
435 3136 491 3188 δέ
513 3153 612 3200 τις,
661 3137 758 3206 τὴν
790 3138 968 3207 σάρκα
1012 3137 1503 3207 παραιτησάμενος,
1547 3136 1706 3207 μόνον

125 3226 263 3295 φαίη
310 3227 396 3279 τὸν
429 3227 598 3294 Λόγον
629 3228 720 3280 ἐπὶ
747 3227 852 3281 τῶν
892 3227 1151 3297 κυμάτων
1182 3226 1432 3297 ὀφθῆναι,
1468 3225 1706 3296 περιεῖλε

122 3317 221 3370 τὸν
251 3318 410 3386 ὄγκον
431 3319 522 3371 τοῦ
545 3319 840 3390 θαύματος,
869 3319 1020 3373 οὐδὲν
1040 3318 1183 3390 μέγα
1206 3319 1707 3391 προσμαρτυρήσας

122 3412 207 3480 τῷ
232 3412 532 3482 πράγματι.
563 3413 722 3481 Μέγα
736 3413 841 3486 γὰρ
858 3412 1025 3475 ὅντως
1053 3414 1145 3466 καὶ
1172 3413 1347 3466 πάντα
1373 3412 1494 3464 νοῦν
1517 3411 1704 3480 νικῶν,

121 3505 229 3574 οὐχ
259 3505 384 3557 ὅταν
422 3503 635 3574 πνεῦμα
669 3503 866 3573 κοῦφον
895 3505 988 3557 καὶ
1017 3503 1218 3573 ἀϐαρὲς
1240 3503 1332 3555 ἐπὶ
1360 3503 1466 3557 τῶν
1497 3503 1704 3558 ὑδάτων

129 3595 550 3667 μετεωρίζηται,
589 3597 700 3650 ἀλλ’
729 3597 856 3650 ὅταν
884 3597 1040 3667 σῶμα
1067 3596 1380 3667 παχυμερὲς
1404 3595 1498 3648 καὶ
1521 3595 1705 3667 βρίθον

125 3688 238 3742 ὑπὸ
283 3689 379 3759 τῆς
433 3689 645 3759 ἁπαλῆς
677 3690 771 3742 καὶ
813 3689 1010 3761 ῥαδίως
1074 3689 1453 3760 ὑπακουούσης
1489 3689 1705 3759 φύσεως

121 3779 310 3852 ὄρθιον
359 3780 469 3834 ἀνω
516 3780 869 3851 βαστάζηται.
931 3781 1108 3852 Ὅπερ
1185 3781 1270 3834 ἵνα
1327 3781 1516 3836 πιστὸν
1569 3782 1704 3834 πᾶσι

122 3875 329 3944 ποιήσῃ
383 3877 412 3928 ό
463 3875 686 3945 Κύριος,
728 3874 820 3928 καὶ
861 3873 940 3944 τῷ
971 3873 1161 3946 Πέτρῳ
1192 3873 1402 3944 βαδίσαι
1440 3873 1581 3926 κατὰ
1605 3871 1702 3925 τοῦ

123 3967 396 4035 πελάγους
427 3962 633 4030 ἐὐθέως
664 3966 852 4030 ἔδωκε,
888 3966 1050 4036 μέχρι
1081 3967 1172 4019 τὸν
1199 3967 1298 4036 τῆς
1333 3966 1704 4034 όλιγοπιστίας

119 4059 233 4112 ούκ
277 4058 486 4129 ἐδέχετο
525 4058 702 4112 σάλον.
747 4057 819 4111 Τὸ
854 4057 954 4129 μὲν
982 4054 1075 4112 οὖν
1112 4057 1330 4111 ὁδεῦσαι
1367 4059 1457 4111 τὸν
1494 4058 1703 4130 Πέτρον

122 4149 321 4212 οὕτως,
353 4149 592 4202 ἐδείκνυε
625 4149 722 4219 τῆς
745 4149 1067 4219 δεσποτικῆς
1109 4150 1308 4220 σαρκὸς
1335 4148 1704 4219 ἀναμφίϐολον

121 4241 230 4312 τὴν
263 4240 515 4310 πορείαν’
552 4239 611 4293 τὸ
641 4240 698 4292 δέ
721 4240 1048 4294 διστάσαντα
1083 4240 1279 4310 μηκέτι
1314 4239 1698 4309 βαστάζεσθαι,

121 4334 230 4403 τῆς
264 4331 462 4402 μεταξὺ
489 4333 749 4404 διαφορᾶς
771 4333 834 4384 τὸ
860 4332 1183 4404 ἀμέτρητον.
1210 4329 1492 4402 Πανταχοῦ
1521 4331 1700 4384 τοίνυν

1812 1845 2030 1900 indidit.
2086 1845 2453 1912 Quamobrem
2507 1849 2757 1905 immissa
2809 1851 2865 1905 in
2929 1868 2987 1908 se
3031 1856 3397 1911 tentationmn

1810 1937 1937 2001 tela,
1969 1938 2198 2008 repetita
2229 1955 2516 1996 sacrarum
2548 1941 2883 1998 Litterarum
2916 1949 3177 2002 memoria
3200 1965 3400 2005 excus-

1809 2029 1902 2089 sit,
1936 2044 2044 2082 non
2075 2031 2408 2086 auctoritate
2437 2033 2661 2089 deitatis
2687 2035 3066 2092 adversarium
3090 2042 3394 2111 repellens:

1810 2120 1905 2174 sed
1935 2120 2244 2176 ministerio
2283 2122 2646 2180 humanitatis
2675 2128 2940 2196 praevium
2987 2129 3286 2201 Scriptum
3313 2136 3399 2189 lu-

1808 2227 1931 2266 men
1967 2214 2032 2267 ad
2066 2216 2325 2270 universa
2355 2217 2572 2288 objecta
2605 2220 2916 2288 proferens.
2956 2223 3112 2289 Quod
3150 2227 3196 2280 si
3224 2227 3396 2283 Deum

1808 2302 2044 2359 Verbum
2080 2306 2135 2360 in
2163 2323 2283 2362 sese
2327 2309 2510 2366 omnis
2537 2325 2732 2380 expers
2777 2314 2984 2381 peccati
3034 2316 3391 2385 impeccabile

1806 2403 1862 2450 et
1890 2397 2152 2452 invictum
2206 2399 2612 2468 declarabatur,
2648 2391 2774 2473 quis
2817 2404 3173 2475 Obstupescat
3221 2409 3289 2464 ad
3323 2425 3390 2465 ea

1808 2505 1929 2559 quae
1987 2490 2134 2544 dicta
2179 2492 2344 2546 sunt?
2384 2491 2503 2548 Non
2553 2503 2640 2551 est
2699 2511 2901 2550 novum
2950 2505 3005 2552 et
3059 2497 3394 2568 inauditum,

1807 2578 1978 2633 Deum
2022 2595 2132 2634 non
2168 2597 2417 2652 peccare,
2450 2599 2552 2638 nec
2586 2574 2632 2637 a'
2665 2586 2886 2655 pr0pria
2933 2597 3186 2643 creatura
3230 2606 3395 2658 supe-

1801 2672 1940 2742 rari.
1974 2672 2206 2738 Quando
2237 2676 2383 2731 enim
2410 2678 2656 2746 peccavit
2687 2685 2782 2731 aut
2812 2678 2993 2734 victus
3024 2690 3126 2746 est,
3161 2690 3220 2736 ut
3243 2685 3392 2754 quod

1805 2778 1955 2818 nunc
1985 2765 2189 2820 dicitur
2227 2767 2477 2820 miraculi
2505 2767 2668 2823 nobis
2693 2768 2816 2824 loco
2842 2785 2965 2827 esse
2984 2771 3217 2828 debeat?
3250 2776 3391 2830 Illud

1805 2871 2010 2912 novum
2059 2867 2114 2913 et
2163 2859 2473 2914 inauditum
2500 2868 2625 2914 est:
2655 2872 2909 2916 naturam
2942 2863 3236 2920 humanam
3276 2885 3391 2923 rem

1806 2952 2285 3020 supernaturalem
2328 2961 2514 3023 aperte
2535 2955 2877 3012 exhibuisse.
2915 2955 3054 3012 Nam
3104 2960 3395 3016 ambulare

1809 3058 1976 3112 supra
2009 3059 2161 3099 mare
2209 3046 2358 3116 omni
2403 3061 2637 3100 vacuum
2686 3057 2836 3102 metu
2890 3058 2944 3104 et
2991 3050 3260 3120 periculo,
3306 3061 3400 3108 est

1809 3133 1944 3187 illud
1972 3134 2194 3202 quidem
2227 3134 2436 3201 deitati,
2475 3137 2588 3192 imo
2623 3139 2834 3209 angelis
2864 3141 3028 3194 etiam
3080 3141 3219 3211 ipsis
3265 3157 3390 3212 per-

1807 3238 1972 3293 quam
2004 3224 2164 3278 facile
2189 3239 2204 3276 :
2231 3240 2333 3280 nec
2360 3227 2716 3298 obstupescet
2746 3229 3129 3296 admiratione,
3165 3232 3270 3287 hoc
3293 3233 3393 3303 qui

1807 3313 2036 3381 viderit;
2070 3322 2126 3368 at
2153 3315 2481 3372 humanitati
2514 3317 2678 3372 nudae
2707 3319 2861 3374 nullo
2889 3320 3055 3376 modo
3096 3323 3387 3393 possibile.

1805 3404 1918 3461 Nec
1967 3406 2241 3462 immerito
2271 3408 2636 3474 exhorrescit,
2669 3411 2763 3480 qui
2786 3413 2973 3468 carnis
3008 3414 3174 3482 pedes
3207 3415 3398 3472 istius-

1804 3497 1956 3552 modi
1989 3499 2091 3552 iter
2118 3498 2302 3555 facere
2347 3500 2516 3566 videt,
2551 3503 2807 3572 quamvis
2834 3501 2998 3560 Verbi
3029 3507 3239 3561 unitam
3274 3523 3397 3578 per.

1805 3605 1997 3645 sonam
2029 3591 2254 3664 cogitet.
2313 3591 2371 3647 Si
2419 3595 2546 3665 quis
2599 3604 2786 3652 autem
2847 3599 3136 3668 repudiata
3197 3616 3386 3667 carne,

1806 3683 1982 3738 solum
2007 3683 2246 3739 Verbum
2274 3684 2476 3741 dixerit
2507 3701 2675 3756 super
2707 3685 2964 3745 ﬂuctibus
2995 3689 3164 3746 fuisse
3183 3693 3390 3758 visum,

1805 3775 1854 3830 is
1904 3774 2144 3829 infirmat
2188 3777 2446 3848 tollitque
2483 3778 2739 3834 miraculi
2779 3781 3221 3851 amplitudinem,
3250 3786 3389 3839 nihil

1804 3866 1987 3935 magni
2029 3865 2414 3922 testificatione
2460 3882 2561 3923 sua
2611 3869 2766 3939 operi
2823 3869 3097 3928 tribuens.
3127 3874 3386 3944 Magnum

1804 3954 1955 4009 enim
1993 3970 2120 4010 vere
2164 3964 2269 4020 est,
2301 3964 2355 4012 et
2390 3957 2570 4028 majus
2611 3974 2775 4029 quam
2804 3968 2865 4014 ut
2893 3961 3176 4017 hominum
3211 3965 3390 4034 possit

1801 4056 1986 4102 mente
2014 4049 2424 4119 comprehendi,
2457 4065 2564 4104 non
2611 4067 2736 4105 cum
2769 4068 2932 4108 verus
2961 4062 3014 4108 et
3063 4057 3242 4108 omnis
3293 4073 3388 4110 ex-

1801 4155 1929 4210 pers
1974 4141 2236 4211 ponderis
2281 4141 2532 4212 spiritus,
2578 4141 2838 4198 ﬂuctibus
2869 4143 2921 4198 in
2951 4145 3120 4198 altum
3151 4147 3384 4213 tollitur,

1803 4229 1900 4285 sed
1946 4231 2167 4300 quando
2211 4246 2460 4286 crassum
2503 4239 2558 4286 et
2602 4249 2768 4308 grave
2815 4247 3015 4304 corpus
3057 4251 3086 4288 a
3134 4237 3285 4291 molli
3333 4246 3388 4292 et

1802 4321 1964 4380 facile
1991 4324 2220 4380 cedente
2247 4332 2444 4378 natura
2467 4333 2712 4380 erectum
2739 4341 2956 4381 sursum
2987 4327 3182 4385 fertur.
3213 4312 3386 4401 Cujus

123 4426 164 4495 ἡ
198 4422 294 4493 τῆς
321 4423 520 4492 σαρκὸς
550 4423 684 4493 πρὸς
710 4422 799 4475 τὸν
821 4422 990 4490 Λόγον
1011 4421 1202 4484 ἓνωσις
1235 4419 1470 4485 αῦξουσα
1489 4420 1703 4474 δείκνυ-

1807 4417 1884 4471 rei
1914 4427 1972 4470 ut
2010 4415 2169 4472 fidem
2199 4417 2455 4471 omnibus
2494 4415 2764 4472 Dominus
2802 4416 3028 4484 faceret,
3065 4419 3218 4474 dedit
3249 4437 3386 4476 eon-

121 4532 218 4571 ται
256 4513 360 4566 τῶν
384 4512 689 4583 γενομένων
713 4513 773 4564 τὸ
794 4512 1018 4578 ἔνδοξον.
1056 4513 1166 4564 Καὶ⁹
1189 4510 1466 4580 συντόμως
1503 4512 1698 4576 εἰπεῖν,

122 4606 239 4662 οὐδ’
271 4604 336 4658 ἂν
387 4605 518 4658 αὐτὸ
557 4606 619 4658 τὸ
659 4604 799 4658 κατά
835 4605 928 4658 τοῦ
979 4604 1208 4658 θανάτου
1256 4602 1513 4673 τρόπαιον
1549 4601 1702 4656 ἔσται

124 4697 400 4769 λαμπρὸν,
455 4698 528 4768 μὴ
578 4696 854 4768 προδήλως
892 4695 1205 4768 ἀνθρωπίνη
1243 4694 1403 4764 φύσις
1439 4695 1702 4765 κρείττων

123 4791 232 4860 τῆς
269 4791 418 4844 κάτω
453 4789 761 4859 τυραννίδος
808 4788 1021 4856 ἐγένετο
1049 4790 1116 4858 τῇ
1166 4787 1392 4855 δυνάμει
1425 4785 1523 4854 τῆς
1559 4786 1702 4855 ἀχωο

130 4884 331 4956 ρίστως
356 4882 643 4953 ήνωμένης
682 4881 960 4952 θεότητοςο
992 4881 1114 4932 ἐπεὶ
1161 4878 1222 4931 τὸ
1263 4878 1338 4949 μὴ
1359 4877 1700 4948 κρατηθῆναι

127 4975 264 5028 Θεὸν
284 4975 372 5028 τὸν
392 4973 659 5045 μηδέποτε
685 4969 998 5042 κρατεῖσθαι
1013 4969 1309 5040 δυνάμενον
1337 4969 1445 5021 τῶν
1476 4967 1701 5020 εἰκότων

127 5068 228 5122 καὶ
282 5065 576 5118 εἰωθότων·
614 5064 676 5116 τὸ
705 5063 760 5116 δέ
818 5062 892 5134 μὴ
941 5061 1278 5133 κρατηθῆναι
1326 5059 1503 5130 σάρκα
1547 5056 1703 5110 τοῦτο

128 5158 368 5231 πρῶτον,
395 5157 552 5211 τοῦτο
589 5156 736 5222 ξένον
756 5171 769 5186 ·
809 5155 965 5208 τοῦτο
991 5154 1086 5208 καὶ
1117 5154 1215 5222 τὴν
1244 5152 1444 5205 εἴσοδον
1475 5150 1568 5202 τοῦ
1600 5151 1704 5202 Κυ-

133 5253 252 5324 ρίου
271 5251 369 5322 τὴν
395 5250 481 5304 διά
501 5249 609 5302 τῶν
638 5247 1032 5318 κεκλεισμένων
1049 5245 1227 5317 θυρῶν
1252 5243 1546 5314 γενομένην
1565 5243 1702 5296 ἀπο-

129 5345 312 5414 φαίνει
343 5341 595 5414 φρικτήν,
634 5341 715 5394 ὅτι
740 5337 971 5392 συνοῦσα
1006 5338 1106 5408 τῆς
1158 5337 1358 5408 σαρκὸς
1387 5339 1418 5406 ἠ
1457 5335 1701 5406 παχύτης

129 5435 382 5508 ἐμποδὼν
437 5435 535 5488 οὐκ
564 5433 796 5502 ἐγένετο,
827 5431 1011 5502 ἐπειδὴ
1057 5428 1238 5501 μεῖζον
1274 5425 1342 5499 ἦν
1370 5429 1431 5481 τὸ
1457 5427 1700 5497 θαυματ-

129 5527 362 5600 ουργοῦν
388 5526 482 5580 τοῦ
508 5525 826 5588 κωλύοντος.
872 5525 930 5577 Ὀ
951 5525 1006 5577 δέ
1029 5525 1195 5594 χωρὶς
1223 5521 1474 5592 σώματος
1495 5518 1704 5589 ἀνθρω-

134 5620 292 5675 πίνου
346 5618 670 5689 γεγενῆσθαι
707 5615 880 5684 λέγων
930 5616 992 5668 τὸ
1042 5617 1292 5688 πρᾶγμα,
1338 5611 1512 5666 κοινὸν
1568 5608 1702 5662 αὑτὸ

136 5713 438 5782 ποιεῐιπρὸς
483 5711 605 5773 τοὺς
639 5707 923 5786 ἀγγέλους,
960 5709 1093 5781 πρὸς
1129 5707 1237 5760 τῶν
1275 5703 1575 5777 ἀνθρώπων
1601 5701 1726 5782 ψυέ
1753 5777 1780 5780 Γ

1804 4507 1960 4561 ιίηιιο
2000 4515 2052 4562 et
2086 4505 2250 4562 Petro
2295 4514 2621 4576 potestatem
2659 4522 2757 4576 per
2796 4508 3024 4578 pelagus
3073 4510 3380 4580 gradiendi,

1803 4598 1978 4654 donec
2021 4598 2236 4668 pusillae
2278 4597 2403 4652 ﬁdei
2438 4596 2664 4658 ﬂuctum
2706 4613 2818 4652 non
2871 4601 3192 4657 sustineret.
3224 4601 3381 4668 Quod

1802 4707 1934 4762 ergo
1976 4691 2172 4746 Petrus
2212 4690 2294 4746 sic
2344 4690 2644 4744 ambulavit
2695 4707 2860 4762 supra
2901 4707 3070 4755 mare,
3103 4693 3380 4749 indubita—

1804 4792 1920 4837 tum
1956 4782 2254 4837 Dominicae
2291 4781 2476 4836 carnis
2510 4781 2613 4837 iter
2653 4783 2950 4838 declaravit
2977 4803 2989 4838 :
3020 4785 3166 4854 quod
3199 4794 3379 4839 autem

1803 4875 2063 4930 dubitans
2106 4889 2215 4929 non
2257 4874 2492 4944 amplius
2537 4881 2875 4944 portaretur,
2930 4875 2984 4929 id
3027 4877 3378 4940 immensum,

1803 4965 1950 5035 quod
1977 4967 2120 5020 inter
2150 4975 2444 5034 utrumque
2475 4971 2580 5029 est,
2613 4964 2916 5019 discrimen
2955 4963 3378 5020 demonstravit.

1804 5055 2019 5126 Ubique
2072 5057 2240 5126 igitur
2294 5056 2482 5112 carnis
2537 5071 2662 5110 cum
2698 5053 3066 5122 Verbo‘unio
3111 5055 3379 5110 factorum

1803 5146 2008 5200 Christi
2039 5145 2371 5216 amplificare
2399 5145 2628 5216 gloriam
2663 5144 2951 5199 evincitur.
2980 5143 3158 5214 Atque
3182 5152 3241 5198 ut
3264 5160 3378 5199 rem

1803 5238 1993 5307 paucis
2026 5237 2379 5306 complectar,
2405 5235 2577 5306 ipsius
2602 5235 2668 5289 de
2694 5245 2870 5290 morte
2893 5235 3156 5305 reportati
3191 5235 3381 5306 tropaei

1804 5329 2062 5398 splendor
2105 5328 2284 5382 omnis
2323 5327 2571 5381 deleatur
2626 5334 2862 5396 oportet,
2900 5326 2947 5382 si
2987 5343 3096 5381 non
3139 5327 3378 5382 humana

1804 5431 2020 5486 natura,
2053 5420 2274 5474 deitatis
2309 5417 2753 5488 inseparabiliter
2795 5418 2900 5472 sibi
2943 5419 3112 5473 unita:
3153 5419 3376 5480 virtute.

1805 5512 2092 5583 tyrannide
2149 5490 2403 5565 infernali
2462 5509 2564 5562 fuit
2611 5510 2890 5578 superior;
2937 5503 3377 5580 quandoquidem

1805 5603 1975 5660 Deum
2013 5620 2122 5659 non
2165 5603 2441 5674 superari,
2471 5603 2563 5671 qui
2593 5603 2833 5657 invictus
2861 5611 2966 5666 est,
3007 5601 3269 5658 credibile
3292 5611 3380 5657 est

1803 5708 1861 5779 et_
1884 5699 2220 5779 verisimile:
2248 5696 2344 5754 sed
2378 5710 2599 5752 carnem
2624 5710 2733 5751 non
2761 5697 3033 5767 superari,
3067 5694 3122 5752 id
3155 5695 3378 5754 demum
