3868 6202
438 261 576 319 i583

1523 253 1580 309 S.
1623 245 2089 306 ATHANASIUS.
2127 275 2198 285 —
2241 242 2511 300 SPl'RlA.

3544 239 3692 298 ιεει

437 373 737 444 singulare,
776 371 829 426 id
867 385 1064 425 novum
1106 376 1191 424 est
1218 384 1230 417 :
1259 367 1362 421 hoc
1391 367 1521 421 item
1562 363 1739 420 re‘ddit
1766 363 2008 417 miracu-

2119 360 2230 427 μς,
2262 356 2398 427 πρὸς
2429 355 2496 407 τά
2545 355 2761 408 ἐναντία
2807 353 3112 422 πνεύματα,
3164 345 3240 406 ὧν
3267 351 3353 406 διὰ
3391 353 3696 412 τδ’λεπ·τόν

438 466 614 519 losum
660 461 874 515 Domini
909 477 1005 531 per
1041 462 1259 514 clausas
1299 460 1498 528 januas
1549 458 1880 526 ingressum,
1913 452 2002 506 cui

437 572 500 611 ea
530 570 650 628 qua:
672 555 893 624 corpori
935 555 1130 617 inerat,
1156 551 1456 614 craSsities,
1490 548 1640 601 nullo
1681 546 1780 598 fuit
1829 544 2003 613 impc-

437 646 702 720 glimento,
749 643 1017 714 siquidem
1064 642 1238 710 major
1276 649 1393 694 erat
1423 637 1671 692 miraculi
1715 642 1906 687 auctor
1938 648 2004 686 eo

437 736 580 805 quod
611 737 786 805 ipsum
807 736 1111 804 ingressum
1143 732 1480 802 prohibebat.
1510 728 1612 796 Qui
1639 743 1768 782 vero
1802 726 2002 778 factum

437 826 541 880 hoc
577 842 699 882 esse
737 825 869 880 dicit
903 827 1109 894 absque
1164 839 1391 892 corpore
1430 824 1690 881 humano,
1725 819 1771 873 is
1798 816 2001 870 factum

439 918 808 972 communicat
836 933 956 971 cum
977 915 1202 985 angelis,
1236 930 1358 968 cum
1383 912 1669 967 animabus
1701 907 2008 970 hominum,

439 1026 563 1066 cum
605 1011 740 1080 ipsis
779 1009 1014 1077 denique
1061 1005 1390 1061 adversariis
1423 1005 1727 1074 spiritibus,
1755 1001 1846 1070 qui
1880 1013 2008 1068 pro-

439 1109 558 1169 pter
592 1100 861 1153 levitatem
893 1097 1236 1159 substantiae,
1287 1094 1553 1164 ejusmodi
1597 1093 1834 1146 transitu
1896 1103 2006 1142 non

2107 451 2204 518 τῆς
2235 447 2419 509 οὐσίας
2467 445 2744 509 ἀκώλυτος
2775 449 2808 515 ἡ
2858 445 3081 516 τοιαύτη
3113 445 3378 509 διάϐασις.
3418 447 3546 498 Ἐπὶ
3568 448 3695 500 τοὺ-

2107 557 2221 601 τοις
2261 539 2353 590 καὶ
2386 540 2418 608 ἡ
2456 537 2591 608 πρὸς
2627 537 2854 608 οὐρανὸν
2887 535 3148 598 ἀνάϐασις
3174 536 3267 589 τοῦ
3287 538 3558 590 Δεσπότου
3589 537 3694 608 τὴν

2109 630 2277 700 αὐτὴν
2301 632 2432 700 ἡμῖν
2455 630 2683 699 παρέχει
2705 628 2964 692 διάνοιαν,
2989 629 3064 692 ὼς
3095 629 3290 681 εἰδέναι
3317 628 3410 682 τοῦ
3432 629 3532 698 μὲν
3553 627 3692 682 θεοῦ

2110 723 2282 788 Λόγου
2312 720 2409 791 τὴν
2438 722 2494 772 ὲν
2522 721 2769 790 οὐρανοῖς
2814 719 3084 790 διαγωγὴν
3141 719 3326 782 ἀΐδιον,
3362 718 3694 791 ἀχώριστον,

2109 813 2505 884 άπερίγραφον,
2529 812 2626 881 τῆς
2655 811 2712 864 δὲ
2744 811 3095 883 συνημμένης
3123 811 3342 884 σαρκὸς,
3367 812 3487 864 τότε
3511 828 3698 864 καινοο

2114 903 2454 974 τομουμένην
2510 903 2610 974 τὴν
2655 901 2812 972 ξένην
2872 901 3172 972 ἀνάληψιν,
3245 903 3697 972 μετοικιζομένης

2113 993 2246 1045 ὅπου
2292 991 2366 1062 μὴ
2395 991 2658 1064 πρότερον
2679 987 2747 1061 ἦν
2767 1005 2780 1018 ⁶
2810 991 2934 1043 ἐπεὶ
2977 991 3110 1061 μηδὲ
3149 991 3213 1042 ὲκ
3244 989 3456 1060 φύσεως
3487 985 3605 1060 εἶχε
3637 990 3700 1043 τὸ

2111 1083 2441 1155 τηλικούτων
2475 1081 2794 1152 ἀξιωθῆναι.

439 1195 668 1258 possunt
703 1186 1002 1256 prohiberi.
1039 1184 1306 1238 Prwterea
1350 1185 1491 1236 hanc
1519 1182 1847 1237 sententiam
1881 1179 1998 1249 ipsa
2028 1174 2240 1229 Domini
2277 1174 2332 1228 in
2357 1175 2557 1228 cmlum
2621 1173 2874 1227 ascensio
2904 1173 3063 1227 nobis
3097 1172 3370 1242 suggerit,
3428 1181 3488 1226 ut
3539 1177 3695 1226 scia-

438 1298 580 1347 mus,
627 1280 794 1335 Deium
844 1279 1082 1335 Verbum
1137 1280 1356 1350 quidem
1395 1279 1448 1332 in
1483 1280 1639 1333 caelis
1681 1277 1858 1345 egisse
1888 1270 2342 1344 perpetuo,nullo
2409 1268 2536 1322 inde
2586 1277 2830 1338 tempore
2869 1267 3168 1330 divulsum,
3210 1267 3378 1321 nullis
3439 1267 3694 1320 locorum

439 1377 628 1445 spatiis
671 1377 1146 1445 circumscriptum
1193 1391 1206 1426 :

1249 1389 1469 1428 carnem
1538 1387 1668 1426 vero
1719 1371 1798 1424 illi
1841 1368 2192 1436 coniunctam
2238 1375 2351 1418 tum
2414 1364 2674 1433 primum,
2703 1361 2864 1415 modo
2896 1361 3055 1429 plane
3088 1360 3377 1429 stupende,
3443 1366 3698 1413 erectam

438 1469 868 1538 translatamque
907 1484 994 1534 eo,
1031 1468 1119 1523 ubi
1166 1468 1319 1538 prius
1369 1482 1478 1521 non
1527 1476 1675 1532 erat;
1723 1462 1991 1534 siquidem
2031 1473 2140 1512 non
2165 1464 2360 1510 natura
2389 1456 2494 1510 hoc
2523 1455 2781 1519 habebat,
2817 1462 2876 1507 ut
2901 1453 2995 1505 tali
3027 1452 3200 1523 gloria
3231 1452 3547 1506 donaretur.

1198 1581 1315 1636 XV.

2859 1565 2974 1621 XV.

439 1694 842 1766 Adversusieos
895 1698 984 1766 qui
1031 1696 1224 1749 damno
1271 1695 1503 1764 afficiunt
1546 1711 1705 1763 genus
1738 1703 1998 1754 nostrum,

2119 1684 2257 1753 Πρὸς
2290 1684 2430 1766 robe
2458 1682 2813 1766 ζημιοῦγτας
2845 1678 3016 1766 ἡμῶν
3046 1678 3111 1766 to
3131 1678 3354 1766 Arb-Ioc,
3386 1675 3464 1760 τῷ
3483 1687 3570 1760 μή

507 1765 734 1846 adquod
764 1765 942 1846 negent
974 1766 1303 1820 Salvatorem
1339 1783 1404 1821 ex
1429 1773 1623 1818 natura
1650 1774 1832 1820 nostra
1866 1781 2005 1818 sum-

506 1838 671 1906 psisse
702 1838 985 1905 primitias.

508 1928 697 1981 Omnis
728 1929 936 1982 malitia
963 1937 1046 1984 est
1071 1944 1160 1983 res
1189 1929 1552 1992 detestabilis,
1583 1927 1692 1982 Deo
1718 1926 1930 1990 odiosa,
1956 1934 2011 1981 et

440 2017 754 2073 hominibus
803 2018 1044 2073 inimica.
1097 2020 1166 2074 At
1207 2035 1292 2083 ea,
1323 2036 1430 2090 qua
1479 2020 1729 2074 nonnulli
1780 2019 2012 2089 propria:

440 2107 601 2178 510
634 2109 794 2164 saluti
826 2109 1069 2166 invident
1099 2119 1152 2166 et
1175 2111 1382 2181 gloriae,
1403 2125 1619 2165 omnem
1650 2125 1878 2180 prorsus
1907 2111 2011 2163 im-

440 2201 764 2268 probitatem
806 2202 1121 2272 longissime
1156 2203 1347 2258 vincit.
1383 2201 1497 2256 Hoc
1520 2201 1632 2272 jam
1675 2208 1935 2271 prazstant
1975 2201 2013 2254 ii

439 2292 532 2362 qui
572 2300 770 2362 negant
818 2292 1153 2349 Salvatorem
1193 2309 1256 2349 ex
1292 2302 1487 2348 natura
1519 2301 1707 2348 nostra
1741 2292 2012 2362 primitias

442 2383 757 2452 sumpsisse.
776 2382 882 2437 Sed
903 2385 1090 2439 multis
1113 2385 1284 2440 modis
1299 2391 1547 2454 peccant,
1567 2383 1836 2453 tuquuod
1862 2382 2014 2437 Scri-

442 2483 617 2542 ptura:
644 2483 846 2529 sancta:
877 2477 1215 2542 testimonio,
1243 2483 1360 2529 tum
1390 2477 1564 2546 magis
1605 2473 1844 2544 Spiritus
1885 2489 2016 2530 san-

441 2565 516 2618 cti
550 2568 792 2623 oraculis
835 2568 1194 2624 adversentur
1227 2584 1238 2618 :
1267 2577 1378 2622 tum
1411 2567 1558 2637 quod
1589 2566 1805 2620 Domini
1837 2566 2014 2621 nostri

443 2657 496 2710 in
531 2658 778 2716 homines
811 2656 1048 2716 amorem
1099 2661 1397 2716 obscurare
1435 2675 1545 2715 non
1600 2660 1851 2714 dubitent
1883 2675 1896 2709 :
1933 2658 2015 2713 vel

441 2747 587 2816 quod
633 2749 818 2816 generi
862 2749 1145 2804 hominum
1189 2751 1448 2804 universo
1479 2748 1718 2819 pmstita
1751 2747 2014 2803 beneﬁcia

441 2846 724 2908 respuant,
758 2840 1119 2910 maximeque,
1145 2839 1290 2910 quod
1322 2855 1574 2910 magnam
1609 2840 1877 2909 assumpti
1917 2839 2016 2894 ho-

443 2930 608 2985 minis
636 2932 999 2985 mconomiam
1036 2932 1285 2986 inutilem
1315 2931 1616 2986 declarent.
1649 2929 1767 2985 Non
1794 2945 2011 2986 assum-

2186 1748 2332 1823 γέιν,
2359 1748 2427 1806 ἔκ
2458 1748 2567 1819 τῆς
2598 1753 2836 1823 φύσεως
2864 1749 3034 1820 ἡμῶν
3059 1748 3365 1816 εἰληφέναι
3383 1748 3495 1813 τὴν
3509 1748 3698 1813 ἀπαρ-

2181 1822 2302 1894 χὴν
2329 1823 2435 1877 τὸν
2465 1822 2730 1889 Σωτῆρα.

2180 1934 2336 1986 Πᾶσα
2371 1931 2470 2004 μὲν
2505 1932 2673 1985 κακία
2708 1932 2940 2002 πρᾶγμα
2970 1929 3201 1998 φευκτὸν
3232 1928 3325 1981 καὶ
3347 1925 3465 1996 Θεῷ
3493 1943 3697 1996 στυγηο

2112 2023 2224 2087 τὸν,
2287 2023 2382 2076 καὶ⁵
2428 2021 2736 2093 ἀνθρώποις
2788 2021 3045 2091 πολέμιον
3067 2037 3080 2050 ·
3108 2019 3170 2072 τὸ
3195 2019 3252 2072 δὲ
3288 2020 3380 2072 καὶ
3408 2022 3476 2088 τῇ
3517 2019 3696 2088 οἰκείᾳ

2113 2114 2357 2184 σωτηρίᾳ
2408 2114 2503 2166 καὶ
2561 2110 2687 2184 δόξῃ
2730 2112 3042 2183 βασκαίνειν
3081 2109 3252 2173 τινὰς,
3303 2109 3460 2163 τοῦτο
3512 2111 3697 2162 πᾶσαν

2113 2205 2438 2276 ὑπερϐάλλει
2472 2205 2737 2276 πονηρίας
2795 2203 3139 2276 ὑπερϐολήν·
3181 2203 3316 2272 ὅπερ
3363 2200 3578 2254 ποιοῦσι
3627 2201 3696 2252 τὰ

2116 2298 2211 2352 νῦν
2263 2300 2311 2351 oi
2363 2297 2541 2366 λέγειν
2607 2296 2916 2368 τολμῶντες
2951 2295 3025 2366 μὴ
3058 2296 3121 2347 ὲκ
3159 2293 3261 2363 τῆς
3288 2291 3502 2362 φύσεως
3535 2292 3696 2363 ἡμῶν

2117 2389 2268 2460 παρὰ
2305 2388 2397 2442 τοῦ
2439 2388 2688 2459 Σωτῆρος
2727 2387 2977 2460 εἰλῆφθαι
3018 2387 3432 2458 τὴν-ἀπαρχήν.
3461 2388 3572 2439 Καὶ
3601 2405 3698 2440 πο-

2114 2479 2395 2546 λυτρόπως
2445 2479 2853 2550 παρανομοῦσι·
2909 2478 3068 2532 τοῦτο
3119 2478 3218 2549 μὲν
3267 2482 3335 2548 τῇ
3386 2477 3495 2530 τῶν
3525 2478 3697 2546 ἁγίων

2114 2569 2345 2641 Γραφῶν
2369 2571 2662 2641 μαρτυρία,
2688 2569 2885 2641 μᾶλλον
2901 2570 2956 2623 δὲ
2972 2572 3036 2640 τῇ
3067 2569 3162 2622 τοῦ
3193 2568 3350 2637 ἁγίου
3378 2570 3698 2640 Πνεύματος

2113 2661 2404 2733 νομοθεσίᾳ
2448 2662 2781 2732 μαχόμενοιο
2841 2660 2998 2713 τοῦτο
3046 2661 3102 2714 δὲ
3147 2662 3245 2730 τὴν
3288 2660 3381 2714 τοῦ
3421 2664 3696 2714 Aser-.6109

2115 2751 2523 2821 φιλανθρωπίαν
2551 2750 2889 2814 ἐπισκιάζειν
2916 2749 3314 2821 τολμήσαντεςο
3338 2750 3495 2804 τοῦτο
3523 2751 3579 2804 δὲ
3598 2752 3698 2820 τὴν

2114 2843 2297 2912 κοινὴν
2332 2841 2633 2912 ἀνθρώπων
2687 2840 3004 2912 εὐεργεσίαν
3037 2839 3389 2904 ὲκὸάλ),οντες
3409 2858 3423 2872 ι
3455 2840 3537 2893 ἔτι
3588 2843 3696 2911 μὴν

2113 2935 2208 2988 καὶ
2239 2935 2494 3003 ἀνόνητον
2518 2933 2616 3004 τὴν
2641 2933 2880 3004 μεγάλην
2903 2931 3207 3001 οἰκονομίαν
3233 2932 3697 3004 τῆςὲνανθρωπήο

443 3021 552 3092 psit
598 3036 664 3076 ex
716 3030 905 3076 nostra
961 3033 1156 3076 natura
1205 3037 1426 3076 carnem
1467 3041 1480 3078 :
1518 3022 1792 3093 quomodo
1848 3023 2013 3093 igitur

2119 3041 2253 3087 σεως
2303 3025 2713 3093 ἀποφαίνοντες.
2756 3025 2870 3077 υὺκ
2917 3023 3110 3078 ἐλαϐεν
3155 3027 3218 3076 ὲκ
3271 3025 3370 3096 τῆς
3416 3025 3700 3097 ἡμετέρας

444 3113 708 3169 habitavit
737 3115 790 3168 in
815 3115 1002 3170 nobis?
1025 3116 1304 3181 Quomodo
1333 3131 1517 3170 semen
1541 3115 1771 3170 Abrahae
1793 3130 2011 3170 assum-

444 3203 596 3273 psit?
626 3202 910 3270 Quomodo
945 3206 1184 3259 dicitur:
1226 3224 1243 3256 ι
1277 3205 1352 3259 Ex
1387 3207 1587 3276 quibus
1627 3205 1882 3262 Christus
1930 3222 2016 3263 se-

443 3292 684 3347 cundum
706 3308 924 3348 carnem
944 3295 1026 3348 '7?
1051 3315 1068 3347 ι
1097 3295 1246 3349 Vana
1272 3297 1436 3366 igitur
1462 3297 1850 3366 prophetarum
1877 3298 2016 3351 vati-

444 3387 588 3440 cinia
614 3407 626 3439 :
653 3400 802 3440 vanae
827 3385 1016 3441 Davidi
1049 3387 1204 3442 factae
1225 3404 1254 3441 a
1288 3388 1396 3443 Deo
1425 3390 1817 3459 promissiones
1848 3405 1861 3441 :
1891 3408 1910 3440 ‹
1940 3388 2014 3445 De

447 3477 628 3533 fructu
680 3478 885 3534 ventris
925 3479 1003 3532 tui
1054 3495 1250 3549 ponam
1289 3495 1453 3550 super
1504 3479 1687 3535 sedem
1731 3490 1874 3533 tuam
1894 3480 1958 3532 ⁸⁸.
1991 3498 2008 3531 ι

446 3569 606 3625 Falso
653 3570 902 3626 Christus
959 3571 1145 3627 ﬁdeles
1194 3580 1354 3626 vocat
1403 3571 1601 3627 fratres
1668 3586 1798 3628 suos
1834 3570 2015 3628 :falso

446 3661 651 3716 Paulus
678 3664 752 3714 ait
779 3678 792 3713 :
829 3681 846 3713 ι
866 3661 998 3714 Nam
1024 3662 1196 3731 ipsius
1222 3677 1392 3732 genus
1420 3677 1610 3717 sumus
1631 3661 1697 3714 ⁸⁸.
1724 3679 1742 3712 ι
1780 3661 2015 3733 Ecquem

447 3769 556 3806 non
595 3752 794 3822 pudeat
830 3759 911 3805 tot
952 3760 1245 3824 tantosque
1291 3762 1458 3808 testes
1510 3753 1858 3822 impudenter
1888 3752 2017 3821 reji-

447 3861 592 3907 cere,
643 3857 781 3898 nova
829 3844 1175 3914 absurdaque
1220 3844 1473 3914 dogmata
1511 3843 1798 3910 fabricare,
1832 3843 2016 3898 debito

445 3936 746 4005 gratiarum
775 3935 1006 3990 actionis
1029 3935 1234 3990 honore
1257 3935 1543 3989 Dominum
1566 3937 1800 4006 privare,
1816 3937 2017 3992 damno

446 4029 682 4094 denique
711 4042 884 4098 genus
928 4037 1180 4082 nostrum
1218 4027 1532 4082 universum
1565 4027 1620 4080 in
1650 4027 1743 4081 illo
1775 4027 2019 4082 afﬁcere?

447 4119 568 4174 Non
600 4135 664 4174 ex
695 4119 854 4174 nobis
887 4129 970 4174 est
998 4133 1126 4172 caro
1152 4118 1242 4171 illa
1264 4125 1566 4187 assumpta.
1599 4115 1825 4182 Qualem
1852 4117 2018 4187 igitur

449 4207 641 4262 salutis
669 4204 820 4276 spem
851 4206 1153 4261 habemus?
1180 4204 1296 4260 Non
1324 4205 1503 4259 adhuc
1531 4205 1616 4260 lex
1643 4206 1863 4276 impleta
1889 4214 1972 4262 est
2001 4225 2013 4260 :

449 4298 628 4352 adhuc
660 4312 982 4352 accusamur
1014 4297 1081 4352 de
1113 4305 1336 4366 peccato
1369 4315 1382 4350 :
1410 4295 1587 4350 adhuc
1616 4296 2018 4352 maledictionis

2116 3113 2334 3182 φύσεως
2389 3115 2601 3185 σάρκαο
2643 3114 2761 3177 πῶς
2809 3109 2900 3166 οὖν
2951 3115 3260 3184 ἐσκήνωσεν
3287 3117 3344 3166 ὲν
3374 3117 3538 3185 mihi;
3571 3116 3700 3178 Πῶς

2116 3203 2427 3274 σπέρματος
2472 3202 2723 3275 Ἀ’σραὰμ
2752 3203 3074 3268 ὲπελάϐετο;
3109 3205 3234 3266 Πῶς
3272 3203 3507 3275 εἴρηται·
3537 3223 3556 3255 ‹
3609 3205 3704 3272 Ἐξ

2113 3287 2190 3347 ὧν
2223 3296 2250 3347 ὁ
2280 3294 2512 3364 Χριστὸς
2548 3295 2610 3347 τὸ
2661 3293 2800 3354 κατὰ
2841 3294 3050 3364 σάρκας
3085 3311 3104 3344 ›
3133 3293 3365 3357 Ψευδεῖς
3405 3295 3516 3348 τῶν
3565 3312 3703 3366 προ-

2117 3386 2304 3457 φητῶν
2331 3388 2386 3439 αί
2426 3388 2760 3458 προρρήσεις
2780 3385 3031 3454 ὀψευδεῖς
3062 3387 3118 3439 αἱ
3144 3385 3238 3438 τοῦ
3277 3384 3409 3438 Θεοῦ
3441 3386 3578 3456 πρὸς
3608 3388 3703 3439 τὸν

2115 3477 2278 3531 Δαόὶδ
2313 3479 2650 3548 ὑποσχέσεις·
2689 3497 2708 3528 ι
2753 3479 2848 3530 Ἐκ
2880 3477 3093 3547 καρποῦ
3121 3477 3222 3546 τῆς
3239 3477 3447 3540 κοιλίας
3478 3495 3573 3531 σου
3604 3478 3702 3552 θή-

2118 3586 2280 3638 σομαι
2308 3571 2401 3622 ὲπὶ
2425 3569 2518 3622 τοῦ
2546 3569 2735 3640 θρόνου
2760 3585 2851 3622 σου
2875 3585 2889 3598 ·
2922 3569 3130 3638 ψευδῶς
3147 3569 3405 3638 ἀδελφοὺς
3435 3571 3465 3622 ὁ
3490 3571 3698 3643 Κύριος

2117 3660 2241 3722 τοὺς
2268 3660 2492 3722 πιστοὺς
2520 3659 2772 3730 ὀνομάζει
2797 3675 2814 3692 °
2842 3658 3051 3727 ψευδῶς
3069 3662 3098 3712 ὁ
3124 3660 3334 3724 Παῦλος
3368 3657 3490 3714 εἷπε
3510 3680 3522 3692 ο
3545 3682 3564 3713 ι
3590 3663 3698 3715 Τοῦ

2115 3750 2226 3820 γὰρ
2259 3749 2353 3802 καὶ
2394 3750 2547 3818 γένος
2593 3749 2780 3819 ἐσμέν.
2805 3767 2825 3801 ι
2863 3749 2959 3811 Τίς
2991 3749 3089 3801 οὐκ
3132 3750 3452 3821 αἰσχύνηται
3483 3754 3579 3804 καὶ
3609 3770 3701 3805 το-

2118 3840 2323 3894 σούτων
2380 3843 2670 3914 μαρτύρων
2718 3840 2920 3911 πλῆθος
2979 3842 3211 3905 ἀναιδῶς
3255 3845 3539 3914 παρορᾷν,
3604 3847 3703 3899 καὶ

2116 3930 2400 4000 δογμάτων
2427 3931 2654 3983 ἀτοπίαν
2711 3935 3070 4001 καινοτομεῖν,
3107 3934 3200 3985 καὶ
3235 3934 3332 4003 τῆς
3359 3935 3452 3986 ἐπὶ
3486 3935 3700 4001 τούτοις

2118 4023 2467 4092 εὐχαριστίας
2520 4023 2608 4074 τὸν
2645 4022 2919 4092 Δεσπότην
2961 4025 3297 4096 ἀποστερεῖν,
3327 4026 3420 4078 καὶ
3451 4029 3510 4079 τὸ
3541 4030 3702 4094 γένος

2119 4113 2274 4182 ἡμῶν
2327 4111 2445 4164 ὅλον
2491 4113 2548 4165 ὲν
2590 4112 2816 4178 ταύταις
2869 4113 3130 4185 ζημιοῦνς
3182 4116 3295 4168 Ούκ
3346 4117 3403 4182 ἐξ
3452 4119 3615 4186 ἡμῶν
3663 4123 3703 4192 η

2119 4202 2382 4274 ληφθεῖσα
2412 4203 2583 4276 σάρξ;
2612 4206 2722 4258 Καὶ
2751 4205 2907 4258 ποίαν
2940 4207 3159 4277 ἕχομεν⁴
3177 4208 3441 4276 σωτηρίας
3469 4210 3702 4273 ἐλπίδας

2125 4297 2244 4348 Ἔτι
2275 4297 2404 4366 ἡμῖν
2439 4297 2468 4347 ὁ
2502 4297 2662 4366 νόμος
2700 4297 2843 4367 άπλή
2856 4314 3054 4368 ρωτος·
3096 4297 3176 4349 ἔτι
3203 4297 3299 4367 τῆς
3329 4299 3706 4370 παραϐάσεως·

449 4398 616 4438 onere
640 4383 936 4453 premimur
972 4398 988 4434 :
1016 4384 1196 4438 adhuc
1219 4399 1366 4439 mors
1399 4384 1453 4437 in
1486 4384 1644 4439 nobis
1666 4384 2011 4440 dominatur:

2119 4384 2438 4455 ἐγκλήματα
2458 4402 2470 4414 ·
2501 4385 2580 4438 ἔτι
2607 4388 2705 4457 τῆς
2739 4389 2984 4459 κατάρας
3015 4388 3074 4440 τὸ
3109 4388 3270 4462 βάρος
3290 4408 3303 4420 ’
3344 4392 3424 4444 ἔτι
3467 4394 3566 4447 τοῦ
3607 4395 3707 4449 θα-

451 4476 629 4530 adhuc
665 4477 879 4544 generis
912 4475 1087 4529 nostri
1126 4476 1273 4545 viget
1328 4475 1732 4530 condemnatio.
1782 4474 1841 4529 Si
1882 4477 2013 4530 nihil

2119 4477 2274 4529 νάτου
2299 4478 2358 4529 τὸ
2393 4479 2591 4548 κράτος
2613 4496 2625 4508 ·
2653 4479 2733 4531 ἔτι
2755 4479 2847 4532 τοῦ
2869 4481 3058 4548 γένους
3079 4483 3112 4552 ἡ
3133 4483 3413 4554 κατώίκη.
3440 4485 3503 4537 Εἰ
3529 4487 3706 4557 μηδὲν

450 4568 674 4621 omnino
702 4567 769 4620 de
804 4566 1112 4621 substantia
1155 4566 1393 4619 humana
1424 4566 1613 4621 habuit
1645 4567 1691 4621 is
1724 4567 1817 4636 qui
1845 4568 2013 4636 legem

2119 4563 2260 4636 εἶχεν
2297 4571 2360 4621 ὲκ
2390 4570 2486 4640 τῆς
2535 4570 2878 4641 ἀνθρωπίνης
2912 4571 3096 4636 οὐσίας
3125 4575 3152 4625 ὁ
3174 4573 3264 4626 τὸν
3295 4575 3458 4644 νόμον
3479 4576 3710 4648 πληρώ-

451 4660 714 4732 implevit,
747 4660 925 4714 adhuc
950 4666 1146 4712 natura
1177 4659 1623 4715 accusatidnibus
1647 4670 1731 4717 est
1759 4661 2018 4717 obnoxia.

451 4753 724 4808 Fortassis
761 4751 854 4822 qui
885 4750 1101 4821 generis
1139 4752 1312 4805 nostri
1354 4760 1483 4808 sunt
1513 4753 1568 4806 in
1615 4752 1885 4822 judicium
1919 4769 2021 4822 pu-

452 4846 657 4900 blicum
690 4843 966 4898 vocabunt
1001 4843 1392 4913 legislatorem,
1421 4851 1482 4898 ut
1507 4844 1599 4913 qui
1630 4843 1794 4898 nimis
1823 4845 2024 4899 arduas

450 4937 784 5006 inutilesque
820 4935 1140 4990 hominibus
1191 4935 1338 5005 leges
1386 4934 1718 5004 imposuisse
1746 4933 2018 4999 videatur,

451 5041 518 5081 eo
562 5025 707 5097 quod
753 5041 915 5081 nemo
961 5040 1056 5080 eas
1097 5024 1272 5095 possit
1314 5024 1561 5094 implere.
1599 5022 1689 5078 Sic
1722 5026 1906 5080 carnis
1936 5040 2023 5080 rc-

446 5117 616 5188 jectio
673 5117 1136 5189 blasphemiarum
1184 5116 1429 5170 omnium
1481 5115 1540 5170 ﬁt
1586 5114 2020 5170 fundamentdm.

451 5209 836 5267 Necessarium
885 5209 1054 5280 igitur
1092 5216 1195 5271 est,
1241 5209 1351 5262 imo
1385 5209 1854 5277 pernecessarium
1901 5223 2022 5262 cre-

451 5305 582 5358 dere
611 5301 914 5373 Scripturis
961 5301 1191 5365 sanctis,
1226 5299 1474 5354 conﬁteri
1503 5315 1566 5355 ex
1598 5307 1788 5355 nostro
1821 5313 2021 5369 genere

453 5396 744 5468 primitias,
779 5397 1056 5451 celebrare
1104 5394 1434 5464 singularem
1482 5392 1815 5447 assumentis
1845 5392 1899 5444 in
1927 5405 2020 5460 ge-

452 5500 560 5542 nus
588 5485 868 5539 hominum
903 5499 1165 5548 amorem,
1208 5482 1599 5550 obstupescere
1635 5494 1842 5552 magnae
1870 5493 2020 5534 (eeo-

2118 4677 2237 4722 σας,
2270 4661 2348 4713 ἔτι
2383 4663 2502 4724 ταῖς
2550 4664 2902 4732 κατηγορίαις
2937 4665 2968 4734 ὴ
3013 4664 3172 4732 φύσις
3201 4665 3518 4729 ὑπεύθυνος.
3549 4669 3708 4738 Τάχα

2118 4753 2211 4804 καὶ
2235 4752 2389 4822 δίκην
2414 4753 2462 4804 oi
2489 4752 2581 4804 τοῦ
2607 4753 2793 4821 γένους
2835 4756 2970 4825 πρὸς
3004 4756 3094 4809 τὸν
3117 4757 3411 4828 νομοθέτην
3441 4761 3708 4832 ἄντικρυς

2123 4845 2607 4914 συγκροτήσουσιν,
2637 4845 2712 4908 ὡς
2742 4847 2969 4914 περιττὰ
2991 4849 3084 4901 καὶ
3105 4849 3337 4918 ἀνόνητα
3356 4854 3468 4914 τοῖς
3493 4852 3596 4904 ἀνθ
3607 4854 3710 4924 ρώ-

2119 4953 2239 4998 ποις
2283 4935 2736 5006 νομοθετήσαντα,
2792 4937 2871 5005 τῷ
2923 4938 3127 5008 μηδένα
3191 4939 3483 5010 δυνηθῆναι
3527 4943 3708 4998 ταῦτα

2119 5027 2424 5096 πληρῶσαι.
2456 5028 2640 5091 Οὕτως
2673 5031 2705 5100 ἡ
2733 5029 2831 5097 τῆς
2871 5031 3069 5100 σαρκὸς
3098 5031 3357 5102 ἀθέτησις
3392 5035 3576 5105 πάσης
3613 5040 3709 5104 γί-

2119 5135 2266 5169 νεται
2333 5117 2680 5192 βλασφημίας
2704 5119 2976 5184 ὑπόθεσις.
3043 5123 3361 5192 Ἀναγκαῖον
3387 5121 3500 5185 οὖν.
3535 5128 3713 5195 ἀναγ-

2121 5211 2274 5260 καῖον
2305 5208 2590 5264 πιστεῦσαι
2639 5213 2756 5273 ταῖς
2801 5212 2983 5279 άγίαις
3047 5213 3312 5284 Γραςααῖς,
3366 5216 3710 5291 ὁμολογῆσαι

2123 5299 2220 5369 τὴν
2250 5299 2306 5365 ἐξ
2325 5300 2479 5370 ήμῶν
2507 5302 2778 5373 ἀπαρχὴν,
2802 5300 3018 5366 δοξάσαι
3053 5303 3150 5374 τὴν
3175 5305 3270 5357 τοῦ
3296 5305 3551 5371 λαϐόντος
3587 5313 3712 5378 φιλ-

2125 5389 2454 5460 ανθρωπίαν,
2478 5392 2812 5462 ἐκπλαγῆναι
2847 5393 2906 5446 τὸ
2951 5394 3134 5465 θαῦμα
3160 5396 3258 5467 τῆς
3291 5398 3534 5469 μεγάλης
3559 5402 3712 5453 οίκο-

2125 5481 2336 5548 νομίας,
2372 5483 2444 5554 μὴ
2466 5483 2757 5540 δεδοικέναι
2790 5486 2887 5558 τὴν
2911 5489 2974 5540 ὲκ
2999 5489 3163 5558 νόμου
3189 5490 3434 5561 κατάραν
3457 5512 3469 5521 ·
3508 5509 3531 5544 ι
3571 5493 3716 5565 ξρι-

525 5639 570 5670 "
608 5636 765 5693 Bon).
799 5654 888 5703 ix,
922 5637 975 5694 5.
1050 5637 1094 5669 ⁸⁸
1134 5634 1278 5692 Psal.
1309 5651 1504 5701 exui,
1542 5635 1628 5690 tl.
1705 5634 1750 5666 ”
1788 5635 1909 5688 Act.
1947 5647 2094 5700 xvn,
2131 5631 2218 5687 28.
