  <div class='ocr_page' id='page_1' title='image "/cluster/home/n/w/nwhite01/storage/ocr_20150623/28/nnc1.0046978690/776.png"; bbox 0 0 3860 6220; ppageno 0'>
   <div class='ocr_carea' id='block_1_1' title="bbox 81 198 3363 269">
    <p class='ocr_par' dir='ltr' id='par_1_1' title="bbox 81 198 3363 269">
     <span class='ocr_line' id='line_1_1' title="bbox 81 198 3363 269; baseline -0.001 -12"><span class='ocrx_word' id='word_1_1' title='bbox 81 204 252 259; x_wconf 69' lang='lat' dir='ltr'><strong>i385</strong></span> <span class='ocrx_word' id='word_1_2' title='bbox 886 200 1459 257; x_wconf 76' lang='lat' dir='ltr'><strong>CONFUTATIONES</strong></span> <span class='ocrx_word' id='word_1_3' title='bbox 1496 200 1938 269; x_wconf 76' lang='lat' dir='ltr'><strong>QUARUMDAM</strong></span> <span class='ocrx_word' id='word_1_4' title='bbox 1979 198 2484 256; x_wconf 79' lang='lat' dir='ltr'><strong>PROPOSITIONU</strong></span> <span class='ocrx_word' id='word_1_5' title='bbox 2497 200 2563 255; x_wconf 77' lang='grc' dir='ltr'><strong>Μ.</strong></span> <span class='ocrx_word' id='word_1_6' title='bbox 3220 199 3363 253; x_wconf 65' lang='lat' dir='ltr'><strong>I386</strong></span> 
     </span>
    </p>
   </div>
   <div class='ocr_carea' id='block_1_2' title="bbox 81 304 1605 388">
    <p class='ocr_par' dir='ltr' id='par_1_2' title="bbox 81 315 1575 388">
     <span class='ocr_line' id='line_1_2' title="bbox 81 315 1575 388; baseline -0.001 -16"><span class='ocrx_word' id='word_1_7' title='bbox 81 318 235 381; x_wconf 83' lang='grc' dir='ltr'>στδς</span> <span class='ocrx_word' id='word_1_8' title='bbox 273 316 388 388; x_wconf 80' lang='grc' dir='ltr'>γὰρ</span> <span class='ocrx_word' id='word_1_9' title='bbox 413 318 559 388; x_wconf 78' lang='grc' dir='ltr'>ἡμᾶς</span> <span class='ocrx_word' id='word_1_10' title='bbox 603 315 930 388; x_wconf 74' lang='grc' dir='ltr'><strong>ἐξηγόρασεν</strong></span> <span class='ocrx_word' id='word_1_11' title='bbox 966 318 1029 370; x_wconf 83' lang='grc' dir='ltr'><strong>ἐκ</strong></span> <span class='ocrx_word' id='word_1_12' title='bbox 1064 317 1164 386; x_wconf 84' lang='grc' dir='ltr'>τῆς</span> <span class='ocrx_word' id='word_1_13' title='bbox 1206 316 1451 388; x_wconf 83' lang='grc' dir='ltr'><strong>κατάρας</strong></span> <span class='ocrx_word' id='word_1_14' title='bbox 1482 334 1575 370; x_wconf 86' lang='grc' dir='ltr'><strong>του</strong></span> 
     </span>
    </p>
   </div>
   <div class='ocr_carea' id='block_1_3' title="bbox 1843 304 3367 388">
    <p class='ocr_par' dir='ltr' id='par_1_3' title="bbox 1843 304 3367 384">
     <span class='ocr_line' id='line_1_3' title="bbox 1843 304 3367 384; baseline 0 -13"><span class='ocrx_word' id='word_1_15' title='bbox 1843 318 1988 372; x_wconf 74' lang='lat' dir='ltr'><strong>)miae</strong></span> <span class='ocrx_word' id='word_1_16' title='bbox 2029 317 2392 384; x_wconf 83' lang='lat' dir='ltr'><strong>miraculum;</strong></span> <span class='ocrx_word' id='word_1_17' title='bbox 2435 330 2543 372; x_wconf 92' lang='lat' dir='ltr'><strong>non</strong></span> <span class='ocrx_word' id='word_1_18' title='bbox 2586 317 2780 371; x_wconf 88' lang='lat' dir='ltr'><strong>timere</strong></span> <span class='ocrx_word' id='word_1_19' title='bbox 2810 304 3257 371; x_wconf 85' lang='lat' dir='ltr'><strong>maledictionem</strong></span> <span class='ocrx_word' id='word_1_20' title='bbox 3289 316 3367 371; x_wconf 85' lang='lat' dir='ltr'><strong>le&#39;-</strong></span> 
     </span>
    </p>
   </div>
   <div class='ocr_carea' id='block_1_4' title="bbox 84 404 1608 480">
    <p class='ocr_par' dir='ltr' id='par_1_4' title="bbox 84 407 1608 480">
     <span class='ocr_line' id='line_1_4' title="bbox 84 407 1608 480; baseline 0.001 -20"><span class='ocrx_word' id='word_1_21' title='bbox 84 427 212 478; x_wconf 84' lang='grc' dir='ltr'><strong>μου</strong></span> <span class='ocrx_word' id='word_1_22' title='bbox 234 425 250 439; x_wconf 76' lang='grc' dir='ltr'><strong>ο</strong></span> <span class='ocrx_word' id='word_1_23' title='bbox 292 427 316 460; x_wconf 71' lang='grc' dir='ltr'><strong>ι</strong></span> <span class='ocrx_word' id='word_1_24' title='bbox 352 409 450 478; x_wconf 82' lang='grc' dir='ltr'>τὴν</span> <span class='ocrx_word' id='word_1_25' title='bbox 482 408 756 480; x_wconf 82' lang='grc' dir='ltr'>πλήρωσιν</span> <span class='ocrx_word' id='word_1_26' title='bbox 798 408 891 461; x_wconf 92' lang='grc' dir='ltr'><strong>τοῦ</strong></span> <span class='ocrx_word' id='word_1_27' title='bbox 931 408 1118 479; x_wconf 86' lang='grc' dir='ltr'>νόμου,</span> <span class='ocrx_word' id='word_1_28' title='bbox 1154 407 1251 478; x_wconf 82' lang='grc' dir='ltr'>τὴν</span> <span class='ocrx_word' id='word_1_29' title='bbox 1288 409 1377 462; x_wconf 78' lang='grc' dir='ltr'>διὰ</span> <span class='ocrx_word' id='word_1_30' title='bbox 1399 409 1498 479; x_wconf 84' lang='grc' dir='ltr'>τῆς</span> <span class='ocrx_word' id='word_1_31' title='bbox 1520 409 1608 462; x_wconf 83' lang='grc' dir='ltr'>άπ‹</span> 
     </span>
    </p>
   </div>
   <div class='ocr_carea' id='block_1_5' title="bbox 1843 404 3367 480">
    <p class='ocr_par' dir='ltr' id='par_1_5' title="bbox 1843 404 3367 476">
     <span class='ocr_line' id='line_1_5' title="bbox 1843 404 3367 476; baseline 0 -15"><span class='ocrx_word' id='word_1_32' title='bbox 1843 410 1918 465; x_wconf 81' lang='lat' dir='ltr'><strong>is:</strong></span> <span class='ocrx_word' id='word_1_33' title='bbox 1953 407 2242 463; x_wconf 76' lang='lat' dir='ltr'><strong>lChl‘lSlllS</strong></span> <span class='ocrx_word' id='word_1_34' title='bbox 2287 407 2434 463; x_wconf 89' lang='lat' dir='ltr'><strong>enim</strong></span> <span class='ocrx_word' id='word_1_35' title='bbox 2460 420 2563 461; x_wconf 93' lang='lat' dir='ltr'><strong>nos</strong></span> <span class='ocrx_word' id='word_1_36' title='bbox 2595 422 2626 460; x_wconf 94' lang='lat' dir='ltr'><strong>a</strong></span> <span class='ocrx_word' id='word_1_37' title='bbox 2667 404 2958 461; x_wconf 89' lang='lat' dir='ltr'><strong>maledicto</strong></span> <span class='ocrx_word' id='word_1_38' title='bbox 2987 405 3121 476; x_wconf 80' lang='lat' dir='ltr'><strong>legis</strong></span> <span class='ocrx_word' id='word_1_39' title='bbox 3163 404 3367 467; x_wconf 52' lang='lat' dir='ltr'><strong>liberae</strong></span> 
     </span>
    </p>
   </div>
   <div class='ocr_carea' id='block_1_6' title="bbox 80 498 1604 572">
    <p class='ocr_par' dir='ltr' id='par_1_6' title="bbox 80 498 1604 571">
     <span class='ocr_line' id='line_1_6' title="bbox 80 498 1604 571; baseline 0.001 -20"><span class='ocrx_word' id='word_1_40' title='bbox 80 502 207 570; x_wconf 80' lang='grc' dir='ltr'>χῆς</span> <span class='ocrx_word' id='word_1_41' title='bbox 245 498 573 570; x_wconf 81' lang='grc' dir='ltr'><strong>γενομένην,</strong></span> <span class='ocrx_word' id='word_1_42' title='bbox 601 498 706 570; x_wconf 82' lang='grc' dir='ltr'><strong>ὅλῳ</strong></span> <span class='ocrx_word' id='word_1_43' title='bbox 733 499 1042 568; x_wconf 75' lang='grc' dir='ltr'>λογίζεσθαι</span> <span class='ocrx_word' id='word_1_44' title='bbox 1085 498 1162 570; x_wconf 85' lang='grc' dir='ltr'>τῷ</span> <span class='ocrx_word' id='word_1_45' title='bbox 1195 501 1495 571; x_wconf 82' lang='grc' dir='ltr'>φυράματι,</span> <span class='ocrx_word' id='word_1_46' title='bbox 1531 518 1604 570; x_wconf 74' lang='grc' dir='ltr'><strong>γιι</strong></span> 
     </span>
    </p>
   </div>
   <div class='ocr_carea' id='block_1_7' title="bbox 1842 498 3366 572">
    <p class='ocr_par' dir='ltr' id='par_1_7' title="bbox 1842 498 3366 572">
     <span class='ocr_line' id='line_1_7' title="bbox 1842 498 3366 572; baseline -0.001 -17"><span class='ocrx_word' id='word_1_47' title='bbox 1842 502 1995 566; x_wconf 70' lang='grc' dir='ltr'><strong>ιῑ⁹⁰,»</strong></span> <span class='ocrx_word' id='word_1_48' title='bbox 2030 501 2399 572; x_wconf 88' lang='lat' dir='ltr'><strong>impletionem</strong></span> <span class='ocrx_word' id='word_1_49' title='bbox 2449 500 2586 571; x_wconf 80' lang='lat' dir='ltr'><strong>legis</strong></span> <span class='ocrx_word' id='word_1_50' title='bbox 2628 514 2660 554; x_wconf 92' lang='lat' dir='ltr'><strong>a</strong></span> <span class='ocrx_word' id='word_1_51' title='bbox 2710 498 2969 570; x_wconf 90' lang='lat' dir='ltr'><strong>primitiis</strong></span> <span class='ocrx_word' id='word_1_52' title='bbox 3010 498 3210 553; x_wconf 77' lang='lat' dir='ltr'><strong>factam</strong></span> <span class='ocrx_word' id='word_1_53' title='bbox 3265 499 3366 553; x_wconf 79' lang='lat' dir='ltr'><strong>toti</strong></span> 
     </span>
    </p>
   </div>
   <div class='ocr_carea' id='block_1_8' title="bbox 84 589 1608 664">
    <p class='ocr_par' dir='ltr' id='par_1_8' title="bbox 84 590 1608 664">
     <span class='ocr_line' id='line_1_8' title="bbox 84 590 1608 664; baseline 0 -20"><span class='ocrx_word' id='word_1_54' title='bbox 84 607 268 644; x_wconf 86' lang='grc' dir='ltr'>σκειν</span> <span class='ocrx_word' id='word_1_55' title='bbox 294 590 360 644; x_wconf 81' lang='grc' dir='ltr'><strong>τὸ</strong></span> <span class='ocrx_word' id='word_1_56' title='bbox 386 591 594 663; x_wconf 80' lang='grc' dir='ltr'>πρέπον</span> <span class='ocrx_word' id='word_1_57' title='bbox 626 592 720 645; x_wconf 59' lang='grc' dir='ltr'><strong>καὶ⁴</strong></span> <span class='ocrx_word' id='word_1_58' title='bbox 744 592 805 644; x_wconf 86' lang='grc' dir='ltr'><strong>τὸ</strong></span> <span class='ocrx_word' id='word_1_59' title='bbox 844 591 1160 646; x_wconf 85' lang='grc' dir='ltr'>ἀκόλουθον’</span> <span class='ocrx_word' id='word_1_60' title='bbox 1197 594 1299 655; x_wconf 85' lang='grc' dir='ltr'>ὅτι,</span> <span class='ocrx_word' id='word_1_61' title='bbox 1332 591 1467 646; x_wconf 84' lang='grc' dir='ltr'>Θεοῦ</span> <span class='ocrx_word' id='word_1_62' title='bbox 1492 610 1608 664; x_wconf 62' lang='grc' dir='ltr'>γυμε</span> 
     </span>
    </p>
   </div>
   <div class='ocr_carea' id='block_1_9' title="bbox 1843 589 3367 664">
    <p class='ocr_par' dir='ltr' id='par_1_9' title="bbox 1843 589 3367 663">
     <span class='ocr_line' id='line_1_9' title="bbox 1843 589 3367 663; baseline -0.001 -17"><span class='ocrx_word' id='word_1_63' title='bbox 1843 606 1993 647; x_wconf 63' lang='lat' dir='ltr'><strong>lassae</strong></span> <span class='ocrx_word' id='word_1_64' title='bbox 2024 592 2321 657; x_wconf 82' lang='lat' dir='ltr'><strong>ascribere,</strong></span> <span class='ocrx_word' id='word_1_65' title='bbox 2356 606 2656 662; x_wconf 77' lang='lat' dir='ltr'><strong>agnoscere</strong></span> <span class='ocrx_word' id='word_1_66' title='bbox 2685 589 2816 661; x_wconf 90' lang='lat' dir='ltr'><strong>quid</strong></span> <span class='ocrx_word' id='word_1_67' title='bbox 2861 598 3211 663; x_wconf 40' lang='lat' dir='ltr'><strong>congruat/et</strong></span> <span class='ocrx_word' id='word_1_68' title='bbox 3238 589 3367 661; x_wconf 89' lang='lat' dir='ltr'><strong>quid</strong></span> 
     </span>
    </p>
   </div>
   <div class='ocr_carea' id='block_1_10' title="bbox 81 681 1605 757">
    <p class='ocr_par' dir='ltr' id='par_1_10' title="bbox 81 682 1605 757">
     <span class='ocr_line' id='line_1_10' title="bbox 81 682 1605 757; baseline 0.003 -22"><span class='ocrx_word' id='word_1_69' title='bbox 81 682 197 736; x_wconf 82' lang='grc' dir='ltr'><strong>τὸν</strong></span> <span class='ocrx_word' id='word_1_70' title='bbox 228 682 401 753; x_wconf 87' lang='grc' dir='ltr'>νόμον</span> <span class='ocrx_word' id='word_1_71' title='bbox 435 683 838 754; x_wconf 84' lang='grc' dir='ltr'>πληρώσαντος,</span> <span class='ocrx_word' id='word_1_72' title='bbox 877 685 1015 754; x_wconf 82' lang='grc' dir='ltr'>ὅπερ</span> <span class='ocrx_word' id='word_1_73' title='bbox 1043 685 1165 739; x_wconf 85' lang='grc' dir='ltr'>οὐδὲ</span> <span class='ocrx_word' id='word_1_74' title='bbox 1209 684 1389 755; x_wconf 80' lang='grc' dir='ltr'>λέγειν</span> <span class='ocrx_word' id='word_1_75' title='bbox 1422 686 1605 757; x_wconf 83' lang='grc' dir='ltr'>ἀρμόδι</span> 
     </span>
    </p>
   </div>
   <div class='ocr_carea' id='block_1_11' title="bbox 1843 681 3367 757">
    <p class='ocr_par' dir='ltr' id='par_1_11' title="bbox 1843 681 3367 755">
     <span class='ocr_line' id='line_1_11' title="bbox 1843 681 3367 755; baseline 0 -18"><span class='ocrx_word' id='word_1_76' title='bbox 1843 692 2187 752; x_wconf 66' lang='lat' dir='ltr'><strong>insequatur.</strong></span> <span class='ocrx_word' id='word_1_77' title='bbox 2225 682 2365 740; x_wconf 75' lang='lat' dir='ltr'><strong>Nam</strong></span> <span class='ocrx_word' id='word_1_78' title='bbox 2414 684 2461 739; x_wconf 89' lang='lat' dir='ltr'><strong>si</strong></span> <span class='ocrx_word' id='word_1_79' title='bbox 2509 682 2661 739; x_wconf 89' lang='lat' dir='ltr'><strong>solus</strong></span> <span class='ocrx_word' id='word_1_80' title='bbox 2710 681 2855 738; x_wconf 85' lang='lat' dir='ltr'><strong>Deus</strong></span> <span class='ocrx_word' id='word_1_81' title='bbox 2893 683 3069 753; x_wconf 83' lang='lat' dir='ltr'><strong>legem</strong></span> <span class='ocrx_word' id='word_1_82' title='bbox 3099 683 3367 755; x_wconf 75' lang='lat' dir='ltr'><strong>implevit,</strong></span> 
     </span>
    </p>
   </div>
   <div class='ocr_carea' id='block_1_12' title="bbox 82 770 1606 849">
    <p class='ocr_par' dir='ltr' id='par_1_12' title="bbox 82 770 1606 849">
     <span class='ocr_line' id='line_1_12' title="bbox 82 770 1606 849; baseline 0.003 -23"><span class='ocrx_word' id='word_1_83' title='bbox 82 774 209 826; x_wconf 73' lang='grc' dir='ltr'><strong>οὐκ</strong></span> <span class='ocrx_word' id='word_1_84' title='bbox 274 770 349 845; x_wconf 81' lang='grc' dir='ltr'>ἧν</span> <span class='ocrx_word' id='word_1_85' title='bbox 392 773 555 845; x_wconf 82' lang='grc' dir='ltr'>ἄλλην</span> <span class='ocrx_word' id='word_1_86' title='bbox 604 775 791 828; x_wconf 76' lang='grc' dir='ltr'>οὐσίαν</span> <span class='ocrx_word' id='word_1_87' title='bbox 825 774 1071 846; x_wconf 78' lang='grc' dir='ltr'><strong>μετέχειν</strong></span> <span class='ocrx_word' id='word_1_88' title='bbox 1110 775 1204 830; x_wconf 88' lang='grc' dir='ltr'><strong>τοῦ</strong></span> <span class='ocrx_word' id='word_1_89' title='bbox 1243 776 1606 849; x_wconf 61' lang='grc' dir='ltr'>κατορθώματι</span> 
     </span>
    </p>
   </div>
   <div class='ocr_carea' id='block_1_13' title="bbox 1844 770 3368 849">
    <p class='ocr_par' dir='ltr' id='par_1_13' title="bbox 1844 773 3368 847">
     <span class='ocr_line' id='line_1_13' title="bbox 1844 773 3368 847; baseline 0.001 -19"><span class='ocrx_word' id='word_1_90' title='bbox 1844 773 1944 829; x_wconf 86' lang='lat' dir='ltr'><strong>uod</strong></span> <span class='ocrx_word' id='word_1_91' title='bbox 1970 790 2039 829; x_wconf 91' lang='lat' dir='ltr'><strong>ne</strong></span> <span class='ocrx_word' id='word_1_92' title='bbox 2067 774 2249 830; x_wconf 83' lang='lat' dir='ltr'><strong>dicere</strong></span> <span class='ocrx_word' id='word_1_93' title='bbox 2279 774 2499 847; x_wconf 89' lang='lat' dir='ltr'><strong>quidem</strong></span> <span class='ocrx_word' id='word_1_94' title='bbox 2527 775 2803 841; x_wconf 75' lang='lat' dir='ltr'><strong>convenit,</strong></span> <span class='ocrx_word' id='word_1_95' title='bbox 2846 775 2995 829; x_wconf 91' lang='lat' dir='ltr'><strong>nulla</strong></span> <span class='ocrx_word' id='word_1_96' title='bbox 3024 775 3131 829; x_wconf 88' lang='lat' dir='ltr'><strong>alia</strong></span> <span class='ocrx_word' id='word_1_97' title='bbox 3172 783 3368 830; x_wconf 89' lang='lat' dir='ltr'><strong>natura</strong></span> 
     </span>
    </p>
   </div>
   <div class='ocr_carea' id='block_1_14' title="bbox 89 863 1613 941">
    <p class='ocr_par' dir='ltr' id='par_1_14' title="bbox 89 866 1613 941">
     <span class='ocr_line' id='line_1_14' title="bbox 89 866 1613 941; baseline 0.003 -22"><span class='ocrx_word' id='word_1_98' title='bbox 89 866 324 938; x_wconf 79' lang='grc' dir='ltr'>σαρκὸς</span> <span class='ocrx_word' id='word_1_99' title='bbox 357 866 414 920; x_wconf 77' lang='grc' dir='ltr'>δὲ</span> <span class='ocrx_word' id='word_1_100' title='bbox 443 867 541 938; x_wconf 81' lang='grc' dir='ltr'>τῆς</span> <span class='ocrx_word' id='word_1_101' title='bbox 576 866 636 933; x_wconf 79' lang='grc' dir='ltr'><strong>ἐξ</strong></span> <span class='ocrx_word' id='word_1_102' title='bbox 664 866 818 938; x_wconf 83' lang='grc' dir='ltr'>ημῶν</span> <span class='ocrx_word' id='word_1_103' title='bbox 843 869 900 919; x_wconf 91' lang='grc' dir='ltr'><strong>ἐν</strong></span> <span class='ocrx_word' id='word_1_104' title='bbox 925 867 1003 938; x_wconf 83' lang='grc' dir='ltr'>τῷ</span> <span class='ocrx_word' id='word_1_105' title='bbox 1042 866 1389 940; x_wconf 79' lang='grc' dir='ltr'>πληρώσαντι</span> <span class='ocrx_word' id='word_1_106' title='bbox 1413 869 1505 924; x_wconf 85' lang='grc' dir='ltr'><strong>τὸν</strong></span> <span class='ocrx_word' id='word_1_107' title='bbox 1537 870 1613 941; x_wconf 76' lang='grc' dir='ltr'><strong>νόι</strong></span> 
     </span>
    </p>
   </div>
   <div class='ocr_carea' id='block_1_15' title="bbox 1845 863 3369 941">
    <p class='ocr_par' dir='ltr' id='par_1_15' title="bbox 1845 863 3369 936">
     <span class='ocr_line' id='line_1_15' title="bbox 1845 863 3369 936; baseline 0.002 -17"><span class='ocrx_word' id='word_1_108' title='bbox 1845 865 2047 920; x_wconf 87' lang='lat' dir='ltr'><strong>raeclari</strong></span> <span class='ocrx_word' id='word_1_109' title='bbox 2072 863 2203 921; x_wconf 83' lang='lat' dir='ltr'><strong>facti</strong></span> <span class='ocrx_word' id='word_1_110' title='bbox 2236 874 2322 921; x_wconf 89' lang='lat' dir='ltr'><strong>est</strong></span> <span class='ocrx_word' id='word_1_111' title='bbox 2352 866 2648 936; x_wconf 79' lang='lat' dir='ltr'><strong>particeps.</strong></span> <span class='ocrx_word' id='word_1_112' title='bbox 2678 866 2748 920; x_wconf 86' lang='lat' dir='ltr'><strong>At</strong></span> <span class='ocrx_word' id='word_1_113' title='bbox 2774 866 2821 922; x_wconf 90' lang='lat' dir='ltr'><strong>si</strong></span> <span class='ocrx_word' id='word_1_114' title='bbox 2843 874 3098 936; x_wconf 88' lang='lat' dir='ltr'><strong>suscepta</strong></span> <span class='ocrx_word' id='word_1_115' title='bbox 3119 881 3183 922; x_wconf 87' lang='lat' dir='ltr'><strong>ex</strong></span> <span class='ocrx_word' id='word_1_116' title='bbox 3208 867 3369 922; x_wconf 85' lang='lat' dir='ltr'><strong>nobis</strong></span> 
     </span>
    </p>
   </div>
   <div class='ocr_carea' id='block_1_16' title="bbox 86 954 1610 1031">
    <p class='ocr_par' dir='ltr' id='par_1_16' title="bbox 86 954 1610 1031">
     <span class='ocr_line' id='line_1_16' title="bbox 86 954 1610 1031; baseline 0.005 -25"><span class='ocrx_word' id='word_1_117' title='bbox 86 954 547 1029; x_wconf 77' lang='grc' dir='ltr'>γνωριζομένης,</span> <span class='ocrx_word' id='word_1_118' title='bbox 589 958 937 1026; x_wconf 77' lang='grc' dir='ltr'>ἀναφαίνεται</span> <span class='ocrx_word' id='word_1_119' title='bbox 962 956 1055 1011; x_wconf 90' lang='grc' dir='ltr'><strong>τοῦ</strong></span> <span class='ocrx_word' id='word_1_120' title='bbox 1087 959 1274 1030; x_wconf 85' lang='grc' dir='ltr'>γένους</span> <span class='ocrx_word' id='word_1_121' title='bbox 1307 959 1369 1012; x_wconf 85' lang='grc' dir='ltr'><strong>τὸ</strong></span> <span class='ocrx_word' id='word_1_122' title='bbox 1414 956 1610 1031; x_wconf 68' lang='grc' dir='ltr'>καύχηι</span> 
     </span>
    </p>
   </div>
   <div class='ocr_carea' id='block_1_17' title="bbox 1848 954 3372 1031">
    <p class='ocr_par' dir='ltr' id='par_1_17' title="bbox 1848 957 3372 1029">
     <span class='ocr_line' id='line_1_17' title="bbox 1848 957 3372 1029; baseline 0.003 -19"><span class='ocrx_word' id='word_1_123' title='bbox 1848 972 1928 1012; x_wconf 71' lang='grc' dir='ltr'><strong>ιτο</strong></span> <span class='ocrx_word' id='word_1_124' title='bbox 1960 957 2017 1012; x_wconf 90' lang='lat' dir='ltr'><strong>in</strong></span> <span class='ocrx_word' id='word_1_125' title='bbox 2045 972 2131 1022; x_wconf 90' lang='lat' dir='ltr'><strong>eo,</strong></span> <span class='ocrx_word' id='word_1_126' title='bbox 2162 958 2256 1029; x_wconf 85' lang='lat' dir='ltr'><strong>qui</strong></span> <span class='ocrx_word' id='word_1_127' title='bbox 2288 958 2462 1029; x_wconf 82' lang='lat' dir='ltr'><strong>legem</strong></span> <span class='ocrx_word' id='word_1_128' title='bbox 2509 958 2774 1028; x_wconf 75' lang='lat' dir='ltr'><strong>implevit,</strong></span> <span class='ocrx_word' id='word_1_129' title='bbox 2809 965 3161 1028; x_wconf 76' lang='lat' dir='ltr'><strong>agnoscatur,</strong></span> <span class='ocrx_word' id='word_1_130' title='bbox 3195 958 3372 1014; x_wconf 55' lang='lat' dir='ltr'><strong>mania</strong></span> 
     </span>
    </p>
   </div>
   <div class='ocr_carea' id='block_1_18' title="bbox 89 1046 1613 1123">
    <p class='ocr_par' dir='ltr' id='par_1_18' title="bbox 89 1047 1613 1123">
     <span class='ocr_line' id='line_1_18' title="bbox 89 1047 1613 1123; baseline 0.002 -22"><span class='ocrx_word' id='word_1_131' title='bbox 89 1049 182 1113; x_wconf 83' lang='grc' dir='ltr'>ὡς</span> <span class='ocrx_word' id='word_1_132' title='bbox 203 1051 548 1102; x_wconf 75' lang='grc' dir='ltr'><strong>καταπατεῖν</strong></span> <span class='ocrx_word' id='word_1_133' title='bbox 593 1048 763 1112; x_wconf 82' lang='grc' dir='ltr'><strong>ἀδεῶς</strong></span> <span class='ocrx_word' id='word_1_134' title='bbox 814 1047 909 1102; x_wconf 90' lang='grc' dir='ltr'><strong>τοῦ</strong></span> <span class='ocrx_word' id='word_1_135' title='bbox 952 1048 1183 1104; x_wconf 88' lang='grc' dir='ltr'>θανάτου</span> <span class='ocrx_word' id='word_1_136' title='bbox 1236 1051 1297 1103; x_wconf 82' lang='grc' dir='ltr'>τὸ</span> <span class='ocrx_word' id='word_1_137' title='bbox 1337 1049 1580 1123; x_wconf 80' lang='grc' dir='ltr'>κέντρον,</span> <span class='ocrx_word' id='word_1_138' title='bbox 1612 1082 1613 1085; x_wconf 60' lang='grc' dir='ltr'><strong>η</strong></span> 
     </span>
    </p>
   </div>
   <div class='ocr_carea' id='block_1_19' title="bbox 1844 1046 3368 1123">
    <p class='ocr_par' dir='ltr' id='par_1_19' title="bbox 1844 1047 3368 1120">
     <span class='ocr_line' id='line_1_19' title="bbox 1844 1047 3368 1120; baseline 0.001 -18"><span class='ocrx_word' id='word_1_139' title='bbox 1844 1055 1938 1104; x_wconf 77' lang='lat' dir='ltr'><strong>:sta</strong></span> <span class='ocrx_word' id='word_1_140' title='bbox 1967 1047 2025 1104; x_wconf 77' lang='lat' dir='ltr'><strong>iit</strong></span> <span class='ocrx_word' id='word_1_141' title='bbox 2052 1047 2269 1120; x_wconf 79' lang='lat' dir='ltr'><strong>generis</strong></span> <span class='ocrx_word' id='word_1_142' title='bbox 2299 1049 2476 1105; x_wconf 78' lang='lat' dir='ltr'><strong>nostri</strong></span> <span class='ocrx_word' id='word_1_143' title='bbox 2506 1048 2699 1118; x_wconf 84' lang='lat' dir='ltr'><strong>gloria,</strong></span> <span class='ocrx_word' id='word_1_144' title='bbox 2740 1048 2888 1118; x_wconf 91' lang='lat' dir='ltr'><strong>quod</strong></span> <span class='ocrx_word' id='word_1_145' title='bbox 2936 1062 3131 1104; x_wconf 87' lang='lat' dir='ltr'><strong>secure</strong></span> <span class='ocrx_word' id='word_1_146' title='bbox 3169 1049 3368 1104; x_wconf 91' lang='lat' dir='ltr'><strong>mortis</strong></span> 
     </span>
    </p>
   </div>
   <div class='ocr_carea' id='block_1_20' title="bbox 93 1137 1617 1214">
    <p class='ocr_par' dir='ltr' id='par_1_20' title="bbox 93 1137 1617 1214">
     <span class='ocr_line' id='line_1_20' title="bbox 93 1137 1617 1214; baseline 0.002 -20"><span class='ocrx_word' id='word_1_147' title='bbox 93 1140 320 1212; x_wconf 81' lang='grc' dir='ltr'><strong>μηκέτι</strong></span> <span class='ocrx_word' id='word_1_148' title='bbox 363 1140 544 1213; x_wconf 84' lang='grc' dir='ltr'>χώραν</span> <span class='ocrx_word' id='word_1_149' title='bbox 581 1140 702 1212; x_wconf 79' lang='grc' dir='ltr'>ἔχον</span> <span class='ocrx_word' id='word_1_150' title='bbox 746 1140 885 1196; x_wconf 83' lang='grc' dir='ltr'>κατὰ</span> <span class='ocrx_word' id='word_1_151' title='bbox 920 1142 1018 1212; x_wconf 83' lang='grc' dir='ltr'><strong>τῆς</strong></span> <span class='ocrx_word' id='word_1_152' title='bbox 1046 1140 1278 1211; x_wconf 83' lang='grc' dir='ltr'>φύσεως,</span> <span class='ocrx_word' id='word_1_153' title='bbox 1314 1137 1381 1213; x_wconf 82' lang='grc' dir='ltr'>ἧς</span> <span class='ocrx_word' id='word_1_154' title='bbox 1410 1146 1443 1213; x_wconf 84' lang='grc' dir='ltr'><strong>ἡ</strong></span> <span class='ocrx_word' id='word_1_155' title='bbox 1474 1145 1617 1214; x_wconf 72' lang='grc' dir='ltr'>ἀπαρ</span> 
     </span>
    </p>
   </div>
   <div class='ocr_carea' id='block_1_21' title="bbox 1847 1137 3371 1214">
    <p class='ocr_par' dir='ltr' id='par_1_21' title="bbox 1847 1139 3371 1211">
     <span class='ocr_line' id='line_1_21' title="bbox 1847 1139 3371 1211; baseline 0.003 -21"><span class='ocrx_word' id='word_1_156' title='bbox 1847 1140 2079 1195; x_wconf 76' lang='lat' dir='ltr'><strong>,imulum</strong></span> <span class='ocrx_word' id='word_1_157' title='bbox 2111 1140 2286 1211; x_wconf 91' lang='lat' dir='ltr'><strong>possit</strong></span> <span class='ocrx_word' id='word_1_158' title='bbox 2333 1140 2682 1205; x_wconf 85' lang='lat' dir='ltr'><strong>conculcare,</strong></span> <span class='ocrx_word' id='word_1_159' title='bbox 2713 1141 2913 1210; x_wconf 80' lang='lat' dir='ltr'><strong>quippe</strong></span> <span class='ocrx_word' id='word_1_160' title='bbox 2939 1141 3029 1194; x_wconf 91' lang='lat' dir='ltr'><strong>cui</strong></span> <span class='ocrx_word' id='word_1_161' title='bbox 3060 1139 3196 1195; x_wconf 88' lang='lat' dir='ltr'><strong>nihil</strong></span> <span class='ocrx_word' id='word_1_162' title='bbox 3226 1141 3371 1195; x_wconf 88' lang='lat' dir='ltr'><strong>ultra</strong></span> 
     </span>
    </p>
   </div>
   <div class='ocr_carea' id='block_1_22' title="bbox 91 1231 1615 1304">
    <p class='ocr_par' dir='ltr' id='par_1_22' title="bbox 91 1232 1615 1304">
     <span class='ocr_line' id='line_1_22' title="bbox 91 1232 1615 1304; baseline 0.002 -19"><span class='ocrx_word' id='word_1_163' title='bbox 91 1232 463 1304; x_wconf 84' lang='grc' dir='ltr'>προλαϐοῦσα</span> <span class='ocrx_word' id='word_1_164' title='bbox 513 1233 857 1302; x_wconf 75' lang='grc' dir='ltr'>κατεπάτησε</span> <span class='ocrx_word' id='word_1_165' title='bbox 908 1250 966 1287; x_wconf 90' lang='grc' dir='ltr'><strong>τε</strong></span> <span class='ocrx_word' id='word_1_166' title='bbox 1018 1234 1112 1288; x_wconf 77' lang='grc' dir='ltr'>καὶ</span> <span class='ocrx_word' id='word_1_167' title='bbox 1135 1234 1398 1304; x_wconf 75' lang='grc' dir='ltr'>ἤμϐλυνε,</span> <span class='ocrx_word' id='word_1_168' title='bbox 1429 1237 1524 1288; x_wconf 71' lang='grc' dir='ltr'>καὶ</span> <span class='ocrx_word' id='word_1_169' title='bbox 1565 1253 1615 1288; x_wconf 76' lang='grc' dir='ltr'><strong>πι</strong></span> 
     </span>
    </p>
   </div>
   <div class='ocr_carea' id='block_1_23' title="bbox 1847 1231 3371 1304">
    <p class='ocr_par' dir='ltr' id='par_1_23' title="bbox 1847 1231 3371 1304">
     <span class='ocr_line' id='line_1_23' title="bbox 1847 1231 3371 1304; baseline 0 -18"><span class='ocrx_word' id='word_1_170' title='bbox 1847 1251 1855 1286; x_wconf 90' lang='grc' dir='ltr'><strong>ι</strong></span> <span class='ocrx_word' id='word_1_171' title='bbox 1891 1247 2012 1289; x_wconf 82' lang='lat' dir='ltr'><strong>eam</strong></span> <span class='ocrx_word' id='word_1_172' title='bbox 2057 1240 2309 1287; x_wconf 88' lang='lat' dir='ltr'><strong>naturam</strong></span> <span class='ocrx_word' id='word_1_173' title='bbox 2337 1231 2481 1302; x_wconf 81' lang='lat' dir='ltr'><strong>juris</strong></span> <span class='ocrx_word' id='word_1_174' title='bbox 2520 1232 2613 1297; x_wconf 85' lang='lat' dir='ltr'><strong>sit,</strong></span> <span class='ocrx_word' id='word_1_175' title='bbox 2645 1246 2676 1285; x_wconf 92' lang='lat' dir='ltr'><strong>a</strong></span> <span class='ocrx_word' id='word_1_176' title='bbox 2719 1233 2880 1301; x_wconf 84' lang='lat' dir='ltr'><strong>cujus</strong></span> <span class='ocrx_word' id='word_1_177' title='bbox 2902 1232 3165 1304; x_wconf 88' lang='lat' dir='ltr'><strong>primitiis</strong></span> <span class='ocrx_word' id='word_1_178' title='bbox 3198 1232 3371 1302; x_wconf 85' lang='lat' dir='ltr'><strong>(Chri-</strong></span> 
     </span>
    </p>
   </div>
   <div class='ocr_carea' id='block_1_24' title="bbox 92 1322 1616 1395">
    <p class='ocr_par' dir='ltr' id='par_1_24' title="bbox 92 1325 1613 1395">
     <span class='ocr_line' id='line_1_24' title="bbox 92 1325 1613 1395; baseline 0.002 -17"><span class='ocrx_word' id='word_1_179' title='bbox 92 1325 319 1379; x_wconf 76' lang='grc' dir='ltr'>δέδωκε</span> <span class='ocrx_word' id='word_1_180' title='bbox 360 1327 472 1389; x_wconf 90' lang='grc' dir='ltr'>τοῖς</span> <span class='ocrx_word' id='word_1_181' title='bbox 519 1326 830 1379; x_wconf 84' lang='grc' dir='ltr'>πιστεύουσι</span> <span class='ocrx_word' id='word_1_182' title='bbox 873 1325 1086 1395; x_wconf 76' lang='grc' dir='ltr'>λέγειν’</span> <span class='ocrx_word' id='word_1_183' title='bbox 1128 1346 1146 1377; x_wconf 77' lang='grc' dir='ltr'><strong>ι</strong></span> <span class='ocrx_word' id='word_1_184' title='bbox 1192 1325 1299 1379; x_wconf 88' lang='grc' dir='ltr'><strong>Ποῦ</strong></span> <span class='ocrx_word' id='word_1_185' title='bbox 1336 1344 1451 1391; x_wconf 92' lang='grc' dir='ltr'>σου,</span> <span class='ocrx_word' id='word_1_186' title='bbox 1479 1326 1613 1381; x_wconf 88' lang='grc' dir='ltr'><strong>θάνα</strong></span> 
     </span>
    </p>
   </div>
   <div class='ocr_carea' id='block_1_25' title="bbox 1845 1322 3369 1395">
    <p class='ocr_par' dir='ltr' id='par_1_25' title="bbox 1845 1322 3369 1395">
     <span class='ocr_line' id='line_1_25' title="bbox 1845 1322 3369 1395; baseline 0.002 -18"><span class='ocrx_word' id='word_1_187' title='bbox 1845 1324 1903 1395; x_wconf 82' lang='grc' dir='ltr'>ο)</span> <span class='ocrx_word' id='word_1_188' title='bbox 1926 1322 2039 1393; x_wconf 89' lang='lat' dir='ltr'><strong>jam</strong></span> <span class='ocrx_word' id='word_1_189' title='bbox 2062 1324 2193 1380; x_wconf 89' lang='lat' dir='ltr'><strong>olim</strong></span> <span class='ocrx_word' id='word_1_190' title='bbox 2217 1323 2319 1379; x_wconf 82' lang='lat' dir='ltr'><strong>fuit</strong></span> <span class='ocrx_word' id='word_1_191' title='bbox 2337 1323 2571 1379; x_wconf 91' lang='lat' dir='ltr'><strong>contrita</strong></span> <span class='ocrx_word' id='word_1_192' title='bbox 2602 1330 2657 1380; x_wconf 91' lang='lat' dir='ltr'><strong>et</strong></span> <span class='ocrx_word' id='word_1_193' title='bbox 2685 1323 2881 1390; x_wconf 80' lang='lat' dir='ltr'><strong>fracta,</strong></span> <span class='ocrx_word' id='word_1_194' title='bbox 2918 1333 2977 1378; x_wconf 91' lang='lat' dir='ltr'><strong>ut</strong></span> <span class='ocrx_word' id='word_1_195' title='bbox 3025 1339 3220 1380; x_wconf 87' lang='lat' dir='ltr'><strong>omnes</strong></span> <span class='ocrx_word' id='word_1_196' title='bbox 3245 1339 3369 1380; x_wconf 91' lang='lat' dir='ltr'><strong>cre-</strong></span> 
     </span>
    </p>
   </div>
   <div class='ocr_carea' id='block_1_26' title="bbox 92 1413 1616 1488">
    <p class='ocr_par' dir='ltr' id='par_1_26' title="bbox 92 1414 1610 1488">
     <span class='ocr_line' id='line_1_26' title="bbox 92 1414 1610 1488; baseline 0.002 -20"><span class='ocrx_word' id='word_1_197' title='bbox 92 1414 167 1469; x_wconf 85' lang='grc' dir='ltr'>τὺ</span> <span class='ocrx_word' id='word_1_198' title='bbox 195 1415 466 1487; x_wconf 81' lang='grc' dir='ltr'>κέντρον;</span> <span class='ocrx_word' id='word_1_199' title='bbox 496 1415 609 1470; x_wconf 87' lang='grc' dir='ltr'>Ποῦ</span> <span class='ocrx_word' id='word_1_200' title='bbox 655 1434 771 1480; x_wconf 89' lang='grc' dir='ltr'>σου,</span> <span class='ocrx_word' id='word_1_201' title='bbox 808 1416 931 1488; x_wconf 77' lang='grc' dir='ltr'>ᾆδη,</span> <span class='ocrx_word' id='word_1_202' title='bbox 970 1417 1032 1470; x_wconf 85' lang='grc' dir='ltr'><strong>τὸ</strong></span> <span class='ocrx_word' id='word_1_203' title='bbox 1072 1420 1284 1483; x_wconf 79' lang='grc' dir='ltr'>νεῖκο;;</span> <span class='ocrx_word' id='word_1_204' title='bbox 1320 1437 1338 1468; x_wconf 77' lang='grc' dir='ltr'><strong>ι</strong></span> <span class='ocrx_word' id='word_1_205' title='bbox 1370 1419 1464 1471; x_wconf 71' lang='grc' dir='ltr'><strong>καὶ</strong></span> <span class='ocrx_word' id='word_1_206' title='bbox 1502 1419 1610 1471; x_wconf 86' lang='grc' dir='ltr'><strong>πάλ</strong></span> 
     </span>
    </p>
   </div>
   <div class='ocr_carea' id='block_1_27' title="bbox 1847 1413 3371 1488">
    <p class='ocr_par' dir='ltr' id='par_1_27' title="bbox 1847 1413 3371 1488">
     <span class='ocr_line' id='line_1_27' title="bbox 1847 1413 3371 1488; baseline -0.003 -15"><span class='ocrx_word' id='word_1_207' title='bbox 1847 1426 1991 1474; x_wconf 80' lang='lat' dir='ltr'><strong>entes</strong></span> <span class='ocrx_word' id='word_1_208' title='bbox 2016 1432 2163 1473; x_wconf 90' lang='lat' dir='ltr'><strong>nunc</strong></span> <span class='ocrx_word' id='word_1_209' title='bbox 2192 1419 2407 1488; x_wconf 88' lang='lat' dir='ltr'><strong>possint</strong></span> <span class='ocrx_word' id='word_1_210' title='bbox 2429 1417 2652 1474; x_wconf 79' lang='lat' dir='ltr'><strong>dicere:</strong></span> <span class='ocrx_word' id='word_1_211' title='bbox 2684 1436 2702 1468; x_wconf 75' lang='grc' dir='ltr'><strong>ι</strong></span> <span class='ocrx_word' id='word_1_212' title='bbox 2733 1413 2836 1472; x_wconf 86' lang='lat' dir='ltr'><strong>Ubi</strong></span> <span class='ocrx_word' id='word_1_213' title='bbox 2859 1424 2964 1479; x_wconf 89' lang='lat' dir='ltr'><strong>est,</strong></span> <span class='ocrx_word' id='word_1_214' title='bbox 2996 1431 3030 1471; x_wconf 89' lang='grc' dir='ltr'><strong>ο</strong></span> <span class='ocrx_word' id='word_1_215' title='bbox 3068 1430 3237 1483; x_wconf 88' lang='lat' dir='ltr'><strong>mors,</strong></span> <span class='ocrx_word' id='word_1_216' title='bbox 3268 1416 3371 1471; x_wconf 86' lang='lat' dir='ltr'><strong>sti-</strong></span> 
     </span>
    </p>
   </div>
   <div class='ocr_carea' id='block_1_28' title="bbox 102 1507 1626 1580">
    <p class='ocr_par' dir='ltr' id='par_1_28' title="bbox 102 1508 1626 1580">
     <span class='ocr_line' id='line_1_28' title="bbox 102 1508 1626 1580; baseline 0.003 -21"><span class='ocrx_word' id='word_1_217' title='bbox 102 1527 123 1558; x_wconf 73' lang='grc' dir='ltr'><strong>σ</strong></span> <span class='ocrx_word' id='word_1_218' title='bbox 167 1508 389 1580; x_wconf 81' lang='grc' dir='ltr'>Ὥσπερ</span> <span class='ocrx_word' id='word_1_219' title='bbox 440 1508 508 1561; x_wconf 84' lang='grc' dir='ltr'>δι’</span> <span class='ocrx_word' id='word_1_220' title='bbox 563 1509 681 1573; x_wconf 83' lang='grc' dir='ltr'>ἐνὸς</span> <span class='ocrx_word' id='word_1_221' title='bbox 709 1508 998 1580; x_wconf 76' lang='grc' dir='ltr'>ἀνθρώπου</span> <span class='ocrx_word' id='word_1_222' title='bbox 1060 1512 1090 1565; x_wconf 99' lang='lat'><strong>6</strong></span> <span class='ocrx_word' id='word_1_223' title='bbox 1147 1508 1397 1575; x_wconf 80' lang='grc' dir='ltr'>θάνατος,</span> <span class='ocrx_word' id='word_1_224' title='bbox 1437 1509 1578 1564; x_wconf 73' lang='grc' dir='ltr'>οὕτω</span> <span class='ocrx_word' id='word_1_225' title='bbox 1607 1528 1626 1563; x_wconf 70' lang='lat' dir='ltr'><strong>a</strong></span> 
     </span>
    </p>
   </div>
   <div class='ocr_carea' id='block_1_29' title="bbox 1846 1507 3370 1580">
    <p class='ocr_par' dir='ltr' id='par_1_29' title="bbox 1846 1507 3370 1575">
     <span class='ocr_line' id='line_1_29' title="bbox 1846 1507 3370 1575; baseline 0.001 -13"><span class='ocrx_word' id='word_1_226' title='bbox 1846 1510 1983 1564; x_wconf 72' lang='lat' dir='ltr'><strong>iuius</strong></span> <span class='ocrx_word' id='word_1_227' title='bbox 2007 1510 2181 1564; x_wconf 83' lang='lat' dir='ltr'><strong>tuus?</strong></span> <span class='ocrx_word' id='word_1_228' title='bbox 2206 1508 2306 1565; x_wconf 88' lang='lat' dir='ltr'><strong>Ubi</strong></span> <span class='ocrx_word' id='word_1_229' title='bbox 2331 1517 2446 1575; x_wconf 88' lang='lat' dir='ltr'><strong>tua,</strong></span> <span class='ocrx_word' id='word_1_230' title='bbox 2479 1507 2711 1572; x_wconf 81' lang='lat' dir='ltr'><strong>inferne,</strong></span> <span class='ocrx_word' id='word_1_231' title='bbox 2738 1508 2968 1564; x_wconf 80' lang='lat' dir='ltr'><strong>victoria</strong></span> <span class='ocrx_word' id='word_1_232' title='bbox 2990 1510 3034 1540; x_wconf 79' lang='grc'><strong>⁹¹</strong></span> <span class='ocrx_word' id='word_1_233' title='bbox 3056 1510 3080 1564; x_wconf 84' lang='lat'><strong>?</strong></span> <span class='ocrx_word' id='word_1_234' title='bbox 3104 1528 3123 1561; x_wconf 73' lang='grc' dir='ltr'><strong>ι</strong></span> <span class='ocrx_word' id='word_1_235' title='bbox 3151 1507 3218 1563; x_wconf 84' lang='lat' dir='ltr'><strong>Et</strong></span> <span class='ocrx_word' id='word_1_236' title='bbox 3243 1524 3370 1564; x_wconf 89' lang='lat' dir='ltr'><strong>rur-</strong></span> 
     </span>
    </p>
   </div>
   <div class='ocr_carea' id='block_1_30' title="bbox 92 1597 1616 1672">
    <p class='ocr_par' dir='ltr' id='par_1_30' title="bbox 92 1597 1616 1670">
     <span class='ocr_line' id='line_1_30' title="bbox 92 1597 1616 1670; baseline 0.001 -20"><span class='ocrx_word' id='word_1_237' title='bbox 92 1597 172 1650; x_wconf 78' lang='grc' dir='ltr'>δι’</span> <span class='ocrx_word' id='word_1_238' title='bbox 205 1599 332 1662; x_wconf 84' lang='grc' dir='ltr'>ἐνὸς</span> <span class='ocrx_word' id='word_1_239' title='bbox 395 1598 684 1670; x_wconf 86' lang='grc' dir='ltr'>ἀνθρώπου</span> <span class='ocrx_word' id='word_1_240' title='bbox 736 1600 1028 1665; x_wconf 86' lang='grc' dir='ltr'>ἀνάστασις</span> <span class='ocrx_word' id='word_1_241' title='bbox 1061 1601 1291 1670; x_wconf 83' lang='grc' dir='ltr'>νεκρῶν.</span> <span class='ocrx_word' id='word_1_242' title='bbox 1334 1620 1351 1651; x_wconf 75' lang='grc' dir='ltr'><strong>ι</strong></span> <span class='ocrx_word' id='word_1_243' title='bbox 1387 1602 1463 1654; x_wconf 79' lang='grc' dir='ltr'><strong>Δι’</strong></span> <span class='ocrx_word' id='word_1_244' title='bbox 1486 1600 1616 1670; x_wconf 81' lang='grc' dir='ltr'>ἀνθρ</span> 
     </span>
    </p>
   </div>
   <div class='ocr_carea' id='block_1_31' title="bbox 1847 1597 3371 1672">
    <p class='ocr_par' dir='ltr' id='par_1_31' title="bbox 1847 1600 3371 1672">
     <span class='ocr_line' id='line_1_31' title="bbox 1847 1600 3371 1672; baseline 0.001 -16"><span class='ocrx_word' id='word_1_245' title='bbox 1847 1617 1963 1656; x_wconf 76' lang='lat' dir='ltr'><strong>im:</strong></span> <span class='ocrx_word' id='word_1_246' title='bbox 1998 1621 2017 1654; x_wconf 74' lang='grc' dir='ltr'><strong>ι</strong></span> <span class='ocrx_word' id='word_1_247' title='bbox 2054 1600 2207 1656; x_wconf 90' lang='lat' dir='ltr'><strong>Sicut</strong></span> <span class='ocrx_word' id='word_1_248' title='bbox 2256 1617 2352 1672; x_wconf 91' lang='lat' dir='ltr'><strong>per</strong></span> <span class='ocrx_word' id='word_1_249' title='bbox 2404 1619 2575 1657; x_wconf 87' lang='lat' dir='ltr'><strong>unum</strong></span> <span class='ocrx_word' id='word_1_250' title='bbox 2627 1602 2907 1658; x_wconf 87' lang='lat' dir='ltr'><strong>hominem</strong></span> <span class='ocrx_word' id='word_1_251' title='bbox 2957 1616 3146 1658; x_wconf 90' lang='lat' dir='ltr'><strong>mors:</strong></span> <span class='ocrx_word' id='word_1_252' title='bbox 3173 1602 3246 1657; x_wconf 89' lang='lat' dir='ltr'><strong>ita</strong></span> <span class='ocrx_word' id='word_1_253' title='bbox 3273 1617 3371 1672; x_wconf 83' lang='lat' dir='ltr'><strong>per</strong></span> 
     </span>
    </p>
   </div>
   <div class='ocr_carea' id='block_1_32' title="bbox 98 1665 1622 1765">
    <p class='ocr_par' dir='ltr' id='par_1_32' title="bbox 98 1665 1622 1765">
     <span class='ocr_line' id='line_1_32' title="bbox 98 1665 1622 1765; baseline -0.003 -20"><span class='ocrx_word' id='word_1_254' title='bbox 98 1708 215 1745; x_wconf 89' lang='grc' dir='ltr'><strong>που</strong></span> <span class='ocrx_word' id='word_1_255' title='bbox 242 1691 417 1760; x_wconf 79' lang='grc' dir='ltr'>λέγει,</span> <span class='ocrx_word' id='word_1_256' title='bbox 445 1665 513 1744; x_wconf 31' lang='grc' dir='ltr'>ού*</span> <span class='ocrx_word' id='word_1_257' title='bbox 543 1690 694 1764; x_wconf 84' lang='grc' dir='ltr'><strong>παρά</strong></span> <span class='ocrx_word' id='word_1_258' title='bbox 724 1690 1028 1763; x_wconf 85' lang='grc' dir='ltr'>ἀνθρώπου.</span> <span class='ocrx_word' id='word_1_259' title='bbox 1071 1694 1136 1748; x_wconf 91' lang='grc' dir='ltr'><strong>Ὃ</strong></span> <span class='ocrx_word' id='word_1_260' title='bbox 1164 1665 1279 1765; x_wconf 42' lang='grc' dir='ltr'><strong>-γὰρ</strong></span> <span class='ocrx_word' id='word_1_261' title='bbox 1304 1693 1452 1765; x_wconf 81' lang='grc' dir='ltr'><strong>παρά</strong></span> <span class='ocrx_word' id='word_1_262' title='bbox 1483 1665 1622 1764; x_wconf 69' lang='grc' dir='ltr'><strong>ἀνθρ</strong></span> 
     </span>
    </p>
   </div>
   <div class='ocr_carea' id='block_1_33' title="bbox 1847 1665 3371 1765">
    <p class='ocr_par' dir='ltr' id='par_1_33' title="bbox 1847 1692 3371 1750">
     <span class='ocr_line' id='line_1_33' title="bbox 1847 1692 3371 1750; baseline 0.001 -2"><span class='ocrx_word' id='word_1_263' title='bbox 1847 1709 1972 1748; x_wconf 91' lang='lat' dir='ltr'><strong>num</strong></span> <span class='ocrx_word' id='word_1_264' title='bbox 2020 1694 2295 1749; x_wconf 81' lang='lat' dir='ltr'><strong>hominem</strong></span> <span class='ocrx_word' id='word_1_265' title='bbox 2345 1695 2676 1750; x_wconf 84' lang='lat' dir='ltr'><strong>resurrectio</strong></span> <span class='ocrx_word' id='word_1_266' title='bbox 2724 1704 3066 1750; x_wconf 90' lang='lat' dir='ltr'><strong>mortuorum</strong></span> <span class='ocrx_word' id='word_1_267' title='bbox 3088 1696 3157 1746; x_wconf 73' lang='grc' dir='ltr'><strong>θ’.</strong></span> <span class='ocrx_word' id='word_1_268' title='bbox 3194 1712 3212 1746; x_wconf 73' lang='grc' dir='ltr'><strong>ι</strong></span> <span class='ocrx_word' id='word_1_269' title='bbox 3266 1692 3371 1749; x_wconf 85' lang='lat' dir='ltr'><strong>Per</strong></span> 
     </span>
    </p>
   </div>
   <div class='ocr_carea' id='block_1_34' title="bbox 93 1778 1617 1854">
    <p class='ocr_par' dir='ltr' id='par_1_34' title="bbox 93 1778 1617 1854">
     <span class='ocr_line' id='line_1_34' title="bbox 93 1778 1617 1854; baseline -0.001 -19"><span class='ocrx_word' id='word_1_270' title='bbox 93 1800 216 1835; x_wconf 82' lang='grc' dir='ltr'><strong>που</strong></span> <span class='ocrx_word' id='word_1_271' title='bbox 271 1782 518 1851; x_wconf 87' lang='grc' dir='ltr'>γίνεσθαι</span> <span class='ocrx_word' id='word_1_272' title='bbox 559 1783 815 1836; x_wconf 84' lang='grc' dir='ltr'>ἀδύνατον</span> <span class='ocrx_word' id='word_1_273' title='bbox 859 1778 948 1854; x_wconf 78' lang='grc' dir='ltr'>ἦν,</span> <span class='ocrx_word' id='word_1_274' title='bbox 980 1782 1138 1837; x_wconf 85' lang='grc' dir='ltr'>τοῦτο</span> <span class='ocrx_word' id='word_1_275' title='bbox 1183 1782 1248 1835; x_wconf 81' lang='grc' dir='ltr'>δι’</span> <span class='ocrx_word' id='word_1_276' title='bbox 1294 1783 1617 1854; x_wconf 69' lang='grc' dir='ltr'>ἀνθρώπουιι</span> 
     </span>
    </p>
   </div>
   <div class='ocr_carea' id='block_1_35' title="bbox 1846 1778 3370 1854">
    <p class='ocr_par' dir='ltr' id='par_1_35' title="bbox 1846 1786 3370 1854">
     <span class='ocr_line' id='line_1_35' title="bbox 1846 1786 3370 1854; baseline 0 -12"><span class='ocrx_word' id='word_1_277' title='bbox 1846 1787 2075 1849; x_wconf 76' lang='lat' dir='ltr'><strong>nminem</strong></span> <span class='ocrx_word' id='word_1_278' title='bbox 2123 1786 2277 1851; x_wconf 86' lang='lat' dir='ltr'><strong>dicit,</strong></span> <span class='ocrx_word' id='word_1_279' title='bbox 2320 1803 2432 1841; x_wconf 94' lang='lat' dir='ltr'><strong>non</strong></span> <span class='ocrx_word' id='word_1_280' title='bbox 2485 1787 2555 1843; x_wconf 89' lang='lat' dir='ltr'><strong>ab</strong></span> <span class='ocrx_word' id='word_1_281' title='bbox 2597 1788 2842 1845; x_wconf 84' lang='lat' dir='ltr'><strong>homine.</strong></span> <span class='ocrx_word' id='word_1_282' title='bbox 2889 1786 3054 1854; x_wconf 79' lang='lat' dir='ltr'><strong>Quod</strong></span> <span class='ocrx_word' id='word_1_283' title='bbox 3100 1786 3248 1842; x_wconf 91' lang='lat' dir='ltr'><strong>enim</strong></span> <span class='ocrx_word' id='word_1_284' title='bbox 3302 1787 3370 1842; x_wconf 90' lang='lat' dir='ltr'><strong>ab</strong></span> 
     </span>
    </p>
   </div>
   <div class='ocr_carea' id='block_1_36' title="bbox 98 1871 1622 1951">
    <p class='ocr_par' dir='ltr' id='par_1_36' title="bbox 98 1871 1622 1945">
     <span class='ocr_line' id='line_1_36' title="bbox 98 1871 1622 1945; baseline 0 -19"><span class='ocrx_word' id='word_1_285' title='bbox 98 1873 465 1945; x_wconf 83' lang='grc' dir='ltr'>συνημμένου</span> <span class='ocrx_word' id='word_1_286' title='bbox 492 1873 611 1945; x_wconf 83' lang='grc' dir='ltr'><strong>Θεῷ</strong></span> <span class='ocrx_word' id='word_1_287' title='bbox 639 1872 835 1944; x_wconf 68' lang='grc' dir='ltr'>ῥᾳδίως</span> <span class='ocrx_word' id='word_1_288' title='bbox 865 1873 1099 1941; x_wconf 83' lang='grc' dir='ltr'>ἐγένετο.</span> <span class='ocrx_word' id='word_1_289' title='bbox 1130 1871 1286 1927; x_wconf 84' lang='grc' dir='ltr'>Οῦτω</span> <span class='ocrx_word' id='word_1_290' title='bbox 1316 1872 1415 1943; x_wconf 77' lang='grc' dir='ltr'>τῆς</span> <span class='ocrx_word' id='word_1_291' title='bbox 1457 1872 1622 1927; x_wconf 86' lang='grc' dir='ltr'>ἀναστ</span> 
     </span>
    </p>
   </div>
   <div class='ocr_carea' id='block_1_37' title="bbox 1847 1871 3371 1951">
    <p class='ocr_par' dir='ltr' id='par_1_37' title="bbox 1847 1875 3371 1951">
     <span class='ocr_line' id='line_1_37' title="bbox 1847 1875 3371 1951; baseline 0.001 -19"><span class='ocrx_word' id='word_1_292' title='bbox 1847 1877 2021 1933; x_wconf 86' lang='lat' dir='ltr'><strong>omine</strong></span> <span class='ocrx_word' id='word_1_293' title='bbox 2048 1876 2167 1933; x_wconf 77' lang='lat' dir='ltr'><strong>ﬁeri</strong></span> <span class='ocrx_word' id='word_1_294' title='bbox 2212 1893 2322 1933; x_wconf 91' lang='lat' dir='ltr'><strong>non</strong></span> <span class='ocrx_word' id='word_1_295' title='bbox 2368 1885 2601 1950; x_wconf 88' lang='lat' dir='ltr'><strong>poterat,</strong></span> <span class='ocrx_word' id='word_1_296' title='bbox 2641 1879 2695 1934; x_wconf 93' lang='lat' dir='ltr'><strong>id</strong></span> <span class='ocrx_word' id='word_1_297' title='bbox 2728 1894 2823 1951; x_wconf 92' lang='lat' dir='ltr'><strong>per</strong></span> <span class='ocrx_word' id='word_1_298' title='bbox 2845 1877 3122 1934; x_wconf 85' lang='lat' dir='ltr'><strong>hominem</strong></span> <span class='ocrx_word' id='word_1_299' title='bbox 3145 1875 3371 1933; x_wconf 89' lang='lat' dir='ltr'><strong>Deo-co-</strong></span> 
     </span>
    </p>
   </div>
   <div class='ocr_carea' id='block_1_38' title="bbox 97 1964 1621 2040">
    <p class='ocr_par' dir='ltr' id='par_1_38' title="bbox 97 1964 1621 2037">
     <span class='ocr_line' id='line_1_38' title="bbox 97 1964 1621 2037; baseline -0.001 -19"><span class='ocrx_word' id='word_1_300' title='bbox 97 1982 255 2028; x_wconf 80' lang='grc' dir='ltr'>σεως</span> <span class='ocrx_word' id='word_1_301' title='bbox 314 1966 375 2019; x_wconf 82' lang='grc' dir='ltr'><strong>τὸ</strong></span> <span class='ocrx_word' id='word_1_302' title='bbox 434 1966 604 2037; x_wconf 82' lang='grc' dir='ltr'>δῶρον</span> <span class='ocrx_word' id='word_1_303' title='bbox 667 1964 1052 2037; x_wconf 83' lang='grc' dir='ltr'>καρπούμεθα’</span> <span class='ocrx_word' id='word_1_304' title='bbox 1093 1964 1234 2019; x_wconf 79' lang='grc' dir='ltr'>οὓτω</span> <span class='ocrx_word' id='word_1_305' title='bbox 1282 1966 1380 2036; x_wconf 83' lang='grc' dir='ltr'>τὴν</span> <span class='ocrx_word' id='word_1_306' title='bbox 1428 1964 1621 2018; x_wconf 73' lang='grc' dir='ltr'>υίοθεσί</span> 
     </span>
    </p>
   </div>
   <div class='ocr_carea' id='block_1_39' title="bbox 1845 1964 3369 2040">
    <p class='ocr_par' dir='ltr' id='par_1_39' title="bbox 1845 1967 3369 2040">
     <span class='ocr_line' id='line_1_39' title="bbox 1845 1967 3369 2040; baseline 0 -17"><span class='ocrx_word' id='word_1_307' title='bbox 1845 1968 2046 2024; x_wconf 87' lang='lat' dir='ltr'><strong>ulatum</strong></span> <span class='ocrx_word' id='word_1_308' title='bbox 2098 1968 2250 2023; x_wconf 89' lang='lat' dir='ltr'><strong>nullo</strong></span> <span class='ocrx_word' id='word_1_309' title='bbox 2292 1970 2513 2040; x_wconf 87' lang='lat' dir='ltr'><strong>negotio</strong></span> <span class='ocrx_word' id='word_1_310' title='bbox 2568 1968 2752 2026; x_wconf 84' lang='lat' dir='ltr'><strong>ﬂebat.</strong></span> <span class='ocrx_word' id='word_1_311' title='bbox 2802 1967 2893 2024; x_wconf 90' lang='lat' dir='ltr'><strong>Sic</strong></span> <span class='ocrx_word' id='word_1_312' title='bbox 2946 1969 3369 2025; x_wconf 87' lang='lat' dir='ltr'><strong>resurrectionis</strong></span> 
     </span>
    </p>
   </div>
   <div class='ocr_carea' id='block_1_40' title="bbox 99 2054 1623 2129">
    <p class='ocr_par' dir='ltr' id='par_1_40' title="bbox 99 2055 1623 2128">
     <span class='ocr_line' id='line_1_40' title="bbox 99 2055 1623 2128; baseline 0 -20"><span class='ocrx_word' id='word_1_313' title='bbox 99 2055 603 2127; x_wconf 60' lang='grc' dir='ltr'>ἀπολαμϐάνομεν</span> <span class='ocrx_word' id='word_1_314' title='bbox 652 2057 824 2120; x_wconf 76' lang='grc' dir='ltr'>οὕτως</span> <span class='ocrx_word' id='word_1_315' title='bbox 874 2056 1092 2128; x_wconf 77' lang='grc' dir='ltr'>ἀδελφοὶ</span> <span class='ocrx_word' id='word_1_316' title='bbox 1124 2055 1219 2109; x_wconf 88' lang='grc' dir='ltr'><strong>τοῦ</strong></span> <span class='ocrx_word' id='word_1_317' title='bbox 1266 2056 1469 2126; x_wconf 82' lang='grc' dir='ltr'>Κυρίου</span> <span class='ocrx_word' id='word_1_318' title='bbox 1502 2055 1623 2109; x_wconf 77' lang='grc' dir='ltr'>καλε</span> 
     </span>
    </p>
   </div>
   <div class='ocr_carea' id='block_1_41' title="bbox 1842 2054 3366 2129">
    <p class='ocr_par' dir='ltr' id='par_1_41' title="bbox 1842 2057 3366 2129">
     <span class='ocr_line' id='line_1_41' title="bbox 1842 2057 3366 2129; baseline -0.001 -16"><span class='ocrx_word' id='word_1_319' title='bbox 1842 2073 2004 2114; x_wconf 85' lang='lat' dir='ltr'><strong>onum</strong></span> <span class='ocrx_word' id='word_1_320' title='bbox 2037 2057 2469 2129; x_wconf 87' lang='lat' dir='ltr'><strong>consequimur;</strong></span> <span class='ocrx_word' id='word_1_321' title='bbox 2497 2058 2579 2114; x_wconf 91' lang='lat' dir='ltr'><strong>sic</strong></span> <span class='ocrx_word' id='word_1_322' title='bbox 2599 2057 2946 2129; x_wconf 85' lang='lat' dir='ltr'><strong>adoptionem</strong></span> <span class='ocrx_word' id='word_1_323' title='bbox 2975 2057 3366 2123; x_wconf 83' lang='lat' dir='ltr'><strong>nanciscimur;</strong></span> 
     </span>
    </p>
   </div>
   <div class='ocr_carea' id='block_1_42' title="bbox 96 2146 1620 2220">
    <p class='ocr_par' dir='ltr' id='par_1_42' title="bbox 96 2146 1620 2220">
     <span class='ocr_line' id='line_1_42' title="bbox 96 2146 1620 2220; baseline 0.001 -20"><span class='ocrx_word' id='word_1_324' title='bbox 96 2146 258 2218; x_wconf 68' lang='grc' dir='ltr'>μεθα</span> <span class='ocrx_word' id='word_1_325' title='bbox 283 2163 297 2176; x_wconf 74' lang='grc'><strong><em>⁸</em></strong></span> <span class='ocrx_word' id='word_1_326' title='bbox 346 2147 491 2202; x_wconf 74' lang='grc' dir='ltr'>οὕτω</span> <span class='ocrx_word' id='word_1_327' title='bbox 554 2148 982 2220; x_wconf 83' lang='grc' dir='ltr'>συγκληρονόμοι</span> <span class='ocrx_word' id='word_1_328' title='bbox 1048 2147 1343 2219; x_wconf 79' lang='grc' dir='ltr'>γινόμεθα’</span> <span class='ocrx_word' id='word_1_329' title='bbox 1401 2148 1541 2203; x_wconf 86' lang='grc' dir='ltr'>οῦτω</span> <span class='ocrx_word' id='word_1_330' title='bbox 1604 2167 1620 2201; x_wconf 70' lang='grc' dir='ltr'>σι</span> 
     </span>
    </p>
   </div>
   <div class='ocr_carea' id='block_1_43' title="bbox 1846 2146 3370 2220">
    <p class='ocr_par' dir='ltr' id='par_1_43' title="bbox 1850 2147 3370 2220">
     <span class='ocr_line' id='line_1_43' title="bbox 1850 2147 3370 2220; baseline -0.001 -15"><span class='ocrx_word' id='word_1_331' title='bbox 1850 2164 1881 2205; x_wconf 91' lang='lat' dir='ltr'><strong>c</strong></span> <span class='ocrx_word' id='word_1_332' title='bbox 1912 2148 2128 2205; x_wconf 90' lang='lat' dir='ltr'><strong>Domini</strong></span> <span class='ocrx_word' id='word_1_333' title='bbox 2156 2149 2356 2206; x_wconf 77' lang='lat' dir='ltr'><strong>fratres</strong></span> <span class='ocrx_word' id='word_1_334' title='bbox 2388 2151 2767 2220; x_wconf 80' lang='lat' dir='ltr'><strong>appellamur;</strong></span> <span class='ocrx_word' id='word_1_335' title='bbox 2808 2150 2889 2205; x_wconf 91' lang='lat' dir='ltr'><strong>sic</strong></span> <span class='ocrx_word' id='word_1_336' title='bbox 2915 2149 3229 2205; x_wconf 86' lang='lat' dir='ltr'><strong>cohaeredes</strong></span> <span class='ocrx_word' id='word_1_337' title='bbox 3258 2147 3370 2204; x_wconf 77' lang='lat' dir='ltr'><strong>elli-</strong></span> 
     </span>
    </p>
   </div>
   <div class='ocr_carea' id='block_1_44' title="bbox 101 2234 1625 2313">
    <p class='ocr_par' dir='ltr' id='par_1_44' title="bbox 101 2234 1625 2312">
     <span class='ocr_line' id='line_1_44' title="bbox 101 2234 1625 2312; baseline 0.003 -23"><span class='ocrx_word' id='word_1_338' title='bbox 101 2234 310 2307; x_wconf 81' lang='grc' dir='ltr'>ἐχθρδν</span> <span class='ocrx_word' id='word_1_339' title='bbox 337 2238 394 2292; x_wconf 92' lang='grc' dir='ltr'><strong>ἐν</strong></span> <span class='ocrx_word' id='word_1_340' title='bbox 423 2240 489 2308; x_wconf 81' lang='grc' dir='ltr'><strong>τῇ</strong></span> <span class='ocrx_word' id='word_1_341' title='bbox 515 2238 737 2309; x_wconf 80' lang='grc' dir='ltr'>ἀπαρχῇ</span> <span class='ocrx_word' id='word_1_342' title='bbox 774 2239 1136 2309; x_wconf 82' lang='grc' dir='ltr'>νενικήκαμεν</span> <span class='ocrx_word' id='word_1_343' title='bbox 1157 2256 1170 2269; x_wconf 89' lang='grc'>·</span> <span class='ocrx_word' id='word_1_344' title='bbox 1193 2238 1334 2292; x_wconf 87' lang='grc' dir='ltr'>οῦτω</span> <span class='ocrx_word' id='word_1_345' title='bbox 1363 2239 1460 2312; x_wconf 75' lang='grc' dir='ltr'>τὴν</span> <span class='ocrx_word' id='word_1_346' title='bbox 1481 2243 1625 2312; x_wconf 73' lang='grc' dir='ltr'>παρῤ</span> 
     </span>
    </p>
   </div>
   <div class='ocr_carea' id='block_1_45' title="bbox 1845 2234 3369 2313">
    <p class='ocr_par' dir='ltr' id='par_1_45' title="bbox 1845 2239 3369 2313">
     <span class='ocr_line' id='line_1_45' title="bbox 1845 2239 3369 2313; baseline -0.001 -17"><span class='ocrx_word' id='word_1_347' title='bbox 1845 2242 1980 2297; x_wconf 82' lang='lat' dir='ltr'><strong>imur</strong></span> <span class='ocrx_word' id='word_1_348' title='bbox 2005 2259 2021 2309; x_wconf 90' lang='lat'><strong>;</strong></span> <span class='ocrx_word' id='word_1_349' title='bbox 2052 2242 2134 2298; x_wconf 88' lang='lat' dir='ltr'><strong>sic</strong></span> <span class='ocrx_word' id='word_1_350' title='bbox 2161 2241 2375 2296; x_wconf 87' lang='lat' dir='ltr'><strong>hostem</strong></span> <span class='ocrx_word' id='word_1_351' title='bbox 2403 2241 2459 2296; x_wconf 92' lang='lat' dir='ltr'><strong>in</strong></span> <span class='ocrx_word' id='word_1_352' title='bbox 2490 2240 2746 2313; x_wconf 88' lang='lat' dir='ltr'><strong>primitiis</strong></span> <span class='ocrx_word' id='word_1_353' title='bbox 2775 2241 3043 2297; x_wconf 78' lang='lat' dir='ltr'><strong>vincimus</strong></span> <span class='ocrx_word' id='word_1_354' title='bbox 3070 2258 3084 2307; x_wconf 88' lang='lat'><strong>;</strong></span> <span class='ocrx_word' id='word_1_355' title='bbox 3116 2241 3195 2296; x_wconf 91' lang='lat' dir='ltr'><strong>sic</strong></span> <span class='ocrx_word' id='word_1_356' title='bbox 3228 2239 3369 2295; x_wconf 74' lang='lat' dir='ltr'><strong>(idu-</strong></span> 
     </span>
    </p>
   </div>
   <div class='ocr_carea' id='block_1_46' title="bbox 105 2326 1629 2405">
    <p class='ocr_par' dir='ltr' id='par_1_46' title="bbox 105 2326 1629 2402">
     <span class='ocr_line' id='line_1_46' title="bbox 105 2326 1629 2402; baseline 0.002 -19"><span class='ocrx_word' id='word_1_357' title='bbox 105 2327 238 2383; x_wconf 87' lang='grc' dir='ltr'>σίαν</span> <span class='ocrx_word' id='word_1_358' title='bbox 265 2326 328 2394; x_wconf 79' lang='grc' dir='ltr'>ἐξ</span> <span class='ocrx_word' id='word_1_359' title='bbox 344 2330 558 2402; x_wconf 77' lang='grc' dir='ltr'>ἐκείνης</span> <span class='ocrx_word' id='word_1_360' title='bbox 576 2329 842 2401; x_wconf 81' lang='grc' dir='ltr'>δεχόμεθα</span> <span class='ocrx_word' id='word_1_361' title='bbox 862 2346 875 2360; x_wconf 90' lang='grc'><strong>·</strong></span> <span class='ocrx_word' id='word_1_362' title='bbox 903 2329 1050 2384; x_wconf 74' lang='grc' dir='ltr'>οὕτω</span> <span class='ocrx_word' id='word_1_363' title='bbox 1075 2330 1137 2385; x_wconf 75' lang='grc' dir='ltr'>τὸ</span> <span class='ocrx_word' id='word_1_364' title='bbox 1164 2331 1304 2387; x_wconf 83' lang='grc' dir='ltr'>κατὰ</span> <span class='ocrx_word' id='word_1_365' title='bbox 1333 2332 1426 2386; x_wconf 92' lang='grc' dir='ltr'><strong>τοῦ</strong></span> <span class='ocrx_word' id='word_1_366' title='bbox 1448 2333 1629 2388; x_wconf 83' lang='grc' dir='ltr'>διαϐόλ</span> 
     </span>
    </p>
   </div>
   <div class='ocr_carea' id='block_1_47' title="bbox 1845 2326 3369 2405">
    <p class='ocr_par' dir='ltr' id='par_1_47' title="bbox 1845 2334 3369 2405">
     <span class='ocr_line' id='line_1_47' title="bbox 1845 2334 3369 2405; baseline -0.001 -16"><span class='ocrx_word' id='word_1_367' title='bbox 1845 2351 1937 2390; x_wconf 51' lang='lat' dir='ltr'><strong>.am</strong></span> <span class='ocrx_word' id='word_1_368' title='bbox 1969 2348 2036 2391; x_wconf 87' lang='lat' dir='ltr'><strong>ex</strong></span> <span class='ocrx_word' id='word_1_369' title='bbox 2052 2334 2159 2391; x_wconf 90' lang='lat' dir='ltr'><strong>illis</strong></span> <span class='ocrx_word' id='word_1_370' title='bbox 2188 2334 2521 2405; x_wconf 89' lang='lat' dir='ltr'><strong>accipimus;</strong></span> <span class='ocrx_word' id='word_1_371' title='bbox 2553 2334 2636 2391; x_wconf 89' lang='lat' dir='ltr'><strong>sic</strong></span> <span class='ocrx_word' id='word_1_372' title='bbox 2659 2340 2886 2405; x_wconf 57' lang='lat' dir='ltr'><strong>sumpta;</strong></span> <span class='ocrx_word' id='word_1_373' title='bbox 2905 2349 2970 2390; x_wconf 77' lang='lat' dir='ltr'><strong>ex</strong></span> <span class='ocrx_word' id='word_1_374' title='bbox 3001 2334 3161 2391; x_wconf 87' lang='lat' dir='ltr'><strong>nobis</strong></span> <span class='ocrx_word' id='word_1_375' title='bbox 3179 2336 3369 2391; x_wconf 80' lang='lat' dir='ltr'><strong>carnis</strong></span> 
     </span>
    </p>
   </div>
   <div class='ocr_carea' id='block_1_48' title="bbox 102 2421 1626 2498">
    <p class='ocr_par' dir='ltr' id='par_1_48' title="bbox 102 2421 1626 2498">
     <span class='ocr_line' id='line_1_48' title="bbox 102 2421 1626 2498; baseline 0.003 -24"><span class='ocrx_word' id='word_1_376' title='bbox 102 2421 373 2491; x_wconf 75' lang='grc' dir='ltr'>τρόπαιον</span> <span class='ocrx_word' id='word_1_377' title='bbox 424 2422 499 2485; x_wconf 81' lang='grc' dir='ltr'>ὡς</span> <span class='ocrx_word' id='word_1_378' title='bbox 545 2422 809 2495; x_wconf 65' lang='grc' dir='ltr'>ἡμέτερον</span> <span class='ocrx_word' id='word_1_379' title='bbox 850 2423 1220 2494; x_wconf 78' lang='grc' dir='ltr'>οἰκειούμεθα,</span> <span class='ocrx_word' id='word_1_380' title='bbox 1280 2425 1380 2496; x_wconf 84' lang='grc' dir='ltr'>τῆς</span> <span class='ocrx_word' id='word_1_381' title='bbox 1428 2425 1488 2491; x_wconf 82' lang='grc' dir='ltr'>ἐξ</span> <span class='ocrx_word' id='word_1_382' title='bbox 1537 2430 1626 2498; x_wconf 64' lang='lat' dir='ltr'><strong>my</strong></span> 
     </span>
    </p>
   </div>
   <div class='ocr_carea' id='block_1_49' title="bbox 1845 2421 3369 2498">
    <p class='ocr_par' dir='ltr' id='par_1_49' title="bbox 1845 2426 3369 2498">
     <span class='ocr_line' id='line_1_49' title="bbox 1845 2426 3369 2498; baseline 0 -14"><span class='ocrx_word' id='word_1_383' title='bbox 1845 2428 2062 2486; x_wconf 87' lang='lat' dir='ltr'><strong>lversus</strong></span> <span class='ocrx_word' id='word_1_384' title='bbox 2094 2426 2373 2483; x_wconf 86' lang='lat' dir='ltr'><strong>diabolum</strong></span> <span class='ocrx_word' id='word_1_385' title='bbox 2410 2433 2678 2498; x_wconf 64' lang='lat' dir='ltr'><strong>tropreum</strong></span> <span class='ocrx_word' id='word_1_386' title='bbox 2707 2426 2867 2483; x_wconf 87' lang='lat' dir='ltr'><strong>nobis</strong></span> <span class='ocrx_word' id='word_1_387' title='bbox 2889 2426 3254 2495; x_wconf 69' lang='lat' dir='ltr'><strong>vindicamus,</strong></span> <span class='ocrx_word' id='word_1_388' title='bbox 3280 2429 3369 2484; x_wconf 87' lang='lat' dir='ltr'><strong>di-</strong></span> 
     </span>
    </p>
   </div>
   <div class='ocr_carea' id='block_1_50' title="bbox 98 2512 1622 2592">
    <p class='ocr_par' dir='ltr' id='par_1_50' title="bbox 98 2512 1622 2591">
     <span class='ocr_line' id='line_1_50' title="bbox 98 2512 1622 2591; baseline 0.005 -26"><span class='ocrx_word' id='word_1_389' title='bbox 98 2512 416 2586; x_wconf 75' lang='grc' dir='ltr'>ληφθείσης</span> <span class='ocrx_word' id='word_1_390' title='bbox 448 2516 647 2585; x_wconf 84' lang='grc' dir='ltr'>σαρκὸς</span> <span class='ocrx_word' id='word_1_391' title='bbox 671 2517 1000 2582; x_wconf 77' lang='grc' dir='ltr'>ἐπισείοντες</span> <span class='ocrx_word' id='word_1_392' title='bbox 1030 2516 1207 2571; x_wconf 81' lang='grc' dir='ltr'>αὐτῶν</span> <span class='ocrx_word' id='word_1_393' title='bbox 1247 2519 1347 2589; x_wconf 80' lang='grc' dir='ltr'><strong>τὴν</strong></span> <span class='ocrx_word' id='word_1_394' title='bbox 1374 2517 1554 2572; x_wconf 82' lang='grc' dir='ltr'>ἔνθεον</span> <span class='ocrx_word' id='word_1_395' title='bbox 1573 2520 1622 2591; x_wconf 60' lang='grc' dir='ltr'>ἀι</span> 
     </span>
    </p>
   </div>
   <div class='ocr_carea' id='block_1_51' title="bbox 1846 2512 3370 2592">
    <p class='ocr_par' dir='ltr' id='par_1_51' title="bbox 1846 2519 3370 2592">
     <span class='ocr_line' id='line_1_51' title="bbox 1846 2519 3370 2592; baseline 0 -16"><span class='ocrx_word' id='word_1_396' title='bbox 1846 2538 1985 2578; x_wconf 78' lang='lat' dir='ltr'><strong>num</strong></span> <span class='ocrx_word' id='word_1_397' title='bbox 2019 2522 2240 2577; x_wconf 92' lang='lat' dir='ltr'><strong>illorum</strong></span> <span class='ocrx_word' id='word_1_398' title='bbox 2276 2521 2449 2576; x_wconf 88' lang='lat' dir='ltr'><strong>robur</strong></span> <span class='ocrx_word' id='word_1_399' title='bbox 2477 2519 2856 2577; x_wconf 88' lang='lat' dir='ltr'><strong>concutientes</strong></span> <span class='ocrx_word' id='word_1_400' title='bbox 2875 2562 2891 2586; x_wconf 94' lang='lat'><strong>,</strong></span> <span class='ocrx_word' id='word_1_401' title='bbox 2921 2521 3004 2577; x_wconf 92' lang='lat' dir='ltr'><strong>sic</strong></span> <span class='ocrx_word' id='word_1_402' title='bbox 3030 2535 3245 2588; x_wconf 88' lang='lat' dir='ltr'><strong>omnes,</strong></span> <span class='ocrx_word' id='word_1_403' title='bbox 3274 2522 3370 2592; x_wconf 87' lang='lat' dir='ltr'><strong>qui</strong></span> 
     </span>
    </p>
   </div>
   <div class='ocr_carea' id='block_1_52' title="bbox 107 2603 1631 2683">
    <p class='ocr_par' dir='ltr' id='par_1_52' title="bbox 107 2603 1631 2681">
     <span class='ocr_line' id='line_1_52' title="bbox 107 2603 1631 2681; baseline 0.004 -24"><span class='ocrx_word' id='word_1_404' title='bbox 107 2604 333 2660; x_wconf 76' lang='grc' dir='ltr'>στείανο</span> <span class='ocrx_word' id='word_1_405' title='bbox 380 2603 523 2658; x_wconf 78' lang='grc' dir='ltr'>οὕτω</span> <span class='ocrx_word' id='word_1_406' title='bbox 561 2606 872 2680; x_wconf 85' lang='grc' dir='ltr'>σύμμορφοι</span> <span class='ocrx_word' id='word_1_407' title='bbox 916 2608 1167 2677; x_wconf 82' lang='grc' dir='ltr'>γενέσθαι</span> <span class='ocrx_word' id='word_1_408' title='bbox 1217 2608 1296 2679; x_wconf 84' lang='grc' dir='ltr'><strong>τῷ</strong></span> <span class='ocrx_word' id='word_1_409' title='bbox 1346 2608 1557 2681; x_wconf 85' lang='grc' dir='ltr'>σώματι</span> <span class='ocrx_word' id='word_1_410' title='bbox 1597 2627 1631 2663; x_wconf 87' lang='grc' dir='ltr'><strong>τ</strong></span> 
     </span>
    </p>
   </div>
   <div class='ocr_carea' id='block_1_53' title="bbox 1849 2603 3373 2683">
    <p class='ocr_par' dir='ltr' id='par_1_53' title="bbox 1849 2611 3373 2683">
     <span class='ocr_line' id='line_1_53' title="bbox 1849 2611 3373 2683; baseline -0.003 -12"><span class='ocrx_word' id='word_1_411' title='bbox 1849 2629 1924 2671; x_wconf 78' lang='lat' dir='ltr'><strong>:re</strong></span> <span class='ocrx_word' id='word_1_412' title='bbox 1941 2612 2240 2681; x_wconf 88' lang='lat' dir='ltr'><strong>credimus,</strong></span> <span class='ocrx_word' id='word_1_413' title='bbox 2263 2620 2649 2683; x_wconf 79' lang='lat' dir='ltr'><strong>exspectamus</strong></span> <span class='ocrx_word' id='word_1_414' title='bbox 2678 2626 2782 2669; x_wconf 90' lang='lat' dir='ltr'><strong>nos</strong></span> <span class='ocrx_word' id='word_1_415' title='bbox 2820 2611 3064 2683; x_wconf 89' lang='lat' dir='ltr'><strong>glorioso</strong></span> <span class='ocrx_word' id='word_1_416' title='bbox 3091 2612 3216 2683; x_wconf 86' lang='lat' dir='ltr'><strong>ejus</strong></span> <span class='ocrx_word' id='word_1_417' title='bbox 3253 2627 3373 2668; x_wconf 90' lang='lat' dir='ltr'><strong>cor-</strong></span> 
     </span>
    </p>
   </div>
   <div class='ocr_carea' id='block_1_54' title="bbox 94 2697 1618 2778">
    <p class='ocr_par' dir='ltr' id='par_1_54' title="bbox 94 2697 1618 2773">
     <span class='ocr_line' id='line_1_54' title="bbox 94 2697 1618 2773; baseline 0.002 -22"><span class='ocrx_word' id='word_1_418' title='bbox 94 2697 273 2770; x_wconf 75' lang='grc' dir='ltr'>ὂόξης</span> <span class='ocrx_word' id='word_1_419' title='bbox 300 2697 466 2753; x_wconf 85' lang='grc' dir='ltr'>αὐτοῦ</span> <span class='ocrx_word' id='word_1_420' title='bbox 502 2699 700 2763; x_wconf 88' lang='grc' dir='ltr'>πάντες</span> <span class='ocrx_word' id='word_1_421' title='bbox 740 2701 790 2754; x_wconf 80' lang='lat' dir='ltr'><strong>oi</strong></span> <span class='ocrx_word' id='word_1_422' title='bbox 831 2702 1174 2766; x_wconf 82' lang='grc' dir='ltr'>πιστεύοντες</span> <span class='ocrx_word' id='word_1_423' title='bbox 1202 2702 1442 2773; x_wconf 85' lang='grc' dir='ltr'>γνησίως</span> <span class='ocrx_word' id='word_1_424' title='bbox 1463 2703 1618 2757; x_wconf 80' lang='grc' dir='ltr'>ἀπεκὲ</span> 
     </span>
    </p>
   </div>
   <div class='ocr_carea' id='block_1_55' title="bbox 1849 2697 3373 2778">
    <p class='ocr_par' dir='ltr' id='par_1_55' title="bbox 1849 2702 3373 2777">
     <span class='ocr_line' id='line_1_55' title="bbox 1849 2702 3373 2777; baseline -0.002 -15"><span class='ocrx_word' id='word_1_425' title='bbox 1849 2706 1915 2762; x_wconf 76' lang='grc' dir='ltr'>ιιιί</span> <span class='ocrx_word' id='word_1_426' title='bbox 1944 2704 2256 2762; x_wconf 83' lang='lat' dir='ltr'><strong>conformes</strong></span> <span class='ocrx_word' id='word_1_427' title='bbox 2284 2703 2422 2760; x_wconf 82' lang='lat' dir='ltr'><strong>fore.</strong></span> <span class='ocrx_word' id='word_1_428' title='bbox 2459 2702 2551 2759; x_wconf 87' lang='lat' dir='ltr'><strong>Sic</strong></span> <span class='ocrx_word' id='word_1_429' title='bbox 2594 2719 2786 2760; x_wconf 80' lang='lat' dir='ltr'><strong>verum</strong></span> <span class='ocrx_word' id='word_1_430' title='bbox 2826 2703 2962 2759; x_wconf 92' lang='lat' dir='ltr'><strong>illud</strong></span> <span class='ocrx_word' id='word_1_431' title='bbox 3005 2719 3129 2761; x_wconf 90' lang='lat' dir='ltr'><strong>esse</strong></span> <span class='ocrx_word' id='word_1_432' title='bbox 3161 2720 3373 2777; x_wconf 91' lang='lat' dir='ltr'><strong>compe-</strong></span> 
     </span>
    </p>
   </div>
   <div class='ocr_carea' id='block_1_56' title="bbox 106 2790 1630 2866">
    <p class='ocr_par' dir='ltr' id='par_1_56' title="bbox 106 2790 1630 2866">
     <span class='ocr_line' id='line_1_56' title="bbox 106 2790 1630 2866; baseline 0.002 -22"><span class='ocrx_word' id='word_1_433' title='bbox 106 2791 352 2862; x_wconf 78' lang='grc' dir='ltr'>χόμεθα’</span> <span class='ocrx_word' id='word_1_434' title='bbox 385 2790 557 2854; x_wconf 79' lang='grc' dir='ltr'>οὕτως</span> <span class='ocrx_word' id='word_1_435' title='bbox 601 2791 796 2863; x_wconf 85' lang='grc' dir='ltr'>ἀληθὲς</span> <span class='ocrx_word' id='word_1_436' title='bbox 829 2793 1156 2866; x_wconf 80' lang='grc' dir='ltr'>εὑρίσκομεν</span> <span class='ocrx_word' id='word_1_437' title='bbox 1185 2793 1280 2860; x_wconf 85' lang='grc' dir='ltr'>τὸ,</span> <span class='ocrx_word' id='word_1_438' title='bbox 1314 2812 1333 2846; x_wconf 74' lang='grc' dir='ltr'><strong>ι</strong></span> <span class='ocrx_word' id='word_1_439' title='bbox 1371 2794 1630 2866; x_wconf 90' lang='grc' dir='ltr'>Συνήγειρ</span> 
     </span>
    </p>
   </div>
   <div class='ocr_carea' id='block_1_57' title="bbox 1848 2790 3372 2866">
    <p class='ocr_par' dir='ltr' id='par_1_57' title="bbox 1848 2795 3372 2855">
     <span class='ocr_line' id='line_1_57' title="bbox 1848 2795 3372 2855; baseline -0.002 -1"><span class='ocrx_word' id='word_1_440' title='bbox 1848 2815 1992 2855; x_wconf 92' lang='lat' dir='ltr'><strong>mus.</strong></span> <span class='ocrx_word' id='word_1_441' title='bbox 2038 2817 2057 2851; x_wconf 78' lang='grc' dir='ltr'><strong>ι</strong></span> <span class='ocrx_word' id='word_1_442' title='bbox 2083 2796 2553 2854; x_wconf 81' lang='lat' dir='ltr'><strong>Conresuscitavit</strong></span> <span class='ocrx_word' id='word_1_443' title='bbox 2591 2811 2693 2852; x_wconf 87' lang='lat' dir='ltr'><strong>nos</strong></span> <span class='ocrx_word' id='word_1_444' title='bbox 2736 2803 2790 2852; x_wconf 85' lang='lat' dir='ltr'><strong>et</strong></span> <span class='ocrx_word' id='word_1_445' title='bbox 2822 2795 3118 2853; x_wconf 87' lang='lat' dir='ltr'><strong>consedere</strong></span> <span class='ocrx_word' id='word_1_446' title='bbox 3157 2795 3286 2853; x_wconf 82' lang='lat' dir='ltr'><strong>fecit</strong></span> <span class='ocrx_word' id='word_1_447' title='bbox 3316 2797 3372 2852; x_wconf 91' lang='lat' dir='ltr'><strong>in</strong></span> 
     </span>
    </p>
   </div>
   <div class='ocr_carea' id='block_1_58' title="bbox 110 2882 1634 2959">
    <p class='ocr_par' dir='ltr' id='par_1_58' title="bbox 110 2882 1634 2957">
     <span class='ocr_line' id='line_1_58' title="bbox 110 2882 1634 2957; baseline 0.003 -22"><span class='ocrx_word' id='word_1_448' title='bbox 110 2882 268 2953; x_wconf 75' lang='grc' dir='ltr'>ἡμᾶς</span> <span class='ocrx_word' id='word_1_449' title='bbox 296 2882 391 2936; x_wconf 71' lang='grc' dir='ltr'>καὶ</span> <span class='ocrx_word' id='word_1_450' title='bbox 420 2883 770 2938; x_wconf 78' lang='grc' dir='ltr'>συνεκάθισεν</span> <span class='ocrx_word' id='word_1_451' title='bbox 815 2886 873 2938; x_wconf 90' lang='grc' dir='ltr'><strong>ἐν</strong></span> <span class='ocrx_word' id='word_1_452' title='bbox 917 2887 1030 2948; x_wconf 91' lang='grc' dir='ltr'>τοῖς</span> <span class='ocrx_word' id='word_1_453' title='bbox 1055 2883 1418 2956; x_wconf 80' lang='grc' dir='ltr'>ἐπουρανίοις.</span> <span class='ocrx_word' id='word_1_454' title='bbox 1455 2905 1472 2938; x_wconf 75' lang='grc' dir='ltr'><strong>ι</strong></span> <span class='ocrx_word' id='word_1_455' title='bbox 1495 2888 1634 2957; x_wconf 82' lang='grc' dir='ltr'><strong>’Μήτ</strong></span> 
     </span>
    </p>
   </div>
   <div class='ocr_carea' id='block_1_59' title="bbox 1846 2882 3370 2959">
    <p class='ocr_par' dir='ltr' id='par_1_59' title="bbox 1846 2887 3370 2959">
     <span class='ocr_line' id='line_1_59' title="bbox 1846 2887 3370 2959; baseline -0.003 -13"><span class='ocrx_word' id='word_1_456' title='bbox 1846 2890 2114 2947; x_wconf 73' lang='lat' dir='ltr'><strong>elestibus</strong></span> <span class='ocrx_word' id='word_1_457' title='bbox 2137 2889 2205 2942; x_wconf 80' lang='lat'><strong>”.</strong></span> <span class='ocrx_word' id='word_1_458' title='bbox 2238 2905 2260 2942; x_wconf 74' lang='grc' dir='ltr'><strong>ι</strong></span> <span class='ocrx_word' id='word_1_459' title='bbox 2300 2887 2420 2944; x_wconf 84' lang='lat' dir='ltr'><strong>Etsi</strong></span> <span class='ocrx_word' id='word_1_460' title='bbox 2450 2888 2598 2944; x_wconf 89' lang='lat' dir='ltr'><strong>enim</strong></span> <span class='ocrx_word' id='word_1_461' title='bbox 2629 2887 2685 2944; x_wconf 85' lang='lat' dir='ltr'><strong>in</strong></span> <span class='ocrx_word' id='word_1_462' title='bbox 2709 2896 2899 2944; x_wconf 85' lang='lat' dir='ltr'><strong>nostra</strong></span> <span class='ocrx_word' id='word_1_463' title='bbox 2934 2888 3170 2958; x_wconf 88' lang='lat' dir='ltr'><strong>quisque</strong></span> <span class='ocrx_word' id='word_1_464' title='bbox 3198 2887 3370 2959; x_wconf 82' lang='lat' dir='ltr'><strong>hypo-</strong></span> 
     </span>
    </p>
   </div>
   <div class='ocr_carea' id='block_1_60' title="bbox 103 2975 1627 3065">
    <p class='ocr_par' dir='ltr' id='par_1_60' title="bbox 103 2975 1626 3048">
     <span class='ocr_line' id='line_1_60' title="bbox 103 2975 1626 3048; baseline 0.003 -20"><span class='ocrx_word' id='word_1_465' title='bbox 103 2975 226 3048; x_wconf 74' lang='grc' dir='ltr'>γὰρ</span> <span class='ocrx_word' id='word_1_466' title='bbox 272 2977 619 3031; x_wconf 81' lang='grc' dir='ltr'>ἀναστάντων</span> <span class='ocrx_word' id='word_1_467' title='bbox 668 2976 827 3048; x_wconf 81' lang='grc' dir='ltr'>ἡμῶν</span> <span class='ocrx_word' id='word_1_468' title='bbox 856 2978 915 3031; x_wconf 78' lang='grc' dir='ltr'><strong>ἐν</strong></span> <span class='ocrx_word' id='word_1_469' title='bbox 947 2979 1013 3048; x_wconf 78' lang='grc' dir='ltr'>τῇ</span> <span class='ocrx_word' id='word_1_470' title='bbox 1047 2976 1170 3032; x_wconf 85' lang='grc' dir='ltr'>καθ’</span> <span class='ocrx_word' id='word_1_471' title='bbox 1204 2977 1431 3031; x_wconf 72' lang='grc' dir='ltr'>ἕκαστον</span> <span class='ocrx_word' id='word_1_472' title='bbox 1457 2979 1626 3032; x_wconf 86' lang='grc' dir='ltr'>ύποστ</span> 
     </span>
    </p>
   </div>
   <div class='ocr_carea' id='block_1_61' title="bbox 1849 2975 3373 3065">
    <p class='ocr_par' dir='ltr' id='par_1_61' title="bbox 1849 2979 3373 3043">
     <span class='ocr_line' id='line_1_61' title="bbox 1849 2979 3373 3043; baseline 0 -7"><span class='ocrx_word' id='word_1_473' title='bbox 1849 2982 1931 3039; x_wconf 85' lang='lat' dir='ltr'><strong>asi</strong></span> <span class='ocrx_word' id='word_1_474' title='bbox 1973 2981 2219 3039; x_wconf 90' lang='lat' dir='ltr'><strong>nondum</strong></span> <span class='ocrx_word' id='word_1_475' title='bbox 2261 2980 2756 3043; x_wconf 81' lang='lat' dir='ltr'><strong>resurrexerimus.</strong></span> <span class='ocrx_word' id='word_1_476' title='bbox 2800 2993 2904 3037; x_wconf 83' lang='lat' dir='ltr'><strong>nec</strong></span> <span class='ocrx_word' id='word_1_477' title='bbox 2951 2979 3007 3037; x_wconf 90' lang='lat' dir='ltr'><strong>in</strong></span> <span class='ocrx_word' id='word_1_478' title='bbox 3052 2979 3373 3036; x_wconf 60' lang='lat' dir='ltr'><strong>caelestibus</strong></span> 
     </span>
    </p>
   </div>
   <div class='ocr_carea' id='block_1_62' title="bbox 109 3067 1633 3144">
    <p class='ocr_par' dir='ltr' id='par_1_62' title="bbox 109 3067 1633 3141">
     <span class='ocr_line' id='line_1_62' title="bbox 109 3067 1633 3141; baseline 0.003 -22"><span class='ocrx_word' id='word_1_479' title='bbox 109 3084 225 3130; x_wconf 79' lang='grc' dir='ltr'>σει,</span> <span class='ocrx_word' id='word_1_480' title='bbox 288 3068 422 3138; x_wconf 84' lang='grc' dir='ltr'>μηδὲ</span> <span class='ocrx_word' id='word_1_481' title='bbox 478 3067 785 3139; x_wconf 69' lang='grc' dir='ltr'>γινομένων</span> <span class='ocrx_word' id='word_1_482' title='bbox 835 3070 893 3122; x_wconf 89' lang='grc' dir='ltr'><strong>ἐν</strong></span> <span class='ocrx_word' id='word_1_483' title='bbox 928 3070 1040 3132; x_wconf 85' lang='grc' dir='ltr'>τοῖς</span> <span class='ocrx_word' id='word_1_484' title='bbox 1073 3069 1433 3141; x_wconf 84' lang='grc' dir='ltr'>ἐπουρανίοις,</span> <span class='ocrx_word' id='word_1_485' title='bbox 1470 3069 1563 3124; x_wconf 80' lang='grc' dir='ltr'><strong>διὰ</strong></span> <span class='ocrx_word' id='word_1_486' title='bbox 1596 3088 1633 3123; x_wconf 64' lang='grc' dir='ltr'><strong>τι</strong></span> 
     </span>
    </p>
   </div>
   <div class='ocr_carea' id='block_1_63' title="bbox 1847 3067 3371 3144">
    <p class='ocr_par' dir='ltr' id='par_1_63' title="bbox 1847 3069 3371 3144">
     <span class='ocr_line' id='line_1_63' title="bbox 1847 3069 3371 3144; baseline -0.003 -15"><span class='ocrx_word' id='word_1_487' title='bbox 1847 3088 2012 3130; x_wconf 82' lang='lat' dir='ltr'><strong>mus:</strong></span> <span class='ocrx_word' id='word_1_488' title='bbox 2039 3081 2263 3144; x_wconf 84' lang='lat' dir='ltr'><strong>propter</strong></span> <span class='ocrx_word' id='word_1_489' title='bbox 2319 3070 2702 3142; x_wconf 83' lang='lat' dir='ltr'><strong>cognationem</strong></span> <span class='ocrx_word' id='word_1_490' title='bbox 2752 3078 2935 3125; x_wconf 84' lang='lat' dir='ltr'><strong>tamen</strong></span> <span class='ocrx_word' id='word_1_491' title='bbox 2980 3085 3106 3124; x_wconf 88' lang='lat' dir='ltr'><strong>cum</strong></span> <span class='ocrx_word' id='word_1_492' title='bbox 3155 3084 3222 3125; x_wconf 93' lang='lat' dir='ltr'><strong>eo</strong></span> <span class='ocrx_word' id='word_1_493' title='bbox 3277 3069 3371 3140; x_wconf 88' lang='lat' dir='ltr'><strong>qui</strong></span> 
     </span>
    </p>
   </div>
   <div class='ocr_carea' id='block_1_64' title="bbox 108 3158 1632 3233">
    <p class='ocr_par' dir='ltr' id='par_1_64' title="bbox 108 3158 1632 3229">
     <span class='ocr_line' id='line_1_64' title="bbox 108 3158 1632 3229; baseline 0.003 -18"><span class='ocrx_word' id='word_1_494' title='bbox 108 3158 259 3229; x_wconf 82' lang='grc' dir='ltr'>πρὸς</span> <span class='ocrx_word' id='word_1_495' title='bbox 282 3158 372 3212; x_wconf 83' lang='grc' dir='ltr'><strong>τὸν</strong></span> <span class='ocrx_word' id='word_1_496' title='bbox 407 3159 697 3213; x_wconf 84' lang='grc' dir='ltr'>ἀνελθόντα</span> <span class='ocrx_word' id='word_1_497' title='bbox 740 3160 837 3214; x_wconf 74' lang='grc' dir='ltr'><strong>καὶ</strong></span> <span class='ocrx_word' id='word_1_498' title='bbox 869 3160 1199 3215; x_wconf 82' lang='grc' dir='ltr'>κατελθόντα</span> <span class='ocrx_word' id='word_1_499' title='bbox 1228 3161 1544 3229; x_wconf 84' lang='grc' dir='ltr'>συγγένειαν</span> <span class='ocrx_word' id='word_1_500' title='bbox 1569 3179 1632 3216; x_wconf 85' lang='grc' dir='ltr'><strong>κα</strong></span> 
     </span>
    </p>
   </div>
   <div class='ocr_carea' id='block_1_65' title="bbox 1840 3158 3364 3233">
    <p class='ocr_par' dir='ltr' id='par_1_65' title="bbox 1840 3160 3364 3233">
     <span class='ocr_line' id='line_1_65' title="bbox 1840 3160 3364 3233; baseline -0.003 -13"><span class='ocrx_word' id='word_1_501' title='bbox 1840 3164 2047 3221; x_wconf 85' lang='lat' dir='ltr'><strong>scendit</strong></span> <span class='ocrx_word' id='word_1_502' title='bbox 2087 3172 2144 3219; x_wconf 88' lang='lat' dir='ltr'><strong>et</strong></span> <span class='ocrx_word' id='word_1_503' title='bbox 2188 3162 2491 3227; x_wconf 84' lang='lat' dir='ltr'><strong>descendit,</strong></span> <span class='ocrx_word' id='word_1_504' title='bbox 2526 3161 2647 3233; x_wconf 90' lang='lat' dir='ltr'><strong>ipsa</strong></span> <span class='ocrx_word' id='word_1_505' title='bbox 2678 3161 2869 3217; x_wconf 85' lang='lat' dir='ltr'><strong>talium</strong></span> <span class='ocrx_word' id='word_1_506' title='bbox 2899 3176 2996 3232; x_wconf 89' lang='lat' dir='ltr'><strong>spe</strong></span> <span class='ocrx_word' id='word_1_507' title='bbox 3016 3160 3174 3216; x_wconf 80' lang='lat' dir='ltr'><strong>ﬁrma</strong></span> <span class='ocrx_word' id='word_1_508' title='bbox 3207 3169 3364 3216; x_wconf 59' lang='lat' dir='ltr'><strong>tene-</strong></span> 
     </span>
    </p>
   </div>
   <div class='ocr_carea' id='block_1_66' title="bbox 110 3249 1634 3329">
    <p class='ocr_par' dir='ltr' id='par_1_66' title="bbox 110 3250 1634 3326">
     <span class='ocr_line' id='line_1_66' title="bbox 110 3250 1634 3326; baseline 0.004 -23"><span class='ocrx_word' id='word_1_509' title='bbox 110 3250 314 3321; x_wconf 81' lang='grc' dir='ltr'>έχομεν</span> <span class='ocrx_word' id='word_1_510' title='bbox 355 3253 414 3304; x_wconf 87' lang='grc' dir='ltr'><strong>ἐν</strong></span> <span class='ocrx_word' id='word_1_511' title='bbox 459 3256 524 3324; x_wconf 79' lang='grc' dir='ltr'>τῇ</span> <span class='ocrx_word' id='word_1_512' title='bbox 558 3252 665 3307; x_wconf 85' lang='grc' dir='ltr'>τῶν</span> <span class='ocrx_word' id='word_1_513' title='bbox 705 3252 962 3307; x_wconf 75' lang='grc' dir='ltr'>τοιούτων</span> <span class='ocrx_word' id='word_1_514' title='bbox 1009 3253 1182 3308; x_wconf 89' lang='grc' dir='ltr'>ἐλπίδι</span> <span class='ocrx_word' id='word_1_515' title='bbox 1222 3254 1437 3326; x_wconf 82' lang='grc' dir='ltr'>ἀσφαλῆ</span> <span class='ocrx_word' id='word_1_516' title='bbox 1482 3254 1551 3307; x_wconf 83' lang='grc' dir='ltr'>τὰ</span> <span class='ocrx_word' id='word_1_517' title='bbox 1612 3258 1634 3309; x_wconf 85' lang='grc' dir='ltr'><strong>ὲ</strong></span> 
     </span>
    </p>
   </div>
   <div class='ocr_carea' id='block_1_67' title="bbox 1847 3249 3371 3329">
    <p class='ocr_par' dir='ltr' id='par_1_67' title="bbox 1847 3249 3371 3329">
     <span class='ocr_line' id='line_1_67' title="bbox 1847 3249 3371 3329; baseline -0.006 -16"><span class='ocrx_word' id='word_1_518' title='bbox 1847 3273 1922 3313; x_wconf 73' lang='lat' dir='ltr'><strong>ms</strong></span> <span class='ocrx_word' id='word_1_519' title='bbox 1951 3257 2204 3329; x_wconf 82' lang='lat' dir='ltr'><strong>pignora.</strong></span> <span class='ocrx_word' id='word_1_520' title='bbox 2228 3254 2445 3322; x_wconf 84' lang='lat' dir='ltr'><strong>Quanto</strong></span> <span class='ocrx_word' id='word_1_521' title='bbox 2465 3252 2633 3325; x_wconf 80' lang='lat' dir='ltr'><strong>igitur</strong></span> <span class='ocrx_word' id='word_1_522' title='bbox 2663 3251 2791 3307; x_wconf 91' lang='lat' dir='ltr'><strong>odio</strong></span> <span class='ocrx_word' id='word_1_523' title='bbox 2814 3251 2965 3322; x_wconf 90' lang='lat' dir='ltr'><strong>digni</strong></span> <span class='ocrx_word' id='word_1_524' title='bbox 2996 3251 3097 3317; x_wconf 89' lang='lat' dir='ltr'><strong>illi,</strong></span> <span class='ocrx_word' id='word_1_525' title='bbox 3126 3249 3222 3322; x_wconf 89' lang='lat' dir='ltr'><strong>qui</strong></span> <span class='ocrx_word' id='word_1_526' title='bbox 3243 3266 3371 3321; x_wconf 86' lang='lat' dir='ltr'><strong>per-</strong></span> 
     </span>
    </p>
   </div>
   <div class='ocr_carea' id='block_1_68' title="bbox 112 3339 1636 3417">
    <p class='ocr_par' dir='ltr' id='par_1_68' title="bbox 112 3340 1629 3417">
     <span class='ocr_line' id='line_1_68' title="bbox 112 3340 1629 3417; baseline 0.002 -22"><span class='ocrx_word' id='word_1_527' title='bbox 112 3343 309 3414; x_wconf 83' lang='grc' dir='ltr'>έχυρα.</span> <span class='ocrx_word' id='word_1_528' title='bbox 348 3343 521 3397; x_wconf 80' lang='grc' dir='ltr'>Πόσον</span> <span class='ocrx_word' id='word_1_529' title='bbox 556 3340 650 3399; x_wconf 82' lang='grc' dir='ltr'><strong>οῦν</strong></span> <span class='ocrx_word' id='word_1_530' title='bbox 677 3345 816 3411; x_wconf 76' lang='grc' dir='ltr'>ἄξιοι</span> <span class='ocrx_word' id='word_1_531' title='bbox 845 3345 1035 3415; x_wconf 87' lang='grc' dir='ltr'>μίσους</span> <span class='ocrx_word' id='word_1_532' title='bbox 1074 3345 1122 3397; x_wconf 78' lang='lat' dir='ltr'><strong>oi</strong></span> <span class='ocrx_word' id='word_1_533' title='bbox 1157 3343 1371 3414; x_wconf 83' lang='grc' dir='ltr'>φθονεῖν</span> <span class='ocrx_word' id='word_1_534' title='bbox 1420 3346 1550 3417; x_wconf 76' lang='grc' dir='ltr'>ἡμῖν</span> <span class='ocrx_word' id='word_1_535' title='bbox 1603 3347 1629 3397; x_wconf 88' lang='grc' dir='ltr'><strong>ἐ</strong></span> 
     </span>
    </p>
   </div>
   <div class='ocr_carea' id='block_1_69' title="bbox 1848 3339 3372 3417">
    <p class='ocr_par' dir='ltr' id='par_1_69' title="bbox 1848 3339 3372 3402">
     <span class='ocr_line' id='line_1_69' title="bbox 1848 3339 3372 3402; baseline -0.005 0"><span class='ocrx_word' id='word_1_536' title='bbox 1848 3360 1958 3402; x_wconf 67' lang='grc' dir='ltr'>πει</span> <span class='ocrx_word' id='word_1_537' title='bbox 1988 3359 2089 3401; x_wconf 88' lang='lat' dir='ltr'><strong>sua</strong></span> <span class='ocrx_word' id='word_1_538' title='bbox 2126 3343 2377 3400; x_wconf 91' lang='lat' dir='ltr'><strong>doctrina</strong></span> <span class='ocrx_word' id='word_1_539' title='bbox 2407 3350 2557 3398; x_wconf 87' lang='lat' dir='ltr'><strong>tanta</strong></span> <span class='ocrx_word' id='word_1_540' title='bbox 2588 3356 2653 3396; x_wconf 88' lang='lat' dir='ltr'><strong>ac</strong></span> <span class='ocrx_word' id='word_1_541' title='bbox 2698 3341 2832 3396; x_wconf 89' lang='lat' dir='ltr'><strong>talia</strong></span> <span class='ocrx_word' id='word_1_542' title='bbox 2866 3339 3027 3397; x_wconf 89' lang='lat' dir='ltr'><strong>nobis</strong></span> <span class='ocrx_word' id='word_1_543' title='bbox 3059 3341 3201 3396; x_wconf 91' lang='lat' dir='ltr'><strong>bona</strong></span> <span class='ocrx_word' id='word_1_544' title='bbox 3231 3341 3372 3396; x_wconf 75' lang='lat' dir='ltr'><strong>invi-</strong></span> 
     </span>
    </p>
   </div>
   <div class='ocr_carea' id='block_1_70' title="bbox 107 3431 1631 3507">
    <p class='ocr_par' dir='ltr' id='par_1_70' title="bbox 107 3434 1631 3507">
     <span class='ocr_line' id='line_1_70' title="bbox 107 3434 1631 3507; baseline -0.002 -17"><span class='ocrx_word' id='word_1_545' title='bbox 107 3435 390 3500; x_wconf 75' lang='grc' dir='ltr'>τοσούτοις</span> <span class='ocrx_word' id='word_1_546' title='bbox 444 3437 538 3490; x_wconf 79' lang='grc' dir='ltr'><strong>καὶ</strong></span> <span class='ocrx_word' id='word_1_547' title='bbox 583 3436 921 3507; x_wconf 82' lang='grc' dir='ltr'>τηλικούτοις</span> <span class='ocrx_word' id='word_1_548' title='bbox 978 3435 1201 3506; x_wconf 80' lang='grc' dir='ltr'>ἀγαθοῖς</span> <span class='ocrx_word' id='word_1_549' title='bbox 1231 3434 1320 3490; x_wconf 84' lang='grc' dir='ltr'>διὰ</span> <span class='ocrx_word' id='word_1_550' title='bbox 1348 3436 1447 3507; x_wconf 80' lang='grc' dir='ltr'>τῆς</span> <span class='ocrx_word' id='word_1_551' title='bbox 1491 3436 1631 3491; x_wconf 78' lang='grc' dir='ltr'>οἰκεί</span> 
     </span>
    </p>
   </div>
   <div class='ocr_carea' id='block_1_71' title="bbox 1847 3431 3371 3507">
    <p class='ocr_par' dir='ltr' id='par_1_71' title="bbox 1847 3431 3371 3503">
     <span class='ocr_line' id='line_1_71' title="bbox 1847 3431 3371 3503; baseline -0.003 -11"><span class='ocrx_word' id='word_1_552' title='bbox 1847 3451 1929 3492; x_wconf 66' lang='lat' dir='ltr'><strong>are</strong></span> <span class='ocrx_word' id='word_1_553' title='bbox 1966 3450 2083 3490; x_wconf 85' lang='lat' dir='ltr'><strong>non</strong></span> <span class='ocrx_word' id='word_1_554' title='bbox 2126 3432 2539 3503; x_wconf 71' lang='lat' dir='ltr'><strong>dubitantzqui</strong></span> <span class='ocrx_word' id='word_1_555' title='bbox 2591 3447 2764 3503; x_wconf 88' lang='lat' dir='ltr'><strong>genus</strong></span> <span class='ocrx_word' id='word_1_556' title='bbox 2810 3439 3061 3487; x_wconf 86' lang='lat' dir='ltr'><strong>nostrum</strong></span> <span class='ocrx_word' id='word_1_557' title='bbox 3114 3431 3371 3488; x_wconf 89' lang='lat' dir='ltr'><strong>honorari</strong></span> 
     </span>
    </p>
   </div>
   <div class='ocr_carea' id='block_1_72' title="bbox 109 3524 1633 3601">
    <p class='ocr_par' dir='ltr' id='par_1_72' title="bbox 109 3527 1571 3601">
     <span class='ocr_line' id='line_1_72' title="bbox 109 3527 1571 3601; baseline 0.001 -20"><span class='ocrx_word' id='word_1_558' title='bbox 109 3528 435 3595; x_wconf 76' lang='grc' dir='ltr'>κακοδοξίας</span> <span class='ocrx_word' id='word_1_559' title='bbox 501 3528 924 3601; x_wconf 74' lang='grc' dir='ltr'>ἀγωνιζόμενοι,</span> <span class='ocrx_word' id='word_1_560' title='bbox 976 3529 1071 3582; x_wconf 78' lang='grc' dir='ltr'><strong>καὶ</strong></span> <span class='ocrx_word' id='word_1_561' title='bbox 1119 3527 1421 3592; x_wconf 87' lang='grc' dir='ltr'>κωλύοντες</span> <span class='ocrx_word' id='word_1_562' title='bbox 1471 3529 1571 3599; x_wconf 84' lang='grc' dir='ltr'><strong>μὲν</strong></span> 
     </span>
    </p>
   </div>
   <div class='ocr_carea' id='block_1_73' title="bbox 1846 3524 3370 3601">
    <p class='ocr_par' dir='ltr' id='par_1_73' title="bbox 1846 3524 3370 3598">
     <span class='ocr_line' id='line_1_73' title="bbox 1846 3524 3370 3598; baseline -0.002 -15"><span class='ocrx_word' id='word_1_563' title='bbox 1846 3528 2032 3593; x_wconf 86' lang='lat' dir='ltr'><strong>olunt;</strong></span> <span class='ocrx_word' id='word_1_564' title='bbox 2066 3526 2163 3598; x_wconf 86' lang='lat' dir='ltr'><strong>qui</strong></span> <span class='ocrx_word' id='word_1_565' title='bbox 2211 3541 2431 3582; x_wconf 87' lang='lat' dir='ltr'><strong>carnem</strong></span> <span class='ocrx_word' id='word_1_566' title='bbox 2481 3530 2760 3597; x_wconf 86' lang='lat' dir='ltr'><strong>separant,</strong></span> <span class='ocrx_word' id='word_1_567' title='bbox 2804 3539 2970 3596; x_wconf 90' lang='lat' dir='ltr'><strong>quam</strong></span> <span class='ocrx_word' id='word_1_568' title='bbox 3030 3524 3157 3593; x_wconf 86' lang='lat' dir='ltr'><strong>sibi,</strong></span> <span class='ocrx_word' id='word_1_569' title='bbox 3207 3525 3370 3580; x_wconf 85' lang='lat' dir='ltr'><strong>modo</strong></span> 
     </span>
    </p>
   </div>
   <div class='ocr_carea' id='block_1_74' title="bbox 111 3613 1635 3691">
    <p class='ocr_par' dir='ltr' id='par_1_74' title="bbox 111 3617 1635 3691">
     <span class='ocr_line' id='line_1_74' title="bbox 111 3617 1635 3691; baseline 0.001 -19"><span class='ocrx_word' id='word_1_570' title='bbox 111 3619 274 3687; x_wconf 81' lang='grc' dir='ltr'>γένος</span> <span class='ocrx_word' id='word_1_571' title='bbox 344 3618 700 3689; x_wconf 86' lang='grc' dir='ltr'>σεμνύνεσθαι</span> <span class='ocrx_word' id='word_1_572' title='bbox 722 3659 737 3683; x_wconf 96' lang='grc'><strong>,</strong></span> <span class='ocrx_word' id='word_1_573' title='bbox 806 3619 1129 3691; x_wconf 77' lang='grc' dir='ltr'>χωρίζοντες</span> <span class='ocrx_word' id='word_1_574' title='bbox 1191 3617 1251 3671; x_wconf 89' lang='grc' dir='ltr'><strong>δέ</strong></span> <span class='ocrx_word' id='word_1_575' title='bbox 1320 3617 1419 3689; x_wconf 84' lang='grc' dir='ltr'>τὴν</span> <span class='ocrx_word' id='word_1_576' title='bbox 1479 3618 1635 3690; x_wconf 78' lang='grc' dir='ltr'>σάρκι</span> 
     </span>
    </p>
   </div>
   <div class='ocr_carea' id='block_1_75' title="bbox 1846 3613 3370 3691">
    <p class='ocr_par' dir='ltr' id='par_1_75' title="bbox 1846 3613 3370 3689">
     <span class='ocr_line' id='line_1_75' title="bbox 1846 3613 3370 3689; baseline -0.003 -15"><span class='ocrx_word' id='word_1_577' title='bbox 1846 3628 1958 3675; x_wconf 77' lang='lat' dir='ltr'><strong>Lane</strong></span> <span class='ocrx_word' id='word_1_578' title='bbox 1998 3617 2290 3689; x_wconf 81' lang='lat' dir='ltr'><strong>stupenda,</strong></span> <span class='ocrx_word' id='word_1_579' title='bbox 2336 3614 2572 3672; x_wconf 68' lang='lat' dir='ltr'><strong>Verbum</strong></span> <span class='ocrx_word' id='word_1_580' title='bbox 2601 3614 2912 3685; x_wconf 78' lang='lat' dir='ltr'><strong>conjunxit,</strong></span> <span class='ocrx_word' id='word_1_581' title='bbox 2967 3613 3125 3686; x_wconf 78' lang='lat'><strong>511</strong></span> <span class='ocrx_word' id='word_1_582' title='bbox 3177 3613 3370 3670; x_wconf 85' lang='lat' dir='ltr'><strong>adver-</strong></span> 
     </span>
    </p>
   </div>
   <div class='ocr_carea' id='block_1_76' title="bbox 110 3704 1634 3783">
    <p class='ocr_par' dir='ltr' id='par_1_76' title="bbox 110 3709 1634 3783">
     <span class='ocr_line' id='line_1_76' title="bbox 110 3709 1634 3783; baseline 0.001 -20"><span class='ocrx_word' id='word_1_583' title='bbox 110 3712 188 3782; x_wconf 79' lang='grc' dir='ltr'>ἠν</span> <span class='ocrx_word' id='word_1_584' title='bbox 242 3710 416 3782; x_wconf 78' lang='grc' dir='ltr'>ἐαυτῷ</span> <span class='ocrx_word' id='word_1_585' title='bbox 462 3710 782 3783; x_wconf 80' lang='grc' dir='ltr'>παραδόξως</span> <span class='ocrx_word' id='word_1_586' title='bbox 838 3713 868 3764; x_wconf 90' lang='lat'><strong>6</strong></span> <span class='ocrx_word' id='word_1_587' title='bbox 928 3710 1100 3779; x_wconf 85' lang='grc' dir='ltr'>Λόγος</span> <span class='ocrx_word' id='word_1_588' title='bbox 1145 3709 1494 3775; x_wconf 78' lang='grc' dir='ltr'>συνέζευξεν,</span> <span class='ocrx_word' id='word_1_589' title='bbox 1559 3711 1634 3764; x_wconf 69' lang='grc' dir='ltr'>ἀνι</span> 
     </span>
    </p>
   </div>
   <div class='ocr_carea' id='block_1_77' title="bbox 1843 3704 3367 3783">
    <p class='ocr_par' dir='ltr' id='par_1_77' title="bbox 1843 3704 3367 3776">
     <span class='ocr_line' id='line_1_77' title="bbox 1843 3704 3367 3776; baseline -0.004 -10"><span class='ocrx_word' id='word_1_590' title='bbox 1843 3720 1982 3767; x_wconf 81' lang='lat' dir='ltr'><strong>intes</strong></span> <span class='ocrx_word' id='word_1_591' title='bbox 2004 3708 2176 3766; x_wconf 86' lang='lat' dir='ltr'><strong>Paulo</strong></span> <span class='ocrx_word' id='word_1_592' title='bbox 2205 3708 2461 3765; x_wconf 88' lang='lat' dir='ltr'><strong>clamanti</strong></span> <span class='ocrx_word' id='word_1_593' title='bbox 2480 3725 2525 3763; x_wconf 71' lang='grc' dir='ltr'>ι(</span> <span class='ocrx_word' id='word_1_594' title='bbox 2549 3705 2683 3775; x_wconf 65' lang='lat' dir='ltr'><strong>Quae</strong></span> <span class='ocrx_word' id='word_1_595' title='bbox 2711 3705 2855 3763; x_wconf 87' lang='lat' dir='ltr'><strong>Deus</strong></span> <span class='ocrx_word' id='word_1_596' title='bbox 2881 3706 3182 3776; x_wconf 72' lang='lat' dir='ltr'><strong>zonjunxit,</strong></span> <span class='ocrx_word' id='word_1_597' title='bbox 3205 3704 3367 3761; x_wconf 86' lang='lat' dir='ltr'><strong>homo</strong></span> 
     </span>
    </p>
   </div>
   <div class='ocr_carea' id='block_1_78' title="bbox 115 3797 1639 3874">
    <p class='ocr_par' dir='ltr' id='par_1_78' title="bbox 115 3801 1639 3874">
     <span class='ocr_line' id='line_1_78' title="bbox 115 3801 1639 3874; baseline -0.001 -18"><span class='ocrx_word' id='word_1_598' title='bbox 115 3802 398 3873; x_wconf 83' lang='grc' dir='ltr'>ιστάμενοι</span> <span class='ocrx_word' id='word_1_599' title='bbox 453 3802 510 3856; x_wconf 84' lang='grc' dir='ltr'>δὲ</span> <span class='ocrx_word' id='word_1_600' title='bbox 537 3802 737 3874; x_wconf 85' lang='grc' dir='ltr'>Παύλῳ</span> <span class='ocrx_word' id='word_1_601' title='bbox 771 3801 1003 3873; x_wconf 79' lang='grc' dir='ltr'>βοῶντι,</span> <span class='ocrx_word' id='word_1_602' title='bbox 1050 3821 1070 3854; x_wconf 75' lang='grc' dir='ltr'><strong>ι</strong></span> <span class='ocrx_word' id='word_1_603' title='bbox 1117 3803 1185 3857; x_wconf 78' lang='grc' dir='ltr'><strong>’Δ</strong></span> <span class='ocrx_word' id='word_1_604' title='bbox 1214 3802 1244 3854; x_wconf 91' lang='lat'><strong>6</strong></span> <span class='ocrx_word' id='word_1_605' title='bbox 1268 3801 1400 3866; x_wconf 86' lang='grc' dir='ltr'>Θεὸς</span> <span class='ocrx_word' id='word_1_606' title='bbox 1444 3802 1639 3867; x_wconf 69' lang='grc' dir='ltr'>συνέζεε</span> 
     </span>
    </p>
   </div>
   <div class='ocr_carea' id='block_1_79' title="bbox 1845 3797 3369 3874">
    <p class='ocr_par' dir='ltr' id='par_1_79' title="bbox 1845 3797 3369 3873">
     <span class='ocr_line' id='line_1_79' title="bbox 1845 3797 3369 3873; baseline -0.006 -12"><span class='ocrx_word' id='word_1_607' title='bbox 1845 3819 1905 3861; x_wconf 83' lang='lat' dir='ltr'><strong>on</strong></span> <span class='ocrx_word' id='word_1_608' title='bbox 1936 3810 2157 3873; x_wconf 86' lang='lat' dir='ltr'><strong>separet</strong></span> <span class='ocrx_word' id='word_1_609' title='bbox 2178 3800 2259 3867; x_wconf 77' lang='grc'><strong>⁹⁸;</strong></span> <span class='ocrx_word' id='word_1_610' title='bbox 2291 3820 2311 3853; x_wconf 77' lang='grc' dir='ltr'><strong>ι</strong></span> <span class='ocrx_word' id='word_1_611' title='bbox 2338 3800 2430 3871; x_wconf 92' lang='lat' dir='ltr'><strong>qui</strong></span> <span class='ocrx_word' id='word_1_612' title='bbox 2458 3800 2695 3870; x_wconf 88' lang='lat' dir='ltr'><strong>denique</strong></span> <span class='ocrx_word' id='word_1_613' title='bbox 2721 3800 2961 3871; x_wconf 69' lang='lat' dir='ltr'><strong>linguam</strong></span> <span class='ocrx_word' id='word_1_614' title='bbox 2982 3797 3204 3854; x_wconf 86' lang='lat' dir='ltr'><strong>diabolo</strong></span> <span class='ocrx_word' id='word_1_615' title='bbox 3231 3813 3369 3854; x_wconf 85' lang='lat' dir='ltr'><strong>mer-</strong></span> 
     </span>
    </p>
   </div>
   <div class='ocr_carea' id='block_1_80' title="bbox 115 3887 1639 3966">
    <p class='ocr_par' dir='ltr' id='par_1_80' title="bbox 115 3893 1639 3966">
     <span class='ocr_line' id='line_1_80' title="bbox 115 3893 1639 3966; baseline 0.001 -19"><span class='ocrx_word' id='word_1_616' title='bbox 115 3895 233 3960; x_wconf 82' lang='grc' dir='ltr'>ξεν,</span> <span class='ocrx_word' id='word_1_617' title='bbox 276 3894 556 3965; x_wconf 77' lang='grc' dir='ltr'>ἄνθρωπος</span> <span class='ocrx_word' id='word_1_618' title='bbox 609 3895 684 3964; x_wconf 80' lang='grc' dir='ltr'>μὴ</span> <span class='ocrx_word' id='word_1_619' title='bbox 731 3895 1043 3966; x_wconf 78' lang='grc' dir='ltr'>χωριζέτω,</span> <span class='ocrx_word' id='word_1_620' title='bbox 1075 3912 1093 3946; x_wconf 77' lang='grc' dir='ltr'><strong>ι</strong></span> <span class='ocrx_word' id='word_1_621' title='bbox 1122 3893 1441 3964; x_wconf 86' lang='grc' dir='ltr'>μισθοῦντες</span> <span class='ocrx_word' id='word_1_622' title='bbox 1491 3895 1547 3946; x_wconf 77' lang='grc' dir='ltr'>δὲ</span> <span class='ocrx_word' id='word_1_623' title='bbox 1593 3895 1639 3948; x_wconf 68' lang='grc' dir='ltr'><strong>τί</strong></span> 
     </span>
    </p>
   </div>
   <div class='ocr_carea' id='block_1_81' title="bbox 1840 3887 3364 3966">
    <p class='ocr_par' dir='ltr' id='par_1_81' title="bbox 1840 3887 3364 3960">
     <span class='ocr_line' id='line_1_81' title="bbox 1840 3887 3364 3960; baseline -0.007 -8"><span class='ocrx_word' id='word_1_624' title='bbox 1840 3895 1927 3952; x_wconf 67' lang='lat' dir='ltr'><strong>ede</strong></span> <span class='ocrx_word' id='word_1_625' title='bbox 1964 3895 2150 3950; x_wconf 89' lang='lat' dir='ltr'><strong>locant</strong></span> <span class='ocrx_word' id='word_1_626' title='bbox 2202 3893 2272 3948; x_wconf 89' lang='lat' dir='ltr'><strong>ad</strong></span> <span class='ocrx_word' id='word_1_627' title='bbox 2302 3890 2631 3949; x_wconf 87' lang='lat' dir='ltr'><strong>occultanda</strong></span> <span class='ocrx_word' id='word_1_628' title='bbox 2679 3906 2766 3955; x_wconf 87' lang='lat' dir='ltr'><strong>ca,</strong></span> <span class='ocrx_word' id='word_1_629' title='bbox 2803 3903 2927 3960; x_wconf 72' lang='lat' dir='ltr'><strong>qum</strong></span> <span class='ocrx_word' id='word_1_630' title='bbox 2959 3895 3154 3944; x_wconf 84' lang='lat' dir='ltr'><strong>contra</strong></span> <span class='ocrx_word' id='word_1_631' title='bbox 3188 3887 3364 3958; x_wconf 88' lang='lat' dir='ltr'><strong>ipsum</strong></span> 
     </span>
    </p>
   </div>
   <div class='ocr_carea' id='block_1_82' title="bbox 114 3979 1638 4058">
    <p class='ocr_par' dir='ltr' id='par_1_82' title="bbox 114 3985 1638 4058">
     <span class='ocr_line' id='line_1_82' title="bbox 114 3985 1638 4058; baseline -0.001 -18"><span class='ocrx_word' id='word_1_632' title='bbox 114 3986 361 4055; x_wconf 78' lang='grc' dir='ltr'>γλῶτταν</span> <span class='ocrx_word' id='word_1_633' title='bbox 392 3985 471 4056; x_wconf 82' lang='grc' dir='ltr'>τῷ</span> <span class='ocrx_word' id='word_1_634' title='bbox 507 3986 738 4058; x_wconf 81' lang='grc' dir='ltr'>διαϐόλῳ</span> <span class='ocrx_word' id='word_1_635' title='bbox 759 3987 895 4057; x_wconf 83' lang='grc' dir='ltr'>πρὸς</span> <span class='ocrx_word' id='word_1_636' title='bbox 927 3987 988 4040; x_wconf 83' lang='grc' dir='ltr'><strong>τὸ</strong></span> <span class='ocrx_word' id='word_1_637' title='bbox 1019 3986 1283 4057; x_wconf 84' lang='grc' dir='ltr'>κρύπτειν</span> <span class='ocrx_word' id='word_1_638' title='bbox 1310 3986 1379 4038; x_wconf 79' lang='grc' dir='ltr'>τὰ</span> <span class='ocrx_word' id='word_1_639' title='bbox 1400 3986 1520 4039; x_wconf 84' lang='grc' dir='ltr'>κατ’</span> <span class='ocrx_word' id='word_1_640' title='bbox 1556 3989 1638 4039; x_wconf 80' lang='grc' dir='ltr'><strong>ἐκε</strong></span> 
     </span>
    </p>
   </div>
   <div class='ocr_carea' id='block_1_83' title="bbox 1842 3979 3366 4058">
    <p class='ocr_par' dir='ltr' id='par_1_83' title="bbox 1842 3979 3366 4049">
     <span class='ocr_line' id='line_1_83' title="bbox 1842 3979 3366 4049; baseline -0.009 -4"><span class='ocrx_word' id='word_1_641' title='bbox 1842 3996 1938 4045; x_wconf 59' lang='lat' dir='ltr'><strong>icta</strong></span> <span class='ocrx_word' id='word_1_642' title='bbox 1970 3995 2121 4044; x_wconf 85' lang='lat' dir='ltr'><strong>sunt.</strong></span> <span class='ocrx_word' id='word_1_643' title='bbox 2164 3984 2311 4040; x_wconf 82' lang='lat' dir='ltr'><strong>Nihil</strong></span> <span class='ocrx_word' id='word_1_644' title='bbox 2334 3984 2483 4042; x_wconf 80' lang='lat' dir='ltr'><strong>enim</strong></span> <span class='ocrx_word' id='word_1_645' title='bbox 2520 3984 2602 4039; x_wconf 89' lang='lat' dir='ltr'><strong>illi</strong></span> <span class='ocrx_word' id='word_1_646' title='bbox 2634 3982 2910 4049; x_wconf 84' lang='lat' dir='ltr'><strong>acerbius,</strong></span> <span class='ocrx_word' id='word_1_647' title='bbox 2945 3980 3081 4036; x_wconf 87' lang='lat' dir='ltr'><strong>nihil</strong></span> <span class='ocrx_word' id='word_1_648' title='bbox 3109 3979 3366 4035; x_wconf 90' lang='lat' dir='ltr'><strong>intolera-</strong></span> 
     </span>
    </p>
   </div>
   <div class='ocr_carea' id='block_1_84' title="bbox 114 4070 1638 4153">
    <p class='ocr_par' dir='ltr' id='par_1_84' title="bbox 114 4077 1638 4153">
     <span class='ocr_line' id='line_1_84' title="bbox 114 4077 1638 4153; baseline -0.001 -21"><span class='ocrx_word' id='word_1_649' title='bbox 114 4096 212 4132; x_wconf 84' lang='grc' dir='ltr'><strong>νου</strong></span> <span class='ocrx_word' id='word_1_650' title='bbox 234 4077 530 4149; x_wconf 82' lang='grc' dir='ltr'>γενόμενα;</span> <span class='ocrx_word' id='word_1_651' title='bbox 562 4078 727 4132; x_wconf 79' lang='grc' dir='ltr'>Οὐδὲν</span> <span class='ocrx_word' id='word_1_652' title='bbox 753 4078 862 4153; x_wconf 84' lang='grc' dir='ltr'><strong>γὰρ</strong></span> <span class='ocrx_word' id='word_1_653' title='bbox 902 4078 1075 4141; x_wconf 81' lang='grc' dir='ltr'>οὕτως</span> <span class='ocrx_word' id='word_1_654' title='bbox 1119 4079 1315 4150; x_wconf 82' lang='grc' dir='ltr'>ἐκείνῳ</span> <span class='ocrx_word' id='word_1_655' title='bbox 1343 4077 1480 4150; x_wconf 82' lang='grc' dir='ltr'>βαρὺ</span> <span class='ocrx_word' id='word_1_656' title='bbox 1508 4080 1603 4133; x_wconf 75' lang='grc' dir='ltr'><strong>καὶ</strong></span> <span class='ocrx_word' id='word_1_657' title='bbox 1628 4097 1638 4131; x_wconf 81' lang='grc' dir='ltr'><strong>ι</strong></span> 
     </span>
    </p>
   </div>
   <div class='ocr_carea' id='block_1_85' title="bbox 1842 4070 3366 4153">
    <p class='ocr_par' dir='ltr' id='par_1_85' title="bbox 1842 4070 3366 4147">
     <span class='ocr_line' id='line_1_85' title="bbox 1842 4070 3366 4147; baseline -0.007 -13"><span class='ocrx_word' id='word_1_658' title='bbox 1842 4079 1964 4134; x_wconf 72' lang='lat' dir='ltr'><strong>ilius</strong></span> <span class='ocrx_word' id='word_1_659' title='bbox 2005 4076 2258 4133; x_wconf 89' lang='lat' dir='ltr'><strong>accidere</strong></span> <span class='ocrx_word' id='word_1_660' title='bbox 2299 4082 2502 4147; x_wconf 85' lang='lat' dir='ltr'><strong>potest,</strong></span> <span class='ocrx_word' id='word_1_661' title='bbox 2534 4088 2699 4146; x_wconf 87' lang='lat' dir='ltr'><strong>quam</strong></span> <span class='ocrx_word' id='word_1_662' title='bbox 2730 4072 2778 4128; x_wconf 87' lang='lat' dir='ltr'><strong>si</strong></span> <span class='ocrx_word' id='word_1_663' title='bbox 2808 4071 2990 4127; x_wconf 86' lang='lat' dir='ltr'><strong>videat</strong></span> <span class='ocrx_word' id='word_1_664' title='bbox 3017 4070 3300 4128; x_wconf 90' lang='lat' dir='ltr'><strong>seductam</strong></span> <span class='ocrx_word' id='word_1_665' title='bbox 3335 4086 3366 4125; x_wconf 90' lang='lat' dir='ltr'><strong>a</strong></span> 
     </span>
    </p>
   </div>
   <div class='ocr_carea' id='block_1_86' title="bbox 118 4162 1642 4241">
    <p class='ocr_par' dir='ltr' id='par_1_86' title="bbox 118 4168 1642 4241">
     <span class='ocr_line' id='line_1_86' title="bbox 118 4168 1642 4241; baseline 0 -19"><span class='ocrx_word' id='word_1_666' title='bbox 118 4169 370 4241; x_wconf 78' lang='grc' dir='ltr'>φορητὸν,</span> <span class='ocrx_word' id='word_1_667' title='bbox 400 4170 475 4232; x_wconf 85' lang='grc' dir='ltr'>ὡς</span> <span class='ocrx_word' id='word_1_668' title='bbox 502 4170 562 4223; x_wconf 87' lang='grc' dir='ltr'><strong>τὸ</strong></span> <span class='ocrx_word' id='word_1_669' title='bbox 601 4168 728 4223; x_wconf 84' lang='grc' dir='ltr'>ἰδεῖν</span> <span class='ocrx_word' id='word_1_670' title='bbox 753 4169 851 4241; x_wconf 83' lang='grc' dir='ltr'><strong>τὴν</strong></span> <span class='ocrx_word' id='word_1_671' title='bbox 885 4170 977 4223; x_wconf 80' lang='grc' dir='ltr'>ὑπ’</span> <span class='ocrx_word' id='word_1_672' title='bbox 1010 4168 1174 4223; x_wconf 87' lang='grc' dir='ltr'>αὐτοῦ</span> <span class='ocrx_word' id='word_1_673' title='bbox 1199 4168 1560 4240; x_wconf 86' lang='grc' dir='ltr'>πλανηθεῖσαν</span> <span class='ocrx_word' id='word_1_674' title='bbox 1590 4188 1642 4240; x_wconf 82' lang='grc' dir='ltr'>φι</span> 
     </span>
    </p>
   </div>
   <div class='ocr_carea' id='block_1_87' title="bbox 1842 4162 3366 4241">
    <p class='ocr_par' dir='ltr' id='par_1_87' title="bbox 1842 4162 3366 4237">
     <span class='ocr_line' id='line_1_87' title="bbox 1842 4162 3366 4237; baseline -0.008 -10"><span class='ocrx_word' id='word_1_675' title='bbox 1842 4188 1853 4228; x_wconf 77' lang='grc' dir='ltr'><strong>ι</strong></span> <span class='ocrx_word' id='word_1_676' title='bbox 1879 4177 2136 4226; x_wconf 87' lang='lat' dir='ltr'><strong>naturam</strong></span> <span class='ocrx_word' id='word_1_677' title='bbox 2159 4183 2192 4222; x_wconf 91' lang='lat' dir='ltr'><strong>a</strong></span> <span class='ocrx_word' id='word_1_678' title='bbox 2214 4165 2425 4223; x_wconf 71' lang='lat' dir='ltr'><strong>caelesti</strong></span> <span class='ocrx_word' id='word_1_679' title='bbox 2443 4164 2591 4237; x_wconf 75' lang='lat' dir='ltr'><strong>Rege</strong></span> <span class='ocrx_word' id='word_1_680' title='bbox 2619 4165 2677 4220; x_wconf 87' lang='lat' dir='ltr'><strong>in</strong></span> <span class='ocrx_word' id='word_1_681' title='bbox 2704 4162 2963 4234; x_wconf 87' lang='lat' dir='ltr'><strong>primitiis</strong></span> <span class='ocrx_word' id='word_1_682' title='bbox 2993 4176 3212 4218; x_wconf 89' lang='lat' dir='ltr'><strong>sursum</strong></span> <span class='ocrx_word' id='word_1_683' title='bbox 3241 4175 3366 4216; x_wconf 79' lang='lat' dir='ltr'><strong>eve-</strong></span> 
     </span>
    </p>
   </div>
   <div class='ocr_carea' id='block_1_88' title="bbox 121 4249 1645 4333">
    <p class='ocr_par' dir='ltr' id='par_1_88' title="bbox 121 4259 1645 4333">
     <span class='ocr_line' id='line_1_88' title="bbox 121 4259 1645 4333; baseline 0.001 -19"><span class='ocrx_word' id='word_1_684' title='bbox 121 4278 207 4314; x_wconf 83' lang='grc' dir='ltr'><strong>σιν</strong></span> <span class='ocrx_word' id='word_1_685' title='bbox 244 4259 634 4331; x_wconf 82' lang='grc' dir='ltr'>ἀναληφθεῖσαν</span> <span class='ocrx_word' id='word_1_686' title='bbox 665 4263 762 4332; x_wconf 78' lang='grc' dir='ltr'><strong>μὲν</strong></span> <span class='ocrx_word' id='word_1_687' title='bbox 794 4264 861 4332; x_wconf 82' lang='grc' dir='ltr'>τῇ</span> <span class='ocrx_word' id='word_1_688' title='bbox 897 4262 1115 4333; x_wconf 82' lang='grc' dir='ltr'>ἀπαρχῇ</span> <span class='ocrx_word' id='word_1_689' title='bbox 1150 4261 1300 4332; x_wconf 86' lang='grc' dir='ltr'><strong>παρά</strong></span> <span class='ocrx_word' id='word_1_690' title='bbox 1335 4261 1426 4315; x_wconf 89' lang='grc' dir='ltr'><strong>τοῦ</strong></span> <span class='ocrx_word' id='word_1_691' title='bbox 1463 4262 1570 4316; x_wconf 84' lang='grc' dir='ltr'>τῶν</span> <span class='ocrx_word' id='word_1_692' title='bbox 1599 4263 1645 4316; x_wconf 67' lang='grc' dir='ltr'>οξ</span> 
     </span>
    </p>
   </div>
   <div class='ocr_carea' id='block_1_89' title="bbox 1835 4249 3359 4333">
    <p class='ocr_par' dir='ltr' id='par_1_89' title="bbox 1835 4249 3359 4324">
     <span class='ocr_line' id='line_1_89' title="bbox 1835 4249 3359 4324; baseline -0.009 -7"><span class='ocrx_word' id='word_1_693' title='bbox 1835 4268 1960 4324; x_wconf 81' lang='lat' dir='ltr'><strong>Lam,</strong></span> <span class='ocrx_word' id='word_1_694' title='bbox 1987 4264 2044 4315; x_wconf 78' lang='lat' dir='ltr'><strong>et</strong></span> <span class='ocrx_word' id='word_1_695' title='bbox 2083 4256 2304 4315; x_wconf 86' lang='lat' dir='ltr'><strong>excelso</strong></span> <span class='ocrx_word' id='word_1_696' title='bbox 2343 4254 2527 4309; x_wconf 89' lang='lat' dir='ltr'><strong>animo</strong></span> <span class='ocrx_word' id='word_1_697' title='bbox 2560 4267 2627 4311; x_wconf 87' lang='lat' dir='ltr'><strong>ac</strong></span> <span class='ocrx_word' id='word_1_698' title='bbox 2668 4266 2835 4324; x_wconf 88' lang='lat' dir='ltr'><strong>supra</strong></span> <span class='ocrx_word' id='word_1_699' title='bbox 2877 4249 3100 4306; x_wconf 88' lang='lat' dir='ltr'><strong>laudem</strong></span> <span class='ocrx_word' id='word_1_700' title='bbox 3140 4264 3359 4305; x_wconf 89' lang='lat' dir='ltr'><strong>omnem</strong></span> 
     </span>
    </p>
   </div>
   <div class='ocr_carea' id='block_1_90' title="bbox 123 4338 1647 4424">
    <p class='ocr_par' dir='ltr' id='par_1_90' title="bbox 123 4352 1647 4424">
     <span class='ocr_line' id='line_1_90' title="bbox 123 4352 1647 4424; baseline 0.001 -18"><span class='ocrx_word' id='word_1_701' title='bbox 123 4352 296 4424; x_wconf 84' lang='grc' dir='ltr'>ρανῶν</span> <span class='ocrx_word' id='word_1_702' title='bbox 327 4352 609 4422; x_wconf 83' lang='grc' dir='ltr'>βασιλέως,</span> <span class='ocrx_word' id='word_1_703' title='bbox 639 4352 1105 4424; x_wconf 84' lang='grc' dir='ltr'>πολιτευσαμένην</span> <span class='ocrx_word' id='word_1_704' title='bbox 1141 4353 1199 4407; x_wconf 82' lang='grc' dir='ltr'>δὲ</span> <span class='ocrx_word' id='word_1_705' title='bbox 1235 4353 1588 4424; x_wconf 80' lang='grc' dir='ltr'>μεγαλοφυῶς</span> <span class='ocrx_word' id='word_1_706' title='bbox 1628 4372 1647 4408; x_wconf 77' lang='grc' dir='ltr'><strong>τ</strong></span> 
     </span>
    </p>
   </div>
   <div class='ocr_carea' id='block_1_91' title="bbox 1841 4338 3365 4424">
    <p class='ocr_par' dir='ltr' id='par_1_91' title="bbox 1841 4340 3365 4418">
     <span class='ocr_line' id='line_1_91' title="bbox 1841 4340 3365 4418; baseline -0.007 -10"><span class='ocrx_word' id='word_1_707' title='bbox 1841 4364 2138 4417; x_wconf 73' lang='lat' dir='ltr'><strong>inversam,</strong></span> <span class='ocrx_word' id='word_1_708' title='bbox 2161 4358 2218 4404; x_wconf 89' lang='lat' dir='ltr'><strong>et</strong></span> <span class='ocrx_word' id='word_1_709' title='bbox 2236 4345 2575 4418; x_wconf 87' lang='lat' dir='ltr'><strong>superiorem</strong></span> <span class='ocrx_word' id='word_1_710' title='bbox 2600 4343 2802 4398; x_wconf 85' lang='lat' dir='ltr'><strong>factam</strong></span> <span class='ocrx_word' id='word_1_711' title='bbox 2823 4352 2998 4398; x_wconf 88' lang='lat' dir='ltr'><strong>morte</strong></span> <span class='ocrx_word' id='word_1_712' title='bbox 3022 4340 3365 4398; x_wconf 87' lang='lat' dir='ltr'><strong>destruxisse</strong></span> 
     </span>
    </p>
   </div>
   <div class='ocr_carea' id='block_1_92' title="bbox 120 4433 1644 4518">
    <p class='ocr_par' dir='ltr' id='par_1_92' title="bbox 120 4442 1644 4517">
     <span class='ocr_line' id='line_1_92' title="bbox 120 4442 1644 4517; baseline 0.001 -20"><span class='ocrx_word' id='word_1_713' title='bbox 120 4445 218 4498; x_wconf 77' lang='grc' dir='ltr'>καὶ</span> <span class='ocrx_word' id='word_1_714' title='bbox 245 4444 376 4517; x_wconf 87' lang='grc' dir='ltr'>ὑπὲρ</span> <span class='ocrx_word' id='word_1_715' title='bbox 409 4444 625 4499; x_wconf 82' lang='grc' dir='ltr'>ἔπαινον</span> <span class='ocrx_word' id='word_1_716' title='bbox 645 4463 659 4475; x_wconf 88' lang='grc'><strong>·</strong></span> <span class='ocrx_word' id='word_1_717' title='bbox 688 4445 986 4515; x_wconf 79' lang='grc' dir='ltr'>γενομένην</span> <span class='ocrx_word' id='word_1_718' title='bbox 1016 4443 1073 4497; x_wconf 87' lang='grc' dir='ltr'>δὲ</span> <span class='ocrx_word' id='word_1_719' title='bbox 1096 4442 1377 4515; x_wconf 88' lang='grc' dir='ltr'>κρείττονα</span> <span class='ocrx_word' id='word_1_720' title='bbox 1402 4442 1495 4496; x_wconf 89' lang='grc' dir='ltr'><strong>τοῦ</strong></span> <span class='ocrx_word' id='word_1_721' title='bbox 1528 4443 1644 4498; x_wconf 77' lang='grc' dir='ltr'>θανι</span> 
     </span>
    </p>
   </div>
   <div class='ocr_carea' id='block_1_93' title="bbox 1842 4433 3366 4518">
    <p class='ocr_par' dir='ltr' id='par_1_93' title="bbox 1842 4433 3366 4515">
     <span class='ocr_line' id='line_1_93' title="bbox 1842 4433 3366 4515; baseline -0.01 -14"><span class='ocrx_word' id='word_1_722' title='bbox 1842 4445 1969 4503; x_wconf 72' lang='grc' dir='ltr'>ιεὶιιε</span> <span class='ocrx_word' id='word_1_723' title='bbox 2000 4440 2369 4515; x_wconf 85' lang='lat' dir='ltr'><strong>tyrannidem,</strong></span> <span class='ocrx_word' id='word_1_724' title='bbox 2400 4445 2456 4493; x_wconf 90' lang='lat' dir='ltr'><strong>et</strong></span> <span class='ocrx_word' id='word_1_725' title='bbox 2501 4443 2837 4505; x_wconf 91' lang='lat' dir='ltr'><strong>assumptam</strong></span> <span class='ocrx_word' id='word_1_726' title='bbox 2888 4433 2945 4489; x_wconf 91' lang='lat' dir='ltr'><strong>in</strong></span> <span class='ocrx_word' id='word_1_727' title='bbox 2996 4433 3223 4499; x_wconf 68' lang='lat' dir='ltr'><strong>malum,</strong></span> <span class='ocrx_word' id='word_1_728' title='bbox 3248 4434 3366 4505; x_wconf 83' lang='lat' dir='ltr'><strong>glo-</strong></span> 
     </span>
    </p>
   </div>
   <div class='ocr_carea' id='block_1_94' title="bbox 119 4524 1643 4607">
    <p class='ocr_par' dir='ltr' id='par_1_94' title="bbox 119 4533 1643 4607">
     <span class='ocr_line' id='line_1_94' title="bbox 119 4533 1643 4607; baseline -0.003 -16"><span class='ocrx_word' id='word_1_729' title='bbox 119 4551 242 4591; x_wconf 89' lang='grc' dir='ltr'>του·</span> <span class='ocrx_word' id='word_1_730' title='bbox 273 4536 643 4591; x_wconf 84' lang='grc' dir='ltr'>καταλύσασαν</span> <span class='ocrx_word' id='word_1_731' title='bbox 676 4535 734 4590; x_wconf 83' lang='grc' dir='ltr'>δὲ</span> <span class='ocrx_word' id='word_1_732' title='bbox 777 4534 874 4607; x_wconf 79' lang='grc' dir='ltr'>τὴν</span> <span class='ocrx_word' id='word_1_733' title='bbox 911 4534 1076 4588; x_wconf 86' lang='grc' dir='ltr'>αὐτοῦ</span> <span class='ocrx_word' id='word_1_734' title='bbox 1115 4533 1401 4607; x_wconf 85' lang='grc' dir='ltr'>τυραννίδα</span> <span class='ocrx_word' id='word_1_735' title='bbox 1419 4551 1434 4566; x_wconf 77' lang='grc' dir='ltr'><strong>ο</strong></span> <span class='ocrx_word' id='word_1_736' title='bbox 1483 4533 1643 4603; x_wconf 68' lang='grc' dir='ltr'>ἁναλη</span> 
     </span>
    </p>
   </div>
   <div class='ocr_carea' id='block_1_95' title="bbox 1836 4524 3360 4607">
    <p class='ocr_par' dir='ltr' id='par_1_95' title="bbox 1836 4524 3360 4607">
     <span class='ocr_line' id='line_1_95' title="bbox 1836 4524 3360 4607; baseline -0.008 -15"><span class='ocrx_word' id='word_1_737' title='bbox 1836 4550 2051 4607; x_wconf 72' lang='lat' dir='ltr'><strong>,osaque</strong></span> <span class='ocrx_word' id='word_1_738' title='bbox 2076 4532 2207 4593; x_wconf 79' lang='lat' dir='ltr'><strong>sede</strong></span> <span class='ocrx_word' id='word_1_739' title='bbox 2235 4530 2407 4589; x_wconf 81' lang='lat' dir='ltr'><strong>fuisse</strong></span> <span class='ocrx_word' id='word_1_740' title='bbox 2435 4529 2760 4585; x_wconf 86' lang='lat' dir='ltr'><strong>honoratam</strong></span> <span class='ocrx_word' id='word_1_741' title='bbox 2780 4567 2796 4593; x_wconf 96' lang='lat'><strong>,</strong></span> <span class='ocrx_word' id='word_1_742' title='bbox 2828 4535 2884 4584; x_wconf 88' lang='lat' dir='ltr'><strong>et</strong></span> <span class='ocrx_word' id='word_1_743' title='bbox 2915 4524 3059 4598; x_wconf 86' lang='lat' dir='ltr'><strong>apud</strong></span> <span class='ocrx_word' id='word_1_744' title='bbox 3098 4541 3225 4583; x_wconf 88' lang='lat' dir='ltr'><strong>eum</strong></span> <span class='ocrx_word' id='word_1_745' title='bbox 3267 4527 3360 4598; x_wconf 89' lang='lat' dir='ltr'><strong>qui</strong></span> 
     </span>
    </p>
   </div>
   <div class='ocr_carea' id='block_1_96' title="bbox 124 4619 1648 4702">
    <p class='ocr_par' dir='ltr' id='par_1_96' title="bbox 124 4625 1648 4702">
     <span class='ocr_line' id='line_1_96' title="bbox 124 4625 1648 4702; baseline -0.005 -18"><span class='ocrx_word' id='word_1_746' title='bbox 124 4631 341 4702; x_wconf 74' lang='grc' dir='ltr'>φθεῖσαν</span> <span class='ocrx_word' id='word_1_747' title='bbox 373 4630 431 4684; x_wconf 79' lang='grc' dir='ltr'>δὲ</span> <span class='ocrx_word' id='word_1_748' title='bbox 475 4631 553 4691; x_wconf 87' lang='grc' dir='ltr'>εἰς</span> <span class='ocrx_word' id='word_1_749' title='bbox 594 4628 840 4699; x_wconf 82' lang='grc' dir='ltr'>οὐρανὸν,</span> <span class='ocrx_word' id='word_1_750' title='bbox 870 4627 965 4680; x_wconf 77' lang='grc' dir='ltr'>καὶ</span> <span class='ocrx_word' id='word_1_751' title='bbox 1011 4626 1110 4697; x_wconf 84' lang='grc' dir='ltr'>τῆς</span> <span class='ocrx_word' id='word_1_752' title='bbox 1155 4625 1366 4692; x_wconf 76' lang='grc' dir='ltr'>ἐνδόξου</span> <span class='ocrx_word' id='word_1_753' title='bbox 1419 4625 1648 4697; x_wconf 78' lang='grc' dir='ltr'>καθέδρα</span> 
     </span>
    </p>
   </div>
   <div class='ocr_carea' id='block_1_97' title="bbox 1839 4619 3363 4702">
    <p class='ocr_par' dir='ltr' id='par_1_97' title="bbox 1839 4619 3363 4700">
     <span class='ocr_line' id='line_1_97' title="bbox 1839 4619 3363 4700; baseline -0.011 -12"><span class='ocrx_word' id='word_1_754' title='bbox 1839 4633 2190 4700; x_wconf 77' lang='lat' dir='ltr'><strong>ssumpserat,</strong></span> <span class='ocrx_word' id='word_1_755' title='bbox 2237 4625 2383 4680; x_wconf 89' lang='lat' dir='ltr'><strong>inter</strong></span> <span class='ocrx_word' id='word_1_756' title='bbox 2425 4636 2622 4678; x_wconf 79' lang='lat' dir='ltr'><strong>omnes</strong></span> <span class='ocrx_word' id='word_1_757' title='bbox 2667 4626 2991 4684; x_wconf 84' lang='lat' dir='ltr'><strong>creaturas,</strong></span> <span class='ocrx_word' id='word_1_758' title='bbox 3038 4619 3097 4674; x_wconf 91' lang='lat' dir='ltr'><strong>in</strong></span> <span class='ocrx_word' id='word_1_759' title='bbox 3147 4634 3363 4675; x_wconf 87' lang='lat' dir='ltr'><strong>summa</strong></span> 
     </span>
    </p>
   </div>
   <div class='ocr_carea' id='block_1_98' title="bbox 121 4708 1645 4792">
    <p class='ocr_par' dir='ltr' id='par_1_98' title="bbox 121 4716 1643 4792">
     <span class='ocr_line' id='line_1_98' title="bbox 121 4716 1643 4792; baseline -0.006 -14"><span class='ocrx_word' id='word_1_760' title='bbox 121 4723 450 4792; x_wconf 80' lang='grc' dir='ltr'>ἀξιωθεῖσαν,</span> <span class='ocrx_word' id='word_1_761' title='bbox 484 4722 541 4775; x_wconf 76' lang='grc' dir='ltr'><strong>ἐν</strong></span> <span class='ocrx_word' id='word_1_762' title='bbox 565 4737 625 4774; x_wconf 87' lang='grc' dir='ltr'><strong>τε</strong></span> <span class='ocrx_word' id='word_1_763' title='bbox 650 4720 785 4792; x_wconf 82' lang='grc' dir='ltr'>πρὸς</span> <span class='ocrx_word' id='word_1_764' title='bbox 816 4719 908 4772; x_wconf 80' lang='grc' dir='ltr'><strong>τὸν</strong></span> <span class='ocrx_word' id='word_1_765' title='bbox 938 4718 1274 4773; x_wconf 85' lang='grc' dir='ltr'>ἀναλαϐόντα</span> <span class='ocrx_word' id='word_1_766' title='bbox 1301 4716 1451 4788; x_wconf 77' lang='grc' dir='ltr'>πάσῃ</span> <span class='ocrx_word' id='word_1_767' title='bbox 1486 4719 1551 4787; x_wconf 77' lang='grc' dir='ltr'>τῇ</span> <span class='ocrx_word' id='word_1_768' title='bbox 1578 4733 1643 4769; x_wconf 86' lang='grc' dir='ltr'><strong>κτ</strong></span> 
     </span>
    </p>
   </div>
   <div class='ocr_carea' id='block_1_99' title="bbox 1841 4708 3365 4792">
    <p class='ocr_par' dir='ltr' id='par_1_99' title="bbox 1841 4708 3365 4791">
     <span class='ocr_line' id='line_1_99' title="bbox 1841 4708 3365 4791; baseline -0.011 -15"><span class='ocrx_word' id='word_1_769' title='bbox 1841 4717 2182 4791; x_wconf 73' lang='lat' dir='ltr'><strong>injunctione</strong></span> <span class='ocrx_word' id='word_1_770' title='bbox 2232 4711 2532 4785; x_wconf 83' lang='lat' dir='ltr'><strong>cognitam,</strong></span> <span class='ocrx_word' id='word_1_771' title='bbox 2589 4710 2646 4766; x_wconf 90' lang='lat' dir='ltr'><strong>in</strong></span> <span class='ocrx_word' id='word_1_772' title='bbox 2704 4708 3124 4781; x_wconf 88' lang='lat' dir='ltr'><strong>participatione</strong></span> <span class='ocrx_word' id='word_1_773' title='bbox 3176 4708 3365 4779; x_wconf 67' lang='lat' dir='ltr'><strong>gloriae</strong></span> 
     </span>
    </p>
   </div>
   <div class='ocr_carea' id='block_1_100' title="bbox 122 4798 1646 4884">
    <p class='ocr_par' dir='ltr' id='par_1_100' title="bbox 122 4806 1646 4884">
     <span class='ocr_line' id='line_1_100' title="bbox 122 4806 1646 4884; baseline -0.007 -14"><span class='ocrx_word' id='word_1_774' title='bbox 122 4835 207 4872; x_wconf 87' lang='grc' dir='ltr'><strong>σει</strong></span> <span class='ocrx_word' id='word_1_775' title='bbox 234 4813 633 4884; x_wconf 80' lang='grc' dir='ltr'>γινωσκομένην</span> <span class='ocrx_word' id='word_1_776' title='bbox 677 4813 744 4882; x_wconf 76' lang='grc' dir='ltr'>τῇ</span> <span class='ocrx_word' id='word_1_777' title='bbox 792 4809 937 4882; x_wconf 76' lang='grc' dir='ltr'>ἄκρᾳ</span> <span class='ocrx_word' id='word_1_778' title='bbox 967 4808 1254 4879; x_wconf 78' lang='grc' dir='ltr'>συναφείᾳ,</span> <span class='ocrx_word' id='word_1_779' title='bbox 1299 4810 1367 4879; x_wconf 73' lang='grc' dir='ltr'>τῇ</span> <span class='ocrx_word' id='word_1_780' title='bbox 1402 4809 1499 4878; x_wconf 83' lang='grc' dir='ltr'>τῆς</span> <span class='ocrx_word' id='word_1_781' title='bbox 1530 4806 1646 4875; x_wconf 56' lang='grc' dir='ltr'>δόξῃ</span> 
     </span>
    </p>
   </div>
   <div class='ocr_carea' id='block_1_101' title="bbox 1835 4798 3359 4884">
    <p class='ocr_par' dir='ltr' id='par_1_101' title="bbox 1835 4798 3359 4877">
     <span class='ocr_line' id='line_1_101' title="bbox 1835 4798 3359 4877; baseline -0.012 -9"><span class='ocrx_word' id='word_1_782' title='bbox 1835 4826 1913 4868; x_wconf 80' lang='grc' dir='ltr'><strong>ιω</strong></span> <span class='ocrx_word' id='word_1_783' title='bbox 1943 4822 2011 4864; x_wconf 89' lang='lat' dir='ltr'><strong>eo</strong></span> <span class='ocrx_word' id='word_1_784' title='bbox 2032 4806 2125 4877; x_wconf 92' lang='lat' dir='ltr'><strong>qui</strong></span> <span class='ocrx_word' id='word_1_785' title='bbox 2151 4819 2182 4860; x_wconf 88' lang='lat' dir='ltr'><strong>a</strong></span> <span class='ocrx_word' id='word_1_786' title='bbox 2209 4818 2270 4860; x_wconf 87' lang='lat' dir='ltr'><strong>se</strong></span> <span class='ocrx_word' id='word_1_787' title='bbox 2297 4811 2384 4860; x_wconf 91' lang='lat' dir='ltr'><strong>est</strong></span> <span class='ocrx_word' id='word_1_788' title='bbox 2412 4800 2701 4865; x_wconf 88' lang='lat' dir='ltr'><strong>indivisus,</strong></span> <span class='ocrx_word' id='word_1_789' title='bbox 2731 4814 2853 4870; x_wconf 77' lang='lat' dir='ltr'><strong>quae</strong></span> <span class='ocrx_word' id='word_1_790' title='bbox 2882 4798 3118 4869; x_wconf 87' lang='lat' dir='ltr'><strong>dignitas</strong></span> <span class='ocrx_word' id='word_1_791' title='bbox 3142 4811 3359 4851; x_wconf 90' lang='lat' dir='ltr'><strong>omnem</strong></span> 
     </span>
    </p>
   </div>
   <div class='ocr_carea' id='block_1_102' title="bbox 123 4900 1647 4981">
    <p class='ocr_par' dir='ltr' id='par_1_102' title="bbox 123 4900 1647 4981">
     <span class='ocr_line' id='line_1_102' title="bbox 123 4900 1647 4981; baseline -0.01 -17"><span class='ocrx_word' id='word_1_792' title='bbox 123 4907 366 4981; x_wconf 70' lang='grc' dir='ltr'>κοινωνία</span> <span class='ocrx_word' id='word_1_793' title='bbox 391 4906 471 4977; x_wconf 85' lang='grc' dir='ltr'>τῷ</span> <span class='ocrx_word' id='word_1_794' title='bbox 501 4905 804 4978; x_wconf 82' lang='grc' dir='ltr'>ἀμερίστῳ,</span> <span class='ocrx_word' id='word_1_795' title='bbox 825 4904 925 4976; x_wconf 81' lang='grc' dir='ltr'>τῆς</span> <span class='ocrx_word' id='word_1_796' title='bbox 958 4903 1100 4973; x_wconf 82' lang='grc' dir='ltr'>ὑπὲρ</span> <span class='ocrx_word' id='word_1_797' title='bbox 1125 4902 1300 4957; x_wconf 84' lang='grc' dir='ltr'>πάντα</span> <span class='ocrx_word' id='word_1_798' title='bbox 1333 4902 1486 4970; x_wconf 85' lang='grc' dir='ltr'>λόγον</span> <span class='ocrx_word' id='word_1_799' title='bbox 1511 4900 1647 4966; x_wconf 65' lang='grc' dir='ltr'>ἀξίαι</span> 
     </span>
    </p>
   </div>
   <div class='ocr_carea' id='block_1_103' title="bbox 898 4900 2422 4981">
    <p class='ocr_par' dir='ltr' id='par_1_103' title="bbox 898 4900 2422 4973">
     <span class='ocr_line' id='line_1_103' title="bbox 898 4900 2422 4973; baseline -0.006 -18"><span class='ocrx_word' id='word_1_800' title='bbox 898 4922 925 4968; x_wconf 89' lang='grc' dir='ltr'><strong>ς</strong></span> <span class='ocrx_word' id='word_1_801' title='bbox 958 4903 1100 4973; x_wconf 82' lang='grc' dir='ltr'>ὑπὲρ</span> <span class='ocrx_word' id='word_1_802' title='bbox 1125 4902 1300 4957; x_wconf 83' lang='grc' dir='ltr'>πάντα</span> <span class='ocrx_word' id='word_1_803' title='bbox 1333 4902 1486 4970; x_wconf 84' lang='grc' dir='ltr'>λόγον</span> <span class='ocrx_word' id='word_1_804' title='bbox 1511 4900 1686 4966; x_wconf 75' lang='grc' dir='ltr'>ἀξίας.</span> <span class='ocrx_word' id='word_1_805' title='bbox 1787 4900 2092 4958; x_wconf 86' lang='lat' dir='ltr'><strong>orationem</strong></span> <span class='ocrx_word' id='word_1_806' title='bbox 2128 4901 2422 4964; x_wconf 79' lang='lat' dir='ltr'><strong>exsuperat</strong></span> 
     </span>
    </p>
   </div>
   <div class='ocr_carea' id='block_1_104' title="bbox 824 5000 2638 5071">
    <p class='ocr_par' dir='ltr' id='par_1_104' title="bbox 824 5000 2638 5071">
     <span class='ocr_line' id='line_1_104' title="bbox 824 5000 2638 5071; baseline -0.009 0"><span class='ocrx_word' id='word_1_807' title='bbox 824 5016 945 5071; x_wconf 75' lang='lat' dir='ltr'><strong>XVI</strong></span> <span class='ocrx_word' id='word_1_808' title='bbox 2497 5000 2638 5056; x_wconf 70' lang='lat' dir='ltr'><strong>XVI.</strong></span> 
     </span>
    </p>
   </div>
   <div class='ocr_carea' id='block_1_105' title="bbox 125 5111 1649 5205">
    <p class='ocr_par' dir='ltr' id='par_1_105' title="bbox 125 5125 1649 5205">
     <span class='ocr_line' id='line_1_105' title="bbox 125 5125 1649 5205; baseline -0.006 -16"><span class='ocrx_word' id='word_1_809' title='bbox 125 5138 273 5205; x_wconf 72' lang='grc' dir='ltr'>Πρὸς</span> <span class='ocrx_word' id='word_1_810' title='bbox 318 5134 453 5201; x_wconf 74' lang='grc' dir='ltr'>τοὺς</span> <span class='ocrx_word' id='word_1_811' title='bbox 527 5134 885 5205; x_wconf 73' lang='grc' dir='ltr'>κελεύοντας</span> <span class='ocrx_word' id='word_1_812' title='bbox 934 5130 1506 5205; x_wconf 30' lang='grc' dir='ltr'>ἁπλῶςμπισζεύειγ</span> <span class='ocrx_word' id='word_1_813' title='bbox 1567 5125 1649 5180; x_wconf 82' lang='grc' dir='ltr'>τοὶ</span> 
     </span>
    </p>
   </div>
   <div class='ocr_carea' id='block_1_106' title="bbox 1832 5111 3356 5205">
    <p class='ocr_par' dir='ltr' id='par_1_106' title="bbox 1834 5111 3356 5205">
     <span class='ocr_line' id='line_1_106' title="bbox 1834 5111 3356 5205; baseline -0.011 -28"><span class='ocrx_word' id='word_1_814' title='bbox 1834 5124 2159 5205; x_wconf 45' lang='lat' dir='ltr'><strong>diversus-eos</strong></span> <span class='ocrx_word' id='word_1_815' title='bbox 2178 5118 2268 5189; x_wconf 78' lang='lat' dir='ltr'><strong>qui</strong></span> <span class='ocrx_word' id='word_1_816' title='bbox 2295 5117 2474 5172; x_wconf 64' lang='lat' dir='ltr'><strong>volunt</strong></span> <span class='ocrx_word' id='word_1_817' title='bbox 2504 5113 2904 5205; x_wconf 35' lang='lat' dir='ltr'><strong>simplicitati-“iis</strong></span> <span class='ocrx_word' id='word_1_818' title='bbox 2930 5111 3356 5205; x_wconf 30' lang='lat' dir='ltr'><strong>“adigis-unt</strong></span> 
     </span>
    </p>
   </div>
   <div class='ocr_carea' id='block_1_107' title="bbox 192 5180 1716 5328">
    <p class='ocr_par' dir='ltr' id='par_1_107' title="bbox 192 5180 1685 5328">
     <span class='ocr_line' id='line_1_107' title="bbox 192 5180 1685 5328; baseline -0.006 -69"><span class='ocrx_word' id='word_1_819' title='bbox 192 5180 730 5328; x_wconf 50' lang='grc' dir='ltr'><strong>ξτοῇξνὶιςζῖἓιῖ</strong></span> <span class='ocrx_word' id='word_1_820' title='bbox 745 5180 847 5272; x_wconf 65' lang='grc' dir='ltr'><strong>’,ιὶῆ</strong></span> <span class='ocrx_word' id='word_1_821' title='bbox 856 5180 877 5198; x_wconf 69' lang='grc'>³</span> <span class='ocrx_word' id='word_1_822' title='bbox 899 5180 1212 5256; x_wconf 60' lang='grc' dir='ltr'>κᾶἱᾶιῖοέῖνέ</span> <span class='ocrx_word' id='word_1_823' title='bbox 1225 5180 1235 5182; x_wconf 62' lang='grc'>⁷</span> <span class='ocrx_word' id='word_1_824' title='bbox 1250 5180 1331 5253; x_wconf 65' lang='grc' dir='ltr'><strong>’ἓὸ</strong></span> <span class='ocrx_word' id='word_1_825' title='bbox 1350 5180 1595 5267; x_wconf 54' lang='grc' dir='ltr'>’δὲρέπον</span> <span class='ocrx_word' id='word_1_826' title='bbox 1646 5180 1685 5265; x_wconf 73' lang='grc' dir='ltr'><strong><em>ἦ</em></strong></span> 
     </span>
     <span class='ocr_line' id='line_1_108' title="bbox 275 5290 1031 5328; baseline 0 0"><span class='ocrx_word' id='word_1_827' title='bbox 275 5290 378 5328; x_wconf 65' lang='lat' dir='ltr'><strong>osa</strong></span> <span class='ocrx_word' id='word_1_828' title='bbox 411 5296 462 5328; x_wconf 74' lang='grc' dir='ltr'><strong>(ι.</strong></span> <span class='ocrx_word' id='word_1_829' title='bbox 1024 5300 1031 5309; x_wconf 91' lang='grc'><strong>·</strong></span> 
     </span>
    </p>
   </div>
   <div class='ocr_carea' id='block_1_108' title="bbox 1830 5180 3354 5328">
    <p class='ocr_par' dir='ltr' id='par_1_108' title="bbox 1853 5180 3354 5328">
     <span class='ocr_line' id='line_1_109' title="bbox 1853 5180 3354 5252; baseline -0.011 -3"><span class='ocrx_word' id='word_1_830' title='bbox 1853 5188 2166 5249; x_wconf 67' lang='lat' dir='ltr'><strong>credenda&quot;:</strong></span> <span class='ocrx_word' id='word_1_831' title='bbox 2191 5180 2328 5251; x_wconf 49' lang='lat' dir='ltr'><strong>esse,</strong></span> <span class='ocrx_word' id='word_1_832' title='bbox 2347 5203 2437 5240; x_wconf 75' lang='lat' dir='ltr'><strong>nec</strong></span> <span class='ocrx_word' id='word_1_833' title='bbox 2465 5180 2903 5240; x_wconf 72' lang='lat' dir='ltr'><strong>considerandum</strong></span> <span class='ocrx_word' id='word_1_834' title='bbox 2934 5180 3061 5252; x_wconf 82' lang='lat' dir='ltr'><strong>quid</strong></span> <span class='ocrx_word' id='word_1_835' title='bbox 3085 5184 3354 5236; x_wconf 69' lang='lat' dir='ltr'><strong>conveniat</strong></span> 
     </span>
     <span class='ocr_line' id='line_1_110' title="bbox 1855 5257 2495 5328; baseline -0.014 -9"><span class='ocrx_word' id='word_1_836' title='bbox 1855 5276 1906 5320; x_wconf 75' lang='lat' dir='ltr'><strong>et</strong></span> <span class='ocrx_word' id='word_1_837' title='bbox 1933 5262 2059 5328; x_wconf 80' lang='lat' dir='ltr'><strong>quid</strong></span> <span class='ocrx_word' id='word_1_838' title='bbox 2079 5277 2181 5316; x_wconf 85' lang='lat' dir='ltr'><strong>non</strong></span> <span class='ocrx_word' id='word_1_839' title='bbox 2203 5257 2495 5313; x_wconf 74' lang='lat' dir='ltr'><strong>conveniat.</strong></span> 
     </span>
    </p>
   </div>
   <div class='ocr_carea' id='block_1_109' title="bbox 1024 5277 2495 5320">
    <p class='ocr_par' dir='ltr' id='par_1_109' title="bbox 1024 5277 2495 5320">
     <span class='ocr_line' id='line_1_111' title="bbox 1024 5277 2495 5320; baseline -0.017 15"><span class='ocrx_word' id='word_1_840' title='bbox 1024 5300 1031 5309; x_wconf 86' lang='lat'>&#39;</span> <span class='ocrx_word' id='word_1_841' title='bbox 1855 5277 1906 5320; x_wconf 75' lang='lat' dir='ltr'><strong>et</strong></span> <span class='ocrx_word' id='word_1_842' title='bbox 1933 5277 2059 5320; x_wconf 79' lang='lat' dir='ltr'><strong>ama</strong></span> <span class='ocrx_word' id='word_1_843' title='bbox 2079 5277 2181 5316; x_wconf 84' lang='lat' dir='ltr'><strong>non</strong></span> <span class='ocrx_word' id='word_1_844' title='bbox 2203 5277 2495 5313; x_wconf 71' lang='lat' dir='ltr'><strong>convenam.</strong></span> 
     </span>
    </p>
   </div>
   <div class='ocr_carea' id='block_1_110' title="bbox 193 5278 1717 5435">
    <p class='ocr_par' dir='ltr' id='par_1_110' title="bbox 193 5278 1688 5435">
     <span class='ocr_line' id='line_1_112' title="bbox 336 5278 1031 5329; baseline -0.006 -1"><span class='ocrx_word' id='word_1_845' title='bbox 336 5278 408 5328; x_wconf 76' lang='grc' dir='ltr'>πέ</span> <span class='ocrx_word' id='word_1_846' title='bbox 450 5316 462 5329; x_wconf 93' lang='grc'><strong>.</strong></span> <span class='ocrx_word' id='word_1_847' title='bbox 1024 5300 1031 5309; x_wconf 89' lang='lat'><strong>-</strong></span> 
     </span>
     <span class='ocr_line' id='line_1_113' title="bbox 193 5278 1688 5435; baseline -0.007 -14"><span class='ocrx_word' id='word_1_848' title='bbox 193 5278 398 5422; x_wconf 47' lang='grc' dir='ltr'><strong>εξιῖξλεῶν</strong></span> <span class='ocrx_word' id='word_1_849' title='bbox 411 5296 619 5420; x_wconf 69' lang='grc' dir='ltr'>ςδεινῶν</span> <span class='ocrx_word' id='word_1_850' title='bbox 652 5363 1006 5435; x_wconf 80' lang='grc' dir='ltr'>ὑπαρχόντων</span> <span class='ocrx_word' id='word_1_851' title='bbox 1036 5361 1343 5432; x_wconf 87' lang='grc' dir='ltr'>δογμάτων,</span> <span class='ocrx_word' id='word_1_852' title='bbox 1393 5378 1468 5414; x_wconf 91' lang='grc' dir='ltr'><strong>ων</strong></span> <span class='ocrx_word' id='word_1_853' title='bbox 1503 5361 1688 5412; x_wconf 78' lang='grc' dir='ltr'>ἐπεισ-</span> 
     </span>
    </p>
   </div>
   <div class='ocr_carea' id='block_1_111' title="bbox 1830 5278 3354 5435">
    <p class='ocr_par' dir='ltr' id='par_1_111' title="bbox 1853 5278 3354 5415">
     <span class='ocr_line' id='line_1_114' title="bbox 1855 5278 2495 5334; baseline -0.014 -15"><span class='ocrx_word' id='word_1_854' title='bbox 1855 5278 1906 5320; x_wconf 75' lang='grc' dir='ltr'>ιι</span> <span class='ocrx_word' id='word_1_855' title='bbox 1933 5278 2059 5334; x_wconf 81' lang='lat' dir='ltr'><strong>quta</strong></span> <span class='ocrx_word' id='word_1_856' title='bbox 2079 5278 2181 5316; x_wconf 84' lang='lat' dir='ltr'><strong>non</strong></span> <span class='ocrx_word' id='word_1_857' title='bbox 2203 5278 2495 5313; x_wconf 71' lang='lat' dir='ltr'><strong>convenam.</strong></span> 
     </span>
     <span class='ocr_line' id='line_1_115' title="bbox 1853 5339 3354 5415; baseline -0.013 -5"><span class='ocrx_word' id='word_1_858' title='bbox 1853 5353 1969 5409; x_wconf 87' lang='lat' dir='ltr'><strong>Etsi</strong></span> <span class='ocrx_word' id='word_1_859' title='bbox 2000 5351 2170 5406; x_wconf 80' lang='lat' dir='ltr'><strong>multa</strong></span> <span class='ocrx_word' id='word_1_860' title='bbox 2196 5355 2252 5404; x_wconf 77' lang='lat' dir='ltr'><strong>et</strong></span> <span class='ocrx_word' id='word_1_861' title='bbox 2288 5346 2558 5403; x_wconf 89' lang='lat' dir='ltr'><strong>horrenda</strong></span> <span class='ocrx_word' id='word_1_862' title='bbox 2592 5344 2846 5415; x_wconf 83' lang='lat' dir='ltr'><strong>dogmata</strong></span> <span class='ocrx_word' id='word_1_863' title='bbox 2878 5341 2933 5396; x_wconf 90' lang='lat' dir='ltr'><strong>in</strong></span> <span class='ocrx_word' id='word_1_864' title='bbox 2952 5339 3234 5396; x_wconf 90' lang='lat' dir='ltr'><strong>hominum</strong></span> <span class='ocrx_word' id='word_1_865' title='bbox 3263 5354 3354 5410; x_wconf 87' lang='lat' dir='ltr'><strong>ge-</strong></span> 
     </span>
    </p>
   </div>
   <div class='ocr_carea' id='block_1_112' title="bbox 128 5429 1652 5540">
    <p class='ocr_par' dir='ltr' id='par_1_112' title="bbox 128 5429 1652 5540">
     <span class='ocr_line' id='line_1_116' title="bbox 128 5429 1652 5540; baseline -0.014 -17"><span class='ocrx_word' id='word_1_866' title='bbox 128 5468 294 5540; x_wconf 74' lang='grc' dir='ltr'>ήγαγε</span> <span class='ocrx_word' id='word_1_867' title='bbox 314 5462 388 5533; x_wconf 81' lang='grc' dir='ltr'>τῷ</span> <span class='ocrx_word' id='word_1_868' title='bbox 418 5462 517 5533; x_wconf 83' lang='grc' dir='ltr'><strong>βίῳ</strong></span> <span class='ocrx_word' id='word_1_869' title='bbox 536 5460 646 5514; x_wconf 82' lang='grc' dir='ltr'><strong>τῶν</strong></span> <span class='ocrx_word' id='word_1_870' title='bbox 665 5429 967 5530; x_wconf 60' lang='grc' dir='ltr'>ἀνθρωπων</span> <span class='ocrx_word' id='word_1_871' title='bbox 989 5458 1068 5520; x_wconf 78' lang='grc' dir='ltr'><strong>είς</strong></span> <span class='ocrx_word' id='word_1_872' title='bbox 1097 5429 1435 5509; x_wconf 81' lang='grc' dir='ltr'>ἐπικίνδυνον</span> <span class='ocrx_word' id='word_1_873' title='bbox 1468 5451 1652 5519; x_wconf 84' lang='grc' dir='ltr'>ἀπάτη</span> 
     </span>
    </p>
   </div>
   <div class='ocr_carea' id='block_1_113' title="bbox 1830 5429 3354 5540">
    <p class='ocr_par' dir='ltr' id='par_1_113' title="bbox 1830 5429 3354 5502">
     <span class='ocr_line' id='line_1_117' title="bbox 1830 5429 3354 5502; baseline -0.012 0"><span class='ocrx_word' id='word_1_874' title='bbox 1830 5461 1890 5502; x_wconf 85' lang='lat' dir='ltr'><strong>us</strong></span> <span class='ocrx_word' id='word_1_875' title='bbox 1920 5445 2011 5500; x_wconf 87' lang='lat' dir='ltr'><strong>ille</strong></span> <span class='ocrx_word' id='word_1_876' title='bbox 2032 5441 2215 5500; x_wconf 86' lang='lat' dir='ltr'><strong>omnis</strong></span> <span class='ocrx_word' id='word_1_877' title='bbox 2240 5437 2457 5495; x_wconf 86' lang='lat' dir='ltr'><strong>honesti</strong></span> <span class='ocrx_word' id='word_1_878' title='bbox 2478 5449 2609 5492; x_wconf 90' lang='lat' dir='ltr'><strong>osor</strong></span> <span class='ocrx_word' id='word_1_879' title='bbox 2634 5434 2847 5489; x_wconf 77' lang='lat' dir='ltr'><strong>daemon</strong></span> <span class='ocrx_word' id='word_1_880' title='bbox 2871 5431 3097 5498; x_wconf 78' lang='lat' dir='ltr'><strong>invexit,</strong></span> <span class='ocrx_word' id='word_1_881' title='bbox 3119 5436 3181 5485; x_wconf 83' lang='lat' dir='ltr'><strong>ut</strong></span> <span class='ocrx_word' id='word_1_882' title='bbox 3212 5429 3354 5500; x_wconf 88' lang='lat' dir='ltr'><strong>peri-</strong></span> 
     </span>
    </p>
   </div>
   <div class='ocr_carea' id='block_1_114' title="bbox 195 5586 1719 5681">
    <p class='ocr_par' dir='ltr' id='par_1_114' title="bbox 195 5604 1706 5681">
     <span class='ocr_line' id='line_1_118' title="bbox 195 5604 1706 5681; baseline -0.01 -5"><span class='ocrx_word' id='word_1_883' title='bbox 195 5621 238 5653; x_wconf 81' lang='lat'>”</span> <span class='ocrx_word' id='word_1_884' title='bbox 270 5619 434 5675; x_wconf 86' lang='lat' dir='ltr'><strong>Galat.</strong></span> <span class='ocrx_word' id='word_1_885' title='bbox 470 5633 565 5681; x_wconf 86' lang='grc' dir='ltr'>ιιι,</span> <span class='ocrx_word' id='word_1_886' title='bbox 603 5617 688 5671; x_wconf 78' lang='grc'><strong>15.</strong></span> <span class='ocrx_word' id='word_1_887' title='bbox 765 5615 808 5646; x_wconf 84' lang='grc'><strong>⁹¹</strong></span> <span class='ocrx_word' id='word_1_888' title='bbox 854 5611 873 5664; x_wconf 90' lang='grc'><strong>1</strong></span> <span class='ocrx_word' id='word_1_889' title='bbox 904 5613 1030 5667; x_wconf 89' lang='lat' dir='ltr'><strong>Cor.</strong></span> <span class='ocrx_word' id='word_1_890' title='bbox 1067 5628 1156 5675; x_wconf 84' lang='lat' dir='ltr'><strong>xv,</strong></span> <span class='ocrx_word' id='word_1_891' title='bbox 1194 5610 1282 5666; x_wconf 80' lang='lat'><strong>53.</strong></span> <span class='ocrx_word' id='word_1_892' title='bbox 1361 5611 1406 5662; x_wconf 70' lang='grc' dir='ltr'><strong>ε’</strong></span> <span class='ocrx_word' id='word_1_893' title='bbox 1447 5607 1578 5664; x_wconf 87' lang='lat' dir='ltr'><strong>ibid.</strong></span> <span class='ocrx_word' id='word_1_894' title='bbox 1612 5604 1706 5661; x_wconf 71' lang='grc'><strong>22.</strong></span> 
     </span>
    </p>
   </div>
   <div class='ocr_carea' id='block_1_115' title="bbox 1365 5586 2889 5681">
    <p class='ocr_par' dir='ltr' id='par_1_115' title="bbox 1365 5586 2889 5675">
     <span class='ocr_line' id='line_1_119' title="bbox 1365 5586 2889 5675; baseline -0.012 -13"><span class='ocrx_word' id='word_1_895' title='bbox 1365 5611 1406 5662; x_wconf 72' lang='lat'><strong>2’</strong></span> <span class='ocrx_word' id='word_1_896' title='bbox 1447 5607 1578 5664; x_wconf 89' lang='lat' dir='ltr'><strong>ibid.</strong></span> <span class='ocrx_word' id='word_1_897' title='bbox 1612 5604 1706 5661; x_wconf 70' lang='grc'><strong>22.</strong></span> <span class='ocrx_word' id='word_1_898' title='bbox 1781 5604 1827 5636; x_wconf 77' lang='grc'><strong>⁸³</strong></span> <span class='ocrx_word' id='word_1_899' title='bbox 1870 5601 2069 5675; x_wconf 81' lang='lat' dir='ltr'><strong>Ephes.</strong></span> <span class='ocrx_word' id='word_1_900' title='bbox 2111 5614 2184 5662; x_wconf 85' lang='grc' dir='ltr'><strong>ιι,</strong></span> <span class='ocrx_word' id='word_1_901' title='bbox 2224 5594 2279 5650; x_wconf 87' lang='lat'><em>6.</em></span> <span class='ocrx_word' id='word_1_902' title='bbox 2357 5593 2403 5626; x_wconf 75' lang='lat'><strong>”</strong></span> <span class='ocrx_word' id='word_1_903' title='bbox 2445 5589 2635 5645; x_wconf 80' lang='lat' dir='ltr'><strong>Matth.</strong></span> <span class='ocrx_word' id='word_1_904' title='bbox 2672 5605 2803 5656; x_wconf 79' lang='lat' dir='ltr'><strong>xix,</strong></span> <span class='ocrx_word' id='word_1_905' title='bbox 2835 5586 2889 5644; x_wconf 86' lang='lat'><em>6.</em></span> 
     </span>
    </p>
   </div>
   <div class='ocr_carea' id='block_1_116' title="bbox 387 5680 3113 5781">
    <p class='ocr_par' dir='ltr' id='par_1_116' title="bbox 387 5680 3113 5781">
     <span class='ocr_line' id='line_1_120' title="bbox 387 5680 3113 5781; baseline -0.014 -4"><span class='ocrx_word' id='word_1_906' title='bbox 387 5717 658 5777; x_wconf 62' lang='lat' dir='ltr'><strong>Parnm.</strong></span> <span class='ocrx_word' id='word_1_907' title='bbox 703 5713 822 5772; x_wconf 79' lang='lat' dir='ltr'><strong>Gn.</strong></span> <span class='ocrx_word' id='word_1_908' title='bbox 866 5708 1134 5771; x_wconf 78' lang='lat' dir='ltr'><strong>xxvm</strong></span> <span class='ocrx_word' id='word_1_909' title='bbox 2350 5774 2355 5781; x_wconf 18' lang='grc' dir='ltr'><em>θ</em></span> <span class='ocrx_word' id='word_1_910' title='bbox 3037 5680 3113 5740; x_wconf 76' lang='grc' dir='ltr'><strong>ιι</strong></span> 
     </span>
    </p>
   </div>
  </div>
