3868 6202
496 306 627 359 1337

1633 289 1690 346 S.
1733 282 2189 343 ATIIANASIL‘S.
2230 311 2294 321 —
2341 275 2613 334 SPURIA.

3607 261 3736 316 I388

493 424 682 476 culosa
705 418 916 473 fallacia
941 415 1304 472 assentientes
1333 413 1634 468 involveret
1663 432 1675 466 :
1703 419 1885 464 tamen
1917 407 2061 462 haud

2180 401 2272 455 τῶν
2311 397 2613 469 δεχομένων
2664 395 2693 447 ὁ
2741 389 3031 464 μισόκαλος
3071 385 3300 457 δαίμων,
3333 382 3434 436 ούκ
3459 375 3556 476 οἷδ’
3583 382 3640 434 ει
3695 398 3745 432 τι

494 514 610 569 scio
654 528 722 565 an
765 509 1142 580 superioribus
1175 506 1512 576 temporibus
1567 500 1881 573 bujusmodi
1931 498 2061 570 quid

493 603 842 674 parturiv'erit
873 599 1034 671 quale
1065 612 1211 653 nunc
1242 599 1495 667 parturit.
1528 593 1667 648 Nam
1711 607 1901 647 carum
1942 605 2064 660 qua:

496 697 785 765 viguerunt
811 692 1065 752 haereses,
1085 705 1310 760 quaeque
1343 689 1483 742 alius
1505 695 1667 756 atque
1687 685 1828 740 alius
1859 683 2065 738 erroris

496 799 671 845 mater
700 787 820 842 fuit.
842 786 908 839 At
924 799 1044 855 quae
1070 798 1212 836 nunc
1244 779 1544 835 novissima
1569 777 1814 833 omnium
1844 776 2064 829 inventa

496 889 600 945 est,
639 895 703 935 ea
730 885 959 932 cunctas
985 873 1286 937 renovavit,
1317 879 1546 925 cunctas
1578 867 1808 922 audacia
1839 880 2064 934 supera-

501 975 593 1036 vit,
628 983 902 1041 postremo
927 984 1034 1038 prae
1061 968 1273 1021 caeteris
1298 963 1552 1018 omnibus
1586 961 1851 1015 malorum
1885 967 2063 1012 ortum

499 1063 785 1118 indicavit.
831 1059 970 1114 Vere
1021 1076 1040 1109 ι
1087 1056 1345 1127 parturiit
1402 1053 1750 1121 injustitiam,
1813 1047 2065 1116 concepit

498 1154 740 1208 dolorem
772 1157 825 1204 et
855 1147 1063 1218 peperit
1092 1145 1435 1214 iniquitatem
1458 1142 1526 1194 ".
1567 1159 1586 1192 ι
1634 1137 1934 1192 Parturivit
1963 1137 2066 1188 im-

489 1243 716 1312 pietatis
737 1237 1074 1308 propositum
1112 1231 1404 1302 :concepit
1427 1231 1580 1284 malae
1619 1227 1754 1285 artis
1794 1226 2062 1288 instituta,

491 1333 767 1404 inquibus
789 1337 842 1384 et
866 1329 955 1382 alii
980 1332 1236 1382 errarunt
1267 1343 1280 1378 :
1310 1321 1519 1393 peperit
1548 1319 1902 1374 multifarium
1919 1315 2064 1370 aliud

492 1426 696 1484 malum
727 1438 827 1478 suo
852 1418 1068 1491 quidvis
1090 1417 1354 1471 arbitratu
1387 1411 1702 1468 innovandi.
1727 1409 1868 1476 Quin
1901 1409 2066 1463 etiam

491 1525 556 1571 ut
592 1529 782 1571 omnes
815 1529 874 1568 se
902 1519 1222 1581 sequantur,
1264 1505 1552 1575 imperiose
1593 1500 1835 1572 praecipit
1869 1518 1882 1553 :
1931 1500 2063 1551 Am-

496 1605 816 1679 plectimini,
852 1603 1048 1673 inquit,
1102 1598 1446 1670 simpliciter,
1477 1610 1597 1666 quae
1631 1593 1914 1657 dicuntur,
1963 1603 2066 1644 nec

495 1698 736 1770 inquirat
769 1696 1059 1767 quisquam
1091 1690 1222 1760 quid
1256 1689 1313 1743 in
1349 1688 1418 1742 iis
1453 1685 1787 1742 conveniens
1817 1681 1909 1747 sit,
1934 1679 2064 1750 quid

2162 467 2403 544 τοιοῦτον
2443 467 2502 542 ἐν
2549 489 2659 549 τοῖς
2688 482 2952 538 ἀνέκαθεν
2975 479 3189 552 χρόνοις
3216 475 3424 540 ὤδινεν,
3458 467 3575 526 οἷον
3626 471 3743 526 νῦν.

2175 585 2408 655 Ἐκάστη
2440 582 2537 653 μὲν
2563 580 2672 650 γὰρ
2687 577 2795 631 τῶν
2828 575 2935 629 ἀπὸ
2957 574 3065 626 τῶν
3084 569 3345 641 αἱρέσεων
3364 565 3526 636 τῆσδε
3552 565 3590 635 ἧ
3617 561 3749 635 τῆσ-

2161 677 2218 731 δε
2259 676 2355 745 τῆς
2403 672 2608 740 πλάνης
2636 670 2828 739 γέγονε
2881 665 3080 736 μήτηρ’
3115 663 3148 732 ἡ
3181 661 3237 714 δὲ
3265 659 3359 713 νῦν
3391 657 3532 728 μετά
3567 658 3748 718 πάσας

2163 766 2515 838 ἐφευρεθεῖσα
2549 763 2726 825 πάσας
2752 757 3107 818 ἀνενεώσατο,
3145 754 3238 806 καὶ
3255 751 3433 815 πάσας
3470 748 3750 820 ὑπερεϐά-

2167 860 2307 925 λετο,
2351 859 2443 913 καί
2476 857 2613 926 ὑπὲρ
2646 855 2822 906 πᾶσαν
2867 849 2965 922 τὴν
3016 848 3124 902 τῶν
3161 845 3345 900 κακῶν
3387 844 3606 914 γένεσιν
3648 843 3750 894 ἐπ·-

2167 951 2424 1018 εδείξατο.
2460 950 2665 1008 Ὄντως
2697 963 2714 995 ι
2740 942 2998 1013 ὠδίνησεν
3024 939 3258 1003 ἀδικίαν,
3293 934 3553 988 συνέλαϐε
3587 935 3752 987 πόνον

2164 1045 2259 1097 καὶ
2305 1041 2489 1094 ἔτεκεν
2541 1036 2790 1107 ἀνομίαν.
2828 1053 2846 1086 ι
2901 1032 3140 1101 Ὠδίνησε
3183 1029 3436 1101 πρόθεσιν
3467 1024 3753 1088 ἀσεϐείας,

2165 1133 2424 1188 συνέλαϐε
2449 1131 2547 1202 τὴν
2589 1129 2768 1190 ἀλλοις
2820 1124 3186 1196 πλανηθεῖσαν
3230 1121 3486 1193 πρόθεσιν
3518 1135 3752 1172 κακοτε-

2164 1229 2332 1299 χνίαςο
2367 1225 2518 1278 ἔτεκε
2547 1221 2607 1275 τὸ
2636 1218 2880 1273 ποικίλον
2895 1217 3062 1270 κακὸν
3091 1217 3191 1286 τῆς
3230 1215 3524 1284 αὐτονόμου
3563 1226 3752 1266 καινο-

2161 1317 2380 1388 τομίας,
2416 1314 2512 1366 καλ¹
2537 1312 2744 1374 πάντας
2772 1308 3086 1362 ἀκολουθεῖν
3141 1306 3415 1359 ἐπιτάττει
3453 1304 3596 1374 μετὰ
3622 1301 3757 1354 πο).-

2162 1409 2262 1479 λῆς
2291 1406 2557 1475 ἐξουσίας·
2588 1401 2840 1474 Δέχεσθε,
2872 1399 3059 1472 φησὶν,
3113 1397 3299 1460 ἀπλῶς
3330 1395 3398 1449 τὰ
3452 1394 3753 1464 λεγόμενα,

2163 1501 2259 1556 καὶ
2313 1499 2499 1571 μηδεὶς
2558 1494 2878 1563 ἐξεταζέτω,
2925 1492 2978 1544 τί
3012 1491 3219 1562 πρέπον
3253 1492 3310 1543 ἐν
3358 1490 3562 1552 αὐτοῖς,
3613 1487 3648 1557 ἦ
3703 1486 3759 1538 τί

2164 1590 2431 1661 ἀπρεπές.
2473 1588 2584 1642 Καὶ
2617 1586 2798 1639 πίστιν
2832 1583 3088 1654 ὀνομάζει
3123 1582 3223 1652 τὴν
3253 1580 3620 1634 ἀϐασάνιστον
3660 1579 3760 1630 ἐπὶ

2164 1686 2277 1745 τοῖς
2312 1680 2564 1742 ἀστάτοις
2613 1677 2707 1731 κα)⁵
2741 1673 3147 1736 ἀναποδείκτοις
3180 1671 3270 1724 ἐπὶ
3324 1667 3495 1742 βλάϐῃ
3543 1683 3759 1733 συγκα-

495 1791 904 1849 inconveniens.
965 1785 1044 1840 Ac
1096 1784 1254 1839 fidem
1305 1780 1552 1836 nominat
1604 1776 2061 1833 inconsideratam

2180 1773 2404 1828 πάθεσιν.
2447 1770 2679 1838 Ἀλόγως
2713 1766 3023 1831 πιστεύσω;
3050 1765 3143 1818 καὶ
3178 1763 3252 1834 μὴ
3281 1761 3516 1829 ἐξετάσω
3572 1760 3627 1812 τί
3658 1758 3761 1811 δυ’

496 1884 828 1952 noxiamque
883 1876 1330 1948 approbationem
1396 1871 1738 1926 inﬁrmorum
1796 1867 2072 1937 nullisque

497 1970 1062 2032 demonstrationibus
1117 1968 1515 2021 instructorum
1573 1961 1907 2030 dogmatum.
1939 1957 2073 2013 Cre-

497 2067 694 2121 damne
722 2063 838 2118 sine
879 2057 1124 2129 judicio?
1154 2069 1256 2110 nec
1306 2052 1600 2122 inquiram,
1651 2046 1780 2118 quid
1828 2053 1922 2100 aut
1955 2043 2072 2098 ﬁeri

499 2153 694 2226 possit,
747 2157 840 2205 aut
889 2147 1022 2202 utile
1062 2147 1156 2203 sit,
1197 2153 1294 2198 aut
1330 2142 1542 2204 deceat,
1573 2144 1664 2190 aut
1697 2133 1806 2189 Deo
1833 2139 2069 2204 gratum,

500 2258 595 2303 aut
625 2252 835 2300 natura:
863 2253 1190 2310 congruum,
1235 2244 1330 2290 aut
1354 2232 1572 2288 veritati
1602 2244 1926 2292 consonum,
1980 2233 2074 2280 aut

501 2351 669 2408 scopo
695 2330 1188 2393 accommodatum,
1208 2335 1302 2382 aut
1331 2324 1592 2396 mysterio
1619 2329 2071 2383 consentaneum,

500 2438 596 2484 aut
624 2427 822 2499 pietate
867 2424 1091 2493 dignum
1140 2419 1252 2475 sit?
1281 2417 1464 2488 Ecqua
1499 2416 1706 2471 utilitas
1752 2416 1854 2470 erit
1905 2412 2076 2466 mihi?

501 2524 610 2576 Ant
639 2519 764 2589 quis
789 2517 957 2572 menti
990 2513 1202 2568 fructus
1231 2525 1351 2580 quae
1380 2509 1576 2563 horum
1608 2507 1743 2561 nihil
1776 2519 1960 2560 secum
1990 2518 2077 2558 re-

487 2611 731 2684 putavit,
751 2607 845 2663 sed
877 2604 1120 2660 auditum
1140 2602 1357 2673 quidem
1383 2615 1517 2654 sono
1539 2598 1828 2652 verborum
1857 2593 2073 2658 obtulit,

503 2683 708 2757 nullam
736 2714 867 2756 vero
899 2697 1171 2752 dictorum
1195 2693 1342 2763 cepit
1364 2688 1812 2760 intelligentiam?
1834 2685 1948 2740 Hoc
1982 2683 2077 2738 ad-

491 2791 756 2849 versariis
773 2789 1028 2848 omnibus
1061 2786 1266 2842 erroris
1291 2783 1778 2848 universorumque
1808 2777 2076 2830 malorum

503 2899 670 2939 causa
710 2890 814 2938 est.
846 2881 981 2948 Quis
1026 2878 1170 2934 enim
1204 2881 1288 2930 est
1319 2871 1668 2928 inimicorum
1699 2866 1955 2921 Ecclesiae
1986 2877 2078 2918 ca-

501 2974 721 3029 tholicae
753 2971 847 3043 qui
896 2984 1006 3024 non
1047 2966 1289 3038 postulet
1326 2963 1489 3018 dictis
1516 2959 1772 3015 omnibus
1799 2956 1935 3020 suis,
1959 2954 2080 3008 abs-

499 3079 610 3134 que
639 3062 840 3133 praevio
866 3057 1137 3120 examine,
1172 3053 1332 3108 ﬁdem
1363 3048 1590 3105 haberi?
1615 3045 1875 3112 Quamvis
1903 3043 2077 3113 genti-

505 3115 611 3207 l'em
634 3115 858 3212 dixeris,
889 3147 1004 3202 sive
1053 3115 1429 3205 Manichaeum,
1453 3138 1568 3194 sive
1594 3135 1708 3189 Arii
1749 3141 1842 3187 aut
1874 3131 2079 3201 Apolli-
2105 3115 2146 3172 ο

506 3244 667 3305 narii,
693 3247 786 3294 aut
813 3237 1038 3292 alterius
1063 3229 1377 3302 huiusmodi
1410 3225 1698 3290 haaredem,
1720 3238 1830 3278 non
1858 3230 2079 3277 recusat

508 3349 758 3395 examen,
794 3338 855 3384 ut
914 3326 1086 3397 fugiat
1137 3321 1557 3379 convictionem.
1600 3315 1792 3371 Nonne
1819 3314 1925 3368 alia
1978 3328 2080 3368 suo

507 3432 682 3480 marte
707 3427 984 3482 eructans,
1009 3417 1116 3470 alia
1137 3429 1204 3469 ex
1229 3412 1533 3482 Scriptum
1562 3407 1758 3462 divinae
1796 3404 2081 3460 harmonia

507 3526 764 3570 resecans
795 3519 849 3564 et
881 3507 949 3562 ad
971 3519 1199 3576 scopum
1247 3502 1474 3557 trahens
1519 3514 1701 3564 suum,
1763 3504 2081 3568 argumenta

508 3603 737 3677 profert,
763 3616 888 3671 quae
937 3615 968 3654 a
1012 3597 1251 3662 nemine,
1299 3601 1360 3648 ut
1387 3598 1538 3663 optat
1583 3593 1719 3662 ipse,
1779 3585 2086 3659 indaganda

504 3694 862 3768 pronuntiat?
889 3692 1153 3761 Deinceps
1205 3691 1250 3744 si
1296 3687 1552 3744 omnibus
1574 3684 1898 3754 simpliciter
1930 3681 2086 3737 adhi-

511 3789 738 3842 beamus
789 3797 999 3847 aurem,
1050 3795 1155 3835 nec
1185 3785 1533 3855 enascentem
1563 3791 1632 3831 ex
1685 3789 1875 3829 eorum
1923 3771 2084 3827 dictis

513 3873 905 3931 absurditatem
956 3868 1446 3928 confulavcrimus,
1491 3879 1592 3918 nec
1641 3863 1955 3934 dogmatum
1985 3877 2087 3932 pu-

512 3982 649 4040 gnae,
693 3979 814 4035 quae
856 3978 923 4018 ex
963 3974 1219 4031 perversa
1253 3959 1472 4012 illorum
1502 3955 1947 4026 interpretatione
1975 3953 2088 4009 ori-

514 4070 624 4124 tur,
677 4057 1004 4126 solutionem
1047 4051 1542 4121 eﬂlagitaverimus,
1576 4048 1699 4117 quis
1723 4047 1777 4100 in
1808 4055 2087 4117 posterum

515 4151 750 4223 amplius
780 4145 1028 4204 veritatis
1055 4145 1201 4199 viam
1238 4141 1514 4198 inveniet?
1539 4142 1665 4210 quis
1706 4155 1816 4194 non
1843 4139 2001 4194 facile
2030 4140 2085 4192 in

515 4242 876 4316 praecipitium
919 4239 1300 4296 haereticorum
1347 4233 1660 4304 dogmatum
1702 4231 1924 4297 incidet,
1980 4246 2091 4286 non

517 4335 875 4391 considerans
934 4345 1199 4386 novorum
1238 4328 1550 4398 dogmatum
1575 4325 2089 4393 inconvenientiam,

517 4445 619 4486 nec
645 4427 890 4483 veritatis
919 4425 1142 4494 exigens
1187 4419 1656 4475 convenientiam?
1691 4417 1838 4484 Quid
1870 4418 2090 4473 credam

517 4520 684 4578 corde
725 4517 791 4572 ad
841 4515 1147 4587 justitiam?
1175 4513 1306 4584 quid
1356 4513 1550 4583 loquar
1583 4526 1678 4566 ore
1717 4511 1781 4564 ad
1836 4511 2087 4576 salutem,

518 4629 642 4669 eum
672 4610 804 4664 mihi
845 4608 1080 4678 maligne
1123 4605 1428 4675 objecerint
1469 4603 1601 4658 illud
1637 4622 1650 4657 :
1708 4622 1726 4654 ι
1763 4601 1945 4666 Pater,
1997 4602 2092 4672 qui

519 4705 666 4760 misit
694 4717 799 4765 me,
829 4700 1004 4769 major
1023 4713 1106 4752 me
1123 4704 1206 4752 est
1228 4697 1314 4750 ³⁸2
1335 4716 1353 4748 ι
1384 4695 1786 4765 Simpliciterne
1807 4695 2090 4765 accipiam,

519 4809 589 4849 an
617 4790 1018 4862 prmcipitanter
1047 4787 1349 4842 assentiar?
1401 4786 1659 4839 audacter
1703 4782 1899 4837 Filium
1938 4783 2095 4837 Patre

521 4883 835 4939 inferiorem
867 4879 1252 4951 pronuntiabo,
1271 4885 1324 4932 et
1339 4877 1475 4932 nihil
1497 4877 1719 4932 omnino
1742 4875 2092 4946 perpendam,

523 4991 700 5046 neque
730 4974 875 5044 quod
907 4973 1222 5029 (nconomia:
1250 4971 1353 5026 iste
1383 4985 1562 5025 sermo
1602 4969 1691 5032 sit,
1723 4983 1902 5037 neque
1948 4965 2094 5036 quod

521 5065 765 5137 ejusdem
792 5065 896 5119 hoc
917 5064 1120 5118 dictum
1145 5061 1216 5116 sit
1244 5079 1258 5116 :
1287 5079 1305 5112 ι
1346 5058 1456 5128 Ego
1479 5067 1531 5113 et
1553 5059 1710 5129 512
1738 5059 1898 5112 Pater
1923 5072 2092 5112 unum

523 5172 714 5213 sumus
741 5156 814 5221 "';
857 5173 876 5206 ι
912 5161 966 5208 et
997 5173 1009 5207 :
1045 5172 1063 5204 ι
1106 5150 1177 5205 Ut
1200 5151 1468 5213 honorent
1493 5148 1710 5213 Filium,
1744 5148 1887 5202 sicut
1916 5147 2093 5202 hono-

522 5259 647 5306 rant
679 5249 896 5302 Patrem
930 5246 977 5287 9‘
1005 5263 1021 5311 ;
1058 5263 1076 5296 ι
1113 5253 1205 5298 et:
1237 5261 1256 5296 ι
1291 5242 1396 5308 Qui
1420 5242 1556 5297 vidit
1582 5256 1688 5305 me,
1719 5241 1854 5295 vidit
1891 5249 1944 5295 et
1993 5239 2096 5294 Pa-

524 5350 661 5395 trem
691 5339 776 5406 ";
823 5358 843 5390 ι
878 5345 932 5391 et
963 5336 1173 5390 infinita
1197 5334 1326 5398 alia,
1357 5347 1479 5402 quae
1497 5332 1857 5400 aequalitatem
1883 5345 2098 5400 parem-

523 5448 632 5503 que
665 5430 844 5485 Patris
869 5437 923 5483 et
943 5427 1065 5482 Filii
1098 5427 1360 5481 honorem
1401 5424 1454 5477 in
1482 5425 1736 5479 omnibus
1772 5421 2098 5478 declarant?

527 5525 585 5578 Si
631 5523 795 5593 igitur
839 5521 975 5575 nihil
1006 5535 1196 5576 eorum
1227 5534 1347 5588 qua:
1384 5517 1510 5572 inde
1545 5527 1961 5587 consequuntur
1997 5532 2096 5571 ex-

600 5679 644 5710 ”
684 5676 824 5732 Psal.
862 5690 971 5741 vn,
1008 5674 1095 5729 l5.

1172 5673 1219 5706 “
1251 5671 1406 5730 Joan.
1445 5687 1557 5738 xlv,
1591 5671 1681 5728 28.
1748 5671 1801 5705 *7
1839 5669 1996 5725 Joan.
2036 5685 2100 5735 κ,
2137 5669 2225 5724 50.
2304 5669 2348 5702 ’⁸
2386 5667 2540 5723 Joan.
2579 5685 2630 5735 v,
2666 5668 2755 5722 25.

2171 1863 2416 1935 νατὸν,ἢ
2467 1861 2766 1934 συμφέρον,
2817 1860 2851 1932 ἢ
2892 1857 3121 1930 πρέπον,
3159 1857 3192 1927 ἦ
3239 1854 3356 1925 Θεῷ
3408 1852 3584 1923 φίλον,
3618 1851 3652 1921 ἢ
3683 1850 3757 1920 τῇ

2173 1957 2332 2026 φύσει
2385 1953 2738 2023 κατάλληλον,
2769 1952 2803 2022 ἢ
2853 1953 2920 2022 τῇ
2952 1949 3178 2021 ἀληθεία
3229 1945 3538 2016 σύμφωνον,
3578 1942 3612 2012 ἢ
3675 1941 3763 2011 τῷ

2174 2046 2362 2118 σκοπῷ
2413 2045 2726 2109 ἀκόλουθον,
2758 2043 2791 2114 ἢ
2821 2042 2901 2112 τῷ
2931 2043 3211 2112 μυστηρίῳ
3261 2035 3538 2108 ἁρμόδιον,
3571 2033 3606 2103 ἦ
3653 2033 3764 2101 τῆς

2173 2140 2452 2202 εὐσεϐείας
2485 2137 2631 2203 ἄξιον
2658 2153 2672 2201 ;
2703 2135 2813 2190 Kal.
2844 2133 2898 2186 τί
2917 2132 3106 2202 κέρδος
3124 2131 3264 2196 Ego);
3299 2129 3332 2200 ἢ
3365 2128 3448 2191 τίς
3476 2127 3664 2194 δνησις
3691 2125 3765 2194 τῇ

2172 2232 2375 2302 διανοίᾳ
2397 2234 2461 2302 τῇ
2492 2229 2658 2301 μηδὲν
2690 2226 2893 2279 τούτων
2925 2223 3270 2294 λογιζομένῃ,
3307 2219 3420 2274 ἀλλ’
3449 2219 3622 2287 ἀκοὴν
3659 2217 3768 2286 μὲν

2175 2322 2250 2393 τῷ
2272 2323 2389 2393 ἤχῳ
2404 2321 2512 2373 τῶν
2530 2317 2806 2390 ’ῥημάτων
2848 2313 3157 2386 βάλλεσθαι,
3191 2310 3369 2381 ψυχὴν
3391 2309 3448 2362 δὲ
3486 2307 3769 2378 μηδεμίαν

2173 2414 2284 2467 τῶν
2324 2411 2630 2482 λεγομένων
2679 2409 2892 2462 σύνεσιν
2925 2403 3210 2476 δέχεσθαι;
3245 2401 3414 2454 Τοῦτο
3449 2400 3581 2470 περὶ
3623 2400 3768 2451 πᾶσι

2174 2508 2286 2570 τοῖς
2339 2502 2638 2574 ἀλλοτρίοις
2665 2503 2765 2573 τῆς
2797 2499 3005 2570 πλάνης
3036 2497 3131 2550 καὶ
3154 2493 3262 2549 τῶν
3296 2493 3482 2546 κακῶν
3511 2491 3650 2544 ὅλων
3680 2491 3771 2544 ατ-

2175 2615 2286 2651 τιον
2315 2596 2542 2666 γίνεται.
2575 2595 2672 2657 Τίς
2707 2593 2816 2664 γὰρ
2851 2591 2960 2644 τῶν
3003 2587 3279 2658 πολεμίων
3313 2585 3414 2654 τῆς
3461 2583 3771 2652 καθολικῆς

2189 2687 2510 2759 Ἐκκλησίας
2538 2688 2638 2740 οὐκ
2671 2685 2812 2748 ἀξιοῖ
2847 2685 2976 2736 πᾶσι
3003 2684 3118 2743 τοῖς
3147 2679 3236 2732 ὑπ’
3262 2676 3425 2730 αὐτοῦ
3447 2675 3770 2744 λεγομένοις

2176 2781 2415 2851 ἀκρίτως
2449 2777 2762 2842 πιστεύειν;
2797 2776 2916 2829 Κᾶν
2951 2773 3189 2843 Ἕλληνα
3240 2770 3389 2842 εἴπῃ,
3433 2767 3537 2820 κᾶν
3589 2766 3772 2820 Μανι-

2177 2877 2348 2944 χαῖον,
2382 2872 2486 2926 κᾶν
2525 2870 2768 2943 Ἀρείου,
2815 2868 2919 2922 κᾶν
2964 2863 3394 2934 Ἀπολλιναρίου,
3441 2859 3547 2913 κᾶν
3601 2857 3769 2911 ἄλλου

2176 2964 2416 3018 τοιούτου
2449 2962 2591 3024 τινὸς
2623 2961 2977 3032 κληρονόμον,
3027 2958 3149 3027 οὐχὶ
3181 2955 3523 3027 παραιτεῖται
3545 2949 3646 3020 τὴν
3677 2949 3770 3014 ἐξ-

2180 3057 2382 3119 έτασιν,
2434 3055 2520 3108 ἵνα
2572 3053 2718 3124 φύγῃ
2751 3051 2840 3105 τὸν
2887 3050 3137 3121 ἐλεγχον;
3179 3049 3254 3101 Οὐ
3303 3045 3372 3099 τὰ
3417 3045 3513 3114 μὲν
3556 3042 3772 3096 οἴκοθεν

2179 3149 2557 3221 ἐρευγόμενος,
2593 3145 2662 3198 τὰ
2699 3145 2756 3198 δὲ
2793 3147 2856 3197 ἐκ
2883 3144 2980 3214 τῆς
3013 3141 3162 3204 θείας
3197 3139 3304 3192 τῶν
3328 3135 3561 3209 Γραφῶν
3592 3136 3770 3205 ἀρμο-

2182 3242 2299 3304 νίας
2321 3239 2622 3309 ἀποκόψας,
2651 3237 2746 3290 καὶ
2779 3236 2915 3308 πρὸς
2939 3235 3030 3288 τὸν
3053 3235 3250 3286 οἰκεῖον
3278 3231 3477 3283 σκοπὸν
3508 3227 3772 3291 ἑλκύσας,

2181 3331 2473 3404 προϐάλλει
2504 3331 2602 3401 μὲν
2647 3327 3011 3389 κατασκευὰς,
3059 3324 3125 3388 ἃς
3169 3324 3245 3386 ὡς
3275 3320 3522 3392 βούλεται
3565 3319 3776 3388 μηδένα

2181 3427 2376 3495 χρῆναι
2408 3422 2878 3492 πολυπραγμονεῖν
2905 3416 3299 3485 ἀποφαίνεται;
3331 3407 3486 3474 Εἶτα,
3504 3410 3575 3463 ἂν
3605 3412 3777 3463 πᾶσιν

2182 3513 2368 3576 ἁπλῶς
2391 3512 2488 3576 τὰς
2509 3510 2679 3574 ἀκοὰς
2707 3509 3087 3580 ὑποθήσωμεν,
3113 3505 3206 3559 καὶ
3235 3503 3333 3574 τὴν
3361 3501 3777 3572 ἀνακηρύττου-

2186 3622 2284 3659 σαν
2313 3606 2403 3674 ἀφ’
2446 3599 2519 3657 ὧν
2556 3603 2805 3670 λέγουσιν
2834 3601 3086 3661 ἀτοπίαν,
3113 3595 3235 3668 μηδ’
3264 3594 3595 3664 ἐλέγξωμεν,
3635 3591 3775 3662 μηδὲ

2183 3697 2282 3768 τὴν
2306 3695 2458 3748 λύσιν
2489 3694 2590 3764 τῆς
2621 3693 2730 3746 τῶν
2745 3692 3030 3761 δογμάτων
3056 3690 3234 3759 μάχης
3255 3686 3356 3756 τῆς
3378 3684 3658 3754 φυομένης
3685 3682 3776 3734 διὰ

2182 3786 2282 3856 τῆς
2315 3784 2490 3854 κακῆς
2521 3783 2814 3856 ἑρμηνείας
2843 3780 3022 3833 αὐτῶν
3071 3778 3486 3847 ἀπαιτήσωμεν·
3546 3775 3642 3828 καὶ
3689 3774 3776 3834 τίς

2186 3879 2408 3950 εὑρήσει
2444 3876 2631 3929 λοιπὸν
2657 3875 2736 3928 ἔτι
2753 3872 3009 3943 ἀληθείας
3033 3871 3185 3935 ὁδόν;
3213 3869 3296 3932 τίς
3317 3870 3416 3921 οὐκ
3446 3868 3778 3938 ἐμπεσεῖται

2189 3971 2388 4043 ῥᾳδίως
2420 3972 2499 4033 εἰς
2523 3967 2840 4031 κακοδοξίας
2867 3965 3132 4036 κρημνὸν,
3158 3964 3233 4034 μὴ
3264 3960 3480 4014 σκοπῶν
3513 3960 3620 4029 τῆς
3647 3976 3778 4012 και-

2187 4062 2438 4132 νοτομίας
2487 4061 2548 4112 τὸ
2585 4059 2853 4130 ἀπρεπὲς,
2915 4059 3048 4126 μήτε
3088 4052 3332 4108 ἀπαιτῶν
3377 4051 3481 4120 τῆς
3512 4049 3784 4119 ἀληθείας

2187 4153 2248 4206 τὺ
2282 4153 2522 4223 πρέπον;
2554 4152 2618 4204 Τί
2659 4149 2934 4204 πιστεύσω
2961 4151 3026 4219 τῇ
3057 4146 3255 4217 καρδία
3284 4146 3364 4207 εἰς
3392 4142 3782 4212 δικαιοσύνην;

2188 4244 2240 4296 τί
2270 4243 2489 4314 λαλήσω
2512 4241 2589 4312 τῷ
2619 4242 2846 4312 στόματι
2871 4242 2950 4302 εἰς
2972 4237 3268 4308 σωτηρίαν,
3309 4236 3437 4288 ὅταν
3457 4233 3782 4304 προϐάλωσι

2192 4334 2476 4406 κακοήθως
2505 4333 2586 4392 τὸ,
2620 4352 2638 4383 ι
2691 4335 2750 4384 '0
2782 4332 3000 4402 πέμψας
3045 4347 3111 4401 με
3143 4331 3171 4381 ὁ
3202 4326 3389 4398 Πατὴρ
3431 4324 3639 4395 μείζων
3677 4341 3780 4394 μου

2193 4424 2368 4488 ἐστίν;
2414 4442 2432 4475 ι
2472 4422 2681 4485 Ἀπλῶς
2704 4421 2955 4492 δέξομαι;
2989 4419 3275 4492 προπετῶς
3310 4416 3631 4485 συνθῶμαι;
3656 4415 3782 4468 τολ-

2199 4513 2389 4588 μηρῶς
2433 4512 2815 4583 ἀποφανοῦμαι
2856 4511 2950 4564 τοῦ
2990 4511 3203 4582 Πατρὺς
3241 4510 3442 4579 ἥττονα
3474 4506 3572 4558 τὸν
3615 4507 3779 4569 Υὶόνς

2197 4609 2291 4661 καὶ
2322 4607 2484 4679 μηδὲν
2511 4605 2646 4669 ὅλως
2666 4605 2970 4674 λογίσομαι,
3005 4604 3132 4674 μήθ’
3164 4604 3258 4655 ὅτι
3279 4602 3376 4670 τῆς
3404 4599 3726 4670 οἰκονομίας
3755 4603 3784 4652 ὁ

2197 4697 2375 4766 λόγος,
2397 4697 2523 4768 μήθ’
2559 4697 2640 4748 ὅτι
2670 4694 2763 4747 τοῦ
2794 4694 2958 4748 αὑτοῦ
2981 4695 3154 4764 φωνήο
3175 4712 3194 4743 ι
3238 4689 3378 4759 Ἐγὼ
3411 4690 3506 4743 καὶ⁵
3534 4691 3566 4742 ὁ
3592 4688 3782 4758 Πατὴρ

2198 4789 2256 4841 ἓν
2283 4791 2469 4858 ἐσμεψ
2509 4807 2527 4839 ι
2575 4788 2688 4847 καὶ,
2733 4806 2749 4837 ι
2793 4788 2907 4838 Ἵνα
2934 4784 3134 4855 τιμῶσι
3183 4783 3272 4836 τὸν
3304 4781 3452 4845 Υίὸν,
3483 4780 3677 4844 καθὼς
3705 4797 3783 4831 τι.-

2204 4879 2343 4949 μῶσι
2376 4878 2464 4930 τὸν
2491 4877 2727 4948 Πατέρα·
2779 4896 2797 4927 ι
2833 4876 2947 4940 καὶ,
2984 4893 3002 4926 ‹
3043 4875 3103 4926 Ὁ
3132 4869 3389 4944 ἑωρακὼς
3415 4870 3519 4940 ἐμὲ
3569 4871 3782 4942 ἑώρακε

2199 4970 2290 5023 τὸν
2322 4969 2560 5038 Πατέραο
2590 4987 2608 5020 ι
2645 4969 2737 5021 καὶ
2759 4967 2960 5021 ἀλλαδέ
2999 4965 3186 5036 μυρία,
3213 4964 3284 5017 τά
3316 4963 3416 5031 τὴν
3446 4961 3676 5034 ἰσότητα
3692 4965 3784 5014 καὶ

2197 5062 2298 5132 τὴν
2321 5061 2611 5130 ὁμοτιμίαν
2636 5061 2692 5112 ἐν
2715 5061 2848 5112 πᾶσι
2881 5057 3246 5128 γνωρίζοντας
3281 5055 3344 5107 Et
3372 5050 3467 5107 οὖν
3512 5053 3688 5123 μηδὲν

2197 5156 2302 5208 τῶν
2355 5153 2770 5208 ἀνακυπτόντων
2811 5153 2965 5223 ὁρᾷν,
3013 5152 3150 5221 μήτε
3193 5149 3284 5202 τὸν
3317 5147 3606 5218 πρέποντα
3628 5146 3782 5213 λόγον

2192 5245 2500 5300 ἀποδιδόναι
2527 5261 2594 5296 πε
2602 5246 2655 5314 pl
2677 5243 2781 5298 τῶν
2801 5242 3219 5296 άνακυπτόντων
3245 5239 3339 5293 καὶ
3358 5238 3623 5291 ἐναντίων
3646 5233 3783 5289 εἶναι

2196 5337 2512 5400 δοκούντων,
2546 5337 2664 5400 πῶς
2693 5336 2956 5406 σύμφωνα
2987 5334 3229 5403 δείξομαι
3251 5331 3319 5385 τὰ
3333 5330 3593 5384 τοσοῦτον
3625 5330 3786 5397 ἀλλή-

2198 5425 2303 5477 λων
2337 5424 2478 5477 κατὰ
2529 5425 2590 5476 τὸ
2623 5425 2908 5494 πρόχειρον
2955 5425 3054 5492 τῆς
3094 5420 3426 5488 ἐπαγγελίας
3469 5420 3783 5489 ἀπᾴδοντα;

2201 5516 2324 5579 Πῶς
2347 5514 2506 5579 αὐτὸς
2530 5515 2826 5585 φανήσεται
2857 5515 2950 5567 καὶ
2981 5511 3270 5584 μονογενὴς
3296 5513 3391 5564 καὶ
3414 5511 3784 5581 πρωτότοκος,

2833 5668 2876 5699 ³³
2921 5666 3076 5723 Joan.
3116 5681 3227 5733 xlv,
3262 5666 3316 5721 9.
