3868 6202
115 296 256 354 1529
887 285 1470 344 CONFUTATIONES
1509 283 1954 352 QUARUMDAM
1998 282 2577 341 PBOPOSITIONUM.
3219 285 3359 359 1390

113 410 249 465 πᾶσι
278 407 436 480 δήλου
469 404 845 476 τυγχάνοντος,
890 405 964 476 μὴ
1001 405 1317 475 συμϐαίνειν
1348 401 1677 475 ἀλλήλοιςτά
1706 439 1717 464 λ

1819 401 2123 456 endendum
2174 411 2258 456 est
2290 443 2304 467 ,
2349 402 2395 456 si
2452 415 2555 454 nec
2595 399 2735 453 ratio
2778 413 2966 454 eorum
3003 412 3123 468 quae
3169 413 3362 455 conse-

112 504 206 556 δύο
236 501 364 572 περὶ
393 499 484 553 τὸν
517 498 612 550 ἓνα
643 496 731 550 τὸν
760 499 816 548 ὲν
845 497 943 567 μιᾷ
976 495 1344 566 θεωρούμενον
1372 495 1564 564 φύσεις
1631 495 1688 546 ’0

1819 503 2031 564 ςυιιιιῑιιι·
2081 503 2135 548 et
2185 492 2460 548 contraria
2505 491 2761 545 videntur
2806 505 3046 560 congrua
3087 489 3362 545 reddenda

117 593 216 663 μὲν
239 591 347 662 γὰρ
367 588 662 660 μονογενὴς
685 587 758 658 μὴ
784 587 920 658 ἔχων
949 587 1228 656 ἀδελφοὺς,
1262 581 1349 641 οἶα
1377 586 1689 655 μονογενὴς,

1822 597 1892 650 st,
1922 585 2195 656 quomodo
2238 583 2652 638 conciliabimus
2689 597 2809 652 qua:
2840 583 3013 651 prima
3043 583 3365 652 pronuntia-

115 681 457 752 πρωτότοκος
497 678 778 731 καλεῖσθαι
811 677 872 729 οὐ
915 676 1155 730 δύναται’
1199 676 1541 747 πρωτότοκον
1584 676 1692 746 γάρ

1819 679 1956 733 iouis
1989 677 2169 731 fronte
2201 678 2341 730 inter
2395 690 2453 730 se
2479 673 2836 744 discrepant?
2891 673 3175 739 Quomodo
3217 673 3365 730 idem

117 767 269 825 εἶπεν
300 773 328 824 ό
355 770 563 834 Παῦλος
596 772 652 822 ὲν
678 769 891 832 πολλοῖς
924 768 1190 836 ἀδελφοῖς·
1220 770 1248 820 ὁ
1272 768 1314 820 δ’
1337 766 1403 821 αὖ
1423 767 1694 839 πρωτότο-

1819 771 2059 826 idebitur
2107 777 2160 824 et
2193 769 2509 839 unigenitus
2557 776 2611 822 et
2651 767 3086 837 primogenitus?
3122 781 3246 821 cum
3277 782 3368 837 pa-

116 881 232 928 κος,
288 863 446 933 ἔχων,
479 863 554 924 ὡς
584 861 748 924 εἰκὸς,
803 860 1083 930 ἀδελφοὺς,
1138 859 1431 930 μονογενὴς
1469 858 1570 911 οὐκ
1615 855 1694 909 ἔτι

1819 878 1898 916 am
1947 862 2016 916 sit
2068 859 2343 926 omnibus,
2377 859 2486 914 duo
2528 859 2696 914 relata
2728 858 2794 913 ad
2824 874 3016 923 unum,
3045 874 3279 930 eumque
3309 859 3366 915 in

119 954 603 1026 προσαγορεύεται.
632 951 798 1005 Πάλιν
818 953 847 1004 ὁ
879 951 1038 1014 αὐτὸς
1068 951 1161 1003 καὶ
1193 951 1498 1020 πρόσφατος
1540 948 1694 1016 λέγε-

118 1065 208 1101 ται
229 1046 324 1101 καὶ
357 1045 590 1108 αἰώνιος·
620 1063 638 1096 ‹
680 1043 885 1116 Ἰησοῦς
911 1042 1145 1114 Χριστὸς
1168 1041 1294 1112 χθὲς
1311 1041 1405 1094 καὶ
1435 1042 1693 1111 σήμερον,

117 1141 148 1191 ό
181 1137 342 1199 αὐτὸς
373 1137 468 1190 καὶ
505 1137 583 1199 εἰς
608 1135 732 1199 τοὺς
764 1134 983 1198 αἰῶνας.
1029 1154 1046 1186 ι
1087 1135 1161 1187 Τὸ
1193 1135 1377 1205 ἕτερον
1402 1134 1573 1205 έτὲρῳ
1602 1135 1697 1186 ἀν-

117 1227 512 1281 τικαθίσταται.
543 1226 607 1278 Εί
634 1225 961 1297 πρόσφατος,
1011 1225 1127 1289 πῶς
1170 1225 1414 1289 αίώνιος;
1459 1227 1523 1279 Εἰ
1572 1223 1701 1278 αἰώ-

119 1337 254 1383 νιος,
279 1319 492 1380 πάντως
522 1318 582 1369 οὐ
615 1317 942 1388 πρόσφατος.
962 1317 1036 1369 Τὸ
1065 1317 1143 1380 δὲ,
1178 1336 1196 1367 σ
1255 1316 1528 1388 Ἀπάτωρ,
1555 1318 1700 1387 ἀμή-

121 1425 258 1481 τωρ,
297 1409 739 1479 ἀγενεαλόγητος,
765 1427 782 1458 ι
822 1406 938 1470 πῶς
966 1408 1025 1460 οὐ
1063 1407 1342 1479 προδήλως
1371 1410 1484 1471 τοῖς
1525 1407 1703 1470 ἄλλοις

126 1502 381 1572 μάχεται,
429 1501 495 1553 δι’
535 1495 609 1554 ὦν
639 1499 978 1570 μανθάνομεν
1006 1499 1101 1552 καὶ
1129 1498 1348 1570 Πατέρα
1373 1499 1534 1552 αὐτὸν
1561 1498 1704 1570 ἔχειν

123 1597 184 1650 ὲν
210 1596 476 1666 οὐρανοῖς,
499 1593 591 1647 καὶ
619 1591 826 1664 μητέρα
848 1593 941 1644 ἐπὶ
973 1591 1072 1662 τῆς
1095 1590 1220 1661 γῆς,
1250 1592 1344 1644 καὶ
1371 1589 1705 1660 γενεαλογεῖ-

127 1691 254 1746 σθαι
285 1690 471 1761 σαφῶς
525 1689 676 1760 παρὰ
708 1692 823 1753 τοῖς
858 1688 1091 1756 ἐνδόξοις
1139 1688 1582 1757 εὐαγγελισταῖς;
1640 1690 1703 1742 El

1794 971 1902 1008 una
1953 954 2355 1009 consideratum
2388 962 2604 1016 natura,
2647 951 2873 1007 minime
2902 952 3042 1005 inter
3071 967 3131 1005 se
3169 965 3369 1007 conve-

1795 1049 1934 1102 nire.
1988 1045 2200 1100 Etenim
2254 1045 2591 1116 unigenitus,
2628 1044 2714 1097 cui
2760 1050 2819 1098 ut
2862 1044 3144 1115 unigenito
3173 1043 3371 1100 fratres

1798 1140 1932 1193 nulli
1955 1146 2103 1206 sunt,
2130 1154 2237 1193 non
2268 1135 2737 1208 potestappellari
2770 1135 3185 1206 primogenitus.
3223 1135 3372 1190 Pau-

1798 1233 1884 1286 lus
1912 1231 2054 1286 enim
2071 1229 2486 1300 primogenitum
2509 1226 2644 1280 dixit
2670 1227 2723 1280 in
2748 1226 2932 1280 multis
2957 1224 3241 1280 fratribus.
3263 1225 3376 1281 Nec

1800 1338 2018 1378 rursum
2065 1320 2478 1392 primogenitus,
2541 1319 2736 1374 fratres
2782 1318 3008 1383 habens,
3059 1318 3376 1388 unigenilus

1801 1423 2029 1470 vocatur
2077 1413 2332 1482 amplius.
2363 1410 2605 1466 Rursum
2661 1411 2801 1465 idem
2834 1410 2926 1465 ille
2955 1416 3010 1465 et
3040 1409 3376 1464 novissimus

1802 1508 2008 1563 dicitur
2034 1513 2088 1560 et
2115 1513 2350 1560 aeternus
2384 1523 2397 1558 :
2437 1522 2454 1555 ι
2490 1501 2650 1558 Jesus
2669 1501 2923 1557 Christus
2956 1501 3070 1556 heri
3099 1508 3153 1555 et
3190 1499 3374 1562 hodie,

1803 1599 1922 1670 ipse
1942 1607 1997 1653 et
2017 1599 2070 1652 in
2103 1597 2302 1652 saecula
2327 1597 2365 1651 ί.
2409 1614 2427 1647 ι
2461 1593 2562 1648 Hic
2593 1595 2823 1648 alterum
2848 1594 3003 1648 alteri
3033 1593 3373 1647 adversatur.

1808 1690 1865 1746 Si
1906 1691 2237 1746 novissimus
2259 1697 2362 1752 est,
2391 1686 2665 1758 quomodo
2689 1685 2961 1740 aeternus?
3012 1683 3070 1739 Si
3117 1692 3377 1750 aeternus,

123 1754 382 1847 ἀπάτωρ,
417 1775 534 1840 πῶς
557 1754 808 1845 ούρανίου
835 1754 1082 1848 Πατρός;
1117 1777 1165 1829 εἰ
1191 1754 1442 1848 ἀμήτωρ,
1475 1777 1592 1842 πῶς
1639 1779 1703 1831 ὲκ

1819 1797 1914 1836 non
1968 1781 2136 1851 igitur
2165 1754 2519 1834 novissimus.
2572 1775 2692 1831 Jam
2715 1777 2856 1831 illud
2895 1796 2907 1831 :
2945 1795 2964 1829 ι
3011 1777 3142 1832 Sine
3195 1777 3377 1840 Patre.

125 1868 229 1938 τῆς
255 1867 532 1936 Παρθένου
559 1867 792 1939 μητρός;
827 1869 876 1920 εί
905 1867 1331 1938 ἀγενεαλόγητος
1350 1909 1365 1932 ,
1401 1866 1516 1932 πῶς
1562 1887 1580 1919 ι
1623 1868 1705 1938 βί-

127 1961 254 2024 ϐλος
279 1960 544 2028 γενέσεως
589 1960 761 2016 Ἰησοῦ
779 1958 1012 2033 Χριστοῦ
1034 1977 1047 2024 ;
1081 1979 1098 2011 ι
1121 1960 1399 2014 Τοσούτων
1422 1957 1516 2014 οὖν
1537 1961 1707 2016 ὄντων

129 2052 224 2104 καὶ
255 2050 434 2120 πολλῷ
465 2051 724 2105 πλειόνων
769 2051 876 2103 τῶν
901 2051 1072 2114 οῦτως
1099 2049 1342 2121 ἀλλήλων
1362 2051 1706 2122 ἀσυμφώνων

127 2141 270 2198 εἶναι
297 2143 614 2206 δοκούντων,
631 2143 683 2195 τί
704 2143 809 2214 ἄρα
835 2142 1146 2196 κελεύουσιν
1171 2145 1319 2214 ἡμᾶς
1332 2143 1707 2209 ἀϐασανίστως

127 2235 421 2303 δέξασθαις
459 2235 510 2289 τί
559 2235 615 2288 δὲ
641 2235 996 2301 ἀπώσασθαι;
1038 2235 1112 2289 Οὐ
1155 2235 1262 2307 γὰρ
1304 2231 1416 2290 οἷόν
1444 2254 1503 2290 τε
1543 2239 1708 2292 πᾶσιν

130 2329 334 2398 ὁμοίως
365 2327 590 2381 ἕπεσθαι
623 2329 748 2392 τοὺς
783 2328 858 2399 μὴ
885 2328 982 2398 τὴν
1018 2327 1361 2399 ἁρμόζουσαν
1412 2329 1565 2382 λύσιν
1609 2331 1708 2401 τῆς

131 2417 500 2492 νομιζομένης
537 2419 833 2488 διαφωνίας
869 2419 1238 2490 εὑρίσκοντας.
1280 2422 1344 2474 Εἰ
1386 2421 1447 2474 τὸ
1491 2441 1509 2474 ι
1559 2440 1710 2494 μονο-

134 2514 297 2583 γενής
332 2531 350 2561 ι
397 2511 629 2581 ἀληθὲς,
667 2511 728 2563 τὸ
769 2529 787 2561 ι
822 2512 1162 2583 πρωτότοκος
1204 2532 1222 2563 ι
1260 2514 1319 2566 οὐ
1361 2513 1624 2568 τοιοῦτον.
1647 2516 1709 2568 EE

133 2603 197 2657 τὸ
233 2621 252 2654 ‹
289 2603 630 2672 πρωτότοκος
667 2622 686 2655 ›
727 2603 972 2672 ἀψευδὲς,
996 2603 1057 2655 τὸ
1103 2622 1120 2654 ι
1158 2606 1454 2676 μονογενής
1500 2623 1518 2656 ι
1559 2608 1710 2660 ἐναν-

133 2695 269 2750 τίον.
309 2693 374 2747 Εἰ
418 2695 478 2748 τὸ
534 2712 553 2744 c
588 2693 714 2765 χθὲς
753 2694 847 2746 καὶ
878 2695 1115 2767 σήμερον
1163 2713 1182 2746 ι
1237 2695 1609 2768 ὡμολόγηται,
1649 2697 1710 2750 τὸ

145 2804 166 2836 ι
201 2786 420 2841 αἰώνιον
460 2808 477 2838 ι
504 2787 728 2857 οἴχεται.
765 2786 828 2840 Εἰ
865 2786 926 2840 τὸ
977 2805 995 2838 ι
1055 2787 1285 2860 ἀπάτωρ
1330 2807 1348 2840 ι
1396 2788 1616 2860 ἕστηκε,
1649 2790 1712 2844 τὸ

137 2878 284 2950 ἔχειν
305 2879 525 2950 Πατέρα
542 2879 850 2950 λυθήσεται.
878 2881 938 2933 Εἰ
981 2879 1040 2932 τὸ
1077 2898 1096 2931 ι
1135 2864 1364 2954 ἀμήτωρ
1406 2902 1423 2933 ι
1474 2883 1708 2954 πέπηγε,

138 2969 201 3021 τὸ
237 2969 450 3040 μητέρα
471 2969 616 3042 ἔχειν
641 2971 1104 3042 ἀνατραπήσεται.
1156 2971 1219 3024 Ei
1256 2972 1318 3025 τὸ
1363 2988 1382 3023 ε
1426 2974 1711 3042 ἀγενεαλό-

1804 1875 1923 1930 sine
1959 1882 2150 1938 matre,
2202 1872 2321 1927 sine
2369 1869 2684 1941 genealogia
2733 1870 2776 1934 ²,
2804 1887 2828 1921 ο
2884 1883 3064 1923 annon
3092 1867 3382 1923 manifeste

1806 1974 2010 2036 pugnat
2047 1979 2172 2019 cum
2218 1964 2358 2031 aliis,
2417 1979 2485 2018 ex
2541 1962 2741 2032 quibus
2765 1961 3028 2018 discimus
3070 1968 3125 2016 et
3163 1958 3378 2016 Patrem

1807 2057 1986 2126 ipsum
2013 2057 2069 2112 in
2107 2057 2262 2113 cmlis
2282 2057 2501 2121 habere,
2532 2063 2586 2110 et
2609 2065 2836 2110 matrem
2876 2054 2932 2108 in
2985 2063 3152 2118 terra,
3190 2062 3246 2108 et
3265 2067 3382 2107 ma-

1801 2147 1951 2216 jores
1973 2146 2092 2218 ejus
2108 2162 2136 2200 a
2155 2147 2432 2217 praeclaris
2446 2144 2795 2215 evangelistis
2811 2143 3012 2200 diserte
3040 2144 3384 2200 nominatos?

1809 2238 1865 2294 Si
1919 2239 2038 2294 sine
2064 2237 2245 2305 Patre,
2277 2237 2552 2310 quomodo
2578 2237 2760 2293 Patris
2787 2237 3027 2293 caelestis
3069 2235 3280 2292 Filius?
3325 2237 3380 2290 Si

1808 2333 1928 2388 sine
1952 2339 2144 2394 matre,
2178 2330 2452 2401 quomodo
2482 2346 2546 2385 ex
2573 2328 2798 2400 Virgine
2820 2327 3032 2385 matre?
3062 2326 3120 2382 Si
3150 2330 3268 2384 sine
3288 2343 3382 2398 ge-

1809 2425 2075 2495 nealogia,
2097 2423 2260 2487 unde,
2285 2442 2304 2475 ι
2327 2421 2488 2477 Liber
2519 2420 2882 2491 generationis
2907 2417 3036 2474 Jesu
3054 2417 3335 2474 Christi‘?
3361 2435 3379 2467 ι

1809 2516 1946 2572 Cum
1997 2516 2163 2585 igitur
2188 2521 2266 2569 tot
2326 2529 2390 2568 ac
2415 2520 2567 2568 tanta
2610 2513 2722 2568 sint
2771 2510 3024 2566 etmulto
3054 2510 3234 2580 plura,
3263 2523 3387 2579 quae

1809 2610 1953 2665 inter
1983 2623 2044 2664 se
2091 2607 2344 2662 videnlur
2381 2620 2642 2677 pugnare,
2690 2604 2948 2675 quidnam
2980 2603 3055 2658 illi
3089 2618 3191 2658 nos
3232 2603 3389 2657 inex-

1811 2703 2081 2773 ploratum
2109 2698 2305 2769 jubent
2329 2698 2594 2770 accipere,
2624 2695 2752 2768 quid
2777 2695 3000 2766 ejicere?
3027 2693 3213 2766 Neque
3240 2695 3387 2750 enim

1813 2793 2067 2850 omnibus
2122 2807 2274 2861 aeque
2324 2789 2578 2846 assentiri
2629 2796 2882 2860 possunt,
2939 2788 3034 2859 qui
3074 2788 3389 2859 apparentis

1815 2885 2197 2956 discrepantia:
2243 2883 2657 2938 Convenientem
2702 2882 3029 2937 solutionem
3083 2896 3194 2936 non
3243 2881 3392 2935 inve-

1817 2980 1994 3036 niunt.
2023 2977 2081 3033 Si
2102 2993 2290 3034 verum
2317 2977 2447 3030 illud
2478 2995 2493 3032 :
2534 2994 2553 3027 ι
2587 2975 2921 3046 unigenitus,
2957 2993 2975 3026 ι
3008 2973 3204 3028 falsum
3235 2973 3341 3028 hoc
3372 3011 3388 3034 .

140 3078 308 3133 γητον
343 3080 362 3113 ι
400 3061 592 3135 ἄραρε,
647 3061 765 3127 πῶς
809 3065 874 3134 τῇ
909 3063 1228 3137 γενεαλογία
1259 3064 1625 3137 προσέξομενς
1653 3066 1713 3119 El

1825 3091 1843 3124 ε
1874 3069 2284 3142 primogenitus.
2318 3089 2337 3122 ›
2372 3066 2429 3122 Si
2459 3082 2646 3123 verum
2680 3066 2783 3121 hoc
2821 3083 2880 3122 τι
2917 3064 3333 3137 primogenitus,
3368 3083 3386 3114 ι

140 3153 204 3206 τὸ
238 3155 312 3226 μὴ
340 3153 461 3224 ἕχον
489 3153 662 3226 ἀρχὴν
691 3157 796 3224 ήμε
807 3155 911 3226 ρῶν
937 3154 969 3225 ἢ
1004 3154 1154 3218 τέλος
1189 3155 1422 3225 βέϐαιον,
1454 3157 1569 3220 πῶς
1591 3173 1715 3228 νοη-

144 3261 313 3317 σομεν
350 3245 413 3299 τὸ
453 3246 550 3319 τὴν
586 3246 759 3319 ἀρχὴν
811 3247 1033 3319 ἡμερῶν
1075 3247 1170 3301 καὶ
1207 3248 1268 3300 τὸ
1307 3249 1457 3313 τέλος
1492 3249 1714 3322 μηνῦον,

149 3357 170 3390 ι
197 3339 305 3393 Τοῦ
354 3339 525 3411 Ἰησοῦ
558 3339 905 3411 γεννηθέντος
957 3342 1014 3393 ὲν
1046 3339 1294 3410 Βηθλεὲμ
1324 3341 1425 3411 τῆς
1461 3343 1718 3405 Ἰουδαίας

145 3419 205 3484 ὲν
225 3431 460 3505 ἡμέραις
492 3431 729 3503 Ἡρώδου
754 3431 849 3485 τοῦ
877 3431 1156 3501 βασιλέως,
1186 3451 1204 3484 ι
1233 3433 1633 3504 σταυρωθέντπ
1662 3435 1718 3488 δὲ

143 3525 241 3578 ἐπὶ
287 3524 512 3579 Ποντίου
544 3523 806 3588 Πιλάτου;
857 3524 988 3576 Ἰδοὺ
1043 3526 1137 3578 καὶ
1171 3526 1313 3598 ἀρχὴ
1348 3525 1572 3596 ἡμερῶν
1627 3527 1721 3580 καὶ

147 3615 297 3687 ζωῆς
325 3615 497 3681 τέλος.
547 3616 612 3668 Τί
641 3613 732 3670 οῦν
765 3617 1100 3687 ποιήσωμεν,
1131 3615 1186 3670 εἴ
1226 3633 1310 3680 τις
1343 3615 1450 3672 τῶν
1478 3617 1722 3672 ἀπίστων

147 3707 298 3776 ἡμᾶς
326 3704 582 3777 ἀπαιτοεη
613 3704 788 3774 λόγον,
823 3705 1143 3778 κατηγορῶν
1166 3705 1268 3775 τῆς
1297 3706 1456 3774 ἁγίας
1478 3707 1719 3779 Γραφῆς,

144 3797 225 3862 ὡς
247 3797 468 3852 ἐναντία
480 3797 773 3868 λεγούσης;
800 3797 1060 3867 εἴπωμεν,
1092 3797 1386 3851 Πίστευσον
1413 3798 1546 3851 πᾶσι
1569 3813 1583 3862 ;
1614 3797 1724 3851 Καὶ

145 3887 234 3952 τις
260 3887 364 3941 οὐκ
394 3887 461 3941 ἂν
488 3887 844 3959 ἀποπηδήσας
873 3887 1314 3957 καταγελάσειεν,
1339 3887 1590 3959 οὐδαμῶς
1613 3885 1724 3951 οἷός

147 3994 209 4030 τε
233 3975 311 4030 ὣν
351 3978 421 4032 τά
467 3977 718 4047 ἀλλήλοις
771 3977 1075 4048 μαχόμενα,
1123 3978 1220 4032 καὶ
1261 3977 1531 4048 μηδεμίαν
1573 3978 1725 4030 λύσιν

149 4070 633 4144 λαμϐάνοντα,’ὼς
654 4071 942 4136 ἀξιόπιστα
967 4071 1246 4142 δέχεσθαις
1279 4071 1384 4125 Δύο
1421 4071 1530 4143 γὰρ
1559 4072 1727 4124 όντων

149 4167 410 4224 ἐναντίων
447 4167 641 4234 λόγων,
679 4167 888 4238 ἀνάγκη
923 4165 1014 4220 τὸν
1043 4166 1229 4236 ἕτερον
1259 4165 1430 4236 ψευδῆ
1457 4165 1726 4236 διελέγχε-

152 4260 297 4314 σθαι.
323 4259 388 4312 Τί
408 4259 542 4329 πρὸς
566 4255 735 4311 ταῦτα
774 4258 1034 4328 ὲροῦμεν;
1063 4259 1133 4310 Ἢ
1159 4258 1252 4311 καὶ
1274 4258 1435 4328 ἡμεῖς
1468 4256 1729 4311 ἀπαιτού-

155 4369 308 4422 μενοι
351 4350 412 4403 τδ
439 4349 713 4403 πιστεύειν
743 4348 1006 4420 δόγμασιν
1048 4348 1450 4413 ἀναποδείκτοις
1478 4349 1573 4402 καὶ
1599 4351 1730 4402 ἀσυ-

1818 3165 2015 3222 falsum
2048 3171 2260 3231 contra,
2293 3181 2313 3213 ‹
2348 3161 2684 3231 unigenitus.
2727 3179 2747 3212 ›
2779 3157 2836 3214 Si
2860 3157 3181 3230 proﬁtemur
3208 3155 3342 3211 illud
3376 3175 3389 3210 :

1824 3278 1843 3311 ‹
1883 3256 2015 3314 Heri
2044 3263 2098 3313 et
2122 3256 2302 3318 hodie,
2356 3274 2374 3306 ι
2425 3252 2702 3309 evanescit
2747 3252 2998 3314 alterum,
3052 3268 3070 3300 ι
3106 3250 3392 3322 sempiter-

1819 3366 1971 3406 num.
1994 3369 2012 3402 »
2041 3348 2106 3404 Si
2125 3354 2232 3404 stat
2256 3345 2408 3412 illud,
2446 3365 2464 3397 ι
2495 3346 2613 3402 sine
2640 3343 2822 3408 Patre,
2858 3363 2876 3396 ι
2905 3342 3114 3399 corruit
3139 3342 3390 3404 alterum,

1820 3442 1964 3515 quod
2015 3439 2228 3496 Patrem
2274 3439 2486 3494 habeat.
2523 3435 2580 3492 Si
2615 3445 2797 3492 manet
2826 3450 2890 3490 ac
2923 3433 3088 3489 ﬁxum
3134 3441 3220 3490 est
3264 3434 3391 3497 hoc,

1826 3555 1846 3588 ι
1884 3533 2014 3590 Sine
2039 3541 2235 3597 matre,
2271 3551 2289 3584 ι
2326 3532 2473 3586 labat
2498 3530 2651 3596 illud,
2680 3529 2884 3584 habere
2907 3537 3156 3582 matrem.
3181 3525 3236 3582 Si
3275 3527 3392 3598 pla-

1822 3626 1934 3682 cuit
1958 3625 2111 3689 illud,
2148 3644 2165 3675 ι
2203 3623 2320 3679 sine
2343 3621 2677 3693 genealogia,
2711 3639 2729 3671 ι
2756 3617 3031 3690 quomodo
3053 3616 3394 3673 attendemus

1824 3719 2185 3793 genealogiae?
2240 3716 2296 3772 Si
2328 3717 2541 3772 ﬁrmum
2573 3724 2657 3771 est
2695 3713 2848 3780 illud,
2897 3713 3045 3784 quod
3083 3728 3262 3783 neque
3289 3711 3401 3768 ini-

1823 3811 1957 3866 tium
1986 3825 2162 3881 neque
2195 3808 2354 3863 ﬁnem
2386 3806 2597 3861 dierum
2620 3805 2805 3871 habet,
2831 3803 3105 3877 quomodo
3127 3804 3396 3876 intellige-

1825 3921 1948 3960 mus
1976 3903 2101 3967 hoc,
2131 3901 2277 3973 quod
2306 3909 2360 3955 et
2387 3901 2605 3955 initium
2634 3909 2686 3954 et
2717 3898 2878 3953 ﬁnem
2909 3898 3120 3954 dierum
3149 3897 3354 3952 indicat
3381 3916 3394 3950 :

1834 4015 1852 4047 σ
1881 3995 2019 4052 Cum
2063 4002 2225 4050 natus
2278 4001 2422 4048 esset
2470 3989 2630 4046 Jesus
2675 3989 2730 4044 in
2770 3989 3044 4045 Bethleem
3086 3987 3287 4043 Iudaeae
3343 3987 3398 4041 in

1827 4087 2019 4143 diebus
2055 4085 2287 4141 Herodis
2339 4085 2484 4155 regis
2516 4083 2539 4115 ⁸
2584 4103 2598 4139 :
2659 4102 2678 4135 ι
2728 4081 3021 4136 cruciﬁxus
3070 4089 3250 4135 autem
3297 4080 3402 4136 sub

1825 4177 2022 4234 Pontio
2053 4176 2264 4232 Pilato?
2295 4178 2374 4232 En
2429 4175 2529 4231 tibi
2586 4183 2640 4229 et
2685 4174 2898 4228 initium
2930 4173 3141 4229 dierum
3172 4179 3227 4228 et
3281 4173 3402 4228 vitae

1832 4269 2014 4326 ﬁnem.
2080 4267 2221 4336 Quid
2285 4268 2454 4339 igitur
2517 4267 2784 4322 faciemus
2838 4266 2884 4320 si
2939 4265 3064 4335 quis
3099 4263 3402 4321 inﬁdelium

1834 4359 2170 4431 Scripturam
2203 4368 2445 4415 sanctam
2479 4358 2547 4413 de
2576 4357 2741 4413 dictis
2767 4356 3063 4412 contrariis
3111 4370 3404 4417 accusans.

153 4444 373 4506 στάτοις
405 4441 695 4514 αίρετικῶν
729 4441 782 4511 ἢ.
809 4441 1092 4510 Ἑλλήνων,
1148 4439 1289 4493 κατά
1329 4439 1427 4510 τὴν
1475 4438 1717 4510 τοιαύτηι

1831 4451 2097 4506 rationem
2123 4465 2151 4502 a
2169 4449 2326 4504 nobis
2355 4448 2568 4519 exigat?
2586 4447 2971 4517 jubebimusne
2999 4461 3122 4502 eum
3149 4446 3404 4501 omnibus

151 4535 422 4608 πρότασιν
453 4531 856 4603 συνθησόμεθα;
898 4529 1037 4584 Ἀλλ’
1066 4530 1272 4597 ἀπαγεί
1299 4527 1421 4582 οὕτε
1454 4527 1729 4582 ἀσύστατα

148 4625 222 4679 τά
252 4623 517 4696 ἡμέτερα,
565 4621 690 4676 οὔτε
717 4620 964 4693 ἀλλήλοις
983 4621 1282 4692 μαχόμενα,
1319 4617 1498 4682 καθὼς
1530 4617 1729 4691 ἐρρέθη

151 4716 315 4788 παρά
332 4715 440 4770 τῶν
469 4715 638 4783 ἁγίων
665 4715 948 4785 νοούμενα.
1003 4711 1232 4784 Ἐρρέθη
1253 4711 1309 4764 δὲ
1339 4710 1408 4764 τὰ
1451 4704 1548 4781 μὲν
1594 4709 1732 4782 πρὸς

149 4815 257 4887 τὴν
303 4812 636 4881 γνωσθεῖσαν
684 4813 813 4882 ἡμῖν
840 4808 1169 4880 οἰκονομίαν,
1219 4807 1288 4860 τά
1337 4806 1394 4859 δὲ
1447 4806 1583 4877 πρὸς
1635 4804 1732 4876 τὴν

150 4904 544 4976 ἀκατάληπτον
568 4903 662 4973 τοῦ
683 4903 856 4971 Λόγου
870 4901 1078 4966 οὐσίαν,
1101 4900 1196 4954 καὶ
1222 4899 1398 4954 πάντα
1424 4899 1734 4970 εὑρίσκεται

153 4997 429 5067 σύμφωνα
460 4995 555 5051 καὶ
581 4993 864 5058 ἀκόλουθα,
912 4993 1039 5065 περὶ
1081 4992 1141 5044 τὸ
1192 4991 1322 5044 αὐτὸ
1350 4989 1493 5045 κατά
1517 4988 1616 5053 τὰς
1644 4988 1738 5042 δύο

153 5089 352 5158 φύσεις
381 5085 850 5158 ὲκλαμὸανόμενα·
891 5084 967 5147 ὡς
1006 5079 1143 5136 εἶναι
1175 5083 1238 5135 τὸ
1293 5081 1390 5152 μὲν
1429 5080 1739 5152 πρόσφατον

150 5184 260 5253 τῆς
287 5181 507 5254 σαρκὸς,
531 5181 592 5234 τὸ
612 5180 669 5232 δὲ
693 5177 905 5232 αἰώνιον
933 5175 1028 5230 τοῦ
1054 5175 1211 5229 Θεοῦ.
1244 5175 1317 5228 Τὺ
1339 5173 1412 5245 μὴ
1440 5173 1583 5244 ἔχειν
1634 5174 1736 5244 ἀρ-

153 5273 262 5346 χὴν
288 5271 509 5342 ἡμερῶν
559 5271 687 5324 ἴδιον
709 5268 800 5322 τοῦ
836 5269 1027 5337 Λόγου·
1055 5268 1114 5320 τὸ
1156 5265 1481 5337 γεννηθῆναι
1517 5266 1572 5318 ὲν
1599 5263 1738 5335 ἠμέ-

155 5381 289 5438 ραις
324 5361 561 5435 Ἡρώδου
609 5363 806 5414 οἰκεῖον
855 5359 956 5430 τῆς
985 5359 1260 5429 ἀπαρχῆς.
1306 5357 1379 5410 Τὸ
1405 5356 1582 5426 πάντη
1609 5357 1740 5424 ἀγε-

151 5455 489 5526 νεαλόγητον
527 5453 618 5506 ἐπὶ
636 5451 736 5522 τῆς
757 5451 863 5522 πρὸ
894 5449 1102 5505 αἰώνων
1124 5451 1188 5503 ἐκ
1211 5448 1425 5521 Πατρὸς
1453 5445 1739 5518 ὑπάρξεως

150 5547 258 5606 τοῦ
277 5547 427 5602 Υἱοῦ·
455 5567 474 5600 ι
502 5546 638 5619 Τὴν,
656 5550 787 5619 γὰρ,
810 5544 999 5614 γενεὰν
1015 5542 1179 5598 αὑτοῦ
1207 5543 1290 5606 τίς
1313 5543 1666 5614 αδιηγήσεται
1688 5556 1734 5606 ;›

239 5709 258 5740 ¹
299 5705 465 5763 Hebr.
499 5719 630 5772 xui,
666 5703 721 5758 8.
796 5707 816 5736 ’³
857 5701 1022 5758 Hebr.
1054 5716 1168 5767 vu,
1203 5701 1257 5756 5.

1337 5698 1356 5731 ³
1395 5695 1586 5753 Matth.
1629 5711 1684 5760 ι,
1724 5693 1773 5749 1.

1837 4541 2098 4597 credere?
2118 4538 2184 4593 Et
2207 4541 2332 4610 quis
2371 4554 2480 4594 non
2514 4537 2768 4594 resiliens
2793 4537 3065 4603 deriserit,
3085 4537 3283 4609 quippe
3313 4539 3404 4608 qui

1837 4631 1987 4687 nullo
2003 4630 2164 4685 modo
2193 4630 2366 4702 possit
2392 4645 2455 4685 ea
2483 4638 2738 4700 tanquam
2767 4628 2870 4684 ﬁde
2892 4629 3053 4700 digna
3083 4630 3406 4700 amplexari,

1837 4736 1957 4792 qua:
1996 4721 2137 4774 inter
2171 4735 2230 4775 se
2251 4727 2516 4791 pugnant,
2545 4734 2644 4774 nec
2667 4719 2990 4774 solutionem
3021 4719 3184 4774 ullam
3213 4718 3409 4773 admit-

1839 4811 1994 4866 tunt?
2025 4810 2265 4866 Duorum
2298 4810 2442 4866 enim
2468 4810 2870 4865 contrariorum
2893 4810 3160 4866 dictorum
3185 4823 3411 4865 necesse

1837 4909 1922 4957 est
1952 4902 2180 4956 alterum
2212 4899 2468 4956 falsitatis
2499 4901 2769 4956 convinci.
2822 4899 2963 4966 Quid
3019 4902 3083 4955 ad
3133 4901 3236 4954 hoc
3264 4899 3413 4955 dice-

1838 4992 2000 5046 mus?
2039 4989 2178 5044 Num
2209 4996 2263 5045 et
2310 5006 2413 5046 nos
2451 4990 2626 5061 rogati
2658 4998 2716 5044 ut
2749 4991 2899 5044 nulla
2939 4988 3411 5044 demonstratione

1841 5081 2088 5153 probatis
2133 5079 2472 5149 inﬁrmisque
2521 5079 2902 5134 haereticorum
2955 5086 3049 5131 aut
3096 5077 3411 5132 Graecorum

1837 5172 2184 5244 dogmatibus
2213 5171 2524 5235 credamus,
2548 5169 2815 5239 ejusmodi
2843 5170 3201 5240 propositioni
3232 5185 3414 5226 assen-

1838 5265 2069 5322 tiemur?
2099 5262 2206 5319 Sed
2233 5263 2429 5334 apage!
2481 5277 2658 5332 neque
2699 5261 2844 5314 enim
2896 5269 3106 5324 nostra,
3153 5261 3200 5317 si
3239 5277 3348 5332 quo
3381 5277 3412 5315 a

1841 5357 2049 5415 sanctis
2080 5357 2227 5412 dicta
2261 5362 2393 5411 sunt
2420 5370 2583 5411 sensu
2621 5355 2979 5426 accipiantur,
3009 5354 3094 5410 vel
3131 5368 3241 5408 non
3279 5367 3414 5408 con-

1841 5451 2040 5507 sistere
2074 5455 2328 5520 possunt,
2359 5447 2444 5503 vel
2484 5446 2590 5502 sibi
2622 5447 2728 5516 ipsi
2757 5451 2886 5500 sunt
2906 5444 3202 5501 contraria.
3255 5440 3412 5496 Dicta

1843 5549 2023 5594 autem
2065 5547 2195 5594 sunt
2224 5538 2315 5592 illa
2337 5537 2556 5605 quidem
2581 5538 2790 5593 ratione
2817 5535 3048 5606 cognitae
3071 5531 3232 5588 nobis
3263 5544 3415 5589 (Bcov

1850 5696 1872 5726 ⁸
1909 5691 2102 5748 Matth.
2139 5710 2176 5748 ιι
2204 5734 2218 5753 .
2255 5697 2305 5749 1.
