3868 6202
478 295 610 350 4591

1600 295 1654 346 S.
1697 293 2157 347 ATIMNASIIZS.
2203 324 2266 331 —
2297 291 2568 346 SPURIA.

3593 297 3734 351 {59‘2

477 411 691 472 nomize,
721 417 883 479 atque
908 408 1332 480 dispensationis
1366 430 1376 462 :
1419 410 1531 463 haec
1571 425 1697 464 vero
1727 410 1937 462 ratione
1965 410 2046 460 in-

2160 407 2222 460 Γδ
2248 408 2303 460 δὲ
2327 406 2768 475 γενεαλογεῖσθαι
2796 407 2980 476 σαφῶς
3012 407 3102 460 ἐπὶ
3136 407 3234 477 τῆς
3263 406 3402 460 κατὰ
3441 408 3620 480 σάρκα
3642 427 3741 477 γε-

475 500 989 571 comprehensibilis
1012 498 1172 554 Verbi
1203 502 1541 555 substantia.
1567 502 1740 568 Atque
1761 499 1863 553 hoc
1889 498 2050 551 modo

479 592 658 647 omnia
686 592 826 644 inter
864 605 922 644 se
947 591 1295 644 consentiunt
1326 591 1538 659 sibique
1569 600 1696 644 sunt
1720 605 2053 658 consequen-

479 686 576 750 tia,
607 684 673 738 de
698 699 805 737 uno
834 691 888 736 et
912 684 1100 737 eodem
1135 684 1189 736 in
1215 683 1427 737 duabus
1462 683 1672 736 naturis
1704 680 2052 735 considerato

479 785 724 846 accepta,
771 783 832 828 ut
866 775 1119 830 Christus
1168 777 1501 847 intelligatur
1551 773 1878 828 novissimus
1931 787 2054 827 esse

481 867 782 922 secundum
833 883 1075 933 carnem,
1133 876 1370 924 atternus
1423 866 1721 922 secundum
1774 865 2048 920 deitatem.

481 957 600 1013 Non
648 959 850 1013 habere
883 959 1096 1012 initium
1144 960 1354 1013 dierum
1406 958 1709 1028 proprietas
1736 964 1819 1010 est
1869 955 2052 1019 Verbi,

483 1058 669 1104 natum
692 1066 812 1105 esse
836 1051 890 1104 in
915 1049 1106 1105 diebus
1145 1049 1395 1113 Herodis,
1426 1049 1733 1120 proprietas
1750 1057 1831 1102 est
1865 1047 2055 1117 primi—

485 1146 683 1196 tiarum
725 1161 737 1196 :
768 1142 896 1197 Sine
922 1144 1235 1213 genealogia
1280 1157 1423 1206 esse,
1454 1143 1662 1196 ratione
1693 1151 1907 1196 aeterna:
1934 1138 2054 1193 Filii

2155 498 2356 559 νέσεως
2381 496 2474 549 τοῦ
2506 496 2692 550 αὑτοῦ.
2726 495 2881 549 Οὖτω
2905 496 2999 548 καὶ
3027 496 3319 566 μονογενὴς
3339 496 3479 548 κατὰ
3511 497 3610 568 τὴν
3641 499 3735 550 τοῦ

2156 591 2333 657 Λόγου
2363 590 2572 654 οὐσίαν,
2591 591 2686 643 καὶ
2717 589 3058 661 πρωτότοκος
3084 588 3223 643 κατὰ
3244 588 3341 659 τὴν
3370 588 3636 659 ἐνσαρκον
3663 593 3741 643 οξ·-

2156 683 2432 753 κονομίαν.
2469 682 2625 735 Οὕτω
2652 683 2742 735 καὶ
2771 682 2832 734 τὸ
2874 682 3064 752 ἐχθρόν
3093 682 3126 751 ῆ
3152 681 3410 750 πείσομεν
3439 680 3473 751 ἢ
3513 683 3743 751 νικήσο-

2162 792 2281 845 μεν,
2328 775 2421 826 καὶ
2457 774 2556 844 τὴν
2600 775 2761 842 ἁγίαν
2796 773 3016 843 Γραφὴν
3051 773 3339 842 σύμφωνον
3376 771 3742 842 ἐπιδείξομεν,

2159 867 2254 918 καὶ
2277 865 2371 917 τοῦ
2427 865 2727 935 μυστηρίου
2760 864 2857 935 τὴν
2894 864 3052 929 δόξαν
3081 863 3356 931 ὲνθέσμως
3406 862 3744 933 κηρύξομεν,

2160 959 2254 1010 καὶ
2305 958 2403 1028 τὴν
2454 956 2802 1028 ἁρμόζουσαν
2853 954 3221 1027 πληροφορίαν
3279 955 3337 1007 ἐν
3377 957 3499 1017 ταῖς
3543 955 3747 1024 ψυχαῖς

2159 1046 2315 1118 ἡμῶν
2359 1047 2782 1117 θησαυρίσομεν,
2806 1048 2940 1118 μήτε
2971 1046 3139 1116 χωρὶς
3167 1045 3324 1112 λόγου
3366 1045 3744 1107 πιστεύοντες,

2164 1140 2298 1208 μήτε
2338 1139 2506 1209 χωρὶς
2539 1139 2776 1202 πίστεως
2803 1138 3072 1205 λέγοντες.

485 1256 550 1292 ex
575 1236 735 1293 Patre
767 1239 1098 1293 exsistentia:
1133 1256 1143 1289 :
1177 1254 1300 1292 nam
1329 1260 1346 1290 ι
1375 1239 1780 1310 generationem
1801 1239 1920 1308 ejus
1943 1237 2064 1306 quis
2097 1235 2444 1289 enarrabit'?
2477 1254 2496 1286 ι
2530 1235 2914 1306 Genealogiam
2971 1234 3190 1300 habere,
3227 1234 3440 1288 ratione
3501 1233 3747 1288 carnalis

487 1330 658 1396 ipsius
719 1329 1042 1384 nativitatis.
1109 1328 1199 1384 Sic
1241 1338 1294 1385 et
1360 1331 1667 1401 unigenitus
1695 1338 1777 1384 est
1819 1328 2117 1382 secundum
2165 1325 2321 1381 Verbi
2372 1326 2774 1382 substantiam:
2804 1335 2859 1382 et
2892 1326 3281 1397 primogenitus
3317 1325 3622 1382 secundum
3664 1327 3749 1379 in-

485 1425 815 1480 carnationis
871 1427 1249 1480 mconomiam.
1320 1425 1409 1480 Sic
1461 1426 1785 1479 adversariis
1821 1440 2056 1494 quoque,
2097 1431 2191 1478 aut
2224 1422 2291 1476 de
2319 1423 2543 1477 veritate
2577 1421 3049 1492 persuadebimus,
3084 1421 3243 1493 513
3301 1429 3395 1476 aut
3451 1419 3745 1474 victoriam

485 1517 884 1586 reportabimus
927 1533 938 1566 :

989 1518 1067 1572 sic
1121 1517 1417 1588 Scriptura:
1469 1525 1675 1572 sancta:
1718 1516 2064 1570 concordiam
2105 1512 2499 1569 ostendemus:
2555 1514 2635 1569 sic
2678 1514 2923 1584 mysterii
2961 1513 3192 1584 gloriam
3235 1513 3477 1584 legitime
3543 1510 3750 1596 pradi-

484 1610 772 1665 eabimus:
822 1611 902 1666 sic
945 1620 1337 1681 congruentem
1397 1612 1518 1666 ﬁdei
1567 1610 1948 1666 certitudinem
1995 1609 2045 1663 in
2085 1609 2370 1664 animabus
2437 1610 2644 1664 nostris
2696 1609 3086 1674 recondemus,
3114 1623 3216 1664 nec
3247 1610 3366 1664 sine
3391 1607 3560 1664 verbo
3625 1621 3748 1661 cre—

485 1705 701 1765 dentes,
735 1715 834 1755 nec
866 1702 983 1756 sine
1015 1702 1120 1757 ﬁde
1145 1704 1451 1774 loquentes.

1187 1819 1350 1875 XVII.

486 1911 746 1966 Adversus
774 1928 859 1965 eos
889 1913 977 1992 qui
1009 1911 1234 1992 duarum
1277 1922 1592 1992 naturarum
1624 1913 1911 1992 discrimen
1939 1921 2057 1982 post

761 1985 1057 2051 passionem
1094 1991 1143 2035 et
1173 1985 1525 2038 ascensionem
1560 1985 1771 2037 tollunt.

557 2093 674 2149 Etsi
706 2109 901 2165 magna
931 2103 984 2149 et
1010 2096 1335 2152 immortalis
1368 2097 1613 2152 veritatis
1644 2099 1726 2152 vis
1755 2114 1785 2151 a
1810 2098 2058 2168 complu-

488 2185 643 2241 ribus
681 2200 824 2255 saepe
855 2186 1197 2256 multumque
1249 2197 1562 2258 Oppugnata
1608 2197 1734 2243 est:
1800 2189 2058 2243 invictam

489 2285 670 2330 tamen
699 2291 819 2330 eam
851 2290 974 2330 esse
1003 2276 1123 2345 ipsa
1167 2277 1384 2331 tandem
1435 2292 1522 2331 res
1568 2288 1906 2347 eventusque
1956 2278 2056 2331 do-

487 2375 742 2422 cuerunt.
808 2366 946 2421 Ecce
993 2367 1090 2420 tibi
1117 2367 1263 2422 enim
1296 2368 1500 2423 multos
1527 2369 1787 2422 adversus
1814 2385 1932 2423 eam
1966 2383 2059 2421 ar-

486 2465 684 2524 matos,
709 2459 800 2528 qui
829 2474 953 2513 cum
1002 2474 1112 2514 non
1161 2474 1333 2530 pauca
1409 2475 1697 2529 pravorum
1747 2460 2058 2530 dogmatum

489 2551 596 2603 tela
621 2549 933 2605 emisissent
958 2591 972 2615 ,
1021 2565 1193 2619 eaque
1232 2550 1423 2605 solidis
1450 2551 1936 2607 demonstrationis
1971 2568 2060 2606 ar-

489 2644 596 2696 mis
627 2642 857 2706 resilire,
892 2650 948 2697 et
1000 2642 1182 2696 inania
1231 2643 1638 2714 inelﬁcaciaque
1679 2644 1747 2698 ad
1781 2661 1838 2699 se
1880 2643 2060 2700 redire

490 2731 770 2795 vidissent,
808 2741 1140 2800 postremum
1165 2733 1408 2786 omnium
1436 2734 1704 2802 ejusmodi
1744 2733 2052 2788 emiserunt

491 2821 680 2887 telum,
713 2823 857 2892 quod
880 2824 1346 2881 manifestioribus
1372 2825 1534 2880 etiam
1562 2826 1896 2895 argumentis
1926 2840 2058 2880 con-

490 2911 591 2965 teri
627 2921 805 2981 potest
825 2922 878 2967 et
901 2913 1188 2984 confringi.
1227 2913 1478 2980 Etiamsi,
1512 2916 1786 2986 inquiunt,
1817 2917 1941 2987 quis
1965 2916 2059 2970 deo

489 3005 649 3070 derit,
679 3005 911 3059 duarum
949 3005 1004 3059 in
1034 3006 1252 3062 Christo
1298 3016 1619 3062 naturarum
1658 3006 1856 3063 factam
1888 3007 2059 3064 fuisse

490 3096 931 3164 conjunctionem
963 3116 975 3150 :
1010 3112 1038 3149 a
1067 3098 1324 3168 passione
1364 3105 1547 3154 tamen
1593 3106 1647 3154 et
1685 3100 2059 3170 assumptione

489 3186 628 3254 ejus,
662 3201 762 3241 nec
787 3187 924 3243 duas
949 3188 1184 3258 amplius
1215 3203 1598 3259 agnoscemus,
1621 3205 1721 3245 nec
1755 3191 2057 3246 secundum

491 3284 744 3330 naturam
775 3276 1073 3331 discrimen
1123 3276 1344 3348 aliquod
1391 3279 1678 3334 credemus
1731 3280 1874 3334 inter
1927 3278 2060 3334 Ver-

488 3370 618 3420 bum
662 3375 715 3421 et
765 3382 1006 3422 carnem.
1062 3368 1203 3434 Quid
1267 3369 1486 3425 dicitis?
1554 3370 1686 3440 quid
1747 3370 2062 3426 aﬁirmalis?

490 3457 740 3528 nunquid
773 3459 1054 3514 evanescit
1079 3466 1402 3514 naturarum
1438 3460 1731 3516 discrimen
1753 3501 1767 3527 ,
1805 3477 1905 3517 nec
1933 3463 2062 3518 reli-

489 3565 658 3620 quum
690 3555 774 3606 est
799 3550 967 3604 ullum
1001 3551 1199 3605 horum
1241 3551 1548 3606 indicium?
1581 3551 1698 3618 Quo
1749 3553 1914 3623 igitur
1958 3569 2060 3609 no-

490 3640 638 3695 mine
668 3639 1063 3710 appellabimus
1094 3640 1147 3694 id
1181 3639 1328 3711 quod
1360 3641 1518 3696 nobis
1550 3651 1634 3697 est
1665 3643 2008 3713 propositum
2037 3646 2060 3700 Ἰ

489 3730 804 3786 Verbumne
829 3733 1004 3786 solum
1027 3733 1051 3786 ‘i
1074 3731 1280 3802 (Neque
1319 3733 1465 3788 enim
1495 3749 1716 3789 carnem
1767 3735 2016 3794 dixeritis
2041 3777 2056 3802 ,

489 3823 583 3894 qui
622 3823 831 3878 scilicet
865 3823 968 3878 hoc
1004 3824 1124 3894 ipso
1155 3824 1417 3878 honorem
1457 3824 1650 3882 atl'erre
1684 3827 2058 3898 existimatis.)

492 3914 559 3967 Et
591 3914 683 3985 qui
715 3929 822 3968 non
870 3914 1070 3985 injuria
1117 3916 1249 3970 illud
1284 3915 1528 3980 adicitis,
1562 3918 1690 3973 dum
1729 3921 2059 3976 existimatis

489 4003 755 4071 ejusmodi
789 4003 1151 4059 substantiam
1181 4019 1324 4070 esse,
1353 4013 1412 4059 ut
1453 4006 1557 4060 alia
1589 4007 1642 4060 in
1673 4008 1851 4078 ipsum
1884 4011 2059 4080 possit

492 4102 671 4149 creata
695 4096 999 4151 substantia
1021 4097 1217 4150 mutari
1233 4095 1257 4150 τ
1275 4094 1447 4167 Cujus
1475 4098 1618 4153 enim
1647 4099 1904 4154 inferiora
1931 4109 2059 4155 sunt

490 4187 732 4255 capacia,
766 4187 820 4240 id
867 4187 1054 4242 multis
1099 4203 1410 4253 commune,
1441 4204 1550 4244 non
1581 4191 1742 4246 unius
1769 4199 1852 4246 est
1893 4207 2058 4262 pecu-

489 4277 641 4329 liare.
682 4275 782 4329 Cui
807 4292 936 4331 vero
967 4277 1067 4332 soli
1096 4276 1149 4331 id
1191 4280 1468 4347 proprium
1503 4286 1608 4344 est,
1634 4279 1780 4348 quod
1805 4281 1876 4336 sit
1907 4283 2058 4337 inac-

488 4381 727 4431 cessum,
757 4367 885 4421 huic
916 4369 1190 4438 quomodo
1220 4370 1564 4424 inaccessum
1596 4371 1828 4426 alterum
1865 4374 2057 4444 adjici-

2870 1813 3032 1869 XVII.

2159 1909 2315 1978 Πρὸς
2338 1926 2477 1974 τους
2496 1910 2884 1978 ἀναιρουντας
2912 1908 3027 1978 τὴν
3042 1909 3159 1960 τῶν
3177 1909 3418 1976 φύσεων
3449 1909 3748 1978 διαφορὰν

2405 1979 2555 2048 μετὰ
2581 1980 2644 2032 τὸ
2680 1977 2869 2042 πάθος
2892 1977 2991 2031 καὶ
3017 1978 3131 2046 τὴν
3153 1978 3488 2047 ἀνάληψιν.

2232 2092 2406 2162 Πολλὴ
2446 2093 2539 2146 καὶ
2565 2092 2786 2162 ἀγήρως
2820 2091 2917 2162 τῆς
2942 2091 3198 2162 ἀληθείας
3226 2093 3259 2163 ἡ
3306 2092 3552 2162 δύναμις,
3594 2095 3747 2163 παρὰ

2162 2184 2372 2237 πολλῶν
2403 2185 2505 2253 μὲν
2552 2182 2811 2244 πολλάκις
2863 2181 3266 2252 πολεμουμένη,
3297 2183 3358 2235 τὸ
3389 2183 3443 2234 δὲ
3491 2186 3572 2246 εἰς
3592 2185 3748 2249 τέλος

2159 2278 2423 2347 ἀήττητον
2451 2275 2630 2345 ἔργοις
2653 2277 2834 2338 αὑτοῖς
2852 2276 3290 2346 ἐπιδεικνυμένη.
3336 2276 3466 2329 Ἰδοὺ
3495 2278 3605 2348 γὰρ
3618 2278 3748 2330 πολ-

2159 2369 2242 2420 λοὶ
2273 2368 2379 2420 τῶν
2401 2369 2518 2422 κατ’
2539 2367 2707 2438 αὐτῆς
2723 2367 3110 2432 ὀπλισΘέντων,
3151 2367 3320 2421 πολλὰ
3361 2367 3488 2438 βέλη
3518 2370 3748 2422 κακοδο-

2160 2460 2275 2526 ξίας
2309 2460 2708 2530 ἐκπέμψαντες,
2743 2462 2837 2514 καὶ
2869 2462 3070 2526 εἰδότες
3098 2462 3174 2532 τῷ
3209 2463 3420 2534 στερρῷ
3454 2465 3552 2534 τῆς
3606 2467 3746 2518 ἀπο-

2158 2552 2374 2616 δείξεως
2407 2553 2555 2622 ὅπλῳ
2580 2553 2752 2606 ταῦτα
2786 2553 2946 2606 πάλιν
2973 2554 3436 2625 ἀποκρουσθέντα,
3473 2557 3568 2608 καὶ
3609 2558 3748 2608 κενὰ

2158 2643 2214 2696 δὲ
2242 2643 2334 2696 καὶ
2359 2644 2695 2714 άνενέργητα
2717 2645 2851 2716 πρὸς
2881 2645 3074 2708 αὑτοὺς
3097 2645 3530 2717 ὑποστρέψαντα,
3551 2648 3748 2701 τελευ-

2159 2736 2310 2787 ταῖον
2327 2733 2433 2786 τῶν
2465 2733 2639 2788 ἄλλων
2672 2717 2924 2804 ἔπεμψαν
2945 2735 3098 2804 βέλος
3133 2737 3484 2806 σαφεστέροις
3502 2737 3748 2806 ἐλέγχοις

2161 2826 2506 2896 συντριϐῆναι
2538 2825 2854 2897 δυνάμενον.
2904 2827 2969 2878 Εἰ
3012 2826 3106 2880 καί
3139 2844 3222 2890 τις
3258 2827 3397 2897 δοίη,
3449 2829 3604 2898 φησὶ,
3649 2829 3747 2883 δύο

2161 2918 2374 2987 φύσεων
2405 2920 2462 2972 ἐν
2503 2918 2725 2991 Χριστῷ
2756 2919 3082 2990 γεγενῆσθαι
3131 2919 3368 2985 σύνσδον,
3412 2921 3524 2976 ἀλλ’
3552 2917 3644 2975 οὖν
3679 2940 3745 2990 γε

2162 3010 2301 3080 μετὰ
2333 3010 2391 3062 τὸ
2427 3009 2600 3072 πάθος
2629 3012 2723 3063 καὶ
2767 3009 2864 3080 τὴν
2901 3009 3164 3080 ἀνάληψιν
3186 3010 3284 3064 οὐκ
3316 3011 3397 3063 ἑτι
3423 3011 3516 3064 δύο
3551 3014 3748 3083 νοήσο-

2163 3118 2283 3171 μεν,
2310 3100 2431 3153 οὔτε
2463 3101 2585 3154 τινὰ
2611 3101 2871 3174 διαφορὰν
2900 3102 3042 3154 κατὰ
3062 3101 3223 3170 φύσιν
3240 3103 3442 3172 μεταξὺ
3456 3103 3549 3155 τοῦ
3570 3105 3746 3173 Λόγου

2160 3193 2254 3246 καὶ
2286 3193 2382 3262 τῆς
2416 3193 2616 3264 σαρκὸς
2645 3193 3008 3263 πιστεύσομεν
3042 3194 3330 3265 ὑπάρχειν.
3359 3195 3422 3247 Τί
3444 3196 3664 3264 λέγετε;
3697 3201 3750 3251 τί

2158 3283 2554 3352 άποφαίνεσοε;
2591 3283 2799 3355 οἴχεται
2849 3284 2956 3338 τῶν
2990 3286 3201 3355 φύσεων
3242 3286 3303 3339 τὸ
3329 3287 3606 3358 διάφορον,
3651 3292 3751 3342 καὶ

2157 3374 2308 3427 οὐδὲν
2341 3375 2564 3445 φέρεται
2590 3376 2792 3429 τούτων
2827 3376 3151 3448 γνώρισμα;
3191 3379 3257 3430 Τί
3285 3375 3378 3434 οὖν
3403 3381 3750 3452 ὀνομάσομεν

2158 3465 2218 3516 τὸ
2249 3466 2641 3536 προκείμενον;
2676 3467 2845 3535 Λόγον
2878 3468 3035 3536 μόνον
3067 3468 3149 3539 (οὑ
3175 3469 3284 3540 γὰρ
3321 3471 3511 3542 φαίητε
3543 3473 3746 3541 σάρκα,

2158 3557 2214 3608 ὲν
2246 3557 2419 3627 τούτῳ
2445 3559 2610 3628 τιμᾷν
2643 3558 2804 3628 δῆθεν
2836 3559 3096 3631 οἰόμενοι)
3122 3578 3136 3625 ;
3164 3562 3274 3614 Καὶ
3306 3561 3422 3624 πῶς
3455 3562 3554 3632 οὑχ
3588 3563 3746 3631 ὑδρί-

2157 3649 2276 3713 ζετε
2309 3650 2569 3722 τοιαύτην
2597 3651 2764 3706 αὑτοῦ
2789 3653 2886 3724 τὴν
2909 3655 3096 3708 οὑσίαν
3128 3655 3436 3726 νομίζοντες
3475 3651 3638 3722 εἶναι,
3666 3659 3748 3721 ὡς

2154 3743 2376 3797 δυνατὸν
2403 3745 2565 3816 ἑτέρᾳ
2578 3745 2737 3816 οὐσίᾳ
2749 3750 2940 3817 κτιστῇ
2960 3747 3093 3817 πρὸς
3110 3748 3270 3800 αὑτὸν
3285 3750 3616 3818 μεταστῆναι
3635 3767 3649 3812 ;
3669 3751 3746 3802 Th

2155 3836 2263 3906 γὰρ
2289 3839 2400 3901 τοῖς
2431 3837 2617 3906 ἥττοσι
2641 3839 2886 3910 χωρητὸν
2897 3841 3074 3894 κοινὸν
3098 3841 3207 3894 τῶν
3236 3841 3466 3905 πολλῶν,
3491 3843 3592 3912 οὑχ
3627 3845 3748 3904 evo;

2155 3925 2445 3998 ἐξαίρετον.
2478 3920 2553 3980 Οὑ
2579 3929 2636 3981 δὲ
2668 3929 2827 3999 μόνον
2841 3931 2901 3983 τὸ
2925 3933 3218 4002 ἀπρόσιτον
3243 3933 3390 3996 ῐδιον,
3416 3933 3597 4003 τούτῳ
3627 3934 3751 3996 πῶς

2156 4019 2510 4090 προστίθεται
2542 4021 2944 4092 ἀπρόσιτονοέτε
2953 4041 3046 4094 ρον
3063 4024 3199 4088 ;Καὶ
3213 4025 3272 4078 οὑ
3292 4024 3450 4095 μόνον
3465 4023 3558 4077 τὸν
3572 4026 3752 4094 Λόγον

2156 4112 2427 4184 ὑϐρίζετε,
2457 4116 2596 4169 ἀλλὰ
2613 4117 2706 4168 καὶ
2732 4117 2829 4187 τῆς
2861 4119 3057 4189 σαρκὸς
3107 4118 3399 4171 ὑπόστασιν
3429 4120 3749 4188 ἀφανίζετε.

2155 4195 2261 4266 Ἧς
2273 4203 2380 4277 γὰρ
2400 4205 2563 4276 μηδὲν
2580 4205 2658 4258 ἔτι
2672 4206 2914 4260 λείπεται
2929 4207 3234 4278 γνώρισμα,
3252 4209 3453 4280 ταύτης
3469 4211 3615 4281 ποίῳ
3629 4215 3752 4283 τρό-

2157 4309 2242 4362 πῳ
2257 4295 2355 4365 τὴν
2371 4295 2529 4359 δόξαν
2546 4299 2780 4368 κατανοή
2788 4314 2846 4350 σο
2853 4315 2951 4368 μεν
2968 4315 2982 4364 ;
3001 4300 3063 4351 Εί
3077 4301 3135 4352 ὲν
3151 4300 3226 4370 τῷ
3240 4295 3376 4354 εἶναι
3394 4303 3748 4372 γνωρίζεται,

2155 4383 2378 4448 εἰκότως
2392 4385 2688 4451 δοξάζεται·
2705 4389 2819 4441 εἰδὲ
2841 4391 2914 4462 μὴ
2929 4390 3041 4460 ἔχει
3053 4391 3114 4444 τὸ
3130 4388 3287 4456 εἶναι,
3307 4393 3424 4456 πῶς
3434 4394 3748 4464 καρποῦται

490 4455 614 4509 tur?
639 4454 748 4510 Nec
775 4455 1009 4510 Verbum
1033 4457 1300 4511 duntaxat
1329 4457 1540 4514 aliicitis
1571 4461 1924 4526 contumelia,
1957 4464 2051 4519 sed

2160 4477 2251 4548 τῆς
2265 4478 2420 4548 δόξης
2433 4478 2493 4545 τὸ
2512 4478 2738 4548 μέγεθος
2753 4496 2767 4545 ;
2785 4454 2914 4534 'E‘év'
3020 4481 3224 4552 δείξητε
3245 4454 3305 4535 τδ
3324 4454 3662 4554 τιμώμενον,
3689 4488 3749 4539 οὑ

487 4547 650 4601 etiam
680 4549 864 4602 carnis
888 4549 1207 4619 lIypostasin
1249 4548 1498 4604 aufertis.
1542 4549 1715 4622 Cujus
1757 4553 1900 4607 enim
1928 4557 2054 4610 nul-

2169 4547 2400 4638 μηνύετε
2412 4547 2675 4640 τῆςδόξης
2690 4571 2751 4623 τὸ
2774 4547 3093 4644 ὑπέρογδιον.
3113 4547 3345 4643 ’Ᾰνάγκη
3362 4547 3542 4627 τοίνυν
3558 4577 3751 4647 ὁμολο-

489 4639 600 4692 lum
638 4639 901 4693 indicium
934 4639 1204 4710 reliquum
1235 4649 1340 4706 est,
1363 4640 1527 4710 hujus
1556 4643 1783 4713 gloriam
1811 4661 1920 4715 quo
1943 4655 2056 4702 tan-

2164 4662 2278 4725 γεῖν
2310 4659 2611 4730 ἁσύγχυτον
2623 4661 2732 4713 τῶν
2744 4662 2835 4715 δύο
2845 4663 2940 4734 τὴν
2969 4665 3180 4729 ἕνωσιν,
3199 4664 3318 4717 οὑτε
3332 4668 3412 4728 εἰς
3427 4667 3639 4737 τροπὴν
3653 4668 3746 4720 τοῦ

488 4728 610 4781 dem
639 4728 797 4782 mOdo
829 4729 1268 4826 Ῥθτδρίοίξδξηυεῗ
1295 4729 1341 4785 εί
1366 4745 1437 4826 C°_
1464 4732 1609 4800 (ιυοά
1641 4734 1874 4798 θῐδίεῑίιι
1897 4751 2065 4808 ³3Πο“
2160 4749 2432 4814 λαϐόντος,
2449 4751 2970 4824 οὖτεεὶςὰφανισμδν
2986 4755 3078 4808 τοῦ
3095 4755 3404 4826 ληφθέντος,
3419 4756 3532 4809 ἀλλ’
3549 4760 3629 4820 εἰς
3643 4776 3751 4811 κοι-

486 4820 680 4883 scitur,
710 4820 902 4874 merito
956 4820 1337 4890 gloriﬁcatur:
1395 4821 1442 4876 si
1477 4837 1588 4876 non
1635 4825 1886 4891 exsistit,
1930 4843 2056 4896 quo-

2160 4856 2260 4890 νων
2270 4839 2352 4892 ίαν
2363 4839 2517 4910 δόξης
2534 4841 2616 4909 ἐφ’
2631 4820 2750 4903 ἑνὸς
2763 4820 3048 4914 προσώπου
3063 4820 3626 4916 κηρυσσομένης.Κᾶν
3639 4849 3711 4915 γὲ
3720 4868 3748 4918 ρ

486 4913 649 4968 modo
702 4913 1060 4984 amplitudine
1121 4915 1307 4985 gloriae
1357 4915 1616 4971 fruetur?
1656 4917 1775 4974 Non
1833 4924 2056 4990 potestis

2160 4929 2486 4998 ὑπομείνητε
2517 4929 2689 4998 Λόγον
2719 4913 2877 5000 μόνον
2905 4913 3191 5002 ὀνομάζειν
3220 4934 3282 4986 τὸ
3312 4913 3743 5007 συναμφότεροῇ

485 5003 669 5071 gloria:
700 5003 942 5057 indicare
983 5005 1380 5068 excellentiam,
1417 5007 1524 5062 nisi
1553 5008 1706 5077 prius
1752 5010 2056 5066 ostenderi-

2160 5019 2330 5073 καίτοι
2352 5023 2450 5092 τῆς
2485 5021 2700 5089 φύσεως
2724 5023 3146 5094 ἀνθισταμένης,
3186 5025 3294 5078 οὐδ’
3315 5024 3487 5088 οὑτως
3503 5027 3747 5096 κρύψετε

487 5095 555 5149 tis
587 5095 636 5148 id
666 5096 808 5163 quod
840 5095 1163 5150 honoratur.
1213 5095 1584 5188 Conﬁteamur
1625 5101 1792 5171 igitur
1838 5118 2056 5160 necesse

2160 5111 2213 5163 τὸ
2233 5111 2505 5184 διάφορον·
2532 5114 2694 5167 ὁπότε
2734 5115 2793 5168 τὸ
2826 5115 2926 5185 μὲν
2955 5112 3022 5186 ἦν
3055 5116 3151 5168 ἀπ’
3178 5115 3374 5188 ἀρχῆς,
3406 5117 3468 5169 τὸ
3487 5095 3560 5177 ,δέ
3593 5095 3746 5180 αὖθις

485 5195 566 5241 est
602 5186 941 5243 inconfusam
960 5189 1191 5242 duarum
1219 5175 1538 5244 naturardm
1573 5194 1850 5258 unionem,
1873 5205 1932 5250 ut
1960 5211 2056 5252 nec

2160 5175 2404 5270 havere"
2450 5205 2544 5258 καὶ
2593 5205 2652 5258 τὸ
2687 5206 2787 5276 μὲν
2826 5175 3063 5277 ’ἀόρατον
3120 5175 3229 5260 καὶ.
3252 5175 3623 5277 ’άιγὺῆλάφητον
3672 5175 3746 5287 εἰς

487 5284 725 5333 mutetur
753 5293 1060 5343 assumens,
1096 5295 1196 5334 nec
1249 5292 1592 5352 assumptum
1647 5285 1908 5350 tollatur,
1966 5288 2056 5342 sed

2160 5293 2382 5362 ἄπειρον
2413 5295 2474 5358 ἐξ
2496 5297 2746 5365 ἀπείρου,
2779 5297 2841 5350 τὺ
2881 5297 2939 5350 δὲ
2970 5297 3029 5364 ἐξ
3069 5293 3262 5368 όρατοῦ
3294 5299 3386 5351 καὶ
3416 5284 3746 5371 ψηλαπτοῦ

484 5369 688 5437 glorire,
721 5369 787 5425 de
817 5386 924 5426 una
969 5385 1201 5440 persona
1229 5372 1555 5441 praedicata.
1592 5378 1906 5432 communio
1937 5393 2057 5434 ser-

486 5467 659 5513 vetur.
701 5461 856 5528 Quod
886 5463 932 5516 si
959 5470 1252 5534 utrumque
1279 5466 1482 5528 simul,
1533 5468 1935 5536 quantumlibet
1970 5484 2056 5524 re-

486 5548 727 5603 luctante
757 5557 948 5605 natura
972 5593 986 5618 ,
1038 5551 1278 5610 Verbum
1314 5557 1490 5611 solum
1520 5557 1766 5615 dixeritis
1792 5599 1808 5623 ,
1866 5575 1933 5615 ne
1977 5561 2056 5615 sic

555 5704 576 5734 '
611 5704 720 5759 lsa.
756 5720 852 5758 LIII
876 5745 890 5769 ,
925 5706 976 5759 8.

2165 5386 2302 5457 πρὸς
2325 5387 2384 5440 τὸ
2411 5387 2638 5459 ἀόρατον
2671 5388 2766 5442 καὶ
2795 5391 2997 5458 ἀναφὲς
3033 5389 3394 5460 μεταϐέϐηκε·
3422 5391 3520 5444 καὶ
3549 5391 3617 5446 τὸ
3652 5393 3746 5464 μὲν

2163 5476 2514 5531 ἀναλλοίωτον
2560 5478 2726 5546 ἅπαξ,
2769 5481 2830 5533 τὸ
2881 5481 2939 5534 δὲ
2993 5480 3060 5534 δι’
3114 5480 3450 5556 ἀλλοιώσεως
3499 5484 3603 5538 ἐπὶ
3653 5487 3745 5554 τὴν

2164 5562 2442 5634 κρείττονα
2464 5565 2617 5635 λῆξιν
2636 5567 2904 5638 ἐλήλυθεν.
2933 5565 3085 5635 Εἶτα,
3103 5571 3148 5622 εξ
3180 5571 3338 5641 μόνον
3356 5571 3533 5642 Λόγος
3554 5573 3629 5631 ,τδ
3659 5575 3748 5648 μέο
