3842 6186
195 230 334 287 1595

967 228 1547 285 (ΣΟΝΕΗΤᾹἸῚΟΝΕΞ
1587 230 2036 296 QUARUMDAM
2077 230 2660 288 PROPOSITIONUM.

3304 234 3440 288 tam

191 366 326 412 νον,-
349 348 466 412 πῶς
495 349 596 402 οὐκ
626 347 846 420 ἐρρέθη,
877 349 958 401 ὅτι
1023 350 1085 402 Ἦ
1140 349 1275 422 σὰρξ
1311 350 1480 418 Λόγος
1530 350 1758 419 ἐγένετο,

1865 351 2084 420 quidem
2116 351 2414 407 discrimen
2459 349 2804 405 occultabitis
2833 369 2845 404 :
2873 351 3090 420 quando
3142 351 3276 406 illud
3316 370 3432 422 qut-

193 441 313 496 ἀλλ’
352 458 371 492 ι
420 440 478 494 '0
516 439 688 507 Λόγος
721 439 884 510 σάρξς
927 457 945 490 ι
976 439 1070 503 Τίς
1104 440 1160 492 δέ
1186 441 1326 494 οὕτω
1362 438 1618 512 μεμηνὼς
1671 441 1765 493 καί

192 531 520 606 φρενοπλὴξ,
573 532 649 596 ὡς
692 532 959 604 τολμῆσαι
1009 535 1180 587 εἰπεῖν
1229 533 1326 603 τὴν
1375 533 1523 588 Θείαν
1579 533 1764 587 ούσίαν

191 625 516 698 προσλαϐεῖν
549 624 715 696 ἄλλης
749 624 1000 696 θεότητος
1021 626 1225 690 οὐσίαν,
1258 626 1316 692 ἐξ
1337 626 1528 698 ἐτέρας
1554 624 1766 696 φύσεως

189 718 602 788 ἐπιγενομένην·
643 718 709 771 ἵν’
742 716 971 788 αὖξησιν
997 720 1385 790 παρασκευάσῃ
1419 719 1650 773 νοεῖσθαι
1679 717 1766 772 διὰ

189 809 291 879 τῆς
340 807 598 878 τοιαύτης
645 809 964 880 προσθήκης
998 810 1093 863 τοῦ
1136 810 1276 864 κατὰ
1307 811 1467 880 φύσιν
1488 810 1766 874 ἀνενδεοῦς

188 900 288 953 καὶ
302 899 508 953 τελείου
525 899 683 966 ;’Πῶς
713 899 770 953 δέ
800 902 849 954 οἱ
879 899 1010 953 θεῖοι
1037 901 1186 970 λόγοι
1214 905 1306 956 καὶ
1333 902 1470 974 μετὰ
1497 903 1594 974 τὴν
1611 901 1766 973 ξένην

189 991 376 1046 ἄνοδον
408 991 490 1045 ἔτι
513 991 846 1063 κηρύσσουσι
883 992 953 1046 τὰ
978 993 1078 1063 τῆς
1113 996 1312 1068 σαρκὸς
1335 995 1675 1067 διαφέροντα,
1706 996 1767 1049 τὸ

190 1082 358 1138 πάλιν
393 1083 586 1147 ἐλθεῖν,
619 1084 677 1136 τὸ
700 1084 840 1138 κατά
866 1084 957 1138 τὸν
990 1085 1149 1139 αὑτὸν
1177 1087 1504 1158 ὀφθήσεσθαι
1531 1091 1764 1160 τρόπον;

193 1174 268 1226 Ἢ
293 1175 388 1228 καὶ
409 1177 522 1237 τοῖς
570 1175 820 1243 ἀγγέλοις
852 1176 1069 1232 ἐναντία
1116 1178 1523 1249 νομοθετήσετε,
1551 1182 1662 1242 τοῖς
1691 1181 1767 1233 εἰ-

190 1265 388 1336 ρηκόσι
424 1267 626 1336 σαφῶς·
667 1287 686 1319 ‹
721 1260 888 1332 Οὗτος
929 1269 957 1321 6
1009 1267 1213 1340 Ἰησοῦς
1239 1271 1266 1322 6
1303 1271 1628 1341 ἀναληφθεὶς
1670 1273 1763 1341 ἀφ’

187 1356 347 1427 ὑμῶν
391 1357 564 1421 οὕτως
603 1358 901 1424 ἐλεύσεται,
944 1359 1002 1414 ὃν
1033 1361 1232 1431 τρόπον
1262 1361 1556 1416 ἐθεάσασθε
1605 1365 1764 1417 αὐτὸν

187 1449 558 1520 πορευόμενον
590 1451 669 1514 εἰς
694 1451 784 1504 τὸν
807 1452 1066 1523 οὐρανόν;
1097 1469 1116 1503 ι
1153 1453 1335 1506 Πάντα
1368 1455 1501 1522 πρὸς
1529 1453 1764 1524 ἔμφασιν

190 1541 418 1612 σαρκὸς,
445 1541 540 1595 νῦν
563 1541 662 1613 μὲν
683 1535 804 1609 ὧδε,
835 1543 930 1596 νῦν
950 1544 1007 1598 δὲ
1033 1538 1135 1597 ὦδε
1157 1544 1531 1616 θεωρουμένην
1555 1545 1612 1599 ὃν
1634 1545 1763 1616 πρό-

184 1647 349 1702 τερον
375 1631 691 1696 ἐθεάσασθε,
738 1631 886 1686 τοῦτ’
921 1633 1034 1686 ἐστι
1057 1636 1166 1697 τοῖς
1195 1634 1296 1705 τῆς
1327 1636 1524 1706 σαρκὸς
1559 1637 1760 1706 ὀφθαλ-

1866 443 1996 498 dem-
2019 451 2136 498 erat
2159 443 2226 497 ab
2255 441 2431 508 initio,
2463 441 2568 496 hoc
2596 441 2792 497 deinde
2827 441 3028 498 factum
3058 452 3174 499 est:
3209 453 3262 498 et
3304 445 3436 499 illud

1864 534 2082 605 quidem
2107 534 2380 590 invisibile
2407 542 2463 590 et
2503 535 2790 600 intactum,
2821 534 2876 588 in
2914 535 3186 590 inﬁnitum
3215 537 3437 592 exind-

1865 627 2002 692 nito,
2035 626 2138 680 hoc
2166 641 2295 682 vero
2325 641 2392 681 ex
2423 626 2626 682 visibili
2656 636 2708 681 et
2736 627 3110 682 contrectabili
3133 667 3149 693 ,
3194 627 3251 681 in
3291 628 3435 682 invi-

1866 719 2026 775 sibile
2052 725 2107 773 et
2135 718 2380 774 intactile
2405 719 2642 774 transiit.
2669 718 2912 788 Denique
2933 719 3066 774 illud
3099 734 3330 790 prorsus
3352 727 3437 775 est

1865 810 2221 875 immutabile,
2257 809 2362 863 hoc
2390 825 2486 879 per
2525 810 2882 864 mutationem
2918 810 2985 864 ad
3013 811 3294 866 meliorem
3329 821 3437 867 sta—

1865 910 1980 956 tum
2006 903 2172 956 venit.
2203 899 2407 956 Deinde
2445 901 2492 956 si
2531 901 2707 956 solum
2734 899 2971 957 Verbum
3019 911 3302 967 remanet,
3339 919 3440 958 cur

1865 1010 1974 1049 non
2004 994 2204 1049 dicitur
2236 1011 2250 1048 :
2279 992 2418 1047 Caro
2447 991 2686 1047 Verbum
2727 992 2871 1046 facta
2924 1003 3046 1057 est,
3097 994 3190 1049 sed
3229 1011 3247 1044 ι
3309 993 3441 1049 Ver-

1865 1087 1993 1142 bum
2017 1100 2146 1140 caro
2171 1083 2372 1139 factum
2404 1092 2488 1139 est
2515 1084 2576 1136 °?
2617 1102 2634 1134 ι
2681 1083 2815 1149 Quis
2841 1083 2985 1137 enim
3019 1093 3130 1138 tam
3171 1085 3436 1142 insanus.

1864 1185 1976 1232 tam
2000 1192 2186 1233 amens
2224 1184 2327 1240 est,
2355 1177 2449 1245 qui
2502 1189 2748 1230 asserere
2796 1173 3030 1238 audeat,
3067 1175 3437 1230 substantiam

1865 1271 2125 1336 divinam,
2149 1270 2289 1324 alius
2313 1268 2528 1323 deitatis
2559 1267 2923 1322 substantiam
2949 1309 2964 1334 ,
3018 1283 3085 1322 ex
3137 1267 3306 1322 altera
3341 1281 3437 1318 na-

1865 1371 1987 1418 tura
2018 1369 2340 1432 prognatam
2371 1398 2387 1424 ,
2438 1359 2840 1430 assumpsisse;
2873 1367 2932 1412 ut
2973 1374 3071 1428 per
3121 1357 3436 1427 liujusmodi

1865 1455 2296 1509 additamentum
2348 1452 2612 1509 indicaret
2659 1451 2960 1507 accessisse
3008 1450 3211 1520 aliquid
3258 1451 3307 1504 ei
3339 1451 3432 1520 qui

1863 1552 2059 1600 natura
2095 1558 2193 1598 sua
2221 1542 2426 1598 nullius
2467 1543 2718 1613 indigens
2746 1548 2853 1606 est,
2884 1548 2938 1595 et
2966 1537 3275 1610 perfectus?
3320 1536 3434 1592 Cur

1862 1651 1996 1694 vero
2036 1637 2231 1692 littera:
2275 1649 2446 1690 sacrae
2493 1635 2655 1690 etiam
2702 1640 2827 1704 post
2867 1631 3191 1702 stupendam
3240 1644 3432 1685 ascen-

191 1725 339 1792 μοῖς·
360 1722 504 1794 ἆπερ
537 1723 565 1774 6
587 1723 660 1794 μὴ
684 1723 968 1795 δεχόμενος
990 1723 1162 1789 οὕτως
1181 1726 1242 1778 οὐ
1273 1726 1430 1796 μόνον
1457 1729 1568 1792 τοῖς
1598 1729 1758 1796 ἀγγέ-

1865 1731 2072 1786 sionem
2094 1767 2110 1793 ,
2161 1726 2342 1782 carnis
2381 1741 2412 1779 a
2444 1725 2624 1781 Verbo
2655 1725 3062 1780 distinctionem
3094 1720 3426 1792 praedicant;

185 1813 305 1876 λοις
331 1812 576 1884 μάχεται,
608 1815 743 1868 ἀλλά
776 1815 1008 1880 καὶτοῖς
1034 1815 1128 1869 τοῦ
1163 1817 1317 1886 ἁγίου
1351 1818 1661 1889 Πνεύματος
1684 1821 1762 1872 ἰε·

190 1907 309 1976 ροῖς
364 1905 542 1974 λόγοις
595 1907 1058 1963 ἀντικαθίσταται.
1096 1908 1221 1972 Πῶς
1263 1910 1571 1980 ἐντυγχάνει
1624 1911 1762 1982 ὑπὲρ

184 1996 222 2065 ἡ
232 1994 348 2066 μῶν
366 1997 394 2048 6
412 1999 686 2066 Δεσπότης
715 1999 978 2070 Χριστός;
1006 1999 1082 2063 ὡς
1107 2000 1278 2069 Λόγος
1303 2001 1490 2071 μόνον;
1519 2001 1629 2054 Καὶ
1659 2000 1761 2054 ποῦ

181 2085 261 2139 τὰ
289 2086 386 2157 τῆς
415 2087 703 2158 ὁμοτιμίας
750 2089 842 2142 καὶ
876 2090 1033 2156 ἀξίας
1072 2089 1173 2160 τῆς
1203 2091 1340 2162 πρὸς
1382 2092 1472 2144 τὸν
1523 2093 1759 2162 Πατέρα,

184 2178 346 2250 εἴπερ
364 2180 704 2250 ἐντυγχάνων
733 2180 981 2252 καθάπερ
993 2183 1393 2254 ὑποδεέστερος,
1412 2186 1505 2239 καὶ
1529 2187 1588 2238 ού
1627 2185 1762 2254 μετά

184 2270 475 2335 αὐθεντίας
516 2274 747 2343 ἐνεργεῖ,
787 2273 900 2326 ἴσον
935 2271 1074 2343 έχων
1100 2273 1162 2326 τὸ
1204 2275 1646 2345 παντοδύναμονς
1690 2276 1761 2328 Ἢ

181 2363 428 2436 δηλονότι
443 2363 542 2432 τῆς
558 2364 808 2434 ἁπαρχῆς
835 2365 894 2418 τὸ
919 2365 1262 2435 ἐντυγχάνειν
1292 2367 1429 2438 ὑπὲρ
1451 2367 1542 2420 τοῦ
1563 2367 1758 2421 οἰκείου

182 2455 525 2527 φυράματος,
554 2457 640 2510 ἴνα
669 2455 838 2530 δείξῃ,
856 2458 994 2529 πόση
1017 2459 1144 2530 περὶ
1175 2459 1272 2529 τὴν
1300 2459 1400 2528 τῆς
1427 2460 1623 2530 σαρκὸς
1659 2462 1760 2529 φύ-

183 2546 338 2615 σινή
394 2545 596 2615 σχέσις.
627 2544 758 2599 Τίνα
817 2547 873 2600 δὲ
901 2547 1001 2601 οὐκ
1040 2548 1288 2628 ἐντρέπει
1342 2548 1434 2601 τοῦ
1487 2549 1759 2619 πανσόφου

182 2638 399 2692 Παύλου
432 2639 492 2691 τὸ
523 2639 852 2710 τρανότατον
883 2642 1163 2712 κήρυγμα,
1187 2642 1268 2694 ὅτι
1302 2661 1320 2694 ι
1360 2643 1498 2706 Τοὺς
1541 2644 1760 2713 χρόνους

180 2727 286 2797 τῆς
306 2729 526 2796 ἀγνοίας
552 2730 818 2802 ὑπεριδὼν
843 2733 875 2785 6
903 2732 1052 2796 Θεὸς,
1084 2734 1450 2804 παραγγέλλει
1483 2737 1614 2788 πᾶσι
1637 2752 1761 2788 παν-

177 2819 351 2890 ταχοῦ
371 2827 667 2891 μετανοεῖν,
702 2822 888 2877 καθότι
915 2822 1139 2894 ἔστησεν
1166 2827 1400 2898 ἡμέραν,
1433 2829 1489 2880 ἐν
1579 2826 1758 2896 μέλλει

178 2913 389 2982 κρίνειν
418 2913 518 2985 τὴν
573 2914 911 2986 οἰκουμένην,
955 2915 1013 2968 ἐν
1043 2915 1374 2988 δικαιοσύνῃ,
1419 2919 1476 2970 ἐν
1510 2919 1682 2989 ἀνδρὶ,

179 3001 372 3072 ὥρισε,
403 3004 585 3058 πίστιν
615 3004 912 3077 παρασχὼν
951 3008 1136 3072 πᾶσιν,
1166 3009 1475 3078 ἀναστήσας
1503 3009 1663 3062 αὐτὸν
1693 3011 1756 3061 ἐκ

178 3093 423 3166 νεκρῶν;
447 3114 465 3147 ι
503 3095 587 3167 Μὴ
610 3096 874 3168 ἀνῄρηται
900 3100 933 3169 ἡ
965 3098 1224 3169 διαφορά;
1247 3100 1337 3169 Μὴ
1371 3101 1467 3152 ούκ
1487 3096 1609 3152 εἷπε
1626 3101 1756 3154 Θεὸν

177 3185 243 3236 ἐν
273 3184 454 3256 άνδρί;
485 3186 557 3255 μὴ
587 3186 685 3239 οὐκ
733 3186 899 3253 ἔδειξε
924 3187 1016 3240 τὸν
1040 3187 1334 3257 ’ἐγείροντα
1365 3187 1496 3241 Θεὸν
1523 3189 1616 3242 καὶ
1667 3191 1756 3243 τὸν

175 3275 486 3328 ἀναστάντα
513 3275 714 3348 ἄνδρα;
762 3278 898 3330 Ἀλλ’
931 3279 1090 3332 εἶκαὶ
1113 3279 1172 3332 τὸ
1193 3278 1447 3350 διάφορον
1477 3277 1665 3344 ἔδειξε,
1697 3281 1757 3333 τὸ

174 3366 482 3439 ἀχώριστον
505 3370 565 3423 οὐ
593 3371 906 3443 παρέλιπεν.
940 3373 1013 3426 Οὐ
1038 3372 1146 3444 γὰρ
1178 3368 1298 3425 εἷπε
1327 3372 1458 3424 Θεὸν
1494 3372 1630 3442 μετά
1659 3374 1753 3428 ἀνι

173 3458 325 3529 δρὸς,
359 3460 493 3515 ἀλλά
529 3462 660 3516 Θεὸν
692 3465 749 3516 ἐν
781 3464 952 3534 ἀνδρί.
998 3445 1122 3528 Πῶς
1157 3464 1213 3518 δέ
1235 3465 1500 3535 νοήσομεν
1533 3465 1628 3519 καὶ
1670 3466 1752 3530 τδ,

179 3566 202 3600 σ
238 3548 495 3618 Ὄψονται
520 3553 598 3615 εἰς
627 3551 686 3604 ὃν
714 3553 1091 3622 ἐξεκέντησαν,
1133 3572 1153 3606 ι
1186 3554 1235 3607 εί
1271 3554 1346 3625 μὴ
1371 3553 1472 3624 τῆς
1500 3555 1699 3626 σαρκὸς
1717 3558 1751 3627 ἡ

174 3637 362 3708 φύσις,
391 3641 424 3711 ἡ
453 3640 717 3715 δεξαμένη
741 3645 866 3708 τοὺς
905 3645 1087 3714 ἥλους,
1121 3645 1258 3717 αὑτὴ
1290 3645 1474 3715 σαφῶς
1499 3646 1751 3720 ἀποδείξῃ

172 3734 306 3797 τοὺς
343 3733 571 3800 τύπους;
604 3736 678 3790 Ού
707 3735 815 3806 γὰρ
851 3736 1100 3815 θεότητος
1129 3738 1342 3810 οὐσίαὴ
1377 3739 1606 3810 ἀόρατος
1659 3742 1754 3794 καὶ

170 3825 460 3896 ἀνεπαφὴς
485 3828 604 3898 ἴχνη
629 3828 836 3884 πολλῶν
865 3830 944 3893 εἰς
959 3828 1178 3901 ἔλεγχον
1201 3831 1552 3902 ἐπιφέρεσθαι
1582 3833 1751 3904 ἦμελ-

171 3918 289 3971 λεν⁸
308 3918 423 3971 ἀλλ’
448 3921 480 3988 ἠ
502 3922 568 3974 ἐκ
597 3921 692 3974 τοῦ
721 3921 966 3995 παθητοῦ
989 3923 1178 3991 γένους
1203 3923 1468 3996 ληφθεῖσα
1504 3925 1604 3996 τὴν
1643 3926 1750 3980 τῶν

168 4011 522 4081 ἠσεϐηκότων
550 4013 1134 4087 ἐλέγξειπαρανομίαν,
1164 4016 1449 4089 γνωρίζειν
1482 4018 1748 4072 συνωθου-

175 4103 356 4174 μένων
387 4107 443 4158 ἐν
470 4109 535 4178 τῇ
566 4109 833 4181 τρωθείσῃ
881 4112 1044 4183 σαρκὶ
1088 4109 1158 4164 τά
1185 4112 1361 4165 οἰκεῖα
1403 4111 1746 4182 τολμήματα.

170 4193 332 4249 Οὕτω
358 4197 620 4253 δέδεικται
648 4201 740 4253 καὶ
779 4202 846 4254 τά
883 4200 1146 4272 ἰδιώματα
1180 4201 1286 4256 τῶν
1320 4201 1533 4272 φύσεων
1563 4203 1749 4272 διαφέ-

175 4305 361 4358 ροντα,
389 4290 563 4344 καὶτὸ
581 4292 770 4364 κέρδος
795 4293 898 4364 τῆς
929 4294 1393 4365 ἐνανθρωπήσεως
1425 4295 1749 4368 ἀναντίρρη-

1860 1822 2043 1892 qualia
2077 1827 2226 1884 sunt,
2259 1833 2480 1874 rursum
2507 1815 2832 1879 rediturum,
2863 1817 2991 1870 item
3035 1814 3210 1869 visum
3238 1813 3303 1868 iri
3333 1828 3427 1868 eo-

1861 1913 1982 1968 dem
2010 1926 2118 1982 quo
2151 1920 2310 1966 antea
2342 1910 2522 1964 modo.
2548 1909 2632 1962 An
2661 1924 2758 1964 vos
2787 1906 3066 1962 contraria
3110 1905 3428 1976 angelorum

1861 2003 2025 2060 dictis
2059 2002 2357 2059 sancietis?
2407 2001 2501 2072 qui
2535 2009 2720 2070 aperte
2773 2000 3005 2054 dixere:
3045 2015 3063 2048 ι
3123 1995 3224 2050 Hic
3269 1994 3428 2051 Jesus

1861 2096 1954 2168 qui
1989 2102 2302 2164 assumptus
2330 2101 2412 2147 est
2437 2107 2467 2146 a
2496 2093 2654 2148 vobis
2703 2091 2758 2145 in
2791 2091 2990 2144 ccelum
3017 2128 3032 2153 ,
3093 2087 3172 2142 sic
3205 2086 3381 2142 veniet
3410 2127 3424 2150 ,

1861 2185 2317 2256 quemadmodum
2346 2181 2566 2238 vidistis
2594 2198 2718 2238 eum
2765 2187 2984 2236 euntem
3019 2180 3073 2234 in
3101 2179 3297 2234 ccelum
3321 2179 3364 2231 ".
3403 2197 3424 2229 ι

1861 2276 2054 2332 Omnia
2114 2274 2182 2329 ad
2237 2272 2648 2346 signiﬁcandam
2708 2286 2927 2326 carnem
2978 2269 3098 2339 ejus
3144 2269 3237 2339 qui
3280 2284 3427 2323 nunc

1860 2370 2078 2440 quidem
2109 2368 2222 2432 hic,
2265 2382 2414 2422 nunc
2443 2379 2574 2420 vero
2601 2364 2693 2418 hic
2721 2363 2872 2419 visus
2913 2368 2998 2417 est
3027 2381 3040 2415 :
3076 2375 3235 2431 quem
3276 2361 3426 2429 prius

1860 2462 2093 2525 vidistis,
2126 2460 2309 2516 carnis
2347 2459 2598 2515 videlicet
2625 2457 2819 2512 oculis.
2866 2454 2996 2521 Quae
3025 2456 3116 2524 qui
3147 2453 3252 2509 hoc
3300 2469 3426 2508 sen-

1862 2568 1923 2606 su
1962 2566 2070 2605 non
2110 2549 2330 2619 accipit,
2363 2549 2410 2604 is
2439 2563 2551 2602 non
2587 2547 2794 2616 angelis
2841 2545 3015 2600 solum
3063 2543 3424 2603 adversatur,

1861 2643 1956 2699 sed
2004 2644 2178 2698 sacris
2207 2642 2369 2697 etiam
2413 2638 2655 2711 Spiritus
2685 2637 2861 2694 sancti
2902 2637 3086 2691 verbis
3137 2642 3422 2706 repugnat.

1860 2731 2144 2798 Quomodo
2171 2731 2440 2801 supplicat
2477 2730 2639 2802 514.
2667 2745 2766 2800 pro
2796 2729 2957 2784 nobis
2982 2728 3244 2784 Dominus
3269 2727 3427 2782 Chri-

1860 2826 2016 2882 stus?
2043 2826 2288 2895 nunquid
2321 2833 2382 2880 ut
2413 2823 2645 2880 Verbum
2689 2824 2942 2878 tantum?
2972 2821 3074 2878 Ubi
3110 2823 3276 2893 igitur
3328 2836 3426 2891 par

1858 2918 1977 2988 ejus
2003 2931 2125 2971 cum
2179 2915 2342 2970 Patre
2390 2915 2564 2970 honor
2615 2922 2668 2970 et
2717 2915 3013 2985 maiestas;
3071 2912 3338 2983 siquidem
3378 2914 3425 2967 is

1861 3010 2129 3080 supplicat
2174 3018 2232 3064 ut
2274 3007 2602 3079 indigentior
2630 3051 2644 3072 ,
2695 3022 2804 3062 non
2837 3014 2896 3061 ut
2926 3006 3189 3077 arqualem
3218 3005 3424 3060 habens

1857 3101 2331 3172 omnipotentiam,
2357 3115 2482 3155 cum
2527 3098 2852 3156 auctoritate
2877 3097 3197 3169 foperatur?
3247 3095 3422 3150 Nimi-

1857 3210 1977 3250 rum
2007 3195 2089 3250 sic
2123 3194 2226 3249 hoc
2257 3192 2630 3264 accipiendum
2663 3198 2766 3255 est,
2798 3191 3068 3262 primitias
3086 3187 3423 3244 intercedere

1853 3301 1953 3356 pro
1995 3299 2180 3340 massa
2205 3282 2448 3354 propria,
2479 3289 2545 3336 ut-
2583 3281 2872 3337 ostendant
2923 3287 3129 3351 quanta
3167 3286 3420 3334 naturam

1854 3379 2038 3435 carnis
2071 3376 2472 3433 necessitudine
2493 3373 2784 3443 attingant.
2815 3374 2986 3440 Quem
3013 3386 3147 3428 vero
3174 3387 3286 3426 non
3316 3385 3421 3439 pu-

1853 3472 1986 3527 dore
2047 3469 2324 3526 suﬂundat
2381 3467 2474 3522 illa
2533 3465 2926 3536 sapientissimi
2979 3464 3132 3520 Pauli
3187 3463 3422 3517 maxime

1854 3561 2141 3632 perspicua
2164 3558 2519 3631 praedicatio?
2545 3557 2691 3628 quod
2720 3575 2738 3608 ι
2789 3564 3033 3625 tempora
3079 3555 3242 3623 hujus
3270 3553 3422 3622 igno-

1852 3657 2046 3712 rantiae
2076 3653 2387 3723 despiciens
2413 3650 2580 3716 Deus,
2604 3664 2753 3705 nunc
2788 3647 3077 3703 annuntiat
3103 3646 3419 3702 hominibus

1853 3756 1912 3803 ut
1935 3761 2124 3802 omnes
2154 3745 2354 3814 ubique
2385 3741 2759 3813 paenitentiam
2806 3748 2986 3810 agant,
3013 3753 3080 3793 eo
3124 3735 3271 3805 quod
3307 3744 3421 3789 sta-

1853 3839 1957 3893 tuit
1975 3838 2142 3900 diem,
2166 3836 2221 3890 in
2238 3850 2347 3906 quo
2373 3834 2720 3905 iudicaturus
2749 3840 2833 3890 est
2855 3831 3042 3886 orbem
3067 3829 3122 3884 in
3141 3827 3414 3897 aequitate,

1852 3933 1908 3988 in
1941 3932 2059 3986 viro
2089 3929 2144 3985 in
2177 3943 2287 3999 quo
2333 3926 2555 3988 statuit,
2617 3925 2776 3980 [idem
2826 3921 3073 3992 praebens
3127 3917 3416 3980 omnibus,

1851 4022 2128 4080 suscitans
2153 4033 2277 4075 eum
2319 4031 2349 4071 a
2385 4015 2621 4072 mortuis
2653 4016 2695 4069 °.
2734 4034 2752 4067 ι
2790 4011 3046 4082 Nunquid
3081 4009 3296 4065 sublata
3333 4015 3421 4064 est

1850 4112 2194 4171 dillerentia?
2225 4109 2422 4165 Annon
2473 4108 2648 4172 dixit,
2693 4105 2865 4162 Deum
2920 4104 2976 4158 in
3019 4102 3177 4157 viro?
3223 4101 3419 4155 Annon

1849 4206 2089 4266 ostendit
2124 4204 2477 4261 suscitantem
2509 4201 2676 4257 Deum
2710 4206 2766 4255 et
2794 4202 3168 4266 resurgentem
3201 4191 3419 4247 virum?

1848 4308 2160 4368 quanquam
2195 4299 2377 4347 autem
2420 4288 2748 4346 ostendisset
2777 4285 3158 4350 diﬂ'erentiam,
3200 4282 3420 4353 insepa-

169 4397 287 4443 τον,
321 4383 497 4435 καὶτὸ
531 4384 865 4455 ἐπιχείρημα
906 4384 1013 4438 τῶν
1047 4385 1434 4454 ἀντιλεγόντων
1458 4386 1744 4456 ἀναίσχυν-

1858 4384 2176 4440 rabilitatem
2202 4389 2387 4436 tamen
2408 4394 2519 4434 non
2554 4376 2836 4447 praeteriit.
2863 4374 3049 4445 Neque
3081 4373 3226 4429 enim
3255 4373 3414 4435 dixit,

168 4488 286 4532 τον,
323 4474 416 4526 καὶ
434 4474 494 4527 τὸ
507 4475 726 4531 δυνατὸν
755 4477 856 4546 τῆς
878 4477 1136 4548 ἀληθείας
1162 4477 1606 4548 ἀκαταμάχητον.

1839 4477 2022 4534 Deum
2056 4489 2180 4530 eum
2211 4473 2351 4536 viro,
2379 4471 2474 4527 sed
2510 4469 2680 4526 Deum
2704 4468 2762 4523 in
2787 4467 2909 4522 viro
2934 4470 2954 4489 ⁶
2988 4480 3206 4521 rursum
3236 4471 3291 4518 et
3323 4478 3418 4533 per

167 4564 373 4619 virum.
406 4566 689 4632 Quomodo
722 4567 1087 4637 intelligemus
1133 4575 1188 4624 et
1234 4567 1370 4624 hoc?
1403 4589 1421 4620 ‹
1451 4569 1734 4638 videbunt,
1764 4570 1817 4625 in
1861 4582 2024 4640 quem
2078 4564 2472 4622 transﬁxerunt
2497 4564 2543 4628 °,
2577 4581 2596 4615 ι
2630 4561 2736 4616 nisi
2787 4560 2907 4631 ipsa
2972 4565 3166 4612 natura
3210 4555 3412 4622 carnis,

171 4675 298 4734 quae
326 4661 508 4717 clavos
541 4662 732 4728 sensit,
767 4663 996 4734 vestigia
1024 4678 1213 4718 eorum
1261 4663 1408 4718 clare
1438 4664 1510 4718 sit
1538 4663 1881 4720 indicatura?
1928 4663 2046 4718 Non
2106 4661 2250 4717 enim
2318 4659 2534 4714 deitatis
2586 4667 2816 4721 natura,
2863 4662 2924 4709 ut
2961 4653 3118 4709 multi
3185 4650 3412 4706 convin-

170 4732 391 4816 dantur,
416 4752 645 4822 vestigia
695 4732 973 4808 clavorum
1016 4754 1406 4808 circumlatura
1437 4761 1558 4820 est,
1592 4769 1716 4808 cum
1746 4753 2038 4809 invisibilis
2068 4762 2122 4808 et
2178 4750 2444 4806 intactilis
2479 4749 2554 4804 sit
2600 4767 2614 4802 :
2681 4747 2775 4802 sed
2815 4761 2935 4816 qua:
2976 4761 3043 4799 ex
3081 4757 3276 4814 genere
3314 4754 3411 4808 pa-

173 4843 317 4896 tibili
349 4851 629 4914 assumpta
667 4853 750 4900 est
807 4852 1002 4900 natura
1034 4885 1049 4910 ,
1100 4847 1190 4901 illa
1230 4846 1520 4917 impiorum
1571 4847 2066 4917 transgressionem
2098 4844 2410 4912 redarguet,
2478 4842 2570 4912 qui
2622 4855 2774 4896 suam
2825 4837 3106 4892 audaciam
3175 4834 3229 4887 in
3292 4829 3414 4886 vul-

129 4942 367 5011 onerata
425 4951 591 4991 carne
647 4937 954 5008 prodidere.
1016 4938 1107 4994 Sic
1146 4940 1313 5010 igitur
1351 4947 1404 4995 et
1453 4939 1747 4995 distinctas
1810 4947 2133 4993 naturarum
2194 4936 2592 5006 proprietates,
2632 4943 2687 4989 et
2736 4927 3133 4986 incarnationis
3186 4923 3410 4978 minime

167 5025 372 5089 dubios
433 5027 677 5098 fructus,
752 5037 807 5088 et
875 5030 1216 5102 impudentes
1267 5031 1702 5087 adversariorum
1749 5038 2016 5098 conatus,
2082 5037 2137 5086 et
2202 5021 2679 5101 inexpugnabilem
2739 5020 2986 5079 veritatis
3054 5017 3164 5073 vim
3224 5019 3410 5071 osten-

166 5116 374 5173 (limus.

245 5271 266 5302 '
300 5272 458 5330 Joan.
497 5290 515 5331 ι
585 5275 668 5332 14.
745 5277 764 5308 ⁷
803 5277 903 5332 Act

1050 5279 1132 5332 ll.
1211 5279 1229 5310 ⁸
1271 5278 1391 5330 Act.
1432 5289 1578 5341 xvn,
1614 5275 1712 5339 50.
1749 5274 1836 5329 51.

1918 5273 1939 5302 τ’
1979 5268 2138 5327 Joan.
2175 5286 2297 5334 xxx,
2340 5268 2429 5323 57.
