3868 6202
472 259 610 320 i505

1589 270 1646 325 S.
1691 269 2152 333 ATHANASIUS.
2191 307 2259 316 -—
2302 277 2574 338 SPURIA.

1123 565 1190 621 ΙΝ
1231 565 1628 635 SEQUENTIA
1665 572 2040 634 OPUSCULA
2079 579 2168 635 ET
2207 580 2631 639 FRAGMENTA
2670 585 3073 645 ADMONITIO.

541 722 672 790 Qut:
697 735 985 794 sequuntur
1013 742 1078 780 ea:
1121 726 1391 785 Vaticanis
1427 730 1697 789 codicibus
1727 733 1898 790 Roma
1939 753 1972 790 a
2019 737 2277 807 fratribus
2330 743 2530 796 nostris
2561 745 2878 797 transmissa
2917 743 3066 798 nobis
3098 755 3240 808 sunt,
3289 747 3618 802 exscribente
3647 748 3722 804 υ.

465 815 677 870 Joanne
705 816 929 884 Guillot,
965 821 1053 890 qui
1087 822 1264 875 omnia
1294 824 1475 880 isthmc
1502 836 1748 882 accurate
1770 829 2000 900 collegit,
2036 848 2236 902 suaque
2264 850 2426 887 manu
2455 834 2731 899 exarauit;
2753 835 2933 907 νοθείᾳ
2974 853 3130 905 porro
3162 839 3402 894 laborare
3427 857 3580 895 nemo
3615 860 3724 896 non

466 905 626 969 uidet,
653 924 745 961 nec
773 917 852 962 est
874 925 936 962 ea
958 911 1009 962 in
1033 925 1088 963 re
1116 911 1390 978 probanda
1425 915 1796 970 insistendum.
1823 915 2096 975 Prodeunt
2118 934 2293 975 autem
2323 939 2388 977 eo:
2415 926 2531 978 cod.
2566 943 2666 980 ms.
2694 923 2860 981 Gra'c.
2887 905 3210 982 bibliotheca:
3243 928 3510 984 Vaticana:
3540 931 3595 983 in
3618 930 3722 998 [οι.

463 1013 610 1054 nunt.
640 997 766 1064 850,
803 999 1030 1069 eleganti
1059 1000 1194 1053 satis
1227 1009 1277 1054 et
1318 1001 1557 1073 diligenti
1595 1021 1756 1059 manu
1789 1019 2012 1062 exarata
2046 1011 2102 1064 in
2136 1011 2322 1065 charta
2348 1028 2646 1083 papyracea
2668 1030 2687 1069 :
2720 1017 2812 1086 qui
2831 1032 2933 1070 non
2967 1016 3172 1071 excedit
3209 1035 3374 1074 annos
3401 1018 3530 1076 200.

2049 1154 2115 1166 ...-

1552 1232 1689 1286 ΤΟΥ
1726 1237 1817 1290 ΕΝ
1850 1239 2072 1293 ΑΙἸΟΙΣ
2103 1240 2373 1294 ΠΑΤΡΟΣ
2403 1242 2598 1295 ΗΜΩΝ

1763 1401 2401 1490 ΑΘΑΝΑΣΙΟΥ

828 1581 983 1648 Πρός
1007 1597 1137 1636 τινα
1160 1583 1494 1647 πολιτικὸν,
1529 1585 1844 1654 σύνταγμα
1871 1584 2009 1638 πάντ

2112 1583 2537 1654 φελιμώτατωο,
2573 1586 2668 1640 καί
2699 1588 2856 1642 πολὺ
2896 1587 3335 1658 ἀφελέσι-αῖον,

1485 1821 1580 1910 s.
1659 1781 1765 1909 P.
1827 1822 1943 1909 N.
1999 1821 2650 1912 ATHANASII

1365 1997 1444 2058 Ad
1471 1998 1749 2067 quemdam
1783 1997 2064 2056 Politicum
2100 2008 2377 2070 syntagma
2407 2000 2771 2055 utilissimum.

525 2196 577 2251 l.
617 2194 1092 2269 Quandoquidem,
1127 2200 1406 2271 ingeniose
1457 2203 1655 2268 homo,
1701 2221 2009 2278 summeque

2198 2207 2248 2261 1.
2285 2205 2501 2277 Ἐπειδή
2520 2222 2601 2258 σοι
2625 2202 2702 2275 τῷ
2731 2204 3018 2279 περιδεξίῳ
3045 2225 3139 2262 και
3165 2209 3575 2283 μγαλεπιὸόλῳ
3600 2209 3715 2284 τῆς

449 2287 783 2340 naturalium
813 2302 998 2342 rerum
1023 2290 1357 2360 explorator,
1381 2294 1651 2364 acquisita
1683 2296 1890 2353 bellica:
1928 2315 2022 2352 ar-

451 2374 522 2431 tis
552 2375 896 2447 cognitione,
948 2388 1312 2452 susceptaque
1343 2383 1685 2453 politicarum
1715 2402 1896 2442 rerum
1928 2404 2023 2444 ac-

450 2473 642 2520 curata
698 2467 912 2536 notitia,
960 2471 1306 2526 sacerdotum
1340 2482 1520 2530 tamen
1553 2476 1766 2546 eloquia
1799 2479 2024 2535 minime

449 2557 677 2628 negligis
705 2560 790 2614 vel
818 2561 1032 2630 respuis
1062 2580 1076 2628 ;
1121 2562 1230 2618 imo
1264 2571 1418 2620 tanto
1448 2567 1515 2621 iis
1551 2568 1735 2622 studio
1765 2570 1864 2626 das
1892 2586 2023 2641 ope-

449 2662 589 2712 ram,
624 2657 684 2704 ut
709 2651 1051 2721 plerumque,
1083 2653 1211 2706 dum
1245 2657 1459 2726 corpori
1480 2657 1736 2713 alimenta
1771 2661 1978 2728 praebes
2003 2701 2018 2725 ,

448 2738 684 2792 animam
728 2755 758 2794 a
811 2742 933 2797 cibo
976 2743 1276 2798 litterarum
1319 2747 1543 2804 minime
1576 2751 1867 2819 cohibeas;
1925 2753 2018 2807 sed

447 2843 589 2895 eam,
611 2844 712 2886 ceu
741 2832 976 2902 quodam
1005 2833 1191 2891 divino
1222 2838 1354 2905 sale,
1388 2838 1612 2895 Patrum
1653 2845 1937 2898 sententiis
1966 2852 2020 2899 et

448 2922 740 2993 colloquiis
775 2925 829 2978 in
875 2925 991 2996 ipsa
1038 2943 1222 2983 mensa
1275 2931 1531 2989 admissis
1577 2933 1799 3004 foveas;
1844 2937 2015 3004 illud,

447 3012 691 3082 inquam,
731 3013 784 3066 in
820 3029 982 3069 causa
1015 3016 1147 3070 mihi
1178 3017 1300 3081 fuit,
1333 3029 1392 3074 ut
1421 3037 1590 3090 pauca
1615 3065 1629 3088 ,
1693 3026 1786 3080 sed
1835 3029 2017 3083 utilis-

448 3104 608 3168 sima,
642 3105 698 3159 in
731 3107 1114 3175 compendium
1161 3124 1191 3162 a
1232 3126 1319 3166 me
1366 3114 1608 3180 redacta,
1664 3132 1731 3172 ex
1788 3119 2017 3176 lectione

444 3193 883 3252 Christianorum
918 3200 1162 3254 omnium
1190 3210 1474 3259 auctorum
1495 3249 1510 3274 ,
1559 3210 1903 3281 maximeque
1929 3228 2016 3268 eo-

443 3301 565 3340 rum
603 3288 695 3357 qui
736 3288 868 3353 vita,
901 3290 1239 3358 eruditione,
1277 3296 1560 3354 nobilitate
1586 3340 1600 3363 ,
1654 3308 1709 3355 et
1756 3301 2014 3374 dignitate

443 3378 812 3447 praecelluere,
832 3381 998 3435 veluti
1021 3382 1226 3438 donum
1257 3387 1549 3456 quoddam,
1581 3391 1703 3457 tibi,
1741 3408 1774 3447 o
1806 3396 2012 3451 amico-

443 3484 563 3523 rum
591 3471 813 3540 optime,
845 3472 967 3526 viro
1002 3473 1250 3531 lectionis
1283 3480 1529 3536 studioso
1556 3497 1619 3537 ac
1649 3485 1903 3556 religioso
1936 3488 2015 3544 of-

444 3559 638 3616 ferrem
668 3602 683 3627 ,
733 3563 836 3618 hoc
884 3565 1094 3621 scilicet
1126 3577 1408 3640 syntagma
1462 3589 1642 3630 meum
1668 3616 1684 3641 ,
1739 3552 1907 3634 variis
1947 3596 2013 3636 ex
2045 3552 2088 3607 Β

441 3649 694 3709 Patribus
760 3663 816 3710 et
873 3673 940 3714 ex
1005 3660 1207 3716 auditis
1255 3665 1600 3722 sermonibus
1659 3667 2010 3740 decerptum,

441 3743 587 3799 unde
619 3761 730 3800 non
764 3751 1066 3818 spernenda
1102 3751 1350 3808 doctrina
1381 3763 1436 3810 et
1467 3759 1660 3813 notitia
1708 3761 2012 3830 legentibus

437 3836 664 3892 accedat
693 3854 707 3891 :
742 3841 1010 3896 rationem
1041 3843 1187 3898 enim
1225 3853 1281 3900 et
1332 3863 1441 3902 una
1481 3849 1803 3910 divisionem
1835 3859 2012 3912 conti-

437 3935 532 3983 net
577 3929 811 4000 triplicis
852 3934 1047 3989 animae
1086 3944 1289 3992 nostra:
1318 3941 1523 4009 partis;
1581 3943 1849 4016 docetque
1903 3965 2012 4022 quo

439 4030 600 4090 pacto
621 4037 811 4079 omnes
842 4041 1157 4082 moveamur
1180 4027 1340 4101 515
1363 4031 1634 4100 homines,
1663 4047 1716 4091 et
1735 4040 2010 4108 quomodo

437 4111 504 4166 ad
533 4115 785 4180 salu-tem,
822 4118 905 4173 vel
935 4119 1002 4174 ad
1045 4121 1340 4189 perniciem
1391 4125 1752 4196 impellamur.
1810 4131 2008 4188 Deﬁnit

437 4213 618 4261 autem
644 4209 1030 4279 cogitationes,
1071 4213 1270 4283 quibus
1309 4217 1539 4285 quodvis
1571 4229 1855 4289 peccatum
1877 4240 2009 4280 con-

437 4303 764 4356 summatur.
792 4301 1085 4375 Distinguit
1111 4308 1236 4363 item
1278 4311 1564 4380 passiones
1593 4321 1813 4370 nostras
1841 4358 1857 4383 ,
1907 4317 2008 4372 do-

436 4402 567 4444 cens
600 4406 849 4460 quaenam
880 4396 1093 4461 animae,
1125 4415 1374 4468 quaenam
1423 4403 1672 4472 corporis
1705 4406 1835 4460 sint.
1895 4406 2004 4461 Ex-

435 4478 562 4533 inde
593 4497 721 4536 vero
758 4483 999 4539 declarat
1029 4489 1211 4544 varios
1259 4489 1353 4544 Dei
1406 4492 1762 4562 providentiae
1789 4497 2004 4554 modos.

433 4568 573 4626 Hinc
601 4571 668 4626 de
692 4573 862 4630 libero
886 4575 1123 4634 hominis
1152 4581 1380 4636 arbitrio
1407 4583 1651 4648 disserit,
1681 4586 1858 4657 deque
1906 4606 2004 4646 no-

431 4667 548 4715 stro
586 4661 641 4715 in
682 4663 846 4718 rebus
886 4667 1111 4734 agendis
1163 4671 1357 4727 abusu.
1399 4671 1736 4744 Compendio
1786 4679 2005 4735 exhibet

431 4753 591 4809 ﬁdem
654 4755 710 4810 in
774 4768 1018 4814 sanctam
1079 4769 1134 4816 et
1177 4763 1388 4820 beatam
1440 4767 1784 4828 Trinitatem.
1838 4772 2004 4830 Docet

426 4845 560 4914 quid
587 4846 656 4903 de
687 4846 903 4904 Domini
937 4851 1311 4911 incarnatione
1330 4897 1346 4922 ,
1389 4857 1456 4913 de
1482 4860 1800 4919 discrimine
1829 4865 1999 4921 virtu—
2027 4890 2069 4948 ο

426 4945 564 5002 tum,
591 4940 659 4997 de
684 4943 1015 5002 discretione
1060 4955 1270 5004 natura:
1317 4965 1495 5028 rerum
1540 4955 1871 5011 credendum
1906 4960 1997 5014 sit.

425 5028 548 5086 Uno
585 5036 772 5101 verbo,
804 5045 888 5092 est
915 5054 1014 5094 ceu
1042 5042 1432 5112 compendiosa
1471 5048 1713 5118 cognitio
1744 5059 1994 5106 nostrum

424 5140 692 5194 Ipsorum,
723 5145 824 5185 nec
852 5147 962 5187 non
993 5145 1202 5192 naturae
1227 5147 1429 5194 nostra:
1452 5147 1614 5211 atque
1655 5141 1798 5198 ﬁdei.
1839 5143 1998 5209 Quod

421 5221 749 5287 opusculum
770 5221 898 5278 dum
921 5227 1299 5294 circumferes,
1326 5235 1490 5297 atque
1525 5239 1780 5288 accurate
1814 5233 1959 5303 leges
1980 5274 1994 5297 .

419 5327 484 5365 ex
507 5327 684 5384 eoque
705 5316 994 5374 utilitatem
1024 5322 1294 5392 percipies
1313 5361 1328 5386 ,
1369 5338 1478 5378 non
1508 5323 1854 5393 obliviscere,
1889 5325 1996 5382 hoc

420 5401 558 5458 bene
586 5407 737 5471 novi,
766 5407 888 5476 ejus
927 5411 1018 5480 qui
1064 5412 1284 5484 propria
1319 5430 1483 5470 manu
1519 5416 1834 5488 descripsit,
1867 5419 1993 5474 tibi-

418 5509 525 5564 que
552 5496 769 5552 obtulit.

512 5651 566 5720 a)
599 5650 762 5710 Forte
793 5657 895 5727 leg.
929 5659 988 5713 ού
1015 5664 1440 5736 καταφρόνητον.
1486 5665 1640 5722 Enn.
1680 5666 1915 5725 ΡΑτιιοι.

2127 2298 2340 2368 φύσεως
2392 2299 2531 2369 μετὰ
2580 2300 2680 2370 τῆς
2708 2299 2816 2354 τῶν
2846 2302 3116 2356 τακτικῶν
3158 2303 3449 2374 ἐμπειρίας
3489 2319 3572 2358 τε.
3606 2305 3714 2358 καὶ

2129 2389 2432 2461 μαθήσεως,
2474 2389 2556 2442 ἔτι
2598 2390 2654 2443 δὲ
2701 2393 2795 2446 καὶ
2839 2393 2939 2463 τῆς
2969 2391 3078 2445 τῶν
3114 2393 3402 2446 πολιτικῶν
3439 2397 3710 2465 πραγμά-

2123 2498 2229 2534 των
2260 2481 2521 2552 ἀκριϐοῦς
2556 2482 2910 2554 μεταλήψεως
2934 2523 2948 2546 ,
2994 2483 3116 2536 οὐδὲ
3141 2484 3208 2536 τὰ
3240 2483 3348 2536 τῶν
3379 2485 3571 2553 ἱερέων
3609 2485 3704 2537 λό-

2123 2590 2216 2640 για
2246 2571 2594 2642 ἀμελετήτως
2633 2573 2988 2644 παρεώρασαι
3011 2613 3026 2637 ,
3065 2572 3179 2626 ἀλλ’
3206 2573 3285 2626 ἔτι
3324 2574 3578 2626 τοσοῦτόν
3618 2592 3709 2628 σοι

2124 2665 2216 2717 καὶ
2255 2663 2426 2717 ταῦτα
2461 2663 2882 2735 πεφιλοπόνηται
2907 2705 2920 2728 ,
2961 2664 3100 2717 ὥστε
3142 2665 3202 2717 τὸ
3243 2665 3400 2734 σῶμα
3438 2665 3709 2728 πολλάκις

2126 2755 2317 2818 σιτίοις
2350 2755 2564 2824 τρέφων
2590 2795 2603 2816 ,
2641 2755 2764 2808 οὐδὲ
2793 2756 2891 2826 τὴν
2933 2755 3110 2826 ψυχὴν
3138 2758 3458 2825 ἀποστερεῖς
3499 2755 3602 2825 τῆς
3634 2757 3706 2808 ἐκ

2120 2843 2227 2896 τῶν
2275 2844 2446 2912 λόγων
2495 2846 2775 2909 σιτίσεως⁹
2826 2847 2940 2900 ἀλλ’
2968 2847 3044 2909 ὡς
3088 2847 3198 2900 ἀνά
3231 2864 3335 2899 τινι
3372 2846 3501 2916 θείῳ
3539 2846 3704 2899 ἆλατι

2118 2937 2233 2998 τοῖς
2279 2935 2386 2989 τῶν
2443 2937 2700 3007 Πατέρων
2735 2937 3118 3008 ἀποφθέγμασι
3141 2978 3155 3000 ,
3191 2939 3282 2990 καὶ
3319 2941 3436 3002 ταῖς
3467 2939 3705 3009 ἐπιτραι

2120 3026 2328 3091 πεζίοις
2352 3028 2685 3100 παραρτύεις
2717 3028 2951 3100 ὁμιλίαις
2977 3045 2990 3059 ·
3037 3029 3144 3082 ίδοὺ
3177 3029 3269 3083 καὶ¹
3295 3030 3488 3092 αὐτὸς,
3523 3033 3704 3100 μικρά

2117 3137 2237 3172 τινα
2267 3121 2555 3191 συνοψίσας
2591 3121 2701 3173 τῶν
2743 3123 3028 3193 χρησίμων
3068 3122 3163 3176 καὶ
3213 3121 3504 3174 λυσιτελῶν
3527 3163 3544 3186 ,
3603 3125 3704 3176 καὶ

2118 3211 2500 3280 ἀναγινώσκων
2536 3213 2711 3265 πάντα
2749 3213 2848 3283 μὲν
2872 3214 3217 3284 Χριστιανὸν,
3260 3213 3420 3267 πλέον
3461 3213 3521 3266 δὲ
3568 3217 3701 3278 τοὺς

2115 3303 2234 3356 ὅσοι
2264 3304 2358 3356 καὶ
2397 3302 2516 3374 βίῳ,
2563 3305 2655 3356 καὶ
2683 3303 2845 3375 λόγῳ,
2878 3305 2970 3358 καὶ
2999 3306 3263 3376 εὐγενείᾳ,
3299 3306 3393 3358 καὶ
3416 3304 3700 3376 ἀξιώματι

2117 3395 2619 3466 ὐπερανεστήκασιν
2677 3394 2835 3464 ὕψει,
2892 3391 3003 3450 οἶόν
3080 3415 3134 3450 τι
3209 3396 3376 3468 δῶρον
3431 3398 3701 3467 αὐτοσχε-

2116 3485 2307 3548 διάσας
2332 3486 2486 3557 ἀνδρὶ
2515 3486 2782 3557 φιλολόγῳ
2814 3487 2906 3541 καὶ
2936 3487 3167 3558 φιλοθὲῳ
3198 3488 3430 3558 μάλιστα
3457 3489 3696 3558 πρέπον,

2115 3572 2161 3631 ὦ
2192 3578 2360 3646 φίλων
2411 3578 2620 3648 ἄριστε,
2676 3577 2736 3630 τὺ
2785 3579 2957 3648 παρόν
3003 3595 3083 3632 σοι
3138 3580 3507 3650 προσενήνοχα
3567 3577 3698 3633 σύν.

2115 3687 2318 3740 ταγμα,
2348 3672 2412 3722 ἐκ
2446 3669 2715 3742 διαφόρων
2771 3670 2870 3740 μὲν
2918 3670 3173 3742 Πατέρων
3215 3672 3309 3724 καὶ
3346 3670 3696 3741 ἀκροατικῶν

2113 3761 2284 3832 λόγων
2301 3763 2650 3827 ἁπανθισθὲν,
2672 3763 2771 3816 οὐκ
2790 3762 3237 3834 ἀκαταφρόνητον
3254 3762 3328 3832 (a)
3350 3763 3406 3816 δὲ
3426 3762 3526 3832 τὴν
3543 3763 3695 3831 γνῶ-

2115 3869 2199 3906 σιν
2234 3858 2348 3917 τοῖς
2401 3854 2675 3924 μετιοῦσιν
2720 3853 3014 3925 ἐμποιοῦν·
3070 3854 3356 3924 διάγνωσιν
3403 3854 3515 3926 γὰρ
3552 3856 3697 3926 ὁμοῦ

2113 3947 2206 3998 καὶ
2235 3946 2495 4018 διαίρεσιν
2521 3945 2614 3998 τοῦ
2642 3945 2935 4017 τριμεροῦς
2961 3946 3061 4016 τῆς
3099 3947 3155 3998 ὲν
3195 3948 3322 4018 ἡμῖν
3352 3945 3461 4016 ἔχει
3487 3945 3695 4017 ψυχῆς,

2112 4035 2295 4096 καθὼς
2324 4039 2522 4102 πάντες
2553 4037 2849 4107 κινούμεθα
2890 4038 3198 4109 ἅνθρωποι,
3245 4039 3340 4092 καὶ
3387 4039 3503 4102 πῶς
3550 4039 3699 4110 πρὸς

2113 4127 2387 4199 σωτηρίαν
2417 4128 2450 4199 ἢ
2487 4128 2761 4182 ἀπώλειαν
2797 4129 3199 4200 συνωθούμεθα.
3243 4129 3443 4200 Ὁρίζει
3471 4129 3531 4182 δὲ
3561 4130 3698 4194 τοὺς

2109 4218 2434 4288 λογισμοὺς,
2482 4219 2549 4272 δι’
2578 4212 2653 4272 ὧν
2693 4221 2842 4274 πᾶσα
2879 4221 3124 4291 ἁμαρτία
3170 4221 3420 4274 τελεῖται.
3476 4223 3702 4292 Διαιρεῖ

2107 4309 2165 4362 δὲ
2199 4309 2291 4362 καὶ
2320 4309 2390 4362 τὰ
2419 4311 2476 4364 ἐν
2503 4313 2632 4382 ἡμῖν
2687 4311 2832 4383 πάθη
2858 4351 2872 4375 ,
2902 4313 3023 4365 τίνα
3059 4314 3158 4383 μὲν
3192 4313 3428 4383 ψυχικά,
3471 4314 3595 4366 τίνα
3626 4313 3692 4367 δὲ

2107 4401 2201 4454 τοῦ
2232 4403 2502 4473 σώματος.
2553 4403 2778 4474 Ἐφεξῆς
2821 4405 2879 4458 δὲ
2931 4405 3023 4458 καὶ
3063 4408 3188 4470 τοὺς
3232 4407 3464 4478 τρόπους
3500 4408 3699 4459 ὑποτε-

2109 4495 2258 4549 θεται
2287 4497 2386 4567 τῆς
2410 4495 2502 4548 τοῦ
2530 4495 2664 4549 Θεοῦ
2700 4497 2970 4568 προνοίας.
3022 4493 3154 4549 Εἶτα
3179 4498 3272 4550 καὶ
3307 4497 3433 4568 περὶ
3455 4497 3560 4566 τῆς
3588 4499 3693 4552 τοῦ

2106 4587 2394 4662 ἀνθρώπου
2451 4589 2924 4658 αὑτεξουσιότητος
2980 4589 3370 4658 διαλαμϐάνει,
3426 4590 3521 4642 καὶ
3583 4589 3693 4658 τῆς

2107 4681 2261 4752 ἡμῶν
2299 4683 2356 4734 ἐν
2388 4685 2498 4746 τοῖς
2525 4683 2812 4753 πράγμασι
2857 4683 3278 4755 παραχρήσεως.
3314 4681 3596 4750 Συνοψίζει
3624 4682 3692 4735 δὲ

2106 4775 2200 4828 καὶ
2224 4774 2322 4846 τὴν
2350 4777 2408 4828 ὲν
2439 4778 2503 4846 τῇ
2535 4776 2667 4847 ἁγίᾳ
2696 4776 2789 4829 καὶ
2825 4775 3066 4847 μακαρίᾳ
3091 4775 3279 4847 Τριάδι
3320 4775 3525 4828 πίστιν.
3560 4774 3693 4828 Ἔτι

2104 4866 2161 4919 δὲ
2185 4866 2279 4920 καὶ
2316 4868 2464 4932 ὅπως
2490 4869 2570 4920 δεῖ
2592 4868 2866 4922 πιστεύειν
2899 4868 3026 4939 περὶ
3051 4868 3151 4938 τῆς
3181 4865 3276 4919 τοῦ
3302 4866 3501 4937 Κυρίου
3527 4868 3694 4920 ὲναν-

2103 4957 2456 5030 θρωπήσεωςν
2505 4960 2632 5032 περὶ
2670 4960 2933 5032 διαφορᾶς
2979 4977 3040 5012 τε
3083 4960 3311 5030 ἀρετῆς,
3344 4960 3437 5012 καὶ
3469 4959 3692 5030 διακρί-

2104 5045 2242 5114 σεως
2287 5051 2387 5122 τῆς
2441 5050 2548 5104 τῶν
2593 5052 2936 5123 πραγμάτων
2979 5053 3219 5105 διδάσκει
3270 5052 3505 5122 φύσεως.
3571 5053 3691 5106 Καὶ

2101 5141 2239 5206 ὅλως
2289 5143 2544 5214 ὲπίτομὸς
2578 5144 2664 5207 τίς
2695 5146 2810 5196 ὲστι
2839 5143 3039 5212 γνῶσις
3073 5144 3231 5215 ἡμῶν
3271 5161 3332 5196 τε
3360 5143 3454 5196 καὶ
3473 5143 3688 5208 αὐτῶν,

2101 5234 2195 5288 καί
2241 5234 2341 5304 τῆς
2385 5233 2495 5286 τῶν
2546 5234 2666 5288 καθ’
2710 5237 2859 5306 ἡμᾶς
2910 5233 3124 5304 φύσεώς
3167 5251 3226 5288 τε
3278 5235 3373 5287 καὶ
3417 5233 3685 5298 πίστεως.

2107 5327 2170 5379 Ὃ
2201 5324 2266 5396 δὴ
2305 5325 2400 5379 καὶ
2431 5327 2741 5398 περιφέρων
2789 5329 2869 5392 είς
2909 5330 3131 5400 χεῖρας,
3165 5325 3588 5397 ὲπιμελέστερόν
3622 5343 3688 5378 τε

2101 5417 2332 5487 μετιὼν,
2378 5417 2472 5470 καὶ
2499 5417 2598 5490 τὴν
2628 5417 2872 5472 ἐντεῦθεν
2905 5418 3286 5491 καρπούμενος
3329 5418 3517 5489 ὄνησιν
3535 5456 3550 5478 ,
3579 5416 3691 5472 οὐκ

2098 5509 2536 5580 ἀμνημονήσεις,
2585 5505 2645 5561 εὖ
2681 5505 2777 5563 οἶδ’
2824 5511 2926 5578 ὃτι,
2960 5509 3053 5565 τοῦ
3099 5507 3417 5582 αὐτοχειρίᾳ
3460 5508 3560 5562 καὶ
3585 5523 3690 5578 τεο

2097 5601 2388 5673 γραφότος,
2426 5601 2518 5664 καὶ
2543 5601 2855 5668 δεδωκότος.
