3868 6202
206 264 344 321 1397

380 383 708 454 Διάγνωσις
746 384 851 437 τοῦ
889 384 1196 453 τριμεροῦς
1236 385 1348 453 τῆς
1385 385 1615 455 ψυχῆς.

274 475 402 528 Ὅτι
433 477 580 529 πᾶσα
605 475 750 546 ψυχὴ
783 476 972 546 λογικὴ
1006 478 1132 548 τρία
1169 479 1307 548 μέρη
1335 477 1612 548 κέκτηται·
1639 479 1790 547 λογι-

202 566 362 638 σμδν,
397 567 588 639 θυμὸν,
621 569 715 621 καὶ
748 569 1066 640 ἐπιθυμίαν.
1113 571 1238 624 Ἐάν
1262 573 1409 624 ἐστιν
1439 572 1497 624 ὲν
1522 572 1600 644 τῷ
1629 573 1788 644 θυμῷ

200 659 392 730 ἀγάπη
416 661 510 714 καὶ
534 660 933 732 φιλανθρωπία,
963 663 1056 716 καὶ
1082 665 1138 715 ὲν
1166 665 1231 733 τῇ
1263 663 1527 735 ἐπιθυμίᾳ
1562 666 1794 737 καθαρό-

195 767 303 821 της
340 751 434 804 καὶ
478 751 820 824 σωφροσύνη,
855 755 884 806 6
920 754 1178 825 λογισμός
1217 757 1332 809 ἐστι
1362 759 1790 829 πεφωτισμένος·

197 843 301 895 ἐὰν
325 843 382 896 δέ
407 846 555 897 ἐστιν
583 846 640 897 ἐν
664 845 742 915 τῷ
765 845 923 916 θυμῷ
955 847 1360 919 μισανθρωπία,
1387 849 1480 902 καὶ
1500 852 1557 904 έν
1586 854 1651 922 τῇ
1677 854 1796 905 ὲπι-

199 935 373 1007 θυμία
395 937 678 1001 ἀκολασία,
701 940 728 991 6
748 937 1004 1008 λογισμός
1027 941 1174 994 ἐστιν
1195 942 1598 1012 ὲσκοτισμένος.
1619 944 1674 996 Ὁ
1697 943 1795 1014 μὲν

196 1026 295 1083 οὖν
317 1028 572 1098 λογισμὸς
595 1030 715 1083 τότε
734 1031 989 1099 ὑγιαίνει,
1011 1032 1104 1084 καὶ
1119 1035 1404 1104 σωφρονεῖ,
1422 1035 1546 1087 ὅταν
1564 1036 1631 1087 τά
1649 1035 1794 1107 πάθη

201 1117 304 1189 ἔχῃ
334 1119 768 1189 ὑποτεταγμένα,
813 1121 904 1172 καὶ
937 1121 1064 1184 τοὺς
1103 1121 1296 1190 λόγους
1333 1121 1442 1178 τῶν
1479 1125 1796 1195 κτισμάτων

197 1210 297 1263 τοῦ
334 1209 470 1263 Θεοῦ
513 1212 896 1282 πνευματικῶς
931 1212 1142 1285 θεωρῇ,
1186 1215 1279 1267 καὶ
1321 1215 1459 1287 πρὸς
1496 1217 1594 1288 τὴν
1637 1218 1796 1288 ἁγίαν

198 1301 297 1353 καὶ
322 1301 596 1373 μακαρίαν
618 1302 825 1374 Τριάδα
849 1303 1030 1374 διάγῃ.
1075 1305 1131 1358 Ὁ
1166 1304 1224 1358 δὲ
1254 1305 1416 1359 πάλιν
1432 1309 1550 1360 τότε
1569 1312 1796 1363 κινεῖται

197 1394 340 1445 κατά
365 1392 547 1462 φύσιν,
585 1395 714 1449 ὅταν
739 1395 946 1460 πάντας
967 1395 1287 1468 ἀνθρώπους
1309 1401 1519 1471 ἀγαπᾷ,
1542 1403 1636 1454 καὶ
1661 1403 1798 1476 πρὸς

200 1485 396 1540 οὐδένα
425 1486 605 1541 αὐτῶν
637 1486 816 1559 λύπην
841 1489 874 1559 ἦ
913 1491 1282 1561 μνησικακίαν
1307 1493 1598 1564 κέκτηται.
1647 1496 1711 1548 Ἥ
1739 1495 1796 1549 δὲ

197 1578 491 1649 ἐπιθυμία,
514 1580 642 1634 ὅταν
663 1581 769 1634 ὑπὸ
789 1583 1137 1654 ἐγκρατείας,
1158 1586 1251 1638 καὶ
1273 1587 1794 1658 ταπεινοφροσύνης,

200 1671 298 1722 καὶ
327 1671 716 1744 ἀκτημοσύνης
745 1673 995 1746 νεκρώσῃ
1025 1675 1093 1729 τά
1126 1676 1296 1748 πάθη,
1329 1679 1602 1747 τουτέστι,
1657 1677 1786 1754 μὴῇ

195 1760 364 1832 δούλη
396 1763 600 1834 σαρκὸς
631 1743 1050 1836 ἐσχημάτισται,
1094 1769 1189 1822 καὶ
1219 1743 1379 1842 δόξης
1408 1743 1791 1845 παρεχομένης
1825 1743 1864 1799 Β

199 1852 411 1922 ἔφεσιν,
445 1856 541 1909 καὶ
570 1861 754 1929 τραπῇ
783 1859 920 1931 πρὸς
947 1860 1039 1912 τὸν
1074 1860 1214 1915 θεῖον
1245 1863 1337 1916 καὶ
1366 1863 1635 1918 ἀθάνατον
1657 1865 1794 1936 ἔρω-

196 1962 292 2000 τα.
326 1948 438 2000 Καὶ
465 1948 576 2021 γὰρ
601 1951 633 2021 ή
669 1951 938 2023 ἐπιθυμία
969 1953 1107 2024 πρὸς
1139 1954 1267 2024 τρία
1296 1955 1396 2026 τὴν
1422 1955 1635 2027 κίνησιν
1654 1955 1790 2026 ἕχει,

195 2037 232 2108 ἢ
273 2037 411 2109 πρὸς
448 2039 640 2112 ἡδονὴν
687 2042 908 2115 σαρκὸς,
937 2043 969 2113 ἢ
999 2042 1136 2115 πρὸς
1171 2043 1326 2108 δόξαν
1362 2046 1542 2116 κενὴν,
1583 2047 1618 2118 ἢ
1655 2047 1792 2118 πρὸς

198 2129 423 2200 ἀπάτην
465 2132 785 2202 χρημάτων·
829 2135 922 2187 καὶ
963 2134 1052 2188 διὰ
1097 2135 1196 2205 τὴν
1245 2137 1554 2208 παράλογον
1589 2136 1792 2210 ταύτην

199 2219 389 2290 ἔφεσιν
421 2229 753 2295 καταφρονεί
773 2225 866 2278 τοῦ
899 2225 1056 2289 Θεοῦ,
1092 2228 1187 2280 καὶ
1215 2227 1325 2280 τῶν
1355 2228 1534 2293 θείων,
1567 2230 1661 2283 καὶ
1693 2230 1791 2303 τῆς

196 2314 409 2376 οἰκείας
447 2315 727 2384 εὐγενείας
762 2318 1199 2385 ἐπιλανθάνεται,
1239 2321 1335 2373 καὶ
1367 2321 1502 2391 πρὸς
1531 2321 1622 2374 τὸν
1654 2322 1790 2394 πλη-

201 2406 318 2459 σίον
349 2408 722 2480 ὲκοηριοῦται,
752 2413 847 2466 καὶ
885 2411 976 2465 τὸν
1010 2412 1267 2484 λογισμὸν
1300 2413 1558 2478 σκοτίζει,
1600 2415 1696 2467 καὶ
1726 2414 1786 2466 οὐ

201 2503 482 2571 συγχωρεῖ
507 2502 807 2573 ἀναϐλέψαι
848 2505 987 2575 πρὸς
1018 2503 1115 2576 τὴν
1145 2504 1422 2576 ἀλήθειαν.
1458 2499 1559 2558 ’Ὦν
1591 2507 1618 2557 ὁ
1649 2505 1790 2559 ἀνώ-

198 2606 362 2664 τερον
409 2593 749 2665 κτησάμειις
798 2597 1053 2669 φρόνημα
1101 2598 1197 2651 ἀπ’
1237 2599 1485 2652 ἐντεῦθεν
1525 2600 1790 2654 ἀπολαύει

200 2681 300 2752 τῆς
330 2681 610 2752 βασιλείας
648 2683 757 2738 τῶν
793 2686 1059 2758 οὐρανῶν,
1089 2688 1184 2741 καὶ
1206 2687 1272 2760 ζῇ
1310 2689 1588 2760 μακαρίαν
1623 2689 1788 2762 ζωὴν,

201 2775 522 2845 προσδοκῶν
556 2775 656 2848 τὴν
688 2779 1060 2852 ἀποκειμένην
1099 2781 1476 2854 μακαριότητα
1510 2785 1625 2847 τοῖς
1656 2784 1792 2853 ἀγα-

203 2867 352 2920 πῶσι
383 2865 474 2920 τὸν
505 2868 730 2940 Κύριον.
755 2881 763 2889 ’

273 2976 571 3044 Διαίρεσις
618 2978 716 3031 καὶ
757 2978 1169 3118 ἀποῧιαίρεσις
1203 2984 1577 3052 λεπτομερὴς
1613 2983 1723 3053 τῆς

931 3069 1100 3118 υχης.

931 3069 1100 3119 υχης.

287 3137 353 3191 Ἦ
389 3137 537 3210 ψυχὴ
559 3139 848 3211 διαιρεῖται
889 3145 968 3206 εἰς
1007 3143 1068 3196 τὸ
1105 3143 1434 3213 λογιστικὸν,
1469 3146 1530 3200 τὸ
1563 3146 1791 3219 θυμικὸν

201 3230 381 3285 καὶτὸ
412 3231 830 3306 ἐπιθυμητικόν.
860 3235 967 3289 Τοῦ
996 3237 1306 3306 λογιστικοῦ
1327 3237 1396 3290 τὰ
1419 3239 1794 3311 ἁμαρτήματά

202 3325 314 3377 εἰσι
333 3324 528 3380 ταῦτα·
558 3329 590 3398 ἡ
621 3328 871 3393 ἀπιστία,
894 3331 928 3400 ἡ
952 3330 1181 3401 αἵρεσις,
1205 3332 1238 3402 ή
1264 3331 1566 3404 ἀφροσύνη,
1595 3335 1627 3404 ἡ
1653 3332 1795 3385 ἀδια-

203 3416 416 3487 κρισία,
455 3420 488 3489 ἡ
524 3419 865 3492 βλασφημία,
911 3423 966 3474 αἱ
1009 3422 1437 3492 συγκαταθέσεις
1473 3423 1581 3476 τῶν
1612 3425 1793 3495 ἀμαρ-

201 3506 470 3577 τημάτων
519 3508 626 3562 τῶν
658 3513 724 3564 ὲκ
760 3511 854 3564 τοῦ
903 3511 1206 3582 παθητικοῦ
1253 3513 1472 3585 μέρους.
1527 3515 1700 3578 Ἴασις
1736 3514 1794 3568 δὲ

203 3598 410 3653 τούτων
443 3601 538 3654 καὶ
579 3601 846 3673 θεραπεία
878 3604 912 3674 ἡ
953 3603 1274 3668 ἀδίστακτος
1319 3604 1501 3669 πίστις
1539 3606 1676 3677 πρὸς
1703 3606 1794 3660 τὸν

203 3688 340 3744 Θεὸν
367 3692 460 3745 καὶ
486 3691 558 3746 τά
581 3693 812 3766 ἀληθινὰ
834 3695 1102 3766 δόγματα,
1137 3699 1170 3767 ἡ
1204 3699 1432 3769 συνεχὴς
1459 3698 1658 3771 μελέτη
1687 3699 1794 3755 τῶν

205 3781 404 3849 λογίων
442 3781 538 3836 τοῦ
573 3783 915 3856 Πνεύματος,
967 3786 1000 3856 ἡ
1043 3786 1261 3858 καθαρά
1295 3789 1594 3862 προσευχὴ,
1637 3791 1732 3843 καὶ
1759 3793 1792 3861 ἡ

205 3873 550 3940 ἀδιάλειπτος
583 3877 720 3948 πρὸς
761 3877 894 3932 Θεὸν
932 3879 1275 3951 εὐχαριστία.
1320 3881 1428 3934 Τοῦ
1463 3881 1696 3952 θυμικοῦ
1728 3882 1797 3936 τὰ

205 3965 584 4037 ἁμαρτήματα
615 3967 1033 4040 ήάσπλαγχνία,
1058 3969 1118 4023 τὸ
1150 3974 1327 4041 μῖσος,
1356 3971 1416 4024 τὸ
1448 3972 1794 4043 ἀσυμπαθὲς,

206 4057 267 4111 τὸ
304 4058 660 4128 μνησίκακον,
713 4062 740 4112 ὁ
788 4061 1002 4130 φθόνος,
1047 4064 1076 4116 6
1119 4063 1298 4132 φόνος,
1352 4063 1447 4116 καὶ
1494 4065 1528 4134 ἡ
1569 4066 1797 4137 συνεχὴς

207 4146 339 4216 περὶ
371 4146 442 4199 τὰ
469 4148 695 4202 τοιαῦτα
728 4149 948 4220 μελέτη.
977 4153 1152 4215 Ἴασις
1175 4152 1381 4205 τούτων
1411 4152 1504 4207 καὶ
1535 4151 1798 4226 θεραπεία

205 4241 240 4309 ἡ
275 4239 675 4312 φιλανθρωπία,
725 4243 758 4314 ή
797 4243 1008 4314 ἀγάπη,
1053 4247 1085 4316 ἡ
1117 4245 1462 4314 φιλαδελφία,
1499 4247 1534 4318 ἡ
1576 4247 1796 4316 συμπά-

207 4331 350 4398 θεια,
384 4335 416 4404 ἡ
451 4332 795 4401 ἀνεξικακία,
839 4337 872 4408 ἡ
913 4337 1238 4410 χρηστότης.
1275 4337 1381 4390 Τοῦ
1399 4337 1795 4410 ἐπιθυμητικοῦ

204 4424 278 4478 τὰ
301 4427 675 4498 ἁμαρτήματα
710 4430 743 4499 ἡ
771 4430 1180 4502 γαστριμαργία
1205 4471 1218 4496 ,
1261 4434 1293 4502 ἡ
1327 4432 1573 4505 πορνεία,
1598 4435 1631 4503 ἡ
1655 4434 1794 4486 ἀκα-
1826 4428 1871 4484 D

208 4518 429 4589 θαρσία,
461 4520 493 4590 ή
521 4520 848 4593 ἀσέλγεια,ὴ
885 4523 1358 4595 φιλοχρηματία,ή
1381 4523 1481 4593 τῆς
1507 4524 1662 4594 δόξης
1675 4526 1793 4578 ἐπι-

209 4608 398 4680 θυμία.
434 4611 606 4673 Ἴασις
650 4611 855 4665 τούτων
898 4614 992 4665 καὶ
1030 4612 1316 4684 θεραπεία,
1340 4614 1374 4684 ἡ
1411 4613 1727 4685 ἐγκράτεια,
1756 4615 1791 4685 ἡ

206 4700 454 4772 νηστεία,
487 4702 520 4773 ὴ
562 4702 924 4768 κακοπάθεια,
962 4705 996 4774 ἡ
1028 4703 1405 4775 ἀκτημοσύνη,
1450 4705 1479 4757 6
1522 4704 1628 4758 τῶν
1665 4722 1795 4777 χρη-

211 4793 398 4864 μάτων
433 4795 567 4865 πρὸς
607 4789 847 4866 πένητας
882 4795 1238 4868 σκορπισμὸς,
1284 4799 1317 4868 ἠ
1357 4797 1465 4850 τῶν
1510 4796 1793 4851 ἀθανάτων

209 4884 434 4937 ἐκείνων
459 4883 664 4954 ἔφεσις,
697 4887 730 4955 ἡ
752 4885 853 4954 τῆς
882 4884 1157 4956 βασιλείας
1181 4886 1273 4940 τοῦ
1308 4886 1443 4940 Θεοῦ
1472 4886 1672 4959 ὄρεξις,
1699 4888 1792 4941 καὶ

209 4973 244 5044 ἡ
277 4974 376 5043 τῆς
409 4972 679 5038 υἱοθεσίας
709 4975 994 5047 ἐπιθυμία.

207 5079 538 5151 Διὰγνωσις
570 5081 690 5137 τῶν
726 5085 1055 5210 λογισιῨῖ,
1103 5087 1177 5141 δι’
1218 5083 1306 5143 ὧν
1338 5085 1508 5144 πᾶσα
1538 5089 1793 5160 ἁμαρτία

865 5174 928 5210 τε
972 5174 1139 5210 ειται.

865 5174 1139 5211 τελειται.

292 5239 471 5296 Ὀκτὼ
491 5245 598 5298 είσι
622 5246 824 5310 πάντες
845 5251 893 5301 οἱ
919 5249 1256 5320 περιεκτικοὶ
1277 5249 1546 5321 λογισμοί.
1570 5251 1794 5324 Πρῶτος

205 5337 237 5390 6
267 5337 376 5407 τῆς,
399 5339 861 5411 γαστριμαργίας
898 5341 1148 5414 δεύτερος
1183 5345 1211 5395 6
1242 5344 1339 5412 τῆς
1366 5344 1638 5414 πορνείας·
1675 5346 1793 5416 τρί-

205 5444 303 5491 τος
331 5432 359 5482 6
391 5429 493 5500 τῆς
527 5430 907 5504 φιλαργυρίας·
941 5433 1199 5505 τέταρτος
1230 5439 1258 5489 6
1288 5437 1386 5507 τῆς
1424 5438 1613 5508 ὀργῆς·
1651 5437 1788 5508 πέμ-

211 5536 346 5584 πτος
365 5521 394 5573 6
415 5521 514 5592 τῆς
537 5522 733 5594 λύπης·
760 5524 916 5589 ἕκτος
943 5527 971 5579 6
993 5526 1091 5597 τῆς
1119 5527 1367 5597 ἀκηδίας⁹
1399 5528 1624 5598 ἕϐδομος
1647 5530 1675 5581 6
1694 5529 1794 5599 τῆς

210 5611 538 5677 κενοδοξίας·
569 5612 754 5682 ὄγδοος
782 5617 811 5669 6
840 5617 941 5686 τῆς
969 5617 1370 5688 ὑπερηφανίας.
1394 5621 1630 5684 Τούτους
1654 5622 1792 5676 πάνι

211 5720 312 5768 τας
338 5705 463 5770 τοὺς
483 5705 775 5778 λογισμοὺς
797 5711 1146 5783 παρενοχλεῖν
1167 5713 1262 5782 μὲν
1293 5714 1423 5783 ἡμῖν
1446 5715 1477 5785 ἢ
1500 5713 1573 5785 μὴ
1597 5733 1796 5784 παρεν-

1206 263 1592 322 SYN'PAGM-A
1632 265 1735 320 AD:
1761 265 2108 333 QUEMDAM
2143 267 2536 325 POLITICUM.

1821 394 1868 449 Δ

3336 281 3472 338 1598

2184 389 2488 460 Εόρίὶεαιὶο
2522 392 2742 462 triplicis
2773 393 2968 448 anian
2995 395 3188 463 partis.

1967 482 2165 538 Anima
2195 485 2384 539 omnis
2413 485 2701 540 rationalis
2741 494 2855 540 tres
2889 485 3052 540 habet
3083 496 3288 556 partes,
3321 504 3456 559 cogi-

1896 573 2176 640 tationem,
2231 575 2473 628 animum
2511 584 2565 628 et
2612 575 3140 644 concupiscentiam.
3197 577 3266 631 Si-
3301 579 3374 633 sit
3418 581 3468 632 in

1893 666 2077 720 animo
2116 665 2358 720 Charitas
2391 676 2443 719 et
2478 666 2887 722 huntanitaseet
2930 669 2984 720 in
3024 669 3470 738 concupiscentia

1895 755 2109 825 puritas
2157 762 2211 809 et
2246 755 2624 825 temperantia,
2672 763 2786 810 tum
2838 757 3097 827 cogitatio
3145 765 3228 812 est
3269 758 3448 812 illumi

1896 856 2055 913 nata;
2091 849 2177 904 sin
2218 856 2396 904 autem
2424 849 2478 903 in
2510 852 2692 904 animo
2727 851 2800 905 sit
2839 850 3046 916 odium,
3081 861 3136 906 et
3177 852 3232 905 in
3272 865 3450 907 concu

1894 939 2164 1009 piscentia
2193 941 2636 1011 intemperantia,
2677 941 3063 1012 cogitatiovest
3104 942 3349 999 tenebris
3398 944 3461 997 of

1896 1031 2042 1090 fusa.
2083 1031 2222 1088 Tum
2271 1049 2436 1104 porro
2468 1049 2601 1088 sana
2647 1035 3024 1104 cogitatioest
3053 1045 3107 1090 et
3139 1044 3473 1106 temperans.

1895 1139 2020 1180 cum
2045 1132 2196 1180 tenet
2217 1126 2322 1181 sibi
2354 1126 2605 1182 subditas
2628 1127 2938 1196 passiones,
2967 1141 3204 1196 cumque
3231 1129 3474 1181 rationes

1895 1229 2079 1269 rerum
2109 1230 2140 1269 a
2171 1213 2282 1271 Deo
2312 1225 2621 1272 creatarum
2649 1217 3009 1287 spiritualiter
3039 1219 3470 1288 contemplatur.

1895 1311 1950 1360 et
1973 1320 2100 1360 cum
2123 1313 2314 1361 sancta
2341 1320 2409 1362 ac
2437 1308 2594 1362 beata
2618 1305 2886 1363 Trinitate
2911 1317 3186 1364 versatur.
3221 1307 3474 1377 Tumque

1895 1397 2195 1454 secundum
2226 1405 2478 1452 naturam
2515 1406 2787 1465 movetur,
2816 1413 2940 1452 cum
2980 1414 3172 1455 omnes
3205 1408 3352 1452 amat
3381 1399 3473 1452 ho-

1895 1489 2094 1554 mines,
2128 1489 2445 1557 nullamque
2469 1487 2737 1542 adversus
2765 1488 3076 1559 quempiam
3109 1489 3310 1543 retinet
3338 1488 3473 1543 indi-

1893 1579 2206 1649 gnationem
2227 1577 2671 1647 autinjuriarum
2698 1577 3045 1632 memoriam.
3071 1576 3472 1647 Concupisceno

1896 1669 1974 1722 tia
2012 1677 2196 1724 autem
2231 1683 2355 1723 cum
2393 1683 2489 1738 per
2527 1669 2974 1738 temperantiam,
3011 1668 3378 1722 humilitatem
3416 1676 3472 1723 et

1893 1767 2291 1832 paupertatem,
2319 1761 2606 1831 passiones
2637 1759 2953 1824 mortificat,
2985 1760 3039 1814 id
3063 1768 3167 1826 est,
3197 1776 3328 1814 cum
3359 1776 3471 1815 nun

1891 1863 1978 1910 est
2009 1853 2196 1908 carnis
2238 1867 2419 1917 serva,
2464 1867 2568 1908 nec
2601 1867 2799 1907 vanam
2844 1853 3072 1924 gloriam
3103 1854 3334 1923 appetit,
3373 1854 3471 1908 sed

1891 1947 2126 2002 vertitur
2165 1947 2231 2001 ad
2261 1946 2509 2000 divinum
2537 1949 2595 2002 et
2623 1946 2985 2000 immortalem
3025 1961 3289 2002 amorem.
3326 1945 3470 2002 Con-

1892 2039 2233 2110 cupiscentia
2284 2055 2520 2110 namque
2573 2039 2642 2093 ad
2685 2039 2794 2092 tria
2826 2046 3032 2092 motum
3074 2038 3239 2093 habet
3269 2054 3468 2102 suum,

1893 2129 1961 2184 ad
1991 2131 2178 2186 carnis
2208 2131 2570 2200 voluptatem,
2603 2136 2697 2184 aut
2742 2129 2811 2184 ad
2843 2145 3038 2184 vanam
3085 2130 3338 2200 gloriam,
3376 2139 3472 2185 aut

1893 2223 1961 2277 ad
1998 2223 2268 2278 fallaciam
2303 2223 2614 2278 divitiarum
2650 2241 2664 2277 :
2703 2229 2865 2293 atque
2899 2239 2996 2293 per
3023 2223 3245 2280 stultam
3277 2223 3472 2292 hujus-

1891 2315 2041 2370 modi
2070 2315 2418 2391 ncupidinem
2462 2313 2633 2370 Deum
2679 2314 2910 2384 spernit,
2967 2313 3207 2383 itemque
3258 2312 3467 2376 divina,

1893 2424 2008 2465 sua
2035 2407 2382 2463 obliviscitur
2412 2407 2734 2469 nobilitatis,
2770 2421 2834 2460 ac
2877 2406 2934 2460 in
2962 2405 3275 2476 proximum
3308 2421 3470 2459 suum

1892 2499 2108 2566 ferocit,
2141 2500 2529 2571 cogitationem
2573 2499 2916 2564 obtenebrat,
2961 2513 3141 2568 neque
3175 2497 3306 2554 sinit
3346 2513 3467 2552 eam

1890 2594 2170 2663 respicere
2211 2591 2522 2647 veritatem.
2581 2591 2652 2644 At
2695 2591 2790 2660 qui
2838 2589 3156 2646 sublimiore
3203 2589 3470 2660 praeditus

1890 2692 1976 2740 est
1999 2690 2182 2740 mente
2209 2683 2321 2754 jam
2360 2698 2426 2738 ex
2450 2683 2555 2738 hac
2589 2683 2702 2738 vita
2731 2682 2932 2738 fruitur
2960 2698 3132 2754 regno
3175 2683 3466 2747 caelorum,

1889 2779 2170 2849 vitamque
2215 2775 2370 2831 ducit
2421 2776 2662 2840 beatam,
2705 2790 2824 2830 eam
2864 2781 3192 2846 exspectans
3237 2773 3468 2830 felicita-

1893 2881 2023 2942 tem,
2055 2886 2177 2944 quae
2201 2869 2558 2942 diligentibus
2585 2867 2754 2923 Deum
2781 2868 3020 2938 reposita
3049 2877 3154 2924 est.

2105 2985 2311 3042 Divisio
2339 2995 2388 3041 et
2414 2983 2702 3041 subdivisio
2734 2984 3010 3055 multiplex
3042 2983 3254 3039 animm.

1963 3168 2159 3223 Anima
2205 3167 2471 3224 dividitur
2499 3167 2555 3222 in
2593 3165 2996 3229 rationabilem,
3045 3163 3375 3220 irascibilem
3418 3172 3474 3218 et

1894 3263 2403 3332 concupiscibilem.
2453 3259 2817 3316 Rationabilis
2862 3265 3086 3330 peccata
3128 3257 3242 3312 haec
3280 3264 3409 3312 sunt
3454 3275 3469 3311 :

1895 3353 2212 3421 infidelitas,
2262 3353 2510 3417 haeresis,
2569 3352 2905 3422 insipientia,
2962 3349 3301 3410 indiscretio.
3348 3347 3471 3404 bla-

1895 3445 2165 3516 Sphemia,
2206 3459 2515 3500 consensus
2553 3443 2622 3498 ad
2667 3441 3030 3515 perpetranda
3068 3451 3314 3514 peccata,
3349 3456 3474 3510 qua:

1894 3552 1962 3592 ex
1993 3537 2207 3608 patibili
2257 3548 2414 3609 parte
2453 3535 2778 3608 procedunt.
2824 3535 3029 3591 Horum
3064 3549 3230 3606 porro
3259 3535 3472 3590 medela

1897 3635 2062 3698 atque
2091 3627 2309 3681 curatio
2334 3636 2458 3682 est:
2495 3626 2806 3682 indubitata
2839 3625 2972 3681 fides
3018 3624 3072 3678 in
3106 3623 3276 3679 Deum
3319 3633 3374 3679 et
3416 3625 3472 3678 in

1895 3733 2025 3775 vera
2058 3718 2333 3788 dogmata,
2374 3718 2636 3790 frequens
2664 3717 2946 3773 meditatio
2970 3717 3320 3772 oraculorum
3349 3714 3476 3786 Spi-

1895 3813 2062 3876 ritus,
2093 3828 2230 3884 pura
2253 3813 2450 3878 oratio,
2476 3817 2532 3866 et
2555 3812 2856 3882 gratiarum
2883 3810 3027 3864 actio
3050 3809 3169 3866 sine
3197 3809 3476 3865 intermis-

1899 3905 2056 3961 sione
2090 3903 2202 3961 Deo
2227 3905 2432 3960 oblata.
2462 3903 2763 3960 lrascibilis
2793 3911 3019 3974 peccata
3066 3910 3196 3958 sunt
3227 3922 3241 3958 :
3285 3902 3473 3957 immi-

1899 3995 2224 4061 sericordia,
2248 3995 2458 4061 odium,
2488 3996 2704 4049 animus
2732 3993 3229 4050 commiserationis
3252 4009 3470 4064 expers.

1897 4086 2210 4141 recordatio
2249 4085 2600 4154 injuriarum,
2634 4084 2862 4147 invidia,
2890 4083 3090 4148 caedes,
3117 4098 3181 4138 ac
3214 4083 3472 4152 frequens

1897 4192 2086 4232 earum
2127 4191 2313 4230 rerum
2346 4174 2645 4230 meditatio.
2681 4173 2884 4228 Horum
2920 4174 3128 4229 medela
3177 4181 3231 4230 et
3259 4175 3474 4229 curatio

1897 4277 2020 4325 est:
2055 4268 2390 4334 humanitas,
2421 4267 2685 4331 charitas,
2713 4267 2943 4321 fratrum
2971 4266 3214 4332 dilectio,
3246 4269 3476 4320 commi-

1899 4360 2123 4425 seratio,
2147 4361 2430 4430 patientia,
2454 4358 2840 4415 mansuetudo.
2866 4359 3327 4428 Concupiscibilis
3355 4375 3476 4428 pec-

1901 4462 2022 4511 cata
2053 4460 2215 4508 sunt:
2243 4452 2510 4520 edacitas,
2541 4452 2850 4516 fornicatio,
2885 4451 3191 4522 impuritas,
3223 4451 3474 4514 lascivia,

1898 4546 2150 4612 avaritia,
2197 4545 2386 4615 gloria:
2425 4544 2645 4614 cupido.
2702 4543 2908 4599 Horum
2957 4543 3260 4598 remedium
3311 4551 3480 4614 atque.

1898 4639 2113 4695 curatio
2145 4647 2231 4694 est
2264 4656 2277 4690 :
2311 4638 2693 4708 temperantia,
2724 4635 3016 4706 jejunium,
3041 4637 3310 4691 malorum
3335 4637 3476 4691 tole-

1897 4733 2102 4797 rantia,
2164 4738 2484 4800 paupertas,
2538 4729 2755 4799 largitio
2815 4729 3081 4783 bonorum
3145 4729 3480 4798 pauperibus

1899 4821 2066 4885 facta,
2111 4821 2382 4875 bonorum
2425 4819 2644 4874 illorum
2681 4818 3074 4872 immortalium
3117 4817 3474 4883 desiderium,

1899 4915 2054 4985 regni
2083 4912 2180 4969 Dei
2213 4912 2495 4984 appetitio,
2529 4911 2835 4982 adeptionis
2871 4911 3166 4980 cupiditas.

1901 5089 2066 5162 516
2086 5088 2321 5160 {Notitia
2350 5089 2724 5228 cogitation’zim}
2757 5089 2944 5159 quibus
2993 5096 3269 5157 peccatum
3326 5103 3478 5141 omne

2529 5175 2624 5228 per
2668 5169 2824 5212 citur.

2529 5169 2824 5228 per/icitur.

1970 5251 2344 5323 Cogitationes
2368 5266 2560 5306 omnes
2585 5262 2712 5306 octo
2742 5265 2970 5304 numero
3002 5256 3152 5303 sunt.
3186 5247 3370 5302 Prima
3394 5255 3478 5303 est

1899 5345 2068 5416 gulae;
2145 5343 2406 5407 secunda,
2475 5342 2889 5409 fornicationis;
2937 5341 3124 5408 tertia,
3195 5341 3474 5405 avaritiae;

1899 5445 2118 5509 quarta,
2165 5436 2293 5502 irae;
2333 5438 2544 5506 quinta,
2576 5436 2848 5502 tristitiae;
2883 5441 3058 5499 sexta,
3091 5435 3352 5506 pigritiae;
3386 5449 3477 5489 sc-

1901 5529 2093 5598 ptima,
2143 5526 2326 5582 inanis
2378 5526 2596 5597 gloriae;
2643 5535 2856 5590 octava,
2917 5526 3207 5596 superbiae.
3264 5523 3479 5580 Nostra:

1902 5637 2067 5692 porro
2092 5619 2372 5677 facultatis
2404 5635 2514 5675 non
2539 5628 2643 5685 est,
2674 5629 2734 5674 ut
2765 5620 2849 5675 hae
2873 5635 3064 5676 omnes
3093 5619 3476 5690 cogitationes,

1902 5713 2211 5772 molestiam
2255 5713 2340 5769 vel
2383 5711 2633 5780 all‘crant,
2673 5713 2758 5769 vel
2788 5729 2896 5770 non
2943 5713 3207 5780 afferant;
3252 5721 3310 5767 ut
3349 5725 3488 5767 vero.
