3860 6220
408 304 557 366 αις

1582 308 1641 366 S.
1680 308 2152 370 ATHANASIUS.
2195 347 2260 357 —
2305 313 2576 373 SPURIA.

3554 320 3673 373 μοι

408 434 678 493 maneant,
709 434 765 485 et
794 427 1083 499 passiones
1125 428 1390 492 excitent,
1437 429 1523 485 vel
1572 444 1681 486 non
1715 431 1981 500 excitent,

2102 433 2262 505 ›χλεῖν
2293 435 2402 489 τῶν
2436 436 2537 489 οὑκ
2569 435 2655 505 ἐφ’
2681 437 2815 508 ἡμῖν
2844 437 3011 491 ἔστιν’
3046 438 3306 509 ἐμμένειν
3340 436 3422 501 δὲ,
3463 434 3501 507 ἢ
3543 435 3677 506 πάθη

407 526 607 576 nostrae
638 518 915 578 facultatis
938 530 1043 577 est.
1072 521 1236 577 Aliud
1263 522 1412 578 enim
1437 528 1525 577 est
1553 523 1810 594 irruptio,
1833 521 1986 577 aliud

408 612 665 680 adhaesio,
707 612 856 667 aliud
887 615 1094 683 passio,
1125 613 1271 668 aliud
1301 629 1508 685 pugna,
1552 614 1705 669 aliud
1746 629 1986 671 consen-

408 722 524 768 sus,
556 706 701 761 aliud
725 708 990 777 operatio.
1019 706 1085 761 Et
1124 707 1358 778 irruptio
1379 706 1603 778 quidem
1638 715 1726 763 est
1752 706 1988 777 simplex

408 800 815 855 reminiscentia
832 802 902 855 ab
917 799 1140 855 inimico
1162 799 1424 867 inducta;
1446 799 1627 871 qualis
1651 807 1736 855 est
1762 799 1981 855 isthaec:

406 889 523 951 Hoc
556 892 746 955 facito,
782 892 868 949 vel
914 892 1048 947 illud
1076 910 1090 947 :
1124 899 1185 946 ut
1223 890 1448 947 Christo
1477 892 1607 946 olim
1635 898 1690 947 et
1738 890 1852 946 Deo
1883 904 1986 946 no-

406 990 521 1040 stro
576 984 785 1040 dictum
837 991 927 1041 est
976 1002 991 1039 :
1051 1001 1072 1035 ι
1126 983 1223 1038 Dic
1278 990 1341 1039 ut
1403 982 1613 1054 lapides
1668 983 1761 1038 isti
1814 997 1987 1054 panes

405 1077 538 1134 [iant
560 1078 626 1133 ‘°.
667 1097 686 1128 ι
724 1076 862 1144 Hoc,
893 1076 975 1133 uti
1004 1076 1214 1133 dictum
1250 1085 1358 1143 est,
1397 1092 1566 1147 penes
1597 1090 1699 1131 nos
1730 1090 1840 1130 non
1877 1082 1982 1130 est.

405 1170 656 1227 Adhaesio
682 1175 768 1226 est
808 1167 1071 1226 admissio
1111 1166 1347 1223 inductae
1391 1168 1461 1222 ab
1503 1167 1728 1222 inimico
1774 1165 1986 1237 cogita-

404 1264 591 1327 tionis.
628 1269 684 1318 et
732 1262 893 1333 quasi
931 1260 1215 1317 meditatio
1256 1268 1312 1316 et
1349 1275 1683 1332 congressus
1716 1274 1840 1315 cum
1892 1257 1987 1314 illo

403 1355 552 1409 circa
601 1353 946 1425 propositum
983 1360 1257 1409 nostrum.
1298 1350 1495 1407 Passio
1531 1361 1618 1408 est
1655 1351 1874 1407 aﬂ‘ectio
1919 1366 1987 1405 ex

402 1443 715 1501 adhmsione
753 1449 929 1512 parta,
969 1448 1121 1496 mota
1173 1441 1242 1496 ab
1289 1441 1538 1506 inimico,
1586 1440 1848 1512 passione
1877 1442 1989 1498 sci-

402 1535 533 1591 licet
560 1534 630 1590 ab
658 1534 756 1589 illo
780 1533 1056 1599 excitata;
1087 1539 1283 1603 estque
1316 1533 1466 1588 velut
1498 1532 1785 1598 admissio,
1819 1532 1989 1589 medi-

403 1625 559 1687 tatio.
602 1630 660 1679 et
696 1622 1009 1694 phantasia.
1047 1620 1240 1693 Pugna
1287 1630 1374 1677 est
1407 1622 1744 1690 colluctatio,
1790 1631 1886 1677 aut
1918 1622 1986 1677 ad

401 1715 791 1775 eliminandam
831 1716 1222 1788 cogitationem
1262 1717 1561 1786 passionis,
1597 1725 1691 1771 aut
1735 1716 1805 1770 ad
1852 1731 1986 1771 con-

403 1825 652 1875 sensum,
684 1818 745 1865 ut
773 1808 852 1863 ait
880 1777 1219 1879 Apostolus:
1326 1808 1472 1862 Caro
1508 1777 1852 1877 concupiscit
1884 1808 1987 1863 ad-
2019 1777 2062 1836 Β

404 1918 597 1959 versus
634 1902 911 1973 spiritum,
937 1909 994 1956 et
1031 1900 1263 1971 spiritus
1294 1899 1560 1957 adversus
1588 1915 1833 1957 carnem.
1860 1899 1989 1955 Haec

404 2003 585 2051 autem
618 1995 724 2051 sibi
753 1994 1136 2049 adversantur.
1168 1994 1230 2049 “.
1281 2012 1300 2046 ι
1335 1993 1657 2049 Consensus
1687 2000 1870 2048 autem
1903 1998 1990 2047 est

407 2096 573 2147 nutus
607 2088 675 2143 ad
710 2086 1024 2157 passionem
1059 2085 1431 2157 cogitationis.
1462 2084 1726 2156 Operatio
1752 2095 1839 2141 est
1871 2085 1990 2156 ipse

406 2188 585 2238 actus.
633 2178 857 2235 Deletur
902 2194 1034 2234 vero
1076 2180 1459 2249 temperantia,
1491 2178 1772 2246 edacitas;
1803 2178 1990 2234 divino

407 2286 595 2329 amore
622 2278 676 2329 et
705 2270 1018 2327 futurorum
1046 2269 1342 2334 desiderio,
1390 2268 1721 2337 fornicatio;
1754 2270 1989 2325 commi-

406 2364 685 2423 seratione
722 2377 853 2435 erga
895 2376 1188 2434 pauperes,
1235 2361 1507 2429 avaritia;
1556 2362 1895 2433 benignitate
1937 2370 1993 2418 et

405 2456 675 2516 charitate
701 2471 833 2527 erga
864 2471 1080 2519 omnes,
1110 2457 1228 2522 ira;
1265 2455 1540 2525 spirituali
1570 2456 1796 2527 gaudio,
1827 2470 1992 2510 mun-

405 2547 552 2604 dana
589 2547 851 2614 tristitia;
886 2547 1148 2618 patientia
1180 2554 1236 2601 et
1264 2546 1579 2610 tolerantia,
1608 2554 1665 2603 et
1688 2547 1991 2618 gratiarum

406 2639 625 2697 actione
651 2637 765 2693 Deo
797 2637 964 2703 facta,
1000 2639 1256 2711 pigritia;
1287 2639 1529 2695 occultis
1557 2639 1826 2695 virtutum
1856 2655 1992 2711 ope-

408 2731 585 2794 ribus,
618 2745 691 2787 ac
714 2728 988 2802 frequenti
1011 2732 1284 2795 oratione,
1312 2731 1495 2787 inanis
1521 2732 1696 2802 gloria
1733 2751 1747 2786 :
1780 2732 1991 2786 nullum

405 2821 708 2894 iudicando
729 2822 816 2879 vel
837 2822 1172 2894 spernendo,
1198 2831 1259 2877 ut
1275 2822 1515 2892 jactator
1542 2821 1635 2877 ille
1656 2820 1990 2888 Pharisaeus,

409 2928 642 2986 seseque
682 2913 928 2971 omnium
971 2919 1312 2983 postremum
1350 2911 1679 2983 reputando,
1712 2912 1990 2983 superbia.

409 3005 509 3066 lis
540 3008 708 3081 igitur
755 3022 922 3080 supra
951 3007 1118 3064 dictis
1149 3007 1506 3079 passionibus
1546 3007 1776 3064 liberata
1812 3024 1989 3072 mens,

2088 526 2281 589 κινεῖν,
2310 525 2345 596 ἢ
2381 526 2456 598 μὴ
2489 529 2682 593 κινεῖν,
2723 527 2929 598 ὁμοίως
2967 527 3079 581 τῶν
3118 530 3203 597 ἐφ’
3236 529 3394 598 ἡμῖν.
3439 525 3609 578 Ἄλλο
3631 526 3677 577 δὲ

2087 618 2203 671 ἔστι
2228 616 2522 689 προσϐολὴ,
2553 619 2649 672 καὶ
2676 618 2804 673 ἀλλο
2826 618 3183 691 συνδυασμὸς.
3215 619 3311 671 καὶ
3337 617 3473 672 ἄλλο
3492 617 3676 679 πάθος,

2087 708 2184 761 καὶ
2203 706 2333 761 ἄλλο
2352 708 2523 780 πάλη,
2547 710 2644 763 καὶ
2665 709 2794 764 ἀλλο
2821 709 3241 779 συγκατάθεσις,
3265 710 3362 763 καὶ
3386 707 3519 763 ἄλλο
3540 707 3673 778 ἐνέρ-

2086 812 2233 865 γεια.
2264 797 2374 849 Καὶ
2403 797 2679 870 προσϐολὴ
2709 798 2807 870 μὲν
2829 798 2977 852 ἔστιν
3008 801 3042 871 ή
3077 797 3267 862 ἁπλῶς
3296 798 3567 868 γινομένη
3594 796 3678 849 τοῦ

2089 887 2285 960 ἐχθροῦ
2314 889 2643 961 ὑπόμνησις·
2677 887 2809 955 οἷον,
2834 892 3067 962 Ποίησον
3087 892 3227 954 τόδε,
3257 891 3291 962 ἢ
3324 893 3467 945 τόδε
3497 892 3578 954 ὡς
3597 892 3680 944 ἐπὶ

2087 983 2181 1039 τοῦ
2202 984 2441 1057 Χριστοῦ
2465 985 2561 1037 καὶ
2587 983 2724 1037 Θεοῦ
2755 984 2934 1055 ήμῶνσ
2973 984 3141 1037 «Εἰπὲ
3168 985 3255 1037 ἴνα
3287 986 3335 1037 οἱ
3365 983 3510 1037 λίθοι
3543 978 3680 1037 οὗτοι

2087 1079 2242 1149 ἄρτοι
2280 1078 2566 1148 γένωνται.
2604 1076 2837 1140 »Τοῦτο,
2873 1076 2950 1140 ὼς
3001 1078 3240 1149 εἴρηται,
3273 1077 3374 1130 οὑκ
3404 1077 3493 1145 ἐφ’
3530 1079 3680 1146 ἡμῖν.

2089 1170 2433 1241 Συνδυασμὸς
2460 1170 2518 1223 δέ
2546 1171 2696 1223 ἐστιν
2721 1171 2754 1240 ἡ
2791 1168 3074 1240 παραδοχὴ
3107 1167 3199 1220 τοῦ
3235 1166 3681 1237 ὑποϐαλλομένον

2087 1262 2348 1334 λογισμοῦ
2379 1262 2531 1334 παρά
2569 1261 2664 1315 τοῦ
2701 1260 2922 1333 ἐχθροῦ’
2964 1254 3076 1313 οἷον
3116 1261 3234 1329 μετ’
3275 1258 3443 1311 αὑτοῦ
3480 1258 3681 1328 μελέτη

2087 1358 2183 1411 καὶ
2203 1355 2389 1426 ὁμιλία
2417 1355 2557 1426 ὑπὲρ
2585 1358 2652 1426 τῇ
2687 1353 3003 1425 προαιρέσει
3032 1352 3209 1424 ἡμῶν.
3244 1352 3425 1414 Πάθος
3448 1352 3506 1405 δέ
3538 1354 3689 1404 ἐστιν

2088 1450 2122 1520 ἡ
2149 1449 2258 1503 ἀπὺ
2274 1447 2370 1501 τοῦ
2398 1445 2740 1517 συνδυασμοῦ
2762 1444 2876 1511 ἕξις
2900 1444 3160 1515 γινομένη
3189 1444 3340 1514 παρὰ
3368 1442 3464 1496 τοῦ
3484 1443 3687 1514 ἐχθροῦ

2090 1539 2531 1611 ὑποϐαλλομένου
2561 1537 2788 1599 πάθους
2822 1538 2918 1591 καὶ
2956 1534 3069 1590 οἷον
3106 1537 3140 1607 ἡ
3184 1535 3404 1607 συνοχὴ,
3458 1536 3685 1606 μελέτη,

2089 1631 2185 1685 καὶ
2218 1629 2508 1696 φαντασία.
2554 1629 2707 1700 Πάλη
2738 1628 2795 1681 δέ
2829 1629 2978 1681 ἐστιν
3024 1628 3058 1698 ἡ
3103 1627 3438 1689 ἀντίστασις,
3473 1627 3507 1697 ἢ
3549 1625 3689 1695 πρὸς

2089 1722 2371 1795 ἀναίρεσιν
2393 1720 2491 1774 τοῦ
2518 1720 2781 1792 λογισμοῦ
2809 1719 2905 1773 τοῦ
2936 1718 3167 1783 πάθους,
3189 1719 3223 1789 ἢ
3250 1718 3389 1790 πρὸς
3414 1716 3692 1785 συγκατεί.⁹

2094 1814 2265 1879 θεσιν,
2303 1812 2487 1876 καθώς
2515 1829 2680 1884 φησιν
2708 1814 2737 1865 ό
2777 1809 3121 1873 Ἀπόστολος·
3151 1827 3172 1861 ι
3219 1810 3284 1862 Ἦ
3325 1808 3466 1882 σάρξ
3492 1807 3688 1861 ἐπιθυ-

2098 1908 2190 1977 μεῖ
2225 1904 2369 1959 κατά
2411 1903 2507 1957 τοῦ
2555 1903 2884 1974 πνεύματος,
2934 1902 2997 1955 τὸ
3042 1901 3101 1955 δὲ
3135 1901 3357 1973 πνεῦμα
3392 1900 3539 1955 κατά
3590 1899 3691 1970 τῆς

2096 1998 2322 2070 σαρκός.
2350 1996 2539 2050 Ταῦτα
2568 1996 2625 2049 δὲ
2660 1996 2993 2049 ἀντίκεινται
3024 1995 3294 2066 ἀλλήλοις.
3338 2014 3357 2045 ι
3395 1993 3691 2062 {aptari-

2095 2090 2245 2153 θεσις
2267 2088 2323 2142 δὲ
2357 2089 2391 2160 ἡ
2419 2088 2747 2152 κατάνευσις
2779 2087 2915 2159 πρὸς
2941 2087 3004 2141 τὸ
3044 2088 3217 2151 πάθος
3254 2085 3349 2141 τοῦ
3395 2087 3690 2156 λογισμου.

2109 2180 2388 2253 Ἐνέργεια
2417 2181 2475 2234 δὲ
2500 2182 2534 2252 ἡ
2569 2179 2708 2251 αὑτὴ
2731 2180 2948 2252 πρᾶξις.
2992 2181 3327 2252 Ἀναιρεῖται
3357 2178 3416 2231 δὲ
3446 2179 3555 2231 ὑπὸ
3591 2177 3691 2248 μὲν

2094 2275 2194 2345 τῆς
2237 2272 2566 2345 ἐγκρατείας
2608 2274 2642 2344 ἡ
2675 2273 3115 2344 γαστριμαργία,
3167 2272 3273 2326 ὑπο
3313 2271 3372 2325 δὲ
3409 2270 3508 2324 τοῦ
3539 2270 3693 2323 θείου

2096 2364 2264 2419 πόθου
2308 2364 2403 2418 καὶ
2443 2363 2546 2435 τῆς
2587 2364 2698 2417 τῶν
2740 2363 3044 2431 μελλόντων
3077 2363 3319 2433 ἐφέσεως
3354 2364 3389 2433 ἡ
3437 2360 3685 2433 πορνεία·

2097 2460 2201 2512 ὑπὸ
2227 2459 2284 2512 δὲ
2312 2459 2415 2529 τῆς
2447 2458 2796 2529 συμπαθείας
2817 2459 2916 2529 τῆς
2938 2458 3217 2529 πρὸςτοὺς
3244 2456 3492 2527 πένητας
3507 2457 3541 2523 ή
3562 2454 3684 2523 φιλ-

2096 2552 2358 2623 αργυρία’
2390 2552 2498 2605 ὑπὸ
2521 2550 2578 2604 δὲ
2612 2551 2714 2621 τῆς
2743 2550 3085 2620 ἀγαθότητος
3108 2550 3203 2604 καὶ
3257 2548 3363 2619 τῆς
3389 2547 3531 2619 πρὸς
3556 2548 3691 2601 πάν-

2097 2660 2197 2707 τας
2222 2643 2448 2714 ἀγάπης
2481 2645 2514 2715 ἠ
2546 2643 2708 2713 ὀργή·
2751 2641 2859 2694 ὑπὸ
2884 2641 2943 2695 δὲ
2970 2641 3074 2711 τῆς
3105 2637 3485 2711 πνευματικῆς
3514 2639 3689 2707 χαρᾶς

2098 2737 2131 2807 ἡ
2152 2734 2393 2807 κοσμικὴ
2414 2735 2580 2804 λύπη·
2598 2734 2704 2788 ὑπὸ
2722 2734 2780 2788 δὲ
2794 2734 2895 2805 τῆς
2921 2732 3221 2803 ὑπομονῆς,
3240 2730 3335 2785 καὶ
3360 2730 3689 2801 καρτερίας,

2099 2829 2193 2881 καὶ¹
2224 2827 2328 2897 τῆς
2353 2827 2490 2899 πρὸς
2516 2826 2648 2881 Θεὸν
2672 2825 3045 2899 εὐχαριστίας,
3064 2829 3097 2896 ἡ
3120 2824 3339 2894 ἀκηδίαο
3377 2822 3484 2876 ὑπὸ
3508 2821 3565 2875 δὲ
3588 2821 3688 2888 τῆς

2100 2920 2350 2991 κρυπτῆς
2395 2918 2505 2972 τῶν
2553 2918 2767 2990 ἀρετῶν
2819 2917 3104 2989 ἐργασίας,
3160 2917 3253 2971 καὶ
3290 2916 3389 2985 τῆς
3427 2913 3687 2984 συνεχοῦς

2102 3011 2414 3083 προσευχῆς
2447 3013 2480 3083 ἡ
2507 3010 2806 3077 κενοδοξία·
2835 3011 2943 3065 ὑπὸ
2973 3010 3031 3064 δὲ
3062 3009 3157 3064 τοῦ
3192 3010 3268 3081 μὴ
3303 3008 3516 3080 κρίνειν
3545 3007 3687 3065 τινὰ,

408 3113 464 3160 et
487 3101 558 3158 ad
580 3101 753 3157 Deum
776 3110 977 3165 erecta,
1008 3101 1120 3172 jam
1144 3115 1210 3156 ex
1237 3100 1341 3155 hoc
1364 3100 1571 3155 mundo
1594 3103 1809 3161 beatam
1840 3101 1994 3156 ducit

2102 3103 2133 3175 ἦ
2161 3103 2483 3171 ἐξουθενεῖνι
2516 3104 2594 3167 ὡς
2625 3104 2655 3156 ὁ
2682 3105 3022 3176 μεγάλαυχος
3052 3105 3362 3175 Φαρισαῖος,
3394 3100 3507 3154 ἀλλ’
3543 3102 3689 3170 ἡγεῖ·

410 3197 603 3263 vitam,
625 3203 853 3267 accepto
877 3193 1119 3266 Spiritus
1144 3194 1453 3251 arrhabone
1479 3213 1493 3249 :
1526 3201 1693 3264 atqtle
1718 3194 1849 3251 hinc
1873 3210 1995 3266 pro-

2106 3195 2231 3249 σθαι
2259 3197 2451 3250 ἑαυτὸν
2475 3196 2704 3267 ἔσχατον
2726 3197 2967 3260 πάντων,
2998 3197 3033 3267 ἡ
3064 3193 3437 3266 ὑπερηφανία.
3469 3190 3513 3243 Τ
3516 3191 3695 3244 of:th

414 3289 558 3346 tecta
597 3288 919 3363 passionum
954 3301 1171 3357 expers,
1206 3300 1334 3341 cum
1376 3300 1508 3342 vera
1551 3285 1889 3357 cognitione,
1927 3287 1996 3342 ad

413 3383 601 3438 lumen
632 3387 839 3438 sancta:
864 3394 928 3435 ac
955 3379 1126 3435 beatae
1147 3377 1436 3434 Trinitatis
1466 3378 1685 3434 sistitur
1709 3378 1766 3433 in
1796 3380 1997 3435 saecula

415 3473 629 3531 inﬁnita
657 3488 784 3530 cum
815 3472 1022 3528 sanctis
1050 3470 1259 3541 angelis
1286 3468 1585 3540 refulgens.

2104 3286 2199 3344 οῦν
2233 3290 2345 3343 τῶν
2375 3291 2685 3361 είρημένων
2725 3288 2917 3343 παθῶν
2944 3290 2973 3341 ό
3009 3288 3134 3352 νοῦς
3165 3284 3571 3358 ἐλευθερωθεὶς,
3600 3284 3696 3337 καὶ

2104 3383 2242 3455 πρὸς
2268 3383 2403 3437 Θεὸν
2429 3382 2757 3452 ἀνυψωθεῖς,
2798 3380 3129 3435 ἀπεντεῦθεν
3171 3379 3237 3451 ζῇ
3280 3379 3380 3450 τὴν
3417 3375 3694 3448 μακαρίαν

2106 3474 2276 3547 ζωὴν,
2312 3476 2405 3530 τὸν
2438 3474 2737 3549 ἀρραϐῶνα
2766 3474 3056 3547 δεχόμενος
3087 3472 3181 3526 τοῦ
3215 3470 3557 3542 Πνεῦματος·
3599 3467 3697 3520 καὶ

413 3569 524 3625 τῶν
587 3567 838 3625 ἐντεῦθεν
904 3567 1264 3639 ἀποδημήσας
1311 3567 1450 3638 μετά
1487 3566 1758 3631 ἀπαθείας
1799 3567 1895 3622 καὶ
1934 3567 2184 3637 γνώσεως
2227 3571 2483 3642 ἀληθοῦς,
2534 3572 2869 3644 παρίσταται
2909 3569 2989 3640 τῷ
3053 3567 3193 3638 φωτὶ
3225 3566 3327 3635 τῆς
3395 3564 3562 3633 ἁγίας
3601 3560 3696 3614 καὶ

418 3661 697 3734 μακαρίας
729 3660 959 3733 Τριάδος
990 3663 1070 3725 είς
1101 3659 1307 3723 αἰῶνας
1337 3660 1678 3732 ἀπεράντους
1712 3658 1850 3730 μετά
1878 3660 1988 3715 τῶν
2022 3663 2191 3732 ἁγίων
2215 3663 2465 3734 ἀγγέλων
2496 3663 3006 3734 καταλαμπόμενος.

878 3776 1164 3831 Distinctio
1192 3776 1521 3845 passionum.

488 3888 814 3945 Passionnm
845 3890 966 3944 aliae
995 3904 1272 3960 corporeae
1294 3896 1443 3952 sunt,
1474 3889 1593 3943 alia:
1622 3889 1860 3943 animam
1884 3903 2002 3960 spe-

419 3990 593 4038 ctant.
639 3982 951 4052 Corporeas
981 3981 1237 4044 dicimus,
1284 3979 1636 4048 edacitatem,
1672 3980 1997 4036 fornicatio-

419 4089 567 4138 nem,
602 4074 950 4136 elirietatem,
994 4073 1301 4130 lasciviam.
1345 4072 1599 4127 Animam
1647 4082 1894 4144 spectare
1923 4072 2007 4126 di-

421 4168 598 4223 eimus
632 4168 817 4230 hasce,
848 4167 1034 4222 odium
1059 4180 1189 4237 erga
1225 4165 1561 4237 proximum,
1594 4165 1756 4230 iram,
1780 4171 2008 4220 conten-

421 4258 651 4320 tionem,
713 4259 934 4313 inanem
999 4257 1249 4327 gloriam.
1303 4255 1396 4310 Ha:
1448 4256 1504 4309 in
1571 4256 1753 4309 anima
1815 4262 2006 4309 nostra

423 4357 748 4422 operantur,
781 4349 1007 4404 absente
1038 4347 1307 4403 charitate
1347 4354 1400 4401 et
1435 4346 1832 4416 temperantia;
1865 4360 2008 4416 pra:-

425 4450 580 4499 sente
630 4449 811 4497 autem
860 4440 1127 4495 charitate
1175 4447 1338 4510 atque
1378 4439 1764 4509 temperantia,
1816 4437 2005 4493 isthaec

425 4533 609 4590 omnia
651 4532 939 4599 delentur;
980 4532 1086 4585 alia
1127 4546 1227 4601 per
1258 4531 1600 4602 spiritualem
1650 4529 2003 4592 charitatcm,

426 4626 531 4681 alia
589 4639 688 4695 per
728 4623 999 4694 jejunium
1050 4633 1102 4679 et
1147 4622 1593 4693 temperantiam.
1651 4619 1808 4676 Tunc
1859 4622 2005 4677 enim

426 4734 584 4775 mens
630 4716 993 4772 domesticum
1032 4715 1217 4771 lumen
1260 4714 1480 4785 accipit,
1528 4728 1593 4769 ac
1642 4712 1813 4770 Deum
1857 4715 2011 4769 nullo

427 4816 586 4871 obice
608 4812 776 4867 videt.

926 4922 1005 4981 De
1034 4922 1127 4979 Dei
1158 4922 1510 4993 providentia.

498 5044 693 5101 Omnia
726 5057 795 5097 ex
824 5039 939 5094 Deo
984 5046 1136 5105 sunt,
1165 5037 1332 5101 bona,
1366 5034 1568 5103 tristia,
1596 5032 1857 5104 indigna;
1914 5030 2010 5086 sed

426 5140 533 5195 alia
568 5137 791 5210 quidem
822 5132 1028 5206 placito
1066 5131 1223 5201 ejus;
1257 5131 1386 5192 alia,
1414 5128 1869 5199 dispensatione;
1907 5126 2010 5180 alia

429 5230 817 5303 permissione.
849 5225 983 5293 Quae
1012 5224 1215 5296 placito
1240 5222 1362 5291 ejus
1385 5219 1686 5294 (eveniunt)
1704 5233 1830 5273 cum
1860 5217 2011 5271 scili-

425 5331 514 5380 cet
546 5322 714 5377 vitam
745 5322 801 5375 in
825 5320 1032 5374 virtute
1060 5319 1309 5388 agimus;
1333 5314 1450 5369 vult
1471 5328 1710 5382 namque
1740 5311 1884 5366 Deus
1908 5324 2010 5364 nos

427 5414 549 5470 sine
579 5419 809 5485 peccato
841 5410 1063 5481 degere,
1103 5416 1270 5479 atque
1311 5422 1436 5463 cum
1477 5405 1683 5476 pietate
1718 5412 1772 5459 et
1812 5404 2016 5458 virtute

426 5507 595 5560 vitam
667 5505 979 5559 instituere.
1041 5499 1471 5572 Dispensatione
1520 5504 1725 5560 autem,
1791 5493 2014 5565 quando

425 5597 565 5668 lhpsi
593 5602 649 5653 et
670 5604 795 5667 post
823 5603 1109 5666 peccatum
1142 5592 1449 5647 admissum
1484 5587 1841 5661 castigamur.
1878 5584 2013 5642 Per-

511 5749 563 5781 ”
596 5746 787 5802 Matth:
824 5761 898 5814 Iv,
930 5747 985 5802 '5.
1064 5746 1107 5778 "
1146 5744 1321 5803 Calui.
1356 5760 1418 5811 ν,
1452 5741 1544 5797 17,

2560 3756 2827 3821 Διὰθεσις
2863 3755 2981 3809 τῶν
3007 3750 3232 3807 παθῶν.

2177 3854 2301 3907 Τῶν
2330 3851 2520 3906 παθῶν
2550 3850 2618 3905 τά
2655 3850 2754 3921 μὲν
2785 3849 2900 3902 ἔστι
2931 3845 3238 3918 σωματικὰ,
3270 3842 3341 3897 τά
3372 3841 3431 3894 δὲ
3463 3836 3695 3909 ψυχικά.

2107 3947 2219 4001 Καὶ
2237 3943 2528 4017 σωματικά
2550 3944 2647 4013 μὲν
2666 3942 2901 4014 λέγομεν
2920 3936 3385 4011 γαστριμαργίαν,
3413 3931 3698 4004 πορνείαν.

2110 4037 2301 4109 μέθην,
2330 4036 2637 4105 ἀσέλγειανο
2664 4033 2875 4105 ψυχικά
2896 4031 2952 4086 δὲ
2985 4032 3141 4103 μίσος
3165 4029 3304 4099 πρὸς
3321 4025 3413 4079 τὸν
3442 4022 3697 4093 πλησίον,

2107 4129 2321 4199 φθόνος,
2349 4129 2487 4201 ἔρις,
2513 4127 2813 4195 κενοδοξία,
2841 4122 3211 4196 ὑπερηφανία.
3242 4118 3433 4172 Ταῦτα
3462 4116 3522 4170 δὲ
3548 4117 3700 4184 ἐνερ-

2104 4221 2292 4290 γοῦσιν
2316 4222 2398 4285 είς
2419 4219 2515 4291 τὴν
2538 4218 2813 4291 ἡμετέραν
2841 4215 3041 4286 ψυχὴν,
3072 4210 3322 4279 ἀπούσης
3349 4207 3580 4278 ἀγάπης
3602 4203 3700 4257 καὶ

2106 4312 2453 4385 ἐγκρατείας*
2482 4310 2767 4384 παρούσης
2814 4309 2871 4362 δὲ
2927 4307 3146 4376 ἀγάπης
3192 4301 3289 4355 καὶ
3344 4296 3699 4370 inputem,

2104 4404 2279 4459 ταῦτα
2328 4404 2505 4459 πάντα
2561 4402 2995 4471 ἐξαφανίζονται,
3042 4396 3113 4449 τὰ
3169 4393 3267 4465 μὲν
3312 4390 3418 4445 ὑπὸ
3475 4387 3702 4456 ἀγάπης

2040 4488 2082 4542 θ
2108 4499 2508 4571 πνευματικῆς,
2557 4496 2625 4549 τὰ
2672 4494 2728 4547 δὲ
2764 4493 2869 4547 ὑπὸ
2909 4488 3163 4561 νηστείας
3205 4485 3301 4539 καὶ
3345 4479 3703 4571 ἐγκρατείας.

2109 4568 2262 4642 Τότε
2283 4587 2392 4658 γάρ
2419 4568 2449 4639 ό
2477 4585 2601 4649 νοῦς
2629 4583 2723 4638 καὶ
2749 4583 2811 4635 τὸ
2833 4582 3033 4634 οἰκεῖον
3061 4575 3177 4646 φῶς
3204 4570 3585 4642 ἀπολαμϐάνει
3606 4568 3702 4623 καὶ

2108 4682 2200 4736 τὸν
2225 4681 2360 4734 Θεὸν
2388 4674 2884 4750 ἀπαρεμποδίστως
2911 4673 3034 4744 ὁρᾷ.

2424 4857 2567 4926 Περὶ
2594 4853 2702 4923 τῆς
2738 4853 2844 4909 τοῦ
2885 4851 3033 4907 Θεοῦ
3066 4846 3375 4918 προνοίας.

2182 4954 2369 5009 Πάντα
2396 4954 2459 5005 ὲκ
2487 4949 2581 5005 τοῦ
2610 4945 2769 5012 Θεοῦ,
2800 4946 2896 5001 καὶ
2921 4945 2989 4998 τὰ
3015 4941 3217 5011 ἀγαθά.
3248 4942 3349 4993 καὶ
3376 4936 3447 4990 τά
3477 4934 3704 5006 λυπηρά

2111 5042 2205 5096 καὶ
2230 5042 2299 5096 τὰ
2318 5038 2511 5104 ἀνάξια
2534 5056 2546 5068 ·
2567 5037 2702 5092 ἀλλά
2721 5035 2792 5090 τά
2823 5036 2919 5105 μὲν
2949 5032 3188 5101 εὐδοκία,
3219 5028 3288 5082 τὰ
3309 5028 3369 5082 δὲ
3391 5025 3701 5096 οἰκονομία.

2110 5133 2178 5186 τά
2214 5132 2272 5187 δὲ
2313 5130 2728 5201 παραχωρήσει.
2765 5126 2878 5180 Καὶ
2904 5124 2971 5177 τὰ
3001 5124 3121 5176 κατ’
3154 5119 3427 5181 εὐδοκίαν,
3461 5117 3553 5171 ὅτε
3581 5115 3703 5168 κατ’

2112 5222 2312 5296 ἀρετὴν
2360 5219 2791 5291 πολιτευώμεθα·
2849 5215 3098 5287 βούλεται
3147 5212 3257 5284 γὰρ
3304 5212 3454 5282 ἡμᾶς
3500 5210 3532 5261 ὁ
3570 5204 3703 5266 Θεὸς

2112 5312 2533 5384 ἀναμαρτήτους
2563 5310 2795 5379 διάγειν,
2839 5308 2934 5362 καὶ
2975 5304 3112 5377 μετά
3136 5305 3236 5375 τῆς
3265 5300 3575 5363 εὑσεσείας,
3609 5297 3705 5351 καὶ

2111 5406 2314 5477 ἀρετῆς
2341 5401 2741 5457 πολιτεύεσθαι.
2774 5402 2913 5454 Κατ’
2936 5396 3247 5467 οἰκονομίαν
3272 5395 3351 5460 δὲ,
3379 5394 3513 5447 ὅταν
3536 5387 3703 5459 σφαλ-

2110 5494 2327 5566 λόμενοι
2360 5495 2455 5547 καὶ
2486 5492 2896 5566 ἁμαρτάνοντες
2941 5486 3348 5559 παιδευώμεθα.
3391 5482 3554 5539 Κατά
3591 5498 3700 5535 πα·

2115 5581 2428 5658 ραχώρησιν
2454 5581 2531 5647 δὲ,
2560 5582 2687 5635 ὅταν
2718 5578 3097 5649 παιδευόμενοι
3141 5577 3216 5649 μὴ
3254 5572 3707 5645 ἔπιε-τρέφωμεν
