3860 6220
108 340 242 398 ιιοι

1102 345 1486 403 SYNTAGMA
1528 347 1619 400 AD
1659 346 2002 413 QUEMDAM
2048 345 2449 403 POLITICUM.

3236 350 3379 406 1402

106 462 366 534 εὐδόκησε
394 463 502 534 γὰρ
534 464 562 516 ὀ
597 464 731 529 Θεὸς
759 464 847 519 τὸν
888 465 1172 539 ἄνθρωπον
1214 468 1474 538 σωθῆναι,
1512 467 1693 532 καθὼς

1798 470 2062 526 missione
2083 484 2236 535 vero,
2263 457 2401 524 ουηί
2415 466 2667 537 castigati
2692 478 2801 521 non
2831 466 3219 522 convertimur.
3241 467 3380 524 Nam

105 558 206 611 καὶ
235 558 284 611 οὶ
328 557 551 626 ἄγγελοι
592 557 765 611 ἐϐόων
802 559 1067 629 λέγοντες·
1115 580 1133 613 ι
1163 561 1304 628 Δόξα
1349 563 1407 616 ἐν
1450 561 1695 631 ὑψίστοις

106 648 248 720 Θεῷ,
281 650 374 702 καὶ
402 649 595 722 εἰρήνη
634 650 728 703 ἐπὶ
769 651 871 721 γῆς
912 653 970 704 ἐν
1010 651 1322 725 ἀνθρώποις
1363 652 1632 717 εὐδοκίας.
1670 671 1689 706 ι

107 741 485 812 Οἰκονομικῶς
513 741 572 795 δὲ
602 742 764 799 πάλιν
794 742 1038 797 παιδεύει
1076 745 1227 815 ἡμᾶς
1250 744 1690 816 ἁμαρτάνοντας,

112 852 133 883 ε
173 833 260 886 ἴνα
289 832 364 903 μὴ
389 834 485 886 σὺν
511 831 589 904 τῷ
613 833 805 904 κόσμῳ
844 835 1288 905 κατακριθῶμεν,
1321 855 1339 886 ι
1365 835 1442 899 ὥς
1473 852 1637 906 φησιν
1667 838 1697 890 ὁ

119 923 461 986 Ἀπὸστολοςσ
493 943 514 976 ι
542 925 868 995 Κρινόμενοι
892 926 949 980 δὲ
970 928 1076 981 ὑπὸ
1095 928 1191 981 τοῦ
1212 927 1420 999 Κυρίου
1447 928 1698 982 παιδευό-

109 1016 271 1086 μεθα.
321 1017 435 1069 Οὐκ
469 1015 584 1070 ἐστι
629 1018 798 1071 κακία
842 1021 902 1071 ἐν
949 1019 1121 1084 πόλει,
1170 1020 1238 1090 ἠν
1278 1023 1308 1074 ὁ
1348 1020 1553 1092 Κύριος
1596 1020 1697 1074 οὐκ

106 1106 357 1178 ἐποίησε·
405 1127 424 1160 ι
465 1108 710 1162 τουτέστι
760 1109 1001 1182 λοιμοὺς,
1057 1112 1271 1183 λιμοὺς,
1330 1113 1540 1177 νόσους,
1602 1114 1696 1167 καὶ

110 1197 328 1267 σφαγὰς
366 1197 641 1269 πολέμων.
692 1198 879 1253 Ταῦτα
920 1200 1032 1272 γὰρ
1074 1202 1253 1259 πάντα
1289 1202 1389 1272 τῆς
1419 1201 1694 1273 ἁμαρτίας

107 1288 260 1343 ἐστὶν
290 1289 634 1362 ἀναιρετικά.
683 1290 1013 1365 Παραχωρεί
1043 1292 1102 1345 δὲ
1141 1293 1236 1346 καὶ
1282 1291 1499 1356 τελείως
1531 1294 1697 1361 ἐγκα-

108 1381 447 1453 ταλιμπάνει
489 1382 619 1446 τοὺς
662 1384 736 1455 μὴ
801 1383 1056 1449 θέλοντας
1099 1385 1132 1455 ἢ
1172 1384 1573 1456 ἀναμαρτήτως
1617 1385 1697 1438 δι-

108 1471 293 1541 άγειν,
325 1474 359 1545 ἢ
394 1472 818 1545 παιδευομένους
863 1476 936 1547 μὴ
978 1475 1347 1546 ἐπιστρέφειν,
1370 1476 1487 1530 ἀλλ’
1515 1475 1595 1528 ἐτι
1626 1478 1693 1548 τῇ

110 1563 282 1634 κακίᾳ
307 1565 585 1635 ἐμμένειν,
604 1566 786 1628 καθὼς
817 1566 1151 1638 γέγραπται,
1183 1569 1265 1621 ὃτι
1298 1587 1317 1619 ι
1341 1567 1694 1635 Τετύφλωκεν

107 1659 141 1710 ὀ
163 1657 293 1721 Θεὸς
316 1659 495 1712 αὐτῶν
519 1661 645 1723 τούς
666 1660 998 1732 ὀφθαλμοὺς,
1029 1663 1122 1715 καὶ
1146 1661 1483 1732 ππώμυκεν
1514 1662 1694 1716 αὐτῶν

106 1748 212 1819 τὴν
244 1750 490 1822 καρδίαν·
520 1771 539 1804 ι
566 1751 659 1805 καί
674 1769 688 1782 ·
709 1771 728 1804 ι
749 1753 1073 1825 Παρέδωκεν
1101 1755 1298 1818 αὐτοὺς
1324 1755 1405 1819 είς
1435 1755 1695 1824 ἀδόκιμον

107 1838 239 1893 νοῦν
269 1845 442 1895 ποιεῖν
466 1841 536 1895 τὰ
571 1842 645 1914 μὴ
671 1843 1004 1914 καθήκονταθ
1039 1864 1058 1897 ι
1102 1845 1403 1910 τουτέστιν,
1422 1846 1572 1900 εἴασε
1604 1844 1695 1899 διὰ

105 1931 176 1985 τὸ
198 1932 538 1999 αὐτεξούσιον
558 1950 572 1964 ⁸
601 1936 698 1989 καί
733 1954 752 1987 ι
772 1936 1098 2009 Σκληρύνων
1129 1937 1418 2010 σκληρυνῶ
1441 1939 1542 2010 τὴν
1567 1956 1695 2011 καρο

106 2023 233 2077 δίαν
264 2024 495 2097 Φαραώ·
532 2044 551 2078 ι
575 2026 846 2092 τουτέστι,
873 2030 1265 2101 παραχωρήσω
1294 2029 1695 2103 σκληρυνθῆναι

110 2114 204 2170 διὰ
229 2116 329 2188 τὴν
360 2118 630 2174 ἀπάθειαν
663 2118 853 2176 αὐτοῦ.
995 2123 1003 2132 ’

356 2232 501 2303 Περὶ
543 2230 656 2300 τῆς
679 2232 1220 2302 αὐτεξουσιότητος
1256 2234 1444 2305 ἡμῶν.

199 2323 259 2377 Ὀ
293 2323 422 2388 Θεὸς
468 2324 559 2378 τὸν
587 2324 872 2398 ἄνθρωπον
916 2326 1261 2392 αὐτεξούσιον
1299 2328 1520 2395 ἔπλασε,
1551 2329 1697 2403 λόγῳ

114 2419 214 2473 καὶ
242 2418 405 2489 σοφίᾳ
444 2418 765 2490 τιμηθέντα,
798 2418 905 2490 πρὸ
932 2420 1225 2491 ὀφθαλμῶν
1261 2421 1427 2474 αὐτοῦ
1456 2422 1570 2488 θεὶς
1597 2424 1696 2496 τὴν

114 2510 263 2580 ζωὴν
295 2511 390 2565 καὶ
414 2510 506 2564 τὸν
536 2508 783 2565 θάνατον·
815 2512 922 2578 ἵνα,
956 2514 1005 2566 εί
1030 2514 1128 2583 μὲν
1150 2512 1363 2586 θελήσει
1393 2518 1458 2588 τῇ
1496 2516 1688 2584 αὐτεξ-

112 2601 390 2673 ουσιὸτητι
417 2601 516 2672 τῆς
542 2600 723 2672 ζωῆς⁶
756 2601 1071 2675 παραθήσῃ,
1104 2601 1243 2675 ζήσῃ
1268 2605 1349 2666 εἰς
1367 2606 1460 2658 τὸν
1490 2604 1691 2659 αἰῶνα*

114 2696 169 2747 εί
224 2694 280 2747 δὲ
313 2693 423 2747 ἀπὸ
471 2695 647 2765 κακῆς
680 2694 1049 2768 προαιρέσεως
1098 2695 1405 2769 παραθήσει
1440 2699 1539 2770 τὴν
1581 2698 1698 2753 ὁδὸν

113 2785 215 2840 τοῦ
243 2785 496 2851 θανάτου,
523 2786 759 2850 αἱωνίως
784 2786 1106 2859 κολάζηται.
1125 2788 1206 2843 Τὰ
1231 2789 1340 2860 γὰρ
1363 2789 1465 2861 τῆς
1486 2790 1700 2861 φύσεως

115 2878 474 2952 ἀμετάϐλητα
505 2879 628 2933 οὐτε
660 2880 940 2952 τιμωριῶν
966 2880 1090 2934 οὐτε
1127 2882 1301 2953 τιμῆς
1331 2883 1475 2948 ἄξια.
1511 2883 1699 2949 Οὐδεὶς

115 2972 234 3043 γὰρ
267 2970 528 3042 ἐνεκλήθη
566 2972 696 3025 ποτὲ
727 2971 790 3026 τὸ
827 2969 967 3027 εἶναι
1010 2972 1232 3039 λευκὸς,
1263 2974 1296 3046 ἢ
1333 2975 1531 3046 μέλας,
1566 2975 1599 3047 ἢ
1637 2974 1700 3029 τὸ

114 3059 262 3117 εἶναι
290 3064 520 3135 μακρὸς,
558 3064 592 3135 ἢ
642 3064 873 3136 μικρός·
902 3066 964 3117 οὐ
1004 3066 1113 3138 γὰρ
1156 3068 1256 3139 τῆς
1289 3069 1562 3142 ἡμετέρας
1590 3070 1697 3123 εἰσὶ

1794 561 1905 618 Deo
1931 563 2192 633 placitum
2214 569 2299 617 est
2324 560 2598 615 hominem
2626 559 2838 613 salvum
2860 558 3001 623 fieri,
3024 561 3381 629 quemadmo-

1793 656 1923 711 dum
1952 663 2007 711 et
2038 655 2217 726 angeli
2243 653 2555 708 clamabant
2581 650 2870 707 dicentes:
2919 670 2937 703 ι
2976 651 3160 707 Gloria
3191 654 3245 707 in
3283 669 3380 708 ex-

1793 746 1960 802 celsis
2006 744 2136 808 Deo,
2171 751 2227 799 et
2268 745 2321 797 in
2373 751 2520 796 terra
2571 757 2698 812 pax,
2742 742 2800 795 in
2849 740 3010 812 517
3059 742 3376 802 hominibus

1793 838 1952 892 bonae
1974 836 2281 892 voluntatis
2298 835 2364 898 ¹²,
2403 852 2421 884 ι
2445 833 2581 888 Cum
2598 835 2903 888 teconomia
2927 850 3056 889 vero
3078 850 3179 891 nos
3204 837 3382 890 corri-

1794 930 1875 999 pit
1914 937 2226 999 peccantes,
2281 945 2299 977 (
2347 932 2407 979 ut
2440 939 2551 979 non
2598 940 2722 979 cum
2760 924 2865 979 hoc
2905 926 3110 981 mundo
3154 928 3379 984 damne-

1796 1036 1940 1084 mur,
1983 1040 2002 1072 ι
2035 1029 2097 1074 ut
2125 1020 2200 1073 ait
2232 1018 2568 1089 Apostolus:
2606 1034 2626 1068 ι
2666 1015 2805 1071 Cum
2834 1017 3147 1085 judicamur
3173 1028 3377 1084 autem,

1795 1127 1827 1166 a
1853 1110 2083 1166 Domino
2108 1110 2438 1180 corripimur
2455 1104 2717 1162 ".——Non
2739 1116 2824 1161 est
2841 1107 3042 1160 malum
3060 1108 3114 1161 in
3132 1108 3374 1171 civitate,

1794 1203 1940 1275 quod
1968 1219 2077 1257 non
2114 1202 2303 1257 fecerit
2331 1199 2595 1254 Dominus
2622 1199 2688 1262 ιδ,
2733 1217 2751 1250 ι
2790 1198 2845 1253 id
2886 1205 2991 1262 est,
3027 1210 3257 1269 pestem,
3295 1199 3377 1253 fa-

1794 1311 1962 1360 mem,
2000 1296 2273 1350 bellorum
2309 1292 2510 1347 caedes.
2542 1290 2669 1345 Haec
2701 1290 2846 1345 enim
2876 1291 3060 1343 omnia
3093 1300 3375 1359 peccatum

1797 1385 2078 1443 auferunt.
2107 1384 2381 1440 Permittit
2411 1400 2541 1439 vero
2567 1394 2729 1452 atque
2756 1383 2985 1437 omnino
3013 1384 3146 1438 sinit
3165 1399 3260 1439 eos
3284 1380 3378 1454 q'ui

1795 1480 1915 1535 sine
1959 1485 2187 1548 peccato
2219 1476 2418 1546 degere
2462 1475 2675 1540 nolunt,
2724 1483 3010 1543 correptos
3045 1490 3155 1528 non
3194 1490 3380 1530 emen-

1792 1571 1935 1635 dari,
1976 1569 2073 1625 sed
2104 1570 2160 1622 in
2187 1568 2396 1622 malitia
2434 1582 2809 1638 perseverare,
2840 1567 2917 1619 uti
2950 1567 3213 1635 scriptum
3248 1572 3371 1621 est:

1799 1681 1819 1714 σ
1844 1661 2147 1717 Excaecavit
2167 1659 2311 1715 Deus
2331 1661 2523 1714 oculos
2551 1674 2764 1723 eorum,
2783 1665 2836 1713 et
2852 1673 2951 1712 cor
2970 1672 3158 1712 eorum
3179 1657 3380 1711 obscu-

1793 1754 1968 1820 ravit;
2002 1761 2097 1807 ret
2129 1768 2144 1806 :
2180 1769 2200 1802 ι
2230 1750 2478 1806 Tradidit
2502 1765 2595 1805 eos
2621 1749 2678 1803 in
2714 1750 3009 1818 reprobum
3048 1764 3292 1815 sensum,
3318 1755 3379 1803 ut

1727 1829 1766 1879 Β
1796 1844 2003 1899 faciant
2034 1857 2098 1897 ea
2121 1857 2242 1912 quae
2263 1856 2370 1895 non
2388 1840 2727 1896 conveniunt
2751 1840 2793 1871 “‘
2818 1856 2833 1906 ;
2867 1858 2886 1891 ›
2916 1840 2967 1894 id
2997 1847 3099 1901 est,
3131 1838 3380 1908 permisit

1795 1936 1866 1991 ob
1906 1935 2138 1991 liberum
2177 1934 2500 1999 arbitrium;
2524 1939 2579 1986 et
2604 1951 2617 1986 :
2646 1950 2665 1983 ι
2687 1930 2956 1985 lndurans
2988 1930 3257 1984 indurabo
3283 1944 3380 1983 cor

1791 2025 2095 2081 Pharaonis
2119 2026 2197 2091 ¹⁶;
2229 2043 2249 2076 ι
2286 2023 2341 2079 id
2372 2032 2478 2089 est,
2522 2025 2832 2094 permittam
2878 2022 3125 2077 indurari
3153 2021 3224 2075 ob
3257 2020 3378 2091 ejus

1797 2117 1965 2173 animi
1995 2115 2326 2172 socordiam.

2194 2223 2275 2280 De
2309 2224 2473 2279 libero
2513 2234 2697 2279 nostra
2732 2224 2978 2277 arbitrio.

1866 2318 2014 2373 Deus
2049 2317 2330 2373 hominem
2364 2318 2595 2373 liberum
2636 2315 2788 2383 fecit,
2818 2316 2986 2370 verbo
3021 2323 3075 2369 et
3109 2315 3377 2387 sapientia

1796 2418 2073 2475 ornatum,
2106 2410 2286 2479 posita
2315 2415 2442 2463 ante
2466 2407 2586 2478 ejus
2616 2408 2807 2462 oculos
2837 2407 2947 2460 vita
2980 2415 3145 2475 atque
3176 2412 3374 2470 morte,

1796 2509 1858 2557 ut
1887 2502 1932 2556 si
1966 2500 2187 2571 quidem
2209 2499 2446 2555 voluerit
2477 2499 2652 2554 libero
2686 2515 2787 2555 suo
2812 2499 3040 2552 arbitrio
3068 2497 3234 2552 vitam
3262 2514 3377 2552 am-

1796 2593 1987 2664 plecti,
2019 2592 2168 2647 vivat
2212 2593 2268 2646 in
2320 2591 2619 2659 saeculum;
2670 2592 2757 2647 sin
2788 2607 2958 2663 pravo
3006 2591 3241 2646 consilio
3278 2592 3378 2646 via:

1800 2682 1997 2738 mortis
2034 2682 2277 2748 insistat,
2307 2691 2573 2737 aeternum
2604 2683 2903 2737 crucietur.
2938 2680 3069 2749 Quae
3098 2682 3243 2736 enim
3275 2697 3376 2736 na-

1799 2782 1926 2830 tura
1950 2775 2114 2831 habet
2136 2775 2521 2839 immutabilia,
2552 2791 2731 2846 neque
2754 2776 3022 2845 supplicio
3039 2775 3200 2845 digna
3225 2784 3374 2839 sunt,

1799 2880 1981 2935 neque
2029 2865 2272 2934 praemio.
2322 2863 2492 2920 Nemo
2539 2867 2740 2936 quippe
2791 2882 3031 2935 unquam
3085 2874 3378 2920 accusatus

1802 2956 1928 3022 fuit,
1962 2958 2108 3028 quod
2160 2957 2232 3013 sit
2280 2958 2436 3013 albus
2488 2958 2572 3012 vel
2606 2958 2779 3027 niger,
2823 2967 2917 3011 aut
2948 2958 3092 3027 quod
3139 2958 3211 3013 sit
3253 2973 3379 3028 pro-

1801 3062 1942 3103 cerae
1970 3049 2055 3103 vel
2088 3062 2266 3119 parvae
2305 3056 2567 3104 staturae:
2606 3064 2671 3103 ea
2699 3049 2844 3103 enim
2876 3064 2986 3101 non
3023 3065 3188 3120 penes
3228 3050 3374 3104 arbi-

116 3155 511 3227 προαιρέσεως.
570 3156 691 3210 Τῶν
738 3156 847 3228 γὰρ
913 3156 1015 3228 τῆς
1062 3160 1435 3231 προαιρέσεως
1464 3139 1583 3215 *καὶ
1640 3162 1693 3217 αξ

1802 3140 1966 3195 trium
2000 3147 2251 3196 nostrum
2284 3141 2388 3196 sita
2414 3147 2564 3196 sunt.
2594 3139 2730 3194 Nam
2767 3141 3034 3211 supplicia
3072 3150 3124 3195 et
3156 3143 3375 3211 praemia

117 3246 373 3312 κολάσεις
402 3249 507 3301 εἰσὶ
538 3247 633 3301 καὶ
682 3249 740 3301 αἱ
776 3250 952 3320 τιμαί.
987 3250 1337 3323 Ἀμφοτέρων
1383 3248 1475 3306 οὖν
1513 3253 1693 3326 χρεία,

115 3340 215 3394 καὶ
247 3339 347 3411 τῆς
378 3340 650 3412 ἡμετέρας
682 3340 877 3413 βουλῆς
910 3342 1004 3396 καὶ
1034 3342 1325 3414 θελήσεως,
1362 3343 1456 3397 καὶ
1476 3345 1572 3414 τῆς
1600 3345 1694 3398 τοῦ

114 3429 257 3484 Θεοῦ
287 3432 602 3502 συνεργείας
652 3431 745 3485 καὶ
787 3431 1159 3503 ἀντιλήψεωςο
1208 3434 1394 3507 ἐτέρου
1439 3436 1545 3508 γὰρ
1586 3436 1695 3489 λεί-

112 3538 337 3586 ποντος,
367 3521 529 3592 ἀργεῖ
568 3523 661 3576 καὶ
706 3522 768 3576 τὸ
804 3523 1008 3595 ἕτερον.
1043 3524 1299 3595 Προέγνω
1330 3525 1438 3598 γὰρ
1459 3530 1488 3581 ὁ
1523 3527 1655 3592 Θεὸς
1677 3568 1693 3594 ,

113 3616 213 3668 καὶ
251 3612 546 3684 προώρισε,
584 3615 676 3669 καί
704 3615 994 3682 ἐκάλεσεν,
1030 3617 1166 3677 ἀλλὰ
1205 3621 1330 3683 τοὺς
1366 3620 1508 3674 κατὰ
1559 3621 1694 3694 πρό-

110 3704 267 3759 θεσιν
299 3705 530 3777 κλητοὺς
579 3704 770 3769 ὄντας,
820 3703 1003 3770 καθώς
1053 3724 1217 3778 φησιν
1259 3709 1288 3761 ὀ
1337 3710 1690 3779 Ἀπόστολος,

110 3797 362 3851 τουτέστι
412 3797 552 3851 κατὰ
585 3795 803 3862 θέλησιν
838 3797 933 3851 καὶ
981 3797 1235 3871 βούλησιν
1256 3816 1269 3829 ’
1305 3802 1433 3864 τοὺς
1464 3801 1571 3873 γὰρ
1617 3802 1693 3875 μὴ

110 3889 481 3960 βουληθέντας
513 3889 663 3942 είασε
703 3889 782 3960 τῷ
817 3889 997 3943 αὐτῶν
1042 3890 1370 3961 πορεύεσθαι
1406 3890 1690 3963 θελήματι.

109 3983 193 4036 Οὐ
222 3981 332 4055 γὰρ
381 3981 666 4053 βιάζεται,
714 3982 837 4035 οὐδὲ
885 3981 1206 4052 λυμαίνεται
1238 3982 1298 4036 τὸ
1348 3983 1694 4048 αὐτεξούσιον

109 4071 310 4142 ἡμῶν·
343 4072 441 4142 τῆς
461 4072 571 4142 γὰρ
593 4071 681 4125 ἐπ’
715 4072 882 4143 ἄμφω
917 4072 1114 4144 ῥοπῆς,
1151 4073 1287 4145 πρὸς
1320 4075 1523 4145 ἀρετήν
1552 4092 1693 4146 φημι

109 4164 210 4216 καὶ
234 4162 525 4227 κακίαν,τὸ
553 4158 897 4226 αὐτεξούσιον
922 4160 1206 4233 ἐλάϐομεν.
1225 4161 1394 4217 Οὐδὲν
1413 4164 1522 4217 τῶν
1544 4164 1694 4235 παρὰ

105 4254 207 4309 τοῦ
252 4252 386 4307 Θεοῦ
416 4252 675 4306 δοθέντων
716 4255 849 4325 ἡμῖν
894 4255 974 4318 είς
1016 4254 1232 4326 χρῆσιν,
1277 4255 1478 4310 κακόν’
1517 4256 1693 4310 πάντα

113 4346 232 4416 γὰρ
255 4345 355 4398 ὅσα
385 4347 449 4398 ἐκ
485 4343 579 4397 τοῦ
605 4342 740 4396 Θεοῦ
773 4342 935 4408 καλὰ,
965 4346 1059 4397 καὶ
1092 4344 1212 4398 λίαν
1256 4345 1393 4399 καλὰ
1414 4346 1484 4417 ’ὴ
1517 4347 1694 4419 παρά-

114 4451 320 4507 χρησις
353 4435 512 4505 μόνον
544 4433 739 4488 κακόν’
774 4434 868 4487 τοῦ
898 4435 1005 4506 γὰρ
1028 4434 1300 4507 ἡμετέρου
1323 4435 1471 4489 ἐστὶν
1500 4436 1693 4503 αὐτεξ-

1799 3232 2072 3287 voluntati
2120 3241 2175 3287 et
2211 3234 2495 3303 proposito
2536 3233 2877 3286 tribuuntur.
2932 3230 3176 3302 Utraque
3212 3234 3376 3303 igitur

1798 3340 1858 3380 re
1897 3340 2036 3395 opus
2066 3333 2186 3392 est;
2220 3326 2499 3381 voluntate
2533 3326 2767 3389 scilicet,
2810 3342 2906 3381 seu
2957 3327 3238 3396 proposito
3282 3311 3376 3379 no-

1798 3425 1935 3481 stro,
1978 3432 2043 3472 ac
2088 3416 2182 3472 Dei
2215 3417 2422 3471 auxilio
2455 3426 2510 3472 et
2542 3418 2869 3489 patrocinio.
2910 3418 3096 3471 Altero
3137 3433 3374 3487 namque

1798 3508 2123 3575 deficiente,
2180 3508 2417 3562 alterum
2475 3516 2558 3563 est
2610 3509 2822 3574 inutile.
2887 3507 3172 3563 Prazscivit
3225 3512 3370 3562 enim

1798 3598 1962 3667 Deus,
2008 3599 2385 3669 prtedefinivit,
2420 3607 2474 3654 et
2504 3599 2751 3664 vocavit,
2781 3599 2876 3653 sed
2919 3614 3015 3654 eos
3043 3599 3135 3667 qui
3174 3614 3367 3653 secun-

1796 3692 1925 3747 dum
1970 3690 2311 3761 propositum
2365 3690 2541 3744 vocati
2591 3701 2741 3753 sunt,
2786 3689 3247 3761 quemadmodum
3296 3690 3371 3743 ait

1795 3782 2094 3852 Apostolus
2113 3782 2177 3847 ¹⁷,
2227 3781 2279 3836 id
2336 3791 2442 3843 est,
2508 3782 2811 3837 secundum
2854 3783 3236 3837 voluntatem:
3275 3797 3371 3837 eos

1796 3873 1996 3943 quippe
2029 3871 2124 3943 qui
2168 3872 2467 3936 noluerint,
2500 3872 2632 3928 sinit
2656 3874 2771 3941 ipse
2811 3872 2880 3927 ad
2928 3887 3084 3927 suam
3118 3873 3371 3926 volunta-

1795 3972 1905 4020 tem
1952 3973 2009 4020 et
2045 3965 2386 4037 propositum
2416 3964 2692 4021 incedere.
2733 3964 2853 4019 Non
2888 3965 2995 4020 vim
3022 3964 3185 4019 infert
3228 3964 3371 4019 arbi-

1794 4059 1905 4109 trio
1942 4063 2155 4119 nostro,
2202 4069 2381 4124 neque
2415 4055 2560 4109 Ia-dit
2605 4055 2804 4126 ipsum.
2845 4055 3173 4125 Accepimus
3223 4055 3368 4110 enim

1795 4158 1988 4205 nutum
2033 4150 2100 4204 ad
2131 4155 2423 4218 utramque
2458 4157 2701 4219 partem;
2735 4148 2802 4203 ad
2850 4149 3105 4203 virtutem
3151 4162 3367 4217 nempe,

1793 4251 1847 4298 et
1880 4242 1948 4297 ad
1978 4241 2194 4305 vitium,
2221 4241 2452 4296 liberum
2478 4241 2688 4296 scilicet
2719 4240 3028 4295 arbitrium.
3059 4239 3136 4294 Ex
3160 4241 3227 4295 iis
3250 4256 3383 4310 qua:-

1795 4350 1826 4390 a
1858 4334 1968 4391 Deo
2008 4335 2169 4391 nobis
2197 4333 2265 4388 ad
2302 4349 2458 4389 usum
2490 4334 2616 4388 data
2665 4341 2794 4388 sunt
2827 4333 2963 4387 nihil
2994 4339 3079 4387 est
3121 4333 3321 4386 malum
3350 4351 3366 4388 ι

1796 4429 1979 4483 omnia
2012 4428 2159 4482 enim
2201 4443 2323 4497 qua;
2370 4442 2435 4481 ex
2472 4426 2580 4481 Deo
2614 4424 2918 4495 procedunt
2948 4425 3090 4479 bona
3132 4433 3282 4485 sunt.
3317 4432 3385 4480 et.

111 4528 324 4582 ουσίου.
383 4525 475 4579 Διὸ
505 4527 564 4579 οὐ
613 4524 684 4578 τὰ
729 4524 993 4598 βρώματα
1026 4527 1216 4592 κακὸν,
1254 4526 1369 4579 ἀλλ’
1402 4528 1435 4598 ἡ
1468 4543 1693 4598 γαστρι-

1798 4518 2091 4575 admodum
2142 4519 2316 4585 bona;
2360 4519 2510 4574 solus
2556 4518 2762 4573 abusus
2810 4517 3009 4581 malus,
3059 4516 3151 4586 qui
3194 4519 3367 4572 nostri

110 4619 348 4692 μαργία·
376 4618 497 4672 οὐδὲ
529 4617 861 4683 παιδοποιία,
892 4617 1006 4671 ἀλλ’
1033 4620 1065 4690 ἠ
1107 4619 1353 4690 πορνείαο
1381 4620 1503 4673 οὐδὲ
1531 4621 1693 4692 μετά-

106 4711 280 4782 ληψις
326 4708 419 4763 τοῦ
471 4709 637 4773 οῑνου,
670 4708 785 4762 ἀλλ’
825 4710 858 4780 ἡ
914 4709 1087 4780 μέθη·
1131 4710 1251 4763 οὐδὲ
1299 4712 1367 4765 τὰ
1411 4714 1689 4786 χρήματα,

106 4801 230 4854 ἀλλ’
256 4802 291 4873 ή
316 4799 665 4871 φιλαργυρία·
684 4798 857 4869 οὐδὲὴ
885 4798 1032 4865 δέξαι’
1050 4799 1237 4871 ἀλλάή
1262 4802 1553 4868 κενοδοξία“
1570 4804 1691 4875 Χρὴ

108 4888 209 4948 οὖν
238 4892 416 4945 πάντα
446 4893 638 4954 ποιεῖν,
667 4889 806 4944 ὥστε
836 4891 935 4961 τὴν
968 4890 1311 4962 παράχρησιν
1342 4892 1578 4961 φεύγειν,
1599 4894 1692 4948 καὶ

104 4982 424 5057 χρήσασθαι
464 4986 577 5048 τοῖς
620 4982 771 5055 παρὰ
809 4981 945 5035 Θεοῦ
993 4982 1191 5035 δοθεῖσι
1245 4983 1499 5047 δικαίωςσ
1550 4984 1692 5039 οὕτω

105 5075 225 5147 γὰρ
254 5072 556 5138 ποιοῦντες,
586 5074 797 5145 καὶτῆς
825 5071 1021 5136 κακίας
1043 5071 1303 5146 ἀνώτεροι
1323 5076 1686 5147 γενησόμεθα,

107 5167 211 5221 καὶ
238 5166 340 5238 τῆς
377 5166 579 5236 ἀρετῆς
614 5165 765 5231 ἐντὸς
798 5164 1132 5238 εὐρεθῶμεν.

106 5368 437 5450 Συνήθεια,
459 5369 665 5439 σαφὴς
678 5441 690 5450 ⁸
701 5368 799 5448 καί
845 5370 1180 5450 σύντομος,
1203 5369 1331 5450 -καζ
1342 5369 1688 5450 Αδιᾴπγωσις

222 5439 333 5508 τῆς
368 5440 626 5505 πίστεως
659 5439 829 5509 ἡμῶν
861 5439 972 5509 τῆς
991 5441 1060 5493 ἐν
1090 5439 1164 5509 τῇ
1202 5440 1391 5508 Τριάδι
1424 5439 1580 5510 άῨίςι.

198 5528 517 5601 Ὀφείλομεν
559 5530 841 5586 πιστεύειν
873 5531 949 5595 ὡς
988 5531 1427 5604 ἐϐαπτίσθημεν·
1467 5533 1689 5586 ἐδαπτί-

108 5623 327 5695 σθημεν
354 5622 413 5676 δὲ
453 5622 535 5687 εἰς
572 5622 633 5676 τὸ
676 5621 845 5694 ὄνομα
875 5622 969 5678 τοῦ
1008 5623 1243 5694 Πατρὸς,
1284 5626 1376 5679 καὶ
1408 5625 1500 5678 τοῦ
1530 5626 1684 5690 Υἱοῦ,

1797 4616 1971 4672 solius
2002 4615 2215 4669 arbitrii
2244 4623 2348 4669 est.
2381 4612 2747 4680 Quamobrem
2782 4628 2892 4666 non
2938 4612 3046 4668 cibi
3079 4614 3230 4676 mali,
3273 4612 3369 4666 sed

1796 4709 2025 4780 crapula
2052 4726 2066 4761 :
2103 4722 2279 4776 neque
2307 4706 2603 4761 liberorum
2635 4707 2968 4775 procreatio,
3003 4707 3098 4761 sed
3131 4705 3371 4761 fornica-

1798 4803 1874 4857 tio
1903 4816 2041 4856 :nec
2072 4801 2182 4855 vini
2217 4810 2400 4871 potus,
2449 4798 2543 4855 sed
2573 4800 2846 4855 ebrietas:
2872 4815 2981 4853 non
3012 4799 3235 4860 divitiae,
3273 4797 3379 4854 sed:

1797 4893 2028 4947 avaritia
2055 4911 2068 4945 :
2098 4907 2209 4947 non
2251 4892 2445 4963 gloria,
2501 4891 2593 4946 sed
2637 4905 2778 4943 vana
2809 4890 2999 4960 gloria.
3029 4888 3172 4941 Nihil
3204 4888 3383 4957 igitur

1795 5002 1905 5041 non
1956 4985 2246 5056 agendum,
2282 4993 2344 5038 ut
2376 4985 2607 5039 abusum
2656 4985 2950 5055 fugiamus,
3000 4990 3163 5051 atque
3193 4981 3383 5051 probe

1794 5083 2018 5130 utamur
2054 5076 2121 5130 iis
2146 5076 2348 5144 quibus
2377 5090 2405 5128 a
2443 5074 2554 5129 Deo
2588 5074 2774 5128 donati
2811 5088 3023 5128 sumus.
3060 5070 3192 5123 Nam
3230 5069 3281 5123 id
3318 5070 3365 5123 si

1795 5182 2041 5238 agamus,
2083 5173 2140 5221 et
2174 5166 2383 5220 malitia
2426 5166 2667 5235 vitioque
2705 5164 3015 5233 superiores
3049 5162 3276 5226 erimus,
3313 5170 3375 5214 ct

1794 5259 1937 5314 intra
1975 5258 2198 5313 virtutis
2229 5257 2432 5311 limites
2458 5256 2818 5311 inveniemur.

1793 5373 1976 5429 Brevis
2006 5383 2056 5428 ct
2084 5374 2233 5428 clara
2267 5373 2502 5444 formula
2535 5380 2592 5444 et
2620 5370 2808 5444 notitia
2839 5367 2964 5439 ﬁdei
3000 5377 3195 5422 nostra:
3225 5367 3368 5420 circa

2269 5441 2513 5498 Sanctum
2551 5441 2890 5495 Trinitatem.

1864 5535 2102 5591 Credere
2145 5536 2430 5603 debemus,
2462 5544 2520 5589 ut
2544 5533 2801 5604 baptizati
2850 5547 3074 5597 sumus;
3102 5529 3369 5600 baptizati

1795 5635 1976 5684 autem
2027 5644 2219 5685 sumus
2251 5630 2307 5683 in
2333 5628 2554 5683 nomine
2585 5626 2764 5681 Patris
2805 5633 2861 5681 et
2890 5622 3013 5679 Filii
3042 5632 3095 5679 et
3124 5621 3367 5693 Spiritus

182 5776 233 5811 ι’
271 5775 403 5833 Luc.
439 5776 593 5844 11,1.
630 5775 710 5831 ¹³Ι
740 5776 868 5834 Cor.
904 5778 1101 5845 τωδὶ
1148 5779 1366 5838 “Amos
1384 5781 1533 5849 111,6.
1580 5780 1693 5838 “‘Jo

1825 5799 1901 5839 xu
1932 5784 2189 5851 40;llom
2235 5799 2271 5851 ι,
2297 5784 2384 5840 ‘28.
2429 5782 2661 5839 “Exod.
2702 5798 2772 5850 Iv,
2806 5782 2895 5837 2i.
2940 5779 3149 5836 "Rom.
3177 5776 3379 5845 ιχμῖεὶκ
