3860 6220
503 294 644 398 nos

1662 339 1720 394 S.
1762 339 2226 396 ATHANASIUS.
2266 369 2337 382 -
2375 339 2645 395 SPURIA.

3622 338 3750 392 “Ol

502 454 701 519 sancti,
737 453 795 507 in
829 468 995 507 unam
1044 451 1254 507 scilicet
1303 438 1689 518 substantiam,
1730 464 1785 509 et
1815 454 2070 510 deitatem

2189 452 2384 510 καὶτοῦ
2419 454 2574 523 ἁγίου
2608 453 2926 525 Πνεύματος
2944 470 2956 483 ⁸
2984 454 3065 515 εἰς
3093 452 3220 523 μίαν
3254 452 3446 508 οὐσίαν
3477 453 3755 523 δηλονότι,

500 557 557 604 et
586 548 643 602 in
675 561 845 602 unum
877 561 1128 617 regnum,
1154 546 1440 615 imperium
1469 554 1525 600 et
1551 547 1805 601 virtutem
1836 565 1850 601 :
1877 562 1940 600 ac
1963 557 2073 600 tres

502 640 850 711 bypostases,
900 638 1015 693 sive
1049 651 1335 707 personas,
1388 646 1442 691 et
1489 637 1864 700 characteres,
1902 646 1958 691 et
2003 637 2072 705 (si

503 729 580 783 ita
624 714 898 799 appellare
942 726 1100 793 velis)
1146 726 1531 796 praprietates.
1585 723 1720 778 Nam
1754 725 1900 779 aliud
1946 734 2074 780 sunt

501 820 852 891 hypostases,
896 815 1044 870 aliud
1093 814 1421 869 substantia.
1469 812 1842 868 Substantiam
1876 814 2074 883 quippe

505 911 843 981 appellamus
904 907 1349 962 communitatem
1414 905 1581 958 trium
1642 905 2071 975 hypostasium:

506 1004 672 1058 unius
709 1002 852 1057 enim
883 1009 1094 1054 naturae
1134 1007 1188 1053 et
1224 997 1547 1052 substantiae
1575 1006 1705 1052 sunt
1735 1009 1844 1051 tres
1887 1012 2076 1067 perso-

507 1108 612 1148 me.
640 1091 969 1163 Hypostasin
1013 1099 1194 1144 autem
1219 1103 1500 1147 vocamus.
1525 1096 1776 1142 naturam
1798 1103 1923 1142 cum
1945 1088 2077 1141 cha-

508 1182 864 1238 racteristicis
895 1180 1358 1253 proprietatibus;
1391 1180 1531 1233 alius
1571 1179 1716 1234 enim
1766 1189 1854 1234 est
1893 1176 2075 1243 Pater,

509 1274 650 1329 alius
680 1270 873 1335 Filius,
911 1272 1052 1325 alius
1092 1268 1333 1340 Spiritus
1373 1278 1618 1324 sanctus.
1669 1268 1826 1334 Quod
1857 1268 2075 1338 quidem

508 1364 872 1436 proprietates
911 1378 1007 1419 seu
1039 1362 1364 1433 hypostases
1400 1360 1612 1422 dividit,
1644 1359 1740 1415 sed
1771 1374 1879 1414 non
1915 1369 2077 1413 natu-

509 1471 649 1512 ram.
686 1455 801 1509 Non
828 1463 1009 1510 tamen
1040 1454 1188 1507 aliud
1220 1461 1276 1507 et
1308 1450 1478 1513 aliud,
1512 1452 1659 1522 quod
1689 1451 1959 1506 divideret
1988 1467 2081 1506 na-

509 1555 698 1611 turas;
732 1546 825 1600 sed
857 1544 1102 1615 ejusdem
1144 1552 1351 1597 natum
1381 1552 1435 1597 et
1458 1543 1702 1612 ejusdem
1736 1542 2075 1598 substantiae.

513 1636 689 1691 Simul
716 1637 859 1691 enim
892 1634 1051 1689 Pater
1073 1642 1126 1687 et
1147 1630 1319 1688 Filius
1343 1640 1398 1687 et
1427 1630 1666 1701 Spiritus
1700 1642 1923 1688 sanctus
1944 1650 1959 1699 ;
1984 1633 2080 1688 sed

2173 544 2267 597 καὶ
2317 542 2571 614 θεότητα,
2613 543 2707 596 καὶ¹
2758 542 2888 612 μίαν
2918 540 3233 611 βασιλείαν,
3263 541 3359 594 καὶ
3400 542 3625 612 ἀρχὴν,
3667 544 3759 594 καὶ

2176 634 2361 705 ἰσχύν·
2405 634 2497 687 καὶ
2535 636 2685 706 τρεῖς
2712 633 3056 695 ὑποστάσεις,
3105 632 3277 685 εῐτουν
3315 633 3624 703 πρόσωπα,
3669 637 3759 686 καὶ

2173 726 2551 798 χαρακτῆρας,
2570 728 2618 778 εί
2641 724 2697 778 δὲ
2726 723 2901 794 βούλει
2923 724 3127 788 καλεῖν,
3158 724 3251 777 καὶ
3276 725 3581 794 ἰδιότητας.
3604 724 3758 777 Ἄλλο

2175 815 2284 886 γὰρ
2322 815 2676 877 ὑποστάσεις,
2707 813 2801 866 καὶ
2841 813 2969 867 ἄλλο
3015 813 3192 868 οὐσία.
3237 813 3443 867 Οὐσίαν
3490 813 3611 885 γὰρ
3662 831 3759 867 κα-

2174 906 2375 977 λοῦμεν
2400 904 2462 958 τὸ
2490 904 2666 958 κοινὸν
2694 904 2802 958 τῶν
2846 904 3013 975 τριῶν
3059 905 3412 958 ὑποστάσεων
3433 923 3448 936 ·
3492 906 3632 976 μιᾶς
3656 906 3759 975 γὰρ

2176 997 2390 1067 φύσεως
2420 996 2514 1049 καὶ
2536 995 2723 1058 οὐσίας
2746 994 2819 1049 τὰ
2845 996 2972 1066 τρία
3006 996 3292 1067 πρόσωπα.
3337 996 3683 1050 Ὑπόστασιν
3709 996 3760 1048 ἃ

2176 1090 2448 1162 καλοῦμεν
2482 1088 2643 1160 φύσιν
2686 1088 2822 1159 μετὰ
2862 1088 3370 1161 χαρακτηριστικῶν
3407 1089 3757 1159 ἰδιωμάτων

2177 1182 2333 1245 ἄλλος
2356 1181 2466 1252 γὰρ
2490 1183 2519 1235 6
2549 1181 2759 1251 Πατὴρ,
2799 1180 2896 1234 καὶ
2936 1179 3093 1243 ἄλλος
3120 1182 3150 1233 6
3177 1180 3325 1244 Υἱὸς,
3367 1181 3466 1234 καὶ
3508 1181 3678 1244 ἄλλος
3704 1180 3762 1232 τὸ

2177 1273 2402 1345 Πνεῦμα
2427 1273 2488 1326 τὸ
2517 1272 2672 1341 ἅγιον
2691 1289 2704 1302 ’
2736 1273 2874 1343 ὅπερ
2897 1271 3084 1341 τέμνει
3116 1270 3215 1334 τὰς
3265 1271 3545 1341 ἰδιότητας
3582 1270 3762 1340 μόνον,

2178 1365 2345 1433 ἧγουν
2376 1363 2723 1429 ὑποστάσεις,
2749 1363 2811 1416 οὑ
2867 1361 2972 1434 μὴν
3007 1362 3102 1415 καὶ
3158 1363 3339 1432 φύσιν.
3380 1362 3500 1415 Οὑκ
3543 1361 3681 1414 ἄλλο
3709 1362 3763 1414 δὲ

2179 1455 2275 1509 καὶ
2297 1455 2447 1523 ἄλλο,
2473 1456 2610 1527 ὅπερ
2639 1454 2827 1525 τέμνει
2860 1452 2958 1516 τὰς
2999 1453 3222 1522 φύσεις·
3272 1451 3411 1506 ἀλλὰ
3452 1453 3557 1523 τῆς
3592 1453 3765 1523 αὐτῆς

2180 1549 2418 1615 φύσεως,
2444 1546 2538 1600 καὶ
2564 1545 2663 1616 τῆς
2692 1544 2863 1614 αὑτῆς
2886 1543 3095 1607 οὐσίας.
3129 1544 3279 1614 ’Δμα
3305 1542 3417 1613 γὰρ
3446 1543 3643 1614 Πατὴρ
3672 1544 3769 1596 καὶ

2181 1634 2330 1699 Υἱὸς,
2368 1636 2463 1689 καὶ
2509 1633 2665 1702 ἅγιον
2721 1633 2977 1704 Πνεῦμαο
3021 1633 3133 1687 ἀλλ’
3183 1635 3213 1687 6
3270 1633 3371 1703 μὲν
3420 1633 3622 1705 Πατὴρ
3675 1635 3769 1685 καὶ

511 1727 674 1782 Pater
713 1733 798 1782 est
844 1714 1139 1796 ingenitus,
1167 1721 1341 1779 Filius
1366 1725 1547 1794 proles
1574 1723 1777 1787 Patris,
1809 1725 1967 1795 quasi
2011 1742 2077 1781 ex

2189 1727 2540 1798 ἁγέννητος,δ
2565 1727 2621 1781 δὲ
2650 1726 2779 1790 Υἱὸς
2808 1727 2900 1779 καὶ
2926 1726 3171 1797 γέννημα
3199 1725 3295 1779 τοῦ
3318 1726 3562 1797 Πατρός,
3594 1725 3676 1788 ὡς
3712 1724 3771 1789 ἐξ

514 1820 629 1875 sole
671 1820 853 1873 lumen
892 1792 947 1872 et
988 1833 1056 1872 ex
1107 1825 1290 1873 mente
1338 1792 1581 1871 verbum.
1624 1792 1862 1887 Spiritus
1897 1826 2077 1873 autem

2189 1792 2335 1889 ἡλίου
2370 1792 2511 1887 ιρῶς,
2547 1817 2641 1872 καὶ
2669 1818 2733 1870 ὲκ
2759 1816 2852 1870 νοῦ
2881 1792 3056 1885 λόγος’
3078 1792 3141 1869 τὸ
3159 1816 3216 1869 δὲ
3234 1792 3459 1886 Πνεῦμα
3480 1816 3645 1884 ἅγιον
3675 1817 3771 1869 καὶ

515 1916 759 1974 sanctus,
803 1909 1028 1964 emissio
1070 1908 1270 1963 Patris.
1303 1906 1592 1978 Proprium
1629 1924 1760 1978 ergo
1782 1908 1946 1980 518
1978 1908 2082 1962 Pa-

514 2001 617 2055 tris
646 2008 733 2056 est
761 1999 905 2070 quod
929 1999 1000 2052 sit
1023 1999 1296 2069 ingenitus
1323 2014 1418 2052 seu
1451 2015 1557 2052 non
1585 2000 1823 2068 genitus,
1854 2010 1909 2054 et
1935 1997 2081 2069 quod

514 2099 741 2146 vocetur
780 2089 980 2144 Pater:
1009 2090 1289 2160 proprium
1344 2087 1489 2153 Filii,
1537 2089 1682 2158 quod
1734 2100 1957 2145 vocetur
2000 2088 2086 2144 Fi-

518 2182 647 2245 lius,
708 2187 763 2235 et
825 2180 1079 2250 gignatur
1133 2196 1199 2234 ex
1251 2178 1763 2251 Patrezproprium
1822 2179 2081 2250 Spiritus,

517 2271 663 2342 quod
691 2279 915 2326 vocetur
957 2269 1194 2341 Spiritus
1226 2277 1450 2325 sanctus
1500 2279 1553 2326 et
1581 2286 1647 2326 ex
1685 2269 1846 2325 Patre
1890 2286 2083 2342 proce-

518 2362 635 2417 dat.
680 2360 868 2416 Trium
927 2376 1056 2416 vero
1094 2377 1451 2431 personarum
1501 2363 1618 2417 sive
1675 2362 2079 2433 bypostasiurn,

520 2465 630 2506 una
661 2461 876 2515 natura,
912 2466 1021 2505 una
1050 2452 1323 2516 voluntas,
1351 2466 1458 2505 una
1488 2453 1752 2521 operatio,
1786 2468 1893 2506 una
1928 2454 2085 2509 boni-

517 2548 626 2609 tas,
681 2557 788 2595 una
851 2543 1045 2608 virtus,
1109 2558 1277 2596 unum
1325 2542 1605 2613 placitum.
1641 2541 1983 2613 QuaprOpter
2030 2553 2086 2599 et

521 2650 691 2690 unum
735 2633 905 2689 Deum
941 2632 1287 2689 conﬁtemur.
1322 2632 1439 2688 Non
1490 2634 1637 2688 enim
1673 2634 1816 2689 alius
1863 2635 1932 2688 ab
1981 2634 2089 2689 alio

521 2726 761 2796 separati
796 2730 946 2789 sunt,
990 2725 1132 2779 sicut
1170 2724 1440 2785 homines,
1474 2738 1651 2793 neque
1691 2725 1959 2779 sententia
1984 2722 2090 2777 dif-

522 2820 705 2875 ferunt
737 2838 750 2874 :
777 2819 872 2874 sed
901 2819 1063 2874 simul
1089 2818 1269 2884 Pater,
1294 2816 1483 2882 Filius,
1525 2825 1580 2873 et
1606 2815 1844 2886 Spiritus
1869 2827 2090 2872 sanctus

522 2928 629 2967 una
668 2912 980 2967 consistunt
1011 2911 1128 2965 sine
1158 2908 1482 2966 confusione
1530 2910 1586 2963 et
1615 2908 1905 2963 divisione.
1944 2906 2090 2962 Una-

522 3018 751 3074 quaeque
777 3008 957 3057 autem
986 3015 1241 3071 persona,
1272 3006 1331 3053 ut
1356 2998 1560 3053 dictum
1585 3004 1691 3061 est,
1723 3013 1878 3054 suam
1910 3006 2093 3053 servat

523 3096 932 3167 proprietatem,
986 3092 1093 3146 alia
1138 3091 1544 3161 paternitatem,
1589 3089 1694 3144 alia
1747 3089 2085 3153 liliationem,

524 3185 630 3239 alia
652 3182 1081 3253 processionem.
1109 3179 1167 3234 Si
1195 3195 1327 3249 ergo
1355 3188 1408 3233 te
1442 3179 1565 3249 quis
1590 3179 1884 3249 interroget
1908 3198 1922 3233 :
1947 3179 2087 3245 Quid

522 3282 609 3331 est
650 3272 844 3328 Pater?
894 3270 1165 3341 responde
1209 3271 1325 3325 illi:
1353 3269 1509 3337 Quod
1544 3269 1717 3326 Filius
1760 3277 1814 3326 et
1855 3270 2091 3340 Spiritus

523 3377 770 3428 sanctus,
827 3378 1052 3419 manens
1104 3372 1284 3418 tamen
1331 3360 1509 3418 Pater.
1557 3359 1713 3429 Quod
1756 3363 1803 3417 si
1845 3362 2086 3417 dixerit:

524 3456 667 3524 Quid
695 3465 780 3512 est
807 3455 1018 3512 Filius?
1041 3454 1310 3525 responde
1339 3453 1533 3521 :Quod
1560 3454 1723 3508 Pater
1751 3462 1805 3509 et
1830 3453 2089 3524 Spiritus,

524 3563 754 3604 manens
783 3556 965 3602 tamen
992 3546 1185 3602 Filius.
1218 3545 1590 3616 Similiterque
1619 3547 1686 3602 de
1721 3544 1930 3617 Spiritu
1964 3560 2094 3600 san-

525 3648 616 3695 cto
644 3658 657 3694 :
684 3639 817 3693 illud
848 3638 993 3693 enim
1036 3645 1122 3693 est
1153 3636 1299 3709 quod
1349 3636 1513 3692 Pater
1537 3644 1591 3693 et
1617 3635 1813 3702 Filius,
1864 3651 2093 3692 manens

527 3740 709 3786 tamen
772 3729 1010 3802 Spiritus
1070 3740 1314 3785 sanctus.
1368 3727 1683 3798 Proprietas
1752 3727 2090 3794 immobilis,

526 3822 983 3893 quemadmodum
1018 3820 1094 3874 ait
1134 3820 1218 3874 vir
1261 3820 1317 3874 in
1347 3820 1616 3889 theologis
1656 3833 1887 3889 magnus
1921 3829 1977 3873 et
2010 3817 2094 3871 di-

526 3915 690 3969 vinus
736 3912 1054 3984 Gregorius.
1108 3911 1394 3977 Quomodo
1433 3926 1671 3981 namque
1714 3908 1918 3967 dixeris
1967 3925 2096 3981 pro-

528 4007 819 4079 prietatem
866 4020 1110 4069 manere,
1161 4004 1207 4060 si
1258 4011 1546 4059 moveatur
1582 4003 1959 4059 et‘concidat.
2000 4002 2097 4058 Est

528 4102 713 4171 itaque
746 4097 943 4161 deitas,
994 4104 1056 4151 ut
1100 4096 1290 4167 paucis
1334 4096 1702 4161 absolvamus,
1750 4096 2096 4151 indivisibilis

530 4195 585 4248 in
616 4193 845 4260 divisis;
881 4189 1014 4245 illud
1038 4190 1339 4246 secundum
1362 4197 1635 4258 naturam,
1664 4191 1766 4245 hoc
1795 4192 2095 4247 secundum

528 4286 875 4356 hypostases.
908 4280 1062 4337 Sicut
1088 4281 1145 4335 iu
1171 4281 1349 4336 tribus
1373 4281 1583 4336 solibus
1612 4288 1801 4335 mutuo
1838 4280 2096 4335 haerenti-

529 4379 634 4432 bus
672 4390 781 4430 una
821 4374 959 4430 foret
991 4374 1135 4429 lucis
1165 4372 1499 4427 commistio.
1536 4371 1673 4427 Cum
1711 4371 1897 4442 itaque
1928 4370 2100 4426 deita-

2182 1908 2502 1979 ἐκπόρευμα
2545 1906 2638 1960 τοῦ
2677 1905 2912 1978 Πατρός.
2957 1906 3115 1960 Ἴδιον
3170 1902 3264 1960 οὖν
3304 1905 3398 1959 τοῦ
3455 1907 3686 1978 Πατρὺς
3738 1908 3770 1976 ἡ

2181 1998 2500 2069 ἀγεννησία,
2535 1998 2631 2050 καὶ
2663 1996 2723 2049 τὸ
2750 1994 3032 2070 καλεῖσθαι
3057 1996 3249 2067 Πατήρ
3272 2010 3286 2025 °
3310 1995 3443 2048 ῐδιον
3469 1995 3573 2048 τοῦ
3612 1994 3770 2059 Υἱοῦ,

2180 2092 2244 2145 τὸ
2279 2090 2556 2143 καλεῖσθαι
2596 2088 2760 2152 Υίὸν,
2809 2088 2902 2140 καὶ
2932 2086 3222 2156 γεννᾶσθαι
3269 2089 3334 2140 ὲκ
3366 2085 3461 2140 τοῦ
3505 2086 3773 2157 [10:96;-

2186 2182 2314 2235 ἴδιον
2335 2176 2427 2234 οῦν
2461 2179 2554 2233 τοῦ
2584 2178 2899 2249 Πνεύματος
2919 2178 2980 2231 τὸ
3012 2177 3291 2232 καλεῖσθαι
3317 2176 3551 2248 Πνεῦμα
3590 2177 3773 2245 ἅγιον,

2184 2273 2279 2327 καὶ
2304 2274 2370 2326 ὲκ
2388 2271 2481 2325 τοῦ
2510 2270 2722 2341 Πατρδς
2746 2268 3157 2339 ἐκπορεύεσθαι.
3173 2268 3293 2323 Τῶν
3311 2268 3369 2321 δὲ
3394 2268 3574 2337 τριῶν
3597 2285 3772 2340 προσ-

2183 2363 2370 2429 ώπων,
2401 2363 2575 2415 είτουν
2608 2361 2978 2423 ὑποστάσεων,
3012 2360 3110 2431 μία
3148 2360 3330 2430 φύσις,
3357 2360 3459 2430 μία
3498 2359 3767 2431 θέλησις,

2189 2457 2287 2526 μία
2313 2458 2581 2527 ἐνέργεια,
2609 2455 2707 2524 μία
2750 2454 3045 2525 ἁγαθότης,
3090 2455 3188 2525 μία
3218 2453 3472 2525 δύναμις,
3511 2456 3619 2525 μία
3649 2454 3770 2524 βού-

2185 2546 2363 2616 λησις.
2400 2544 2498 2599 Διὰ
2530 2545 2687 2598 τοῦτο
2715 2547 2809 2599 καὶ
2846 2545 2942 2600 ἕνα
2978 2545 3108 2599 Θεὸν
3131 2546 3527 2617 ὁμολογοῦμεν.
3553 2548 3634 2601 Οὑ
3662 2548 3771 2618 γὰρ

2187 2639 2577 2710 κεχωρισμένοι
2620 2638 2756 2690 εἰσὶν
2780 2638 2873 2690 ἀπ’
2923 2638 3186 2709 ἀλλήλων,
3219 2638 3410 2710 ὥσπερ
3450 2641 3551 2694 καὶ
3582 2641 3636 2692 οἱ
3674 2640 3765 2693 ἆν-

2188 2731 2417 2802 θρωποι,
2445 2732 2564 2785 οὑδὲ
2585 2730 2683 2794 τὰς
2710 2728 2934 2799 γνώμας
2961 2730 3243 2802 διάφοροι·
3265 2731 3379 2785 ἀλλ’
3412 2731 3535 2802 ἅμα
3556 2732 3764 2803 Πατὴρ.

2189 2823 2337 2886 Υἱὸς,
2370 2824 2462 2875 καὶ
2490 2822 2715 2894 Πνεῦμα
2743 2823 2896 2891 ἅγιον
2936 2824 2994 2875 ὲν
3035 2823 3286 2894 ἀλλήλοις
3314 2823 3650 2893 ἁσυγχύτως
3678 2826 3769 2878 καὶ

2189 2915 2504 2986 ἁδιαιρέτως
2536 2916 2951 2988 περιχωροῦσιν.
2975 2918 3241 2970 Ἔκαστον
3266 2916 3325 2968 δὲ
3354 2918 3675 2988 πρόσωπον,
3696 2917 3768 2979 ὡς

2189 3005 2426 3078 εἴρηται,
2459 3005 2716 3075 φυλάττει
2752 3007 2814 3060 τὸ
2842 3007 3002 3060 ἴδιονο
3037 3006 3099 3059 τὸ
3140 3005 3239 3076 μὲν
3288 3006 3386 3077 τὴν
3427 3008 3766 3077 πατρόειητα,

2189 3096 2251 3149 τὸ
2277 3096 2335 3148 δὲ
2368 3095 2465 3166 τὴν
2511 3095 2765 3166 υἱότητα,
2815 3095 2877 3149 τὸ
2925 3096 2983 3149 δὲ
3015 3095 3114 3167 τὴν
3166 3095 3511 3166 ἑκπόρευσιν.
3572 3097 3639 3149 ΕΞ
3679 3092 3771 3149 οὖν

2191 3188 2365 3260 ἔροιτό
2401 3188 2461 3242 σέ
2500 3205 2616 3252 τις·
2655 3183 2719 3241 Τί
2763 3189 2879 3241 ἐστι
2928 3188 3150 3258 Πατήρ;
3199 3185 3535 3256 ἀποκρίθητι
3582 3187 3763 3256 αὑτῷ·

2195 3274 2370 3345 Ὅπερ
2398 3275 2546 3327 ἐστὶν
2579 3274 2729 3337 Υἱὸς,
2766 3275 2861 3327 καὶ
2902 3274 2962 3327 τὸ
2992 3274 3216 3344 Πνεῦμα
3248 3273 3311 3326 τὸ
3359 3274 3555 3343 ἅγιον,
3596 3276 3771 3344 μένων

2191 3366 2401 3437 Πατήρ.
2443 3366 2508 3418 El
2556 3365 2612 3418 δὲ
2666 3364 2847 3433 λέγοι-
2904 3365 2969 3417 Τί
3001 3365 3149 3418 ἐστιν
3176 3363 3344 3428 Υἱός;
3400 3365 3773 3435 ἀποκρίθητι·

2193 3457 2370 3526 Ὅπερ
2404 3457 2550 3510 ἐστὶν
2596 3459 2624 3509 6
2656 3455 2845 3526 Πατὴρ
2886 3456 2981 3509 καὶ
3015 3455 3075 3507 τὸ
3125 3454 3373 3525 Πνεῦμα,
3408 3454 3591 3525 μένων
3628 3456 3771 3519 Υἱός.

2203 3547 2477 3611 Ὡσαύτως
2501 3549 2594 3601 καὶ⁵
2623 3549 2715 3600 ἐπὶ
2757 3547 2850 3600 τοῦ
2896 3544 3215 3623 Πνεύματος
3240 3546 3335 3600 τοῦ
3379 3547 3543 3615 ἁγίου
3568 3564 3583 3577 ·
3619 3547 3777 3601 τοῦτο

2191 3643 2299 3714 γάρ
2329 3644 2476 3696 ἐστιν
2500 3642 2529 3695 ὃ
2558 3642 2587 3692 ὁ
2617 3642 2807 3712 Πατὴρ
2837 3641 2931 3693 καὶ
2969 3641 2999 3693 ό
3027 3640 3175 3706 Υἱὸς,
3205 3640 3385 3711 μένων
3424 3641 3679 3711 Πνεῦμα.
3713 3642 3774 3694 Ἦ

2196 3733 2394 3803 ἰδιότης
2428 3731 2811 3803 ἀκοινώνητος,
2841 3730 3024 3795 καθώς
3045 3747 3209 3801 φησιν
3235 3732 3265 3783 6
3302 3732 3479 3801 μέγας
3497 3733 3564 3783 ὲν
3599 3731 3776 3784 θεολό-

2192 3843 2310 3896 γοις
2343 3826 2436 3879 καὶ
2465 3824 2605 3889 θεῖος
2640 3824 2959 3896 Γρηγόριος.
3005 3823 3132 3887 Πῶς
3168 3821 3300 3894 γὰρ,
3346 3823 3536 3893 φησὶν,
3578 3823 3776 3893 ἰδιότης

2198 3916 2378 3988 μείνῃ,
2417 3916 2734 3986 κινουμένη,
2773 3914 2867 3968 καὶ
2915 3912 3363 3984 μεταπίπτουσα;
3400 3914 3596 3966 Ἔστιν
3624 3910 3720 3967 οὖν
3744 3917 3776 3983 ἡ

2195 4008 2406 4079 θεότης,
2438 4009 2485 4062 εί
2517 4008 2598 4060 δεῖ
2622 4007 2902 4077 συντόμως
2936 4007 3133 4069 εἰπεῖν,
3166 4005 3467 4077 ἀμέριστος
3512 4008 3575 4058 ἐν
3605 4022 3777 4075 μεμε-

2200 4104 2494 4175 ρισμένοις,
2526 4102 2589 4155 τὸ
2625 4101 2722 4172 μὲν
2743 4102 2809 4171 τῇ
2843 4098 3020 4168 φύσει,
3049 4098 3111 4151 τὸ
3140 4098 3196 4151 δὲ
3221 4102 3342 4163 ταῖς
3374 4100 3777 4152 ὑποστάσεσιν·

2194 4191 2307 4251 οἷον
2344 4197 2401 4248 ὲν
2441 4194 2613 4266 ἡλίοις
2654 4192 2833 4264 τρισὶν
2880 4190 3163 4261 ἐχομένοις
3204 4189 3481 4262 ἀλλήλων,
3538 4191 3641 4260 μία
3682 4188 3779 4241 τοῦ

2196 4287 2374 4357 φωτὸς
2396 4285 2715 4358 σύγκρασις.
2732 4284 2903 4337 Ὅταν
2933 4281 3221 4355 τοιγαροῦν
3249 4281 3387 4355 πρὸς
3416 4282 3517 4353 τὴν
3547 4282 3779 4353 θεότητα

2197 4379 2295 4451 τὴν
2324 4381 2382 4434 ὲν
2411 4379 2509 4450 μιᾷ
2537 4376 2697 4445 φύσει
2719 4373 3023 4445 βλέψωμεν,
3042 4378 3061 4396 ⁹
3081 4373 3178 4426 καὶ
3201 4373 3303 4444 τὴν
3324 4372 3552 4445 πρώτην
3578 4376 3776 4435 αἰτίαν,

531 4475 662 4532 tem,
692 4482 814 4537 quas
832 4474 916 4522 est
944 4465 1001 4519 in
1030 4480 1137 4519 una
1159 4474 1377 4528 natura,
1396 4462 1839 4532 respiciemus,et
1865 4462 2088 4532 primam

2201 4470 2293 4523 καὶ
2318 4469 2418 4539 τὴν
2453 4465 2770 4538 μοναρχίαν,
2803 4464 2861 4517 ἓν
2890 4466 3022 4536 ἡμῖν
3048 4464 3110 4518 τὸ
3161 4464 3576 4535 φανταζόμενον
3598 4485 3612 4497 ·
3654 4468 3778 4520 ὅταν

530 4575 756 4617 causam
797 4566 853 4614 et
901 4557 1300 4621 monarchiam,
1355 4570 1525 4610 unum
1577 4561 1662 4609 est
1705 4555 1851 4624 quod
1892 4555 2099 4624 cogita-

530 4664 690 4716 mus;
718 4663 842 4703 cum
874 4656 1054 4703 autem
1079 4645 1446 4717 proprietates
1493 4651 1548 4699 et
1578 4659 1844 4715 personas
1889 4644 1945 4698 in
1971 4644 2098 4714 qui-

532 4742 638 4798 bus
676 4739 955 4803 divinitas,
1004 4747 1118 4793 tres
1168 4743 1298 4793 sunt
1337 4752 1456 4806 qua:
1489 4735 1808 4791 adorantur.
1841 4733 2100 4805 Exempla

533 4845 699 4905 porro
735 4829 939 4891 adsint,
975 4843 1097 4898 quae
1145 4828 1435 4882 obscuram
1487 4825 1780 4895 quamdam
1821 4835 1984 4880 tantae
2021 4827 2100 4880 rei

533 4924 825 4996 imaginem
865 4921 1212 4983 adumbrent,
1239 4920 1437 4975 divinae
1463 4934 1655 4988 nempe
1685 4922 1914 4983 naturae,
1942 4918 2099 4988 juxta

532 5016 845 5085 theologum
870 5011 1215 5084 Gregorium,
1242 5012 1386 5067 oculi
1409 5020 1688 5081 aspectum
1719 5011 1917 5081 cogita,
1946 5025 2102 5080 aquae

534 5106 951 5176 scaturiginem,
1000 5102 1204 5159 fontem
1250 5111 1304 5159 et
1354 5102 1608 5170 ﬂuvium;
1651 5103 1765 5157 haec
1811 5103 1956 5158 enim
2000 5116 2102 5157 nec

532 5206 779 5267 tempore
808 5197 993 5266 aliquo
1023 5195 1253 5258 distant,
1284 5210 1460 5264 neque
1486 5204 1613 5248 sunt
1644 5194 1782 5248 inter
1804 5209 1864 5248 se
1888 5194 2100 5260 avulsa,

533 5297 596 5343 ut
627 5304 687 5343 se
712 5298 902 5344 mutuo
932 5303 1042 5342 non
1070 5286 1421 5356 contingant;
1452 5284 1666 5340 tametsi
1698 5284 1949 5339 videntur
1977 5301 2103 5354 pro-

535 5379 861 5451 prietatibus
911 5379 1027 5434 suis
1074 5366 1359 5447 distingui.
1408 5376 1688 5447 Perpende
1728 5376 1855 5431 item
1905 5377 2098 5439 solem,

536 5471 719 5525 lumen
747 5482 909 5542 atque
934 5472 1142 5525 radium
1168 5488 1182 5525 :
1208 5477 1466 5532 mentem,
1487 5468 1713 5522 verbum
1737 5478 1792 5522 et
1827 5469 2099 5538 spiritum,

538 5562 633 5631 qui
658 5564 769 5618 exit
794 5578 903 5617 una
936 5577 1062 5617 cum
1092 5563 1280 5618 verbo.
1316 5560 1542 5623 Verum,
1576 5569 1636 5615 ut
1668 5559 1890 5630 quidam
1919 5560 2058 5615 dixit
2086 5580 2099 5615 :

539 5652 699 5707 Fides
726 5652 834 5707 dux
875 5662 1015 5716 esto,
1062 5668 1173 5707 non
1220 5652 1635 5708 demonstratio.
1685 5650 1913 5722 Oportet
1955 5652 2100 5706 enim

538 5753 807 5811 quemque
863 5742 1158 5810 hominem,
1210 5759 1307 5812 per
1350 5758 1487 5814 pura
1544 5759 1607 5800 ac
1640 5743 1751 5801 Deo
1798 5743 2103 5801 illustraute

2198 4560 2257 4614 δὲ
2287 4558 2423 4631 πρὸς
2452 4557 2552 4622 τὰς
2584 4557 2853 4628 ἰδιότητας
2873 4555 2969 4610 καὶ
2999 4554 3069 4609 τὰ
3100 4555 3368 4628 πρόσωπα
3400 4558 3459 4609 ὲν
3491 4550 3577 4619 οἷς
3602 4559 3637 4627 ἡ
3664 4557 3778 4610 θεός

2197 4666 2317 4720 της,
2347 4647 2472 4720 τρία
2495 4646 2564 4700 τὰ
2585 4644 3054 4718 προσκυνούμενα.
3077 4644 3505 4716 Παραδείγματα
3521 4645 3584 4698 δὲ
3611 4661 3775 4716 προσ-

2198 4741 2402 4795 κείσθω
2432 4739 2680 4812 ἀμυδρὰν
2716 4754 2837 4792 τινα
2864 4738 3049 4791 εἰκόνα
3082 4736 3347 4808 δηλοῦντα
3377 4736 3474 4789 τοῦ
3519 4737 3775 4791 τοσούτου

2199 4833 2543 4906 πράγματος,
2576 4831 2676 4902 τῆς
2706 4829 2856 4892 θείας
2898 4829 3042 4900 φημὶ
3072 4828 3285 4897 φύσεως
3303 4867 3319 4892 ,
3357 4829 3500 4882 κατὰ
3525 4829 3620 4883 τὸν
3647 4828 3771 4882 Θεό-

2198 4925 2356 4993 λογον
2401 4922 2735 4996 Γρηγόριον·
2788 4920 3070 4992 ὀφθαλμοῦ
3128 4921 3241 4975 νόει
3285 4937 3375 4991 μοι
3422 4921 3636 4991 βλέψιν,
3687 4921 3775 4973 καὶ

2199 5014 2371 5086 ἀρχὴν
2407 5013 2618 5078 ὓδατος,
2652 5012 2748 5065 καὶ
2785 5011 2988 5082 πηγὴν,
3024 5010 3118 5063 καὶ¹
3148 5010 3394 5080 ποταμόν
3414 5026 3428 5039 ·
3467 5011 3646 5065 ταῦτα
3673 5010 3775 5079 γὰρ

2200 5105 2325 5161 οὔτε
2347 5106 2526 5178 χρόνῳ
2552 5104 2858 5175 διέστηκεν,
2901 5100 3025 5154 οὔτε
3061 5099 3304 5170 αλλήλων
3338 5100 3690 5172 ἀπέρρηκται
3713 5102 3775 5168 τῇ

2202 5198 2338 5270 πρὸς
2360 5197 2564 5266 ἄλληλα
2591 5194 2874 5264 συναφεία,
2904 5191 3005 5247 κᾶν
3030 5192 3159 5262 δοκῇ
3184 5194 3309 5255 ταῖς
3340 5190 3571 5261 ἰδιότησι
3592 5192 3777 5261 τέμνε-

2202 5291 2356 5345 σθαι⁹
2391 5287 2621 5360 ἐνθυμοῦ
2654 5288 2747 5341 καὶ
2771 5287 2940 5357 ἥλιον,
2965 5285 3061 5339 καὶ
3088 5283 3224 5353 φῶς,
3255 5285 3352 5337 καὶ
3375 5284 3609 5336 ἀκτῖνα·
3637 5280 3773 5344 νοῦν,

2201 5382 2297 5435 καὶ
2324 5381 2501 5449 λόγον,
2527 5379 2620 5433 καὶ
2646 5377 2866 5449 πνεῦμα
2890 5376 2969 5446 τῷ
2998 5375 3143 5445 λόγῳ
3168 5375 3431 5441 συνεξιόν.
3465 5375 3617 5446 Πλὴν
3642 5372 3775 5427 κατὰ

2201 5472 2291 5525 τὸν
2315 5471 2566 5525 εἰπόντα’
2601 5470 2794 5531 Πίστις
2817 5466 3076 5539 ἡγείσθω,
3112 5467 3205 5518 καλ¹
3240 5465 3315 5536 μὴ
3356 5464 3659 5530 ἀπόδειξις,
3691 5460 3779 5515 καὶ

2201 5559 2308 5632 χρὴ
2343 5561 2520 5613 πάντα
2551 5558 2837 5629 ἄνθρωπον
2889 5555 2977 5608 διὰ
3020 5554 3267 5625 καθαρᾶς
3299 5555 3393 5606 καὶ
3439 5551 3778 5624 θεολαμτωῦς

2203 5652 2474 5725 πράξεως,
2497 5649 2674 5720 ὁδηγῷ
2721 5648 2800 5718 τῷ
2847 5647 3125 5717 Πνεύματι
3158 5645 3475 5716 χρώμενον,
3516 5646 3611 5699 ἵνα
3646 5642 3779 5713 φωτὶ

2205 5742 2689 5814 καταλαμϐάνηται
2718 5739 2854 5809 φῶς,
2892 5736 3166 5793 πιστεύειν
3194 5754 3254 5791 τε
3297 5739 3377 5801 εἰς
3408 5737 3666 5809 Πατέρα,
3692 5734 3779 5788 καὶ
