3868 6202
127 317 304 379 14θὸ

1117 329 1499 422 SYNTAGMA
1537 333 1627 388 AD
1669 333 2013 402 QUEMDAM
2054 338 2454 398 POLlTlCUM.

3288 345 3313 403 1
3323 345 3428 404 606

128 436 311 533 ἴᾼίδν,
357 440 451 533 καὶ
488 441 640 510 ἅγιον
683 444 926 517 Πνεῦμα,
958 447 1055 521 τὴν
1104 450 1232 520 μίαν
1274 450 1507 525 θεότητά
1541 472 1601 507 τε
1650 457 1724 509 κα¹

1848 458 1992 513 edita
2024 475 2212 532 opera,
2251 461 2391 518 duce
2435 478 2590 518 nsum
2635 462 2841 533 Spiritu
2872 470 3086 528 sancto,
3136 473 3194 518 ut
3224 465 3429 518 lumine

127 520 389 602 δῢναμιν
416 532 474 585 ἐν
502 533 651 602 τρισὶ
682 520 1088 611 γνωριζομένην
1128 541 1221 596 καὶ
1254 520 1732 618 προσκυνουμένην

126 622 278 688 ταῖς
308 622 691 679 ύποστάσεσιν.

131 797 361 864 ὀπως
390 795 488 852 δεῖ
505 802 813 879 πιστεύειν
842 806 975 879 περὶ
1002 806 1112 875 τῆς
1148 808 1257 863 τοῦ
1292 812 1515 879 Κυρίου
1558 814 1734 867 ἐναν-

757 875 1136 943 θρωπήσεως.

224 958 350 1015 Ὅτι
395 962 554 1027 αὐτὸς
585 965 615 1016 6
652 963 748 1018 τοῦ
784 965 920 1020 Θεοῦ
964 969 1136 1038 Λόγος
1173 973 1202 1025 6
1240 972 1675 1046 ἀπερίγραπτος,
1706 979 1734 1029 6

129 1049 470 1124 ἀσώματος,
502 1055 531 1107 6
564 1057 862 1129 μονογενὴς
900 1059 996 1113 τοῦ
1028 1062 1243 1134 Πατρὸς
1267 1064 1416 1129 Υἱὸς,
1446 1066 1509 1119 16
1545 1071 1611 1121 ὲκ
1639 1067 1733 1121 τοῦ

130 1147 335 1213 φωτὸς
360 1145 495 1214 φῶς,
526 1147 561 1217 ή
605 1147 767 1219 πηγὴ¹
789 1151 889 1221 τῆς
922 1150 1099 1224 ζωῆς,
1141 1155 1236 1209 καὶ
1267 1156 1366 1227 τῆς
1410 1158 1731 1225 ἀθανασίας,

130 1238 214 1290 τὸ
240 1237 583 1309 ἀπαύγασμα
623 1240 723 1309 τῆς
762 1240 941 1314 δόξης,
971 1246 998 1298 6
1029 1247 1314 1320 χαρακτὴρ
1356 1250 1456 1320 τῆς
1497 1250 1734 1307 ὑποστά-

136 1345 294 1394 σεως
315 1370 331 1395 ,
364 1333 430 1401 τῇ
485 1329 738 1402 βουλήσει
778 1334 873 1388 τοῦ
928 1339 1275 1410 προανάρχου
1322 1340 1418 1392 καὶ
1463 1342 1733 1397 συναῖδίου

134 1420 321 1474 αὐτοῦ
354 1422 590 1495 Πατρδς,
626 1425 720 1478 καὶ
739 1428 804 1497 τῇ
839 1429 1126 1501 συνεργείᾳ
1160 1430 1255 1483 τοῦ
1290 1431 1444 1499 ἁγίου
1480 1434 1734 1505 Πνεύμα-

131 1529 265 1577 τος,
290 1515 356 1566 ὲκ
387 1511 496 1566 τῶν
533 1515 882 1587 παρθενικῶν
915 1520 1163 1590 αἱμάτων
1200 1523 1302 1592 τῆς
1327 1523 1612 1590 Θεοτόκου,
1639 1526 1735 1580 καὶ

136 1605 513 1677 ἁειπαρθένου
554 1608 796 1679 Μαρίας,
829 1611 888 1663 ὲν
917 1613 982 1682 τῇ
1015 1613 1192 1684 οἰκείᾳ
1226 1614 1392 1668 αὑτοῦ
1437 1618 1733 1672 ὑποστάσει

134 1694 350 1768 ἔπηξεν
383 1697 561 1770 ἑαυτῷ
613 1699 795 1772 σάρκα
853 1702 1289 1775 ὲμψυχωμένην,
1331 1707 1428 1761 καὶ
1473 1707 1732 1779 λογικὴν,

1835 550 2021 607 lumen
2052 554 2500 623 comprehendat,
2542 556 2768 610 credere
2805 556 2858 611 in
2892 555 3113 611 Patrem
3144 565 3199 611 et
3224 554 3425 610 Filiqu

1834 652 1890 696 ct
1924 642 2190 714 Spiritum
2225 654 2499 710 sanctmn,
2550 662 2713 700 unam
2756 646 3018 703 deitatem
3049 656 3216 718 atque
3253 649 3427 703 virtu-

1835 746 1968 797 tem,
2006 736 2059 788 in
2094 736 2270 791 tribus
2304 737 2695 808 hypostasibus
2725 740 2993 794 creditam
3033 748 3086 795 et
3117 741 3421 795 adoratam.

1944 825 2087 893 Quid
2115 827 2434 882 credendum
2469 832 2541 883 sit
2579 831 2643 885 de
2673 830 2889 885 Domini
2930 833 3321 889 incarnatione.

1905 978 2062 1045 Quod
2112 980 2289 1050 ipsum
2337 982 2431 1036 Dei
2460 980 2698 1037 Verbum
2738 982 3297 1054 incircumscriptum,
3341 982 3428 1036 in-

1835 1086 2186 1142 corporeum,
2234 1072 2416 1129 Patris
2461 1076 2825 1144 unigenitum,
2860 1077 3045 1132 lumen
3077 1093 3145 1131 ex
3192 1075 3420 1137 lumine,

1836 1162 1961 1219 fons
1995 1165 2123 1220 vitae
2161 1174 2217 1220 et
2239 1167 2691 1230 immortalitatis,
2729 1168 2990 1237 splendor
3014 1169 3221 1238 gloriae,
3251 1168 3423 1240 figura

1836 1256 2161 1312 substantiae
2185 1257 2250 1323 ¹⁸,
2282 1259 2566 1314 voluntate
2595 1258 2797 1323 Patris,
2823 1260 2916 1329 qui
2944 1270 3069 1315 ante
3103 1261 3342 1323 initium,
3368 1274 3424 1317 et

1836 1347 1942 1417 ipsi
1965 1355 2272 1404 coaeternus
2299 1356 2406 1411 est,
2435 1358 2490 1404 et
2515 1352 2904 1418 cooperatione
2932 1350 3171 1421 Spiritus
3212 1353 3417 1413 sancti,

1834 1456 1901 1495 ex
1932 1440 2182 1511 virgineo
2217 1441 2487 1511 sanguine
2539 1440 2783 1511 Deipara:
2824 1448 2878 1495 et
2921 1456 3139 1511 semper
3183 1441 3414 1511 virginis

1834 1532 2039 1597 Maria,
2083 1533 2141 1586 in
2189 1535 2410 1604 propria
2457 1548 2557 1589 sua
2604 1534 2888 1605 hypostasi
2936 1549 3158 1589 carnem
3191 1534 3295 1588 sibi
3338 1534 3422 1589 ef-

1836 1623 1993 1678 tlnxit
2026 1624 2320 1678 animatam
2350 1632 2404 1678 et
2440 1624 2788 1687 rationalem,
2841 1633 3004 1693 atque
3047 1625 3196 1678 illam
3225 1638 3419 1679 n0vem

1835 1717 2108 1771 mensium
2143 1724 2392 1787 tempore
2424 1731 2490 1771 ex
2520 1716 2638 1787 ipsa
2662 1715 2972 1772 eﬂ‘ormavit
3004 1735 3017 1771 :
3045 1726 3316 1784 natusque
3335 1721 3421 1770 est

135 1790 246 1844 καὶ
268 1789 475 1863 ταύτην
501 1790 581 1863 τῷ
612 1796 1007 1865 ὲννεαμηνιαίῳ
1046 1797 1222 1867 χρόνῳ
1248 1799 1647 1872 διεπλασμένην
1673 1802 1724 1866 ἐξ

1835 1808 1979 1863 Deus
2016 1808 2444 1873 hominiformis,
2490 1794 2699 1875 idest,
2743 1808 2886 1865 Deus
2926 1816 2982 1864 et
3013 1808 3199 1872 homo,
3236 1807 3292 1861 in
3319 1806 3420 1878 hy-

136 1882 324 1952 αύτῆς
342 1901 357 1916 ο
389 1884 651 1957 ἐγεννήθη
679 1885 814 1950 Θεὸς
841 1886 1328 1961 ἀνθρωπόμορφος,
1345 1893 1591 1947 τουτέστι
1606 1893 1738 1958 Θεὸς

138 1975 246 2029 καὶ
273 1975 556 2048 ἄνθρωπος
594 1979 652 2030 ὲν
689 1979 790 2050 μιᾷ
813 1979 1108 2034 ὑποστάσει
1135 1981 1228 2035 δύο
1248 1982 1437 2052 φύσεις
1479 1986 1735 2058 ἐπιφερόο

145 2081 336 2136 μενος,
369 2066 711 2137 ἁδιαιρέτως,
737 2070 833 2122 καὶ
860 2069 1204 2141 ἀσυγχύτως,
1227 2075 1322 2127 καὶ
1351 2073 1446 2127 δύο
1467 2073 1735 2147 θελήσεις,

139 2156 246 2209 καὶ
278 2157 590 2228 ἐνεργείας,
627 2157 817 2223 θεϊκάς
857 2159 995 2232 ὁμοῦ
1028 2163 1123 2216 καὶ
1153 2164 1508 2236 ἀνθρωπικὰς
1528 2183 1541 2197 ·
1578 2167 1736 2239 ήθελε

137 2246 263 2318 γὰρ
298 2246 373 2310 ὡς
402 2247 533 2311 Θεὸς
570 2249 666 2301 καὶ
699 2250 921 2321 ἐνήργει
942 2290 957 2314 ,
994 2252 1088 2306 καὶ
1117 2253 1306 2324 ήθελεν
1331 2255 1407 2320 ὡς
1449 2256 1735 2331 ἄνθρωπος

141 2338 246 2391 καὶ
273 2338 527 2409 ὲνήργεν
566 2339 702 2394 ἀλλά
735 2340 968 2413 φυσικὴν
1016 2342 1257 2416 θέλησιν,
1307 2347 1402 2399 καὶ
1433 2348 1732 2420 ἐνέργειαν,

138 2430 209 2483 οὗ
241 2429 318 2501 μὴ
348 2431 752 2504 άμαρτητικήν.
797 2433 1223 2507 Ἀναμαρτήτως
1245 2437 1351 2510 γὰρ
1382 2439 1731 2513 προσελήφθη

141 2523 182 2593 ἠ
215 2521 380 2593 φύσις
412 2524 446 2595 ή
500 2522 856 2595 ἀνθρωπικήο
913 2529 1008 2581 καὶ
1047 2528 1107 2593 ἐξ
1150 2529 1324 2600 αὐτῆς
1354 2530 1456 2602 τῆς
1489 2531 1734 2599 ὲνώσεως

139 2612 226 2685 τῷ
276 2613 544 2686 θελήματι
588 2615 898 2689 ήνὼθησαν.
942 2621 1120 2693 Ὅπερ
1164 2621 1414 2677 ἐϐούλετο
1477 2624 1540 2678 16
1590 2624 1731 2680 θεῖον

139 2702 384 2780 θέλημα,
403 2703 560 2758 τοῦτο
580 2706 674 2759 καὶ
690 2706 763 2759 '16
792 2707 894 2778 τῆς
923 2709 1301 2781 προσλήψεως.
1332 2712 1492 2766 Ἀλλά
1523 2713 1732 2787 θέλημα

137 2792 379 2865 λέγομεν
407 2796 502 2849 καὶ
530 2796 813 2868 ἐνέργειαν
865 2798 936 2853 τὰ
976 2803 1216 2870 φυσικάο
1248 2800 1384 2868 οἷον,
1425 2805 1585 2877 ήθελε
1630 2826 1732 2878 φα-

136 2888 300 2954 γεῖν,
329 2886 491 2958 ήθελε
543 2891 723 2954 πιεῖν,
758 2889 919 2961 ἤθελε
964 2896 1335 2966 περιπατῆσαι
1355 2913 1369 2927 ο
1417 2899 1511 2950 καὶ
1556 2899 1731 2953 ταῦτα

135 2977 389 3049 ἐνήργει,
416 2979 513 3031 καὶ
552 2978 764 3050 ήθελεν.
801 2981 965 3036 Ἀλλά
998 2983 1170 3038 ταῦτα
1214 2988 1387 3041 ἐποίει
1427 2990 1526 3060 τῆς
1578 2989 1729 3056 θείας

1837 1902 2047 1974 ροειεεί
2090 1917 2200 1958 una
2241 1902 2379 1958 duas
2404 1914 2626 1974 gestans
2669 1912 2919 1967 naturas,
2969 1902 3091 1958 sine
3125 1900 3416 1965 divisione,

1838 2009 1904 2050 ac
1949 1995 2070 2050 sine
2118 1994 2485 2050 confusione:
2525 2009 2591 2050 ac
2637 1993 2777 2049 duas
2814 1994 3127 2050 voluntates
3165 1994 3419 2062 duasque

1836 2086 2231 2167 operationes,
2262 2085 2479 2142 divinas
2535 2085 2699 2141 simul
2753 2095 2807 2141 et
2852 2086 3142 2140 humanas.
3192 2082 3421 2140 Volebat

1836 2179 1983 2234 enim
2037 2189 2099 2235 ut
2153 2178 2332 2244 Deus,
2395 2187 2449 2234 et
2493 2179 2867 2248 operabatur:
2907 2179 3125 2234 volebat
3175 2178 3307 2235 item
3360 2188 3420 2234 ut

1836 2270 2023 2334 homo,
2046 2278 2101 2325 et
2127 2271 2497 2341 operabatur;
2546 2270 2641 2326 sed
2673 2273 2909 2324 humana
2942 2270 3223 2325 voluntate
3251 2278 3419 2339 atque

1838 2365 2195 2435 operatione,
2249 2379 2351 2419 nec
2397 2371 2624 2435 peccato
2678 2364 2937 2419 obnoxia.
2998 2363 3130 2418 Sine
3188 2370 3417 2432 peccato

1835 2457 1979 2512 enim
2028 2464 2308 2527 assumpta
2348 2464 2435 2512 est
2476 2466 2672 2511 natura
2704 2457 2982 2512 humana:
3010 2463 3176 2525 atque
3211 2470 3280 2510 ex
3309 2453 3416 2508 hac

1834 2548 1953 2618 ipsa
2004 2547 2231 2603 unione.
2277 2547 2559 2602 voluntate
2613 2548 2788 2601 ambae
2835 2547 3002 2600 unita:
3050 2552 3199 2600 sunt.
3254 2541 3414 2610 Quod

1833 2646 2045 2712 optaret
2076 2640 2259 2694 divina
2296 2640 2569 2703 voluntas,
2596 2637 2651 2692 id
2679 2638 2843 2693 etiam
2869 2637 3083 2691 volebat
3117 2642 3416 2706 assumpta:

1832 2740 2043 2787 natura:
2072 2734 2339 2787 voluntas.
2365 2730 2473 2787 Sed
2499 2732 2836 2786 voluntatem
2870 2730 3109 2785 dicimus
3134 2730 3418 2800 Operatio-

1832 2839 2064 2893 nemque
2122 2824 2422 2879 naturalem
2456 2824 2659 2893 :quale
2703 2830 2825 2886 est,
2879 2822 3023 2892 quod
3079 2822 3413 2878 manducare

1830 2901 2033 2980 vellet,
2059 2916 2270 2981 bibere,
2313 2916 2595 2971 ambulare
2623 2935 2638 2973 :
2665 2922 2720 2971 et
2750 2915 2863 2970 haec
2900 2915 3251 2985 operabatur,
3294 2915 3412 2970 haec

1830 3010 2070 3065 volebat.
2103 3007 2303 3063 Verum
2333 3008 2449 3063 haec
2478 3007 2672 3079 agebat
2711 3006 2896 3061 divina
2929 3007 3267 3062 concedente
3307 3023 3412 3061 na-

134 3067 841 3172 φύσεωςπαραχωρούσης
861 3112 878 3136 ,
905 3075 965 3128 οὐ
1006 3075 1113 3148 μὴν
1160 3080 1722 3151 κατηναγκασμένως,

1832 3108 1991 3168 tura;
2025 3116 2136 3155 non
2170 3115 2236 3155 ex
2264 3100 2613 3166 necessitate,
2643 3099 3107 3172 quemadmodum
3142 3114 3275 3165 nos;
3314 3106 3409 3154 sed

132 3160 334 3233 ὥσπερ
359 3162 542 3232 ἡμεῖς·
585 3161 723 3216 ἀλλά
753 3165 850 3218 καὶ
888 3165 950 3219 16
990 3169 1209 3240 κοπιᾷν,
1240 3170 1416 3223 καὶτὸ
1460 3173 1721 3245 ἀγωνιᾷν,

1829 3151 1991 3262 illis}
2015 3151 2613 3262 nisi}.asins;
2628 3151 3107 3262 gagates...
3133 3151 3281 3260 qua;
3309 3151 3407 3259 ᾖ)ὲέ

133 3252 237 3306 καί
262 3252 325 3306 16
350 3254 524 3309 αἰτεῖν
549 3253 641 3310 τὸν
669 3256 891 3329 Πατέρα
914 3258 1205 3330 παρελθεῖν
1229 3261 1290 3314 τὸ
1321 3264 1600 3337 ποτήριον,
1627 3267 1724 3320 καὶ

130 3343 300 3398 τοῦτο
329 3345 424 3399 τοῦ
465 3347 696 3417 φυσικοῦ
747 3348 1070 3421 θελήματος.
1115 3351 1277 3407 Ἀλλά
1316 3355 1411 3409 καὶ
1460 3356 1598 3428 μετά
1625 3356 1724 3430 τὴν

131 3436 438 3491 ἀνάστασιν
475 3439 571 3493 καὶ
601 3439 703 3511 τὴν
752 3441 817 3494 ὲκ
859 3440 1048 3508 δεξιῶν
1079 3442 1173 3497 τοῦ
1215 3445 1427 3519 [ἰατρὸς
1453 3448 1722 3522 καθέδραν

130 3526 236 3582 δύο
264 3526 457 3599 φύσεις
487 3530 857 3603 ὁμολογοῦμεν
881 3535 974 3588 ἐπὶ
995 3534 1257 3608 Χριστοῦ,
1289 3537 1597 3611 θελητικάς,
1629 3543 1722 3596 καὶ

132 3620 522 3694 ἐνεργητικάς.
553 3624 729 3677 Ὅπου
763 3624 872 3698 γὰρ
908 3627 1070 3697 φύσις
1104 3629 1319 3702 λογική,
1356 3633 1472 3686 ἐκεῖ
1501 3633 1597 3687 καὶ
1635 3633 1722 3688 θέ-

132 3711 298 3784 λησις
330 3713 427 3767 καὶ
453 3714 724 3785 ἐνέργεια.
748 3718 987 3783 Φυσικάς
1014 3720 1073 3774 δὲ
1092 3721 1186 3775 δύο
1211 3721 1477 3795 θελήσεις,
1494 3723 1719 3798 γνώμην

126 3806 192 3859 δὲ
222 3807 388 3878 μίαν·
435 3798 833 3881 οίκονομούσης
848 3810 958 3885 γὰρ
1001 3813 1104 3884 τῆς
1142 3814 1414 3888 θεότητος,
1445 3818 1719 3891 ἑπομένης

127 3897 192 3951 δὲ
218 3897 318 3969 τῆς
351 3898 789 3974 ἀνθρωπότητος,
817 3905 912 3959 καὶ
940 3906 1379 3979 παραχωρούσης
1398 3908 1534 3981 αὐτῇ
1568 3910 1721 3983 ἐνερ-

129 3994 256 4060 γεῖν
288 3992 359 4047 τά
382 3994 689 4067 ἀμφότερα.

562 4087 701 4156 Περὶ
735 4087 1024 4160 διαφορᾶς
1050 4091 1295 4161 ἀρετῶν,

218 4177 514 4251 Ἐλάϐομεν
565 4179 785 4244 ἐντολὰς
839 4183 988 4255 παρά
1025 4184 1118 4238 τοῦ
1162 4187 1399 4260 Χριστοῦ
1443 4190 1539 4245 καὶ
1582 4191 1718 4247 Θεοῦ

129 4269 165 4339 ή
173 4268 315 4341 μῶν,
328 4269 427 4335 τὰς
443 4272 777 4328 ἀπεντεῦθεν
789 4273 910 4328 θεου
919 4275 1047 4346 ργού
1054 4293 1172 4341 σας,
1189 4279 1285 4332 καὶ
1300 4281 1559 4345 ποιούσας
1572 4285 1719 4356 ἡμᾶς

130 4368 552 4440 ἀναμαρτήτους
590 4368 817 4439 διάγειν,
852 4371 947 4425 καὶ
973 4372 1047 4435 ὡς
1090 4373 1355 4442 ἀγγέλους
1382 4375 1718 4448 ἀναστρέφε-

1825 3286 1962 3336 teret
2007 3296 2037 3335 a
2064 3279 2226 3335 Patre
2273 3291 2333 3335 ut
2377 3282 2638 3337 transiret
2686 3282 2850 3347 calix,
2883 3280 2936 3334 id
2982 3279 3235 3334 humana:
3288 3289 3408 3334 erat

1825 3370 1991 3444 519
2042 3373 2367 3429 voluntatis.
2417 3371 2532 3427 lmo
2571 3372 2736 3427 etiam
2776 3381 2900 3443 post
2943 3371 3406 3428 resurrectionem

1825 3475 1989 3535 atque
2022 3467 2324 3522 sessionem
2357 3464 2427 3519 ad
2456 3465 2737 3521 dexteram
2770 3464 2971 3528 Patris,
3009 3463 3149 3518 duas
3176 3470 3405 3517 naturas

1823 3558 2149 3611 confitemur
2198 3556 2252 3610 in
2300 3555 2545 3624 Christo,
2596 3558 2879 3612 voluntate
2928 3564 2983 3611 et
3032 3553 3295 3626 Operandi
3348 3554 3404 3607 vi

1822 3646 2244 3717 praeditaszubi
2301 3647 2447 3702 enim
2497 3655 2695 3703 natura
2746 3647 3161 3715 rationalis,.:ibi
3211 3654 3266 3701 ct
3305 3660 3404 3699 vo-

1821 3737 2006 3792 luntas
2037 3745 2091 3793 et
2124 3739 2392 3809 operatio.
2421 3737 2711 3795 Naturales
2754 3746 2937 3793 autem
2970 3738 3110 3793 duas
3148 3738 3403 3791 volunta-

1822 3836 1905 3886 tes
1940 3831 2208 3897 Tdicimus,
2252 3830 2347 3887 sed
2385 3832 2602 3887 unicam
2655 3830 3006 3895 sententiam,
3042 3830 3399 3900 dispensante

1820 3920 2044 3985 deitate,
2079 3921 2449 3991 subsequente
2475 3928 2654 3977 autem
2681 3921 3043 3987 humanitate,
3071 3926 3235 3991 atque
3267 3935 3404 3976 con-

1820 4013 2051 4071 cedente
2076 4021 2135 4069 ut
2160 4022 2393 4083 utraque
2423 4022 2769 4084 operaretur.

2252 4105 2331 4161 De
2359 4105 2659 4176 differentia
2691 4107 2964 4161 virtutum.
3062 4142 3067 4147 ι

1889 4198 2151 4255 Mandata
2189 4201 2504 4271 accepimus
2530 4214 2559 4252 a
2587 4199 2810 4254 Christo
2826 4206 2879 4253 et
2909 4197 3021 4253 Deo
3051 4206 3261 4262 nostro,
3278 4213 3401 4269 quae

1818 4288 2020 4343 exinde
2076 4288 2325 4344 divinum
2360 4288 2611 4360 operanti
2648 4289 2895 4360 praebent
2931 4287 3219 4353 auxilium,
3258 4302 3401 4357 pra»-

1819 4390 2076 4449 Stantque
2122 4392 2180 4437 ut
2210 4383 2420 4453 absque
2453 4389 2684 4453 peccato
2714 4383 3000 4452 degamus,
3032 4391 3086 4435 et
3121 4380 3269 4435 velut
3295 4395 3403 4435 an-

132 4459 261 4515 σθαι
296 4461 434 4531 μετά
462 4462 570 4516 τῶν
611 4462 948 4535 ἀνθρώπων·
983 4459 1095 4520 οἷον
1140 4463 1241 4537 τὴν
1280 4466 1588 4538 μετάνοιαν,
1618 4469 1716 4541 τὴν

1829 4476 1926 4548 geli
1948 4491 2072 4530 cum
2093 4476 2410 4531 hominibus
2432 4490 2749 4531 versemur:
2773 4474 3150 4546 paenitentiam
3178 4489 3398 4545 nempe,

128 4553 634 4626 ταπεινοφροσύνην
676 4556 771 4610 καὶ
810 4556 872 4609 16
897 4556 1146 4629 διηνεκὲς
1194 4558 1408 4627 πένθος,
1444 4561 1543 4634 τὴν
1580 4562 1717 4633 πρὸς

129 4642 297 4697 αὐτὸν
324 4644 547 4718 ἀγάπην
579 4645 676 4718 τὴν
708 4647 767 4714 ἐξ
800 4647 927 4719 ὅλης
955 4647 1185 4720 καρδίας
1221 4651 1599 4724 ὲγγινομένην,
1624 4652 1718 4705 καὶ

126 4736 234 4810 τήν
260 4737 398 4810 πρὸς
421 4738 513 4793 τὸν
541 4739 767 4811 πλησίον
795 4740 1057 4809 διάθεσιν,
1088 4743 1186 4814 τὴν
1218 4742 1466 4815 καθαρὰν
1488 4761 1719 4816 προσευ-

128 4827 256 4901 χὴν,
288 4830 382 4883 καὶ
405 4831 507 4902 τὴν
538 4831 746 4885 ἑαυτῶν
789 4832 1119 4906 ἀπάρνησιν,
1149 4835 1243 4888 καὶ
1278 4835 1340 4888 16
1364 4835 1430 4888 δι’
1456 4835 1578 4889 ὅλου
1611 4836 1718 4906 πρὸ

127 4917 429 4990 ὀφθαλμῶν
466 4919 609 4992 ἔχειν
650 4921 740 4976 τὸν
778 4922 920 4995 ὑπὲρ
963 4923 1127 4977 αὐτοῦ
1158 4923 1408 4992 θάνατον,
1435 4925 1529 4980 καὶ
1553 4926 1610 4979 ὲν
1638 4924 1717 4997 τῷ

131 5011 275 5079 φωτὶ
326 5010 491 5065 αὑτοῦ
547 5011 912 5079 ἀδιαλείπτως
959 5015 1307 5086 πορεύεσθαι,
1347 5017 1441 5070 καὶ
1466 5016 1526 5070 16
1571 5016 1715 5088 ἔχειν

129 5102 327 5157 ἑαυτὸν
350 5103 454 5157 ὑπὸ
480 5104 663 5175 πάσης
690 5104 943 5170 κτίσεως,
983 5107 1080 5160 καὶ
1115 5105 1328 5160 δέεσθαι
1358 5106 1523 5160 αὐτοῦ
1548 5107 1717 5178 διηνε-

130 5192 264 5257 κῶς.
292 5194 509 5259 Ταύτας
531 5194 641 5265 γάρ
671 5195 770 5261 τάς
798 5195 947 5261 θείας
974 5197 1194 5262 ἐντολὰς
1225 5201 1253 5253 6
1295 5197 1434 5270 μετά
1479 5201 1714 5264 πίστεως

131 5276 518 5356 ἐργαζόμενος,
544 5286 680 5341 Θεοῦ
712 5287 827 5354 υἱὸς
860 5289 1092 5358 γίνεται,
1129 5290 1223 5345 καὶ
1252 5292 1368 5354 υἱὸς
1406 5291 1583 5361 φωτὸς
1618 5292 1713 5346 καὶ

130 5371 464 5445 κληρονόμος
507 5374 664 5441 Θεοῦ,
699 5377 795 5431 καὶ
838 5380 1281 5452 συγκληρονόμος
1317 5381 1577 5453 Χριστοῦ,
1616 5381 1711 5435 καὶ

131 5462 453 5539 σύμμορφης
473 5467 571 5539 τῆς
598 5468 804 5531 εἰκόνος
827 5471 993 5525 αὐτοῦ
1023 5472 1119 5527 καὶ
1147 5472 1446 5544 σύμφυτος,
1468 5475 1562 5528 καὶ
1586 5491 1711 5527 συν-

126 5558 307 5629 τόμως
340 5560 435 5614 καὶ
457 5560 644 5627 ἁπλῶς
665 5564 859 5630 εἰπεῖν,
887 5564 1033 5620 θέσει
1058 5566 1200 5621 κατά
1222 5568 1381 5639 χάριν
1409 5567 1562 5632 Θεός.
1586 5569 1708 5622 Είσὶ

127 5647 187 5702 δὲ
216 5649 401 5723 ἕτεραι
432 5653 645 5709 ἐντολαὶ
691 5653 785 5710 τοῦ
811 5656 1074 5727 Χριστοῦ,
1103 5661 1160 5712 αί
1200 5658 1394 5729 ἄφεσιν
1430 5660 1531 5732 μὲν
1580 5679 1707 5734 προ·

128 5738 397 5812 ξενοῦσαι,
434 5746 496 5800 οὐ
536 5747 643 5821 μὴν
681 5749 738 5804 δὲ
781 5749 873 5805 καὶ
910 5749 1246 5825 τελειότητος
1282 5752 1563 5822 ἀξιοῦσαν
1594 5748 1705 5809 οἷον

204 5832 248 5865 ⁸⁸
283 5834 447 5894 Hebr.
483 5855 522 5910 ι,
559 5840 593 5897 3

1821 4568 2220 4633 humilitatem,
2282 4568 2491 4622 luctum
2532 4567 2851 4631 assiduum,
2901 4566 3225 4621 charitatem
3270 4581 3400 4635 erga

1820 4654 2000 4724 ipsum
2034 4670 2100 4709 ex
2153 4662 2270 4710 toto
2301 4656 2489 4718 corde,
2520 4655 2867 4711 dileCtionem
2901 4657 3171 4726 proximi,
3201 4670 3396 4726 puram

1818 4747 2122 4801 orationem
2150 4787 2165 4812 ,
2213 4755 2465 4804 nostrum
2524 4747 2769 4818 ipsorum
2818 4748 3391 4814 abrenuntiationem;

1818 4845 1987 4908 utque
2040 4852 2256 4909 semper
2303 4847 2536 4894 mortem
2567 4854 2668 4910 pro
2719 4839 2813 4893 illo
2872 4838 3250 4894 sustinendam
3284 4852 3396 4909 prae

1816 4934 1993 4989 oculis
2017 4934 2341 4998 habeamus,
2374 4932 2428 4987 in
2460 4932 2580 5002 ejus
2609 4932 2813 4986 lumine
2836 4930 2956 4985 sine
2985 4928 3395 4984 intermissione

1816 5025 2178 5090 ambulemus,
2215 5041 2317 5081 nos
2341 5025 2491 5080 omni
2518 5030 2771 5079 creatura
2802 5021 3092 5077 inferiores
3112 5021 3393 5076 existime-

1816 5133 1959 5183 mus,
1991 5126 2154 5187 atque
2179 5117 2400 5173 assidue
2443 5116 2545 5186 ipsi
2582 5116 2976 5187 supplicemus.
3003 5112 3128 5168 Haec
3159 5128 3395 5184 namque

1814 5207 2001 5262 divina
2029 5208 2208 5277 jussa,
2228 5208 2272 5264 si
2296 5210 2419 5279 quis
2436 5223 2560 5263 cum
2581 5208 2684 5262 fide
2714 5205 3092 5276 compleverit,
3121 5202 3213 5259 Dei
3246 5203 3393 5259 [ilius

1814 5298 2098 5366 etlicietur,
2159 5300 2305 5355 illius
2340 5301 2507 5366 lucis,
2553 5300 2728 5354 haeres
2760 5296 2874 5360 Dei,
2922 5290 3167 5352 coheres
3203 5305 3391 5351 autem

1812 5391 2041 5463 Christi,
2067 5393 2372 5450 conformis
2402 5393 2627 5465 imagini
2677 5393 2818 5463 ejus,
2850 5401 2905 5446 et
2939 5390 3344 5460 complantatus
3372 5405 3389 5455 ;

1812 5493 1999 5558 atque,
2040 5494 2099 5541 ut
2126 5486 2319 5557 paucis
2356 5494 2408 5541 et
2458 5485 2778 5556 simpliciter
2806 5483 3078 5546 dicamus,
3098 5480 3392 5551 adoptione

1810 5578 2114 5635 secundum
2143 5579 2376 5651 gratiam
2411 5577 2577 5634 Deus.
2605 5576 2745 5633 Sunt
2777 5592 2946 5649 porro
2979 5576 3080 5630 alia
3117 5584 3390 5645 praecepta

1810 5671 2044 5737 Christi,
2080 5687 2204 5743 quae
2251 5672 2634 5728 remissionem
2661 5672 2881 5743 quidem
2923 5668 3242 5732 conciliant,
3276 5670 3388 5721 imo

1807 5779 1938 5823 vero
1966 5765 2031 5821 ad
2062 5765 2451 5839 perfectionem
2474 5781 2576 5823 nos
2604 5765 2912 5832 deducunt;
2947 5763 3104 5836 quale
3126 5769 3230 5823 ec'.
3248 5775 3378 5815 eon-
