  <div class='ocr_page' id='page_1' title='image "/cluster/home/n/w/nwhite01/storage/ocr_20150623/28/nnc1.0046978690/787.png"; bbox 0 0 3860 6220; ppageno 0'>
   <div class='ocr_carea' id='block_1_1' title="bbox 522 287 3757 386">
    <p class='ocr_par' dir='ltr' id='par_1_1' title="bbox 522 287 3757 386">
     <span class='ocr_line' id='line_1_1' title="bbox 522 287 3757 386; baseline -0.014 0"><span class='ocrx_word' id='word_1_1' title='bbox 522 330 655 386; x_wconf 75' lang='lat' dir='ltr'><strong>N07</strong></span> <span class='ocrx_word' id='word_1_2' title='bbox 1684 315 1743 367; x_wconf 91' lang='lat' dir='ltr'><strong>S.</strong></span> <span class='ocrx_word' id='word_1_3' title='bbox 1788 303 2254 365; x_wconf 79' lang='lat' dir='ltr'><strong>ATIIANASIUS.</strong></span> <span class='ocrx_word' id='word_1_4' title='bbox 2290 332 2359 344; x_wconf 91' lang='grc'><strong><em>--</em></strong></span> <span class='ocrx_word' id='word_1_5' title='bbox 2399 298 2669 356; x_wconf 75' lang='lat' dir='ltr'><strong>SPUBIA.</strong></span> <span class='ocrx_word' id='word_1_6' title='bbox 3656 287 3757 341; x_wconf 72' lang='lat' dir='ltr'><strong>ua</strong></span> 
     </span>
    </p>
   </div>
   <div class='ocr_carea' id='block_1_2' title="bbox 518 403 2139 509">
    <p class='ocr_par' dir='ltr' id='par_1_2' title="bbox 518 427 2139 509">
     <span class='ocr_line' id='line_1_2' title="bbox 518 427 2139 509; baseline -0.014 -9"><span class='ocrx_word' id='word_1_7' title='bbox 518 444 661 501; x_wconf 67' lang='lat' dir='ltr'><strong>{lteri</strong></span> <span class='ocrx_word' id='word_1_8' title='bbox 686 455 751 497; x_wconf 88' lang='lat' dir='ltr'><strong>ac</strong></span> <span class='ocrx_word' id='word_1_9' title='bbox 779 439 1139 509; x_wconf 82' lang='lat' dir='ltr'><strong>pronuntiare</strong></span> <span class='ocrx_word' id='word_1_10' title='bbox 1170 433 1390 505; x_wconf 87' lang='lat' dir='ltr'><strong>propria</strong></span> <span class='ocrx_word' id='word_1_11' title='bbox 1417 437 1661 501; x_wconf 80' lang='lat' dir='ltr'><strong>peccata,</strong></span> <span class='ocrx_word' id='word_1_12' title='bbox 1682 442 1788 481; x_wconf 92' lang='lat' dir='ltr'><strong>non</strong></span> <span class='ocrx_word' id='word_1_13' title='bbox 1820 428 2088 495; x_wconf 76' lang='lat' dir='ltr'><strong>judicare,</strong></span> <span class='ocrx_word' id='word_1_14' title='bbox 2121 427 2139 477; x_wconf 69' lang='lat'><em>1</em></span> 
     </span>
    </p>
   </div>
   <div class='ocr_carea' id='block_1_3' title="bbox 2243 403 3772 509">
    <p class='ocr_par' dir='ltr' id='par_1_3' title="bbox 2243 403 3772 488">
     <span class='ocr_line' id='line_1_3' title="bbox 2243 403 3772 488; baseline -0.011 -19"><span class='ocrx_word' id='word_1_15' title='bbox 2243 439 2250 469; x_wconf 75' lang='grc' dir='ltr'><strong>ι</strong></span> <span class='ocrx_word' id='word_1_16' title='bbox 2277 430 2560 488; x_wconf 82' lang='grc' dir='ltr'>ομοΛογειν</span> <span class='ocrx_word' id='word_1_17' title='bbox 2586 430 2681 467; x_wconf 91' lang='grc' dir='ltr'><strong>και</strong></span> <span class='ocrx_word' id='word_1_18' title='bbox 2708 408 3053 481; x_wconf 80' lang='grc' dir='ltr'>εξαγορεύειν</span> <span class='ocrx_word' id='word_1_19' title='bbox 3080 406 3149 459; x_wconf 80' lang='grc' dir='ltr'>τὰ</span> <span class='ocrx_word' id='word_1_20' title='bbox 3176 406 3353 459; x_wconf 88' lang='grc' dir='ltr'>οἰκεῖα</span> <span class='ocrx_word' id='word_1_21' title='bbox 3376 403 3772 474; x_wconf 70' lang='grc' dir='ltr'><strong>ἁμαρτήματι,</strong></span> 
     </span>
    </p>
   </div>
   <div class='ocr_carea' id='block_1_4' title="bbox 519 498 2139 595">
    <p class='ocr_par' dir='ltr' id='par_1_4' title="bbox 519 516 2094 595">
     <span class='ocr_line' id='line_1_4' title="bbox 519 516 2094 595; baseline -0.017 -2"><span class='ocrx_word' id='word_1_22' title='bbox 519 553 632 593; x_wconf 90' lang='lat' dir='ltr'><strong>non</strong></span> <span class='ocrx_word' id='word_1_23' title='bbox 688 549 812 589; x_wconf 91' lang='lat' dir='ltr'><strong>sese</strong></span> <span class='ocrx_word' id='word_1_24' title='bbox 836 529 1074 595; x_wconf 70' lang='lat' dir='ltr'><strong>negotiis</strong></span> <span class='ocrx_word' id='word_1_25' title='bbox 1117 527 1314 582; x_wconf 88' lang='lat' dir='ltr'><strong>alienis</strong></span> <span class='ocrx_word' id='word_1_26' title='bbox 1347 525 1567 579; x_wconf 85' lang='lat' dir='ltr'><strong>curiose</strong></span> <span class='ocrx_word' id='word_1_27' title='bbox 1620 522 1869 591; x_wconf 77' lang='lat' dir='ltr'><strong>ingerere</strong></span> <span class='ocrx_word' id='word_1_28' title='bbox 1907 535 1919 569; x_wconf 91' lang='lat'>:</span> <span class='ocrx_word' id='word_1_29' title='bbox 1953 516 2094 569; x_wconf 88' lang='lat' dir='ltr'><strong>elee-</strong></span> 
     </span>
    </p>
   </div>
   <div class='ocr_carea' id='block_1_5' title="bbox 2243 498 3843 595">
    <p class='ocr_par' dir='ltr' id='par_1_5' title="bbox 2243 498 3843 583">
     <span class='ocr_line' id='line_1_5' title="bbox 2243 498 3843 583; baseline -0.007 -21"><span class='ocrx_word' id='word_1_30' title='bbox 2243 531 2254 564; x_wconf 82' lang='grc'><strong>›</strong></span> <span class='ocrx_word' id='word_1_31' title='bbox 2291 511 2366 583; x_wconf 84' lang='grc' dir='ltr'><strong>μὴ</strong></span> <span class='ocrx_word' id='word_1_32' title='bbox 2393 509 2619 580; x_wconf 88' lang='grc' dir='ltr'>κρίνειν,</span> <span class='ocrx_word' id='word_1_33' title='bbox 2660 508 2722 561; x_wconf 83' lang='grc' dir='ltr'><strong>τὸ</strong></span> <span class='ocrx_word' id='word_1_34' title='bbox 2765 504 2839 577; x_wconf 80' lang='grc' dir='ltr'>μὴ</span> <span class='ocrx_word' id='word_1_35' title='bbox 2869 503 3344 576; x_wconf 83' lang='grc' dir='ltr'><strong>πολυπραγμονεῖν</strong></span> <span class='ocrx_word' id='word_1_36' title='bbox 3385 499 3461 552; x_wconf 88' lang='grc' dir='ltr'><strong>τά</strong></span> <span class='ocrx_word' id='word_1_37' title='bbox 3508 498 3776 569; x_wconf 73' lang='grc' dir='ltr'>ἀλλότρια,</span> 
     </span>
    </p>
   </div>
   <div class='ocr_carea' id='block_1_6' title="bbox 520 589 2139 700">
    <p class='ocr_par' dir='ltr' id='par_1_6' title="bbox 520 608 2095 700">
     <span class='ocr_line' id='line_1_6' title="bbox 520 608 2095 700; baseline -0.018 -13"><span class='ocrx_word' id='word_1_38' title='bbox 520 641 805 700; x_wconf 85' lang='lat' dir='ltr'><strong>mosynam</strong></span> <span class='ocrx_word' id='word_1_39' title='bbox 833 640 899 680; x_wconf 81' lang='lat' dir='ltr'><strong>ex</strong></span> <span class='ocrx_word' id='word_1_40' title='bbox 931 620 1170 694; x_wconf 81' lang='lat' dir='ltr'><strong>prapriis</strong></span> <span class='ocrx_word' id='word_1_41' title='bbox 1198 619 1360 674; x_wconf 85' lang='lat' dir='ltr'><strong>bonis</strong></span> <span class='ocrx_word' id='word_1_42' title='bbox 1418 629 1666 684; x_wconf 78' lang='lat' dir='ltr'><strong>erogare,</strong></span> <span class='ocrx_word' id='word_1_43' title='bbox 1697 626 1818 681; x_wconf 67' lang='lat' dir='ltr'><strong>qua:</strong></span> <span class='ocrx_word' id='word_1_44' title='bbox 1844 608 2095 663; x_wconf 88' lang='lat' dir='ltr'><strong>accidunt</strong></span> 
     </span>
    </p>
   </div>
   <div class='ocr_carea' id='block_1_7' title="bbox 2243 589 3779 700">
    <p class='ocr_par' dir='ltr' id='par_1_7' title="bbox 2243 589 3779 667">
     <span class='ocr_line' id='line_1_7' title="bbox 2243 589 3779 667; baseline -0.01 -11"><span class='ocrx_word' id='word_1_45' title='bbox 2243 617 2256 657; x_wconf 79' lang='lat'><strong><em>&gt;</em></strong></span> <span class='ocrx_word' id='word_1_46' title='bbox 2282 604 2450 656; x_wconf 86' lang='grc' dir='ltr'>ἐλεεῖν</span> <span class='ocrx_word' id='word_1_47' title='bbox 2467 603 2532 653; x_wconf 84' lang='grc' dir='ltr'><strong>ἐκ</strong></span> <span class='ocrx_word' id='word_1_48' title='bbox 2555 599 2666 652; x_wconf 84' lang='grc' dir='ltr'><strong>τῶν</strong></span> <span class='ocrx_word' id='word_1_49' title='bbox 2696 597 3073 667; x_wconf 83' lang='grc' dir='ltr'><strong>ὑπαρχόντων,</strong></span> <span class='ocrx_word' id='word_1_50' title='bbox 3094 594 3153 647; x_wconf 83' lang='grc' dir='ltr'>τὸ</span> <span class='ocrx_word' id='word_1_51' title='bbox 3177 593 3364 664; x_wconf 87' lang='grc' dir='ltr'>φέρειν</span> <span class='ocrx_word' id='word_1_52' title='bbox 3394 589 3679 658; x_wconf 76' lang='grc' dir='ltr'><strong>γενναίως</strong></span> <span class='ocrx_word' id='word_1_53' title='bbox 3708 593 3779 642; x_wconf 64' lang='grc' dir='ltr'><strong>καὶ</strong></span> 
     </span>
    </p>
   </div>
   <div class='ocr_carea' id='block_1_8' title="bbox 521 679 2139 789">
    <p class='ocr_par' dir='ltr' id='par_1_8' title="bbox 521 679 2094 789">
     <span class='ocr_line' id='line_1_8' title="bbox 521 679 1732 700; baseline -0.017 2"><span class='ocrx_word' id='word_1_54' title='bbox 521 679 664 700; x_wconf 66' lang='grc' dir='ltr'><strong>’“’”’”δ</strong></span> <span class='ocrx_word' id='word_1_55' title='bbox 683 679 766 681; x_wconf 26' lang='lat' dir='ltr'><strong>&quot;vi</strong></span> <span class='ocrx_word' id='word_1_56' title='bbox 933 679 948 694; x_wconf 86' lang='grc' dir='ltr'><strong>Ι</strong></span> <span class='ocrx_word' id='word_1_57' title='bbox 1036 679 1053 692; x_wconf 82' lang='grc' dir='ltr'>ι</span> <span class='ocrx_word' id='word_1_58' title='bbox 1520 679 1545 684; x_wconf 75' lang='grc'><strong>-</strong></span> <span class='ocrx_word' id='word_1_59' title='bbox 1715 679 1732 681; x_wconf 83' lang='grc'><strong><em>-</em></strong></span> 
     </span>
     <span class='ocr_line' id='line_1_9' title="bbox 521 692 2094 789; baseline -0.017 -12"><span class='ocrx_word' id='word_1_60' title='bbox 521 721 701 778; x_wconf 86' lang='lat' dir='ltr'><strong>tristia</strong></span> <span class='ocrx_word' id='word_1_61' title='bbox 737 731 1000 789; x_wconf 75' lang='lat' dir='ltr'><strong>generose</strong></span> <span class='ocrx_word' id='word_1_62' title='bbox 1052 723 1106 769; x_wconf 90' lang='lat' dir='ltr'><strong>et</strong></span> <span class='ocrx_word' id='word_1_63' title='bbox 1166 727 1290 767; x_wconf 88' lang='lat' dir='ltr'><strong>cum</strong></span> <span class='ocrx_word' id='word_1_64' title='bbox 1336 708 1634 780; x_wconf 74' lang='lat' dir='ltr'><strong>gratiarum</strong></span> <span class='ocrx_word' id='word_1_65' title='bbox 1685 692 1899 757; x_wconf 87' lang='lat' dir='ltr'><strong>actione</strong></span> <span class='ocrx_word' id='word_1_66' title='bbox 1933 699 2094 764; x_wconf 82' lang='lat' dir='ltr'><strong>ferre,</strong></span> 
     </span>
    </p>
   </div>
   <div class='ocr_carea' id='block_1_9' title="bbox 2243 679 3843 789">
    <p class='ocr_par' dir='ltr' id='par_1_9' title="bbox 2243 679 3843 763">
     <span class='ocr_line' id='line_1_10' title="bbox 2243 679 3843 763; baseline -0.011 -16"><span class='ocrx_word' id='word_1_67' title='bbox 2243 695 2317 747; x_wconf 83' lang='grc' dir='ltr'>ετ’</span> <span class='ocrx_word' id='word_1_68' title='bbox 2340 690 2689 763; x_wconf 82' lang='grc' dir='ltr'><strong>εὐχαριστίας</strong></span> <span class='ocrx_word' id='word_1_69' title='bbox 2729 687 2800 741; x_wconf 87' lang='grc' dir='ltr'><strong>τά</strong></span> <span class='ocrx_word' id='word_1_70' title='bbox 2842 686 3182 758; x_wconf 74' lang='grc' dir='ltr'><strong>ἐπερχόμενα</strong></span> <span class='ocrx_word' id='word_1_71' title='bbox 3218 679 3465 754; x_wconf 79' lang='grc' dir='ltr'>λυπηρὰ,</span> <span class='ocrx_word' id='word_1_72' title='bbox 3496 679 3566 732; x_wconf 82' lang='grc' dir='ltr'><strong>τὸ</strong></span> <span class='ocrx_word' id='word_1_73' title='bbox 3606 679 3778 748; x_wconf 56' lang='lat'><strong>611.019-</strong></span> <span class='ocrx_word' id='word_1_74' title='bbox 3842 690 3843 721; x_wconf 59' lang='grc' dir='ltr'><strong>ι</strong></span> 
     </span>
    </p>
   </div>
   <div class='ocr_carea' id='block_1_10' title="bbox 522 770 2139 879">
    <p class='ocr_par' dir='ltr' id='par_1_10' title="bbox 522 770 2093 879">
     <span class='ocr_line' id='line_1_11' title="bbox 522 770 2093 879; baseline -0.017 -10"><span class='ocrx_word' id='word_1_75' title='bbox 522 770 770 869; x_wconf 66' lang='lat' dir='ltr'><strong>conﬁteri</strong></span> <span class='ocrx_word' id='word_1_76' title='bbox 790 826 850 864; x_wconf 91' lang='lat' dir='ltr'><strong>se</strong></span> <span class='ocrx_word' id='word_1_77' title='bbox 879 808 1051 879; x_wconf 91' lang='lat' dir='ltr'><strong>gratis</strong></span> <span class='ocrx_word' id='word_1_78' title='bbox 1082 812 1244 873; x_wconf 88' lang='lat' dir='ltr'><strong>atque</strong></span> <span class='ocrx_word' id='word_1_79' title='bbox 1273 817 1336 856; x_wconf 78' lang='lat' dir='ltr'><strong>ex</strong></span> <span class='ocrx_word' id='word_1_80' title='bbox 1359 800 1532 871; x_wconf 87' lang='lat' dir='ltr'><strong>gratia</strong></span> <span class='ocrx_word' id='word_1_81' title='bbox 1556 797 1786 852; x_wconf 84' lang='lat' dir='ltr'><strong>salutem</strong></span> <span class='ocrx_word' id='word_1_82' title='bbox 1810 789 2093 861; x_wconf 88' lang='lat' dir='ltr'><strong>consequi.</strong></span> 
     </span>
    </p>
   </div>
   <div class='ocr_carea' id='block_1_11' title="bbox 2243 770 3782 879">
    <p class='ocr_par' dir='ltr' id='par_1_11' title="bbox 2243 770 3782 857">
     <span class='ocr_line' id='line_1_12' title="bbox 2243 770 3782 857; baseline -0.014 -15"><span class='ocrx_word' id='word_1_83' title='bbox 2243 790 2315 841; x_wconf 83' lang='grc' dir='ltr'><strong>εἴν</strong></span> <span class='ocrx_word' id='word_1_84' title='bbox 2335 785 2540 857; x_wconf 83' lang='grc' dir='ltr'>δωρεὰν</span> <span class='ocrx_word' id='word_1_85' title='bbox 2565 784 2659 838; x_wconf 87' lang='lat' dir='ltr'><strong>ml.</strong></span> <span class='ocrx_word' id='word_1_86' title='bbox 2683 782 2863 855; x_wconf 84' lang='grc' dir='ltr'>χάριτι</span> <span class='ocrx_word' id='word_1_87' title='bbox 2891 777 3178 843; x_wconf 81' lang='grc' dir='ltr'>σώζεσθαι.</span> <span class='ocrx_word' id='word_1_88' title='bbox 3199 777 3263 829; x_wconf 80' lang='lat' dir='ltr'><strong>Et</strong></span> <span class='ocrx_word' id='word_1_89' title='bbox 3290 775 3392 846; x_wconf 85' lang='grc' dir='ltr'><strong>μὲν</strong></span> <span class='ocrx_word' id='word_1_90' title='bbox 3412 770 3519 827; x_wconf 76' lang='grc' dir='ltr'>οὗν</span> <span class='ocrx_word' id='word_1_91' title='bbox 3535 772 3643 835; x_wconf 77' lang='grc' dir='ltr'><strong>τὰς</strong></span> 
     </span>
    </p>
   </div>
   <div class='ocr_carea' id='block_1_12' title="bbox 525 865 2139 971">
    <p class='ocr_par' dir='ltr' id='par_1_12' title="bbox 525 865 2099 971">
     <span class='ocr_line' id='line_1_13' title="bbox 525 865 2099 971; baseline -0.017 -12"><span class='ocrx_word' id='word_1_92' title='bbox 525 865 803 971; x_wconf 53' lang='grc' dir='ltr'>έῆισίιιιο</span> <span class='ocrx_word' id='word_1_93' title='bbox 832 865 1007 970; x_wconf 73' lang='lat' dir='ltr'><strong>prima</strong></span> <span class='ocrx_word' id='word_1_94' title='bbox 1037 898 1127 951; x_wconf 90' lang='lat' dir='ltr'><strong>illa</strong></span> <span class='ocrx_word' id='word_1_95' title='bbox 1156 865 1219 948; x_wconf 75' lang='lat' dir='ltr'><strong>ac</strong></span> <span class='ocrx_word' id='word_1_96' title='bbox 1249 865 1587 947; x_wconf 38' lang='lat' dir='ltr'><strong>Dei‘auxilio</strong></span> <span class='ocrx_word' id='word_1_97' title='bbox 1634 883 1907 956; x_wconf 91' lang='lat' dir='ltr'><strong>implenda</strong></span> <span class='ocrx_word' id='word_1_98' title='bbox 1942 897 2099 936; x_wconf 90' lang='lat' dir='ltr'><strong>man-</strong></span> 
     </span>
    </p>
   </div>
   <div class='ocr_carea' id='block_1_13' title="bbox 2243 865 3843 971">
    <p class='ocr_par' dir='ltr' id='par_1_13' title="bbox 2243 865 3843 971">
     <span class='ocr_line' id='line_1_14' title="bbox 2243 865 3843 971; baseline -0.011 -39"><span class='ocrx_word' id='word_1_99' title='bbox 2243 897 2297 943; x_wconf 82' lang='grc' dir='ltr'>ις</span> <span class='ocrx_word' id='word_1_100' title='bbox 2344 879 2439 931; x_wconf 77' lang='grc' dir='ltr'><strong>καὶ</strong></span> <span class='ocrx_word' id='word_1_101' title='bbox 2479 876 2841 947; x_wconf 87' lang='grc' dir='ltr'>θεουργούσας</span> <span class='ocrx_word' id='word_1_102' title='bbox 2883 871 3103 934; x_wconf 83' lang='grc' dir='ltr'>ἐντολάς</span> <span class='ocrx_word' id='word_1_103' title='bbox 3140 885 3223 932; x_wconf 89' lang='grc' dir='ltr'><strong>τις</strong></span> <span class='ocrx_word' id='word_1_104' title='bbox 3272 865 3609 938; x_wconf 76' lang='grc' dir='ltr'><strong>ἐργάζεται,</strong></span> <span class='ocrx_word' id='word_1_105' title='bbox 3645 865 3782 916; x_wconf 67' lang='grc' dir='ltr'>ἀπεν-</span> 
     </span>
    </p>
   </div>
   <div class='ocr_carea' id='block_1_14' title="bbox 523 882 2139 1061">
    <p class='ocr_par' dir='ltr' id='par_1_14' title="bbox 523 883 2099 1061">
     <span class='ocr_line' id='line_1_15' title="bbox 525 883 2099 971; baseline -0.017 -12"><span class='ocrx_word' id='word_1_106' title='bbox 525 903 584 959; x_wconf 89' lang='lat' dir='ltr'><strong>Si</strong></span> <span class='ocrx_word' id='word_1_107' title='bbox 615 904 803 971; x_wconf 87' lang='lat' dir='ltr'><strong>itaque</strong></span> <span class='ocrx_word' id='word_1_108' title='bbox 832 899 1007 970; x_wconf 91' lang='lat' dir='ltr'><strong>prima</strong></span> <span class='ocrx_word' id='word_1_109' title='bbox 1037 898 1127 951; x_wconf 90' lang='lat' dir='ltr'><strong>illa</strong></span> <span class='ocrx_word' id='word_1_110' title='bbox 1156 909 1219 948; x_wconf 90' lang='lat' dir='ltr'><strong>ac</strong></span> <span class='ocrx_word' id='word_1_111' title='bbox 1249 891 1343 947; x_wconf 83' lang='lat' dir='ltr'><strong>Dei</strong></span> <span class='ocrx_word' id='word_1_112' title='bbox 1383 890 1587 944; x_wconf 83' lang='lat' dir='ltr'><strong>auxilio</strong></span> <span class='ocrx_word' id='word_1_113' title='bbox 1634 883 1907 956; x_wconf 91' lang='lat' dir='ltr'><strong>implenda</strong></span> <span class='ocrx_word' id='word_1_114' title='bbox 1942 897 2099 936; x_wconf 90' lang='lat' dir='ltr'><strong>man-</strong></span> 
     </span>
     <span class='ocr_line' id='line_1_16' title="bbox 523 974 2099 1061; baseline -0.016 -12"><span class='ocrx_word' id='word_1_115' title='bbox 523 993 651 1049; x_wconf 88' lang='lat' dir='ltr'><strong>data</strong></span> <span class='ocrx_word' id='word_1_116' title='bbox 700 991 826 1061; x_wconf 88' lang='lat' dir='ltr'><strong>quis</strong></span> <span class='ocrx_word' id='word_1_117' title='bbox 884 985 1277 1057; x_wconf 81' lang='lat' dir='ltr'><strong>compleverit;</strong></span> <span class='ocrx_word' id='word_1_118' title='bbox 1315 982 1441 1036; x_wconf 91' lang='lat' dir='ltr'><strong>inde</strong></span> <span class='ocrx_word' id='word_1_119' title='bbox 1493 978 1699 1048; x_wconf 85' lang='lat' dir='ltr'><strong>accipit</strong></span> <span class='ocrx_word' id='word_1_120' title='bbox 1732 974 2099 1029; x_wconf 88' lang='lat' dir='ltr'><strong>arrhabonam</strong></span> 
     </span>
    </p>
   </div>
   <div class='ocr_carea' id='block_1_15' title="bbox 2243 882 3843 1061">
    <p class='ocr_par' dir='ltr' id='par_1_15' title="bbox 2243 882 3843 1053">
     <span class='ocr_line' id='line_1_17' title="bbox 2243 882 3782 947; baseline -0.011 -15"><span class='ocrx_word' id='word_1_121' title='bbox 2243 897 2297 943; x_wconf 82' lang='grc' dir='ltr'>ις</span> <span class='ocrx_word' id='word_1_122' title='bbox 2344 882 2439 931; x_wconf 77' lang='grc' dir='ltr'><strong>καὶ</strong></span> <span class='ocrx_word' id='word_1_123' title='bbox 2479 882 2841 947; x_wconf 87' lang='grc' dir='ltr'>θεουργούσας</span> <span class='ocrx_word' id='word_1_124' title='bbox 2883 882 3103 934; x_wconf 77' lang='grc' dir='ltr'>ἐντολας</span> <span class='ocrx_word' id='word_1_125' title='bbox 3140 885 3223 932; x_wconf 89' lang='grc' dir='ltr'><strong>τις</strong></span> <span class='ocrx_word' id='word_1_126' title='bbox 3272 882 3609 938; x_wconf 69' lang='grc' dir='ltr'>εργαςεται,</span> <span class='ocrx_word' id='word_1_127' title='bbox 3645 882 3782 916; x_wconf 60' lang='lat' dir='ltr'><strong>anav-</strong></span> 
     </span>
     <span class='ocr_line' id='line_1_18' title="bbox 2243 882 3843 1053; baseline -0.015 -27"><span class='ocrx_word' id='word_1_128' title='bbox 2243 970 2388 1026; x_wconf 78' lang='grc' dir='ltr'>εὕθεν</span> <span class='ocrx_word' id='word_1_129' title='bbox 2399 969 2662 1040; x_wconf 80' lang='grc' dir='ltr'>λαμϐάνει</span> <span class='ocrx_word' id='word_1_130' title='bbox 2673 967 2761 1021; x_wconf 82' lang='grc' dir='ltr'><strong>τὸν</strong></span> <span class='ocrx_word' id='word_1_131' title='bbox 2778 965 3072 1038; x_wconf 81' lang='grc' dir='ltr'>ἀρῤαὸὦνα</span> <span class='ocrx_word' id='word_1_132' title='bbox 3084 960 3180 1015; x_wconf 80' lang='grc' dir='ltr'>τοῦ</span> <span class='ocrx_word' id='word_1_133' title='bbox 3196 958 3350 1027; x_wconf 81' lang='grc' dir='ltr'>ἁγίου</span> <span class='ocrx_word' id='word_1_134' title='bbox 3378 956 3735 1026; x_wconf 84' lang='grc' dir='ltr'>Πνεύματος·</span> <span class='ocrx_word' id='word_1_135' title='bbox 3749 958 3782 1005; x_wconf 74' lang='grc' dir='ltr'>εἰ</span> 
     </span>
    </p>
   </div>
   <div class='ocr_carea' id='block_1_16' title="bbox 524 1043 2139 1152">
    <p class='ocr_par' dir='ltr' id='par_1_16' title="bbox 524 1043 2103 1152">
     <span class='ocr_line' id='line_1_19' title="bbox 524 1043 2103 1152; baseline -0.015 -12"><span class='ocrx_word' id='word_1_136' title='bbox 524 1043 973 1152; x_wconf 53' lang='grc' dir='ltr'>εεηοιίΊδρίτίῑιιε</span> <span class='ocrx_word' id='word_1_137' title='bbox 997 1043 1028 1146; x_wconf 52' lang='grc' dir='ltr'>ς’</span> <span class='ocrx_word' id='word_1_138' title='bbox 1058 1079 1145 1133; x_wconf 92' lang='lat' dir='ltr'><strong>sin</strong></span> <span class='ocrx_word' id='word_1_139' title='bbox 1193 1043 1304 1130; x_wconf 83' lang='lat' dir='ltr'><strong>non</strong></span> <span class='ocrx_word' id='word_1_140' title='bbox 1339 1074 1430 1128; x_wconf 89' lang='lat' dir='ltr'><strong>illa</strong></span> <span class='ocrx_word' id='word_1_141' title='bbox 1456 1043 1698 1142; x_wconf 81' lang='lat' dir='ltr'><strong>quidem,</strong></span> <span class='ocrx_word' id='word_1_142' title='bbox 1752 1065 1990 1124; x_wconf 87' lang='lat' dir='ltr'><strong>secunda</strong></span> <span class='ocrx_word' id='word_1_143' title='bbox 2023 1072 2103 1118; x_wconf 85' lang='lat' dir='ltr'><strong>ta—</strong></span> 
     </span>
    </p>
   </div>
   <div class='ocr_carea' id='block_1_17' title="bbox 2243 1043 3781 1152">
    <p class='ocr_par' dir='ltr' id='par_1_17' title="bbox 2243 1043 3781 1133">
     <span class='ocr_line' id='line_1_20' title="bbox 2243 1043 3781 1133; baseline -0.016 -15"><span class='ocrx_word' id='word_1_144' title='bbox 2243 1065 2261 1117; x_wconf 75' lang='grc' dir='ltr'><strong>ὲ</strong></span> <span class='ocrx_word' id='word_1_145' title='bbox 2294 1062 2390 1133; x_wconf 83' lang='grc' dir='ltr'>μὴ,</span> <span class='ocrx_word' id='word_1_146' title='bbox 2417 1060 2520 1115; x_wconf 81' lang='grc' dir='ltr'><strong>κᾶν</strong></span> <span class='ocrx_word' id='word_1_147' title='bbox 2541 1060 2640 1123; x_wconf 86' lang='grc' dir='ltr'>τὰς</span> <span class='ocrx_word' id='word_1_148' title='bbox 2663 1057 2922 1128; x_wconf 82' lang='grc' dir='ltr'>δευτέρας</span> <span class='ocrx_word' id='word_1_149' title='bbox 2950 1053 3066 1126; x_wconf 86' lang='grc' dir='ltr'>μετ’</span> <span class='ocrx_word' id='word_1_150' title='bbox 3098 1047 3418 1122; x_wconf 76' lang='grc' dir='ltr'>ἐπιμελείας</span> <span class='ocrx_word' id='word_1_151' title='bbox 3449 1043 3781 1117; x_wconf 71' lang='grc' dir='ltr'>ὲργαζέσθω.</span> 
     </span>
    </p>
   </div>
   <div class='ocr_carea' id='block_1_18' title="bbox 525 1136 2139 1235">
    <p class='ocr_par' dir='ltr' id='par_1_18' title="bbox 525 1165 2103 1235">
     <span class='ocr_line' id='line_1_21' title="bbox 525 1165 2103 1235; baseline -0.015 -1"><span class='ocrx_word' id='word_1_152' title='bbox 525 1194 653 1234; x_wconf 90' lang='lat' dir='ltr'><strong>men</strong></span> <span class='ocrx_word' id='word_1_153' title='bbox 706 1182 960 1230; x_wconf 84' lang='lat' dir='ltr'><strong>accurate</strong></span> <span class='ocrx_word' id='word_1_154' title='bbox 1010 1178 1222 1233; x_wconf 79' lang='lat' dir='ltr'><strong>servet,</strong></span> <span class='ocrx_word' id='word_1_155' title='bbox 1256 1176 1316 1221; x_wconf 90' lang='lat' dir='ltr'><strong>ut</strong></span> <span class='ocrx_word' id='word_1_156' title='bbox 1360 1165 1690 1235; x_wconf 82' lang='lat' dir='ltr'><strong>ﬂagitiorum</strong></span> <span class='ocrx_word' id='word_1_157' title='bbox 1734 1174 1960 1216; x_wconf 87' lang='lat' dir='ltr'><strong>suorum</strong></span> <span class='ocrx_word' id='word_1_158' title='bbox 2006 1171 2103 1211; x_wconf 83' lang='lat' dir='ltr'><strong>ve-</strong></span> 
     </span>
    </p>
   </div>
   <div class='ocr_carea' id='block_1_19' title="bbox 2243 1136 3781 1235">
    <p class='ocr_par' dir='ltr' id='par_1_19' title="bbox 2243 1136 3781 1225">
     <span class='ocr_line' id='line_1_22' title="bbox 2243 1136 3781 1225; baseline -0.023 -7"><span class='ocrx_word' id='word_1_159' title='bbox 2243 1171 2352 1215; x_wconf 82' lang='grc' dir='ltr'><strong>πως</strong></span> <span class='ocrx_word' id='word_1_160' title='bbox 2379 1151 2519 1225; x_wconf 82' lang='grc' dir='ltr'><strong>τύχῃ</strong></span> <span class='ocrx_word' id='word_1_161' title='bbox 2538 1152 2636 1221; x_wconf 81' lang='grc' dir='ltr'>τῆς</span> <span class='ocrx_word' id='word_1_162' title='bbox 2655 1150 2763 1203; x_wconf 86' lang='grc' dir='ltr'><strong>τῶν</strong></span> <span class='ocrx_word' id='word_1_163' title='bbox 2792 1144 3292 1218; x_wconf 83' lang='grc' dir='ltr'>πλημμεληθέντων</span> <span class='ocrx_word' id='word_1_164' title='bbox 3320 1137 3479 1209; x_wconf 86' lang='grc' dir='ltr'>αὐτῷ</span> <span class='ocrx_word' id='word_1_165' title='bbox 3507 1136 3781 1207; x_wconf 77' lang='grc' dir='ltr'>συγχωρή-</span> 
     </span>
    </p>
   </div>
   <div class='ocr_carea' id='block_1_20' title="bbox 525 1222 2139 1332">
    <p class='ocr_par' dir='ltr' id='par_1_20' title="bbox 525 1222 2105 1332">
     <span class='ocr_line' id='line_1_23' title="bbox 525 1222 2105 1332; baseline -0.015 -10"><span class='ocrx_word' id='word_1_166' title='bbox 525 1269 675 1322; x_wconf 88' lang='lat' dir='ltr'><strong>niam</strong></span> <span class='ocrx_word' id='word_1_167' title='bbox 702 1269 1091 1332; x_wconf 87' lang='lat' dir='ltr'><strong>consequatur.</strong></span> <span class='ocrx_word' id='word_1_168' title='bbox 1112 1257 1269 1325; x_wconf 82' lang='lat' dir='ltr'><strong>Quod</strong></span> <span class='ocrx_word' id='word_1_169' title='bbox 1300 1257 1345 1312; x_wconf 89' lang='lat' dir='ltr'><strong>si</strong></span> <span class='ocrx_word' id='word_1_170' title='bbox 1372 1222 1623 1323; x_wconf 62' lang='lat' dir='ltr'><strong>utrisque</strong></span> <span class='ocrx_word' id='word_1_171' title='bbox 1640 1251 1875 1310; x_wconf 89' lang='lat' dir='ltr'><strong>labatur,</strong></span> <span class='ocrx_word' id='word_1_172' title='bbox 1897 1246 2105 1300; x_wconf 86' lang='lat' dir='ltr'><strong>inutilis</strong></span> 
     </span>
    </p>
   </div>
   <div class='ocr_carea' id='block_1_21' title="bbox 2243 1222 3782 1332">
    <p class='ocr_par' dir='ltr' id='par_1_21' title="bbox 2243 1222 3782 1315">
     <span class='ocr_line' id='line_1_24' title="bbox 2243 1222 3782 1315; baseline -0.016 -13"><span class='ocrx_word' id='word_1_173' title='bbox 2243 1264 2365 1311; x_wconf 89' lang='grc' dir='ltr'>εως.</span> <span class='ocrx_word' id='word_1_174' title='bbox 2566 1241 2890 1315; x_wconf 78' lang='grc' dir='ltr'>ἀμφοτέρων</span> <span class='ocrx_word' id='word_1_175' title='bbox 2924 1238 3154 1310; x_wconf 80' lang='grc' dir='ltr'>ἐκπέσῃ,</span> <span class='ocrx_word' id='word_1_176' title='bbox 3196 1234 3417 1304; x_wconf 88' lang='grc' dir='ltr'>ἀχρεῖος</span> <span class='ocrx_word' id='word_1_177' title='bbox 3446 1222 3617 1293; x_wconf 79' lang='grc' dir='ltr'>οὗτος</span> <span class='ocrx_word' id='word_1_178' title='bbox 3644 1227 3782 1296; x_wconf 63' lang='grc' dir='ltr'>ἀνὴρ,</span> 
     </span>
    </p>
   </div>
   <div class='ocr_carea' id='block_1_22' title="bbox 528 1320 2139 1422">
    <p class='ocr_par' dir='ltr' id='par_1_22' title="bbox 528 1340 2109 1422">
     <span class='ocr_line' id='line_1_25' title="bbox 528 1340 2109 1422; baseline -0.016 -10"><span class='ocrx_word' id='word_1_179' title='bbox 528 1372 663 1413; x_wconf 84' lang='lat' dir='ltr'><strong>sane</strong></span> <span class='ocrx_word' id='word_1_180' title='bbox 694 1363 777 1410; x_wconf 88' lang='lat' dir='ltr'><strong>est</strong></span> <span class='ocrx_word' id='word_1_181' title='bbox 808 1349 1122 1422; x_wconf 87' lang='lat' dir='ltr'><strong>hujusmodi</strong></span> <span class='ocrx_word' id='word_1_182' title='bbox 1153 1351 1336 1412; x_wconf 91' lang='lat' dir='ltr'><strong>homo,</strong></span> <span class='ocrx_word' id='word_1_183' title='bbox 1363 1346 1551 1407; x_wconf 84' lang='lat' dir='ltr'><strong>miser,</strong></span> <span class='ocrx_word' id='word_1_184' title='bbox 1587 1348 1641 1396; x_wconf 90' lang='lat' dir='ltr'><strong>et</strong></span> <span class='ocrx_word' id='word_1_185' title='bbox 1668 1340 1889 1395; x_wconf 76' lang='lat' dir='ltr'><strong>infelix:</strong></span> <span class='ocrx_word' id='word_1_186' title='bbox 1921 1349 2109 1404; x_wconf 81' lang='lat' dir='ltr'><strong>exspe-</strong></span> 
     </span>
    </p>
   </div>
   <div class='ocr_carea' id='block_1_23' title="bbox 2243 1320 3787 1422">
    <p class='ocr_par' dir='ltr' id='par_1_23' title="bbox 2246 1320 3787 1404">
     <span class='ocr_line' id='line_1_26' title="bbox 2246 1320 3787 1404; baseline -0.017 -9"><span class='ocrx_word' id='word_1_187' title='bbox 2246 1341 2302 1395; x_wconf 79' lang='lat' dir='ltr'><strong>al.</strong></span> <span class='ocrx_word' id='word_1_188' title='bbox 2322 1338 2523 1401; x_wconf 81' lang='grc' dir='ltr'>ἄθλιος,</span> <span class='ocrx_word' id='word_1_189' title='bbox 2541 1336 2635 1392; x_wconf 87' lang='lat' dir='ltr'><strong>ml</strong></span> <span class='ocrx_word' id='word_1_190' title='bbox 2648 1335 3005 1404; x_wconf 87' lang='grc' dir='ltr'>ταλαίπωρος·</span> <span class='ocrx_word' id='word_1_191' title='bbox 3032 1328 3127 1383; x_wconf 88' lang='lat' dir='ltr'><strong>ml</strong></span> <span class='ocrx_word' id='word_1_192' title='bbox 3148 1323 3515 1398; x_wconf 82' lang='grc' dir='ltr'>προσδοκάτω</span> <span class='ocrx_word' id='word_1_193' title='bbox 3536 1322 3642 1390; x_wconf 84' lang='grc' dir='ltr'><strong>τὴν</strong></span> <span class='ocrx_word' id='word_1_194' title='bbox 3674 1320 3787 1372; x_wconf 72' lang='grc' dir='ltr'>ἀπο-</span> 
     </span>
    </p>
   </div>
   <div class='ocr_carea' id='block_1_24' title="bbox 528 1409 2139 1519">
    <p class='ocr_par' dir='ltr' id='par_1_24' title="bbox 528 1409 2104 1519">
     <span class='ocr_line' id='line_1_27' title="bbox 528 1409 2104 1519; baseline -0.016 -16"><span class='ocrx_word' id='word_1_195' title='bbox 528 1409 749 1519; x_wconf 62' lang='lat' dir='ltr'><strong>ctetque</strong></span> <span class='ocrx_word' id='word_1_196' title='bbox 778 1409 1030 1516; x_wconf 71' lang='lat' dir='ltr'><strong>paratum</strong></span> <span class='ocrx_word' id='word_1_197' title='bbox 1061 1409 1392 1511; x_wconf 85' lang='lat' dir='ltr'><strong>supplicium</strong></span> <span class='ocrx_word' id='word_1_198' title='bbox 1424 1434 1644 1489; x_wconf 88' lang='lat' dir='ltr'><strong>diabolo</strong></span> <span class='ocrx_word' id='word_1_199' title='bbox 1661 1441 1713 1486; x_wconf 90' lang='lat' dir='ltr'><strong>et</strong></span> <span class='ocrx_word' id='word_1_200' title='bbox 1730 1430 1937 1499; x_wconf 88' lang='lat' dir='ltr'><strong>angelis</strong></span> <span class='ocrx_word' id='word_1_201' title='bbox 1964 1426 2104 1496; x_wconf 84' lang='lat' dir='ltr'><strong>ejus.</strong></span> 
     </span>
    </p>
   </div>
   <div class='ocr_carea' id='block_1_25' title="bbox 2243 1409 3786 1519">
    <p class='ocr_par' dir='ltr' id='par_1_25' title="bbox 2249 1409 3786 1504">
     <span class='ocr_line' id='line_1_28' title="bbox 2249 1409 3786 1504; baseline -0.016 -18"><span class='ocrx_word' id='word_1_202' title='bbox 2249 1432 2470 1504; x_wconf 84' lang='grc' dir='ltr'>ειμένην</span> <span class='ocrx_word' id='word_1_203' title='bbox 2496 1428 2714 1483; x_wconf 85' lang='grc' dir='ltr'>κόλασιν</span> <span class='ocrx_word' id='word_1_204' title='bbox 2741 1425 2819 1496; x_wconf 81' lang='grc' dir='ltr'><strong>τῷ</strong></span> <span class='ocrx_word' id='word_1_205' title='bbox 2837 1422 3067 1492; x_wconf 77' lang='grc' dir='ltr'>διαϐόλῳ</span> <span class='ocrx_word' id='word_1_206' title='bbox 3094 1419 3187 1473; x_wconf 89' lang='lat' dir='ltr'><strong>ml</strong></span> <span class='ocrx_word' id='word_1_207' title='bbox 3201 1419 3310 1480; x_wconf 85' lang='grc' dir='ltr'>τοῖς</span> <span class='ocrx_word' id='word_1_208' title='bbox 3331 1413 3601 1483; x_wconf 73' lang='grc' dir='ltr'>ἀγγέλοις</span> <span class='ocrx_word' id='word_1_209' title='bbox 3618 1409 3786 1466; x_wconf 67' lang='grc' dir='ltr'>αὐτοῦ.</span> 
     </span>
    </p>
   </div>
   <div class='ocr_carea' id='block_1_26' title="bbox 3840 188 3844 467">
    <p class='ocr_par' dir='ltr' id='par_1_26' title="bbox 3840 188 3844 467">
     <span class='ocr_line' id='line_1_29' title="bbox 3840 188 3844 467; baseline 0 0"><span class='ocrx_word' id='word_1_210' title='bbox 3840 188 3844 467; x_wconf 73' lang='lat' dir='ltr'><strong>l</strong></span> 
     </span>
    </p>
   </div>
   <div class='ocr_carea' id='block_1_27' title="bbox 709 1524 1930 1602">
    <p class='ocr_par' dir='ltr' id='par_1_27' title="bbox 709 1524 1930 1602">
     <span class='ocr_line' id='line_1_30' title="bbox 709 1524 1930 1602; baseline -0.014 -11"><span class='ocrx_word' id='word_1_211' title='bbox 709 1536 970 1591; x_wconf 79' lang='lat' dir='ltr'><strong>Discretio</strong></span> <span class='ocrx_word' id='word_1_212' title='bbox 1002 1543 1206 1588; x_wconf 71' lang='lat' dir='ltr'><strong>natura:</strong></span> <span class='ocrx_word' id='word_1_213' title='bbox 1219 1530 1302 1602; x_wconf 90' lang='lat' dir='ltr'><strong>(ac</strong></span> <span class='ocrx_word' id='word_1_214' title='bbox 1333 1524 1676 1595; x_wconf 72' lang='lat' dir='ltr'><strong>conditionis)</strong></span> <span class='ocrx_word' id='word_1_215' title='bbox 1696 1538 1930 1591; x_wconf 85' lang='lat' dir='ltr'><strong>operum.</strong></span> 
     </span>
    </p>
   </div>
   <div class='ocr_carea' id='block_1_28' title="bbox 600 1608 2110 1700">
    <p class='ocr_par' dir='ltr' id='par_1_28' title="bbox 600 1608 2110 1700">
     <span class='ocr_line' id='line_1_31' title="bbox 600 1608 2110 1700; baseline -0.015 -16"><span class='ocrx_word' id='word_1_216' title='bbox 600 1627 839 1700; x_wconf 82' lang='lat' dir='ltr'><strong>Operam</strong></span> <span class='ocrx_word' id='word_1_217' title='bbox 892 1626 998 1679; x_wconf 89' lang='lat' dir='ltr'><strong>alia</strong></span> <span class='ocrx_word' id='word_1_218' title='bbox 1058 1622 1276 1694; x_wconf 89' lang='lat' dir='ltr'><strong>proprie</strong></span> <span class='ocrx_word' id='word_1_219' title='bbox 1332 1621 1497 1682; x_wconf 86' lang='lat' dir='ltr'><strong>bona,</strong></span> <span class='ocrx_word' id='word_1_220' title='bbox 1538 1617 1645 1671; x_wconf 91' lang='lat' dir='ltr'><strong>alia</strong></span> <span class='ocrx_word' id='word_1_221' title='bbox 1689 1613 1912 1684; x_wconf 89' lang='lat' dir='ltr'><strong>proprie</strong></span> <span class='ocrx_word' id='word_1_222' title='bbox 1966 1608 2110 1664; x_wconf 89' lang='lat' dir='ltr'><strong>mala</strong></span> 
     </span>
    </p>
   </div>
   <div class='ocr_carea' id='block_1_29' title="bbox 2373 1506 3633 1590">
    <p class='ocr_par' dir='ltr' id='par_1_29' title="bbox 2373 1506 3633 1590">
     <span class='ocr_line' id='line_1_32' title="bbox 2373 1506 3633 1590; baseline -0.017 -14"><span class='ocrx_word' id='word_1_223' title='bbox 2373 1521 2675 1590; x_wconf 79' lang='grc' dir='ltr'>Διάκρισις</span> <span class='ocrx_word' id='word_1_224' title='bbox 2705 1516 2817 1586; x_wconf 82' lang='grc' dir='ltr'>τῆς</span> <span class='ocrx_word' id='word_1_225' title='bbox 2837 1513 2957 1570; x_wconf 80' lang='grc' dir='ltr'><strong>τῶν</strong></span> <span class='ocrx_word' id='word_1_226' title='bbox 2987 1508 3345 1582; x_wconf 74' lang='grc' dir='ltr'>πραγμάτων</span> <span class='ocrx_word' id='word_1_227' title='bbox 3371 1506 3633 1576; x_wconf 66' lang='grc' dir='ltr'>φύσεως</span> 
     </span>
    </p>
   </div>
   <div class='ocr_carea' id='block_1_30' title="bbox 2282 1593 3791 1688">
    <p class='ocr_par' dir='ltr' id='par_1_30' title="bbox 2282 1593 3791 1688">
     <span class='ocr_line' id='line_1_33' title="bbox 2282 1593 3791 1688; baseline -0.018 -16"><span class='ocrx_word' id='word_1_228' title='bbox 2282 1617 2404 1671; x_wconf 85' lang='grc' dir='ltr'>Τῶν</span> <span class='ocrx_word' id='word_1_229' title='bbox 2436 1614 2775 1688; x_wconf 86' lang='grc' dir='ltr'>πραγμάτων</span> <span class='ocrx_word' id='word_1_230' title='bbox 2816 1609 2887 1664; x_wconf 84' lang='grc' dir='ltr'><strong>τά</strong></span> <span class='ocrx_word' id='word_1_231' title='bbox 2913 1608 3009 1680; x_wconf 88' lang='grc' dir='ltr'><strong>μέν</strong></span> <span class='ocrx_word' id='word_1_232' title='bbox 3042 1607 3149 1659; x_wconf 87' lang='grc' dir='ltr'>είσι</span> <span class='ocrx_word' id='word_1_233' title='bbox 3190 1601 3399 1673; x_wconf 80' lang='grc' dir='ltr'>κυρίως</span> <span class='ocrx_word' id='word_1_234' title='bbox 3428 1595 3606 1661; x_wconf 82' lang='grc' dir='ltr'>καλὰ,</span> <span class='ocrx_word' id='word_1_235' title='bbox 3648 1595 3718 1647; x_wconf 77' lang='grc' dir='ltr'>τὰ</span> <span class='ocrx_word' id='word_1_236' title='bbox 3747 1593 3791 1646; x_wconf 74' lang='grc' dir='ltr'>ξε</span> 
     </span>
    </p>
   </div>
   <div class='ocr_carea' id='block_1_31' title="bbox 535 1686 2139 1809">
    <p class='ocr_par' dir='ltr' id='par_1_31' title="bbox 535 1686 2112 1786">
     <span class='ocr_line' id='line_1_34' title="bbox 535 1686 2112 1786; baseline -0.015 -8"><span class='ocrx_word' id='word_1_237' title='bbox 535 1686 685 1786; x_wconf 66' lang='lat' dir='ltr'><strong>sunt,</strong></span> <span class='ocrx_word' id='word_1_238' title='bbox 706 1722 811 1775; x_wconf 89' lang='lat' dir='ltr'><strong>alia</strong></span> <span class='ocrx_word' id='word_1_239' title='bbox 832 1720 1010 1774; x_wconf 89' lang='lat' dir='ltr'><strong>media</strong></span> <span class='ocrx_word' id='word_1_240' title='bbox 1028 1736 1043 1785; x_wconf 89' lang='lat'><strong>;</strong></span> <span class='ocrx_word' id='word_1_241' title='bbox 1061 1686 1295 1786; x_wconf 71' lang='lat' dir='ltr'><strong>proprie</strong></span> <span class='ocrx_word' id='word_1_242' title='bbox 1326 1714 1471 1767; x_wconf 90' lang='lat' dir='ltr'><strong>bona</strong></span> <span class='ocrx_word' id='word_1_243' title='bbox 1496 1717 1646 1773; x_wconf 88' lang='lat' dir='ltr'><strong>sunt,</strong></span> <span class='ocrx_word' id='word_1_244' title='bbox 1665 1706 1973 1778; x_wconf 85' lang='lat' dir='ltr'><strong>prudentia,</strong></span> <span class='ocrx_word' id='word_1_245' title='bbox 2001 1702 2112 1759; x_wconf 82' lang='lat' dir='ltr'><strong>for-</strong></span> 
     </span>
    </p>
   </div>
   <div class='ocr_carea' id='block_1_32' title="bbox 2243 1686 3843 1809">
    <p class='ocr_par' dir='ltr' id='par_1_32' title="bbox 2243 1686 3843 1809">
     <span class='ocr_line' id='line_1_35' title="bbox 2243 1686 3843 1787; baseline -0.018 -23"><span class='ocrx_word' id='word_1_246' title='bbox 2243 1709 2418 1780; x_wconf 76' lang='grc' dir='ltr'>ιυρίως</span> <span class='ocrx_word' id='word_1_247' title='bbox 2440 1686 2606 1770; x_wconf 83' lang='grc' dir='ltr'>κακά,</span> <span class='ocrx_word' id='word_1_248' title='bbox 2633 1702 2701 1756; x_wconf 87' lang='grc' dir='ltr'>τὰ</span> <span class='ocrx_word' id='word_1_249' title='bbox 2723 1703 2780 1755; x_wconf 87' lang='grc' dir='ltr'>δὲ</span> <span class='ocrx_word' id='word_1_250' title='bbox 2799 1700 2970 1772; x_wconf 77' lang='grc' dir='ltr'>μέσαο</span> <span class='ocrx_word' id='word_1_251' title='bbox 3000 1698 3094 1752; x_wconf 80' lang='grc' dir='ltr'><strong>καὶ</strong></span> <span class='ocrx_word' id='word_1_252' title='bbox 3124 1693 3328 1766; x_wconf 83' lang='grc' dir='ltr'>κυρίως</span> <span class='ocrx_word' id='word_1_253' title='bbox 3347 1692 3451 1762; x_wconf 80' lang='grc' dir='ltr'><strong>μὲν</strong></span> <span class='ocrx_word' id='word_1_254' title='bbox 3479 1687 3660 1751; x_wconf 83' lang='grc' dir='ltr'>καλά,</span> <span class='ocrx_word' id='word_1_255' title='bbox 3682 1686 3793 1756; x_wconf 68' lang='grc' dir='ltr'><strong>φρὸ-</strong></span> 
     </span>
     <span class='ocr_line' id='line_1_36' title="bbox 2452 1779 3843 1809; baseline -0.022 15"><span class='ocrx_word' id='word_1_256' title='bbox 2452 1798 2466 1809; x_wconf 91' lang='lat'><strong>-</strong></span> <span class='ocrx_word' id='word_1_257' title='bbox 2514 1798 2538 1809; x_wconf 64' lang='grc' dir='ltr'><strong>ι</strong></span> <span class='ocrx_word' id='word_1_258' title='bbox 2611 1796 2623 1809; x_wconf 77' lang='grc' dir='ltr'><strong>ι</strong></span> <span class='ocrx_word' id='word_1_259' title='bbox 2936 1790 2979 1809; x_wconf 46' lang='lat' dir='ltr'><em>J</em></span> <span class='ocrx_word' id='word_1_260' title='bbox 3126 1785 3429 1809; x_wconf 21' lang='lat' dir='ltr'><strong>.4-_u___.___</strong></span> <span class='ocrx_word' id='word_1_261' title='bbox 3450 1801 3464 1809; x_wconf 88' lang='lat'>_</span> <span class='ocrx_word' id='word_1_262' title='bbox 3506 1783 3724 1809; x_wconf 48' lang='grc' dir='ltr'><strong>,ηηιμρ</strong></span> <span class='ocrx_word' id='word_1_263' title='bbox 3752 1779 3793 1809; x_wconf 58' lang='grc' dir='ltr'>κ,</span> <span class='ocrx_word' id='word_1_264' title='bbox 3842 1796 3843 1803; x_wconf 31' lang='grc' dir='ltr'><strong>η</strong></span> 
     </span>
    </p>
   </div>
   <div class='ocr_carea' id='block_1_33' title="bbox 2216 1779 3843 1874">
    <p class='ocr_par' dir='ltr' id='par_1_33' title="bbox 2216 1779 3843 1874">
     <span class='ocr_line' id='line_1_37' title="bbox 2216 1779 3843 1874; baseline -0.037 -17"><span class='ocrx_word' id='word_1_265' title='bbox 2216 1779 2393 1874; x_wconf 85' lang='grc' dir='ltr'>νησις,</span> <span class='ocrx_word' id='word_1_266' title='bbox 2443 1796 2684 1869; x_wconf 88' lang='grc' dir='ltr'>ἀνδρεία,</span> <span class='ocrx_word' id='word_1_267' title='bbox 2733 1790 3074 1864; x_wconf 70' lang='grc' dir='ltr'>σωφροσύνη,</span> <span class='ocrx_word' id='word_1_268' title='bbox 3122 1785 3435 1853; x_wconf 69' lang='grc' dir='ltr'><strong>δικαιοσύνη</strong></span> <span class='ocrx_word' id='word_1_269' title='bbox 3450 1801 3464 1814; x_wconf 93' lang='grc'><strong>.</strong></span> <span class='ocrx_word' id='word_1_270' title='bbox 3506 1783 3724 1852; x_wconf 53' lang='grc' dir='ltr'><strong>κυρίως</strong></span> <span class='ocrx_word' id='word_1_271' title='bbox 3751 1779 3794 1831; x_wconf 59' lang='grc' dir='ltr'><strong>δὲ</strong></span> <span class='ocrx_word' id='word_1_272' title='bbox 3842 1779 3843 1803; x_wconf 56' lang='grc' dir='ltr'>ι</span> 
     </span>
    </p>
   </div>
   <div class='ocr_carea' id='block_1_34' title="bbox 533 1793 2111 1881">
    <p class='ocr_par' dir='ltr' id='par_1_34' title="bbox 533 1793 2111 1881">
     <span class='ocr_line' id='line_1_38' title="bbox 533 1793 2111 1881; baseline -0.015 -10"><span class='ocrx_word' id='word_1_273' title='bbox 533 1815 734 1879; x_wconf 89' lang='lat' dir='ltr'><strong>titudo,</strong></span> <span class='ocrx_word' id='word_1_274' title='bbox 786 1810 1181 1881; x_wconf 83' lang='lat' dir='ltr'><strong>temperantia,</strong></span> <span class='ocrx_word' id='word_1_275' title='bbox 1219 1806 1470 1877; x_wconf 88' lang='lat' dir='ltr'><strong>justitia;</strong></span> <span class='ocrx_word' id='word_1_276' title='bbox 1503 1801 1725 1873; x_wconf 90' lang='lat' dir='ltr'><strong>proprie</strong></span> <span class='ocrx_word' id='word_1_277' title='bbox 1774 1797 1939 1861; x_wconf 88' lang='lat' dir='ltr'><strong>mala,</strong></span> <span class='ocrx_word' id='word_1_278' title='bbox 1974 1793 2111 1848; x_wconf 90' lang='lat' dir='ltr'><strong>insi-</strong></span> 
     </span>
    </p>
   </div>
   <div class='ocr_carea' id='block_1_35' title="bbox 535 1887 2112 1981">
    <p class='ocr_par' dir='ltr' id='par_1_35' title="bbox 535 1887 2112 1981">
     <span class='ocr_line' id='line_1_39' title="bbox 535 1887 2112 1981; baseline -0.016 -17"><span class='ocrx_word' id='word_1_279' title='bbox 535 1908 765 1981; x_wconf 88' lang='lat' dir='ltr'><strong>pientia,</strong></span> <span class='ocrx_word' id='word_1_280' title='bbox 828 1905 1065 1975; x_wconf 86' lang='lat' dir='ltr'><strong>ignavia,</strong></span> <span class='ocrx_word' id='word_1_281' title='bbox 1109 1897 1557 1969; x_wconf 86' lang='lat' dir='ltr'><strong>intemperantia,</strong></span> <span class='ocrx_word' id='word_1_282' title='bbox 1594 1891 1884 1963; x_wconf 88' lang='lat' dir='ltr'><strong>injustitia.</strong></span> <span class='ocrx_word' id='word_1_283' title='bbox 1915 1887 2112 1949; x_wconf 80' lang='lat' dir='ltr'><strong>Media,</strong></span> 
     </span>
    </p>
   </div>
   <div class='ocr_carea' id='block_1_36' title="bbox 538 1982 2118 2064">
    <p class='ocr_par' dir='ltr' id='par_1_36' title="bbox 538 1982 2118 2064">
     <span class='ocr_line' id='line_1_40' title="bbox 538 1982 2118 2064; baseline -0.013 -13"><span class='ocrx_word' id='word_1_284' title='bbox 538 1995 771 2056; x_wconf 57' lang='lat' dir='ltr'><strong>divitia,</strong></span> <span class='ocrx_word' id='word_1_285' title='bbox 821 1999 1134 2064; x_wconf 84' lang='lat' dir='ltr'><strong>paupertas.</strong></span> <span class='ocrx_word' id='word_1_286' title='bbox 1171 1989 1371 2060; x_wconf 81' lang='lat' dir='ltr'><strong>gloria,</strong></span> <span class='ocrx_word' id='word_1_287' title='bbox 1420 1985 1669 2046; x_wconf 79' lang='lat' dir='ltr'><strong>infamia,</strong></span> <span class='ocrx_word' id='word_1_288' title='bbox 1708 1982 1940 2043; x_wconf 87' lang='lat' dir='ltr'><strong>sanitas,</strong></span> <span class='ocrx_word' id='word_1_289' title='bbox 1968 1991 2118 2032; x_wconf 89' lang='lat' dir='ltr'><strong>mor-</strong></span> 
     </span>
    </p>
   </div>
   <div class='ocr_carea' id='block_1_37' title="bbox 539 2067 2118 2149">
    <p class='ocr_par' dir='ltr' id='par_1_37' title="bbox 539 2067 2118 2149">
     <span class='ocr_line' id='line_1_41' title="bbox 539 2067 2118 2149; baseline -0.014 -7"><span class='ocrx_word' id='word_1_290' title='bbox 539 2088 669 2149; x_wconf 84' lang='lat' dir='ltr'><strong>bus,</strong></span> <span class='ocrx_word' id='word_1_291' title='bbox 701 2083 939 2139; x_wconf 89' lang='lat' dir='ltr'><strong>eruditio</strong></span> <span class='ocrx_word' id='word_1_292' title='bbox 982 2081 1177 2143; x_wconf 88' lang='lat' dir='ltr'><strong>multa,</strong></span> <span class='ocrx_word' id='word_1_293' title='bbox 1228 2077 1560 2148; x_wconf 88' lang='lat' dir='ltr'><strong>ignorantia.</strong></span> <span class='ocrx_word' id='word_1_294' title='bbox 1615 2074 1789 2128; x_wconf 82' lang='lat' dir='ltr'><strong>Media</strong></span> <span class='ocrx_word' id='word_1_295' title='bbox 1844 2084 2009 2142; x_wconf 82' lang='lat' dir='ltr'><strong>porro</strong></span> <span class='ocrx_word' id='word_1_296' title='bbox 2034 2067 2118 2122; x_wconf 88' lang='lat' dir='ltr'><strong>di-</strong></span> 
     </span>
    </p>
   </div>
   <div class='ocr_carea' id='block_1_38' title="bbox 541 2158 2121 2245">
    <p class='ocr_par' dir='ltr' id='par_1_38' title="bbox 541 2158 2121 2245">
     <span class='ocr_line' id='line_1_42' title="bbox 541 2158 2121 2245; baseline -0.015 -11"><span class='ocrx_word' id='word_1_297' title='bbox 541 2185 766 2242; x_wconf 89' lang='lat' dir='ltr'><strong>cuntur,</strong></span> <span class='ocrx_word' id='word_1_298' title='bbox 796 2175 925 2245; x_wconf 89' lang='lat' dir='ltr'><strong>quia</strong></span> <span class='ocrx_word' id='word_1_299' title='bbox 952 2188 1048 2242; x_wconf 81' lang='lat' dir='ltr'><strong>per</strong></span> <span class='ocrx_word' id='word_1_300' title='bbox 1074 2188 1154 2232; x_wconf 88' lang='lat' dir='ltr'><strong>se,</strong></span> <span class='ocrx_word' id='word_1_301' title='bbox 1191 2184 1293 2225; x_wconf 90' lang='lat' dir='ltr'><strong>nec</strong></span> <span class='ocrx_word' id='word_1_302' title='bbox 1324 2168 1543 2239; x_wconf 87' lang='lat' dir='ltr'><strong>proprie</strong></span> <span class='ocrx_word' id='word_1_303' title='bbox 1573 2167 1736 2228; x_wconf 86' lang='lat' dir='ltr'><strong>bona,</strong></span> <span class='ocrx_word' id='word_1_304' title='bbox 1770 2178 1870 2218; x_wconf 88' lang='lat' dir='ltr'><strong>nec</strong></span> <span class='ocrx_word' id='word_1_305' title='bbox 1904 2158 2121 2230; x_wconf 84' lang='lat' dir='ltr'><strong>proprie</strong></span> 
     </span>
    </p>
   </div>
   <div class='ocr_carea' id='block_1_39' title="bbox 543 2254 2124 2323">
    <p class='ocr_par' dir='ltr' id='par_1_39' title="bbox 543 2254 2124 2323">
     <span class='ocr_line' id='line_1_43' title="bbox 543 2254 2124 2323; baseline -0.011 -1"><span class='ocrx_word' id='word_1_306' title='bbox 543 2268 690 2323; x_wconf 89' lang='lat' dir='ltr'><strong>mala</strong></span> <span class='ocrx_word' id='word_1_307' title='bbox 719 2275 849 2321; x_wconf 83' lang='lat' dir='ltr'><strong>sunt</strong></span> <span class='ocrx_word' id='word_1_308' title='bbox 882 2284 895 2320; x_wconf 91' lang='lat'><strong>:</strong></span> <span class='ocrx_word' id='word_1_309' title='bbox 934 2264 1030 2320; x_wconf 91' lang='lat' dir='ltr'><strong>sed</strong></span> <span class='ocrx_word' id='word_1_310' title='bbox 1084 2261 1387 2318; x_wconf 88' lang='lat' dir='ltr'><strong>secundum</strong></span> <span class='ocrx_word' id='word_1_311' title='bbox 1414 2274 1573 2313; x_wconf 92' lang='lat' dir='ltr'><strong>usum</strong></span> <span class='ocrx_word' id='word_1_312' title='bbox 1618 2256 1686 2311; x_wconf 92' lang='lat' dir='ltr'><strong>iis</strong></span> <span class='ocrx_word' id='word_1_313' title='bbox 1716 2254 2007 2317; x_wconf 88' lang='lat' dir='ltr'><strong>utentium,</strong></span> <span class='ocrx_word' id='word_1_314' title='bbox 2029 2256 2124 2305; x_wconf 93' lang='lat' dir='ltr'><strong>aut</strong></span> 
     </span>
    </p>
   </div>
   <div class='ocr_carea' id='block_1_40' title="bbox 545 2342 2121 2418">
    <p class='ocr_par' dir='ltr' id='par_1_40' title="bbox 545 2342 2121 2418">
     <span class='ocr_line' id='line_1_44' title="bbox 545 2342 2121 2418; baseline -0.013 -1"><span class='ocrx_word' id='word_1_315' title='bbox 545 2361 651 2417; x_wconf 83' lang='lat' dir='ltr'><strong>hoc</strong></span> <span class='ocrx_word' id='word_1_316' title='bbox 680 2367 775 2413; x_wconf 87' lang='lat' dir='ltr'><strong>aut</strong></span> <span class='ocrx_word' id='word_1_317' title='bbox 804 2356 950 2411; x_wconf 86' lang='lat' dir='ltr'><strong>aliud</strong></span> <span class='ocrx_word' id='word_1_318' title='bbox 986 2355 1249 2411; x_wconf 84' lang='lat' dir='ltr'><strong>evadunt.</strong></span> <span class='ocrx_word' id='word_1_319' title='bbox 1281 2352 1358 2407; x_wconf 91' lang='lat' dir='ltr'><strong>Ita</strong></span> <span class='ocrx_word' id='word_1_320' title='bbox 1399 2352 1553 2405; x_wconf 82' lang='lat' dir='ltr'><strong>dives</strong></span> <span class='ocrx_word' id='word_1_321' title='bbox 1596 2348 1690 2418; x_wconf 89' lang='lat' dir='ltr'><strong>qui</strong></span> <span class='ocrx_word' id='word_1_322' title='bbox 1726 2346 1932 2417; x_wconf 90' lang='lat' dir='ltr'><strong>probus</strong></span> <span class='ocrx_word' id='word_1_323' title='bbox 1963 2344 2035 2398; x_wconf 86' lang='lat' dir='ltr'><strong>sit</strong></span> <span class='ocrx_word' id='word_1_324' title='bbox 2066 2342 2121 2397; x_wconf 92' lang='lat' dir='ltr'><strong>in</strong></span> 
     </span>
    </p>
   </div>
   <div class='ocr_carea' id='block_1_41' title="bbox 545 2437 2124 2523">
    <p class='ocr_par' dir='ltr' id='par_1_41' title="bbox 545 2437 2124 2523">
     <span class='ocr_line' id='line_1_45' title="bbox 545 2437 2124 2523; baseline -0.013 -14"><span class='ocrx_word' id='word_1_325' title='bbox 545 2453 920 2523; x_wconf 85' lang='lat' dir='ltr'><strong>eleemosynas</strong></span> <span class='ocrx_word' id='word_1_326' title='bbox 947 2450 1091 2504; x_wconf 86' lang='lat' dir='ltr'><strong>bona</strong></span> <span class='ocrx_word' id='word_1_327' title='bbox 1114 2445 1414 2517; x_wconf 85' lang='lat' dir='ltr'><strong>impendit;</strong></span> <span class='ocrx_word' id='word_1_328' title='bbox 1446 2442 1539 2513; x_wconf 88' lang='lat' dir='ltr'><strong>qui</strong></span> <span class='ocrx_word' id='word_1_329' title='bbox 1574 2442 1749 2495; x_wconf 81' lang='lat' dir='ltr'><strong>malus</strong></span> <span class='ocrx_word' id='word_1_330' title='bbox 1779 2439 1849 2492; x_wconf 91' lang='lat' dir='ltr'><strong>ad</strong></span> <span class='ocrx_word' id='word_1_331' title='bbox 1876 2437 2124 2503; x_wconf 82' lang='lat' dir='ltr'><strong>volupta-</strong></span> 
     </span>
    </p>
   </div>
   <div class='ocr_carea' id='block_1_42' title="bbox 544 2529 2125 2608">
    <p class='ocr_par' dir='ltr' id='par_1_42' title="bbox 544 2529 2125 2608">
     <span class='ocr_line' id='line_1_46' title="bbox 544 2529 2125 2608; baseline -0.009 -9"><span class='ocrx_word' id='word_1_332' title='bbox 544 2554 632 2602; x_wconf 89' lang='lat' dir='ltr'><strong>tes</strong></span> <span class='ocrx_word' id='word_1_333' title='bbox 668 2546 735 2600; x_wconf 89' lang='lat' dir='ltr'><strong>iis</strong></span> <span class='ocrx_word' id='word_1_334' title='bbox 759 2545 948 2597; x_wconf 86' lang='lat' dir='ltr'><strong>utitur.</strong></span> <span class='ocrx_word' id='word_1_335' title='bbox 980 2542 1246 2595; x_wconf 89' lang='lat' dir='ltr'><strong>Similiter</strong></span> <span class='ocrx_word' id='word_1_336' title='bbox 1270 2544 1584 2608; x_wconf 87' lang='lat' dir='ltr'><strong>paupertas,</strong></span> <span class='ocrx_word' id='word_1_337' title='bbox 1615 2534 1661 2589; x_wconf 92' lang='lat' dir='ltr'><strong>si</strong></span> <span class='ocrx_word' id='word_1_338' title='bbox 1694 2535 1835 2587; x_wconf 89' lang='lat' dir='ltr'><strong>bona</strong></span> <span class='ocrx_word' id='word_1_339' title='bbox 1869 2532 1961 2593; x_wconf 91' lang='lat' dir='ltr'><strong>sit,</strong></span> <span class='ocrx_word' id='word_1_340' title='bbox 1987 2529 2125 2584; x_wconf 84' lang='lat' dir='ltr'><strong>tole-</strong></span> 
     </span>
    </p>
   </div>
   <div class='ocr_carea' id='block_1_43' title="bbox 546 2626 2124 2706">
    <p class='ocr_par' dir='ltr' id='par_1_43' title="bbox 546 2626 2124 2706">
     <span class='ocr_line' id='line_1_47' title="bbox 546 2626 2124 2706; baseline -0.012 -13"><span class='ocrx_word' id='word_1_341' title='bbox 546 2639 806 2701; x_wconf 87' lang='lat' dir='ltr'><strong>rantiam,</strong></span> <span class='ocrx_word' id='word_1_342' title='bbox 857 2635 1158 2706; x_wconf 88' lang='lat' dir='ltr'><strong>gratiarum</strong></span> <span class='ocrx_word' id='word_1_343' title='bbox 1210 2632 1482 2685; x_wconf 89' lang='lat' dir='ltr'><strong>actionem</strong></span> <span class='ocrx_word' id='word_1_344' title='bbox 1527 2636 1581 2682; x_wconf 91' lang='lat' dir='ltr'><strong>et</strong></span> <span class='ocrx_word' id='word_1_345' title='bbox 1608 2626 1990 2680; x_wconf 87' lang='lat' dir='ltr'><strong>liberalitatem</strong></span> <span class='ocrx_word' id='word_1_346' title='bbox 2023 2636 2124 2675; x_wconf 90' lang='lat' dir='ltr'><strong>nos</strong></span> 
     </span>
    </p>
   </div>
   <div class='ocr_carea' id='block_1_44' title="bbox 549 2717 2126 2799">
    <p class='ocr_par' dir='ltr' id='par_1_44' title="bbox 549 2717 2126 2799">
     <span class='ocr_line' id='line_1_48' title="bbox 549 2717 2126 2799; baseline -0.013 -11"><span class='ocrx_word' id='word_1_347' title='bbox 549 2733 743 2799; x_wconf 88' lang='lat' dir='ltr'><strong>docet;</strong></span> <span class='ocrx_word' id='word_1_348' title='bbox 790 2730 836 2785; x_wconf 88' lang='lat' dir='ltr'><strong>si</strong></span> <span class='ocrx_word' id='word_1_349' title='bbox 884 2729 1047 2791; x_wconf 89' lang='lat' dir='ltr'><strong>mala,</strong></span> <span class='ocrx_word' id='word_1_350' title='bbox 1100 2723 1528 2794; x_wconf 87' lang='lat' dir='ltr'><strong>blasphemiam,</strong></span> <span class='ocrx_word' id='word_1_351' title='bbox 1568 2717 2007 2777; x_wconf 83' lang='lat' dir='ltr'><strong>illiheralitatem,</strong></span> <span class='ocrx_word' id='word_1_352' title='bbox 2058 2729 2126 2768; x_wconf 85' lang='lat' dir='ltr'><strong>ex</strong></span> 
     </span>
    </p>
   </div>
   <div class='ocr_carea' id='block_1_45' title="bbox 548 2803 2124 2893">
    <p class='ocr_par' dir='ltr' id='par_1_45' title="bbox 548 2803 2124 2893">
     <span class='ocr_line' id='line_1_49' title="bbox 548 2803 2124 2893; baseline -0.015 -15"><span class='ocrx_word' id='word_1_353' title='bbox 548 2838 615 2877; x_wconf 88' lang='lat' dir='ltr'><strong>eo</strong></span> <span class='ocrx_word' id='word_1_354' title='bbox 643 2821 788 2893; x_wconf 88' lang='lat' dir='ltr'><strong>quod</strong></span> <span class='ocrx_word' id='word_1_355' title='bbox 813 2834 922 2873; x_wconf 91' lang='lat' dir='ltr'><strong>non</strong></span> <span class='ocrx_word' id='word_1_356' title='bbox 958 2818 1253 2872; x_wconf 87' lang='lat' dir='ltr'><strong>toleranter</strong></span> <span class='ocrx_word' id='word_1_357' title='bbox 1279 2828 1527 2883; x_wconf 81' lang='lat' dir='ltr'><strong>agamus,</strong></span> <span class='ocrx_word' id='word_1_358' title='bbox 1554 2815 1795 2880; x_wconf 84' lang='lat' dir='ltr'><strong>generat.</strong></span> <span class='ocrx_word' id='word_1_359' title='bbox 1818 2806 1966 2861; x_wconf 92' lang='lat' dir='ltr'><strong>Bona</strong></span> <span class='ocrx_word' id='word_1_360' title='bbox 1995 2803 2124 2857; x_wconf 89' lang='lat' dir='ltr'><strong>item</strong></span> 
     </span>
    </p>
   </div>
   <div class='ocr_carea' id='block_1_46' title="bbox 549 2895 2128 2985">
    <p class='ocr_par' dir='ltr' id='par_1_46' title="bbox 549 2895 2128 2985">
     <span class='ocr_line' id='line_1_50' title="bbox 549 2895 2128 2985; baseline -0.013 -16"><span class='ocrx_word' id='word_1_361' title='bbox 549 2915 723 2985; x_wconf 87' lang='lat' dir='ltr'><strong>gloria</strong></span> <span class='ocrx_word' id='word_1_362' title='bbox 758 2920 863 2974; x_wconf 90' lang='lat' dir='ltr'><strong>est,</strong></span> <span class='ocrx_word' id='word_1_363' title='bbox 894 2925 1020 2964; x_wconf 91' lang='lat' dir='ltr'><strong>cum</strong></span> <span class='ocrx_word' id='word_1_364' title='bbox 1069 2923 1170 2962; x_wconf 86' lang='lat' dir='ltr'><strong>nos</strong></span> <span class='ocrx_word' id='word_1_365' title='bbox 1197 2905 1563 2960; x_wconf 87' lang='lat' dir='ltr'><strong>humilitatem</strong></span> <span class='ocrx_word' id='word_1_366' title='bbox 1594 2900 1805 2963; x_wconf 88' lang='lat' dir='ltr'><strong>edocet,</strong></span> <span class='ocrx_word' id='word_1_367' title='bbox 1833 2905 1887 2952; x_wconf 88' lang='lat' dir='ltr'><strong>et</strong></span> <span class='ocrx_word' id='word_1_368' title='bbox 1928 2895 2128 2950; x_wconf 67' lang='lat' dir='ltr'><strong>futura:</strong></span> 
     </span>
    </p>
   </div>
   <div class='ocr_carea' id='block_1_47' title="bbox 551 2985 2124 3077">
    <p class='ocr_par' dir='ltr' id='par_1_47' title="bbox 551 2985 2124 3077">
     <span class='ocr_line' id='line_1_51' title="bbox 551 2985 2124 3077; baseline -0.014 -17"><span class='ocrx_word' id='word_1_369' title='bbox 551 3005 738 3077; x_wconf 75' lang='lat' dir='ltr'><strong>gloriae</strong></span> <span class='ocrx_word' id='word_1_370' title='bbox 765 3002 1102 3058; x_wconf 88' lang='lat' dir='ltr'><strong>desiderium</strong></span> <span class='ocrx_word' id='word_1_371' title='bbox 1137 2998 1365 3068; x_wconf 83' lang='lat' dir='ltr'><strong>ingerit:</strong></span> <span class='ocrx_word' id='word_1_372' title='bbox 1400 2995 1541 3049; x_wconf 85' lang='lat' dir='ltr'><strong>mala</strong></span> <span class='ocrx_word' id='word_1_373' title='bbox 1589 2999 1769 3046; x_wconf 90' lang='lat' dir='ltr'><strong>autem</strong></span> <span class='ocrx_word' id='word_1_374' title='bbox 1800 3003 1922 3044; x_wconf 91' lang='lat' dir='ltr'><strong>cum</strong></span> <span class='ocrx_word' id='word_1_375' title='bbox 1945 2985 2124 3042; x_wconf 85' lang='lat' dir='ltr'><strong>servi-</strong></span> 
     </span>
    </p>
   </div>
   <div class='ocr_carea' id='block_1_48' title="bbox 2215 1872 3795 1961">
    <p class='ocr_par' dir='ltr' id='par_1_48' title="bbox 2215 1872 3795 1961">
     <span class='ocr_line' id='line_1_52' title="bbox 2215 1872 3795 1961; baseline -0.016 -12"><span class='ocrx_word' id='word_1_376' title='bbox 2215 1872 2384 1956; x_wconf 86' lang='grc' dir='ltr'>κακὰ,</span> <span class='ocrx_word' id='word_1_377' title='bbox 2412 1887 2713 1961; x_wconf 81' lang='grc' dir='ltr'>ἀφροσύνη,</span> <span class='ocrx_word' id='word_1_378' title='bbox 2753 1884 2942 1949; x_wconf 87' lang='grc' dir='ltr'>δειλία,</span> <span class='ocrx_word' id='word_1_379' title='bbox 2987 1880 3272 1944; x_wconf 82' lang='grc' dir='ltr'>ἀκολασία,</span> <span class='ocrx_word' id='word_1_380' title='bbox 3303 1877 3527 1931; x_wconf 66' lang='grc' dir='ltr'>ἀδικίαι</span> <span class='ocrx_word' id='word_1_381' title='bbox 3569 1872 3795 1944; x_wconf 73' lang='grc' dir='ltr'>μέααδὲ,</span> 
     </span>
    </p>
   </div>
   <div class='ocr_carea' id='block_1_49' title="bbox 2217 1965 3797 2047">
    <p class='ocr_par' dir='ltr' id='par_1_49' title="bbox 2217 1965 3797 2047">
     <span class='ocr_line' id='line_1_53' title="bbox 2217 1965 3797 2047; baseline -0.016 -6"><span class='ocrx_word' id='word_1_382' title='bbox 2217 1985 2465 2047; x_wconf 80' lang='grc' dir='ltr'>πλοῦτος,</span> <span class='ocrx_word' id='word_1_383' title='bbox 2497 1980 2675 2045; x_wconf 86' lang='grc' dir='ltr'>πενία,</span> <span class='ocrx_word' id='word_1_384' title='bbox 2700 1978 2846 2044; x_wconf 82' lang='grc' dir='ltr'>δόξα,</span> <span class='ocrx_word' id='word_1_385' title='bbox 2877 1975 3085 2043; x_wconf 77' lang='grc' dir='ltr'>ἀδοξία,</span> <span class='ocrx_word' id='word_1_386' title='bbox 3110 1973 3308 2043; x_wconf 79' lang='grc' dir='ltr'>ὑγίεια,</span> <span class='ocrx_word' id='word_1_387' title='bbox 3343 1969 3533 2034; x_wconf 85' lang='grc' dir='ltr'>νόσος,</span> <span class='ocrx_word' id='word_1_388' title='bbox 3566 1965 3797 2035; x_wconf 78' lang='grc' dir='ltr'>πολυμα-</span> 
     </span>
    </p>
   </div>
   <div class='ocr_carea' id='block_1_50' title="bbox 2219 2056 3804 2146">
    <p class='ocr_par' dir='ltr' id='par_1_50' title="bbox 2219 2056 3804 2146">
     <span class='ocr_line' id='line_1_54' title="bbox 2219 2056 3804 2146; baseline -0.015 -14"><span class='ocrx_word' id='word_1_389' title='bbox 2219 2077 2332 2141; x_wconf 89' lang='grc' dir='ltr'>θία,</span> <span class='ocrx_word' id='word_1_390' title='bbox 2379 2072 2606 2146; x_wconf 81' lang='grc' dir='ltr'>ἀμαθία.</span> <span class='ocrx_word' id='word_1_391' title='bbox 2641 2071 2800 2125; x_wconf 81' lang='grc' dir='ltr'>Μέσα</span> <span class='ocrx_word' id='word_1_392' title='bbox 2842 2068 2900 2121; x_wconf 81' lang='grc' dir='ltr'>δὲ</span> <span class='ocrx_word' id='word_1_393' title='bbox 2944 2067 3193 2136; x_wconf 88' lang='grc' dir='ltr'>λέγονται</span> <span class='ocrx_word' id='word_1_394' title='bbox 3241 2061 3333 2117; x_wconf 86' lang='grc' dir='ltr'><strong>διά</strong></span> <span class='ocrx_word' id='word_1_395' title='bbox 3380 2060 3447 2114; x_wconf 83' lang='grc' dir='ltr'><strong>τὸ</strong></span> <span class='ocrx_word' id='word_1_396' title='bbox 3482 2058 3619 2112; x_wconf 74' lang='grc' dir='ltr'>καθ’</span> <span class='ocrx_word' id='word_1_397' title='bbox 3656 2056 3804 2110; x_wconf 62' lang='grc' dir='ltr'>ἑαυτὰ</span> 
     </span>
    </p>
   </div>
   <div class='ocr_carea' id='block_1_51' title="bbox 2225 2132 3843 2244">
    <p class='ocr_par' dir='ltr' id='par_1_51' title="bbox 2225 2132 3843 2244">
     <span class='ocr_line' id='line_1_55' title="bbox 2225 2132 3843 2244; baseline -0.015 -20"><span class='ocrx_word' id='word_1_398' title='bbox 2225 2132 2361 2244; x_wconf 71' lang='grc' dir='ltr'>μήτε</span> <span class='ocrx_word' id='word_1_399' title='bbox 2392 2132 2596 2239; x_wconf 65' lang='grc' dir='ltr'>κυρίως</span> <span class='ocrx_word' id='word_1_400' title='bbox 2627 2162 2768 2217; x_wconf 88' lang='grc' dir='ltr'><strong>καλά</strong></span> <span class='ocrx_word' id='word_1_401' title='bbox 2811 2157 2969 2223; x_wconf 67' lang='grc' dir='ltr'>εἶναι,</span> <span class='ocrx_word' id='word_1_402' title='bbox 3018 2132 3159 2230; x_wconf 79' lang='grc' dir='ltr'>μήτε</span> <span class='ocrx_word' id='word_1_403' title='bbox 3207 2154 3416 2227; x_wconf 84' lang='grc' dir='ltr'>κυρίως</span> <span class='ocrx_word' id='word_1_404' title='bbox 3463 2151 3661 2206; x_wconf 79' lang='grc' dir='ltr'>κακά’</span> 
     </span>
    </p>
   </div>
   <div class='ocr_carea' id='block_1_52' title="bbox 2222 2243 3843 2332">
    <p class='ocr_par' dir='ltr' id='par_1_52' title="bbox 2222 2243 3843 2332">
     <span class='ocr_line' id='line_1_56' title="bbox 2222 2243 3843 2332; baseline -0.017 -15"><span class='ocrx_word' id='word_1_405' title='bbox 2222 2243 2373 2332; x_wconf 86' lang='grc' dir='ltr'><strong>παρά</strong></span> <span class='ocrx_word' id='word_1_406' title='bbox 2404 2263 2468 2331; x_wconf 89' lang='grc' dir='ltr'>τῇ</span> <span class='ocrx_word' id='word_1_407' title='bbox 2500 2258 2692 2329; x_wconf 87' lang='grc' dir='ltr'>χρήσει</span> <span class='ocrx_word' id='word_1_408' title='bbox 2722 2253 2830 2306; x_wconf 86' lang='grc' dir='ltr'><strong>τῶν</strong></span> <span class='ocrx_word' id='word_1_409' title='bbox 2876 2250 3172 2323; x_wconf 85' lang='grc' dir='ltr'>χρωμένων</span> <span class='ocrx_word' id='word_1_410' title='bbox 3197 2247 3231 2319; x_wconf 76' lang='grc' dir='ltr'>ἢ</span> <span class='ocrx_word' id='word_1_411' title='bbox 3264 2244 3432 2299; x_wconf 80' lang='grc' dir='ltr'>τοῦτο</span> <span class='ocrx_word' id='word_1_412' title='bbox 3455 2243 3494 2314; x_wconf 76' lang='grc' dir='ltr'>ἦ</span> <span class='ocrx_word' id='word_1_413' title='bbox 3526 2243 3717 2296; x_wconf 75' lang='grc' dir='ltr'>ἐκεῖνο</span> <span class='ocrx_word' id='word_1_414' title='bbox 3737 2257 3807 2306; x_wconf 66' lang='grc' dir='ltr'><strong>τι·</strong></span> <span class='ocrx_word' id='word_1_415' title='bbox 3842 2243 3843 2299; x_wconf 70' lang='lat' dir='ltr'><strong>l</strong></span> 
     </span>
    </p>
   </div>
   <div class='ocr_carea' id='block_1_53' title="bbox 2222 2332 3811 2424">
    <p class='ocr_par' dir='ltr' id='par_1_53' title="bbox 2222 2332 3811 2424">
     <span class='ocr_line' id='line_1_57' title="bbox 2222 2332 3811 2424; baseline -0.017 -15"><span class='ocrx_word' id='word_1_416' title='bbox 2222 2356 2423 2424; x_wconf 89' lang='grc' dir='ltr'>νόμενα</span> <span class='ocrx_word' id='word_1_417' title='bbox 2442 2370 2453 2381; x_wconf 71' lang='grc' dir='ltr'><strong>ο</strong></span> <span class='ocrx_word' id='word_1_418' title='bbox 2478 2345 2588 2404; x_wconf 77' lang='grc' dir='ltr'>οἷον</span> <span class='ocrx_word' id='word_1_419' title='bbox 2609 2350 2637 2401; x_wconf 89' lang='grc' dir='ltr'>ὁ</span> <span class='ocrx_word' id='word_1_420' title='bbox 2662 2344 2888 2408; x_wconf 75' lang='grc' dir='ltr'>πλοῦτος</span> <span class='ocrx_word' id='word_1_421' title='bbox 2912 2342 3075 2405; x_wconf 80' lang='grc' dir='ltr'>καλὸς</span> <span class='ocrx_word' id='word_1_422' title='bbox 3102 2341 3200 2412; x_wconf 84' lang='grc' dir='ltr'>μὲν</span> <span class='ocrx_word' id='word_1_423' title='bbox 3229 2340 3309 2402; x_wconf 83' lang='grc' dir='ltr'><strong>είς</strong></span> <span class='ocrx_word' id='word_1_424' title='bbox 3336 2335 3730 2407; x_wconf 73' lang='grc' dir='ltr'>ἐλεημοσύνην</span> <span class='ocrx_word' id='word_1_425' title='bbox 3756 2332 3811 2384; x_wconf 74' lang='grc' dir='ltr'><strong>δι-</strong></span> 
     </span>
    </p>
   </div>
   <div class='ocr_carea' id='block_1_54' title="bbox 2223 2426 3808 2519">
    <p class='ocr_par' dir='ltr' id='par_1_54' title="bbox 2223 2426 3808 2519">
     <span class='ocr_line' id='line_1_58' title="bbox 2223 2426 3808 2519; baseline -0.019 -16"><span class='ocrx_word' id='word_1_426' title='bbox 2223 2449 2468 2519; x_wconf 87' lang='grc' dir='ltr'>δόμενος,</span> <span class='ocrx_word' id='word_1_427' title='bbox 2499 2442 2669 2506; x_wconf 85' lang='grc' dir='ltr'>κακὸς</span> <span class='ocrx_word' id='word_1_428' title='bbox 2697 2441 2755 2494; x_wconf 78' lang='grc' dir='ltr'>δὲ</span> <span class='ocrx_word' id='word_1_429' title='bbox 2785 2438 2922 2510; x_wconf 82' lang='grc' dir='ltr'>πρὸς</span> <span class='ocrx_word' id='word_1_430' title='bbox 2952 2436 3147 2507; x_wconf 80' lang='grc' dir='ltr'>ἡδονὰς</span> <span class='ocrx_word' id='word_1_431' title='bbox 3167 2430 3601 2502; x_wconf 79' lang='grc' dir='ltr'>δαπανώμενος,</span> <span class='ocrx_word' id='word_1_432' title='bbox 3637 2426 3808 2480; x_wconf 64' lang='grc' dir='ltr'>Ὡσαύ-</span> 
     </span>
    </p>
   </div>
   <div class='ocr_carea' id='block_1_55' title="bbox 2225 2521 3808 2608">
    <p class='ocr_par' dir='ltr' id='par_1_55' title="bbox 2225 2521 3808 2608">
     <span class='ocr_line' id='line_1_59' title="bbox 2225 2521 3808 2608; baseline -0.012 -14"><span class='ocrx_word' id='word_1_433' title='bbox 2225 2557 2333 2603; x_wconf 87' lang='grc' dir='ltr'>τως</span> <span class='ocrx_word' id='word_1_434' title='bbox 2350 2539 2445 2592; x_wconf 89' lang='lat' dir='ltr'><strong>ml</strong></span> <span class='ocrx_word' id='word_1_435' title='bbox 2463 2539 2497 2608; x_wconf 81' lang='grc' dir='ltr'><strong>ἡ</strong></span> <span class='ocrx_word' id='word_1_436' title='bbox 2520 2534 2678 2590; x_wconf 85' lang='grc' dir='ltr'>πενία</span> <span class='ocrx_word' id='word_1_437' title='bbox 2700 2532 2837 2605; x_wconf 86' lang='grc' dir='ltr'>καλὴ</span> <span class='ocrx_word' id='word_1_438' title='bbox 2868 2531 2966 2603; x_wconf 83' lang='grc' dir='ltr'>μὲν</span> <span class='ocrx_word' id='word_1_439' title='bbox 2981 2526 3295 2601; x_wconf 85' lang='grc' dir='ltr'>καρτερίαν,</span> <span class='ocrx_word' id='word_1_440' title='bbox 3316 2524 3418 2577; x_wconf 74' lang='grc' dir='ltr'>καὶ</span> <span class='ocrx_word' id='word_1_441' title='bbox 3440 2521 3808 2593; x_wconf 68' lang='grc' dir='ltr'>εὐχαριπίαν.</span> 
     </span>
    </p>
   </div>
   <div class='ocr_carea' id='block_1_56' title="bbox 2225 2611 3810 2698">
    <p class='ocr_par' dir='ltr' id='par_1_56' title="bbox 2225 2611 3810 2698">
     <span class='ocr_line' id='line_1_60' title="bbox 2225 2611 3810 2698; baseline -0.016 -13"><span class='ocrx_word' id='word_1_442' title='bbox 2225 2631 2321 2686; x_wconf 78' lang='grc' dir='ltr'>καὶ</span> <span class='ocrx_word' id='word_1_443' title='bbox 2371 2626 2683 2698; x_wconf 85' lang='grc' dir='ltr'>ἐλευθερίαν</span> <span class='ocrx_word' id='word_1_444' title='bbox 2729 2624 2876 2695; x_wconf 81' lang='grc' dir='ltr'>ἡμᾶς</span> <span class='ocrx_word' id='word_1_445' title='bbox 2907 2619 3262 2674; x_wconf 79' lang='grc' dir='ltr'>διδάσκουσαο</span> <span class='ocrx_word' id='word_1_446' title='bbox 3294 2612 3451 2684; x_wconf 78' lang='grc' dir='ltr'>κακὴ</span> <span class='ocrx_word' id='word_1_447' title='bbox 3495 2612 3561 2665; x_wconf 81' lang='grc' dir='ltr'>δὲ</span> <span class='ocrx_word' id='word_1_448' title='bbox 3594 2611 3810 2681; x_wconf 59' lang='grc' dir='ltr'>βλασφη-</span> 
     </span>
    </p>
   </div>
   <div class='ocr_carea' id='block_1_57' title="bbox 2230 2702 3811 2796">
    <p class='ocr_par' dir='ltr' id='par_1_57' title="bbox 2230 2702 3811 2796">
     <span class='ocr_line' id='line_1_61' title="bbox 2230 2702 3811 2796; baseline -0.016 -18"><span class='ocrx_word' id='word_1_449' title='bbox 2230 2725 2380 2796; x_wconf 89' lang='grc' dir='ltr'>μίαν,</span> <span class='ocrx_word' id='word_1_450' title='bbox 2416 2721 2510 2774; x_wconf 90' lang='lat' dir='ltr'><strong>ml</strong></span> <span class='ocrx_word' id='word_1_451' title='bbox 2562 2715 2941 2787; x_wconf 86' lang='grc' dir='ltr'>ἀνελευθερίαν</span> <span class='ocrx_word' id='word_1_452' title='bbox 2973 2715 3039 2767; x_wconf 80' lang='grc' dir='ltr'><strong>ἐκ</strong></span> <span class='ocrx_word' id='word_1_453' title='bbox 3074 2709 3170 2765; x_wconf 78' lang='grc' dir='ltr'>τοῦ</span> <span class='ocrx_word' id='word_1_454' title='bbox 3208 2708 3284 2780; x_wconf 82' lang='grc' dir='ltr'>μὴ</span> <span class='ocrx_word' id='word_1_455' title='bbox 3334 2707 3649 2777; x_wconf 81' lang='grc' dir='ltr'>καρτερεῖν</span> <span class='ocrx_word' id='word_1_456' title='bbox 3689 2702 3811 2770; x_wconf 74' lang='grc' dir='ltr'>ἡμᾶς</span> 
     </span>
    </p>
   </div>
   <div class='ocr_carea' id='block_1_58' title="bbox 2227 2801 3811 2876">
    <p class='ocr_par' dir='ltr' id='par_1_58' title="bbox 2227 2801 3811 2876">
     <span class='ocr_line' id='line_1_62' title="bbox 2227 2801 3811 2876; baseline -0.016 -4"><span class='ocrx_word' id='word_1_457' title='bbox 2227 2816 2613 2873; x_wconf 86' lang='grc' dir='ltr'>ἀποτίκτουσα.</span> <span class='ocrx_word' id='word_1_458' title='bbox 2646 2809 2801 2876; x_wconf 81' lang='grc' dir='ltr'>Καλὴ</span> <span class='ocrx_word' id='word_1_459' title='bbox 2830 2807 2888 2861; x_wconf 82' lang='grc' dir='ltr'>δὲ</span> <span class='ocrx_word' id='word_1_460' title='bbox 2928 2806 3025 2860; x_wconf 77' lang='grc' dir='ltr'><strong>καὶ</strong></span> <span class='ocrx_word' id='word_1_461' title='bbox 3051 2805 3085 2875; x_wconf 83' lang='grc' dir='ltr'>ὴ</span> <span class='ocrx_word' id='word_1_462' title='bbox 3123 2801 3271 2867; x_wconf 81' lang='grc' dir='ltr'>δόξα,</span> <span class='ocrx_word' id='word_1_463' title='bbox 3303 2801 3440 2854; x_wconf 76' lang='grc' dir='ltr'>ὅταν</span> <span class='ocrx_word' id='word_1_464' title='bbox 3466 2812 3811 2863; x_wconf 64' lang='grc' dir='ltr'>ταπεινοφρςν</span> 
     </span>
    </p>
   </div>
   <div class='ocr_carea' id='block_1_59' title="bbox 2230 2887 3811 2977">
    <p class='ocr_par' dir='ltr' id='par_1_59' title="bbox 2230 2887 3811 2977">
     <span class='ocr_line' id='line_1_63' title="bbox 2230 2887 3811 2977; baseline -0.013 -15"><span class='ocrx_word' id='word_1_465' title='bbox 2230 2907 2397 2976; x_wconf 86' lang='grc' dir='ltr'>σύνην</span> <span class='ocrx_word' id='word_1_466' title='bbox 2427 2906 2577 2977; x_wconf 82' lang='grc' dir='ltr'>ἡμᾶς</span> <span class='ocrx_word' id='word_1_467' title='bbox 2604 2901 2917 2970; x_wconf 84' lang='grc' dir='ltr'>ἐκδιδάσκῃ,</span> <span class='ocrx_word' id='word_1_468' title='bbox 2943 2897 3039 2951; x_wconf 75' lang='grc' dir='ltr'>καὶ</span> <span class='ocrx_word' id='word_1_469' title='bbox 3061 2895 3161 2967; x_wconf 79' lang='grc' dir='ltr'>τῆς</span> <span class='ocrx_word' id='word_1_470' title='bbox 3193 2890 3507 2965; x_wconf 80' lang='grc' dir='ltr'>μελλούσης</span> <span class='ocrx_word' id='word_1_471' title='bbox 3525 2889 3693 2959; x_wconf 77' lang='grc' dir='ltr'>δόξης</span> <span class='ocrx_word' id='word_1_472' title='bbox 3737 2887 3811 2953; x_wconf 62' lang='grc' dir='ltr'><strong>ἐξ·</strong></span> 
     </span>
    </p>
   </div>
   <div class='ocr_carea' id='block_1_60' title="bbox 2232 2978 3812 3066">
    <p class='ocr_par' dir='ltr' id='par_1_60' title="bbox 2232 2978 3812 3066">
     <span class='ocr_line' id='line_1_64' title="bbox 2232 2978 3812 3066; baseline -0.016 -12"><span class='ocrx_word' id='word_1_473' title='bbox 2232 3016 2372 3053; x_wconf 73' lang='grc' dir='ltr'>εσινο</span> <span class='ocrx_word' id='word_1_474' title='bbox 2406 2997 2553 3066; x_wconf 82' lang='grc' dir='ltr'>κακὴ</span> <span class='ocrx_word' id='word_1_475' title='bbox 2585 2995 2663 3060; x_wconf 81' lang='grc' dir='ltr'>δὲ,</span> <span class='ocrx_word' id='word_1_476' title='bbox 2689 2994 2817 3047; x_wconf 79' lang='grc' dir='ltr'>ὅταν</span> <span class='ocrx_word' id='word_1_477' title='bbox 2848 2986 3293 3057; x_wconf 88' lang='grc' dir='ltr'>δουλοπρέπειαν,</span> <span class='ocrx_word' id='word_1_478' title='bbox 3308 2982 3410 3037; x_wconf 87' lang='lat' dir='ltr'><strong>ml.</strong></span> <span class='ocrx_word' id='word_1_479' title='bbox 3438 2981 3539 3035; x_wconf 79' lang='grc' dir='ltr'>διὰ.</span> <span class='ocrx_word' id='word_1_480' title='bbox 3568 2978 3812 3049; x_wconf 56' lang='grc' dir='ltr'>φόὸονάιά·</span> 
     </span>
    </p>
   </div>
   <div class='ocr_carea' id='block_1_61' title="bbox 551 3068 2139 3165">
    <p class='ocr_par' dir='ltr' id='par_1_61' title="bbox 551 3080 2127 3160">
     <span class='ocr_line' id='line_1_65' title="bbox 551 3080 2127 3160; baseline -0.013 -8"><span class='ocrx_word' id='word_1_481' title='bbox 551 3098 659 3152; x_wconf 87' lang='lat' dir='ltr'><strong>lem</strong></span> <span class='ocrx_word' id='word_1_482' title='bbox 693 3095 936 3149; x_wconf 89' lang='lat' dir='ltr'><strong>animum</strong></span> <span class='ocrx_word' id='word_1_483' title='bbox 969 3092 1208 3158; x_wconf 89' lang='lat' dir='ltr'><strong>inducit;</strong></span> <span class='ocrx_word' id='word_1_484' title='bbox 1252 3098 1416 3160; x_wconf 90' lang='lat' dir='ltr'><strong>atque</strong></span> <span class='ocrx_word' id='word_1_485' title='bbox 1442 3084 1633 3143; x_wconf 89' lang='lat' dir='ltr'><strong>suadet</strong></span> <span class='ocrx_word' id='word_1_486' title='bbox 1660 3092 1719 3138; x_wconf 89' lang='lat' dir='ltr'><strong>ut</strong></span> <span class='ocrx_word' id='word_1_487' title='bbox 1752 3099 1819 3138; x_wconf 81' lang='lat' dir='ltr'><strong>ex</strong></span> <span class='ocrx_word' id='word_1_488' title='bbox 1845 3080 2127 3136; x_wconf 88' lang='lat' dir='ltr'><strong>hominum</strong></span> 
     </span>
    </p>
   </div>
   <div class='ocr_carea' id='block_1_62' title="bbox 2243 3068 3809 3165">
    <p class='ocr_par' dir='ltr' id='par_1_62' title="bbox 2243 3068 3809 3165">
     <span class='ocr_line' id='line_1_66' title="bbox 2243 3068 3809 3165; baseline -0.019 -18"><span class='ocrx_word' id='word_1_489' title='bbox 2243 3092 2502 3165; x_wconf 72' lang='grc' dir='ltr'>θρώπινον</span> <span class='ocrx_word' id='word_1_490' title='bbox 2525 3088 2703 3141; x_wconf 83' lang='grc' dir='ltr'>πάντα</span> <span class='ocrx_word' id='word_1_491' title='bbox 2728 3084 2901 3139; x_wconf 80' lang='grc' dir='ltr'>ποιεῖν</span> <span class='ocrx_word' id='word_1_492' title='bbox 2930 3077 3219 3152; x_wconf 83' lang='grc' dir='ltr'>ἀναπείθῃ.</span> <span class='ocrx_word' id='word_1_493' title='bbox 3255 3073 3552 3136; x_wconf 79' lang='grc' dir='ltr'>Ὡσαύτως</span> <span class='ocrx_word' id='word_1_494' title='bbox 3574 3070 3713 3138; x_wconf 78' lang='grc' dir='ltr'>καλὴ</span> <span class='ocrx_word' id='word_1_495' title='bbox 3735 3068 3809 3137; x_wconf 74' lang='grc' dir='ltr'>μὲν</span> 
     </span>
    </p>
   </div>
   <div class='ocr_carea' id='block_1_63' title="bbox 552 3176 2128 3254">
    <p class='ocr_par' dir='ltr' id='par_1_63' title="bbox 552 3176 2128 3254">
     <span class='ocr_line' id='line_1_67' title="bbox 552 3176 2128 3254; baseline -0.01 -12"><span class='ocrx_word' id='word_1_496' title='bbox 552 3189 754 3242; x_wconf 89' lang='lat' dir='ltr'><strong>timore</strong></span> <span class='ocrx_word' id='word_1_497' title='bbox 784 3186 967 3239; x_wconf 89' lang='lat' dir='ltr'><strong>omnia</strong></span> <span class='ocrx_word' id='word_1_498' title='bbox 1000 3194 1251 3254; x_wconf 81' lang='lat' dir='ltr'><strong>agantur.</strong></span> <span class='ocrx_word' id='word_1_499' title='bbox 1286 3180 1550 3236; x_wconf 91' lang='lat' dir='ltr'><strong>Similiter</strong></span> <span class='ocrx_word' id='word_1_500' title='bbox 1605 3180 1748 3233; x_wconf 89' lang='lat' dir='ltr'><strong>bona</strong></span> <span class='ocrx_word' id='word_1_501' title='bbox 1776 3184 1861 3232; x_wconf 86' lang='lat' dir='ltr'><strong>est</strong></span> <span class='ocrx_word' id='word_1_502' title='bbox 1898 3176 2128 3238; x_wconf 86' lang='lat' dir='ltr'><strong>sanitas,</strong></span> 
     </span>
    </p>
   </div>
   <div class='ocr_carea' id='block_1_64' title="bbox 556 3268 2133 3345">
    <p class='ocr_par' dir='ltr' id='par_1_64' title="bbox 556 3268 2133 3345">
     <span class='ocr_line' id='line_1_68' title="bbox 556 3268 2133 3345; baseline -0.01 -8"><span class='ocrx_word' id='word_1_503' title='bbox 556 3298 682 3337; x_wconf 87' lang='lat' dir='ltr'><strong>cum</strong></span> <span class='ocrx_word' id='word_1_504' title='bbox 721 3296 785 3337; x_wconf 88' lang='lat' dir='ltr'><strong>ea</strong></span> <span class='ocrx_word' id='word_1_505' title='bbox 816 3281 1026 3334; x_wconf 89' lang='lat' dir='ltr'><strong>utimur</strong></span> <span class='ocrx_word' id='word_1_506' title='bbox 1060 3287 1119 3332; x_wconf 88' lang='lat' dir='ltr'><strong>ut</strong></span> <span class='ocrx_word' id='word_1_507' title='bbox 1154 3276 1260 3329; x_wconf 86' lang='lat' dir='ltr'><strong>Deo</strong></span> <span class='ocrx_word' id='word_1_508' title='bbox 1293 3277 1700 3345; x_wconf 85' lang='lat' dir='ltr'><strong>plaeeamus,et</strong></span> <span class='ocrx_word' id='word_1_509' title='bbox 1724 3269 1983 3324; x_wconf 88' lang='lat' dir='ltr'><strong>mandata</strong></span> <span class='ocrx_word' id='word_1_510' title='bbox 2012 3268 2133 3338; x_wconf 86' lang='lat' dir='ltr'><strong>ejus</strong></span> 
     </span>
    </p>
   </div>
   <div class='ocr_carea' id='block_1_65' title="bbox 556 3364 2136 3447">
    <p class='ocr_par' dir='ltr' id='par_1_65' title="bbox 556 3364 2136 3447">
     <span class='ocr_line' id='line_1_69' title="bbox 556 3364 2136 3447; baseline -0.009 -18"><span class='ocrx_word' id='word_1_511' title='bbox 556 3389 881 3447; x_wconf 87' lang='lat' dir='ltr'><strong>operemur;</strong></span> <span class='ocrx_word' id='word_1_512' title='bbox 931 3371 1074 3425; x_wconf 91' lang='lat' dir='ltr'><strong>mala</strong></span> <span class='ocrx_word' id='word_1_513' title='bbox 1115 3376 1319 3431; x_wconf 87' lang='lat' dir='ltr'><strong>autem,</strong></span> <span class='ocrx_word' id='word_1_514' title='bbox 1348 3382 1471 3423; x_wconf 91' lang='lat' dir='ltr'><strong>cum</strong></span> <span class='ocrx_word' id='word_1_515' title='bbox 1516 3381 1581 3420; x_wconf 87' lang='lat' dir='ltr'><strong>ea</strong></span> <span class='ocrx_word' id='word_1_516' title='bbox 1643 3365 1712 3419; x_wconf 90' lang='lat' dir='ltr'><strong>ad</strong></span> <span class='ocrx_word' id='word_1_517' title='bbox 1767 3364 2136 3433; x_wconf 88' lang='lat' dir='ltr'><strong>intemperan-</strong></span> 
     </span>
    </p>
   </div>
   <div class='ocr_carea' id='block_1_66' title="bbox 557 3456 2137 3530">
    <p class='ocr_par' dir='ltr' id='par_1_66' title="bbox 557 3456 2137 3530">
     <span class='ocr_line' id='line_1_70' title="bbox 557 3456 2137 3530; baseline -0.009 -8"><span class='ocrx_word' id='word_1_518' title='bbox 557 3469 692 3522; x_wconf 90' lang='lat' dir='ltr'><strong>tiam</strong></span> <span class='ocrx_word' id='word_1_519' title='bbox 748 3473 802 3521; x_wconf 87' lang='lat' dir='ltr'><strong>et</strong></span> <span class='ocrx_word' id='word_1_520' title='bbox 856 3463 1179 3530; x_wconf 85' lang='lat' dir='ltr'><strong>iniustitiam</strong></span> <span class='ocrx_word' id='word_1_521' title='bbox 1208 3461 1438 3515; x_wconf 91' lang='lat' dir='ltr'><strong>’utimur.</strong></span> <span class='ocrx_word' id='word_1_522' title='bbox 1475 3457 1606 3513; x_wconf 88' lang='lat' dir='ltr'><strong>Item</strong></span> <span class='ocrx_word' id='word_1_523' title='bbox 1638 3456 1901 3523; x_wconf 88' lang='lat' dir='ltr'><strong>morbus,</strong></span> <span class='ocrx_word' id='word_1_524' title='bbox 1931 3456 1978 3511; x_wconf 88' lang='lat' dir='ltr'><strong>si</strong></span> <span class='ocrx_word' id='word_1_525' title='bbox 2012 3471 2137 3526; x_wconf 87' lang='lat' dir='ltr'><strong>gra-</strong></span> 
     </span>
    </p>
   </div>
   <div class='ocr_carea' id='block_1_67' title="bbox 558 3547 2137 3629">
    <p class='ocr_par' dir='ltr' id='par_1_67' title="bbox 558 3547 2137 3629">
     <span class='ocr_line' id='line_1_71' title="bbox 558 3547 2137 3629; baseline -0.008 -15"><span class='ocrx_word' id='word_1_526' title='bbox 558 3560 665 3614; x_wconf 76' lang='lat' dir='ltr'><strong>tias</strong></span> <span class='ocrx_word' id='word_1_527' title='bbox 686 3572 932 3629; x_wconf 86' lang='lat' dir='ltr'><strong>agamus,</strong></span> <span class='ocrx_word' id='word_1_528' title='bbox 966 3570 1142 3625; x_wconf 89' lang='lat' dir='ltr'><strong>eoque</strong></span> <span class='ocrx_word' id='word_1_529' title='bbox 1188 3553 1348 3624; x_wconf 91' lang='lat' dir='ltr'><strong>quasi</strong></span> <span class='ocrx_word' id='word_1_530' title='bbox 1398 3551 1648 3621; x_wconf 87' lang='lat' dir='ltr'><strong>adjutore</strong></span> <span class='ocrx_word' id='word_1_531' title='bbox 1675 3557 1921 3614; x_wconf 89' lang='lat' dir='ltr'><strong>utamur,</strong></span> <span class='ocrx_word' id='word_1_532' title='bbox 1956 3547 2137 3603; x_wconf 90' lang='lat' dir='ltr'><strong>bonus</strong></span> 
     </span>
    </p>
   </div>
   <div class='ocr_carea' id='block_1_68' title="bbox 559 3640 2140 3718">
    <p class='ocr_par' dir='ltr' id='par_1_68' title="bbox 559 3640 2140 3718">
     <span class='ocr_line' id='line_1_72' title="bbox 559 3640 2140 3718; baseline -0.01 -9"><span class='ocrx_word' id='word_1_533' title='bbox 559 3658 683 3718; x_wconf 86' lang='lat' dir='ltr'><strong>est;</strong></span> <span class='ocrx_word' id='word_1_534' title='bbox 711 3651 907 3711; x_wconf 90' lang='lat' dir='ltr'><strong>malus,</strong></span> <span class='ocrx_word' id='word_1_535' title='bbox 938 3649 983 3703; x_wconf 89' lang='lat' dir='ltr'><strong>si</strong></span> <span class='ocrx_word' id='word_1_536' title='bbox 1008 3649 1225 3717; x_wconf 88' lang='lat' dir='ltr'><strong>ingrato</strong></span> <span class='ocrx_word' id='word_1_537' title='bbox 1256 3646 1432 3700; x_wconf 89' lang='lat' dir='ltr'><strong>simus</strong></span> <span class='ocrx_word' id='word_1_538' title='bbox 1466 3644 1670 3709; x_wconf 88' lang='lat' dir='ltr'><strong>animo,</strong></span> <span class='ocrx_word' id='word_1_539' title='bbox 1702 3649 1865 3712; x_wconf 87' lang='lat' dir='ltr'><strong>atque</strong></span> <span class='ocrx_word' id='word_1_540' title='bbox 1896 3640 1962 3694; x_wconf 90' lang='lat' dir='ltr'><strong>ad</strong></span> <span class='ocrx_word' id='word_1_541' title='bbox 1992 3640 2140 3695; x_wconf 86' lang='lat' dir='ltr'><strong>blas-</strong></span> 
     </span>
    </p>
   </div>
   <div class='ocr_carea' id='block_1_69' title="bbox 562 3732 2142 3815">
    <p class='ocr_par' dir='ltr' id='par_1_69' title="bbox 562 3732 2142 3815">
     <span class='ocr_line' id='line_1_73' title="bbox 562 3732 2142 3815; baseline -0.008 -17"><span class='ocrx_word' id='word_1_542' title='bbox 562 3742 837 3815; x_wconf 87' lang='lat' dir='ltr'><strong>phemiam</strong></span> <span class='ocrx_word' id='word_1_543' title='bbox 876 3748 930 3795; x_wconf 91' lang='lat' dir='ltr'><strong>et</strong></span> <span class='ocrx_word' id='word_1_544' title='bbox 957 3741 1092 3794; x_wconf 90' lang='lat' dir='ltr'><strong>iram</strong></span> <span class='ocrx_word' id='word_1_545' title='bbox 1118 3754 1221 3792; x_wconf 90' lang='lat' dir='ltr'><strong>nos</strong></span> <span class='ocrx_word' id='word_1_546' title='bbox 1247 3738 1336 3792; x_wconf 91' lang='lat' dir='ltr'><strong>ille</strong></span> <span class='ocrx_word' id='word_1_547' title='bbox 1358 3742 1638 3808; x_wconf 85' lang='lat' dir='ltr'><strong>provocet.</strong></span> <span class='ocrx_word' id='word_1_548' title='bbox 1663 3734 1813 3790; x_wconf 87' lang='lat' dir='ltr'><strong>Bona</strong></span> <span class='ocrx_word' id='word_1_549' title='bbox 1832 3732 2038 3805; x_wconf 87' lang='lat' dir='ltr'><strong>pariter</strong></span> <span class='ocrx_word' id='word_1_550' title='bbox 2056 3739 2142 3789; x_wconf 88' lang='lat' dir='ltr'><strong>est</strong></span> 
     </span>
    </p>
   </div>
   <div class='ocr_carea' id='block_1_70' title="bbox 563 3831 2140 3899">
    <p class='ocr_par' dir='ltr' id='par_1_70' title="bbox 563 3831 2140 3899">
     <span class='ocr_line' id='line_1_74' title="bbox 563 3831 2140 3899; baseline -0.006 -7"><span class='ocrx_word' id='word_1_551' title='bbox 563 3840 736 3893; x_wconf 90' lang='lat' dir='ltr'><strong>multa</strong></span> <span class='ocrx_word' id='word_1_552' title='bbox 764 3837 1021 3899; x_wconf 89' lang='lat' dir='ltr'><strong>eruditio,</strong></span> <span class='ocrx_word' id='word_1_553' title='bbox 1039 3851 1165 3891; x_wconf 90' lang='lat' dir='ltr'><strong>cum</strong></span> <span class='ocrx_word' id='word_1_554' title='bbox 1189 3850 1254 3891; x_wconf 90' lang='lat' dir='ltr'><strong>ea</strong></span> <span class='ocrx_word' id='word_1_555' title='bbox 1282 3834 1350 3889; x_wconf 93' lang='lat' dir='ltr'><strong>ad</strong></span> <span class='ocrx_word' id='word_1_556' title='bbox 1378 3833 1707 3898; x_wconf 88' lang='lat' dir='ltr'><strong>docendum,</strong></span> <span class='ocrx_word' id='word_1_557' title='bbox 1740 3840 1795 3889; x_wconf 89' lang='lat' dir='ltr'><strong>et</strong></span> <span class='ocrx_word' id='word_1_558' title='bbox 1827 3831 1894 3886; x_wconf 90' lang='lat' dir='ltr'><strong>ad</strong></span> <span class='ocrx_word' id='word_1_559' title='bbox 1918 3843 2140 3886; x_wconf 88' lang='lat' dir='ltr'><strong>causam</strong></span> 
     </span>
    </p>
   </div>
   <div class='ocr_carea' id='block_1_71' title="bbox 565 3920 2140 3999">
    <p class='ocr_par' dir='ltr' id='par_1_71' title="bbox 565 3920 2140 3999">
     <span class='ocr_line' id='line_1_75' title="bbox 565 3920 2140 3999; baseline -0.01 -12"><span class='ocrx_word' id='word_1_560' title='bbox 565 3929 769 3999; x_wconf 86' lang='lat' dir='ltr'><strong>injuria</strong></span> <span class='ocrx_word' id='word_1_561' title='bbox 790 3940 1178 3997; x_wconf 87' lang='lat' dir='ltr'><strong>oppressorum</strong></span> <span class='ocrx_word' id='word_1_562' title='bbox 1197 3923 1483 3979; x_wconf 88' lang='lat' dir='ltr'><strong>dicendam</strong></span> <span class='ocrx_word' id='word_1_563' title='bbox 1500 3922 1735 3988; x_wconf 89' lang='lat' dir='ltr'><strong>utimur;</strong></span> <span class='ocrx_word' id='word_1_564' title='bbox 1763 3920 1905 3974; x_wconf 91' lang='lat' dir='ltr'><strong>mala</strong></span> <span class='ocrx_word' id='word_1_565' title='bbox 1937 3925 2140 3983; x_wconf 91' lang='lat' dir='ltr'><strong>autem,</strong></span> 
     </span>
    </p>
   </div>
   <div class='ocr_carea' id='block_1_72' title="bbox 566 4008 2139 4087">
    <p class='ocr_par' dir='ltr' id='par_1_72' title="bbox 566 4008 2139 4087">
     <span class='ocr_line' id='line_1_76' title="bbox 566 4008 2139 4087; baseline -0.011 -10"><span class='ocrx_word' id='word_1_566' title='bbox 566 4037 691 4077; x_wconf 89' lang='lat' dir='ltr'><strong>cum</strong></span> <span class='ocrx_word' id='word_1_567' title='bbox 744 4019 812 4074; x_wconf 90' lang='lat' dir='ltr'><strong>ad</strong></span> <span class='ocrx_word' id='word_1_568' title='bbox 851 4033 1046 4074; x_wconf 88' lang='lat' dir='ltr'><strong>vanam</strong></span> <span class='ocrx_word' id='word_1_569' title='bbox 1106 4016 1356 4087; x_wconf 88' lang='lat' dir='ltr'><strong>gloriam,</strong></span> <span class='ocrx_word' id='word_1_570' title='bbox 1387 4020 1441 4070; x_wconf 90' lang='lat' dir='ltr'><strong>et</strong></span> <span class='ocrx_word' id='word_1_571' title='bbox 1491 4012 1709 4083; x_wconf 56' lang='lat' dir='ltr'><strong>injuriae.</strong></span> <span class='ocrx_word' id='word_1_572' title='bbox 1749 4008 2139 4080; x_wconf 87' lang='lat' dir='ltr'><strong>patrocinium.</strong></span> 
     </span>
    </p>
   </div>
   <div class='ocr_carea' id='block_1_73' title="bbox 564 4099 2144 4181">
    <p class='ocr_par' dir='ltr' id='par_1_73' title="bbox 564 4099 2144 4181">
     <span class='ocr_line' id='line_1_77' title="bbox 564 4099 2144 4181; baseline -0.012 -9"><span class='ocrx_word' id='word_1_573' title='bbox 564 4113 715 4172; x_wconf 85' lang='lat' dir='ltr'><strong>Bona</strong></span> <span class='ocrx_word' id='word_1_574' title='bbox 749 4113 915 4168; x_wconf 90' lang='lat' dir='ltr'><strong>etiam</strong></span> <span class='ocrx_word' id='word_1_575' title='bbox 944 4109 1258 4181; x_wconf 89' lang='lat' dir='ltr'><strong>ignorantia</strong></span> <span class='ocrx_word' id='word_1_576' title='bbox 1278 4114 1379 4169; x_wconf 90' lang='lat' dir='ltr'><strong>est,</strong></span> <span class='ocrx_word' id='word_1_577' title='bbox 1415 4120 1540 4160; x_wconf 90' lang='lat' dir='ltr'><strong>cum</strong></span> <span class='ocrx_word' id='word_1_578' title='bbox 1590 4104 1643 4158; x_wconf 89' lang='lat' dir='ltr'><strong>id</strong></span> <span class='ocrx_word' id='word_1_579' title='bbox 1677 4101 1839 4158; x_wconf 81' lang='lat' dir='ltr'><strong>ellicit</strong></span> <span class='ocrx_word' id='word_1_580' title='bbox 1879 4109 1939 4155; x_wconf 91' lang='lat' dir='ltr'><strong>ut</strong></span> <span class='ocrx_word' id='word_1_581' title='bbox 1969 4099 2144 4154; x_wconf 89' lang='lat' dir='ltr'><strong>doctis</strong></span> 
     </span>
    </p>
   </div>
   <div class='ocr_carea' id='block_1_74' title="bbox 567 4190 2146 4274">
    <p class='ocr_par' dir='ltr' id='par_1_74' title="bbox 567 4190 2146 4274">
     <span class='ocr_line' id='line_1_78' title="bbox 567 4190 2146 4274; baseline -0.011 -14"><span class='ocrx_word' id='word_1_582' title='bbox 567 4204 951 4274; x_wconf 86' lang='lat' dir='ltr'><strong>subjiciamur,</strong></span> <span class='ocrx_word' id='word_1_583' title='bbox 980 4201 1049 4255; x_wconf 90' lang='lat' dir='ltr'><strong>ab</strong></span> <span class='ocrx_word' id='word_1_584' title='bbox 1071 4200 1249 4271; x_wconf 90' lang='lat' dir='ltr'><strong>iisque</strong></span> <span class='ocrx_word' id='word_1_585' title='bbox 1270 4196 1560 4253; x_wconf 83' lang='lat' dir='ltr'><strong>utilitatem</strong></span> <span class='ocrx_word' id='word_1_586' title='bbox 1598 4194 1931 4263; x_wconf 87' lang='lat' dir='ltr'><strong>accipiamus</strong></span> <span class='ocrx_word' id='word_1_587' title='bbox 1955 4209 1970 4258; x_wconf 91' lang='lat'><strong>;</strong></span> <span class='ocrx_word' id='word_1_588' title='bbox 2001 4190 2146 4244; x_wconf 90' lang='lat' dir='ltr'><strong>mala</strong></span> 
     </span>
    </p>
   </div>
   <div class='ocr_carea' id='block_1_75' title="bbox 571 4285 2145 4358">
    <p class='ocr_par' dir='ltr' id='par_1_75' title="bbox 571 4285 2145 4358">
     <span class='ocr_line' id='line_1_79' title="bbox 571 4285 2145 4358; baseline -0.007 -8"><span class='ocrx_word' id='word_1_589' title='bbox 571 4304 751 4350; x_wconf 88' lang='lat' dir='ltr'><strong>autem</strong></span> <span class='ocrx_word' id='word_1_590' title='bbox 783 4308 909 4349; x_wconf 88' lang='lat' dir='ltr'><strong>cum</strong></span> <span class='ocrx_word' id='word_1_591' title='bbox 953 4293 1112 4348; x_wconf 90' lang='lat' dir='ltr'><strong>nobis</strong></span> <span class='ocrx_word' id='word_1_592' title='bbox 1142 4290 1382 4348; x_wconf 87' lang='lat' dir='ltr'><strong>suaserit</strong></span> <span class='ocrx_word' id='word_1_593' title='bbox 1403 4302 1462 4343; x_wconf 89' lang='lat' dir='ltr'><strong>ut</strong></span> <span class='ocrx_word' id='word_1_594' title='bbox 1487 4290 1541 4344; x_wconf 92' lang='lat' dir='ltr'><strong>in</strong></span> <span class='ocrx_word' id='word_1_595' title='bbox 1574 4289 1796 4358; x_wconf 87' lang='lat' dir='ltr'><strong>propria</strong></span> <span class='ocrx_word' id='word_1_596' title='bbox 1823 4285 2145 4341; x_wconf 89' lang='lat' dir='ltr'><strong>incedamus</strong></span> 
     </span>
    </p>
   </div>
   <div class='ocr_carea' id='block_1_76' title="bbox 571 4374 2148 4458">
    <p class='ocr_par' dir='ltr' id='par_1_76' title="bbox 571 4374 2148 4458">
     <span class='ocr_line' id='line_1_80' title="bbox 571 4374 2148 4458; baseline -0.007 -17"><span class='ocrx_word' id='word_1_597' title='bbox 571 4388 916 4458; x_wconf 82' lang='lat' dir='ltr'><strong>ignorantia;</strong></span> <span class='ocrx_word' id='word_1_598' title='bbox 948 4401 1050 4441; x_wconf 91' lang='lat' dir='ltr'><strong>nec</strong></span> <span class='ocrx_word' id='word_1_599' title='bbox 1090 4384 1245 4439; x_wconf 91' lang='lat' dir='ltr'><strong>nobis</strong></span> <span class='ocrx_word' id='word_1_600' title='bbox 1269 4381 1675 4453; x_wconf 65' lang='lat' dir='ltr'><strong>praestantiores</strong></span> <span class='ocrx_word' id='word_1_601' title='bbox 1718 4393 2032 4449; x_wconf 88' lang='lat' dir='ltr'><strong>sequamur.</strong></span> <span class='ocrx_word' id='word_1_602' title='bbox 2060 4374 2148 4431; x_wconf 87' lang='lat' dir='ltr'><strong>Si-</strong></span> 
     </span>
    </p>
   </div>
   <div class='ocr_carea' id='block_1_77' title="bbox 572 4471 2145 4549">
    <p class='ocr_par' dir='ltr' id='par_1_77' title="bbox 572 4471 2145 4549">
     <span class='ocr_line' id='line_1_81' title="bbox 572 4471 2145 4549; baseline -0.007 -15"><span class='ocrx_word' id='word_1_603' title='bbox 572 4480 686 4535; x_wconf 90' lang='lat' dir='ltr'><strong>mili</strong></span> <span class='ocrx_word' id='word_1_604' title='bbox 716 4479 877 4549; x_wconf 75' lang='lat'><strong>520</strong></span> <span class='ocrx_word' id='word_1_605' title='bbox 905 4477 1068 4531; x_wconf 91' lang='lat' dir='ltr'><strong>modo</strong></span> <span class='ocrx_word' id='word_1_606' title='bbox 1114 4492 1173 4532; x_wconf 90' lang='lat' dir='ltr'><strong>se</strong></span> <span class='ocrx_word' id='word_1_607' title='bbox 1202 4476 1403 4530; x_wconf 88' lang='lat' dir='ltr'><strong>habent</strong></span> <span class='ocrx_word' id='word_1_608' title='bbox 1434 4475 1641 4543; x_wconf 89' lang='lat' dir='ltr'><strong>reliqua</strong></span> <span class='ocrx_word' id='word_1_609' title='bbox 1670 4471 1854 4528; x_wconf 89' lang='lat' dir='ltr'><strong>omnia</strong></span> <span class='ocrx_word' id='word_1_610' title='bbox 1874 4512 1889 4535; x_wconf 94' lang='lat'><strong>,</strong></span> <span class='ocrx_word' id='word_1_611' title='bbox 1916 4471 2145 4534; x_wconf 89' lang='lat' dir='ltr'><strong>scilicet,</strong></span> 
     </span>
    </p>
   </div>
   <div class='ocr_carea' id='block_1_78' title="bbox 572 4563 2146 4640">
    <p class='ocr_par' dir='ltr' id='par_1_78' title="bbox 572 4563 2146 4640">
     <span class='ocr_line' id='line_1_82' title="bbox 572 4563 2146 4640; baseline -0.006 -12"><span class='ocrx_word' id='word_1_612' title='bbox 572 4571 856 4632; x_wconf 90' lang='lat' dir='ltr'><strong>nobilitas,</strong></span> <span class='ocrx_word' id='word_1_613' title='bbox 880 4569 1216 4640; x_wconf 85' lang='lat' dir='ltr'><strong>ignobilitas,</strong></span> <span class='ocrx_word' id='word_1_614' title='bbox 1247 4568 1479 4638; x_wconf 88' lang='lat' dir='ltr'><strong>pulchra</strong></span> <span class='ocrx_word' id='word_1_615' title='bbox 1524 4567 1696 4621; x_wconf 85' lang='lat' dir='ltr'><strong>forma</strong></span> <span class='ocrx_word' id='word_1_616' title='bbox 1722 4580 1785 4620; x_wconf 88' lang='lat' dir='ltr'><strong>ac</strong></span> <span class='ocrx_word' id='word_1_617' title='bbox 1803 4563 2146 4625; x_wconf 80' lang='lat' dir='ltr'><strong>deformitas,</strong></span> 
     </span>
    </p>
   </div>
   <div class='ocr_carea' id='block_1_79' title="bbox 574 4657 2151 4730">
    <p class='ocr_par' dir='ltr' id='par_1_79' title="bbox 574 4657 2151 4730">
     <span class='ocr_line' id='line_1_83' title="bbox 574 4657 2151 4730; baseline -0.006 -9"><span class='ocrx_word' id='word_1_618' title='bbox 574 4664 826 4721; x_wconf 83' lang='lat' dir='ltr'><strong>celeritas</strong></span> <span class='ocrx_word' id='word_1_619' title='bbox 842 4670 896 4717; x_wconf 88' lang='lat' dir='ltr'><strong>et</strong></span> <span class='ocrx_word' id='word_1_620' title='bbox 912 4662 1164 4725; x_wconf 83' lang='lat' dir='ltr'><strong>tarditas,</strong></span> <span class='ocrx_word' id='word_1_621' title='bbox 1182 4677 1273 4717; x_wconf 88' lang='lat' dir='ltr'><strong>ars</strong></span> <span class='ocrx_word' id='word_1_622' title='bbox 1288 4669 1341 4717; x_wconf 89' lang='lat' dir='ltr'><strong>et</strong></span> <span class='ocrx_word' id='word_1_623' title='bbox 1375 4662 1507 4716; x_wconf 88' lang='lat' dir='ltr'><strong>artis</strong></span> <span class='ocrx_word' id='word_1_624' title='bbox 1537 4660 1830 4730; x_wconf 89' lang='lat' dir='ltr'><strong>imperitia,</strong></span> <span class='ocrx_word' id='word_1_625' title='bbox 1852 4657 2151 4713; x_wconf 84' lang='lat' dir='ltr'><strong>dexteritas</strong></span> 
     </span>
    </p>
   </div>
   <div class='ocr_carea' id='block_1_80' title="bbox 574 4747 2155 4814">
    <p class='ocr_par' dir='ltr' id='par_1_80' title="bbox 574 4747 2155 4814">
     <span class='ocr_line' id='line_1_84' title="bbox 574 4747 2155 4814; baseline -0.008 0"><span class='ocrx_word' id='word_1_626' title='bbox 574 4757 633 4814; x_wconf 84' lang='lat' dir='ltr'><strong>in</strong></span> <span class='ocrx_word' id='word_1_627' title='bbox 680 4754 1046 4810; x_wconf 88' lang='lat' dir='ltr'><strong>ministrando</strong></span> <span class='ocrx_word' id='word_1_628' title='bbox 1078 4760 1134 4809; x_wconf 86' lang='lat' dir='ltr'><strong>et</strong></span> <span class='ocrx_word' id='word_1_629' title='bbox 1192 4752 1528 4807; x_wconf 88' lang='lat' dir='ltr'><strong>inhabilitas.</strong></span> <span class='ocrx_word' id='word_1_630' title='bbox 1564 4750 1690 4806; x_wconf 70' lang='lat' dir='ltr'><strong>Haec</strong></span> <span class='ocrx_word' id='word_1_631' title='bbox 1721 4749 1925 4811; x_wconf 86' lang='lat' dir='ltr'><strong>omnia,</strong></span> <span class='ocrx_word' id='word_1_632' title='bbox 1962 4756 2022 4803; x_wconf 89' lang='lat' dir='ltr'><strong>ut</strong></span> <span class='ocrx_word' id='word_1_633' title='bbox 2072 4747 2155 4802; x_wconf 86' lang='lat' dir='ltr'><strong>di-</strong></span> 
     </span>
    </p>
   </div>
   <div class='ocr_carea' id='block_1_81' title="bbox 575 4845 2156 4915">
    <p class='ocr_par' dir='ltr' id='par_1_81' title="bbox 575 4845 2156 4915">
     <span class='ocr_line' id='line_1_85' title="bbox 575 4845 2156 4915; baseline -0.006 -9"><span class='ocrx_word' id='word_1_634' title='bbox 575 4860 724 4906; x_wconf 89' lang='lat' dir='ltr'><strong>ctum</strong></span> <span class='ocrx_word' id='word_1_635' title='bbox 755 4854 860 4913; x_wconf 88' lang='lat' dir='ltr'><strong>est,</strong></span> <span class='ocrx_word' id='word_1_636' title='bbox 894 4848 949 4902; x_wconf 92' lang='lat' dir='ltr'><strong>in</strong></span> <span class='ocrx_word' id='word_1_637' title='bbox 983 4846 1164 4902; x_wconf 88' lang='lat' dir='ltr'><strong>medio</strong></span> <span class='ocrx_word' id='word_1_638' title='bbox 1188 4847 1527 4913; x_wconf 89' lang='lat' dir='ltr'><strong>consistunt;</strong></span> <span class='ocrx_word' id='word_1_639' title='bbox 1560 4852 1619 4899; x_wconf 89' lang='lat' dir='ltr'><strong>ut</strong></span> <span class='ocrx_word' id='word_1_640' title='bbox 1639 4845 1734 4915; x_wconf 90' lang='lat' dir='ltr'><strong>qui</strong></span> <span class='ocrx_word' id='word_1_641' title='bbox 1756 4845 1826 4899; x_wconf 90' lang='lat' dir='ltr'><strong>iis</strong></span> <span class='ocrx_word' id='word_1_642' title='bbox 1860 4853 2007 4899; x_wconf 89' lang='lat' dir='ltr'><strong>recte</strong></span> <span class='ocrx_word' id='word_1_643' title='bbox 2032 4849 2156 4897; x_wconf 87' lang='lat' dir='ltr'><strong>uta-</strong></span> 
     </span>
    </p>
   </div>
   <div class='ocr_carea' id='block_1_82' title="bbox 573 4933 2152 5005">
    <p class='ocr_par' dir='ltr' id='par_1_82' title="bbox 573 4933 2152 5005">
     <span class='ocr_line' id='line_1_86' title="bbox 573 4933 2152 5005; baseline -0.004 -9"><span class='ocrx_word' id='word_1_644' title='bbox 573 4948 689 5005; x_wconf 88' lang='lat' dir='ltr'><strong>tur,</strong></span> <span class='ocrx_word' id='word_1_645' title='bbox 702 4937 839 4993; x_wconf 84' lang='lat' dir='ltr'><strong>nihil</strong></span> <span class='ocrx_word' id='word_1_646' title='bbox 858 4936 1085 4991; x_wconf 67' lang='lat' dir='ltr'><strong>latdatur</strong></span> <span class='ocrx_word' id='word_1_647' title='bbox 1102 4935 1336 5004; x_wconf 21' lang='lat' dir='ltr'><strong>ablipsis,</strong></span> <span class='ocrx_word' id='word_1_648' title='bbox 1351 4935 1809 5005; x_wconf 89' lang='lat' dir='ltr'><strong>quemadmodum</strong></span> <span class='ocrx_word' id='word_1_649' title='bbox 1826 4935 2018 4989; x_wconf 84' lang='lat' dir='ltr'><strong>beatus</strong></span> <span class='ocrx_word' id='word_1_650' title='bbox 2028 4933 2152 4989; x_wconf 81' lang='lat' dir='ltr'><strong>Job.</strong></span> 
     </span>
    </p>
   </div>
   <div class='ocr_carea' id='block_1_83' title="bbox 578 5026 2158 5101">
    <p class='ocr_par' dir='ltr' id='par_1_83' title="bbox 578 5026 2158 5101">
     <span class='ocr_line' id='line_1_87' title="bbox 578 5026 2158 5101; baseline -0.005 -14"><span class='ocrx_word' id='word_1_651' title='bbox 578 5033 826 5101; x_wconf 88' lang='lat' dir='ltr'><strong>Utroque</strong></span> <span class='ocrx_word' id='word_1_652' title='bbox 851 5029 997 5084; x_wconf 91' lang='lat' dir='ltr'><strong>enim</strong></span> <span class='ocrx_word' id='word_1_653' title='bbox 1027 5026 1189 5082; x_wconf 93' lang='lat' dir='ltr'><strong>modo</strong></span> <span class='ocrx_word' id='word_1_654' title='bbox 1210 5027 1567 5091; x_wconf 77' lang='lat' dir='ltr'><strong>exercitatus,</strong></span> <span class='ocrx_word' id='word_1_655' title='bbox 1586 5026 1882 5096; x_wconf 82' lang='lat' dir='ltr'><strong>praeclarus</strong></span> <span class='ocrx_word' id='word_1_656' title='bbox 1903 5039 2158 5094; x_wconf 84' lang='lat' dir='ltr'><strong>compro—</strong></span> 
     </span>
    </p>
   </div>
   <div class='ocr_carea' id='block_1_84' title="bbox 575 5115 2158 5190">
    <p class='ocr_par' dir='ltr' id='par_1_84' title="bbox 575 5115 2158 5190">
     <span class='ocr_line' id='line_1_88' title="bbox 575 5115 2158 5190; baseline -0.006 -11"><span class='ocrx_word' id='word_1_657' title='bbox 575 5121 742 5179; x_wconf 84' lang='lat' dir='ltr'><strong>batus</strong></span> <span class='ocrx_word' id='word_1_658' title='bbox 770 5128 856 5176; x_wconf 85' lang='lat' dir='ltr'><strong>est</strong></span> <span class='ocrx_word' id='word_1_659' title='bbox 881 5127 1045 5190; x_wconf 87' lang='lat' dir='ltr'><strong>atque</strong></span> <span class='ocrx_word' id='word_1_660' title='bbox 1078 5117 1541 5189; x_wconf 81' lang='lat' dir='ltr'><strong>inexpugnabilis,</strong></span> <span class='ocrx_word' id='word_1_661' title='bbox 1573 5131 1638 5171; x_wconf 90' lang='lat' dir='ltr'><strong>ac</strong></span> <span class='ocrx_word' id='word_1_662' title='bbox 1666 5116 1723 5171; x_wconf 89' lang='lat' dir='ltr'><strong>in</strong></span> <span class='ocrx_word' id='word_1_663' title='bbox 1757 5117 2013 5171; x_wconf 89' lang='lat' dir='ltr'><strong>omnibus</strong></span> <span class='ocrx_word' id='word_1_664' title='bbox 2048 5115 2158 5171; x_wconf 89' lang='lat' dir='ltr'><strong>Deo</strong></span> 
     </span>
    </p>
   </div>
   <div class='ocr_carea' id='block_1_85' title="bbox 580 5211 2161 5284">
    <p class='ocr_par' dir='ltr' id='par_1_85' title="bbox 580 5211 2161 5284">
     <span class='ocr_line' id='line_1_89' title="bbox 580 5211 2161 5284; baseline -0.003 -15"><span class='ocrx_word' id='word_1_665' title='bbox 580 5215 806 5284; x_wconf 89' lang='lat' dir='ltr'><strong>placuit.</strong></span> <span class='ocrx_word' id='word_1_666' title='bbox 829 5212 950 5269; x_wconf 88' lang='lat' dir='ltr'><strong>Non</strong></span> <span class='ocrx_word' id='word_1_667' title='bbox 980 5212 1137 5269; x_wconf 86' lang='lat' dir='ltr'><strong>decet</strong></span> <span class='ocrx_word' id='word_1_668' title='bbox 1165 5213 1352 5282; x_wconf 86' lang='lat' dir='ltr'><strong>itaque</strong></span> <span class='ocrx_word' id='word_1_669' title='bbox 1382 5212 1546 5267; x_wconf 92' lang='lat' dir='ltr'><strong>rebus</strong></span> <span class='ocrx_word' id='word_1_670' title='bbox 1569 5211 1704 5282; x_wconf 86' lang='lat' dir='ltr'><strong>ipsis</strong></span> <span class='ocrx_word' id='word_1_671' title='bbox 1737 5212 1952 5282; x_wconf 90' lang='lat' dir='ltr'><strong>culpam</strong></span> <span class='ocrx_word' id='word_1_672' title='bbox 1988 5213 2161 5266; x_wconf 86' lang='lat' dir='ltr'><strong>ascri-</strong></span> 
     </span>
    </p>
   </div>
   <div class='ocr_carea' id='block_1_86' title="bbox 580 5302 2164 5374">
    <p class='ocr_par' dir='ltr' id='par_1_86' title="bbox 580 5302 2164 5374">
     <span class='ocr_line' id='line_1_90' title="bbox 580 5302 2164 5374; baseline -0.002 -13"><span class='ocrx_word' id='word_1_673' title='bbox 580 5306 714 5363; x_wconf 90' lang='lat' dir='ltr'><strong>bere</strong></span> <span class='ocrx_word' id='word_1_674' title='bbox 744 5321 757 5357; x_wconf 90' lang='lat'><strong>:</strong></span> <span class='ocrx_word' id='word_1_675' title='bbox 794 5305 930 5360; x_wconf 89' lang='lat' dir='ltr'><strong>nihil</strong></span> <span class='ocrx_word' id='word_1_676' title='bbox 954 5305 1099 5360; x_wconf 91' lang='lat' dir='ltr'><strong>enim</strong></span> <span class='ocrx_word' id='word_1_677' title='bbox 1129 5319 1320 5360; x_wconf 91' lang='lat' dir='ltr'><strong>eorum</strong></span> <span class='ocrx_word' id='word_1_678' title='bbox 1358 5319 1479 5374; x_wconf 81' lang='lat' dir='ltr'><strong>quae</strong></span> <span class='ocrx_word' id='word_1_679' title='bbox 1502 5318 1534 5357; x_wconf 88' lang='lat' dir='ltr'><strong>a</strong></span> <span class='ocrx_word' id='word_1_680' title='bbox 1576 5302 1687 5358; x_wconf 90' lang='lat' dir='ltr'><strong>Deo</strong></span> <span class='ocrx_word' id='word_1_681' title='bbox 1710 5304 1835 5359; x_wconf 89' lang='lat' dir='ltr'><strong>data</strong></span> <span class='ocrx_word' id='word_1_682' title='bbox 1865 5310 2014 5368; x_wconf 88' lang='lat' dir='ltr'><strong>sunt,</strong></span> <span class='ocrx_word' id='word_1_683' title='bbox 2047 5319 2164 5358; x_wconf 89' lang='lat' dir='ltr'><strong>ma-</strong></span> 
     </span>
    </p>
   </div>
   <div class='ocr_carea' id='block_1_87' title="bbox 585 5397 2164 5477">
    <p class='ocr_par' dir='ltr' id='par_1_87' title="bbox 585 5397 2164 5477">
     <span class='ocr_line' id='line_1_91' title="bbox 585 5397 2164 5477; baseline -0.001 -23"><span class='ocrx_word' id='word_1_684' title='bbox 585 5397 733 5465; x_wconf 90' lang='lat' dir='ltr'><strong>lum;</strong></span> <span class='ocrx_word' id='word_1_685' title='bbox 767 5398 863 5453; x_wconf 89' lang='lat' dir='ltr'><strong>sed</strong></span> <span class='ocrx_word' id='word_1_686' title='bbox 891 5398 945 5452; x_wconf 92' lang='lat' dir='ltr'><strong>id</strong></span> <span class='ocrx_word' id='word_1_687' title='bbox 981 5398 1184 5453; x_wconf 82' lang='lat' dir='ltr'><strong>habent</strong></span> <span class='ocrx_word' id='word_1_688' title='bbox 1211 5413 1278 5453; x_wconf 76' lang='lat' dir='ltr'><strong>ex</strong></span> <span class='ocrx_word' id='word_1_689' title='bbox 1311 5397 1534 5477; x_wconf 85' lang='lat' dir='ltr'><strong>seducta</strong></span> <span class='ocrx_word' id='word_1_690' title='bbox 1566 5404 1755 5453; x_wconf 86' lang='lat' dir='ltr'><strong>nostra</strong></span> <span class='ocrx_word' id='word_1_691' title='bbox 1793 5404 1957 5467; x_wconf 88' lang='lat' dir='ltr'><strong>atque</strong></span> <span class='ocrx_word' id='word_1_692' title='bbox 2000 5412 2164 5468; x_wconf 81' lang='lat' dir='ltr'><strong>spon-</strong></span> 
     </span>
    </p>
   </div>
   <div class='ocr_carea' id='block_1_88' title="bbox 584 5488 2162 5558">
    <p class='ocr_par' dir='ltr' id='par_1_88' title="bbox 584 5488 2162 5558">
     <span class='ocr_line' id='line_1_92' title="bbox 584 5488 2162 5558; baseline -0.001 -13"><span class='ocrx_word' id='word_1_693' title='bbox 584 5496 748 5546; x_wconf 86' lang='lat' dir='ltr'><strong>tanea</strong></span> <span class='ocrx_word' id='word_1_694' title='bbox 798 5504 957 5544; x_wconf 78' lang='lat' dir='ltr'><strong>serva</strong></span> <span class='ocrx_word' id='word_1_695' title='bbox 989 5489 1294 5554; x_wconf 87' lang='lat' dir='ltr'><strong>voluntate,</strong></span> <span class='ocrx_word' id='word_1_696' title='bbox 1339 5497 1505 5558; x_wconf 88' lang='lat' dir='ltr'><strong>atque</strong></span> <span class='ocrx_word' id='word_1_697' title='bbox 1544 5504 1611 5543; x_wconf 82' lang='lat' dir='ltr'><strong>ex</strong></span> <span class='ocrx_word' id='word_1_698' title='bbox 1658 5489 1854 5542; x_wconf 61' lang='lat' dir='ltr'><strong>animae</strong></span> <span class='ocrx_word' id='word_1_699' title='bbox 1896 5488 2042 5543; x_wconf 87' lang='lat' dir='ltr'><strong>circa</strong></span> <span class='ocrx_word' id='word_1_700' title='bbox 2070 5503 2162 5543; x_wconf 90' lang='lat' dir='ltr'><strong>eas</strong></span> 
     </span>
    </p>
   </div>
   <div class='ocr_carea' id='block_1_89' title="bbox 586 5578 2165 5650">
    <p class='ocr_par' dir='ltr' id='par_1_89' title="bbox 586 5578 2165 5650">
     <span class='ocr_line' id='line_1_93' title="bbox 586 5578 2165 5650; baseline -0.002 -14"><span class='ocrx_word' id='word_1_701' title='bbox 586 5592 680 5636; x_wconf 85' lang='lat' dir='ltr'><strong>res</strong></span> <span class='ocrx_word' id='word_1_702' title='bbox 717 5578 925 5650; x_wconf 89' lang='lat' dir='ltr'><strong>judicio</strong></span> <span class='ocrx_word' id='word_1_703' title='bbox 954 5579 1021 5634; x_wconf 90' lang='lat' dir='ltr'><strong>ad</strong></span> <span class='ocrx_word' id='word_1_704' title='bbox 1045 5579 1327 5635; x_wconf 86' lang='lat' dir='ltr'><strong>libidinem</strong></span> <span class='ocrx_word' id='word_1_705' title='bbox 1363 5594 1516 5635; x_wconf 87' lang='lat' dir='ltr'><strong>suam</strong></span> <span class='ocrx_word' id='word_1_706' title='bbox 1540 5578 1652 5633; x_wconf 88' lang='lat' dir='ltr'><strong>lato</strong></span> <span class='ocrx_word' id='word_1_707' title='bbox 1686 5597 1698 5632; x_wconf 92' lang='lat'><strong>:</strong></span> <span class='ocrx_word' id='word_1_708' title='bbox 1732 5578 1900 5634; x_wconf 89' lang='lat' dir='ltr'><strong>libere</strong></span> <span class='ocrx_word' id='word_1_709' title='bbox 1931 5593 2165 5649; x_wconf 87' lang='lat' dir='ltr'><strong>namque</strong></span> 
     </span>
    </p>
   </div>
   <div class='ocr_carea' id='block_1_90' title="bbox 589 5671 2165 5742">
    <p class='ocr_par' dir='ltr' id='par_1_90' title="bbox 589 5671 2165 5742">
     <span class='ocr_line' id='line_1_94' title="bbox 589 5671 2165 5742; baseline 0 -16"><span class='ocrx_word' id='word_1_710' title='bbox 589 5671 685 5735; x_wconf 73' lang='lat' dir='ltr'><strong>illa</strong></span> <span class='ocrx_word' id='word_1_711' title='bbox 737 5672 794 5725; x_wconf 92' lang='lat' dir='ltr'><strong>in</strong></span> <span class='ocrx_word' id='word_1_712' title='bbox 838 5672 1100 5726; x_wconf 87' lang='lat' dir='ltr'><strong>harumce</strong></span> <span class='ocrx_word' id='word_1_713' title='bbox 1127 5687 1310 5726; x_wconf 88' lang='lat' dir='ltr'><strong>rerum</strong></span> <span class='ocrx_word' id='word_1_714' title='bbox 1338 5688 1443 5728; x_wconf 92' lang='lat' dir='ltr'><strong>usu</strong></span> <span class='ocrx_word' id='word_1_715' title='bbox 1477 5671 1679 5726; x_wconf 88' lang='lat' dir='ltr'><strong>labitur</strong></span> <span class='ocrx_word' id='word_1_716' title='bbox 1704 5686 1770 5725; x_wconf 82' lang='lat' dir='ltr'><strong>ex</strong></span> <span class='ocrx_word' id='word_1_717' title='bbox 1794 5673 2016 5742; x_wconf 84' lang='lat' dir='ltr'><strong>prepria</strong></span> <span class='ocrx_word' id='word_1_718' title='bbox 2040 5672 2165 5728; x_wconf 92' lang='lat' dir='ltr'><strong>libi-</strong></span> 
     </span>
    </p>
   </div>
   <div class='ocr_carea' id='block_1_91' title="bbox 592 5762 2151 5837">
    <p class='ocr_par' dir='ltr' id='par_1_91' title="bbox 592 5762 2151 5837">
     <span class='ocr_line' id='line_1_95' title="bbox 592 5762 2151 5837; baseline 0.001 -19"><span class='ocrx_word' id='word_1_719' title='bbox 592 5762 744 5828; x_wconf 77' lang='lat' dir='ltr'><strong>dine,</strong></span> <span class='ocrx_word' id='word_1_720' title='bbox 776 5762 907 5817; x_wconf 89' lang='lat' dir='ltr'><strong>dum</strong></span> <span class='ocrx_word' id='word_1_721' title='bbox 929 5762 1024 5817; x_wconf 89' lang='lat' dir='ltr'><strong>Dei</strong></span> <span class='ocrx_word' id='word_1_722' title='bbox 1045 5762 1376 5818; x_wconf 80' lang='lat' dir='ltr'><strong>voluntatem</strong></span> <span class='ocrx_word' id='word_1_723' title='bbox 1399 5763 1628 5831; x_wconf 87' lang='lat' dir='ltr'><strong>ejusque</strong></span> <span class='ocrx_word' id='word_1_724' title='bbox 1657 5779 1882 5833; x_wconf 80' lang='lat' dir='ltr'><strong>regnum</strong></span> <span class='ocrx_word' id='word_1_725' title='bbox 1905 5766 2151 5837; x_wconf 86' lang='lat' dir='ltr'><strong>despicit.</strong></span> 
     </span>
    </p>
   </div>
   <div class='ocr_carea' id='block_1_92' title="bbox 674 5854 1841 5927">
    <p class='ocr_par' dir='ltr' id='par_1_92' title="bbox 674 5854 1841 5927">
     <span class='ocr_line' id='line_1_96' title="bbox 674 5854 1841 5927; baseline 0.005 -19"><span class='ocrx_word' id='word_1_726' title='bbox 674 5855 748 5927; x_wconf 81' lang='grc' dir='ltr'><strong>(α)</strong></span> <span class='ocrx_word' id='word_1_727' title='bbox 776 5854 915 5924; x_wconf 80' lang='lat' dir='ltr'><strong>Lege</strong></span> <span class='ocrx_word' id='word_1_728' title='bbox 937 5868 1367 5927; x_wconf 58' lang='grc' dir='ltr'>καταφρονουσα.</span> <span class='ocrx_word' id='word_1_729' title='bbox 1402 5857 1558 5914; x_wconf 76' lang='lat' dir='ltr'><strong>Enn.</strong></span> <span class='ocrx_word' id='word_1_730' title='bbox 1597 5856 1841 5914; x_wconf 67' lang='grc' dir='ltr'>Ριιτῐιοι..</span> 
     </span>
    </p>
   </div>
   <div class='ocr_carea' id='block_1_93' title="bbox 2234 3164 3809 3252">
    <p class='ocr_par' dir='ltr' id='par_1_93' title="bbox 2234 3164 3809 3252">
     <span class='ocr_line' id='line_1_97' title="bbox 2234 3164 3809 3252; baseline -0.017 -12"><span class='ocrx_word' id='word_1_731' title='bbox 2234 3164 2329 3240; x_wconf 85' lang='lat' dir='ltr'><strong>ml.</strong></span> <span class='ocrx_word' id='word_1_732' title='bbox 2361 3182 2564 3252; x_wconf 86' lang='grc' dir='ltr'>ὑγίεια,</span> <span class='ocrx_word' id='word_1_733' title='bbox 2596 3180 2724 3234; x_wconf 81' lang='grc' dir='ltr'>ὅταν</span> <span class='ocrx_word' id='word_1_734' title='bbox 2749 3179 2828 3238; x_wconf 88' lang='grc' dir='ltr'><strong>είς</strong></span> <span class='ocrx_word' id='word_1_735' title='bbox 2860 3172 3221 3246; x_wconf 81' lang='grc' dir='ltr'>εὐαρέστησιν</span> <span class='ocrx_word' id='word_1_736' title='bbox 3246 3166 3343 3221; x_wconf 80' lang='grc' dir='ltr'><strong>τοῦ</strong></span> <span class='ocrx_word' id='word_1_737' title='bbox 3365 3166 3513 3220; x_wconf 79' lang='grc' dir='ltr'>Θεοῦ</span> <span class='ocrx_word' id='word_1_738' title='bbox 3542 3164 3643 3219; x_wconf 73' lang='grc' dir='ltr'>καὶ</span> <span class='ocrx_word' id='word_1_739' title='bbox 3674 3164 3809 3234; x_wconf 61' lang='grc' dir='ltr'>ἔργα·</span> 
     </span>
    </p>
   </div>
   <div class='ocr_carea' id='block_1_94' title="bbox 2237 3255 3811 3338">
    <p class='ocr_par' dir='ltr' id='par_1_94' title="bbox 2237 3255 3811 3338">
     <span class='ocr_line' id='line_1_98' title="bbox 2237 3255 3811 3338; baseline -0.017 -4"><span class='ocrx_word' id='word_1_740' title='bbox 2237 3280 2358 3334; x_wconf 90' lang='grc' dir='ltr'>σίαν</span> <span class='ocrx_word' id='word_1_741' title='bbox 2380 3276 2488 3332; x_wconf 86' lang='grc' dir='ltr'>τῶν</span> <span class='ocrx_word' id='word_1_742' title='bbox 2510 3271 2674 3328; x_wconf 81' lang='grc' dir='ltr'>αὐτοῦ</span> <span class='ocrx_word' id='word_1_743' title='bbox 2702 3268 2928 3324; x_wconf 83' lang='grc' dir='ltr'>ἐντολῶν</span> <span class='ocrx_word' id='word_1_744' title='bbox 2948 3262 3211 3338; x_wconf 85' lang='grc' dir='ltr'>χρώμεθα</span> <span class='ocrx_word' id='word_1_745' title='bbox 3228 3276 3241 3290; x_wconf 90' lang='grc'><strong>·</strong></span> <span class='ocrx_word' id='word_1_746' title='bbox 3271 3260 3427 3332; x_wconf 80' lang='grc' dir='ltr'>κακὴ</span> <span class='ocrx_word' id='word_1_747' title='bbox 3449 3258 3535 3322; x_wconf 77' lang='grc' dir='ltr'>δὲ,</span> <span class='ocrx_word' id='word_1_748' title='bbox 3552 3260 3685 3312; x_wconf 83' lang='grc' dir='ltr'>ὃταν</span> <span class='ocrx_word' id='word_1_749' title='bbox 3704 3255 3811 3325; x_wconf 62' lang='grc' dir='ltr'>πρὶς</span> 
     </span>
    </p>
   </div>
   <div class='ocr_carea' id='block_1_95' title="bbox 2236 3348 3807 3427">
    <p class='ocr_par' dir='ltr' id='par_1_95' title="bbox 2236 3348 3807 3427">
     <span class='ocr_line' id='line_1_99' title="bbox 2236 3348 3807 3427; baseline -0.017 -2"><span class='ocrx_word' id='word_1_750' title='bbox 2236 3367 2533 3425; x_wconf 79' lang='grc' dir='ltr'>ἀκολασίαν</span> <span class='ocrx_word' id='word_1_751' title='bbox 2563 3364 2659 3420; x_wconf 89' lang='lat' dir='ltr'><strong>ml</strong></span> <span class='ocrx_word' id='word_1_752' title='bbox 2712 3360 2944 3415; x_wconf 82' lang='grc' dir='ltr'>ἀδικίαν.</span> <span class='ocrx_word' id='word_1_753' title='bbox 2992 3354 3224 3427; x_wconf 85' lang='grc' dir='ltr'>Ὁμοίως</span> <span class='ocrx_word' id='word_1_754' title='bbox 3268 3352 3367 3405; x_wconf 87' lang='lat' dir='ltr'><strong>ml</strong></span> <span class='ocrx_word' id='word_1_755' title='bbox 3415 3354 3453 3422; x_wconf 77' lang='grc' dir='ltr'><strong>ἡ</strong></span> <span class='ocrx_word' id='word_1_756' title='bbox 3496 3350 3682 3413; x_wconf 76' lang='grc' dir='ltr'>νόσος,</span> <span class='ocrx_word' id='word_1_757' title='bbox 3710 3348 3807 3400; x_wconf 63' lang='grc' dir='ltr'>ὅταν</span> 
     </span>
    </p>
   </div>
   <div class='ocr_carea' id='block_1_96' title="bbox 2237 3439 3806 3535">
    <p class='ocr_par' dir='ltr' id='par_1_96' title="bbox 2237 3439 3806 3535">
     <span class='ocr_line' id='line_1_100' title="bbox 2237 3439 3806 3535; baseline -0.017 -17"><span class='ocrx_word' id='word_1_758' title='bbox 2237 3456 2644 3535; x_wconf 81' lang='grc' dir='ltr'>εὐχαριστῶμεν</span> <span class='ocrx_word' id='word_1_759' title='bbox 2693 3454 2786 3508; x_wconf 88' lang='lat' dir='ltr'><strong>ml</strong></span> <span class='ocrx_word' id='word_1_760' title='bbox 2817 3449 3063 3524; x_wconf 85' lang='grc' dir='ltr'>συνεργῷ</span> <span class='ocrx_word' id='word_1_761' title='bbox 3106 3447 3281 3519; x_wconf 85' lang='grc' dir='ltr'>ταύτῃ</span> <span class='ocrx_word' id='word_1_762' title='bbox 3325 3441 3630 3535; x_wconf 79' lang='grc' dir='ltr'>χρώμεθα,</span> <span class='ocrx_word' id='word_1_763' title='bbox 3660 3439 3806 3507; x_wconf 74' lang='grc' dir='ltr'>καλή·</span> 
     </span>
    </p>
   </div>
   <div class='ocr_carea' id='block_1_97' title="bbox 2238 3528 3809 3623">
    <p class='ocr_par' dir='ltr' id='par_1_97' title="bbox 2238 3528 3809 3623">
     <span class='ocr_line' id='line_1_101' title="bbox 2238 3528 3809 3623; baseline -0.018 -16"><span class='ocrx_word' id='word_1_764' title='bbox 2410 3551 2486 3614; x_wconf 87' lang='grc' dir='ltr'><strong>δέ,</strong></span> <span class='ocrx_word' id='word_1_765' title='bbox 2519 3528 2647 3602; x_wconf 81' lang='grc' dir='ltr'>ὅταν</span> <span class='ocrx_word' id='word_1_766' title='bbox 2681 3543 2817 3617; x_wconf 78' lang='grc' dir='ltr'>πρὸς</span> <span class='ocrx_word' id='word_1_767' title='bbox 2839 3538 3181 3613; x_wconf 84' lang='grc' dir='ltr'>ἀχαριστίαν,</span> <span class='ocrx_word' id='word_1_768' title='bbox 3205 3536 3302 3589; x_wconf 89' lang='lat' dir='ltr'><strong>ml</strong></span> <span class='ocrx_word' id='word_1_769' title='bbox 3332 3532 3716 3605; x_wconf 71' lang='grc' dir='ltr'>βλασφημίαν,</span> <span class='ocrx_word' id='word_1_770' title='bbox 3740 3528 3809 3579; x_wconf 68' lang='grc' dir='ltr'><strong>καὶ</strong></span> 
     </span>
    </p>
   </div>
   <div class='ocr_carea' id='block_1_98' title="bbox 2238 3624 3807 3719">
    <p class='ocr_par' dir='ltr' id='par_1_98' title="bbox 2238 3624 3807 3719">
     <span class='ocr_line' id='line_1_102' title="bbox 2238 3624 3807 3719; baseline -0.017 -18"><span class='ocrx_word' id='word_1_771' title='bbox 2238 3645 2406 3719; x_wconf 81' lang='grc' dir='ltr'>ὀργὴν</span> <span class='ocrx_word' id='word_1_772' title='bbox 2439 3643 2588 3714; x_wconf 78' lang='grc' dir='ltr'>ἡμᾶς</span> <span class='ocrx_word' id='word_1_773' title='bbox 2616 3636 2934 3709; x_wconf 85' lang='grc' dir='ltr'>συνελαύνῃ.</span> <span class='ocrx_word' id='word_1_774' title='bbox 2957 3629 3114 3702; x_wconf 82' lang='grc' dir='ltr'>Καλὴ</span> <span class='ocrx_word' id='word_1_775' title='bbox 3146 3627 3242 3683; x_wconf 90' lang='lat' dir='ltr'><strong>ml</strong></span> <span class='ocrx_word' id='word_1_776' title='bbox 3269 3630 3305 3698; x_wconf 82' lang='grc' dir='ltr'><strong>ἡ</strong></span> <span class='ocrx_word' id='word_1_777' title='bbox 3339 3624 3690 3696; x_wconf 83' lang='grc' dir='ltr'>πολυμαθία,</span> <span class='ocrx_word' id='word_1_778' title='bbox 3712 3624 3807 3676; x_wconf 65' lang='grc' dir='ltr'>ὅταν</span> 
     </span>
    </p>
   </div>
   <div class='ocr_carea' id='block_1_99' title="bbox 2241 3716 3808 3812">
    <p class='ocr_par' dir='ltr' id='par_1_99' title="bbox 2241 3716 3808 3812">
     <span class='ocr_line' id='line_1_103' title="bbox 2241 3716 3808 3812; baseline -0.014 -18"><span class='ocrx_word' id='word_1_779' title='bbox 2241 3716 2379 3812; x_wconf 80' lang='grc' dir='ltr'>πρὸς</span> <span class='ocrx_word' id='word_1_780' title='bbox 2432 3732 2782 3790; x_wconf 83' lang='grc' dir='ltr'>διδασκαλίαν</span> <span class='ocrx_word' id='word_1_781' title='bbox 2838 3728 2934 3782; x_wconf 91' lang='lat' dir='ltr'><strong>ml</strong></span> <span class='ocrx_word' id='word_1_782' title='bbox 2980 3723 3233 3797; x_wconf 82' lang='grc' dir='ltr'>βοήθειαν</span> <span class='ocrx_word' id='word_1_783' title='bbox 3280 3721 3399 3783; x_wconf 87' lang='grc' dir='ltr'>τοῖς</span> <span class='ocrx_word' id='word_1_784' title='bbox 3456 3716 3808 3788; x_wconf 62' lang='grc' dir='ltr'>ἀδικουμένοις</span> 
     </span>
    </p>
   </div>
   <div class='ocr_carea' id='block_1_100' title="bbox 2240 3804 3810 3901">
    <p class='ocr_par' dir='ltr' id='par_1_100' title="bbox 2240 3804 3810 3901">
     <span class='ocr_line' id='line_1_104' title="bbox 2240 3804 3810 3901; baseline -0.017 -18"><span class='ocrx_word' id='word_1_785' title='bbox 2240 3804 2414 3901; x_wconf 75' lang='grc' dir='ltr'>ταύτῃ</span> <span class='ocrx_word' id='word_1_786' title='bbox 2441 3822 2729 3899; x_wconf 75' lang='grc' dir='ltr'>χρώμεθαο</span> <span class='ocrx_word' id='word_1_787' title='bbox 2761 3818 2905 3890; x_wconf 82' lang='grc' dir='ltr'>κακὴ</span> <span class='ocrx_word' id='word_1_788' title='bbox 2933 3818 3010 3882; x_wconf 82' lang='grc' dir='ltr'><strong>δὲ,</strong></span> <span class='ocrx_word' id='word_1_789' title='bbox 3046 3816 3175 3869; x_wconf 82' lang='grc' dir='ltr'>ὅταν</span> <span class='ocrx_word' id='word_1_790' title='bbox 3207 3811 3347 3885; x_wconf 80' lang='grc' dir='ltr'>πρὸς</span> <span class='ocrx_word' id='word_1_791' title='bbox 3376 3809 3716 3876; x_wconf 81' lang='grc' dir='ltr'>κενοδοξίαν,</span> <span class='ocrx_word' id='word_1_792' title='bbox 3739 3804 3810 3858; x_wconf 62' lang='grc' dir='ltr'><strong>καὶ</strong></span> 
     </span>
    </p>
   </div>
   <div class='ocr_carea' id='block_1_101' title="bbox 2245 3903 3814 3993">
    <p class='ocr_par' dir='ltr' id='par_1_101' title="bbox 2245 3903 3814 3993">
     <span class='ocr_line' id='line_1_105' title="bbox 2245 3903 3814 3993; baseline -0.017 -15"><span class='ocrx_word' id='word_1_793' title='bbox 2245 3920 2570 3993; x_wconf 84' lang='grc' dir='ltr'>συνηγορίαν</span> <span class='ocrx_word' id='word_1_794' title='bbox 2592 3918 2691 3988; x_wconf 83' lang='grc' dir='ltr'>τῆς</span> <span class='ocrx_word' id='word_1_795' title='bbox 2719 3914 2956 3977; x_wconf 86' lang='grc' dir='ltr'>ἀδικίας.</span> <span class='ocrx_word' id='word_1_796' title='bbox 2987 3908 3146 3979; x_wconf 82' lang='grc' dir='ltr'>Καλὴ</span> <span class='ocrx_word' id='word_1_797' title='bbox 3164 3906 3260 3961; x_wconf 91' lang='lat' dir='ltr'><strong>ml</strong></span> <span class='ocrx_word' id='word_1_798' title='bbox 3299 3903 3547 3975; x_wconf 83' lang='grc' dir='ltr'>ἀμαθία,</span> <span class='ocrx_word' id='word_1_799' title='bbox 3582 3904 3707 3957; x_wconf 78' lang='grc' dir='ltr'>ὅταν</span> <span class='ocrx_word' id='word_1_800' title='bbox 3732 3916 3814 3951; x_wconf 67' lang='grc' dir='ltr'><strong>κιο</strong></span> 
     </span>
    </p>
   </div>
   <div class='ocr_carea' id='block_1_102' title="bbox 2246 3991 3803 4086">
    <p class='ocr_par' dir='ltr' id='par_1_102' title="bbox 2246 3991 3803 4086">
     <span class='ocr_line' id='line_1_106' title="bbox 2246 3991 3803 4086; baseline -0.016 -19"><span class='ocrx_word' id='word_1_801' title='bbox 2246 3991 2559 4086; x_wconf 75' lang='grc' dir='ltr'>ρασκευάζῃ</span> <span class='ocrx_word' id='word_1_802' title='bbox 2591 3998 3163 4078; x_wconf 39' lang='grc' dir='ltr'>ἡμᾶς-ὑποτάσσεσθαι</span> <span class='ocrx_word' id='word_1_803' title='bbox 3199 3997 3314 4060; x_wconf 84' lang='grc' dir='ltr'>τοῖς</span> <span class='ocrx_word' id='word_1_804' title='bbox 3347 3993 3548 4057; x_wconf 76' lang='grc' dir='ltr'>εἰδόσι,</span> <span class='ocrx_word' id='word_1_805' title='bbox 3591 3991 3689 4047; x_wconf 81' lang='lat' dir='ltr'><strong>ml</strong></span> <span class='ocrx_word' id='word_1_806' title='bbox 3710 4005 3803 4057; x_wconf 65' lang='grc' dir='ltr'>τωρ</span> 
     </span>
    </p>
   </div>
   <div class='ocr_carea' id='block_1_103' title="bbox 2244 4082 3816 4170">
    <p class='ocr_par' dir='ltr' id='par_1_103' title="bbox 2244 4082 3816 4170">
     <span class='ocr_line' id='line_1_107' title="bbox 2244 4082 3816 4170; baseline -0.015 -14"><span class='ocrx_word' id='word_1_807' title='bbox 2244 4082 2426 4157; x_wconf 82' lang='grc' dir='ltr'>αὐτῶν</span> <span class='ocrx_word' id='word_1_808' title='bbox 2480 4095 2798 4170; x_wconf 77' lang='grc' dir='ltr'>πορίζεσθαι</span> <span class='ocrx_word' id='word_1_809' title='bbox 2856 4092 2956 4163; x_wconf 80' lang='grc' dir='ltr'>τὴν</span> <span class='ocrx_word' id='word_1_810' title='bbox 3009 4086 3318 4158; x_wconf 83' lang='grc' dir='ltr'>ὠφέλειαν·</span> <span class='ocrx_word' id='word_1_811' title='bbox 3370 4082 3526 4154; x_wconf 82' lang='grc' dir='ltr'>κακὴ</span> <span class='ocrx_word' id='word_1_812' title='bbox 3586 4082 3671 4145; x_wconf 83' lang='grc' dir='ltr'><strong>δέ,</strong></span> <span class='ocrx_word' id='word_1_813' title='bbox 3712 4082 3816 4133; x_wconf 57' lang='grc' dir='ltr'>ὅταν</span> 
     </span>
    </p>
   </div>
   <div class='ocr_carea' id='block_1_104' title="bbox 2246 4172 3819 4266">
    <p class='ocr_par' dir='ltr' id='par_1_104' title="bbox 2246 4172 3819 4266">
     <span class='ocr_line' id='line_1_108' title="bbox 2246 4172 3819 4266; baseline -0.016 -19"><span class='ocrx_word' id='word_1_814' title='bbox 2246 4193 2409 4266; x_wconf 80' lang='grc' dir='ltr'>πείθῃ</span> <span class='ocrx_word' id='word_1_815' title='bbox 2437 4191 2586 4262; x_wconf 81' lang='grc' dir='ltr'>ἡμᾶς</span> <span class='ocrx_word' id='word_1_816' title='bbox 2616 4190 2684 4259; x_wconf 84' lang='grc' dir='ltr'>τῇ</span> <span class='ocrx_word' id='word_1_817' title='bbox 2735 4184 2915 4255; x_wconf 79' lang='grc' dir='ltr'>οἰκείᾳ</span> <span class='ocrx_word' id='word_1_818' title='bbox 2953 4183 3183 4251; x_wconf 82' lang='grc' dir='ltr'>στοιχεῖν</span> <span class='ocrx_word' id='word_1_819' title='bbox 3216 4174 3456 4249; x_wconf 78' lang='grc' dir='ltr'>ἀμαθίᾳ,</span> <span class='ocrx_word' id='word_1_820' title='bbox 3493 4173 3596 4228; x_wconf 79' lang='grc' dir='ltr'>καὶ</span> <span class='ocrx_word' id='word_1_821' title='bbox 3629 4172 3702 4244; x_wconf 82' lang='grc' dir='ltr'>μὴ</span> <span class='ocrx_word' id='word_1_822' title='bbox 3725 4173 3819 4231; x_wconf 76' lang='grc' dir='ltr'>τοῖς</span> 
     </span>
    </p>
   </div>
   <div class='ocr_carea' id='block_1_105' title="bbox 2246 4265 3814 4359">
    <p class='ocr_par' dir='ltr' id='par_1_105' title="bbox 2246 4265 3814 4359">
     <span class='ocr_line' id='line_1_109' title="bbox 2246 4265 3814 4359; baseline -0.014 -19"><span class='ocrx_word' id='word_1_823' title='bbox 2246 4265 2550 4359; x_wconf 83' lang='grc' dir='ltr'>κρείττοσιν</span> <span class='ocrx_word' id='word_1_824' title='bbox 2592 4278 2839 4334; x_wconf 72' lang='grc' dir='ltr'>ἕπεσθαι.</span> <span class='ocrx_word' id='word_1_825' title='bbox 2886 4272 3158 4336; x_wconf 84' lang='grc' dir='ltr'>Ὡσαύτως</span> <span class='ocrx_word' id='word_1_826' title='bbox 3195 4268 3291 4324; x_wconf 91' lang='lat' dir='ltr'><strong>ml</strong></span> <span class='ocrx_word' id='word_1_827' title='bbox 3320 4267 3391 4320; x_wconf 81' lang='grc' dir='ltr'>τὰ</span> <span class='ocrx_word' id='word_1_828' title='bbox 3420 4265 3595 4319; x_wconf 84' lang='grc' dir='ltr'>λοιπά</span> <span class='ocrx_word' id='word_1_829' title='bbox 3639 4265 3814 4319; x_wconf 64' lang='grc' dir='ltr'>πάντες</span> 
     </span>
    </p>
   </div>
   <div class='ocr_carea' id='block_1_106' title="bbox 2249 4356 3814 4447">
    <p class='ocr_par' dir='ltr' id='par_1_106' title="bbox 2249 4356 3814 4447">
     <span class='ocr_line' id='line_1_110' title="bbox 2249 4356 3814 4447; baseline -0.017 -13"><span class='ocrx_word' id='word_1_830' title='bbox 2249 4356 2360 4434; x_wconf 76' lang='grc' dir='ltr'>οίον</span> <span class='ocrx_word' id='word_1_831' title='bbox 2399 4376 2646 4447; x_wconf 80' lang='grc' dir='ltr'>εὐγένεια</span> <span class='ocrx_word' id='word_1_832' title='bbox 2666 4373 2762 4428; x_wconf 88' lang='lat' dir='ltr'><strong>ml.</strong></span> <span class='ocrx_word' id='word_1_833' title='bbox 2792 4369 3096 4439; x_wconf 83' lang='grc' dir='ltr'>δυσγένεια,</span> <span class='ocrx_word' id='word_1_834' title='bbox 3120 4361 3394 4436; x_wconf 76' lang='grc' dir='ltr'>εὐμορφία</span> <span class='ocrx_word' id='word_1_835' title='bbox 3426 4359 3530 4413; x_wconf 78' lang='grc' dir='ltr'>καὶ</span> <span class='ocrx_word' id='word_1_836' title='bbox 3572 4356 3814 4430; x_wconf 69' lang='grc' dir='ltr'>ἀμορφία,</span> 
     </span>
    </p>
   </div>
   <div class='ocr_carea' id='block_1_107' title="bbox 2251 4453 3819 4542">
    <p class='ocr_par' dir='ltr' id='par_1_107' title="bbox 2251 4453 3819 4542">
     <span class='ocr_line' id='line_1_111' title="bbox 2251 4453 3819 4542; baseline -0.018 -14"><span class='ocrx_word' id='word_1_837' title='bbox 2251 4470 2587 4542; x_wconf 84' lang='grc' dir='ltr'>καλλιφωνία</span> <span class='ocrx_word' id='word_1_838' title='bbox 2613 4468 2708 4521; x_wconf 89' lang='lat' dir='ltr'><strong>ml</strong></span> <span class='ocrx_word' id='word_1_839' title='bbox 2735 4460 3070 4533; x_wconf 90' lang='grc' dir='ltr'>κακοφωνία,</span> <span class='ocrx_word' id='word_1_840' title='bbox 3106 4458 3259 4529; x_wconf 81' lang='grc' dir='ltr'>ἰσχὺς</span> <span class='ocrx_word' id='word_1_841' title='bbox 3285 4455 3381 4508; x_wconf 74' lang='grc' dir='ltr'><strong>καὶ</strong></span> <span class='ocrx_word' id='word_1_842' title='bbox 3416 4453 3713 4523; x_wconf 79' lang='grc' dir='ltr'>ἀδυναμία,</span> <span class='ocrx_word' id='word_1_843' title='bbox 3742 4467 3819 4502; x_wconf 69' lang='grc' dir='ltr'>τεο</span> 
     </span>
    </p>
   </div>
   <div class='ocr_carea' id='block_1_108' title="bbox 2250 4541 3818 4637">
    <p class='ocr_par' dir='ltr' id='par_1_108' title="bbox 2250 4541 3818 4637">
     <span class='ocr_line' id='line_1_112' title="bbox 2250 4541 3818 4637; baseline -0.013 -19"><span class='ocrx_word' id='word_1_844' title='bbox 2250 4564 2419 4637; x_wconf 84' lang='grc' dir='ltr'>χύτης</span> <span class='ocrx_word' id='word_1_845' title='bbox 2458 4562 2553 4615; x_wconf 86' lang='lat' dir='ltr'><strong>ml</strong></span> <span class='ocrx_word' id='word_1_846' title='bbox 2588 4555 2889 4631; x_wconf 85' lang='grc' dir='ltr'>βραδύτης,</span> <span class='ocrx_word' id='word_1_847' title='bbox 2930 4551 3095 4622; x_wconf 87' lang='grc' dir='ltr'>τέχνη</span> <span class='ocrx_word' id='word_1_848' title='bbox 3137 4548 3235 4602; x_wconf 70' lang='grc' dir='ltr'><strong>καὶ¹</strong></span> <span class='ocrx_word' id='word_1_849' title='bbox 3282 4545 3535 4615; x_wconf 80' lang='grc' dir='ltr'>ἀτεχνία,</span> <span class='ocrx_word' id='word_1_850' title='bbox 3577 4544 3674 4596; x_wconf 70' lang='grc' dir='ltr'>καὶ</span> <span class='ocrx_word' id='word_1_851' title='bbox 3706 4541 3818 4610; x_wconf 68' lang='grc' dir='ltr'>πρὸς</span> 
     </span>
    </p>
   </div>
   <div class='ocr_carea' id='block_1_109' title="bbox 2249 4630 3817 4720">
    <p class='ocr_par' dir='ltr' id='par_1_109' title="bbox 2249 4630 3817 4720">
     <span class='ocr_line' id='line_1_113' title="bbox 2249 4630 3817 4720; baseline -0.017 -9"><span class='ocrx_word' id='word_1_852' title='bbox 2249 4630 2526 4715; x_wconf 79' lang='grc' dir='ltr'>διακονίας</span> <span class='ocrx_word' id='word_1_853' title='bbox 2566 4646 2942 4720; x_wconf 80' lang='grc' dir='ltr'>ἐπιτηδειότης</span> <span class='ocrx_word' id='word_1_854' title='bbox 2990 4642 3088 4697; x_wconf 78' lang='lat' dir='ltr'><strong>ml.</strong></span> <span class='ocrx_word' id='word_1_855' title='bbox 3135 4636 3606 4708; x_wconf 82' lang='grc' dir='ltr'>ἀνεπιτηδειότης.</span> <span class='ocrx_word' id='word_1_856' title='bbox 3660 4630 3817 4687; x_wconf 63' lang='grc' dir='ltr'>Ταῦτα</span> 
     </span>
    </p>
   </div>
   <div class='ocr_carea' id='block_1_110' title="bbox 2252 4725 3817 4815">
    <p class='ocr_par' dir='ltr' id='par_1_110' title="bbox 2252 4725 3817 4815">
     <span class='ocr_line' id='line_1_114' title="bbox 2252 4725 3817 4815; baseline -0.019 -11"><span class='ocrx_word' id='word_1_857' title='bbox 2252 4749 2451 4810; x_wconf 83' lang='grc' dir='ltr'>πάντα,</span> <span class='ocrx_word' id='word_1_858' title='bbox 2487 4746 2563 4809; x_wconf 84' lang='grc' dir='ltr'><strong>ὡς</strong></span> <span class='ocrx_word' id='word_1_859' title='bbox 2608 4742 2844 4815; x_wconf 78' lang='grc' dir='ltr'>εἴρηται,</span> <span class='ocrx_word' id='word_1_860' title='bbox 2894 4736 3005 4792; x_wconf 83' lang='grc' dir='ltr'>τῶν</span> <span class='ocrx_word' id='word_1_861' title='bbox 3048 4735 3227 4808; x_wconf 84' lang='grc' dir='ltr'>μέσων</span> <span class='ocrx_word' id='word_1_862' title='bbox 3264 4729 3405 4784; x_wconf 86' lang='grc' dir='ltr'>είσί·</span> <span class='ocrx_word' id='word_1_863' title='bbox 3450 4730 3553 4783; x_wconf 75' lang='grc' dir='ltr'><strong>καὶ</strong></span> <span class='ocrx_word' id='word_1_864' title='bbox 3582 4729 3614 4781; x_wconf 83' lang='grc' dir='ltr'>ὁ</span> 
     </span>
    </p>
   </div>
   <div class='ocr_carea' id='block_1_111' title="bbox 2253 4816 3816 4908">
    <p class='ocr_par' dir='ltr' id='par_1_111' title="bbox 2253 4816 3816 4908">
     <span class='ocr_line' id='line_1_115' title="bbox 2253 4816 3816 4908; baseline -0.017 -13"><span class='ocrx_word' id='word_1_865' title='bbox 2253 4840 2463 4901; x_wconf 85' lang='grc' dir='ltr'>τούτοις</span> <span class='ocrx_word' id='word_1_866' title='bbox 2490 4834 2771 4908; x_wconf 83' lang='grc' dir='ltr'>χρώμενος</span> <span class='ocrx_word' id='word_1_867' title='bbox 2798 4830 2950 4884; x_wconf 84' lang='grc' dir='ltr'>οὐδὲν</span> <span class='ocrx_word' id='word_1_868' title='bbox 2975 4826 3129 4900; x_wconf 87' lang='grc' dir='ltr'><strong>παρά</strong></span> <span class='ocrx_word' id='word_1_869' title='bbox 3150 4823 3353 4879; x_wconf 86' lang='grc' dir='ltr'>τούτων</span> <span class='ocrx_word' id='word_1_870' title='bbox 3383 4820 3733 4893; x_wconf 74' lang='grc' dir='ltr'>βλαϐήσεται,</span> <span class='ocrx_word' id='word_1_871' title='bbox 3757 4816 3816 4877; x_wconf 60' lang='lat' dir='ltr'><strong>t&#39;s;</strong></span> 
     </span>
    </p>
   </div>
   <div class='ocr_carea' id='block_1_112' title="bbox 2254 4908 3817 5005">
    <p class='ocr_par' dir='ltr' id='par_1_112' title="bbox 2254 4908 3817 5005">
     <span class='ocr_line' id='line_1_116' title="bbox 2254 4908 3817 5005; baseline -0.018 -18"><span class='ocrx_word' id='word_1_872' title='bbox 2254 4934 2283 4986; x_wconf 87' lang='grc' dir='ltr'>ὁ</span> <span class='ocrx_word' id='word_1_873' title='bbox 2309 4931 2577 5005; x_wconf 79' lang='grc' dir='ltr'>μακάριος</span> <span class='ocrx_word' id='word_1_874' title='bbox 2621 4925 2760 4980; x_wconf 81' lang='grc' dir='ltr'><strong>Ἰώὸ.</strong></span> <span class='ocrx_word' id='word_1_875' title='bbox 2796 4924 2893 4986; x_wconf 84' lang='grc' dir='ltr'><strong>Εἰς</strong></span> <span class='ocrx_word' id='word_1_876' title='bbox 2925 4919 3210 4992; x_wconf 84' lang='grc' dir='ltr'>ἀμφότερα</span> <span class='ocrx_word' id='word_1_877' title='bbox 3240 4915 3347 4985; x_wconf 82' lang='grc' dir='ltr'>γὰρ</span> <span class='ocrx_word' id='word_1_878' title='bbox 3385 4911 3716 4980; x_wconf 66' lang='grc' dir='ltr'>ἐξετασθείς,</span> <span class='ocrx_word' id='word_1_879' title='bbox 3744 4908 3817 4960; x_wconf 57' lang='grc' dir='ltr'><strong>εᾷυ</strong></span> 
     </span>
    </p>
   </div>
   <div class='ocr_carea' id='block_1_113' title="bbox 2255 5002 3815 5094">
    <p class='ocr_par' dir='ltr' id='par_1_113' title="bbox 2255 5002 3815 5094">
     <span class='ocr_line' id='line_1_117' title="bbox 2255 5002 3815 5094; baseline -0.017 -16"><span class='ocrx_word' id='word_1_880' title='bbox 2255 5002 2475 5094; x_wconf 79' lang='grc' dir='ltr'>δόκιμος</span> <span class='ocrx_word' id='word_1_881' title='bbox 2511 5017 2752 5087; x_wconf 82' lang='grc' dir='ltr'>ἀνεφάνη</span> <span class='ocrx_word' id='word_1_882' title='bbox 2799 5014 2895 5069; x_wconf 88' lang='lat' dir='ltr'><strong>ml</strong></span> <span class='ocrx_word' id='word_1_883' title='bbox 2923 5008 3387 5078; x_wconf 85' lang='grc' dir='ltr'>ἀκαταγὼνιστος,</span> <span class='ocrx_word' id='word_1_884' title='bbox 3425 5004 3524 5058; x_wconf 77' lang='grc' dir='ltr'><strong>καὶ</strong></span> <span class='ocrx_word' id='word_1_885' title='bbox 3552 5004 3641 5057; x_wconf 69' lang='grc' dir='ltr'><strong>διὰ</strong></span> <span class='ocrx_word' id='word_1_886' title='bbox 3664 5002 3815 5055; x_wconf 67' lang='grc' dir='ltr'>πάντα</span> 
     </span>
    </p>
   </div>
   <div class='ocr_carea' id='block_1_114' title="bbox 2258 5093 3817 5188">
    <p class='ocr_par' dir='ltr' id='par_1_114' title="bbox 2258 5093 3817 5188">
     <span class='ocr_line' id='line_1_118' title="bbox 2258 5093 3817 5188; baseline -0.021 -13"><span class='ocrx_word' id='word_1_887' title='bbox 2258 5093 2591 5188; x_wconf 84' lang='grc' dir='ltr'>εὐηρέστησε</span> <span class='ocrx_word' id='word_1_888' title='bbox 2621 5109 2699 5181; x_wconf 84' lang='grc' dir='ltr'>τῷ</span> <span class='ocrx_word' id='word_1_889' title='bbox 2734 5106 2872 5178; x_wconf 82' lang='grc' dir='ltr'><strong>Θεῷ.</strong></span> <span class='ocrx_word' id='word_1_890' title='bbox 2924 5106 3088 5158; x_wconf 81' lang='grc' dir='ltr'>Ὥστε</span> <span class='ocrx_word' id='word_1_891' title='bbox 3117 5103 3178 5156; x_wconf 87' lang='grc' dir='ltr'><strong>οὐ</strong></span> <span class='ocrx_word' id='word_1_892' title='bbox 3208 5101 3289 5153; x_wconf 88' lang='grc' dir='ltr'><strong>δεῖ</strong></span> <span class='ocrx_word' id='word_1_893' title='bbox 3319 5097 3389 5153; x_wconf 77' lang='grc' dir='ltr'><strong>τὰ</strong></span> <span class='ocrx_word' id='word_1_894' title='bbox 3422 5096 3720 5169; x_wconf 74' lang='grc' dir='ltr'>πράγματα</span> <span class='ocrx_word' id='word_1_895' title='bbox 3750 5093 3817 5143; x_wconf 69' lang='lat' dir='ltr'><strong>ai-</strong></span> 
     </span>
    </p>
   </div>
   <div class='ocr_carea' id='block_1_115' title="bbox 2258 5184 3816 5272">
    <p class='ocr_par' dir='ltr' id='par_1_115' title="bbox 2258 5184 3816 5272">
     <span class='ocr_line' id='line_1_119' title="bbox 2258 5184 3816 5272; baseline -0.019 -9"><span class='ocrx_word' id='word_1_896' title='bbox 2258 5184 2475 5264; x_wconf 64' lang='grc' dir='ltr'>τιάσθαι</span> <span class='ocrx_word' id='word_1_897' title='bbox 2498 5184 2522 5239; x_wconf 13' lang='grc' dir='ltr'><strong>οῖ</strong></span> <span class='ocrx_word' id='word_1_898' title='bbox 2553 5204 2702 5258; x_wconf 87' lang='grc' dir='ltr'>οὐδὲν</span> <span class='ocrx_word' id='word_1_899' title='bbox 2728 5201 2840 5272; x_wconf 83' lang='grc' dir='ltr'>γὰρ</span> <span class='ocrx_word' id='word_1_900' title='bbox 2876 5198 2983 5253; x_wconf 84' lang='grc' dir='ltr'>τῶν</span> <span class='ocrx_word' id='word_1_901' title='bbox 3019 5194 3171 5267; x_wconf 79' lang='grc' dir='ltr'>παρὰ</span> <span class='ocrx_word' id='word_1_902' title='bbox 3193 5189 3330 5247; x_wconf 86' lang='grc' dir='ltr'><strong>Θεοῦ</strong></span> <span class='ocrx_word' id='word_1_903' title='bbox 3360 5189 3627 5244; x_wconf 77' lang='grc' dir='ltr'>δοθέντων</span> <span class='ocrx_word' id='word_1_904' title='bbox 3652 5184 3816 5243; x_wconf 50' lang='lat' dir='ltr'><strong>mea,</strong></span> 
     </span>
    </p>
   </div>
   <div class='ocr_carea' id='block_1_116' title="bbox 2259 5275 3816 5369">
    <p class='ocr_par' dir='ltr' id='par_1_116' title="bbox 2259 5275 3816 5369">
     <span class='ocr_line' id='line_1_120' title="bbox 2259 5275 3816 5369; baseline -0.018 -14"><span class='ocrx_word' id='word_1_905' title='bbox 2259 5299 2395 5355; x_wconf 84' lang='grc' dir='ltr'>ἀλλὰ</span> <span class='ocrx_word' id='word_1_906' title='bbox 2440 5295 2592 5369; x_wconf 85' lang='grc' dir='ltr'>παρὰ</span> <span class='ocrx_word' id='word_1_907' title='bbox 2622 5293 2721 5365; x_wconf 87' lang='grc' dir='ltr'><strong>τὴν</strong></span> <span class='ocrx_word' id='word_1_908' title='bbox 2766 5288 3114 5362; x_wconf 86' lang='grc' dir='ltr'>ἐσφαλμένην</span> <span class='ocrx_word' id='word_1_909' title='bbox 3157 5283 3315 5356; x_wconf 79' lang='grc' dir='ltr'>ἡμῶν</span> <span class='ocrx_word' id='word_1_910' title='bbox 3358 5282 3458 5335; x_wconf 69' lang='grc' dir='ltr'>καὶ</span> <span class='ocrx_word' id='word_1_911' title='bbox 3506 5275 3816 5333; x_wconf 68' lang='grc' dir='ltr'>ἐθελόδωὶοτ</span> 
     </span>
    </p>
   </div>
   <div class='ocr_carea' id='block_1_117' title="bbox 2263 5366 3817 5464">
    <p class='ocr_par' dir='ltr' id='par_1_117' title="bbox 2263 5366 3817 5464">
     <span class='ocr_line' id='line_1_121' title="bbox 2263 5366 3817 5464; baseline -0.014 -17"><span class='ocrx_word' id='word_1_912' title='bbox 2263 5366 2604 5464; x_wconf 77' lang='grc' dir='ltr'>προαίρεσιν,</span> <span class='ocrx_word' id='word_1_913' title='bbox 2637 5388 2729 5441; x_wconf 90' lang='lat' dir='ltr'><strong>ml</strong></span> <span class='ocrx_word' id='word_1_914' title='bbox 2768 5385 2868 5456; x_wconf 84' lang='grc' dir='ltr'>τὴν</span> <span class='ocrx_word' id='word_1_915' title='bbox 2896 5378 3356 5436; x_wconf 78' lang='grc' dir='ltr'>ἐθελοδλέπουσαν</span> <span class='ocrx_word' id='word_1_916' title='bbox 3388 5373 3520 5444; x_wconf 78' lang='grc' dir='ltr'>περὶ</span> <span class='ocrx_word' id='word_1_917' title='bbox 3546 5371 3710 5425; x_wconf 71' lang='grc' dir='ltr'>ταῦτα</span> <span class='ocrx_word' id='word_1_918' title='bbox 3740 5366 3817 5433; x_wconf 64' lang='grc' dir='ltr'><strong>τῆς</strong></span> 
     </span>
    </p>
   </div>
   <div class='ocr_carea' id='block_1_118' title="bbox 2263 5459 3817 5556">
    <p class='ocr_par' dir='ltr' id='par_1_118' title="bbox 2263 5459 3817 5556">
     <span class='ocr_line' id='line_1_122' title="bbox 2263 5459 3817 5556; baseline -0.02 -16"><span class='ocrx_word' id='word_1_919' title='bbox 2263 5459 2445 5556; x_wconf 77' lang='grc' dir='ltr'>ψυχῆς</span> <span class='ocrx_word' id='word_1_920' title='bbox 2469 5484 2503 5554; x_wconf 79' lang='grc' dir='ltr'>ἠ</span> <span class='ocrx_word' id='word_1_921' title='bbox 2511 5480 2624 5553; x_wconf 83' lang='grc' dir='ltr'><strong>μῶν</strong></span> <span class='ocrx_word' id='word_1_922' title='bbox 2639 5475 3064 5550; x_wconf 81' lang='grc' dir='ltr'>διάκρισιν,ἦτις</span> <span class='ocrx_word' id='word_1_923' title='bbox 3079 5466 3447 5535; x_wconf 78' lang='grc' dir='ltr'>αὐτεξουσίως</span> <span class='ocrx_word' id='word_1_924' title='bbox 3478 5463 3616 5534; x_wconf 69' lang='grc' dir='ltr'>πρὸς</span> <span class='ocrx_word' id='word_1_925' title='bbox 3640 5459 3734 5531; x_wconf 70' lang='grc' dir='ltr'>τὴν</span> <span class='ocrx_word' id='word_1_926' title='bbox 3747 5475 3817 5509; x_wconf 61' lang='grc' dir='ltr'><strong>τις</strong></span> 
     </span>
    </p>
   </div>
   <div class='ocr_carea' id='block_1_119' title="bbox 2269 5552 3814 5651">
    <p class='ocr_par' dir='ltr' id='par_1_119' title="bbox 2269 5552 3814 5651">
     <span class='ocr_line' id='line_1_123' title="bbox 2269 5552 3814 5651; baseline -0.017 -17"><span class='ocrx_word' id='word_1_927' title='bbox 2269 5552 2534 5651; x_wconf 79' lang='grc' dir='ltr'>ράχρησιν</span> <span class='ocrx_word' id='word_1_928' title='bbox 2576 5572 2781 5627; x_wconf 87' lang='grc' dir='ltr'>τούτων</span> <span class='ocrx_word' id='word_1_929' title='bbox 2812 5565 3163 5634; x_wconf 83' lang='grc' dir='ltr'>ἐξολισθαίνει</span> <span class='ocrx_word' id='word_1_930' title='bbox 3195 5562 3259 5628; x_wconf 80' lang='grc' dir='ltr'><strong>ἐξ</strong></span> <span class='ocrx_word' id='word_1_931' title='bbox 3277 5559 3491 5622; x_wconf 82' lang='grc' dir='ltr'>οἰκείας</span> <span class='ocrx_word' id='word_1_932' title='bbox 3519 5552 3814 5627; x_wconf 62' lang='grc' dir='ltr'>φιληδονίας,</span> 
     </span>
    </p>
   </div>
   <div class='ocr_carea' id='block_1_120' title="bbox 2266 5651 3820 5740">
    <p class='ocr_par' dir='ltr' id='par_1_120' title="bbox 2266 5651 3820 5740">
     <span class='ocr_line' id='line_1_124' title="bbox 2266 5651 3820 5740; baseline -0.012 -14"><span class='ocrx_word' id='word_1_933' title='bbox 2266 5673 2361 5727; x_wconf 84' lang='lat' dir='ltr'><strong>ml.</strong></span> <span class='ocrx_word' id='word_1_934' title='bbox 2381 5671 2481 5740; x_wconf 80' lang='grc' dir='ltr'><strong>τῆς</strong></span> <span class='ocrx_word' id='word_1_935' title='bbox 2506 5667 2600 5723; x_wconf 85' lang='grc' dir='ltr'>τοῦ</span> <span class='ocrx_word' id='word_1_936' title='bbox 2630 5664 2765 5721; x_wconf 86' lang='grc' dir='ltr'>Θεοῦ</span> <span class='ocrx_word' id='word_1_937' title='bbox 2790 5663 2884 5719; x_wconf 85' lang='lat' dir='ltr'><strong>ml</strong></span> <span class='ocrx_word' id='word_1_938' title='bbox 2910 5661 3008 5732; x_wconf 88' lang='grc' dir='ltr'>τῆς</span> <span class='ocrx_word' id='word_1_939' title='bbox 3044 5654 3210 5714; x_wconf 85' lang='grc' dir='ltr'><strong>αὐτοῦ</strong></span> <span class='ocrx_word' id='word_1_940' title='bbox 3256 5651 3541 5726; x_wconf 78' lang='grc' dir='ltr'>βασιλείας</span> <span class='ocrx_word' id='word_1_941' title='bbox 3582 5660 3820 5717; x_wconf 42' lang='lat' dir='ltr'><strong>nam???</strong></span> 
     </span>
    </p>
   </div>
   <div class='ocr_carea' id='block_1_121' title="bbox 2263 5761 2498 5836">
    <p class='ocr_par' dir='ltr' id='par_1_121' title="bbox 2263 5761 2498 5836">
     <span class='ocr_line' id='line_1_125' title="bbox 2263 5761 2498 5836; baseline -0.021 -15"><span class='ocrx_word' id='word_1_942' title='bbox 2263 5764 2370 5821; x_wconf 82' lang='grc' dir='ltr'><strong>νῶν</strong></span> <span class='ocrx_word' id='word_1_943' title='bbox 2401 5761 2498 5836; x_wconf 76' lang='grc' dir='ltr'><strong>(α).</strong></span> 
     </span>
    </p>
   </div>
  </div>
