3868 6202
100 336 263 415 m9

922 351 1154 410 SERMO
1189 349 1327 405 PRO
1367 349 1457 406 IIS
1498 349 1616 417 QUI
1661 348 1957 404 S.£(lU-LO
1997 342 2570 400 RENUNTIARUN’I‘.

3232 337 3372 394 “i9

117 489 3332 533 __________________________._____________.

1560 642 1878 700 MONITUM

150 804 161 817 *
192 787 309 846 Hoc
340 791 466 845 item
496 786 807 858 opusculum
830 783 999 839 Roma
1032 782 1181 838 nobis
1208 782 1427 839 missum
1455 788 1555 843 est,
1578 760 1642 832 de
1668 793 1769 848 quo
1804 775 1913 829 lucc
1940 783 2089 829 notat
2118 776 2207 846 qui
2251 775 2550 842 exscripsit.
2582 772 2713 829 Mss.
2752 772 2919 828 codex
2952 772 3175 829 Graecus
3204 789 3334 829 num

115 888 245 951 658.
278 885 726 942 membranaceus
765 889 820 939 et
873 880 1046 945 in-iS,
1075 877 1310 948 eleganti
1361 891 1525 930 manu
1572 882 1861 936 exaratus,
1890 872 2107 925 videtur
2144 870 2344 924 habere
2374 883 2502 923 cccc
2548 884 2723 923 annos
2779 878 2834 923 et
2881 875 2966 923 est
3022 868 3371 923 bibliothecze

114 982 417 1038 Vaticanus.
466 979 611 1036 Inter
678 979 785 1033 alia
845 977 1126 1039 continet,
1156 972 1387 1043 p.130,
1448 976 1766 1040 sequentem
1813 974 2111 1021 tractatum
2172 965 2496 1018 attributum
2548 971 2740 1018 sancto
2795 962 3118 1018 Athanasio.
3176 962 3247 1016 At
3293 969 3368 1015 est

113 1080 285 1148 ignoti
314 1076 592 1148 cujusdam
619 1084 669 1130 et
691 1075 985 1129 Athanasio
1024 1072 1176 1142 longe
1198 1069 1464 1139 inferioris
1494 1064 1768 1132 scriptoris
1792 1078 1945 1131 opus,
1985 1061 2246 1129 utqorimo
2276 1068 2493 1128 aspectu
2516 1057 2750 1113 aduertet
2772 1056 3013 1111 eruditus
3042 1057 3228 1111 lector.

685 1322 825 1375 ΤΟΥ
845 1320 948 1372 ΕΝ
981 1316 1242 1373 ΑΓΙΟΙΣ
1271 1313 1565 1370 ΠΑΤΡΟΣ
1591 1314 1803 1369 ΗΜΩΝ
1838 1305 2272 1365 ᾹΘΑΝΑΣΙΟΥ
2312 1305 2459 1362 ΤΟΥ
2482 1309 2843 1362 ΜΕΓΛΛΟΥ

1239 1469 1682 1525 ΠΑΤΡῙΑΡΧΟΥ
1736 1468 2252 1522 ΔΛΕΞΔΝΔΡΕΙΑΣ

186 1643 379 1710 Λόγος
403 1635 776 1707 διακριτικὸς,
802 1634 899 1688 καὶ
931 1636 1019 1699 είς
1049 1631 1154 1698 τὰς
1181 1628 1437 1693 ἐντολὰς
1471 1627 1578 1683 τοῦ
1598 1626 1746 1682 Θεοῦ
1774 1625 1899 1692 τοῖς
1929 1625 2404 1696 ἀποταξαμένοις
2431 1624 2529 1678 καί
2567 1621 2835 1690 σωθῆναι
2855 1626 2870 1644 ⁵
2900 1620 3279 1690 θελουμένοις

942 1909 1213 1968 SANCTI
1250 1906 1517 1965 PATRIS
1550 1905 1828 1965 NOSTRI
1860 1902 2282 1961 ATHANASI!
2314 1897 2563 1958 MAGNI

1263 2060 1737 2119 PATRIARCHIE
1777 2057 2251 2115 ALEXANDRIE

184 2223 372 2280 Sermo
412 2219 743 2276 discretionis
786 2217 968 2284 plenus
1013 2217 1067 2269 in
1118 2213 1215 2268 Dei
1247 2211 1535 2276 mandata,
1567 2223 1661 2280 pro
1692 2209 1758 2331 iis
1796 2208 1885 2278 qui
1925 2210 2121 2262 swculo
2175 2206 2547 2260 renuntiarunt
2589 2213 2638 2259 et
2682 2206 2772 2275 qui
2804 2202 3027 2258 salutem
3061 2204 3301 2273 consequi

1646 2295 1705 2331 vo
1733 2289 1841 2331 unt.

1646 2289 1797 2334 volun
1806 2289 1841 2331 ί.

1725 2447 1795 2460 —

182 2551 237 2605 1.
283 2547 613 2618 Ἀγαπητοί,
648 2545 1023 2618 φροντίσωμεν
1054 2544 1153 2615 τῆς
1205 2542 1475 2614 σωτηρίας
1507 2542 1686 2615 ἡμῶν,

1861 2540 1912 2592 1.
1950 2536 2167 2605 Dilecti,
2219 2534 2284 2590 de
2316 2534 2490 2590 salute
2528 2540 2719 2588 nostra
2758 2530 3183 2588 sollicitudinem
3214 2544 3372 2602 gera-

105 2644 194 2697 δτι
221 2645 252 2696 ὁ
279 2641 469 2713 καιρὸς
497 2638 922 2708 συνεσταλμένος
980 2636 1098 2690 ἐστὶ
1132 2636 1314 2689 λοιπόν
1336 2650 1350 2665 °
1380 2638 1476 2689 καὶ
1508 2636 1568 2688 ού
1598 2634 1692 2688 δύ-

107 2732 274 2788 ναταί
305 2749 392 2795 τις
436 2729 718 2802 φροντίσαι
742 2729 841 2799 τῆς
872 2727 1065 2783 ἑαυτοῦ
1092 2726 1287 2797 ψυχῆς,
1314 2727 1417 2790 ἕως
1442 2721 1502 2780 οὗ
1532 2743 1696 2798 φρον-

104 2822 253 2887 τίζει
283 2821 356 2875 τὰ
383 2819 477 2875 τοῦ
533 2819 805 2891 σώματος.
839 2818 1048 2889 ’Ὠσπερ
1076 2820 1183 2889 γὰρ
1232 2817 1292 2869 ού
1342 2816 1564 2869 δύναταί
1605 2832 1693 2881 τις

108 2913 405 2986 προσέχειν
439 2913 496 2966 ὲν
544 2912 624 2965 ἑνὶ
651 2909 913 2981 ὀφθαλμῷ
968 2910 1046 2973 είς
1083 2911 1174 2961 τὸν
1204 2907 1452 2979 οὐρανὸν,
1497 2907 1593 2962 καὶ
1634 2909 1692 2961 ὲν

105 3007 195 3060 ἑνὶ
215 3005 312 3057 ἐπὶ
330 3002 426 3074 τὴν
439 3002 542 3074 γῆν
558 3018 571 3032 ·
595 3001 766 3064 οὕτως
788 3001 847 3053 οὐ
872 2999 1091 3053 δύναται
1112 2999 1391 3070 ἄνθρωπος
1410 2998 1692 3068 φροντίσαι

104 3092 181 3146 τὰ
202 3090 301 3145 τοῦ
329 3088 462 3144 Θεοῦ
486 3090 579 3143 κα1⁵
614 3090 683 3142 τὰ
711 3088 805 3142 τοῦ
842 3087 1110 3159 σώματος.
1139 3089 1348 3159 Ὥσπερ
1380 3089 1440 3141 ού
1470 3087 1691 3143 δύναται

107 3183 288 3255 πηγὶτ
303 3183 367 3238 ὲκ
392 3182 488 3251 τῆς
522 3180 691 3251 αὐτῆς
723 3181 864 3251 ὀπῆς
898 3179 1202 3248 ἐξενεγκεῖν
1238 3178 1381 3250 ὕδωρ
1402 3178 1571 3246 γλυκὺ
1600 3178 1692 3231 καὶ

107 3273 335 3346 πικρὸν,
350 3271 521 3336 οὕτως
539 3273 598 3325 οὐ
617 3270 836 3326 δύναται
864 3270 1146 3342 ἄνθρωπος
1172 3270 1263 3323 καὶ
1281 3270 1400 3341 Θεῷ
1414 3270 1690 3341 ἀρέσκειν,

106 3367 212 3421 καὶ
244 3364 447 3435 σαρκὸς
493 3362 783 3435 ἐπιθυμίας
812 3362 1094 3416 ἐπιτελεῖν.
1128 3362 1337 3431 Ὠσπερ
1367 3362 1426 3414 ού
1470 3361 1690 3414 δύναται

104 3456 328 3512 ἄκανθα
360 3454 571 3527 καρπὸν
592 3454 770 3508 ελαίου
804 3452 1221 3525 προϐάλλεσθαι,
1247 3452 1420 3516 οὕτως
1449 3453 1511 3505 ού
1532 3452 1690 3505 δύνα-

103 3561 211 3600 ται
235 3542 520 3615 ἄνθρωπος
552 3544 644 3597 καὶ
667 3542 736 3596 τὰ
772 3543 997 3615 οὐράνια
1027 3540 1229 3612 ζητεῖν,
1252 3542 1347 3596 καὶ
1369 3542 1437 3595 τὰ
1472 3543 1691 3611 ἐπίγεια

106 3636 326 3701 ποθεῖν,
352 3634 532 3699 καθώς
561 3651 722 3706 φησιν
758 3636 787 3687 ὁ
827 3634 1055 3708 Κύριος·
1087 3636 1161 3687 Οὐ
1192 3634 1420 3688 δύνασθε
1452 3636 1546 3688 κα)¹
1572 3633 1690 3705 Θεῷ

105 3729 398 3799 ἀρέσκειν,
425 3728 518 3782 καὶ
545 3727 747 3799 σαρκὸς
768 3726 1063 3797 ἐπιθυμίας
1090 3726 1379 3780 ἐπιτελεῖν.
1410 3727 1573 3780 Ὅθεν
1596 3727 1690 3780 καὶ

104 3826 135 3876 ὁ
167 3820 469 3884 ἀπόστολος
494 3819 703 3883 Παῦλος
732 3818 971 3882 ἀκούσας
999 3817 1190 3886 ταῦτα,
1214 3819 1309 3873 καὶ
1339 3819 1576 3889 ἐκκόψας
1599 3819 1692 3872 αύ-

1797 2646 1943 2695 mus,
1983 2630 2114 2701 quia
2146 2637 2358 2697 tempus
2389 2628 2552 2683 breve
2573 2633 2658 2681 est
2689 2644 2704 2680 :
2738 2639 2840 2680 nec
2877 2631 3055 2695 potest
3079 2623 3369 2694 quisquam

1798 2738 1951 2781 suam
2002 2735 2201 2776 curare
2260 2719 2531 2784 animam,
2566 2716 2740 2772 donec
2786 2722 2943 2771 curat
2985 2731 3108 2786 qua:
3168 2730 3371 2785 corpus

1797 2821 2063 2883 spectant.
2089 2805 2556 2877 Quemadmodum
2573 2806 2717 2860 enim
2741 2820 2851 2861 non
2873 2813 3053 2875 potest
3078 2805 3370 2876 quisquam

1796 2920 1907 2960 uno
1936 2903 2098 2958 oculo
2143 2901 2200 2956 in
2243 2900 2445 2955 coelum
2490 2901 2786 2969 respicere,
2819 2904 2875 2953 et
2904 2898 3013 2952 alio
3039 2898 3096 2952 in
3135 2907 3370 2964 terram;

1797 2996 1873 3049 ita
1909 3010 2020 3049 non
2068 2998 2249 3064 potest
2297 2992 2462 3046 homo
2487 2990 2554 3046 de
2595 2990 2706 3046 Deo
2736 2991 2985 3046 simulet
3029 2991 3097 3045 de
3141 3005 3372 3061 corpore

1796 3102 2008 3142 curare.
2037 3085 2191 3141 Sicut
2235 3100 2347 3139 non
2377 3091 2556 3155 potest
2589 3081 2714 3139 fons
2761 3098 2829 3138 ex
2869 3082 3068 3138 eodem
3099 3081 3373 3136 foramine

1795 3179 2045 3235 emittere
2088 3192 2285 3247 aquam
2315 3177 2527 3231 dulcem
2566 3183 2621 3231 et
2648 3190 2910 3241 amaram,
2937 3175 3017 3231 sic
3047 3190 3154 3230 non
3193 3182 3373 3246 potest

1796 3269 1959 3324 homo
1985 3275 2038 3322 et
2089 3266 2200 3322 Deo
2251 3267 2487 3337 placere,
2536 3275 2590 3322 et
2637 3266 2822 3322 carnis
2864 3267 3370 3336 concupiscentiam

1797 3359 2075 3431 perlicere.
2122 3359 2281 3413 Sicut
2328 3374 2438 3414 non
2497 3368 2677 3429 potest
2728 3361 2885 3429 spina
2944 3360 3076 3414 olea:
3129 3360 3368 3414 fructum

1797 3452 1959 3519 ferre,
1987 3452 2063 3506 ita
2091 3468 2201 3506 non
2237 3458 2418 3523 potest
2448 3452 2614 3507 homo
2653 3460 2707 3507 et
2738 3453 2980 3507 caelestia
3029 3467 3292 3522 quaerere,
3317 3461 3373 3507 et

1794 3549 2011 3598 terrena
2040 3544 2455 3613 concupiscere,
2484 3551 2543 3596 ut
2567 3542 2643 3595 ait
2670 3542 2966 3597 Dominus:
2998 3542 3117 3597 Non
3135 3543 3373 3614 potestis

1795 3643 1849 3691 et
1868 3633 1980 3690 Deo
2011 3635 2228 3706 placere
2259 3643 2313 3691 et
2337 3636 2522 3691 carnis
2552 3636 3050 3706 concupiscentiam
3086 3636 3369 3706 perlicere.

1799 3725 1957 3784 Unde
2009 3736 2064 3784 et
2112 3730 2391 3798 apostolus
2438 3726 2639 3784 Paulus
2688 3728 2802 3783 hac
2854 3743 2980 3783 cum
3024 3728 3288 3793 audisset,
3316 3737 3372 3783 et
3464 3782 3475 3793 ,

1794 3833 1986 3875 omnes
2011 3821 2197 3875 carnis
2222 3820 2451 3875 affectus
2470 3819 2528 3873 in
2558 3834 2619 3874 se
2638 3819 2984 3885 abscidisset,
3018 3821 3093 3875 ait
3117 3840 3131 3875 :
3161 3839 3180 3872 ι
3234 3820 3372 3876 Pro-

103 3912 210 3967 τοῦ
249 3912 426 3967 πάντα
450 3912 519 3966 τὰ
546 3914 644 3982 τῆς
674 3911 875 3983 σαρκὸς
905 3913 1248 3982 φρονήματα,
1274 3910 1405 3981 φησί
1428 3929 1441 3940 ·
1473 3929 1491 3961 ι
1533 3912 1609 3963 Δι’
1634 3910 1692 3964 δν

1797 3919 1911 3981 pter
1932 3926 2092 3981 quem
2114 3912 2297 3969 omnia
2326 3911 2710 3969 detrimentum
2729 3913 2857 3978 feci,
2887 3920 2943 3967 ut
2971 3910 3249 3990 Christum
3283 3913 3368 3966 lu-

107 4006 299 4059 πάντα
325 4002 644 4075 ζημιοῦμαι,
676 4003 764 4056 ἴνα
799 4002 1032 4074 Χριστὸν
1061 4002 1329 4073 κερδήσω,
1359 4022 1378 4055 ι
1418 4003 1512 4056 καὶ
1546 4001 1694 4073 αύτῷ

109 4094 557 4166 συμϐασιλεύσω.
583 4114 603 4147 ι
629 4095 879 4165 Ἔχοντες
916 4093 974 4147 δὲ
1018 4093 1310 4165 διατροφὰς
1353 4094 1445 4147 καὶ
1487 4093 1693 4147 σκεπά-

109 4205 326 4259 σματα,
364 4187 573 4252 τούτοις
609 4185 1100 4260 ἀρκεσθησώμεθα.
1135 4186 1345 4256 υί-γὰρ
1385 4186 1694 4257 βουλόμενοι

106 4280 368 4336 πλουτεῖν
396 4280 754 4351 ἐμπίπτουσιν
792 4281 871 4343 είς
893 4278 1217 4350 πειρασμὸν,
1244 4280 1336 4332 καὶ
1359 4278 1561 4347 παγίδα
1580 4278 1696 4333 δια-

106 4374 298 4436 δόλου,
334 4372 429 4425 καὶ
452 4370 745 4441 ἐπιθυμίας
774 4371 1026 4432 ἀτόπους.
1053 4389 1073 4422 ι

184 4463 244 4519 2.
284 4463 357 4517 Σὺ
395 4462 473 4527 δὲ,
510 4456 555 4517 ὧ
598 4462 813 4532 ἀδελφὲ,
857 4462 933 4533 μὴ
964 4461 1234 4535 προσέχῃς
1266 4479 1320 4515 τι
1350 4460 1444 4515 τοῦ
1488 4462 1694 4533 κόσμου

106 4554 331 4620 τούτου,
355 4553 440 4607 ῑνα
462 4552 693 4624 δυνηθῇς
715 4551 975 4623 σωθῆναι,
1005 4552 1139 4606 ἀλλὰ
1165 4552 1404 4624 ἄσκησω
1422 4552 1697 4607 δικαιοσύ-

106 4664 238 4719 νην,
274 4647 371 4702 καὶ
411 4644 687 4717 ἀλήθειαν,
720 4645 815 4699 καὶ
846 4646 1087 4716 ἀγάπην,
1119 4645 1212 4699 καὶ
1256 4643 1419 4714 φόϐον
1462 4646 1692 4719 Κυρίου,

106 4738 215 4793 καὶ
244 4736 546 4809 πραότητα,
577 4735 842 4807 ὑπακοὴν,
872 4738 965 4790 καὶ
992 4736 1336 4808 ἐγκράτειαν,
1359 4740 1452 4793 καὶ
1474 4741 1698 4812 ἀμνησι-

108 4830 340 4886 κακίαν.
382 4830 628 4899 Μίσησον
658 4828 847 4897 λόγους
877 4830 1195 4899 κοσμικοὺς,
1243 4831 1328 4885 ἵνα
1359 4830 1557 4902 καρδία
1600 4848 1693 4884 σου

106 4921 319 4991 δψηται
363 4919 455 4973 τὸν
506 4919 688 4974 καλόν.
737 4919 1041 4990 Ἀγάπησον
1072 4919 1134 4973 τὸ
1179 4921 1415 4991 συνεχῶς
1463 4922 1696 4993 προσεύ-

105 5011 332 5087 χεσθαι,
361 5011 446 5065 ἴνα
480 5010 724 5081 φωτισθῇ
762 5027 854 5063 σου
902 5012 936 5081 ἡ
969 5011 1183 5082 καρδία.
1219 5012 1405 5076 Διάδος
1438 5013 1693 5086 ὑστερου-

110 5107 306 5179 μένοις
334 5103 597 5175 ὀφθαλμῷ
646 5102 906 5173 πλουσίῳ,
937 5104 1027 5158 ἵνα
1055 5103 1128 5174 μὴ
1151 5104 1555 5177 καταισχυνθῇς
1592 5105 1693 5177 ἔμ-

109 5197 356 5270 προσθεν
387 5196 479 5250 τοῦ
513 5195 756 5268 βήματος
778 5194 870 5249 τοῦ
895 5195 1131 5267 Χριστοῦ
1152 5211 1164 5224 ⁸
1203 5196 1431 5267 μίσησον
1458 5197 1558 5267 τὴν
1580 5198 1697 5250 ὲπιο

1793 4003 2075 4058 crifaciam
2105 4004 2172 4071 ",
2207 4024 2228 4058 ι
2265 4020 2332 4061 ac
2370 4021 2497 4060 cum
2530 4006 2624 4060 illo
2654 4022 2880 4075 regnare
2932 3989 3157 4076 possim;
3190 4023 3209 4058 ι
3231 4004 3370 4063 Cum

1792 4093 1916 4150 cibo
1945 4104 2125 4151 autem
2157 4097 2400 4167 petimur
2432 4107 2486 4154 et
2524 4099 2748 4162 vestitu,
2786 4098 2872 4153 his
2902 4098 3144 4152 contenti
3170 4098 3365 4153 simus.

1790 4183 1927 4242 Nam
1953 4188 2048 4258 qui
2078 4188 2274 4245 divites
2315 4205 2438 4246 esse
2480 4191 2693 4255 volunt,
2722 4190 2976 4245 incidunt
3025 4190 3080 4243 in
3117 4191 3369 4244 tentatio-

1793 4294 1942 4349 nem,
1976 4289 2030 4335 et
2057 4282 2113 4335 in
2144 4282 2397 4351 laqueum
2424 4283 2651 4347 diaboli,
2685 4298 2748 4337 ac
2776 4284 2832 4337 in
2861 4283 3130 4338 absurdas
3158 4296 3368 4337 concu-

1793 4370 2092 4440 piscentias
2114 4371 2201 4426 η’.
2236 4391 2255 4425 ι

1864 4464 1920 4518 2.
1956 4461 2040 4517 Tu
2069 4473 2271 4528 autem,
2298 4478 2332 4519 ο
2377 4463 2569 4528 frater,
2597 4481 2669 4520 ne
2705 4465 2947 4536 cuipiam
2976 4463 3143 4535 hujus
3177 4465 3372 4521 mundi

1795 4558 1873 4612 rei
1906 4556 2149 4610 animum
2183 4556 2465 4623 adhibeas,
2496 4563 2559 4611 ut
2607 4558 2841 4613 salutem
2872 4558 3136 4628 consequi
3163 4558 3372 4628 possis,

1794 4649 1890 4705 sed
1912 4648 2178 4719 justitiam
2202 4664 2416 4710 exerce,
2443 4655 2498 4705 et
2527 4649 2829 4713 veritatem,
2862 4665 3101 4705 amorem
3125 4656 3179 4705 et
3206 4650 3362 4703 timov

1794 4755 1911 4794 rem
1946 4739 2202 4806 Domini,
2226 4738 2721 4803 mansuetudinem,
2744 4739 3130 4804 obedientiam,
3157 4734 3403 4811 tempe-'

1794 4833 2053 4899 rantiam,
2087 4832 2415 4902 injuriarum
2439 4832 2791 4888 oblivionem.
2811 4832 2950 4891 Odia
2980 4833 3178 4889 habeto
3208 4849 3377 4886 mun-t

1795 4925 1938 4981 dana
1972 4923 2161 4989 verba,
2213 4931 2271 4978 ut
2318 4938 2417 4978 cor
2456 4930 2610 4978 tuum
2639 4923 2821 4978 videat
2849 4924 3072 4979 bonum.
3096 4922 3232 4976 Ama
3269 4922 3375 4977 ires

1796 5021 2053 5086 quentem
2104 5014 2431 5078 orationem,
2462 5014 2883 5069 utilluminetur
2921 5027 3019 5068 cor
3073 5021 3250 5068 tuum.
3290 5011 3369 5065 Da

1796 5107 2130 5177 pauperibus
2150 5106 2318 5161 divite
2340 5107 2524 5172 oculo,
2559 5115 2620 5161 ut
2651 5121 2721 5161 ne
2750 5103 3090 5159 confundere
3120 5112 3247 5160 ante
3270 5105 3370 5157 tri-

1798 5199 1967 5253 bunal
2013 5197 2239 5255 Christi.
2278 5198 2549 5254 Aversare
2605 5198 2851 5252 ciborum
2905 5196 3243 5266 cupidinem,
3297 5211 3377 5252 ne

107 5288 321 5360 θυμίαν
355 5291 413 5342 ὲν
452 5290 566 5351 τοῖς
616 5287 920 5359 βρώμασιν,
972 5289 1060 5342 ἵνα
1106 5288 1181 5360 μὴ
1227 5290 1255 5342 ὁ
1296 5289 1541 5360 Ἀμαλὴκ
1586 5289 1692 5343 τῶν

1797 5290 2017 5346 Amalec
2053 5291 2144 5345 ille
2168 5292 2486 5362 passionum
2520 5298 2574 5346 te
2607 5289 2931 5345 circumdet.
2965 5288 3108 5358 Vigil
3139 5294 3195 5342 et
3223 5287 3377 5343 celer.

107 5380 312 5438 παθῶν
354 5379 608 5452 κυκλώσῃ
657 5396 737 5435 σε.
775 5379 1046 5450 Γοργεύου
1086 5382 1146 5433 ὲν
1190 5382 1310 5444 ταῖς
1341 5383 1690 5452 προσευχαῖς,

1798 5391 1918 5439 esto
1944 5383 1998 5437 in
2029 5384 2391 5447 orationibus,
2415 5398 2483 5438 ne
2505 5392 2556 5437 te
2578 5382 2690 5437 fera
2713 5382 2952 5437 devoret.
2989 5380 3186 5434 Vinum
3213 5394 3341 5433 aver

107 5474 209 5530 ινα
246 5472 324 5543 μὴ
352 5471 643 5541 καταφάγῃ
678 5486 738 5523 σε
764 5471 828 5525 τὸ
858 5471 1063 5545 θηρίον.
1089 5470 1259 5539 Φεῢγε
1289 5472 1381 5524 τὸν
1421 5468 1580 5537 οἶνον,
1605 5473 1692 5526 ἵνα

1800 5489 1945 5540 sare,
1976 5490 2046 5530 ne
2097 5476 2329 5545 priveris
2385 5474 2588 5546 gaudio
2615 5471 2732 5529 Dei.
2764 5473 2901 5527 Ama
2953 5471 3160 5535 ﬁdeles,
3189 5481 3249 5524 ut
3273 5486 3367 5539 pet

111 5567 199 5642 μὴ
231 5564 501 5637 στερηθῇς
533 5565 631 5636 τῆς
666 5563 1004 5636 εὐφροσύνης
1043 5564 1137 5617 τοῦ
1182 5564 1336 5618 Θεοῦ.
1387 5565 1692 5635 Ἀγάπησον

1799 5583 1894 5624 eos
1918 5568 2321 5640 eleemosynam
2345 5570 2617 5642 largiaris.
2641 5570 2813 5641 Dilige
2843 5576 3084 5638 sanctos,
3104 5576 3163 5623 ut
3180 5581 3373 5623 corum

194 5721 237 5754 ”
274 5720 505 5792 Philipp.
547 5736 643 5787 Ill,
679 5721 733 5776 8.
809 5721 874 5753 η’
902 5719 922 5773 1
952 5718 1186 5776 Timoth.
1216 5736 1287 5787 γι,
1324 5719 1376 5787 8,
1405 5718 1457 5774 9.
