3860 6220
475 286 605 344 “ll

1595 283 1653 337 S.
1700 275 2162 336 ATHANASIUS.
2205 308 2275 316 —
2319 275 2586 332 SPURIA.

3583 269 3709 323 ιω

473 413 526 459 te
558 403 706 459 zelus
740 401 921 456 trahat
956 400 1020 454 ad
1044 396 1607 454 virtutem.Memento
1633 395 1811 449 exitus
1851 393 2046 446 animm

2154 389 2270 452 τοὺς
2296 391 2540 454 πιστοὺς,
2575 391 2662 442 ἵνα
2693 387 2782 440 διὰ
2828 385 3005 438 αὐτῶν
3043 383 3291 454 ἐλεήσῃς.
3325 380 3572 451 Πόθησον
3597 399 3709 446 :00;

474 505 611 552 tua'.
635 502 689 549 et
717 509 822 547 non
854 493 1082 546 multum
1137 491 1391 561 peccabis
1423 489 1477 542 in
1502 487 1694 542 Deum.
1736 484 2048 539 Recordare

474 585 631 656 521
669 600 882 653 semper
903 583 1054 653 regni
1079 583 1364 644 caelorum,
1395 590 1453 634 ut
1484 581 1604 649 ejus
1638 577 1967 632 desiderium
1993 583 2047 630 te

473 677 653 729 trahat
678 675 743 727 ad
780 673 912 728 illud
945 693 957 728 :
989 675 1042 727 in
1075 674 1258 726 animo
1304 672 1502 725 habeto
1539 671 1841 740 gehennam
1877 667 2042 738 ignis,

473 777 528 822 et
550 769 817 822 atrocium
844 767 1210 825 cruciatuum,
1226 775 1284 817 ut
1307 763 1433 818 odio
1453 763 1656 816 habeas
1675 776 1840 831 prava
1858 775 2044 829 Opera.

471 857 727 930 Prmpara
751 869 803 913 te
826 860 990 929 igitur
1006 857 1247 928 quotidie
1268 857 1334 911 ad
1367 854 1766 910 occurrendum
1792 851 2044 917 Christo;

474 960 737 1006 venturus
785 951 984 1020 quippe
1035 949 1125 1003 ille
1159 956 1243 1002 est
1289 945 1657 1000 invisibiliter.
1693 941 1950 1008 Quotidie
1996 950 2048 996 te

387 1093 396 1102 ,
475 1042 654 1111 ipsum
681 1042 1011 1106 examinato,
1042 1055 1106 1093 ac
1133 1039 1378 1108 disquire
1401 1052 1527 1090 num
1561 1035 1858 1104 quodpiam
1889 1032 2045 1086 Chri~

475 1133 544 1187 sti
579 1132 892 1185 mandatum
939 1131 1265 1200 neglexeris,
1309 1136 1472 1197 atque
1505 1126 1635 1179 illud
1671 1126 1916 1195 impleto.
1955 1121 2049 1176 Vi-

474 1221 637 1276 deant
668 1221 865 1276 fratres
895 1221 974 1274 tui
1017 1235 1182 1290 opera
1215 1229 1329 1283 tua,
1355 1228 1408 1271 et
1440 1219 1590 1270 zelus
1624 1217 1711 1269 ille
1739 1215 1831 1284 qui
1854 1230 2049 1268 secun-

474 1312 603 1365 dum
653 1311 820 1366 Deum
870 1320 954 1366 est
1010 1311 1296 1366 devorabit
1349 1326 1464 1366 eos.
1499 1309 1756 1379 Teipsum
1809 1310 2048 1378 quotidie

473 1404 804 1465 examinato,
842 1417 904 1457 ac
952 1403 1226 1468 perpende
1279 1418 1443 1472 quam
1478 1402 1788 1471 passionem
1822 1401 2050 1454 mortifi-

473 1494 706 1557 caveris,
731 1503 784 1547 et
810 1493 875 1547 da
906 1493 1132 1562 gloriam
1171 1491 1303 1555 Dea,
1330 1493 1474 1545 illius
1508 1507 1742 1560 namque
1765 1498 1850 1544 est
1886 1491 2048 1543 mise-

475 1587 730 1642 ricordia.
762 1583 839 1639 Ne
864 1592 1114 1654 reputato
1152 1594 1202 1638 te
1239 1584 1434 1638 fecisse
1469 1591 1670 1637 bonum
1704 1597 1887 1635 coram
1915 1580 2046 1646 Deo,

476 1679 551 1732 ait
600 1677 744 1732 enim
779 1693 791 1727 :
825 1696 842 1728 ι
880 1675 1017 1730 Cum
1071 1677 1258 1728 omnia
1309 1676 1586 1738 feceritis,
1636 1682 1770 1729 tunc
1827 1675 2044 1727 dicite:

2146 480 2353 548 ἁγίους,
2379 480 2466 534 ἵνα
2479 483 2508 534 ό
2521 479 2678 550 ζῆλος
2690 477 2866 532 αὐτῶν
2883 474 3084 546 ἑλκύσῃ
3106 491 3164 527 σε
3182 473 3316 544 πρὸς
3331 472 3557 544 ἀρετήν.
3573 473 3711 541 Μνη-

2150 572 2340 642 μόνευε
2373 575 2471 641 τῆς
2497 571 2674 635 ὲξόδου
2705 571 2802 640 τῆς
2817 568 2993 638 ψυχῆς
3010 584 3122 627 σου,
3144 564 3244 618 ’καὶ
3261 564 3358 633 οὐχ
3380 564 3711 633 ἀμαρτήσεις

2147 663 2316 716 πολλὰ
2347 663 2484 734 πρὸς
2508 663 2640 716 Θεόν
2659 679 2670 690 ·
2705 662 3123 731 ἀναμιμνήσκω
3182 658 3268 711 ἀεὶ
3297 658 3398 726 τὴν
3422 656 3534 708 τῶν
3562 658 3713 726 ούρα-

2144 755 2251 808 νῶν
2279 755 2568 823 βασιλείαν,
2601 755 2685 806 ἵνα
2715 757 2746 824 ἡ
2788 752 3049 821 ἐπιθυμία
3077 750 3245 812 αὐτῆς
3278 747 3479 818 ἑλκύσῃ
3508 765 3568 800 σε
3590 748 3714 818 πρὸς

2146 847 2346 916 αὐτήν·
2388 845 2688 912 διαλογῖξου
2721 847 2817 914 τὴν
2856 843 3078 911 γέενναν
3105 840 3197 894 τοῦ
3250 839 3442 910 πυρὸς,
3489 839 3588 890 καὶ
3617 839 3715 890 τῶν

2148 938 2394 1010 βασάνων
2415 939 2523 990 τῶν
2541 937 2749 1001 δεινῶν,
2785 938 2868 990 ἵνα
2898 937 3132 1006 μισήσῃς
3147 933 3213 985 τά
3237 933 3371 1004 ἔργα
3399 931 3468 984 τὰ
3491 932 3714 1000 πονηρά.

2157 1031 2440 1101 Ἑτοίμαζε
2479 1028 2571 1084 οὖν
2607 1030 2817 1098 σεαυτῷ
2848 1029 2969 1082 καθ’
2999 1028 3210 1098 ἡμέραν
3245 1025 3558 1095 ὑπαντῆσαι
3594 1025 3719 1094 Χρι-

2147 1122 2285 1192 στῷ·
2321 1122 2501 1191 μέλλει
2546 1122 2654 1188 γὰρ
2705 1121 2950 1191 ἀοράτως
2995 1117 3268 1188 ἔρχεσθαι.
3301 1115 3438 1170 Καθ’
3487 1115 3718 1184 ἑκάστην

2145 1212 2360 1282 ἡμέραν
2408 1212 2665 1282 ἀνάκρινε
2690 1209 2910 1262 σεαυτὸν
2957 1211 3021 1261 ὲκ
3047 1209 3154 1259 τῶν
3183 1204 3414 1260 ἐντολῶν
3452 1204 3552 1258 τοῦ
3592 1205 3720 1274 Χρι-

2147 1302 2292 1366 στοῦ,
2321 1303 2371 1354 τί
2399 1303 2724 1372 ὑστέρησας,
2757 1303 2851 1353 καὶ
2894 1300 3230 1368 ἁνοικοόόμει
3251 1297 3401 1350 αὑτό.
3430 1296 3645 1350 ἰδωσιν
3673 1296 3720 1347 οί

2145 1395 2365 1462 ἀδελφοί
2395 1411 2489 1446 σου
2515 1398 2582 1446 τα
2612 1393 2746 1465 ἔργα
2773 1411 2890 1455 σου,
2913 1394 3006 1446 καὶ
3025 1394 3052 1444 ὁ
3073 1389 3232 1461 ζῆλος
3252 1392 3280 1442 ὁ
3313 1388 3454 1442 κατά
3476 1387 3612 1441 Θεδν
3629 1405 3721 1439 κα-

2144 1486 2444 1556 ταφάγεται
2467 1485 2681 1548 αύτούς.
2732 1483 3052 1554 Ἐρεύνησον
3080 1481 3302 1535 σεαυτὸν
3341 1479 3461 1533 καθ’
3485 1479 3721 1547 ἑκάστην

2145 1580 2382 1651 ἡμέραν,
2422 1583 2574 1632 ποῖον
2603 1578 2772 1642 πάθος
2818 1579 3149 1650 ὲνέκρωσας,
3185 1577 3280 1628 καὶ
3325 1576 3415 1638 δὸς
3445 1574 3608 1639 δόξαν
3648 1572 3726 1641 τῷ

2145 1671 2264 1742 Θεῷ
2281 1689 2292 1701 ·
2330 1671 2493 1726 αύτοῦ
2525 1673 2632 1743 γάρ
2659 1673 2773 1724 ἐστι
2798 1669 2858 1723 τὸ
2881 1671 3048 1734 ἔλεος.
3077 1671 3168 1741 Μὴ
3192 1668 3408 1737 λογίζου
3435 1668 3630 1721 ἑαυτὸν
3652 1667 3725 1728 ώς

479 1769 632 1825 Servi
679 1769 899 1823 inutiles
937 1784 1126 1824 sumus
1156 1770 1222 1822 ".
1263 1787 1281 1819 ι
1307 1767 1384 1822 Ne
1425 1769 1713 1838 superbias
1743 1768 1869 1837 quia
1899 1783 2044 1820 nunc

2154 1763 2562 1832 κατορθώσαντα
2611 1762 2672 1814 τὸ
2721 1761 2922 1829 ἀγαθὸν
2975 1759 3202 1812 ἐνώπιον
3243 1758 3338 1812 τοῦ
3385 1755 3556 1810 Θεοῦ·
3595 1755 3725 1826 φησὶ

477 1861 656 1915 bonus
681 1876 760 1925 es,
779 1875 886 1914 non
914 1867 1066 1929 potes
1093 1859 1237 1912 enim
1269 1858 1368 1913 tibi
1397 1858 1670 1912 confidere
1694 1857 1764 1911 ob
1795 1857 2045 1910 inimicos

476 1967 620 2010 ιιιθε.

548 2227 599 2280 ’5.
640 2223 718 2278 Ne
769 2222 1012 2278 confidas
1061 2229 1157 2276 tuo
1212 2220 1387 2291 ipsius
1431 2219 1669 2290 corpori.
1717 2217 1778 2273 In
1829 2233 1896 2274 eo
1949 2218 2043 2288 qui

477 2317 753 2370 «Immones
780 2315 1135 2384 pertimescit,
1164 2313 1444 2384 propalam
1469 2319 1554 2366 est
1594 2327 1702 2364 non
1743 2326 1864 2365 esse
1894 2311 2046 2365 timo-

480 2425 591 2464 rem
627 2407 744 2462 Dei.
783 2405 887 2472 Qui
916 2406 1060 2461 enim
1104 2405 1272 2459 Deum
1301 2405 1453 2458 timet
1494 2419 1558 2458 ex
1589 2410 1703 2457 toto
1731 2403 1896 2457 corde
1925 2418 2045 2466 suo,

479 2500 670 2551 tirmus
696 2504 782 2551 est
813 2495 1076 2549 adversus
1125 2495 1268 2549 illos.
1305 2493 1407 2560 Qui
1447 2509 1566 2549 sese
1602 2510 1710 2547 non
1745 2495 1968 2547 metitur
1997 2502 2051 2549 et

480 2587 726 2657 respicit,
774 2585 865 2640 sed
918 2586 1159 2655 ignotum
1205 2599 1263 2639 se
1316 2590 1482 2644 tenet,
1532 2583 1658 2636 hinc
1712 2593 2048 2651 compertum

484 2679 646 2733 habet
691 2693 750 2734 se
786 2693 894 2731 non
943 2690 1186 2746 quaarere
1228 2675 1561 2728 voluntatem
1612 2674 1836 2744 implere
1869 2690 2046 2739 suam,

480 2772 576 2826 sed
608 2773 868 2827 divinam.
903 2770 1002 2835 Qui
1030 2768 1215 2823 multis
1237 2783 1395 2822 suum
1423 2767 1632 2836 profert
1659 2777 1710 2821 et
1735 2769 2050 2822 manifestat

481 2879 809 2927 sermonem,
840 2863 966 2918 hinc
993 2869 1389 2915 commonstrat
1418 2863 1472 2916 in
1507 2862 1628 2930 ipso
1655 2877 1763 2915 non
1808 2877 1928 2917 esse
1954 2859 2049 2915 Dei

481 2957 752 3010 timorem.
785 2953 888 3020 Qui
923 2954 1037 3007 vult
1087 2954 1271 3008 salvus
1322 2951 1460 3016 fieri,
1499 2951 1608 3006 Deo
1642 2964 1815 3014 vacet,
1847 2960 1900 3006 et
1927 2966 2050 3020 pas-

481 3045 667 3100 siones
697 3045 1058 3100 conculrabit.
1087 3045 1230 3099 Cura
1247 3053 1299 3098 et
1323 3043 1637 3098 sollicitudo
1668 3044 1720 3097 in
1751 3043 2051 3113 cogitatio-

482 3138 646 3193 nibus
693 3137 843 3208 fugat
874 3138 1160 3206 passiones
1190 3158 1202 3190 :
1235 3137 1498 3206 scriptum
1529 3135 1676 3191 enim
1709 3146 1826 3191 est:
1857 3155 1876 3189 ι
1904 3135 2049 3191 Cura

481 3229 826 3297 superveniet
847 3227 903 3281 in
930 3229 1104 3280 virum
1134 3227 1451 3297 sapientem.
1482 3246 1500 3278 ι
1536 3225 1602 3280 Ut
1634 3228 1853 3297 pigritia
1881 3228 2052 3280 auxi—

482 3320 556 3373 lio
601 3326 686 3373 est
733 3319 1102 3388 passionibus,
1135 3319 1215 3372 sic
1265 3319 1648 3389 :equanimitas
1675 3325 1729 3373 et
1760 3318 2051 3374 tolerantia

480 3424 566 3470 est
598 3417 860 3470 virtutum
919 3414 1105 3468 robur.
1140 3411 1424 3467 Neminem
1461 3411 1711 3482 judicare
1757 3411 1812 3466 id
1860 3425 2052 3466 murus

481 3516 567 3566 est
598 3508 960 3580 praevalidus;
995 3507 1306 3576 vituperare
1336 3511 1518 3560 autem
1549 3511 1604 3559 et
1631 3504 1964 3566 obtrectare,
1998 3503 2053 3556 id

483 3603 722 3657 animam
760 3600 986 3671 conjicit
1024 3601 1079 3654 in
1107 3597 1425 3670 perniciem.
1459 3595 1728 3669 Linguam
1767 3611 1924 3652 suam
1959 3610 2055 3651 co—

385 3747 398 3758 ,
484 3693 674 3748 hibere
707 3707 898 3764 posse,
923 3691 975 3746 id
1009 3691 1188 3761 palam
1231 3689 1360 3744 facit
1404 3690 1583 3744 virum
1617 3703 1741 3744 esse
1781 3687 1836 3741 in
1876 3687 2052 3742 virtu-

485 3786 635 3841 tibus
705 3788 1098 3850 exercitatum;
1147 3783 1331 3853 lingua
1388 3790 1570 3837 autem
1625 3780 1849 3836 effrenis
1901 3794 2054 3834 com-

484 3879 681 3950 probat
712 3877 986 3931 hominem
1019 3891 1127 3930 non
1151 3891 1274 3931 esse
1304 3875 1504 3930 virtute
1528 3873 1717 3928 intime
1745 3871 2051 3941 praeditum.

483 3969 864 4025 Misericordia
900 3983 1019 4038 qua:
1054 3967 1109 4021 in
1154 3973 1332 4022 mente
1362 3975 1414 4020 et
1455 3964 1786 4035 cogitatione
1813 3963 2052 4027 exsistit,

485 4062 627 4130 parit
663 4059 1034 4130 prospiciendi
1079 4057 1413 4122 facultatem,
1449 4072 1512 4111 ac
1551 4057 1702 4111 ducit
1729 4055 1794 4109 ad
1821 4055 2056 4108 Charita-

487 4160 630 4218 tem;
664 4152 758 4206 sed
805 4152 1020 4204 animus
1068 4149 1459 4204 immisericors
1504 4148 1646 4217 parit
1689 4146 2054 4200 inhumanita-

483 4251 615 4296 tem.
679 4241 846 4296 Mater
888 4242 1152 4294 virtutum
1203 4247 1287 4294 est
1347 4237 1789 4303 commiseratio;
1818 4238 2057 4307 complc-

483 4340 727 4386 mentum
759 4340 941 4387 autem
967 4333 1234 4385 malorum
1256 4338 1337 4385 cst
1360 4329 1794 4399 inobsequentia.
1831 4329 2053 4384 Bonitas

2827 1853 2839 1870 Ι

2147 1856 2254 1925 γάρ
2269 1870 2282 1884 ·
2305 1874 2320 1904 ι
2334 1855 2500 1907 Ὅταν
2521 1855 2696 1907 πάντα
2722 1853 3004 1922 ποιήσητε,
3028 1851 3149 1903 τότε
3169 1849 3374 1916 λέγετε,
3393 1848 3475 1899 ὅτι
3490 1847 3722 1915 Ἀχρεῖοι

2144 1947 2316 2000 δοῦλοί
2341 1949 2526 2016 ἐσμεν.
2570 1965 2588 1997 ι
2621 1945 2709 2016 Μὴ
2745 1944 3212 2016 ὑψηλοφρονήσῃς,
3245 1942 3328 1994 ὅτι
3353 1941 3446 1994 ἀπ’
3475 1939 3602 2010 ἄρτι
3630 1955 3724 1990 κα-

2146 2039 2236 2104 λὸς
2281 2035 2364 2092 εἷο
2400 2040 2458 2092 ού
2506 2039 2614 2110 γὰρ
2661 2038 2792 2110 δύνῃ
2828 2035 3114 2090 πιστεῦσαι
3142 2035 3332 2089 ἑαυτὸν
3349 2035 3463 2096 τοῖς
3513 2031 3726 2102 ἐχθροῖς

2149 2148 2262 2183 σου.

2215 2223 2267 2276 5.
2307 2222 2397 2293 Μὴ
2427 2221 2707 2294 θαρῤήσῃς
2742 2218 2936 2272 ἑαυτοῦ
2971 2217 3050 2288 τῷ
3090 2218 3324 2288 σώματι.
3365 2217 3424 2269 '0
3458 2213 3729 2285 φοϐούμε-

2145 2331 2235 2377 νος
2281 2315 2406 2376 τοὺς
2454 2313 2716 2382 δαίμονας
2763 2311 2919 2382 δῆλον
2967 2309 3156 2364 ἑαυτὸν
3184 2310 3346 2371 ποιεῖ,
3377 2307 3588 2360 ὅτιούκ
3617 2306 3726 2358 ἐστι

2148 2406 2310 2475 φόῦος
2331 2405 2469 2458 Θεοῦ
2505 2407 2563 2459 ὲν
2589 2404 2758 2474 αύτῷ.
2800 2405 2857 2457 Ὀ
2889 2403 2998 2474 γὰρ
3032 2402 3365 2472 φοϐούμενος
3389 2400 3482 2452 τὸν
3511 2399 3646 2452 Θεὸν
3672 2399 3727 2461 ἐξ

2147 2499 2273 2568 ὅλης
2297 2497 2462 2550 αύτοῦ
2489 2498 2587 2568 τῆς
2631 2495 2856 2567 καρδίας
2886 2495 3093 2567 ἐδραῖός
3122 2497 3267 2546 ἐστιν
3304 2495 3394 2545 ἐπ’
3421 2495 3628 2556 αὐτοῖς.
3658 2493 3728 2544 Τὸ

2152 2590 2225 2662 μὴ
2251 2589 2514 2659 μετρῆσαι
2539 2589 2750 2652 ἑαυτὸν,
2781 2587 2893 2641 ἀλλ’
2915 2587 3107 2641 ἑαυτὸν
3137 2586 3278 2656 ἔχειν
3300 2586 3600 2654 ἄγνωστον,
3629 2602 3729 2652 φα-

2147 2685 2294 2752 νεροῖ
2322 2681 2401 2752 τῷ
2448 2679 2739 2752 ἀνθρώπῳ,
2768 2682 2848 2734 ὅτι
2883 2681 2944 2734 ού
2976 2679 3128 2750 ζητεῖ
3169 2679 3389 2749 ποιῆσαι
3429 2677 3490 2731 τὸ
3535 2676 3724 2730 ἑαυτοῦ

2149 2773 2377 2845 θέλημα,
2410 2773 2542 2827 ἀλλὰ
2567 2773 2626 2826 τὸ
2661 2773 2756 2826 τοῦ
2781 2772 2936 2828 Θεοῦ.
2985 2773 3042 2826 '0
3074 2773 3248 2840 λέγων
3267 2773 3358 2825 τὸν
3386 2772 3544 2840 λόγον
3565 2770 3725 2824 αὐτοῦ

2149 2869 2236 2922 ἐπὶ
2264 2866 2492 2931 πολλῶν,
2529 2865 2682 2937 δῆλον
2734 2866 2922 2918 ἑαυτὸν
2975 2868 3134 2930 ποιεῖ,
3173 2865 3383 2917 ὅτιούκ
3419 2863 3536 2916 ἐστι
3567 2862 3725 2930 φόξος

2147 2957 2282 3012 Θεοῦ
2334 2960 2392 3011 ὲν
2430 2957 2598 3028 αύτῷ.
2633 2957 2690 3010 Ὀ
2737 2956 3052 3027 βουλόμενος
3086 2956 3324 3026 σωθῆναι
3361 2953 3615 3024 σχολάσει
3654 2953 3724 3021 τῷ

2149 3050 2288 3121 Θεῷ,
2314 3051 2407 3106 καὶ
2435 3051 2808 3120 καταπατήσει
2837 3049 2903 3103 τὰ
2923 3047 3089 3120 πάθη.
3115 3047 3189 3100 Τὸ
3206 3047 3487 3119 φροντίσαι
3518 3048 3577 3098 ἐν
3595 3045 3723 3112 γνῶ·

2154 3160 2238 3196 σει
2287 3141 2536 3196 ἐκδιώκει
2567 3141 2634 3194 τὰ
2674 3141 2856 3214 πάθηο
2902 3141 3209 3211 γέγραπται
3260 3139 3397 3209 γάρ·
3439 3156 3457 3188 ι
3510 3138 3722 3208 Φροντὶς

2153 3234 2500 3288 ἐπελεύσεται
2527 3235 2612 3286 ἐπ’
2635 3233 2804 3303 ἄνδρα
2832 3232 3012 3300 σοφόν.
3039 3251 3057 3282 ι
3087 3232 3298 3302 ’Ὠσπερ
3321 3233 3354 3300 ἠ
3383 3229 3583 3302 ἀκηδία
3609 3229 3722 3298 βοή-

2153 3327 2275 3382 θειά
2318 3328 2432 3380 ἐστι
2468 3325 2578 3378 τῶν
2622 3323 2832 3387 παθῶν,
2865 3323 3008 3376 οὕτω
3051 3323 3142 3375 καὶ
3177 3325 3211 3392 ἡ
3247 3321 3602 3392 μακροθυμία
3637 3320 3724 3372 δύ-

2154 3420 2316 3490 ναμίς
2341 3421 2458 3471 ἐστι
2487 3417 2594 3471 τῶν
2620 3415 2851 3488 ἀρετῶν.
2871 3415 2944 3468 Τὸ
2971 3416 3044 3485 μὴ
3075 3413 3284 3486 κρίνειν
3312 3413 3599 3482 ἄνθρωπον
3625 3415 3724 3464 τεῖ-

2154 3512 2248 3583 χός
2276 3513 2420 3564 ἐστιν
2437 3512 2455 3531 ⁸
2488 3510 2768 3578 ἀντίτητον
2787 3525 2800 3537 ·
2828 3507 2890 3560 τὸ
2920 3507 2979 3560 δὲ
2996 3506 3208 3575 ψέξαιῆ
3236 3506 3607 3575 κατώαλῆσαι
3632 3507 3726 3558 ἀπο

2153 3602 2348 3656 ώλειαν
2375 3605 2443 3675 τῇ
2461 3603 2605 3672 ψυχῇ
2623 3618 2750 3654 κατε
2761 3599 3037 3672 ργάζεται.
3059 3599 3130 3651 Τὸ
3157 3597 3430 3669 κρατῆσαι
3448 3598 3547 3667 τῆς
3567 3597 3727 3675 risi):-

2152 3711 2253 3766 της
2299 3670 2678 3763 δηλόποιείτναι,
2710 3670 2791 3745 ὅτι
2831 3689 3134 3762 πρακτικός
3161 3691 3278 3742 ἐστι
3315 3689 3413 3759 μὲν
3446 3691 3568 3750 ταῖς
3611 3670 3730 3758 ἀρε·

2153 3787 2274 3848 ταῖς
2293 3801 2306 3816 ·
2338 3787 2370 3855 ἡ
2408 3784 2462 3838 δὲ
2486 3784 2809 3837 ἀπαιδευσία
2840 3783 2940 3852 τῆς
2965 3781 3215 3851 γλώσσης
3248 3780 3529 3851 σημαίνει,
3557 3780 3639 3832 ὅτι
3665 3775 3730 3830 '05

2155 3875 2414 3946 κέκτηται
2456 3874 2656 3946 ἀρετὴν
2686 3874 2913 3928 ἔνδοθεν.
2953 3875 3017 3927 Ἠ
3061 3875 3119 3926 ὲν
3160 3872 3360 3942 γνώσει
3397 3872 3730 3944 ἐλεημοσύνη

2153 3966 2326 4020 τίκτει
2347 3969 2407 4019 τὸ
2435 3968 2691 4038 προορᾷν,
2727 3968 2818 4019 καὶ
2845 3967 3029 4036 ὁδηγεῖ
3057 3967 3137 4028 είς
3178 3966 3275 4036 τὴν
3315 3964 3570 4034 ἀγάπην·
3604 3967 3638 4033 ἡ
3682 3964 3734 4014 δὲ

2154 4059 2554 4130 ἀνελεημοσύνη
2581 4058 2754 4110 τίκτει
2781 4056 2880 4128 τὴν
2907 4055 3324 4127 ἀπανθρωπίαν.
3367 4056 3570 4125 Μήτηρ
3606 4056 3732 4126 ἁρε-

2155 4150 2262 4203 τῶν
2289 4154 2434 4204 ἐστιν
2459 4153 2490 4222 ἡ
2527 4151 2862 4221 συμπάθεια·
2896 4149 3166 4220 πλήρωμα
3189 4148 3244 4200 δὲ
3267 4146 3454 4200 κακῶν
3480 4150 3514 4217 ἠ
3543 4149 3738 4200 ἀνυπο-

2154 4247 2333 4310 ταξία.
2377 4247 2443 4298 Ἠ
2490 4244 2758 4314 ἀγαθότης
2787 4242 2958 4294 τίκτει
2988 4242 3086 4310 τὴν
3125 4241 3344 4308 ἁγνείαν
3363 4256 3376 4268 ·
3409 4241 3442 4308 ἡ
3470 4239 3529 4290 δὲ
3555 4239 3737 4308 ὀξύχο-

2155 4342 2244 4394 λία
2259 4339 2512 4394 τίκτειτά
2529 4337 2692 4408 πάθη.
2712 4337 2776 4389 Ἡ
2800 4337 2933 4405 σκλη
2944 4335 3202 4407 ροκαρδία
3223 4335 3396 4386 τίκτει
3411 4335 3512 4405 τὴν
3536 4335 3703 4405 ὀργήν
3720 4351 3734 4363 ·

487 4423 633 4495 parit
681 4424 1011 4489 castitatem,
1055 4423 1336 4477 iracundia
1391 4423 1735 4477 inordinatos
1801 4421 2049 4477 affectus.

2157 4437 2189 4505 ἡ
2224 4435 2279 4486 δὲ
2304 4431 2501 4502 ἀκηδία
2526 4431 2694 4484 τίκτει
2727 4430 2825 4499 τὴν
2856 4428 3080 4481 ἔνδειαν.
3117 4428 3290 4498 Κόρος
3326 4426 3500 4480 ὕπνου
3529 4428 3737 4498 ταραχὴ

482 4515 682 4570 Cordis
711 4515 940 4569 durities
970 4517 1141 4585 gignit
1177 4515 1333 4568 iram.
1370 4513 1596 4585 Pigritia
1630 4517 1773 4585 parit
1805 4517 2055 4588 indigen-

483 4607 640 4660 tiam.
677 4606 916 4661 Somnus
960 4608 1164 4661 nimius
1211 4607 1506 4661 tumultum
1537 4607 1710 4676 gignit
1741 4607 2054 4664 affectuum.

487 4698 649 4754 Salus
678 4707 858 4752 autem
891 4699 1086 4752 anima:
1117 4708 1244 4753 sunt
1269 4699 1465 4769 vigilia:
1483 4698 1792 4754 moderatae.
1819 4700 2058 4758 Somnus

484 4790 692 4844 nimius
739 4791 955 4842 turbam
997 4790 1199 4842 excitat
1248 4790 1825 4858 phantasiarumzllos
1873 4801 2056 4848 autem

491 4886 620 4934 sunt
645 4880 860 4942 animas,
897 4877 1096 4948 vigiliae
1131 4893 1257 4932 cum
1293 4881 1561 4933 oratione.
1608 4879 1798 4934 Somni
1841 4881 2058 4936 diutur-

485 4970 633 5025 nitas
663 4983 760 5023 cor
787 4969 1028 5032 hebetat,
1053 4968 1150 5022 sed
1174 4968 1373 5038 vigilia:
1398 4972 1643 5022 excitant
1678 4970 1879 5038 ipsum.
1911 4972 2058 5042 Vigi-

486 5060 588 5115 lias
622 5058 753 5115 dico
788 5060 910 5115 illas
943 5074 1065 5129 quae
1098 5058 1399 5113 secundum
1430 5057 1600 5114 Deum
1634 5070 1892 5130 aguntur,
1929 5079 2054 5118 cum

2160 4524 2368 4578 παθῶνο
2438 4522 2678 4593 σωτηρία
2749 4521 2806 4573 δὲ
2866 4520 3044 4590 ψυχῆς
3105 4518 3380 4589 ἀγρυπνία
3440 4518 3734 4590 ἔμμετρος,

2165 4616 2369 4676 Ὕπνος
2385 4614 2441 4666 ἐν
2466 4613 2610 4684 κόρῳ
2644 4610 2842 4681 πλῆθος
2875 4608 3202 4678 φαντασιῶνο
3229 4606 3387 4669 ἄνθος
3415 4607 3473 4659 δὲ
3503 4607 3597 4659 τοῦ
3626 4605 3736 4666 νοῦ,

2162 4705 2437 4778 ἀγρυπνία
2452 4707 2508 4756 ὲν
2528 4705 2821 4774 προσευχῇ.
2840 4703 3014 4766 Πολὺς
3044 4701 3208 4764 ὕπνος
3230 4702 3462 4771 παχύνει
3492 4700 3735 4770 καρδίαν,

2163 4795 2442 4868 ἀγρυπνία
2473 4794 2528 4845 δὲ
2555 4792 2806 4844 λεπτύνει
2830 4794 3021 4862 αὑτήνο
3050 4791 3357 4863 ἀγρυπνίαν
3387 4791 3444 4842 δὲ
3478 4790 3624 4856 λέγω
3643 4789 3736 4857 τὴν

2165 4886 2306 4941 κατὰ
2350 4886 2481 4938 Θεὸν
2525 4884 2815 4955 γινομένην
2849 4885 2906 4936 ἐν
2939 4885 3206 4954 ψαλμοῖς,
3257 4885 3353 4936 καὶ
3403 4881 3620 4952 ὕμνοις,
3652 4882 3739 4933 καὶ

2163 4977 2326 5048 ᾠδαῖς
2376 4981 2789 5047 πνευματικαῖς.
2856 4977 3080 5046 Ἀγαθὸς
3132 4974 3240 5045 γὰρ
3271 4974 3441 5038 ὕπνος
3473 4977 3534 5028 ἐν
3568 4974 3737 5039 σιωπῇ

2162 5068 2270 5122 τῶν
2299 5067 2719 5139 ἀγρυπνούντων
2749 5071 2805 5121 ὲν
2838 5068 3210 5138 ματαιολογία.

484 5149 734 5219 psalmis,
765 5150 983 5220 hymnis
1024 5158 1078 5204 et
1111 5149 1342 5204 canticis
1408 5149 1809 5218 spiritualibus.
1839 5152 1911 5210 lis
1971 5161 2120 5215 enim
2159 5161 2256 5233 qui
2309 5161 2523 5230 vigilias
2572 5159 2979 5214 confabulando
3028 5167 3082 5214 et
3134 5158 3437 5229 garriendo
3501 5155 3737 5226 exigunt.

486 5249 708 5311 praestat
741 5256 864 5295 cum
891 5243 1110 5298 silentio
1137 5241 1398 5296 dormire.

555 5331 610 5387 4.
653 5331 857 5387 Luctus
903 5334 1188 5403 passiones
1236 5333 1405 5404 fugat,
1440 5335 1584 5389 risus
1615 5354 1644 5387 a
1673 5334 1786 5390 Deo
1817 5347 2053 5407 separat.

488 5422 778 5479 Humilitas
805 5424 858 5478 id
888 5425 1047 5480 eliicit
1073 5433 1133 5479 ut
1151 5425 1426 5480 hominem
1464 5442 1572 5480 non
1607 5426 2052 5495 reformidemus;

488 5515 661 5587 gloria
698 5522 880 5570 autem
905 5517 1187 5573 hominum
1220 5521 1361 5589 parit
1385 5519 1716 5590 superbiam.
1739 5521 1838 5575 ira:
1867 5522 2053 5576 vacui-

561 5671 609 5704 “
646 5670 775 5725 Luc.
812 5688 950 5737 xvtt,
986 5674 1070 5728 10.

2235 5337 2288 5389 4.
2325 5335 2397 5387 Τὸ
2431 5335 2626 5397 πένθος
2654 5334 3002 5389 ἐκδιώκειτά
3037 5335 3205 5404 πάθη,
3247 5335 3308 5387 τὸ
3340 5335 3398 5389 δὲ
3439 5335 3611 5403 γέλως
3640 5352 3740 5403 χω-

2167 5428 2301 5500 ρίζει
2343 5428 2450 5482 ἀπὸ
2487 5428 2642 5481 Θεοῦ.
2670 5429 2742 5481 Τὸ
2773 5428 2849 5499 μὴ
2871 5435 2887 5448 ‘
2919 5427 3116 5498 πλῆξαι
3145 5428 3435 5498 ἄνθρωπον
3459 5429 3631 5480 τίκτει
3654 5443 3741 5478 τα-

2161 5521 2445 5584 πείνωσιςο
2473 5521 2580 5590 ἡδὲ
2617 5521 2742 5588 δόξα
2769 5521 2876 5575 τῶν
2909 5519 3210 5592 ἀνθρώπων
3240 5521 3418 5574 τίκτει
3446 5522 3547 5593 τὴν
3583 5520 3742 5590 6:39-
