3860 6220
146 297 292 354 Ml;

945 291 1176 347 SERMO
1217 289 1354 347 PRO
1394 288 1482 345 llS
1512 288 1639 356 QUI
1679 289 1975 345 δῶσι]ιο
2018 284 2611 354 ΒΕΝΟΝἸΊᾹΠΟΝΤ..

3253 289 3393 344 NH

146 412 404 485 ηφανίαν.
450 410 514 464 Ἦ
566 409 832 481 ἀοργησία
880 408 1052 461 τίκτει
1103 405 1200 477 τὴν
1229 405 1544 476 πραότητα’
1583 405 1617 476 ἠ
1665 405 1721 458 δὲ

1832 415 1910 459 tas
1973 405 2115 484 parit
2179 401 2688 464 mansuetudinem;
2741 400 3063 470 in'juriarum
3126 403 3394 458 memoria

148 501 490 576 μνησικακία
547 501 719 556 τίκτει
773 501 873 570 τὴν
931 498 1224 553 ἀπώλειαν.
1262 498 1335 550 Τό
1377 499 1597 568 ἀγαπᾷν
1627 498 1723 550 τὸν

147 594 468 664 πλατυσμὸν
519 592 770 646 ἐκδιώκει
817 591 918 655 τάς
955 589 1246 661 ἀρετάς”ἡ
1290 588 1345 640 δὲ
1398 587 1727 658 στενοχωρία

143 688 395 740 ταπεινοῖ
425 683 492 737 τὰ
524 683 691 755 πάθη.
736 683 798 735 Ἦ
822 681 1086 751 ἐπιθυμία
1118 679 1226 732 τῶν
1268 678 1580 749 ἐδεσμάτων
1645 677 1725 729 δι-

145 776 275 843 άγει
292 777 370 839 είς
389 774 456 828 τὰ
487 773 633 845 πάθη
656 791 669 804 ο
697 775 730 843 ἡ
749 773 806 826 δὲ
833 773 1128 843 ἐγκράτεια
1159 767 1406 822 ἐκδιώκει
1437 768 1596 822 αὐτά.
1622 768 1728 821 Κό-

146 885 352 938 σμησις
377 865 648 936 σώματος,
678 864 852 934 ψυχῆς
879 861 1224 932 καταστροφή
1247 879 1258 889 ·
1282 857 1433 929 τῆξις
1457 859 1514 911 δὲ
1545 856 1729 929 σώμα-

142 978 263 1027 τος,
281 959 672 1029 ἀνακαινισμὺς
696 957 893 1026 ψυχῆς.
915 955 1311 1027 Περιφρόνησις
1328 951 1597 1022 σώματος,
1627 969 1731 1004 σω-

142 1053 314 1124 τηρία
338 1052 514 1121 ψυχῆς
537 1067 549 1080 ο
582 1048 868 1119 ἐπιμέλεια
897 1049 954 1101 δὲ
979 1046 1250 1116 σώματος,
1271 1045 1437 1111 παγὶς
1467 1045 1533 1113 τῇ
1559 1042 1724 1113 ψυχῇ.

144 1145 316 1213 Τῆξις
343 1145 399 1196 δὲ
427 1142 674 1213 σώματος
702 1141 976 1209 φωτισμὸς
1000 1137 1197 1208 ψυχῆς.
1229 1135 1301 1188 Τὸ
1329 1135 1616 1206 προσέχειν
1639 1134 1730 1187 τὸν

142 1235 275 1288 νοῦν
301 1235 410 1288 ἀνω
434 1234 683 1295 πάντοτε,
712 1231 881 1284 τίκτει
905 1229 1003 1300 τὴν
1029 1228 1248 1297 ἀγάπην
1271 1226 1369 1296 τὴν
1399 1225 1534 1294 πρὸς
1561 1224 1692 1276 Θεόν
1714 1239 1726 1251 ·

145 1329 185 1395 ὴ
214 1326 272 1379 δὲ
295 1326 530 1397 μέριμνα
555 1324 648 1376 τοῦ
668 1324 781 1394 βίου
808 1321 1055 1375 ἐκδιώκει
1084 1320 1183 1383 τὰς
1205 1319 1422 1388 ἀρετάς.
1461 1316 1534 1368 Τὸ
1563 1314 1732 1384 φυλά-

145 1420 243 1484 ξαι
268 1418 328 1471 τὺ
354 1419 548 1488 στόμα,
577 1416 833 1486 διεγείρει
859 1413 956 1485 τὴν
992 1413 1228 1465 διάνοιαν
1257 1410 1390 1480 πρὸς
1431 1408 1520 1463 τὸν
1556 1407 1689 1460 Θεόν
1711 1425 1723 1438 υ

142 1513 185 1577 ὴ
208 1510 266 1562 δὲ
292 1507 584 1575 πολυλογία
613 1506 784 1560 τίκτει
816 1504 911 1576 τὴν
952 1501 1180 1573 ἀκηδίαν
1233 1502 1326 1554 καὶ
1371 1499 1468 1570 τὴν
1505 1499 1729 1568 μανίαν.

146 1601 228 1653 Τὸ
291 1601 511 1672 ποιῆσαι
566 1599 627 1651 τὸ
688 1597 896 1666 θέλημα
954 1597 1048 1649 τοῦ
1117 1593 1360 1662 πλησίον,
1400 1591 1652 1662 σημαίνει
1703 1590 1733 1641 6

144 1691 279 1755 νοῦς
305 1691 379 1762 (α)
415 1690 629 1761 βλέπειν
657 1690 754 1752 τὰς
792 1687 992 1759 ἀρετάς
1013 1703 1026 1716 ο
1056 1685 1116 1737 τὸ
1169 1683 1224 1736 δὲ
1260 1683 1482 1753 ποιῆσαι
1515 1681 1575 1734 τὸ
1603 1681 1732 1734 ἴδιον

1825 500 1968 570 parit
2012 499 2260 554 exitium.
2299 498 2597 554 Dissolutio
2643 501 2794 567 pellit
2836 499 3098 565 virtutes;
3142 500 3396 569 angustia

1826 593 2083 661 deprimit
2138 593 2446 660 passiones.
2518 592 2976 660 Concupiscentia
3041 591 3290 645 ciborum
3336 592 3396 646 in

1828 698 2026 746 pravos
2076 682 2304 738 aﬁ‘ectns
2355 683 2584 745 inducit,
2640 683 3000 752 temperantia
3052 683 3200 752 ejicit
3247 684 3396 740 illos.

1827 773 2021 829 Cultus
2066 775 2314 844 corporis
2357 783 2443 830 est
2482 775 2678 829 anima:
2707 775 3001 843 pernicies,
3037 773 3241 829 macies
3271 789 3404 848 cor-1

1804 864 1979 946 oporis
2022 872 2105 918 est
2152 865 2435 918 renovatio
2486 866 2698 918 animae.
2731 863 2994 933 Corporis
3044 851 3404 932 contemptus?

1827 968 1911 1011 est
1959 957 2108 1011 salus
2170 957 2384 1019 animae,
2445 970 2577 1008 cura
2630 957 2878 1026 corporis
2930 955 3158 1023 laqueus
3205 953 3392 1016 animi,

1830 1050 2034 1102 macies
2079 1047 2325 1118 corporis
2373 1055 2456 1102 est
2515 1047 2840 1100 illuminatio
2899 1048 3111 1101 animae.
3165 1045 3399 1100 Mentem

1831 1152 2051 1192 sursum
2088 1153 2304 1207 semper
2333 1137 2636 1200 intendere,
2675 1138 2725 1190 id
2753 1137 2891 1206 parit
2916 1139 3239 1190 cliaritatem
3270 1150 3399 1204 erga

1830 1225 2034 1292 Deum;
2071 1227 2382 1281 sollicitudo
2426 1227 2549 1280 vitae
2604 1227 2832 1280 virtutes
2860 1227 3120 1279 eliminat.
3155 1224 3282 1280 Oris
3311 1242 3402 1278 cu-

1831 1315 2008 1370 stodia
2044 1315 2246 1369 excitat
2294 1323 2526 1370 mentem
2574 1317 2639 1368 ad
2681 1316 2874 1376 Deum,
2913 1317 3218 1384 loquacitas
3259 1317 3402 1385 parit.

1831 1407 2136 1461 socordiam
2158 1416 2210 1461 et
2230 1407 2490 1460 furorem.
2512 1406 2750 1460 Proximi
2785 1409 3117 1462 voluntatem
3153 1410 3398 1477 implere,

1833 1499 1885 1552 id
1935 1499 2206 1568 signiﬁcat
2249 1507 2484 1552 mentem
2524 1498 2590 1550 ad
2629 1503 2860 1554 virtutes
2901 1510 3148 1568 spectare
3186 1519 3200 1554 :
3244 1516 3399 1555 suam

1831 1605 1960 1645 vero
1992 1590 2147 1658 sequi
2171 1591 2527 1654 voluntatem,
2557 1589 2608 1642 id
2637 1589 2842 1643 indicat
2881 1593 3264 1660 ignorantiam.
3293 1593 3403 1645 Ille-

1833 1684 2027 1738 ditatio
2051 1699 2175 1738 cum
2203 1684 2398 1738 timore
2436 1684 2674 1738 custodit
2699 1691 2930 1738 mentem
2965 1685 3032 1736 ab
3060 1685 3206 1738 omni
3237 1687 3400 1748 malo;

145 1783 380 1853 θέλημα,
410 1779 769 1851 σημαίνειτὴν
789 1780 1026 1846 ἄγνοιαν.
1044 1777 1108 1828 ἸΙ
1136 1773 1330 1846 μελέτη
1351 1776 1407 1827 ὲν
1433 1773 1602 1843 φόϐῳ,
1627 1790 1729 1842 φυ-

1836 1773 2107 1827 mundana
2137 1773 2285 1844 loqui
2320 1775 2502 1838 verba,
2538 1775 2590 1827 id
2615 1775 2851 1828 animam
2881 1776 3123 1828 tenebris
3149 1775 3400 1827 ςιίιιιιιιίὶι.

143 1873 341 1928 λάσσει
373 1873 471 1943 τὴν
487 1871 664 1942 ψυχὴν
694 1870 800 1923 ἀπὸ
827 1869 1025 1932 παντὸς
1048 1864 1316 1921 κακοῦοτὸ
1342 1867 1399 1918 δὲ
1415 1864 1592 1917 λαλεῖν
1605 1865 1730 1928 τοὺς

145 1965 448 2034 κοσμικοὺς
475 1963 664 2030 λόγους
697 1961 931 2023 σκοτίζει
961 1960 1060 2030 τὴν
1081 1958 1275 2028 ψυχήν.
1296 1956 1368 2009 Τὸ
1389 1956 1606 2025 ἀγαπᾷν
1633 1955 1730 2024 τὴν

147 2059 286 2129 ὓλην
322 2056 416 2110 τοῦ
444 2056 671 2125 κόσμου,
699 2052 922 2123 χωρίζει
955 2051 1064 2104 ἀπὸ
1091 2049 1184 2103 τοῦ
1222 2049 1355 2102 Θεοῦ
1383 2050 1472 2101 τὸν
1505 2047 1628 2102 νοῦν
1648 2065 1660 2077 ·
1696 2048 1729 2118 ή

145 2151 209 2202 δὲ
273 2147 623 2219 ἀκτημοσύνη
677 2144 970 2216 παρρησίᾳ.
1009 2143 1193 2212 βλέπει
1241 2140 1321 2210 τῷ
1365 2139 1504 2210 Θεῷ.
1539 2139 1611 2191 Τὸ
1655 2138 1728 2209 μὴ

147 2242 340 2308 ἐξάξαι
371 2242 497 2302 τοὺς
521 2239 814 2307 λογισμοὺς
845 2237 1229 2306 δηλοποιεῖται,
1261 2234 1342 2285 ὅτι
1387 2233 1607 2302 ἑκζητεῖ
1630 2230 1728 2301 τὴν

145 2335 311 2400 δόξαν
337 2331 430 2384 τοῦ
465 2333 671 2401 κόσμου
703 2328 892 2382 τούτου
923 2327 1018 2397 τὴν
1049 2325 1280 2397 αἰσχρὰν
1334 2325 1427 2377 καὶ
1456 2325 1728 2394 ματαίανζ

145 2419 214 2472 τὸ
237 2418 292 2471 δὲ
320 2417 579 2487 γνωρίσαι
614 2415 753 2468 αὑτά
779 2414 1166 2483 πνευματικοῖς
1201 2412 1490 2481 πατράσιν,
1538 2409 1728 2462 ἐκδιώ-

147 2525 240 2563 κει
271 2508 427 2562 αὐτά.
467 2507 675 2576 Ὥσπερ
712 2507 740 2558 6
776 2505 850 2568 ἰὸς
887 2502 1246 2577 βιϐρώσκεται
1283 2503 1310 2554 6
1361 2502 1592 2572 μοναχὸς
1623 2503 1727 2555 ὑπὸ

147 2600 251 2671 τὴν
278 2599 433 2666 δόξαν
472 2597 578 2651 τῶν
619 2595 937 2667 ἀνθρώπων,
969 2595 1063 2648 ἐὰν
1097 2597 1130 2664 ἡ
1169 2593 1364 2664 καρδία
1396 2593 1558 2646 αὑτοῦ
1591 2610 1728 2664 συμ-

150 2689 350 2761 πεισθῇ
383 2686 552 2758 αὐτῷ.
579 2687 782 2764 Ὥσπερ
812 2685 1045 2755 σκώληξ,
1074 2685 1190 2754 ἦτοι
1223 2684 1440 2754 σμίλαξ,
1476 2685 1728 2754 συμπλα-

148 2779 272 2842 κεὶς
294 2782 359 2850 τῇ
397 2778 643 2849 ἀμπέλῳ,
671 2777 919 2846 ἀφανίζει
953 2777 1042 2828 τὸν
1078 2776 1286 2846 καρπὸν
1323 2777 1519 2846 αὐτῆς·
1556 2776 1727 2839 οὕτως

148 2869 408 2939 ἀφανίζει
443 2867 719 2933 κενοδοξία
758 2868 848 2920 τὸν
893 2867 1101 2936 καρπὸν
1133 2866 1225 2918 τοῦ
1264 2866 1519 2937 μοναχοῦ,
1565 2865 1660 2918 ἐὰν
1691 2868 1724 2937 ή

148 2961 355 3032 καρδία
406 2959 568 3014 αὐτοῦ
629 2959 933 3030 συμπεισθῇ
991 2959 1148 3030 αὐτῇ.
1193 2959 1306 3029 Πρδ
1349 2959 1566 3012 πάντων
1617 2958 1725 3014 τῶν

149 3051 364 3123 ἀρετῶν
402 3053 547 3105 ἐστιν
575 3053 609 3122 ὴ
641 3049 1104 3121 ταπεινοφροσύνη
1121 3065 1135 3078 ·
1168 3048 1274 3120 πρὸ
1296 3048 1354 3102 δὲ
1381 3048 1596 3103 πάντων
1619 3050 1726 3104 τῶν

143 3142 345 3196 -παθῶν
378 3145 523 3197 ἐστιν
549 3145 582 3214 ἡ
611 3141 1036 3214 γαστριμαργία.
1063 3141 1226 3204 Τέλος
1253 3140 1486 3213 ἀρετῶν,
1513 3143 1702 3214 ἀγάπη
1719 3159 1738 3182 ι

1831 1865 2017 1920 Mundi
2051 1881 2140 1920 res
2179 1874 2231 1920 et
2276 1867 2490 1935 negotia
2522 1866 2772 1935 diligere,
2811 1865 2864 1919 id
2906 1877 3139 1922 mentem
3185 1875 3405 1935 separat

1832 1970 1862 2008 a
1894 1955 2034 2021 Deo;
2088 1963 2384 2026 paupertas
2428 1954 2588 2010 efﬁcit
2633 1965 2692 2011 ut
2742 1972 2866 2010 cum
2919 1956 3117 2011 ﬁducia
3150 1957 3292 2012 Dens
3319 1975 3405 2012 re-

1832 2049 2115 2117 spiciatur.
2161 2047 2534 2118 C0gitationes
2584 2065 2694 2102 non
2727 2031 2983 2118 aperire,
3030 2050 3079 2102 id
3131 2050 3405 2118 signiﬁcat

1837 2138 2112 2192 hominem
2145 2139 2304 2208 522
2335 2155 2579 2209 quaerere
2617 2155 2812 2193 vanam
2848 2156 2911 2194 ac
2954 2150 3164 2210 turpem
3215 2140 3406 2194 mundi

1830 2231 2090 2300 gloriam;
2122 2231 2500 2300 spiritualibus
2551 2240 2736 2286 autem
2778 2232 3024 2301 patribus
3073 2231 3402 2301 patefacere,

1831 2322 1881 2376 id
1923 2337 2016 2376 eas
2049 2321 2316 2374 eliminat.
2350 2321 2649 2377 Monachus
2681 2337 2778 2376 ceu
2812 2322 3064 2390 rubigine
3093 2324 3406 2375 cnrnoditur

1830 2413 2110 2466 hominum
2137 2413 2331 2482 gloria,
2365 2414 2410 2468 si
2447 2421 2624 2467 tamen
2650 2428 2746 2467 cor
2771 2413 2891 2480 ejus
2915 2414 2962 2466 ei
2997 2427 3203 2466 morem
3228 2419 3400 2480 gerat.

1829 2505 2294 2570 Quemadmodum
2325 2507 2526 2559 vermis
2553 2513 2646 2558 aut
2678 2505 2873 2560 sniilax
2915 2505 3084 2558 vineae
3109 2504 3406 2573 complica-

1827 2606 1914 2650 tus
1965 2596 2084 2664 ejus
2132 2595 2370 2650 fructum
2420 2607 2630 2659 enecat,
2680 2599 2760 2652 sic
2804 2613 2942 2650 vana
2993 2596 3164 2666 gloria
3211 2605 3406 2651 enecat

1829 2687 2080 2741 monachi
2112 2687 2371 2752 fructum,
2416 2689 2460 2743 si
2508 2697 2688 2742 tamen
2721 2703 2815 2742 cor
2840 2689 2959 2757 ejus
2999 2689 3101 2757 ipsi
3137 2689 3406 2758 obsequa-

1827 2787 1936 2835 tur.
1970 2779 2129 2834 Praait
2159 2781 2414 2836 omnibus
2445 2781 2741 2835 virtutibus
2767 2782 3070 2844 humilitas,
3101 2784 3256 2850 praeit
3287 2798 3405 2836 om-

1826 2870 1988 2925 nibus
2036 2871 2384 2939 passionibus
2445 2869 2706 2924 edacitas.
2741 2867 2892 2924 Finis
2925 2871 3187 2923 virtutum
3225 2871 3405 2924 chari-

1828 2969 1930 3024 tas,
1981 2963 2442 3032 complementum
2499 2962 2770 3015 malorum
2821 2969 2926 3027 est,
2981 2977 3102 3017 sese
3153 2974 3404 3032 reputare

1821 3051 2056 3121 justum.

1805 3145 2051 3217 ;λήρωμα
2073 3145 2130 3199 δὲ
2155 3147 2361 3210 κακῶν,
2390 3147 2450 3200 τὸ
2472 3149 2660 3202 ἑαυτὸν
2675 3148 2992 3217 λογίσασθαι
3015 3144 3153 3202 εἶναι
3180 3147 3405 3202 δίκαιον.

224 3237 276 3292 5.
308 3236 517 3306 Ὠσπερ
551 3233 764 3306 σκώληξ
793 3233 1094 3287 κατεσθίων
1123 3233 1276 3299 ξύλον
1303 3233 1553 3302 ἀφανίζει
1577 3235 1727 3298 αὐτὸ,

1902 3241 1956 3294 5.
1979 3236 2133 3294 Sicut
2161 3240 2363 3295 vermis
2389 3240 2734 3296 corrodendo
2756 3242 2960 3311 lignum
2989 3249 3182 3295 enecat
3203 3241 3404 3310 ipsum,

143 3328 329 3392 οὕτως
369 3327 618 3398 ἀφανίζει
649 3326 980 3399 μνησικακία
1011 3327 1108 3398 τὴν
1137 3326 1313 3398 ψυχὴν
1341 3326 1436 3380 τοῦ
1474 3327 1727 3398 μοναχοῦ,

147 3427 200 3479 Τ
203 3426 232 3479 6
245 3423 588 3499 παραρρίψαι
603 3423 790 3477 ἑαυτὸν
808 3421 1145 3491 ὲνὼπιονστοῦ
1162 3421 1318 3486 Θεοῦ,
1334 3421 1506 3474 τίκτει
1522 3421 1583 3473 :6
1603 3421 1733 3474 ὑπο-

145 3515 344 3585 φέρειν
378 3515 531 3586 ὓϐριν
546 3515 833 3586 ἀταράχως
854 3530 870 3545 ο
902 3513 963 3566 τὸ
994 3513 1051 3566 δὲ
1095 3512 1170 3584 μὴ
1194 3512 1491 3580 ὲξουθενεῖν
1523 3511 1730 3576 ἑαυτὸν,

147 3606 332 3660 τίκτει
358 3605 454 3678 τὴν
481 3606 874 3677 ὑπερηφανίαν.
910 3605 1000 3674 Μὴ
1029 3604 1120 3657 ἔσο
1154 3603 1432 3668 πεποιθὼς
1455 3605 1547 3657 ἐπὶ
1572 3607 1639 3676 τῇ
1663 3605 1730 3676 σῇ

145 3700 402 3768 δυνάμει,
429 3699 524 3752 καὶ
553 3699 585 3769 ἡ
616 3697 836 3767 βοήθεια
870 3695 960 3750 τοῦ
986 3694 1121 3749 Θεοῦ
1151 3698 1477 3768 παροικήσει
1512 3713 1614 3751 σοι.

146 3791 249 3862 εχε
265 3789 460 3860 ἔχθραν
480 3789 619 3859 μετά
638 3806 802 3852 τινος,
823 3788 943 3840 ἐπεὶ
964 3787 1328 3860 ἀπρόσδεκτός
1347 3789 1493 3840 ἐστιν
1515 3789 1548 3858 ὴ
1574 3804 1735 3858 προσ-

149 3883 290 3952 ευχή
325 3898 436 3934 σου.
481 3880 760 3950 Ἀλήθειαν
807 3879 1029 3947 ἀγάπαο
1064 3883 1083 3902 '
1111 3880 1207 3949 τῆς
1255 3879 1362 3948 γὰρ
1410 3879 1735 3950 ψευδόμενος

148 3972 340 4026 ἀθετεῖ
359 3971 448 4024 τὸν
471 3971 654 4024 καλόν.
680 3970 914 4036 Φύλαξον
941 3973 1066 4032 τοὺς
1097 3969 1407 4039 ὀφθαλμούς
1431 3987 1546 4034 σου,
1581 3973 1674 4023 καὶ
1698 3971 1730 4040 ἡ

147 4061 351 4133 καρδία
376 4078 467 4114 σου
494 4061 554 4113 οὐ
586 4061 661 4132 μὴ
678 4062 764 4133 ίδῃ
791 4061 1044 4131 πονηρόν.
1061 4061 1116 4113 Ὀ
1133 4061 1239 4132 γὰρ
1268 4061 1480 4132 βλέπων
1505 4063 1734 4129 γυναῖκα

147 4156 212 4206 ἐν
248 4152 428 4224 ήδὸνῇ,
460 4153 704 4224 μοιχείαν
729 4153 982 4206 ἐπιτελεῖ.
1011 4152 1255 4206 Φύλασσε
1283 4151 1378 4223 τὴν
1410 4153 1578 4222 ἀκοήν
1615 4167 1731 4217 σου,

148 4245 244 4296 ἵνα
281 4244 353 4314 μὴ
393 4243 719 4316 ἐπισυνάξῃς
770 4241 979 4312 σεαυτῷ
1017 4243 1192 4295 πάντα
1240 4242 1474 4312 πονηρὸν
1512 4241 1731 4312 σπόρον.

146 4334 353 4400 Φεύξου
369 4334 476 4388 ἀπὸ
504 4334 828 4398 καταλαλιάς
848 4331 942 4386 τοῦ
961 4334 1325 4406 πονηροτάτου
1341 4333 1426 4386 δαί
1434 4352 1610 4404 μονος,
1633 4335 1729 4386 καὶ

147 4429 400 4498 είρήνευε
430 4428 566 4497 μετά
579 4427 814 4489 πάντων,
837 4426 923 4480 ἴνα
941 4426 1290 4498 παρῤησιάσῃ
1313 4425 1622 4496 εὐχόμενος.
1644 4425 1734 4496 Μὴ

148 4518 419 4590 ὲπιποθῇς
455 4519 682 4571 ἀκοῦσαι
718 4518 920 4589 βλάϐην
953 4509 1126 4590 λύπης
1173 4517 1374 4580 παντὸς
1423 4516 1731 4588 ἀνθρώπου,

149 4610 243 4662 ἵνα
275 4611 346 4678 μὴ
363 4579 770 4673 ¹ἀνταποδώσείς
797 4579 957 4663 αὑτὸν
979 4612 1035 4662 ἐν
1155 4608 1505 4681 καρδίᾳασου.
1528 4579 1734 4681 ’Ἑργάέ
1760 4579 1814 4640 D

146 4702 250 4766 ζου
270 4703 326 4754 ἐν
347 4701 423 4772 τῷ
446 4701 744 4772 ἐργοχείρῳ
769 4718 882 4765 σου,
911 4701 996 4753 ἵνα
1025 4699 1162 4772 εῦρῃ
1184 4701 1395 4770 πτωχὸς
1421 4700 1511 4754 σὺν
1538 4702 1728 4771 ἄρτον·

145 4795 186 4863 ἡ
244 4792 352 4863 γάρ
407 4793 573 4862 ἀργία
622 4793 850 4855 θάνατός
902 4795 1015 4844 ἐστι
1053 4794 1119 4862 τῇ
1165 4790 1330 4862 ψυχῇ.
1381 4791 1452 4843 Τὸ
1497 4790 1734 4861 συνεχῶς

149 4882 554 4954 προσεύχεσθαι
599 4883 888 4955 λυτροῦται
921 4883 1020 4954 τὴν
1052 4883 1226 4953 ψυχὴν
1261 4883 1369 4936 ἀπὸ
1408 4883 1609 4946 παντὸς
1637 4899 1734 4936 κα-

148 4973 276 5028 κοῦ.
308 4975 381 5027 Τὸ
416 4975 502 5028 δὲ’
532 4975 1098 5047 καταμικραμελῆσαι,
1129 4976 1439 5046 οἰκητήριον
1463 4974 1573 5027 τῶν
1614 4975 1733 5028 δαι-

152 5065 336 5137 μόνων
369 5065 831 5120 ἀποκαθίσταται.
867 5067 1189 5137 Καθήμενος
1221 5069 1278 5121 ἐν
1317 5068 1395 5137 τῷ
1421 5067 1614 5138 κελλίῳ
1640 5085 1732 5120 σου

146 5155 265 5210 τῶν
303 5173 434 5209 ποτε
478 5157 680 5211 τούτων
710 5158 958 5229 φρόντιζε
999 5157 1234 5229 συνεχῶς
1256 5174 1268 5186 ·
1299 5159 1397 5228 τῆς
1423 5159 1605 5229 εὐχῆς,
1639 5160 1734 5212 καὶ

146 5249 258 5317 τῆς
293 5250 539 5320 μελετῖμ,
560 5252 654 5304 καὶ
685 5253 776 5305 τοῦ
806 5251 1139 5325 ὲργοχείρου.
1168 5251 1303 5305 Καθ’
1329 5253 1563 5323 ἑκάστην
1593 5252 1733 5322 ὴμέ-

152 5357 259 5413 ραν
311 5343 636 5412 μνημόνευε,
670 5344 771 5397 ποῦ
824 5343 923 5410 εἷς,
973 5347 1065 5398 καὶ
1114 5345 1168 5397 τί
1208 5346 1437 5418 ἐργάζῃ,
1472 5345 1565 5397 καὶ
1603 5345 1732 5398 ὅταν

147 5437 172 5458 ¹
190 5437 480 5505 μεταστῇς,
500 5435 599 5488 ποῦ
633 5435 775 5507 ἔχεις
806 5436 1078 5501 ἀπελθεῖν,
1105 5438 1198 5491 καὶ
1231 5437 1463 5508 πρόσεχε
1499 5435 1728 5506 σεαυτῷ.

163 5524 296 5579 Ἐάν
326 5529 354 5578 6
383 5525 638 5597 λογισμός
677 5532 804 5581 σου*
835 5529 949 5592 ῦζει
982 5547 1062 5594 σε,
1094 5531 1176 5584 ὅτι
1199 5529 1308 5600 ἔχει
1334 5547 1416 5592 τις
1443 5528 1583 5582 κατὰ
1615 5527 1728 5588 σοῦ,

231 5689 310 5761 (α)
348 5691 547 5756 Ἴσως,
584 5691 674 5744 τὸν
708 5692 854 5746 νοῦν.

1835 3330 1909 3384 ita
1943 3334 2208 3386 memoria
2244 3332 2570 3402 injuriarum
2610 3339 2803 3386 enecat
2851 3331 3101 3385 monachi
3145 3332 3403 3384 animam.

1835 3420 1967 3477 Sese
2005 3431 2352 3491 prosternere
2407 3425 2461 3478 in
2501 3432 2801 3494 conspectu
2857 3422 3096 3486 Domini,
3141 3424 3196 3478 id
3247 3421 3407 3478 cﬁieit

1836 3523 1895 3569 ut
1925 3516 2256 3571 contumelia
2299 3517 2567 3570 toleretur
2627 3516 2746 3572 sine
2800 3515 3210 3585 perturbatione
3245 3528 3408 3568 :sese

1834 3622 1941 3662 non
1983 3607 2284 3678 despicere,
2321 3607 2376 3662 id
2419 3609 2563 3678 parit
2608 3607 2945 3676 superbiam.
2982 3605 3059 3661 Ne
3087 3614 3195 3660 tua:
3217 3605 3406 3668 virtuti

1833 3697 2094 3764 conﬁdas,
2142 3699 2347 3768 tibique
2395 3700 2569 3753 aderit
2603 3698 2696 3753 Dei
2738 3696 3126 3751 auxilium.Ne
3171 3697 3408 3751 inimici-

1835 3793 1964 3854 tiam
1993 3806 2117 3843 cum
2162 3791 2345 3859 aliquo
2377 3791 2614 3856 habeto;
2653 3791 2894 3859 alioquin
2932 3791 3151 3844 minime
3187 3796 3408 3858 accepta

1834 3885 1939 3938 erit
1967 3884 2144 3937 oratio
2173 3891 2286 3937 tua.
2308 3882 2602 3938 Veritatem
2627 3883 2789 3952 dilige
2817 3899 2828 3933 :
2855 3884 2885 3915 "‘
2910 3898 3032 3935 nam
3059 3883 3106 3935 si
3142 3881 3408 3935 mentiare

1837 3978 2038 4030 bonum
2063 3977 2374 4046 vilipendis.
2406 3975 2632 4031 Custodi
2659 3977 2851 4030 oculos
2881 3984 3029 4038 tuos,
3050 3982 3104 4029 et
3136 3989 3231 4028 cor
3251 3981 3406 4027 tuum

1836 4081 1904 4120 ne
1932 4067 2110 4119 videat
2153 4067 2375 4120 malum.
2411 4065 2514 4132 Qui
2542 4082 2778 4134 namque
2811 4082 2934 4120 cum
2971 4067 3251 4134 voluptate
3281 4081 3406 4118 niu-

1834 4151 2022 4206 lierem
2061 4153 2302 4223 respicit,
2364 4153 2419 4207 in
2478 4153 2899 4208 fornicationem
2957 4154 3175 4208 incidit.
3223 4155 3400 4209 Aures

1836 4257 1996 4298 serva
2049 4251 2195 4310 tuas,
2250 4261 2318 4300 ne
2379 4245 2746 4315 quodcunque
2801 4261 3026 4314 pravum
3079 4261 3264 4300 semen
3306 4246 3407 4300 tibi

1834 4337 2078 4406 colligas.
2109 4335 2255 4407 Fuge
2284 4338 2734 4391 obtrectationem
2765 4337 3161 4405 nequissimum
3207 4337 3410 4391 daemo-

1836 4441 1982 4488 nem,
2015 4440 2314 4496 pacemque
2347 4426 2488 4480 habe
2507 4440 2633 4478 cum
2675 4427 2956 4489 omnibus,
2988 4435 3046 4480 ut
3081 4428 3135 4480 in
3159 4428 3410 4482 oratione

1840 4519 2090 4572 ﬁduciam
2135 4519 2355 4574 habeas.
2388 4517 2465 4574 Ne
2497 4521 2688 4588 cupias
2715 4520 2904 4574 audire
2926 4521 3222 4590 quidquam
3250 4522 3410 4577 triste

1839 4621 1893 4666 et
1929 4613 2251 4666 damnosum
2286 4628 2350 4666 ex
2397 4613 2592 4682 quovis
2627 4613 2883 4668 homine:
2917 4630 2985 4669 ne
3020 4616 3121 4684 ipsi
3156 4615 3210 4668 in
3244 4615 3410 4669 corde

1841 4711 1935 4757 tuo
1966 4719 2065 4772 par
2090 4702 2316 4759 referas.
2347 4702 2510 4774 Operi
2559 4720 2820 4759 manuum
2865 4707 3141 4772 incumbe,
3177 4715 3234 4760 ut
3258 4722 3410 4759 men-

1837 4795 1996 4850 dicus
2039 4811 2232 4864 panem
2267 4812 2426 4850 suum
2481 4797 2625 4866 apud
2653 4808 2701 4852 te
2740 4799 2976 4868 reperiat
3007 4815 3020 4850 :
3054 4813 3178 4852 nam
3234 4799 3406 4851 otium

1837 4899 1987 4939 mors
2013 4893 2098 4940 est
2127 4886 2340 4940 animae.
2388 4884 2668 4956 Frequens
2712 4890 2890 4943 oratio
2930 4890 3166 4941 animam
3212 4889 3410 4942 liberat

1837 4976 1905 5029 ab
1931 4975 2079 5029 omni
2108 4978 2489 5048 malo,"nug:e
2517 4989 2718 5045 autem,
2737 4981 3042 5035 dmmonum
3071 4981 3410 5034 domicilium

1839 5070 2202 5124 constituunt.
2245 5069 2453 5126 Sedens
2483 5073 2534 5125 in
2582 5075 2775 5127 cellula
2806 5082 2918 5138 tua,
2961 5073 3030 5128 de
3067 5073 3153 5127 his
3185 5073 3410 5128 assidue

1838 5169 1956 5215 esto
1984 5163 2276 5228 sollicitus,
2314 5179 2506 5232 nempe
2531 5165 2598 5218 de
2629 5165 2900 5228 oratione,
2927 5165 2994 5218 de
3027 5163 3405 5228 meditatione,

1839 5252 1907 5306 de
1937 5268 2101 5324 opere
2151 5269 2433 5308 manuum.
2467 5253 2740 5309 Memento
2770 5255 3014 5324 quotidie
3046 5255 3270 5308 ubinam
3303 5256 3404 5320 sis,

1838 5352 1892 5399 et
1926 5345 2056 5414 quid
2087 5345 2347 5415 opereris.
2379 5346 2533 5412 Quod
2556 5347 2836 5417 siquando
2857 5361 2995 5416 opus
3033 5348 3104 5402 sit
3139 5357 3197 5401 ut
3221 5348 3407 5417 aliquo

1839 5438 2207 5506 proﬁciscare,
2247 5453 2434 5491 curam
2467 5439 2543 5492 tui
2584 5439 2744 5493 habe.
2788 5438 2848 5492 Si
2890 5439 3113 5508 quando
3157 5439 3254 5493 tibi
3284 5453 3410 5509 sug-

1837 5537 1989 5599 gerat
2023 5530 2280 5600 cogitatio
2331 5539 2441 5597 tna,
2489 5546 2816 5601 quemquam
2869 5547 2992 5587 esse
3044 5529 3138 5602 qui
3202 5527 3409 5602 aliquid
