3860 6220
475 301 617 358 1415

1657 306 1714 359 S.
1751 303 2212 361 ATHANASIUS.
2252 336 2322 345 -—
2358 304 2630 360 SPURIA.

3592 299 3713 354 ιιιε

470 411 668 467 habeat
700 413 986 469 adversum
1021 423 1091 479 te,
1139 432 1209 471 ne
1255 416 1529 487 despicias
1574 432 1722 482 eum,
1762 418 1857 472 sed
1887 416 2039 471 incli-

2148 418 2222 488 μὴ
2289 421 2708 492 καταφρονήσῃς
2774 413 2941 485 αὐτῷ,
2991 413 3127 469 ἀλλὰ
3186 412 3318 483 βάλε
3382 411 3533 482 αὐτῷ
3567 413 3716 482 μετὰ·

472 512 600 559 nato
639 514 691 559 te
717 516 845 560 ante
881 507 1056 559 illum.
1872 572 1889 593 .

538 597 591 650 θ.
632 596 711 651 Ne
740 599 980 668 negligas
1012 599 1314 655 ministeria
1366 600 1600 670 singulis
1631 601 1783 655 horis
1814 600 2043 671 implere

468 697 603 753 tua;
646 704 711 743 ea
758 691 902 743 enim
941 691 1397 746 illuminationem
1440 692 1674 747 afferunt
1718 693 1937 747 animae.
1983 690 2043 746 Si

468 781 611 835 bona
639 783 817 852 egeris
846 798 913 837 ne
942 784 1204 852 gloriere;
1243 786 1328 837 sin
1359 785 1529 838 multa
1559 784 1700 837 mala
1727 785 2040 852 admiseris,

467 888 538 926 ne
577 872 932 928 immoderate
969 875 1176 941 doleas,
1219 877 1315 931 sed
1350 887 1527 931 statue
1555 884 1610 930 te
1640 892 1920 946 nunquam
1949 877 2043 930 illa

467 966 914 1031 commissurum,
951 973 1005 1019 et
1034 967 1266 1021 salutem
1306 982 1662 1036 consequere.
1695 966 1752 1021 Si
1790 968 1890 1021 tibi
1924 983 2044 1021 mo-

467 1056 681 1108 lestiam
737 1055 873 1109 ferat
943 1056 1204 1125 cogitatio
1262 1058 1685 1122 fornicationis,
1738 1062 2041 1112 orationem

468 1149 589 1201 sine
632 1148 1043 1203 intermissione
1092 1148 1203 1203 Deo
1239 1150 1396 1215 offer,
1432 1157 1486 1204 et
1526 1150 1740 1206 sedabit
1773 1152 1945 1205 illam.
1982 1150 2039 1205 Si

466 1241 618 1295 zelus
654 1247 708 1293 et
743 1240 947 1293 invidia
991 1255 1088 1294 cor
1113 1248 1268 1295 tuum
1298 1251 1599 1311 oppugnet,
1628 1249 1907 1296 memento
1936 1257 2041 1297 nos

465 1330 710 1383 membra
739 1346 862 1386 esse
895 1331 1100 1387 Christi
1135 1347 1349 1399 omnes,
1383 1342 1439 1388 et
1474 1334 1589 1388 sive
1619 1333 1885 1388 honorem
1926 1337 2043 1390 sive

464 1421 795 1490 vituperium
848 1422 1080 1491 proximi
1115 1438 1218 1478 nos
1263 1438 1455 1477 omnes
1501 1432 1772 1493 spectare,
1807 1432 1864 1480 et
1908 1440 1939 1498 ξ
1986 1433 2041 1481 te

465 1509 637 1579 fugiet
684 1511 909 1567 invidia.
949 1512 1075 1568 Haec
1110 1514 1297 1569 omnia
1334 1515 1380 1568 9i
1410 1515 1631 1586 colligat
1663 1516 1947 1581 discretio,
1975 1530 2040 1571 ac

465 1618 652 1656 secum
685 1604 777 1656 illa
814 1612 1051 1675 reputet,
1087 1606 1317 1660 virtutes
1347 1606 1564 1675 quidem
1628 1608 1734 1662 sibi
1762 1609 2036 1676 conciliat,

464 1696 601 1749 vitia
631 1707 812 1751 autem
844 1698 1112 1753 eliminat.
1154 1697 1500 1769 lmpossibile
1526 1708 1706 1754 autem
1740 1709 1824 1756 est
1850 1708 1908 1756 ut
1938 1702 2036 1756 tibi

464 1788 692 1843 accedat
716 1788 1001 1855 discretio,
1032 1790 1140 1846 nisi
1168 1767 1322 1859 prius
1356 1791 1589 1847 virtutes
1620 1792 1769 1847 illius
1792 1802 2037 1850 sectatus
2068 1767 2112 1823 Β

464 1880 812 1949 impleveris;
850 1895 962 1950 pra;
999 1882 1255 1937 omnibus
1307 1889 1488 1937 autem
1535 1884 1702 1938 animi
1733 1887 2041 1957 tranquilli-

464 1979 656 2025 tatem.
706 1971 1098 2043 Tranquillitas
1144 1974 1313 2027 animi
1371 1975 1516 2044 parit
1556 1977 2036 2044 exercitationem;

472 2061 797 2115 exercitatio
827 2062 969 2132 parit
1020 2063 1496 2132 compunctionem
1536 2072 1591 2119 et
1631 2065 1848 2135 fletum;
1880 2065 2041 2122 fletus

464 2152 641 2223 gignit
690 2154 984 2223 timorem;
1057 2155 1222 2209 timor
1294 2155 1696 2225 humilitatem;
1756 2158 2039 2214 humilitas

465 2244 834 2314 prospiciendi
908 2245 1260 2315 facultatem;
1329 2248 1700 2318 prospiciendi
1782 2250 2039 2317 facultas,

464 2351 742 2404 amorem;
774 2352 926 2391 amor
952 2337 1008 2392 id
1031 2339 1229 2394 animae
1250 2347 1550 2410 comparat,
1586 2349 1647 2395 ut
1678 2357 1802 2396 cum
1833 2345 2040 2415 angelis

463 2437 733 2485 versetur.
769 2429 923 2485 Tunc
973 2439 1155 2485 autem
1208 2440 1488 2503 postremo
1538 2436 1821 2503 cognoscit
1877 2436 2042 2491 homo

464 2522 611 2591 quod
654 2523 725 2576 sit
755 2536 785 2574 a
814 2520 925 2577 Deo
948 2522 1106 2593 longe
1129 2533 1393 2579 remotus.
1419 2523 1524 2590 Qui
1562 2524 1679 2579 vult
1712 2526 1900 2596 igitur,
1930 2527 2041 2581 fra-

464 2620 603 2675 tres,
650 2612 718 2666 ad
760 2612 1031 2682 pretiosas
1063 2613 1200 2669 istas
1240 2629 1431 2670 omnes
1461 2615 1693 2672 virtutes
1726 2620 2037 2688 pervenire,

469 2702 718 2770 cujusvis
752 2703 955 2774 negotii
1003 2717 1136 2757 cura
1171 2718 1383 2760 vacuus
1418 2705 1491 2759 sit
1537 2714 1774 2775 oportet,
1804 2706 2041 2778 odioque

465 2794 736 2849 mundum
776 2795 924 2849 hunc
967 2794 1184 2852 habeat.
1207 2796 1286 2851 Ac
1318 2803 1436 2850 tum
1472 2795 1690 2851 demum
1719 2798 1918 2869 dignus
1943 2799 2042 2854 ha-

460 2886 641 2950 betur,
668 2887 763 2955 qui
795 2886 959 2943 hasce
982 2886 1218 2942 virtutes
1244 2886 1491 2942 obtineat
1519 2902 1550 2939 a
1572 2886 1825 2944 Domino.

533 2974 585 3029 7.
627 2974 950 3039 [iocantem
979 2974 1197 3041 discito,
1229 2974 1420 3039 frater,
1454 2975 1705 3045 quisquis
1746 2979 1910 3032 homo
1938 2977 2042 3032 im-

2145 526 2310 564 νοιαν.

2214 600 2266 653 6.
2310 600 2482 653 Βλέπε
2514 599 2588 670 μὴ
2630 600 3050 673 καταφρονήσῃς
3076 598 3290 671 ἑκάστῃ
3325 594 3447 668 ὥρᾳ
3474 596 3573 659 τὰς
3615 596 3719 648 λει-

2142 691 2396 762 τουργίας
2426 709 2520 745 σου
2552 692 2818 745 ἐπιτελεῖν
2837 706 2849 720 ·
2876 691 3016 746 αὐτὰ
3047 692 3155 764 γὰρ
3184 691 3415 761 φέρουσι
3438 689 3534 742 τὸν
3565 706 3719 757 φωτι-

2144 784 2279 855 σμὸν
2310 787 2369 837 ὲν
2396 788 2461 856 τῇ
2489 785 2658 856 ψυχῇ.
2684 786 2748 837 Εί
2783 783 2967 853 ἀγαθὰ
2992 785 3276 855 ἐποίησας,
3315 784 3392 854 μὴ
3446 798 3719 835 κατακαυ-

2141 874 2222 946 χῶ
2246 891 2260 904 ο
2285 876 2334 927 εί
2359 874 2417 927 δὲ
2443 874 2611 928 πολλὰ
2633 874 2893 945 ἐποίησας
2944 874 3112 940 κακὰ,
3150 874 3225 946 μὴ
3267 874 3527 945 ἀμέτρως
3552 873 3693 944 λυπη
3716 906 3722 910 -

2145 964 2268 1035 θῇς,
2303 965 2441 1019 ἀλλὰ
2470 964 2646 1034 στῆθι,
2679 966 2878 1036 μηκέτι
2906 966 3047 1019 αὐτὰ
3073 967 3319 1037 πράξεις,
3356 966 3453 1019 καὶ
3484 965 3718 1036 σωθήσῃ.

2155 1057 2281 1109 Ἐὰν
2329 1057 2532 1127 ὀχλήσῃ
2566 1057 2821 1126 πορνείας
2870 1057 3153 1127 λογισμὸς,
3180 1057 3343 1127 εὐχὴν
3380 1057 3721 1110 ἀδιάλειπτον

2142 1145 2301 1200 θῦσον
2329 1147 2405 1217 τῷ
2431 1146 2568 1217 Θεῷ,
2605 1147 2699 1200 καὶ
2743 1147 3045 1201 άναπαύσεΙ
3082 1164 3186 1200 σοι.
3227 1147 3354 1199 Ἐάν
3384 1149 3414 1199 6
3446 1145 3609 1216 ζῆλος
3640 1148 3724 1199 καὶ

2139 1240 2169 1291 6
2190 1238 2379 1306 φθόνος
2396 1238 2602 1310 πολεμῇ
2629 1237 2727 1309 τὴν
2757 1238 2984 1308 καρδίαν
3008 1254 3124 1300 σου,
3155 1237 3456 1309 μνήσθησο,
3474 1239 3558 1290 ὄντι
3593 1238 3722 1309 μέλη

2141 1330 2376 1402 Χριστοῦ
2406 1333 2572 1402 ἐσμεν
2604 1331 2825 1393 πάντες,
2848 1330 2943 1384 κα)⁸
2969 1331 3050 1383 ὃτι
3079 1332 3113 1402 ἡ
3143 1331 3298 1401 τιμὴ,
3325 1332 3420 1383 καὶ
3443 1331 3505 1383 τὸ
3531 1331 3726 1393 ὖνειδος

2140 1422 2233 1475 τοῦ
2269 1422 2499 1492 πλησίον
2540 1423 2760 1476 πάντων
2790 1420 2950 1492 ἡμῶν
2982 1422 3132 1486 ἐστι,
3165 1422 3261 1474 καὶ
3311 1421 3572 1490 φεύξεται
3619 1423 3728 1475 ἀπὸ

2142 1508 2258 1564 σοῦ.
2307 1510 2491 1562 Ταῦτα
2537 1510 2595 1563 δὲ
2649 1512 2826 1564 πάντα
2874 1511 3183 1579 συνάγουσα
3227 1513 3262 1582 ἡ
3307 1512 3581 1585 διάκρισις
3635 1513 3729 1566 καὶ

2140 1600 2588 1673 άναλογιζομένη,
2614 1602 2714 1666 τὰς
2742 1604 2839 1674 μὲν
2862 1603 3064 1674 ἀρετὰς
3091 1604 3555 1675 περιπύσεταιφ),
3577 1603 3647 1657 τὰ
3671 1604 3728 1656 δὲ

2141 1694 2352 1766 πονηρά
2401 1695 2640 1749 ἐκποδὼν
2678 1697 2933 1748 ποιεῖται.
2980 1694 3268 1749 Ἀδύνατον
3323 1696 3382 1749 δὲ
3432 1696 3609 1749 ἐλθεῖν
3645 1712 3729 1748 σοι

2139 1783 2237 1856 τὴν
2258 1784 2545 1856 διάκρισιν,
2593 1784 2688 1837 ἐὰν
2722 1783 2797 1855 μὴ
2821 1784 3036 1855 πρῶτον
3057 1782 3154 1846 τὰς
3182 1783 3384 1854 ἀρετάς
3418 1784 3588 1853 αὐτῆς
3617 1784 3731 1835 ἑπι-

2141 1875 2393 1947 τελὲσῃς,
2442 1875 2548 1947 πρὸ
2595 1874 2813 1928 πάντων
2864 1874 2922 1927 δὲ
2974 1873 3073 1945 τὴν
3124 1874 3377 1944 ἡσυχίαν.
3417 1875 3485 1926 Ἦ
3527 1873 3732 1943 ἡσυχία

2140 1968 2311 2020 τίκτει
2341 1966 2442 2037 τὴν
2475 1967 2706 2036 ἄσκησιν
2727 1980 2739 1993 ·
2763 1968 2796 2035 ἡ
2822 1964 3056 2032 ἄσκησις
3082 1962 3259 2018 τίκτει
3288 1965 3388 2035 τὴν
3430 1964 3729 2030 κατάνυξιν

2140 2058 2355 2113 καὶτὸν
2397 2057 2701 2129 κλαυθμόν·
2726 2060 2755 2111 6
2797 2057 3072 2129 κλαυθμὸς
3114 2057 3286 2111 τίκτει
3322 2058 3415 2111 τὸν
3457 2057 3660 2127 φόὸον·
3700 2060 3731 2111 6

2140 2149 2303 2221 φόϐος
2322 2149 2496 2203 τίκτει
2526 2149 2624 2221 τὴν
2650 2149 2979 2204 ταπείνωσιν
3039 2152 3073 2219 ἠ
3106 2151 3432 2214 ταπείνωσις
3470 2150 3647 2204 τίκτει
3669 2151 3733 2204 τὸ

2142 2242 2415 2313 προορᾷν,·
2447 2241 2508 2293 τὸ
2551 2242 2793 2313 προορᾷν
2821 2241 2996 2294 τίκτει
3022 2242 3120 2313 τὴν
3153 2242 3375 2314 ἀγάπην
3394 2258 3409 2272 °
3474 2244 3509 2312 ἠ
3538 2244 3731 2314 ἀγάπη

2140 2334 2314 2386 τίκτει
2348 2336 2413 2404 τῇ
2444 2332 2590 2404 ψυχῇ
2614 2333 2675 2385 τὸ
2707 2331 2846 2404 μετὰ
2874 2333 3122 2401 ἀγγέλων
3146 2334 3376 2403 ὁμιλεῖν.
3400 2334 3538 2387 Τότε
3568 2333 3733 2404 γινώ-

2143 2440 2260 2477 σκει
2288 2427 2315 2478 ὁ
2346 2424 2631 2497 ἄνθρωπος
2662 2423 2868 2489 λοιπὸν,
2899 2426 2983 2478 ὅτι
3009 2426 3223 2497 μακράν
3250 2428 3399 2479 ἐστιν
3429 2427 3541 2479 ἀπὸ
3566 2425 3728 2479 Θεοῦ.

2152 2517 2211 2571 '0
2238 2515 2404 2570 θέλων
2430 2510 2544 2580 οὖν,
2567 2516 2804 2586 ἀδελφοὶ,
2822 2515 2995 2570 ἐλθεῖν
3019 2518 3112 2569 ἐπὶ
3142 2517 3322 2579 πάσας
3349 2516 3449 2580 τὰς
3473 2516 3731 2587 ἐντίμους

2141 2608 2340 2680 ἀρετὰς
2379 2608 2603 2674 ταύτας,
2650 2608 2954 2681 άμέριμνός
2984 2626 3046 2662 τε
3098 2610 3180 2663 δεῖ
3210 2604 3367 2675 εἶναι¹
3387 2609 3501 2663 ἀπὸ
3530 2608 3731 2670 παντὸς

2141 2702 2484 2772 πράγματος,
2511 2702 2606 2754 καὶ
2630 2703 2858 2773 μισῆσαι
2889 2702 2980 2753 τὸν
3016 2700 3220 2770 κόσμον
3243 2700 3463 2755 τοῦτον
3496 2702 3595 2755 καὶ
3618 2701 3730 2754 λοι-

2141 2795 2242 2849 πὸν
2290 2794 2411 2848 τότε
2472 2794 2719 2862 ἀξιοῦται
2780 2794 3085 2865 κτήσασθαι
3124 2794 3223 2858 τὰς
3271 2793 3477 2865 ἀρετάς
3525 2793 3729 2855 eam

2143 2888 2295 2959 παρὰ
2322 2888 2552 2957 Κυρίου.

2210 2976 2451 3031 7.Τοῦτο
2468 2976 2526 3029 δὲ
2561 2974 2719 3047 μάθε,
2739 2974 2954 3044 ἁδελφὲ,
2976 2975 3058 3028 ὅτι
3076 2975 3182 3037 πᾶς
3215 2973 3507 3045 ἄνθρωπος
3532 2973 3728 3028 ἐσθίων

460 3066 739 3122 moderate
772 3066 884 3121 edit
910 3074 1005 3119 aut
1029 3067 1187 3131 bibit,
1223 3077 1319 3121 aut
1343 3081 1468 3120 cum
1504 3069 1609 3123 hoc
1641 3068 1848 3121 mundo
1878 3069 2038 3123 abre-

2145 3069 2236 3122 καὶ
2281 3070 2451 3122 πίνων
2505 3068 2780 3140 ἀμέτρως,
2815 3068 2849 3136 ἢ
2885 3067 3387 3139 ὲμπεριφερόμενος
3415 3066 3497 3136 τῷ
3536 3066 3730 3137 κόσμῳ

460 3166 590 3226 ptus
630 3156 1040 3223 circumfertur,
1080 3160 1129 3213 is
1169 3156 1370 3228 dignus
1415 3158 1637 3214 habitus
1671 3174 1781 3213 non
1812 3158 1917 3213 fuit
1941 3160 2037 3230 qui

459 3252 528 3304 ad
570 3249 739 3304 hosce
785 3250 1047 3303 terminos
1102 3250 1411 3304 accederet.
1462 3248 1601 3303 Nam
1649 3251 1695 3305 si
1742 3251 1945 3321 praedia
1983 3264 2037 3307 et

459 3343 675 3397 vineam
729 3341 918 3404 habes,
976 3347 1072 3395 aut
1127 3342 1426 3405 domicilia,
1485 3358 1582 3397 seu
1638 3343 1857 3413 quidvis
1887 3344 2037 3399 aliud

461 3432 695 3502 hujusce
737 3430 946 3494 saeculi,
996 3445 1097 3484 cur
1136 3446 1246 3485 non
1279 3445 1506 3485 uxorem
1547 3432 1713 3486 etiam
1737 3433 2039 3503 accepisti?

458 3526 572 3579 Cur
599 3532 652 3579 te
672 3525 795 3594 ipse
823 3525 1043 3580 seducis
1069 3525 1333 3594 ignorans
1360 3539 1485 3578 eum
1524 3526 1622 3594 qui
1654 3525 1711 3579 in
1741 3527 1915 3595 spinis
1944 3542 2036 3582 εον

462 3618 723 3680 minatur,
757 3633 865 3671 non
910 3616 978 3671 ad
1021 3614 1325 3685 perfectam
1369 3615 1705 3670 feracitatem
1745 3616 2038 3673 devenire?

462 3711 567 3775 Qui
610 3726 774 3781 porro
818 3711 1043 3772 otiatur,
1079 3722 1188 3763 non
1225 3714 1404 3779 potest
1436 3722 1602 3762 nosse
1635 3706 1827 3764 Deum.
1874 3708 2034 3780 533

465 3800 664 3855 Moneo
706 3802 872 3855 etiam
911 3799 1162 3869 quemvis
1197 3798 1478 3853 hominum
1519 3799 1613 3869 qui
1656 3800 2035 3870 paenitentiam

467 3904 625 3944 suam
672 3887 787 3943 Deo
833 3889 1027 3943 oﬂ'erre
1057 3890 1210 3954 velit,
1252 3896 1313 3942 ut
1350 3904 1473 3945 sese
1511 3889 1763 3946 cohibeat
1795 3906 1828 3945 a
1866 3892 2036 3949 nimio

460 3983 577 4037 viui
601 3988 733 4052 potu
763 3999 774 4033 :
801 3982 956 4035 inulti
986 3996 1222 4051 namque
1254 3982 1437 4037 hacin
1460 3997 1520 4037 re
1551 3990 1681 4037 sunt
1717 3985 1925 4054 lapsus.
1956 3985 2036 4040 Ne

460 4090 701 4147 pugnam
736 4075 900 4144 igitur
925 4075 1243 4128 consideres
1276 4081 1331 4129 et
1358 4075 1738 4144 pertimescas,
1772 4076 1948 4132 donec
1974 4093 2035 4133 es

461 4170 522 4222 in
557 4169 661 4221 hoc
705 4182 958 4236 corpore,
986 4181 1164 4236 neque
1203 4166 1305 4220 tibi
1354 4167 1463 4236 ipsi
1503 4159 1770 4222 confidas.
1818 4168 2035 4225 Stemus

466 4259 670 4327 itaque,
693 4256 913 4324 fratres,
944 4266 1152 4313 stemus
1190 4257 1248 4311 in
1278 4258 1476 4312 timore
1510 4257 1746 4325 Domini,
1769 4275 1947 4330 neque
1981 4261 2034 4315 in

460 4348 569 4402 hac
588 4364 771 4418 pugna
800 4349 983 4402 animo
1016 4348 1355 4403 deficiamus.
1392 4366 1412 4399 ι
1438 4348 1558 4403 Non
1587 4350 1735 4404 enim
1765 4359 1850 4405 est
1873 4352 2035 4408 nobis

2138 3158 2331 3230 τούτῳ,
2358 3160 2420 3212 οὐ
2452 3159 2527 3230 μὴ
2555 3159 2760 3231 ἀξιωθῇ
2806 3159 2982 3213 ἐλθεῖν
3016 3160 3095 3222 είς
3121 3158 3192 3211 τὰ
3225 3159 3402 3230 μέτρα
3431 3158 3646 3212 ταῦτα’
3680 3161 3730 3210 εἰ

2135 3252 2244 3325 γὰρ
2281 3253 2536 3323 κτήματα
2567 3252 2661 3306 καὶΙ
2690 3251 2989 3322 ἀμπελῶνα
3023 3251 3190 3322 ἔχεις,
3213 3251 3247 3320 ἧ
3275 3251 3581 3322 οἰκήματα.
3610 3250 3647 3319 ἦ
3679 3266 3729 3301 τι

2135 3344 2228 3396 τοῦ
2258 3342 2454 3407 αἰῶνος
2480 3342 2693 3407 τούτου,
2714 3343 2803 3397 ἵνα
2834 3343 2888 3396 τί
2911 3343 3006 3396 καὶ
3029 3344 3263 3411 γυναῖκα
3283 3343 3386 3395 οὐκ
3410 3341 3629 3411 ἔγημας
3647 3356 3663 3403 ;
3679 3339 3733 3393 τί

2136 3436 2326 3489 ἑαυτὸν
2343 3434 2704 3507 φρεναπατῶν
2717 3438 2734 3457 '
2751 3435 2981 3503 ἀγνοῶν,
2999 3435 3080 3488 ὅτι
3097 3436 3188 3488 τὸν
3205 3436 3264 3488 ὲν
3282 3433 3553 3496 ἀκάνθαις
3580 3450 3734 3485 σπειρ-

2139 3529 2362 3600 ρόμενον
2402 3530 2462 3581 οὐ
2500 3529 2865 3601 τελειοφορεῖ;
2903 3528 3013 3581 Καὶ
3064 3530 3093 3581 6
3142 3527 3217 3598 μὴ
3265 3525 3562 3597 σχολάσας,
3596 3524 3733 3579 Θεὸν

2136 3621 2337 3691 γνῶναι
2368 3623 2430 3675 οὐ
2455 3621 2696 3675 δύναται.
2737 3620 2848 3673 Καὶ
2878 3618 3037 3673 τοῦτο
3084 3619 3142 3672 δὲ
3189 3617 3499 3688 παρακαλῶ
3546 3616 3732 3672 πάντα

2136 3714 2419 3785 ἄνθρωπον
2454 3712 2772 3783 βουλόμενον
2799 3710 2984 3765 δοῦναι
3013 3711 3301 3781 μετάνοιαν
3338 3709 3421 3779 τῷ
3444 3709 3590 3779 Θεῷ,
3624 3728 3731 3778 qm-

2135 3805 2293 3873 λάξαι
2330 3805 2492 3858 αὑτὸν
2540 3805 2648 3859 άπὸ
2703 3801 3045 3866 πολυοινίας·
3092 3800 3266 3855 πολλὰ
3308 3803 3420 3872 γὰρ
3459 3800 3629 3856 αὑτοῦ
3659 3801 3733 3853 τὰ

2136 3898 2421 3969 πτώματα.
2452 3898 2543 3969 Μὴ
2566 3896 2838 3971 προσέχῃς
2865 3891 2957 3950 οῦν
2986 3897 3065 3958 είς
3099 3894 3298 3966 πάλην,
3330 3895 3439 3957 ἓως
3469 3887 3534 3947 οὗ
3570 3891 3639 3968 ᾗς
3670 3896 3732 3946 ὲν

2133 3993 2213 4062 τῷ
2265 3991 2497 4063 σώματι,
2550 3991 2684 4063 μηδὲ
2735 3990 3031 4063 πιστεύσῃς
3088 3988 3288 4059 ἑαυτῷ.
3336 3988 3566 4058 Σίτῶμεν
3611 3985 3731 4051 οὖν,

2136 4084 2374 4154 ἀδελφοὶ,
2426 4084 2639 4155 στῶμεν
2694 4086 2752 4138 ὲν
2795 4084 2946 4156 φόϐῳ
2981 4084 3214 4155 Κυρίου,
3243 4085 3339 4137 καί
3375 4084 3452 4155 μὴ
3483 4086 3733 4156 tuend;-

2138 4193 2318 4247 σωμεν
2348 4180 2405 4230 ὲν
2433 4180 2498 4248 τῇ
2532 4177 2699 4250 πάλῃ.
2737 4195 2755 4227 ι
2780 4178 2854 4229 Οὐ
2886 4177 2996 4248 γάρ
3023 4177 3173 4229 ἐστιν
3198 4178 3334 4247 ἡμῖν
3358 4178 3391 4246 ή
3418 4175 3564 4245 πάλη
3591 4176 3737 4247 πρὸς

2135 4265 2275 4339 αἷμα
2299 4270 2391 4322 καὶ
2421 4269 2624 4341 σάρκα,
2644 4268 2780 4322 ἀλλὰ
2802 4269 2939 4340 πρὸς
2954 4267 3052 4332 τὰς
3078 4268 3273 4339 ἀρχὰς,
3301 4268 3439 4340 πρὸς
3452 4268 3554 4331 τὰς
3578 4268 3736 4332 ἐξου-

2138 4362 2278 4427 σίας,
2309 4362 2445 4432 πρὸς
2466 4363 2593 4426 τοὺς
2623 4361 3074 4432 κοσμοκράτορας
3096 4360 3192 4413 τοῦ
3224 4360 3452 4422 σκότους
3476 4358 3577 4412 τοῦ
3600 4358 3736 4412 αἰῶ-

461 4450 648 4510 pugna
677 4454 801 4492 cum
832 4454 1000 4493 carne
1026 4446 1082 4493 et
1112 4439 1402 4509 sanguine,
1434 4438 1531 4492 sed
1557 4454 1682 4492 cum
1718 4441 2038 4510 principati-

2145 4470 2228 4515 νος
2246 4452 2457 4519 τούτου,
2486 4455 2620 4526 πρὸς
2646 4454 2715 4506 τὰ
2734 4452 3080 4524 πνευματικὰ
3113 4453 3213 4522 τῆς
3245 4453 3512 4523 πονηρίας
3530 4454 3596 4506 ἐν
3618 4454 3735 4515 τοῖς

466 4529 593 4591 bus,
629 4542 754 4580 cum
800 4528 1189 4597 potestatibus,
1244 4526 1510 4582 adversus
1562 4527 1751 4582 mundi
1797 4537 2040 4585 rectores

458 4620 817 4678 tenebrarum
862 4619 1028 4688 hujus
1068 4618 1277 4682 saeculi,
1307 4619 1568 4674 adversus
1597 4620 1901 4689 spiritualia
1942 4636 2042 4675 ne-

471 4708 653 4777 quitiae
677 4708 733 4761 in
756 4708 1074 4762 cwlestibus
1100 4708 1169 4763 ³¹.
1195 4726 1215 4758 ι
1249 4707 1546 4763 lnduamus
1576 4724 1728 4763 arma
1757 4710 2040 4776 virtutum,

471 4778 629 4875 quasi
686 4798 914 4861 milites,
957 4798 1089 4866 quia
1141 4798 1317 4863 labor,
1366 4799 1712 4869 dcfatigatio,
1762 4802 2040 4871 angustia,

464 4891 833 4961 tranquillitas
874 4890 1295 4957 desideriorum,
1347 4907 1462 4946 non
1512 4894 1676 4948 modo
1722 4908 1825 4949 nos
1856 4902 2045 4950 custo-

2142 4546 2272 4598 ὲπου
2280 4563 2376 4617 ραν
2384 4546 2500 4608 ίοις.
2510 4564 2533 4596 ν»
2545 4544 3005 4616 Περιϐαλλωμεθα
3027 4544 3098 4597 τὰ
3116 4543 3258 4598 ὅπλα
3270 4543 3381 4597 τῶν
3393 4543 3635 4613 ἀρετῶν,
3653 4545 3735 4607 ὡς

2140 4637 2387 4690 ὁπλῖται·
2420 4636 2554 4690 διότι
2578 4637 2607 4689 6
2636 4637 2803 4700 κόπος
2828 4637 2922 4689 καὶ
2943 4638 2973 4689 6
3028 4634 3249 4706 μόχθος,
3277 4637 3375 4688 καὶ
3394 4637 3430 4705 ὴ
3464 4652 3736 4706 στενοχω-

2144 4728 2255 4798 ρία,
2299 4728 2394 4782 καὶ
2428 4731 2462 4798 ἡ
2500 4727 2790 4792 στενοτεία,
2824 4728 2917 4782 καὶ
2944 4730 2976 4798 ἡ
3009 4727 3161 4781 εὐδία
3184 4727 3294 4779 τῶν
3322 4726 3637 4796 ἐπιθυμιῶν
3668 4727 3731 4779 οὐ

2146 4820 2305 4891 μόνον
2335 4820 2694 4889 φυλάττουσιν
2722 4824 2872 4894 ἡμᾶς
2901 4820 3009 4874 ἀπὸ
3032 4820 3142 4873 τῶν
3173 4817 3346 4888 βελῶν
3376 4818 3474 4871 τοῦ
3504 4818 3731 4889 ἐχθροῦ,

2142 4909 2280 4964 ἀλλὰ
2315 4912 2407 4965 καὶ
2455 4910 2731 4981 βασιλείας
2774 4908 3019 4983 οὐρανῶν
3053 4908 3428 4981 κληρονόμους
3483 4908 3733 4963 ἀποκαθ-

473 4984 630 5038 diunt
663 4998 693 5037 a
728 4983 852 5038 telis
907 4982 1161 5046 inimici,
1207 4984 1305 5037 sed
1357 4986 1524 5039 etiam
1573 4985 1736 5056 regni
1776 4987 2041 5042 caelorum
2149 5000 2381 5074 εστησιν,

470 5076 714 5130 uteredes
741 5092 843 5130 nos
872 5075 1236 5129 constituunt.

530 5166 594 5219 .8.
618 5164 969 5221 Decertemus
992 5165 1205 5235 itaque,
1236 5164 1453 5228 fratres,
1480 5166 1536 5220 in
1569 5167 1673 5221 hoc
1703 5169 1854 5224 brevi
1902 5177 2045 5224 tem-

2215 5181 2270 5237 8.
2334 5182 2752 5253 Ἀγωνιζώμεθα
2791 5179 2917 5248 οὖν,
2983 5182 3234 5253 ἀδελφοὶ,
3302 5185 3363 5238 ὲν
3418 5183 3500 5253 τῷ
3561 5183 3735 5255 καιρῷ

466 5271 623 5325 pore,
652 5265 711 5311 ut
744 5273 972 5327 regnum
1015 5259 1279 5312 cmlorum
1322 5272 1746 5328 consequamur.
1786 5259 2039 5332 Magister

2145 5277 2319 5347 τούτῳ
2347 5277 2409 5329 τὸ
2448 5276 2644 5348 βραχὺ,
2680 5277 2823 5347 ειπερ
2854 5274 3106 5346 τύχωμεν
3149 5274 3434 5345 βασιλείας
3462 5276 3731 5348 οὐρανῶν.

478 5347 620 5402 enim
650 5356 835 5403 noster
864 5348 1028 5405 Jesns
1055 5349 1309 5405 Christus
1346 5351 1422 5403 ita
1471 5351 1611 5405 dixit
1642 5371 1655 5406 :
1697 5370 1715 5402 ι
1759 5353 2046 5410 Decertate

2158 5365 2217 5420 '0
2245 5365 2354 5437 γὰρ
2385 5365 2702 5428 διδάσκαλος
2728 5364 2884 5435 ἡμῶν
2930 5365 3140 5435 Ἰησοῦς
3172 5368 3416 5439 Χριστὸς
3444 5367 3626 5430 οὕτως
3661 5367 3735 5419 εί-

470 5438 647 5493 xlonec
679 5440 910 5495 veniatis
936 5457 1031 5510 per
1059 5452 1344 5512 angustam
1376 5451 1591 5512 portam
1611 5459 1675 5497 ac
1707 5459 1804 5512 per
1834 5452 2039 5498 arctam

2148 5474 2347 5530 ρηκεν·
2390 5475 2409 5509 ι
2458 5456 2814 5526 Ἀγωνίζεσθε
2853 5457 2959 5521 ἓως
2991 5456 3168 5512 ἐλθεῖν
3210 5438 3305 5511 διὰ
3369 5459 3477 5529 τῆς
3545 5456 3700 5523 στενῇ

473 5530 636 5584 viam.
669 5529 895 5600 Vigilate
927 5534 1111 5601 itaque
1137 5536 1286 5588 omni
1327 5535 1483 5600 hora,
1514 5537 1645 5605 quia
1676 5537 1903 5593 nescitis
1935 5554 2039 5608 qua

2147 5529 2340 5620 πύλης,
2398 5549 2492 5603 καὶ
2540 5548 2900 5620 τεθλιμμένης
2951 5547 3096 5602 ὁδοῦ.
3148 5550 3489 5622 Γρηγορεῖτε
3530 5545 3630 5603 οὖν
3679 5548 3738 5599 ἐν

547 5620 588 5648 ¹¹
611 5619 891 5689 Εριιρεκνι
909 5659 943 5685 ,,
970 5622 1079 5673 12m

547 5707 621 5775 (α)
655 5702 1455 5781 ΙιόιζιθΑὲπεριτςῖύσσεταιοΕῡῐτ.
1475 5712 1722 5771 Parnm“

3545 5474 3735 5523 mm;
