3860 6220
502 239 641 298 1119

1639 244 1698 301 S.
1737 244 2206 306 ATHANASlUS.
2248 278 2322 291 -—
2354 249 2626 306 SPURIA.

3619 254 3737 310 M20

499 352 874 425 pmnitentiam
948 368 1124 424 usque
1179 353 1342 427 524
1403 355 1471 410 ad
1548 366 1855 414 extremum
1929 360 2071 414 hali-

2179 375 2270 412 κεν
2302 361 2434 431 ἡμῖν
2465 362 2566 434 τὴν
2613 361 2900 430 μετάνοιαν
2942 375 3048 424 εως
3078 358 3317 431 εσχᾶτης
3350 359 3642 430 ἀναπνοῆς.
3683 360 3740 414 ΕΞ
3826 344 3827 349 η

499 454 636 500 tum.
670 442 787 502 Nisi
815 445 963 501 enim
988 455 1135 502 esset
1163 448 1506 516 poenitentia,
1545 464 1890 520 nequaquam
1922 451 2073 507 salva

498 535 653 592 fleret
680 537 862 593 omnis
894 552 1047 603 caro,
1075 546 1135 593 ut
1166 540 1243 593 ait
1287 539 1591 596 Dominus:
1631 560 1650 593 ι
1678 541 1873 608 Amen,
1892 552 2074 599 “amen

498 626 626 682 dico
668 627 844 697 vobis,
879 644 988 684 non
1022 629 1096 684 ita
1133 630 1332 701 gaudet
1376 631 1517 689 Deus
1546 633 1613 688 de
1646 636 1944 705 nonaginta
1977 650 2077 691 no-

498 736 621 776 vem
669 721 869 791 iustis,
922 729 983 778 ut
1032 722 1101 779 de
1157 738 1269 778 uno
1330 731 1619 794 peccatore
1692 728 2073 796 pmnitentiam

499 820 695 884 agente
719 813 786 867 “.
815 832 833 865 ι

572 904 659 959 10.
701 906 990 967 Curemus,
1024 904 1244 966 fratres.
1274 907 1650 977 pmnitentiam
1687 924 1868 980 agere,
1901 910 2076 967 donec

499 1010 695 1053 sumus
722 998 779 1052 in
809 1012 1067 1068 corpore,
1117 997 1378 1064 ﬂeamus,
1418 980 1811 1057 et'abluamus
1860 1003 2076 1057 occulta

501 1088 689 1146 cordis
736 1090 984 1145 vulnera.
1034 1088 1300 1144 Futurum
1354 1091 1499 1146 enim
1553 1099 1637 1148 est
1675 1100 1735 1146 ut
1780 1102 2078 1163 appareant

501 1186 693 1235 nostra
738 1179 980 1233 facinora
1034 1188 1162 1236 ante
1212 1181 1459 1236 tribunal
1515 1181 1646 1238 illud
1705 1185 2072 1239 tremendum.

498 1272 977 1344 Appropinquabit
1022 1274 1165 1328 enim
1230 1272 1528 1339 Dominus,
1580 1284 1636 1330 et
1680 1277 1864 1331 veniet
1912 1292 2078 1348 super

500 1362 700 1418 throno
746 1374 939 1419 sancto
982 1363 1169 1434 gloria;
1214 1380 1347 1429 sine,
1391 1380 1456 1421 ac
1499 1368 1974 1438 congregabantur
2022 1369 2076 1423 in

498 1465 797 1525 conspectu
826 1455 945 1523 ejus
984 1471 1174 1510 omnes
1214 1464 1423 1527 gentes.
1456 1456 1521 1511 Et
1569 1460 1804 1530 quisque
1849 1476 1948 1516 sua
1993 1462 2077 1516 lu-

500 1559 665 1601 cerna
697 1545 1137 1602 illuminabitur:
1171 1548 1426 1619 quisquis
1471 1557 1654 1604 autem
1693 1551 1815 1605 oleo
1845 1552 2074 1615 carebit,

498 1634 620 1705 ejus
645 1636 854 1707 lampas
880 1638 1280 1709 exstinguetur,
1298 1648 1352 1694 et
1386 1639 1559 1695 abibit
1588 1639 1707 1711 ipse
1734 1640 1791 1694 in
1819 1642 2074 1697 tenebras

2178 451 2253 523 μὴ
2285 451 2396 524 γὰρ
2425 448 2494 524 ἦν
2529 452 2808 524 μετάνοια,
2856 453 2956 505 οὐκ
2982 451 3049 505 ἂν
3075 451 3253 524 ἐσώθη
3302 452 3452 505 ﬁsa
3484 452 3640 522 σὰρξ,
3672 454 3743 517 ὥς

2176 559 2340 613 φησιν
2371 547 2398 597 6
2440 544 2643 616 Κύριος
2662 562 2676 575 ’
2714 564 2733 596 ι
2785 543 2977 615 Ἀμὴν,
3007 545 3154 615 ἀμὴν
3192 543 3335 613 λέγω
3365 544 3519 615 ὑμῖν,
3548 546 3609 599 οὐ
3631 544 3744 614 χαί-

2179 651 2261 705 ρει
2308 638 2338 689 6
2370 636 2502 701 θεὸς
2553 637 2648 691 ἐπὶ
2694 637 3016 708 ἐνενήκοντα
3065 636 3221 690 ὲννέα
3268 637 3520 701 δικαίοις,
3566 635 3640 697 ώς
3665 636 3743 707 ἐφ’

2177 727 2258 781 ἐνὶ
2288 728 2599 802 ἁμαρτωλῷ
2629 727 3002 802 μετανοοῦντι.
3051 747 3071 779 ι

2250 905 2337 960 10.
2376 905 2795 978 Σπουδάσωμεν,
2822 905 3063 974 ἀδελφοὶ,
3092 906 3439 977 μετανοῆσαι,
3459 905 3569 970 ἕως
3591 907 3748 976 ἐσμὲν

2176 997 2235 1051 ἐν
2265 995 2345 1067 τῷ
2382 995 2615 1068 σώματι,
2664 997 3011 1069 κλαύσωμεν,
3065 998 3160 1050 καὶ
3212 997 3502 1067 πλύνωμεν
3545 998 3617 1050 τὰ
3656 998 3749 1068 τῆς

2177 1086 2404 1158 καρδίας
2432 1086 2653 1158 κρυπτὰ
2682 1087 2994 1159 τραύματα.
3030 1087 3231 1140 Μέλλει
3259 1088 3367 1159 γὰρ
3393 1088 3754 1158 φανεροῦσθαι

2176 1175 2246 1231 τὰ
2289 1178 2369 1231 ὲν·
2398 1178 2530 1248 ἡμῖν
2565 1177 2933 1249 πεπραγμένα
2959 1177 3109 1230 δεινὰ
3151 1177 3244 1230 ἐπὶ
3275 1177 3369 1231 τοῦ
3403 1177 3639 1248 φοϐεροῦ
3664 1179 3754 1247 βή-

2181 1283 2351 1338 ματος
2381 1268 2613 1323 ὲκείνου.
2657 1270 2893 1336 Ἤγγικε
2924 1268 3034 1339 γὰρ
3073 1270 3103 1322 6
3143 1267 3368 1339 Κύριος,
3407 1270 3503 1323 καὶ
3542 1270 3757 1341 ἔρχεται

2178 1356 2270 1410 ἐπὶ
2328 1356 2520 1426 θρόνου
2567 1356 2728 1428 δόξης
2780 1358 2936 1427 ἁγίου
2977 1356 3164 1423 αὐτοῦ,
3194 1359 3289 1411 καὶ
3335 1358 3761 1431 συναχθήσονται

2178 1446 2486 1519 ἔμπροσθεν
2523 1448 2687 1503 αὑτοῦ
2722 1450 2900 1504 πάντα
2946 1448 3016 1503 τὰ
3057 1448 3208 1519 ἔθνη.
3244 1449 3355 1503 Καὶ
3387 1450 3622 1514 ἕκαστος
3653 1468 3757 1519 φα-

2176 1536 2428 1609 νεροῦται
2464 1540 2531 1592 ὲκ
2573 1540 2674 1611 τῆς
2725 1540 2864 1604 ἰδίας
2897 1540 3210 1612 λαμπάδος·
3251 1542 3400 1605 ὅστις
3448 1542 3507 1595 δὲ
3552 1543 3619 1596 οὐ
3667 1544 3761 1596 κέ·

2180 1646 2375 1701 κτηται
2406 1630 2605 1697 ἔλαιον,
2634 1631 2990 1704 σϐεσθήσεται
3016 1631 3182 1687 αὐτοῦ
3212 1634 3246 1703 ή
3277 1632 3531 1705 λάμπας·
3568 1636 3760 1689 κάκεῖ-

499 1727 819 1783 exteriores.
862 1726 1067 1783 Curam
1120 1729 1303 1798 itaque
1356 1729 1693 1792 habeamus,
1733 1730 1973 1795 fratres,
2017 1739 2072 1787 et

2179 1737 2263 1786 νος
2302 1722 2543 1793 πορευθῇ
2586 1723 2645 1775 ἐν
2677 1721 2754 1793 τῷ
2805 1721 3053 1794 ἐξωτέρῳ
3102 1723 3303 1777 σκότει.
3360 1726 3763 1797 Σπουδάσωμεν

500 1816 823 1887 impleamus
852 1818 972 1873 oleo
1002 1834 1135 1874 vasa
1167 1827 1376 1879 nostra.
1420 1836 1490 1875 ne
1522 1821 1577 1875 in
1613 1822 1865 1877 tenebras
1903 1823 2074 1893 proji-

499 1907 711 1963 ciamur
744 1915 800 1963 et
840 1907 897 1962 in
936 1909 1116 1979 ignem
1143 1916 1429 1964 aeternum.
1458 1909 1568 1967 Vas
1601 1912 1744 1967 enim
1778 1922 1864 1968 est
1899 1914 2075 1984 paeni-

499 1995 700 2062 tentia;
750 1996 929 2051 oleum
972 2012 1123 2060 vero,
1170 1998 1432 2051 virtutum
1481 1998 1840 2065 exercitium;
1888 2001 2073 2069 splen-

500 2082 626 2139 dida
656 2085 886 2157 lampas,
914 2093 998 2141 est
1027 2092 1217 2141 sancta
1244 2087 1447 2140 anima.
1479 2086 1836 2144 Decertemus
1867 2090 2071 2160 itaque,

499 2175 729 2243 fratres,
768 2177 897 2248 quia
944 2178 1402 2248 appropinquavit
1470 2179 1609 2235 dies.
1660 2180 1863 2236 Beatus
1914 2182 2075 2236 homo

499 2268 592 2338 qui
638 2268 953 2338 hujusmodi
1006 2270 1438 2324 sollicitudinem
1484 2270 1651 2325 habet
1699 2272 1967 2343 quotidie,
2019 2281 2075 2329 et

499 2359 731 2430 singulis
775 2360 949 2416 horis.
996 2358 1132 2414 Nam
1174 2359 1387 2416 fructus
1432 2361 1525 2417 ille
1570 2376 1762 2424 serus,
1816 2378 1944 2416 vera
1993 2370 2077 2418 est

497 2451 696 2507 messis
727 2457 1046 2521 tempestas.
1075 2450 1272 2506 Beatus
1304 2452 1394 2506 ille
1421 2452 1516 2522 qui
1561 2451 1800 2507 fructum
1841 2455 2078 2509 servavit

499 2556 691 2607 suum;
728 2556 852 2598 eum
882 2542 1143 2612 colligent
1179 2543 1356 2613 angeli
1399 2544 1455 2598 in
1488 2554 1750 2600 mternum
1795 2544 2073 2602 horreum.

501 2632 592 2689 Vae
620 2640 802 2687 autem
842 2632 949 2687 mei
982 2633 1285 2697 similibus,
1333 2634 1438 2689 hoc
1474 2642 1594 2701 est,
1642 2636 1901 2699 zizaniis,
1948 2638 2077 2707 quia

455 2710 463 2723 ί
496 2728 640 2799 ignis
666 2727 790 2783 illos
819 2726 1144 2798 possidebit.
1169 2726 1467 2799 Fugiamus
1492 2744 1645 2799 ergo,
1678 2727 1900 2794 fratres,
1928 2746 2078 2783 mun-

497 2817 629 2874 dum
669 2824 724 2873 et
754 2818 940 2873 omnia
968 2834 1089 2890 qua:
1118 2819 1175 2873 in
1216 2834 1283 2874 eo
1327 2829 1477 2883 sunt,
1504 2829 1560 2874 et
1593 2820 1909 2876 haereditate
1935 2821 2082 2875 acci-

495 2910 712 2980 piemus
760 2910 904 2965 bona
941 2910 1059 2975 illa,
1118 2928 1137 2962 ι
1176 2926 1299 2982 qua:
1348 2911 1543 2966 oculus
1607 2926 1715 2966 non
1763 2912 1931 2977 vidit,
1974 2927 2077 2968 nec

2174 1810 2288 1876 οὖν,
2324 1812 2565 1881 ἀδελφοὶ,
2600 1813 2695 1867 καὶ
2724 1813 3018 1884 πλήσωμεν
3042 1813 3113 1867 τὰ
3137 1814 3332 1883 ἀγγεῖα
3371 1816 3528 1886 ἡμῶν
3556 1818 3764 1881 ἐλαίου,

2176 1904 2261 1958 ἶνα
2293 1903 2368 1975 μὴ
2418 1904 2662 1975 ριφῶμεν
2702 1907 2760 1958 ὲν
2797 1904 2874 1976 τῷ
2917 1904 3097 1958 σκότει
3125 1907 3218 1959 καὶ
3248 1909 3455 1978 αἰωνίῳ
3498 1910 3661 1980 πυρί.
3692 1908 3768 1962 T6

2174 1996 2283 2069 γὰρ
2313 1997 2538 2065 ἀγγεῖόν
2566 1999 2715 2052 ὲστιν
2739 2000 2772 2069 ὴ
2802 2000 3078 2069 μετάνοια·
3106 1999 3168 2052 τὸ
3192 2000 3249 2052 δὲ
3272 2000 3453 2055 ἔλαιον
3498 2002 3612 2055 τῶν
3634 2004 3767 2073 ἀρε-

2173 2088 2282 2143 τῶν
2310 2092 2344 2162 ή
2367 2088 2566 2161 πρᾶξις
2586 2107 2598 2119 ·
2633 2092 2668 2161 ἡ
2695 2090 2753 2143 δὲ
2785 2091 3022 2163 φωτεινὴ
3047 2090 3268 2161 λαμπὰς
3301 2093 3544 2163 ὑπάρχει
3576 2095 3613 2165 ἡ
3640 2095 3772 2163 ἁγία

2174 2182 2343 2253 ψυχή.
2407 2181 2839 2253 Ἀγωνιζώμεθα
2887 2178 3002 2244 οὖν,
3051 2183 3287 2253 ἀδελφοὶ,
3324 2186 3406 2238 ὅτι
3459 2186 3697 2256 ήγγικεν
3737 2191 3772 2259 ή

2176 2274 2382 2345 ἡμέρα.
2435 2275 2724 2346 Μακάριος
2772 2274 3056 2347 ἄνθρωπος
3088 2278 3117 2328 6
3156 2276 3297 2347 ἔχων
3338 2278 3439 2349 τὴν
3492 2279 3775 2351 μέριμναν

2174 2363 2380 2435 ταύτην
2434 2357 2593 2418 uae"
2633 2365 2876 2436 ἑκάστην
2925 2367 3138 2438 ἡμέραν
3187 2367 3281 2420 καὶ
3331 2367 3505 2441 ὥραν.
3564 2370 3627 2423 Ὀ
3663 2371 3773 2443 γὰρ

2178 2456 2389 2525 καρπὸς
2425 2455 2628 2526 όψιμος
2669 2454 2907 2525 γεγονὼς
2955 2459 3144 2529 καιρός
3184 2459 3301 2512 ἐστι
3342 2460 3437 2513 τοῦ
3478 2461 3770 2533 θερισμοῦ.

2176 2546 2464 2617 Μακάριός
2500 2547 2649 2599 ἐστιν
2679 2547 2884 2609 ἐκεῖνος
2914 2547 2943 2599 6
2982 2546 3162 2612 σώσας
3189 2548 3282 2603 τὸν
3316 2550 3534 2622 καρπὸν
3561 2552 3734 2606 αὐτοῦ
3753 2570 3769 2583 ’

2179 2637 2498 2704 συνάξουσιν
2533 2637 2695 2691 αὐτὸν
2731 2639 2781 2691 οἱ
2820 2637 3041 2707 ἄγγελοι
3071 2642 3151 2703 εἰς
3180 2640 3279 2713 τὴν
3311 2642 3534 2697 αἰώνιον
3566 2644 3773 2717 ἀπεθή-

2179 2745 2302 2799 κην.
2339 2729 2477 2782 Οὐαὶ
2525 2729 2583 2782 δὲ
2630 2732 2745 2793 τοῖς
2781 2731 2990 2800 ὁμοίοις
3023 2748 3146 2802 μου,
3194 2733 3447 2787 τουτέστι
3475 2737 3594 2799 τοῖς
3622 2734 3776 2801 ζιζα-

2178 2820 2334 2884 νίοις,
2378 2821 2463 2874 ὅτι
2508 2820 2570 2874 τὸ
2626 2819 2739 2890 πῦρ
2787 2822 2986 2886 αὐτοὺς
3029 2821 3453 2895 κληρονομήσει.
3502 2827 3773 2898 Φύγωμεν

2179 2903 2295 2972 οὖν,
2325 2902 2371 2963 ὦ
2405 2908 2647 2979 ἀδελφοὶ,
2680 2909 2774 2962 τὸν
2817 2910 3043 2981 κόσμον,
3082 2913 3176 2965 καὶ
3206 2914 3383 2967 πάντα
3421 2914 3493 2968 τὰ
3514 2917 3579 2969 ὲν
3603 2918 3772 2989 αὐτῷ,

497 2999 648 3055 auris
682 2999 919 3065 audivit,
953 3014 1056 3055 nec
1094 3001 1149 3054 in
1198 3014 1295 3053 cor
1346 2998 1587 3054 hominis
1634 3000 1912 3067 ascendit,
1957 3016 2079 3072 quae

2181 2997 2318 3068 ὅπερ
2370 2997 2868 3071 κληρονομήσωμεν
2929 3000 3001 3054 τὰ
3063 3002 3245 3071 ἀγαθὰ
3314 3005 3526 3070 ἐκεῖνα,
3587 3024 3611 3058 ε
3670 3008 3707 3061 Et
3746 3009 3775 3059 6

497 3089 823 3160 praeparavit
853 3086 997 3144 Deus
1026 3087 1380 3160 diligentibus
1428 3104 1487 3144 se
1508 3090 1576 3144 ’⁷.
1603 3108 1622 3141 ι
1661 3064 1926 3161 Denique,
1961 3064 2073 3146 frao

2182 3064 2587 3159 ὀφθαλμὸς-οὒκ
2605 3064 2739 3154 *εῧῆ
2767 3064 2862 3143 Ᾰιαὶ
2884 3084 2976 3153 οὖς
2999 3064 3352 3162 οὑκνήκουσε,
3387 3095 3484 3147 καὶ
3513 3064 3620 3148 επὶ
3643 3114 3774 3168 καρ-

497 3190 632 3243 tres,
662 3179 718 3234 in
751 3180 838 3235 his
866 3187 1026 3244 state,
1066 3182 1181 3235 haec
1210 3179 1572 3245 meditamini,
1605 3196 1708 3235 nec
1752 3182 2074 3253 negligatis;

499 3281 559 3328 ut
599 3271 855 3343 dignetur
890 3271 1159 3328 Dominus
1192 3279 1454 3342 praestare
1505 3282 1563 3326 ut
1598 3272 1700 3326 hoc
1748 3281 2078 3343 praeceptum

499 3371 662 3420 nocte
699 3363 895 3437 dieque
945 3362 1306 3427 custodiatis,
1348 3372 1402 3418 et
1449 3364 1629 3418 salvos
1673 3362 1837 3419 faciat
1888 3380 1984 3419 vos
2023 3366 2079 3420 in

496 3472 666 3528 regno
700 3470 801 3512 suo
834 3455 1065 3511 cmlesti.
1087 3453 1347 3525 Quisquis
1383 3454 1495 3507 haec
1529 3461 1799 3523 praecepta
1823 3453 1972 3525 legit,
1995 3455 2082 3509 vel

499 3547 676 3612 audit,
716 3561 820 3603 nec
873 3557 1050 3604 servat
1087 3562 1175 3611 ea,
1221 3546 1279 3601 in
1308 3561 1374 3600 eo
1414 3545 1669 3615 impletur
1715 3546 1970 3615 parabola
2012 3546 2079 3601 de

500 3639 729 3701 semine,
772 3640 919 3708 quod
968 3637 1170 3697 cecidit
1217 3638 1271 3690 in
1307 3644 1546 3706 petram,
1602 3644 1656 3691 et
1688 3635 1833 3707 quod
1878 3643 2080 3691 terram

497 3744 606 3783 non
640 3729 864 3784 haberet
890 3729 1075 3785 statim
1107 3728 1444 3784 exsiCCatum
1476 3735 1581 3784 est.
1610 3726 1714 3795 Qui
1740 3737 1921 3781 autem
1951 3729 2080 3800 legit

496 3823 551 3871 et
592 3818 741 3883 facit,
771 3819 970 3873 similis
995 3827 1080 3874 est
1128 3819 1326 3873 semini
1366 3818 1583 3872 cadenti
1632 3820 1689 3872 in
1734 3825 1937 3874 terram
1985 3820 2079 3871 bo-

495 3923 653 3975 nam,
674 3911 819 3981 quod
852 3909 1091 3965 fructum
1123 3912 1329 3972 attulit,
1361 3911 1509 3964 aliud
1540 3911 1899 3978 tricesimum,
1932 3908 2080 3964 aliud

496 4003 930 4073 sexagesimum,
976 4002 1123 4057 aliud
1164 4003 1527 4058 centesimum
1550 4042 1564 4065 ,
1611 4004 1667 4057 in
1697 4002 1920 4059 Christo
1947 4000 2078 4059 Jesu

496 4088 729 4147 Domino
758 4102 969 4159 nostro,
997 4093 1088 4148 cui
1123 4092 1297 4164 gloria
1333 4092 1390 4146 in
1419 4094 1640 4148 saecula.
1671 4091 1865 4146 Amen.

2183 3178 2299 3233 δίαν
2338 3179 2626 3250 ἀνθρώπου
2659 3180 2760 3234 οὐκ
2788 3180 2976 3253 ὰνὲὃη,
3008 3180 3046 3235 ἃ
3088 3184 3387 3254 ἡτοίμασεν
3423 3188 3455 3239 6
3494 3186 3636 3252 Θεὸς
3664 3191 3775 3253 τοῖς

2178 3271 2467 3341 ἀγαπῶσιν
2501 3272 2687 3326 αὐτόν.
2727 3291 2747 3325 s
2781 3272 2856 3326 Τὸ
2883 3271 3090 3339 λοιπὸν,
3118 3268 3163 3328 ὦ
3190 3275 3434 3346 ἀδελφοὶ,
3467 3280 3527 3331 ἐν
3558 3280 3774 3345 τούτοις

2180 3361 2363 3432 στῆτε,
2405 3360 2577 3416 ταῦτα
2635 3361 2916 3432 μελετᾶτε,
2966 3363 3064 3416 καὶ
3115 3362 3190 3434 μὴ
3238 3365 3584 3435 ἀμελήσητε,
3642 3369 3775 3438 ὅπερ

2179 3452 2388 3527 ἀξιώσῃ
2432 3455 2576 3524 ὑμᾶς
2619 3453 2827 3526 Κύριος
2868 3455 3104 3526 τηρῆσαι
3145 3455 3245 3527 τὴν
3298 3456 3521 3528 ἐντολὴν
3570 3459 3775 3530 ταύτην

2179 3544 2391 3618 ἡμέρας
2434 3544 2528 3599 καὶ
2581 3545 2796 3610 νυκτὸς.
2839 3548 2935 3600 καὶ
2982 3546 3133 3621 σώσῃ
3186 3551 3268 3612 εἰς
3324 3550 3425 3620 τὴν
3493 3550 3777 3620 βασιλείαν

2180 3633 2345 3687 αὑτοῦ
2405 3635 2506 3703 τὴν
2574 3635 2915 3707 ἐπουράνιον.
2990 3637 3178 3701 Ὅστις
3244 3639 3619 3706 ἀναγινώσκει
3677 3642 3775 3704 τὰς

2180 3722 2398 3785 ἐντολὰς
2435 3722 2636 3786 ταύτας
2658 3765 2673 3790 ,
2738 3722 2771 3794 ἢ
2829 3724 3038 3789 ἀκούει,
3098 3727 3193 3779 καὶ
3253 3728 3329 3798 μὴ
3363 3731 3509 3781 ποιεῖ
3576 3729 3773 3794 αὐτὰς,

2179 3815 2533 3887 πεπλήρωται
2580 3817 2637 3869 ὲν
2666 3816 2817 3886 αὐτῷ
2841 3818 2870 3868 6
2904 3816 3105 3889 σπόρος
3137 3820 3167 3872 6
3206 3819 3393 3874 πεσὼν
3420 3823 3505 3885 είς
3542 3822 3649 3893 τὴν
3683 3823 3775 3874 τεέ-

2179 3923 2336 3979 τραν,
2375 3906 2469 3960 καὶ
2514 3906 2604 3960 διὰ
2642 3907 2703 3960 τὸ
2764 3906 2840 3979 μὴ
2894 3908 3040 3980 ἔχειν
3096 3909 3234 3980 γῆν,
3280 3912 3633 3985 παραχρῆμα
3658 3914 3778 3983 ὲξη-

2182 3995 2375 4072 ράνθη.
2415 3998 2472 4050 '0
2524 3997 2581 4051 δὲ
2610 3996 2998 4067 ἀναγινώσκων
3025 4002 3121 4055 καὶ
3149 4002 3318 4057 ποιῶν
3340 4005 3537 4058 ὲστινό
3568 4005 3779 4075 σπόρος

2179 4091 2210 4143 6
2245 4088 2430 4143 πεσὼν
2458 4089 2541 4154 είς
2591 4090 2691 4160 τὴν
2719 4088 2825 4159 γῆν
2861 4089 2959 4162 τὴν
2982 4091 3218 4164 ἀγαθὴν,
3257 4095 3353 4149 καὶ
3389 4097 3783 4169 impne-edn-

495 4205 586 4242 σεν
614 4189 671 4241 ἓν
698 4188 766 4255 λ’,
793 4189 886 4242 καὶ
912 4186 970 4241 ἓν
1003 4188 1066 4253 ξ’,
1102 4189 1196 4242 καὶ
1222 4187 1279 4239 ἓν
1320 4192 1386 4258 ρ’,
1419 4184 1478 4239 ἐν
1508 4183 1728 4255 Χριστῷ
1767 4181 1941 4254 Ἰησοῦ
1986 4182 2063 4254 τῷ
2092 4183 2288 4255 Κυρίῳ
2319 4182 2500 4255 ἡμῶν,
2539 4177 2584 4252 ᾧ
2619 4184 2653 4255 ή
2683 4181 2836 4247 δόξα,
2889 4182 3081 4257 Ἀμήν.

565 4324 613 4356 ’⁸
652 4322 785 4381 Luc.
828 4341 919 4389 xv,
960 4325 1010 4377 7.
1086 4325 1131 4357 ’τ
1174 4325 1196 4377 l
1229 4322 1358 4379 Cor.
1398 4339 1475 4388 η,
1510 4322 1563 4377 9.

1391 4560 1714 4636 MONITUM
1754 4578 1823 4634 lN
1861 4574 2235 4634 OPUSCULA
2274 4573 2417 4631 uno
2457 4573 2873 4649 SEQUENTIA.

562 4739 757 4793 Postea
799 4736 1033 4806 sequitur
1075 4736 1129 4788 in
1158 4738 1417 4803 exscripta
1454 4733 1622 4790 Roma
1657 4733 1805 4788 nobis
1856 4731 2175 4786 transmisso
2205 4727 2357 4783 aliud
2391 4729 2709 4799 opusculum
2748 4744 2816 4783 ea:
2862 4729 3041 4785 codice
3074 4747 3177 4785 ms.
3221 4731 3572 4789 Bibliotheca:
3624 4734 3772 4788 Voti~

489 4848 659 4894 cauae,
690 4845 835 4886 num.
862 4827 1023 4892 1M8,
1054 4827 1109 4880 in
1137 4826 1325 4880 charta
1356 4843 1657 4898 papyracea
1687 4828 1742 4880 in
1772 4826 1849 4890 4ο,
1882 4840 1935 4894 ρ.
1964 4824 2056 4890 65,
2090 4848 2096 4875 4

2180 4839 2241 4876 us
2273 4821 2459 4876 titulus
2483 4837 2503 4876 :
2536 4821 2644 4876 Τοῦ
2683 4823 2742 4875 ὲν
2774 4822 2953 4892 ἁγίοις
2990 4824 3207 4895 Πατρὸς
3242 4825 3401 4895 ήμῶν
3438 4826 3767 4881 Ἀθανασξου

486 4921 582 4977 τοῦ
618 4918 852 4993 μεγάλου
885 4917 1204 4972 διδασκαλία
1236 4919 1373 4989 πρὸς
1421 4918 1709 4991 μοναχούς,
1748 4919 1978 4988 imperiti
2008 4915 2096 4970 hor

2179 4916 2258 4979 iis,
2286 4924 2337 4969 et
2365 4915 2564 4985 inﬁma:
2591 4931 2813 4986 prorsus
2846 4917 3047 4972 (etatis.
3073 4915 3176 4971 Est
3208 4926 3388 4973 autem
3431 4919 3608 4976 coda:
3645 4922 3772 4990 inﬁ-

488 5014 612 5068 nitis
639 5028 766 5081 pene
796 5009 995 5064 utendis
1025 5024 1315 5078 respersus,
1346 5020 1403 5062 ut
1438 5010 1525 5064 vix
1557 5011 1672 5063 erui
1698 5010 1867 5078 possit
1895 5016 2021 5076 apta
2058 5006 2337 5059 sententia.
2872 5017 2875 5021 '

554 5106 718 5159 Aliud
758 5102 1070 5173 opusculum
1110 5119 1143 5155 a
1172 5102 1430 5171 fratribus
1459 5103 1656 5157 nostris
1688 5100 1857 5155 Roma
1896 5097 2275 5153 transmissum
2302 5096 2591 5167 infecundi
2637 5098 2867 5153 hominis
2896 5106 2948 5151 et
2978 5099 3326 5169 nugacissimi
3370 5116 3507 5170 opus
3546 5111 3663 5167 est.
3702 5117 3771 5157 ex

486 5201 663 5256 codice
694 5200 937 5253 Vatican.
955 5197 1093 5252 1198
1117 5199 1437 5267 ascriptum
1463 5215 1480 5251 :
1509 5197 1710 5252 mendis
1740 5196 2036 5251 innumeris
2069 5208 2366 5261 respersum
2389 5202 2441 5246 et
2478 5194 2634 5265 nugis
2660 5193 3052 5264 plenissimum,
3077 5194 3232 5263 cujus
3260 5196 3453 5251 titulus
3473 5208 3583 5265 est,
3609 5198 3767 5251 Ἀθα-

483 5294 669 5349 νασίου
702 5290 795 5347 τοῦ
834 5290 1070 5362 μεγάλου
1103 5289 1430 5362 ἐξηγητικὸν
1464 5290 1593 5361 περὶ
1622 5287 1716 5342 τοῦ
1764 5290 1821 5342 ὲν
1860 5286 2096 5357 Ἀθήναις

2179 5283 2309 5352 ναοῦ,
2342 5285 2553 5338 initium
2581 5301 2699 5340 vero
2728 5285 2865 5339 idem
2893 5285 3033 5356 quod
3064 5285 3168 5340 156
3197 5289 3510 5357 ᾳιιιτειῑωιίδ
3547 5289 3621 5344 ad
3647 5292 3767 5345 An-

483 5386 746 5442 tiochum:
770 5386 909 5446 Τοὺς
936 5385 1035 5447 τὰς
1064 5383 1215 5447 Θείας
1248 5382 1471 5455 Γραφὰς
1507 5382 1581 5453 μὴ
1616 5379 2037 5451 ἐπισταμένους.

554 5476 829 5529 Edeudum
857 5483 1032 5527 tamen
1059 5473 1333 5540 duximus,
1360 5483 1416 5527 ut
1445 5474 1643 5536 videas,
1673 5471 1859 5525 Lector
1887 5469 2114 5532 erudite,
2139 5483 2404 5539 quousque
2434 5468 2751 5539 ineptiarum
2778 5470 3025 5541 progredi
3052 5478 3212 5538 queat
3257 5468 3470 5524 Graecia
3499 5470 3760 5527 mendax.

486 5568 672 5622 Prodit
705 5550 877 5621 autem
914 5582 980 5620 ea:
1020 5583 1119 5622 ms.
1147 5568 1322 5621 codice
1357 5567 1539 5623 (ἔναιεο
1584 5564 1908 5620 bibliotheca:
1969 5561 2244 5617 Vaticana
2277 5578 2421 5616 num.
2453 5561 2612 5629 H98,
2662 5562 2718 5617 in
2751 5562 2881 5632 [alio
2914 5563 2969 5616 in
3020 5562 3214 5616 charta
3256 5577 3602 5633 papyracea,
3632 5570 3767 5620 cis-

486 5666 551 5712 tis
583 5665 788 5715 circiter
818 5663 928 5716 ‘200
968 5680 1251 5717 annorum.
