3860 6220
127 213 267 273 1421
1306 227 1660 287 DOCTRINA
1694 233 1785 288 AD
1824 232 2219 294 IONACHOS.
3250 258 3392 314 tua

761 396 900 456 ΤΟΥ
930 400 1023 455 ΕΝ
1053 400 1274 457 ΔΓΙΟῙΣ
1310 405 1581 461 ΠΑΤΡΟΣ
1610 409 1808 463 ΗΜΩΝ
1837 411 2227 467 ΑΘΑΝΑΣΙΟΥ
2266 414 2404 469 ΤΟΥ
2439 418 2768 477 ΜΕΓΑΛΟΥ

901 559 1269 615 Διδασκαλια
1318 564 1470 631 πρὸς
1506 566 1817 636 μοναχοὺς
1865 570 2179 639 πραοτέρα,
2229 570 2619 651 πνευματική.

1011 789 1262 848 SANCTI
1298 792 1551 850 PATRIS
1587 795 1844 854 NOSTRI
1881 798 2254 858 ATHANASII
2295 803 2511 861 MAGNI

1041 944 1301 1004 Doctrina
1329 950 1399 1004 ad
1430 954 1736 1020 monachos,
1771 953 1923 1019 lenis,
1950 965 2106 1028 atque
2137 960 2457 1028 spiritantia.

183 1158 291 1215 Τὸν
339 1157 666 1223 πιστεύοντα
714 1166 795 1238 τῷ
845 1169 1056 1242 Κυρίῳ,
1105 1175 1198 1227 καὶ
1235 1179 1528 1248 προσιόντα
1570 1184 1679 1237 ἑαυ-

1751 1222 1763 1246 ,
1860 1180 1966 1249 Qui
2017 1182 2246 1240 Domino
2288 1188 2493 1254 credit,
2537 1198 2594 1246 et
2640 1192 2696 1247 in
2730 1208 2852 1252 sese
2902 1205 3259 1275 convertitur,
3306 1226 3373 1266 ac

101 1247 227 1320 τῷ,
287 1252 382 1306 καὶ
435 1253 528 1307 ἐπὶ
584 1255 788 1312 τέλειον
860 1261 942 1323 είς
998 1247 1333 1333 μαθητείαν,
1400 1269 1679 1339 μανθάνειι

101 1342 194 1371 2-?
263 1346 531 1371 ..-ι----η
601 1349 919 1371 ις-ι----Λμμ
1127 1355 1143 1371 ε
1270 1358 1283 1371 ο
1460 1360 1472 1371 .

1794 1247 2034 1343 perfecte
2073 1277 2142 1330 ad
2177 1278 2524 1350 disciplinam
2583 1297 2706 1341 sese
2752 1289 2951 1357 tradit,
2992 1292 3170 1352 discat
3207 1247 3374 1371 apo:

98 1342 194 1398 δεῖ
262 1346 531 1419 πρότερον
595 1349 926 1419 ἀφίστασθαι
983 1355 1184 1416 παντὸς
1259 1358 1679 1432 ἁμαρτήματοςε

1794 1372 1899 1431 tet,
1929 1381 2054 1423 esse
2096 1370 2332 1438 primum
2365 1373 2436 1427 ab
2480 1377 2628 1429 omni
2663 1388 2893 1447 peccato
2937 1342 3368 1451 abscedendfim.

98 1436 302 1493 ἔπειτα
321 1438 379 1492 δὲ
411 1439 507 1493 καὶ
530 1440 865 1510 ἀφέλκοντας
888 1443 999 1519 (26)
1021 1449 1133 1511 τοῖς
1153 1448 1524 1522 ὀφειλομένοις
1549 1455 1679 1510 κατὰ

98 1526 339 1554 --n-.~._
396 1528 589 1554 um-.-
644 1534 691 1554 ,ρ
709 1533 893 1554 --.ουρ
960 1535 1019 1554 ί.-
1088 1539 1132 1554 ν
1218 1540 1231 1554 .
1357 1543 1371 1554 .
1437 1542 1463 1554 ..
1626 1546 1648 1554 -

1793 1456 1997 1513 Deinde
2066 1436 2188 1516 sese
2231 1465 2514 1533 pertrabat
2569 1469 2637 1523 ad
2663 1436 2882 1528 .debita
2942 1436 3371 1554 ὸῶἐεῖίᾜῶἶέ

98 1526 339 1592 πολλοὺς
396 1528 589 1599 λόγους
639 1533 896 1588 εὐπαθεῖν
950 1535 1030 1607 τῷ
1088 1539 1278 1611 Κυρίῳ
1346 1542 1537 1614 ἡμῶν,
1584 1546 1679 1602 κᾶν

1790 1547 2017 1606 aﬂectus
2061 1567 2189 1622 erga
2238 1553 2530 1611 Dominum
2574 1569 2844 1618 nostrum.
2882 1564 3110 1627 Etiamsi
3141 1526 3256 1630 haec
3287 1581 3370 1632 lo—

95 1619 528 1694 ἀλογοφάνειρος
574 1620 714 1678 εἶναι
756 1626 897 1681 δοκῶ
945 1645 1049 1684 σοι.
1112 1631 1399 1689 Ἀδύνατον
1444 1635 1555 1708 γὰρ
1593 1637 1679 1692 τὸν

1786 1638 2027 1705 quendo,
2077 1619 2349 1697 absurdus
2395 1645 2496 1699 tibi
2545 1646 2781 1707 fortasse
2813 1654 3002 1711 videar
3043 1675 3184 1718 esse.
3228 1663 3365 1721 Nam

97 1709 386 1782 ἁμαρτίαν
458 1713 748 1781 ποιοῦντα,
823 1717 857 1788 ἢ
930 1720 1338 1793 ἐμπλεκόμενυν
1396 1730 1517 1792 ταῖς
1585 1730 1679 1784 τοῦ

97 1800 223 1825 ΩΙ--.
260 1806 603 1825 --μμμμ-κιη
652 1824 657 1825 ,
700 1809 724 1825 ε
954 1811 967 1825 ι
1069 1812 1093 1825 μ
1126 1814 1152 1825 .-
1317 1818 1329 1825 .
1376 1817 1389 1825 .
1518 1824 1533 1825 ,,
1620 1823 1640 1825 _

1786 1725 1903 1782 ﬁeri
1945 1732 2137 1801 nequit
2167 1748 2291 1787 eum
2324 1736 2419 1805 qui
2473 1749 2757 1807 peccatum
2791 1746 3051 1812 admittit,
3109 1752 3364 1825 implicav

96 1800 225 1871 βίου
257 1806 661 1875 πραγματείαις
695 1809 728 1880 ἢ
779 1811 1245 1881 φροντίσι,δοῦναι
1270 1817 1434 1873 αὑτὸν
1476 1824 1540 1893 τῇ
1573 1823 1679 1878 τῶν

96 1887 240 1917 -Αλρ
290 1888 350 1917 ..λ
394 1890 490 1917 γε..
544 1893 854 1917 ι.....-..-..ι-.-.
912 1896 1151 1917 §A4_\_,I,,
1277 1901 1290 1917 ο
1384 1904 1407 1917 ιι
1602 1909 1622 1917 -

1784 1828 1980 1893 lurque
2022 1800 2252 1895 bujusce
2297 1829 2420 1884 vitae
2463 1834 2719 1903 negotiis,
2762 1852 2828 1893 ac
2877 1800 3361 1917 sollicitudinibus,

89 1887 240 1958 πρὸς
290 1888 352 1941 τὸ
391 1890 490 1961 ζῇν
540 1893 855 1961 ἀναγκαίων
906 1896 1202 1965 δουλεύσει,
1238 1901 1338 1973 οὑχ
1380 1904 1464 1957 ὅτι
1514 1887 1679 1980 μαθη-

1888 1887 1905 1893 ,
2096 1887 2115 1895 ,
2534 1887 2563 1903 υ
2764 1887 2825 1893 η
2877 1887 3340 1907 -ν...ν.-..ι.....υ.ω

1780 1915 2028 1970 servituti
2057 1931 2247 1970 earum
2279 1934 2462 1974 rerum
2506 1938 2629 1993 quae
2661 1925 2730 1980 ad
2765 1928 2934 1985 vitam
2988 1943 3119 1990 sunt
3170 1893 3363 1997 neces:

85 1977 356 2049 τευθῆναι
414 1981 493 2052 τῷ
558 1984 784 2056 Κυρίῳ·
850 1988 913 2041 οὑ
994 1991 1262 2063 πρότερον
1329 1997 1534 2052 εἰπόντι
1599 2001 1679 2072 τῷ

85 2071 367 2102 ...κατι-υ...
425 2074 629 2102 .A-.‘:--
664 2077 935 2102 anan”.--
971 2099 1028 2102 HA
1141 2084 1165 2102 α
1264 2087 1286 2102 ι.
1344 2091 1357 2102 .
1471 2090 1501 2102 ..
1589 2093 1611 2102 -

1778 2004 1941 2060 sarias
1969 2022 2094 2063 sese
2124 2009 2364 2078 tradere,
2395 2020 2491 2067 aut
2516 2014 2865 2088 disciplinam
2906 2026 3094 2082 subire
3122 2028 3358 2102 Christi;

85 2071 388 2143 νεανίσκῳ,
424 2091 444 2124 ι
463 2074 631 2146 Δεῦρο
659 2077 940 2134 ἀκολούθει
967 2099 1078 2153 μοι,
1102 2103 1122 2136 ι
1141 2084 1245 2151 ἕως
1260 2087 1326 2142 ἂν
1340 2071 1675 2147 ἐντείλασθαι

85 2161 340 2192 αι’-.-.ἱα-..η
375 2163 443 2192 ρλ.
481 2167 791 2192 .K_L----..__.
829 2171 915 2192 ___\
953 2172 1036 2192 ιν·-
1319 2179 1345 2191 ι-
1428 2182 1501 2192 ..ι
1528 2182 1539 2192 ι
1623 2185 1636 2192 -

1774 2094 1872 2166 qui
1902 2111 2013 2151 non
2052 2107 2180 2155 ante
2225 2071 2561 2159 adolescenti
2604 2071 2684 2162 illi
2731 2110 2911 2168 dixit:
2955 2114 3115 2189 525
3150 2139 3170 2172 ι
3200 2071 3357 2192 veni:

85 2161 343 2234 πωλῆσαι
374 2163 444 2218 τά
481 2167 795 2239 ὑπάρχοντα
828 2171 922 2224 καὶ
948 2172 1131 2229 δοῦναι
1152 2179 1385 2250 πτωχῷ’
1416 2182 1553 2236 ἀλλὰ
1584 2185 1676 2238 ού-

1792 2161 1811 2166 _
2670 2161 2682 2162 ί
2737 2161 2869 2165 ν-η
2897 2161 2911 2168 -
2955 2161 3115 2189 νου
3152 2161 3168 2172 “
3216 2161 3357 2192 "ﬂ":

1774 2203 2004 2260 sequere
2023 2208 2109 2248 me
2127 2194 2194 2258 ³⁸,
2219 2213 2239 2246 ι
2270 2211 2431 2266 quam
2466 2204 2811 2274 praecepisset
2839 2208 2942 2271 illi,
2976 2221 3036 2265 ut
3067 2228 3197 2271 suas
3227 2234 3359 2274 ven-

79 2253 148 2308 δὲ
180 2256 247 2309 τὸ
279 2256 436 2311 τοῦτο
481 2260 799 2330 προσέταξε,
832 2265 963 2336 πρὶν
995 2267 1328 2340 ὁμολογῆσαι
1352 2274 1537 2339 αὐτὸν,
1588 2277 1670 2332 ὅτι

1771 2281 1926 2338 deret
1947 2287 2350 2354 possessiones,
2392 2253 2672 2364 daretquer
2705 2301 3037 2368 pauperibus
3072 2323 3085 2358 :
3129 2308 3225 2362 sed
3260 2326 3358 2366 ne-

86 2367 109 2399 c
148 2348 336 2402 Πάντα
363 2350 537 2406 ταῦτα
564 2353 921 2430 ἐφυλαξάμην
943 2360 1009 2412 ἐκ
1028 2361 1280 2432 νεότητός
1300 2381 1423 2435 μου.
1438 2386 1458 2418 ι
1479 2368 1537 2421 Ὀ
1560 2369 1670 2442 γάρ

1948 2348 1966 2354 -
2337 2348 2347 2353 -
2567 2348 2583 2364 .
2636 2348 2647 2350 -
2705 2348 3084 2368 τηρ---πμ
3129 2348 3225 2362 νυ..
3261 2348 3356 2366 ..ν-

1769 2387 1878 2442 que
1925 2375 2080 2444 prius
2123 2377 2229 2433 ista
2276 2379 2479 2450 jussit,
2513 2399 2677 2453 quam
2727 2389 2819 2444 ille
2872 2394 3161 2452 confessus
3208 2409 3356 2455 esset

84 2442 306 2512 μήποτε
341 2442 523 2499 λαϐὼν
564 2446 664 2519 τὴν
697 2447 890 2516 ἄφεσιν
917 2449 1028 2504 τῶν
1055 2452 1340 2526 ἁμαρτιῶν
1367 2460 1462 2512 καὶ⁵
1490 2475 1663 2514 κατα-

1770 2464 2034 2523 dicendo:
2059 2488 2080 2520 ι
2104 2469 2230 2526 Haec
2254 2474 2437 2529 omnia
2463 2478 2731 2535 custodivi
2760 2497 2789 2535 a
2809 2483 3095 2552 juventute
3117 2493 3347 2548 mea”.o

76 2533 273 2600 λυθεὶς
302 2536 410 2591 ἀπὸ
457 2537 664 2593 τούτων
692 2542 749 2594 ἐν
779 2539 857 2611 τῷ
909 2542 1099 2614 αἵματι
1137 2544 1233 2598 τοῦ
1263 2547 1468 2620 Κυρίου
1513 2551 1671 2622 ἡμῶν

1771 2555 1985 2615 Etenim
2021 2564 2115 2632 qui
2142 2566 2519 2623 remissionem
2550 2581 2896 2640 peccatorum
2920 2581 3163 2636 nondum
3197 2597 3356 2641 acce-

92 2628 278 2699 Ἶησοῦ
319 2629 579 2700 Χριστοῦ,
609 2630 875 2687 δουλεύων
927 2634 984 2688 δὲ
1016 2635 1094 2708 τῷ
1122 2637 1350 2711 διαϐόλῳ
1383 2641 1477 2695 καὶ
1529 2660 1669 2715 κρα-

1767 2649 1867 2718 pit,
1894 2628 2072 2721 neque
2103 2668 2134 2706 a
2169 2655 2385 2713 delictis
2413 2628 2699 2719 absoiutus
2745 2664 2847 2720 fuit
2887 2684 2985 2737 per
3027 2675 3349 2745 sanguinem

75 2719 179 2773 τού
189 2738 348 2791 μενος
372 2723 479 2776 ὑπὸ
505 2724 604 2795 τῆς
639 2725 698 2778 ἐν
732 2726 881 2798 αὐτῷ
918 2728 1215 2801 ἁμαρτίας,
1246 2732 1523 2798 ἀδυνάτως
1552 2735 1665 2808 ἔχει

75 2811 362 2839 summa--.
400 2815 473 2839 __~.
508 2817 692 2839 ν..-ι-,
723 2818 793 2839 __~.
835 2820 935 2839 Lm
994 2821 1051 2839 ,ρ
1217 2824 1229 2839 .
1298 2825 1312 2839 ,
1504 2827 1528 2839 -
1564 2829 1588 2839 -

1768 2719 1997 2798 Domini
2016 2747 2192 2802 nostri
2213 2747 2343 2804 Jesu
2371 2751 2612 2820 Christi;
2636 2757 2731 2812 sed
2761 2719 2981 2818 diabolo
3006 2719 3347 2839 obsequitur,

73 2811 367 2866 δουλεῦσαι
399 2815 478 2886 τῷ
506 2817 697 2889 Κυρίῳ
721 2818 799 2889 τῷ
826 2820 1179 2892 ἀπαράϐατον
1205 2824 1479 2895 ἀπόφασιν
1499 2827 1665 2883 δεδω-

1767 2837 1932 2902 atque
1959 2837 2202 2904 peccatis
2240 2839 2359 2910 ipse
2407 2844 2525 2899 suis
2549 2858 2742 2917 captus
2767 2849 3080 2925 detinetur;
3115 2811 3350 2916 nullam:

74 2903 203 2956 κότι
226 2904 287 2958 τὸ
315 2908 489 2960 εἰπεῖν
507 2926 521 2940 ο
567 2928 586 2961 ι
627 2911 746 2975 Πᾶς
769 2913 798 2965 ὁ
825 2912 995 2967 ποιῶν
1025 2915 1125 2986 τὴν
1147 2917 1444 2988 ἁμαρτίαν,
1479 2920 1664 2987 δοῦλός

71 2996 200 3049 ἐστι
224 2998 323 3069 τῆς
336 3001 631 3072 ἁμαρτίας.
670 3003 728 3058 '0
757 3003 814 3058 δὲ
845 3005 1030 3071 δοῦλος
1061 3007 1123 3061 οὐ
1155 3008 1303 3080 μένει
1331 3012 1389 3064 ἐν
1416 3014 1479 3083 τῇ
1515 3013 1663 3088 οίκίᾳ

71 3090 163 3151 εἰς
194 3089 289 3141 τὸν
325 3090 516 3144 αίῶνα.
548 3111 567 3143 ›
598 3094 886 3167 Μαρτυρεῖ
916 3097 1011 3150 καὶ
1037 3098 1067 3150 ό
1098 3099 1158 3152 ἐν
1217 3100 1440 3173 Χριστῷ
1485 3102 1660 3159 λαλῶν

70 3179 317 3247 Παῦλος,
369 3183 452 3236 ὅτι
502 3202 521 3235 ι
569 3187 598 3239 ό
648 3184 833 3252 δοῦλος
873 3188 972 3260 τῆς
1017 3190 1314 3263 ἁμαρτίας,
1377 3192 1662 3269 ἐλεύθερός

70 3280 234 3329 ἐστιν
268 3278 377 3331 ἀπὸ
397 3279 496 3349 τῆς
546 3280 913 3355 δικαιοσύνης.
951 3301 971 3334 ι
1005 3284 1116 3338 Καὶ
1158 3283 1320 3340 πάλιν
1346 3289 1375 3341 ὁ
1415 3287 1655 3359 Κύριοςο

70 3390 96 3422 σ
130 3369 325 3435 Οὐδεὶς
381 3371 602 3427 δύναται
653 3374 774 3429 δυσὶ
799 3374 1010 3447 κυρίοις
1061 3377 1352 3448 δουλεύειν,
1384 3399 1404 3433 ›
1464 3383 1559 3435 καὶ
1588 3382 1660 3436 τὰ

67 3463 208 3534 ἑξῆς
232 3480 246 3493 °
278 3465 346 3518 δι’
372 3459 447 3520 ὧν
473 3466 700 3534 ἐδίδαξε,
730 3468 827 3521 καὶ
859 3468 1061 3537 ἔδειξεν
1091 3471 1402 3545 όριστίξων,
1451 3475 1547 3529 καὶ
1574 3477 1656 3528 εί-

67 3552 219 3619 πὼν,
259 3555 341 3608 ὃτι
367 3554 491 3609 οὔτε
525 3558 574 3610 οε
599 3557 728 3628 περὶ
759 3558 860 3630 τὴν
887 3558 1056 3624 ὅντως
1086 3562 1394 3631 ἀναγκαίαν
1427 3563 1522 3617 τοῦ
1556 3563 1655 3636 ζῇν

68 3645 353 3717 μέριμναν
391 3648 721 3720 ἐνεχόμενοι,
754 3649 1024 3707 δουλεύειν
1068 3652 1344 3720 δύνανται,
1370 3656 1493 3727 οὐχὶ
1534 3656 1654 3711 τόδε

66 3737 428 3809 μαθητεύειν,
448 3742 477 3795 ὅ
504 3757 558 3794 τι
582 3741 786 3813 ἔμαθεν
801 3744 1121 3809 Ἀπόστολος
1154 3746 1488 3821 πλατύτερον
1515 3748 1652 3803 θεω-

66 3832 250 3903 ρήσας
268 3848 283 3863 ο
312 3829 431 3887 εἷπε
453 3835 591 3906 γάρ’
624 3856 642 3887 ι
674 3836 771 3902 Τίς
798 3841 998 3912 μετοχὴ
1031 3840 1374 3915 δικαιοσύνης
1403 3845 1498 3899 καὶ
1532 3846 1655 3900 ἀνο-

67 3920 229 3992 μίας,
260 3922 353 3976 καὶ
373 3924 457 3988 τίς
489 3926 742 3982 κοινωνία
769 3930 908 3999 φωτὶ
928 3931 1065 4003 πρὸς
1092 3933 1302 3999 σκότος,
1322 3934 1408 4000 τίς
1437 3935 1495 3991 δὲ
1515 3954 1651 4009 συμ-

61 4012 316 4083 φώνησις
336 4015 575 4087 Χριστοῦ
621 4018 759 4090 πρὸς
812 4019 1042 4088 Βελίαδ;
1076 4021 1111 4095 ἢ
1142 4023 1228 4087 τίς
1260 4026 1420 4096 μερὶς
1470 4026 1650 4097 πιστῷ

62 4106 215 4177 μετά
240 4107 491 4173 ἀπίστου,
518 4109 602 4174 τίς
631 4110 689 4164 δὲ
732 4113 1130 4181 συγκατάθεσις
1179 4112 1294 4188 ναῷ
1326 4117 1464 4189 μετὰ
1497 4120 1651 4174 είδώ-

57 4198 161 4252 λου
184 4215 199 4264 ;
231 4218 251 4250 ι
275 4200 386 4254 Καὶ
412 4201 575 4255 πάλιν
602 4202 897 4273 ὀριστίζει’
929 4224 949 4257 ι
971 4206 1036 4260 Ἠ
1064 4206 1199 4280 σὰρξ
1215 4210 1476 4283 ἐπιθυμεῖ
1503 4213 1648 4269 κατὰ

56 4292 161 4346 τοῦ
219 4293 548 4364 πνεύματος,
606 4296 668 4349 τὸ
723 4296 782 4351 δὲ
835 4297 1056 4370 πνεῦμα
1099 4301 1239 4356 κατὰ
1262 4303 1364 4374 τῆς
1410 4305 1644 4376 σαρκός·

53 4384 243 4438 ταῦτα
261 4385 318 4438 δὲ
347 4387 681 4442 ἀντίκεινται
732 4389 986 4461 ἀλλήλοις
1013 4430 1028 4455 ,
1064 4392 1152 4447 ἵνα
1194 4393 1268 4466 μὴ
1296 4394 1333 4449 ἃ
1357 4393 1423 4449 ἂν
1454 4394 1646 4468 θέλητε

53 4476 238 4531 ταῦτα
266 4482 476 4550 ποιῆτε.
507 4499 526 4531 ι
568 4480 860 4552 Ῥυσθῆναι
883 4482 965 4536 δεῖ
986 4484 1251 4556 πρότερον
1278 4485 1374 4539 τοῦ
1408 4486 1644 4541 καταδυ-

51 4568 264 4624 ναστοῦ
289 4570 383 4623 τοῦ
412 4571 659 4625 διαϐόλου
682 4573 970 4643 ἐνάγοντος
997 4576 1090 4628 ἐπὶ
1114 4577 1218 4648 τὴν
1245 4578 1521 4649 ἁμαρτίαν
1552 4579 1645 4633 τὸν

53 4662 156 4713 ὑπ’
188 4661 381 4732 αὐτῆςῖ
404 4662 794 4734 κρατούμενον.
842 4666 1093 4737 Ἔφαμεν
1134 4666 1421 4738 βούλεσθαι
1448 4668 1504 4723 δὲ
1535 4670 1643 4743 ἄρα

50 4754 155 4808 καὶ
189 4754 322 4808 πότε
353 4755 807 4827 ἀπαρνησάμενον
837 4758 1013 4811 πάντα
1032 4758 1101 4811 τὰ
1120 4759 1365 4831 παρόντα
1393 4761 1487 4814 καὶ
1515 4764 1642 4815 ἐαυ-

49 4847 173 4910 τὸν,
208 4847 308 4916 τῆς
356 4846 413 4900 δὲ
452 4848 832 4920 προσπαθείας
886 4848 982 4902 τοῦ
1045 4849 1146 4923 ζῇν
1204 4852 1641 4926 ἀναχωρήσαντα

52 4937 470 5010 μθητευθῆναι
501 4936 580 5010 τῷ
607 4939 817 5012 Κυρίῳ,
850 4939 987 4994 καθὸ
1010 4941 1175 5005 αὐτὸς
1214 4944 1438 5014 εἴρηκεν
1460 4960 1475 4974 θ
1519 4962 1536 4995 ι
1574 4943 1644 4998 Εἴ

45 5050 139 5096 τις
164 5030 444 5086 ἐλεύσεται
471 5032 607 5104 πρὸς
635 5033 723 5102 μὲ,
751 5033 1160 5104 ἀπαρνησάσθω
1182 5034 1361 5096 αὑτὸν,
1383 5036 1477 5090 καὶ
1502 5036 1639 5108 ἀρά-

44 5142 130 5178 τω
144 5124 240 5177 τὸν
260 5124 488 5195 σταυρὸν
509 5124 696 5189 αὐτοῦ,
715 5126 809 5178 καὶ
826 5124 1187 5180 ἀκολουθείτω
1208 5145 1319 5198 μοι,
1334 5128 1498 5200 »ὅπερ
1519 5128 1638 5182 ἐστὶ

47 5216 306 5290 μαθητής
336 5233 435 5288 μου
470 5216 724 5272 ἐνταῦθα.
751 5216 829 5273 Οὐ
867 5218 1025 5289 μόνον
1046 5219 1104 5272 δέ
1123 5218 1233 5272 τῶν
1257 5220 1633 5292 ὑπαρχόντων,

45 5310 147 5364 καὶ
177 5309 290 5364 τῶν
310 5310 447 5382 πρὸς
482 5310 542 5364 τὸ
571 5310 670 5383 ζῇν
694 5311 1008 5380 ἀναγκαίων
1051 5316 1407 5383 καταφρονεῖν
1463 5329 1621 5385 προσ·

1767 2938 1872 2980 nus
1887 2935 2066 2995 potest
2086 2930 2292 2987 servire
2320 2930 2574 3004 Domino,
2594 2941 2684 3008 qui
2720 2956 3000 3014 nunquam
3033 2956 3350 3009 controver-

1767 3017 1988 3072 tendam
2024 3022 2250 3089 protulit
2277 3030 2605 3084 sententiam
2644 3048 2767 3088 cum
2800 3036 2939 3092 dixit
2973 3059 2988 3090 τ
3029 3060 3049 3093 ‹
3084 3043 3348 3116 Quisquis

1762 3117 2047 3180 peccatum
2081 3113 2232 3182 facit,
2272 3131 2466 3173 servus
2508 3128 2592 3176 est
2640 3128 2872 3192 peccati.
2909 3129 3113 3189 Servus
3163 3113 3346 3192 autem

1760 3216 1870 3255 non
1896 3212 2078 3259 manet
2106 3205 2161 3260 in
2210 3204 2373 3262 domo
2406 3209 2461 3263 in
2492 3214 2750 3269 saeculum
2772 3217 2839 3273 ⁸⁸.
2868 3238 2888 3272 ι
2928 3219 3185 3279 Testatur
3212 3229 3342 3284 item

1760 3295 1852 3364 qui
1894 3295 1952 3350 in
1994 3296 2215 3355 Christo
2266 3300 2511 3372 loquitur
2538 3306 2744 3363 Paulus
2777 3327 2790 3362 :
2837 3328 2857 3362 ι
2892 3310 2997 3378 Qui
3036 3329 3228 3374 servus
3257 3328 3344 3376 est

1758 3386 1990 3455 peccati,
2015 3386 2154 3443 liber
2172 3396 2258 3444 est
2283 3405 2313 3444 a
2340 3390 2633 3460 iustitia".
2657 3415 2677 3447 ι
2695 3393 2772 3450 Ae
2796 3412 3015 3455 rursum
3042 3400 3304 3462 Dominus
3321 3425 3339 3462 :

1765 3473 1965 3529 «Nemo
1985 3485 2165 3547 potest
2188 3478 2406 3535 duobus
2422 3481 2667 3540 dominis
2688 3488 2986 3545 servire":
3016 3511 3036 3544 ι
3054 3501 3105 3547 et
3119 3500 3338 3561 cratera,

1758 3566 1960 3635 quibus
1992 3567 2179 3624 docuit
2208 3571 2499 3643 palamque
2550 3576 2810 3642 ostendit,
2851 3596 2922 3636 ne
2964 3582 3087 3639 illos
3116 3584 3339 3654 quidem
3372 3630 3381 3639 .

1756 3658 1852 3728 qui
1884 3674 2067 3714 rerum
2107 3660 2174 3715 ad
2199 3663 2366 3717 vitam
2410 3667 2845 3722 necessariarum
2869 3671 3237 3730 sollicitudine
3261 3685 3342 3731 te-

1757 3759 1974 3813 nentur,
2002 3765 2163 3819 posse
2188 3751 2294 3821 ipsi
2320 3755 2547 3819 servire,
2571 3772 2750 3828 neque
2791 3758 2846 3813 id
2875 3760 3141 3829 ediscere,
3178 3766 3339 3835 cujus

1757 3840 2055 3912 Apostolus
2079 3844 2521 3902 consideratione
2562 3863 2682 3912 sua,
2721 3851 3039 3921 ampliorem
3085 3858 3338 3913 notitiam

1755 3942 1839 3990 est
1871 3942 2198 3992 assecutus:
2233 3938 2312 3991 ait
2350 3939 2497 3994 enim
2531 3957 2545 3994 :
2581 3958 2601 3992 ι
2637 3940 2769 4007 Quae
2800 3945 3145 4016 participatio
3168 3949 3338 4018 justi-

1756 4025 1847 4082 tiae
1882 4041 2007 4081 cum
2030 4028 2340 4099 iniquitate,
2371 4037 2427 4085 et
2459 4047 2579 4101 quae
2619 4036 3045 4092 communicatio
3078 4039 3185 4095 luci
3209 4056 3334 4095 cum

1747 4118 2027 4193 tenebris,
2063 4121 2188 4191 quis
2222 4135 2528 4179 consensus
2560 4123 2766 4179 Christi
2808 4142 2934 4183 cum
2967 4128 3129 4185 Belial
3157 4131 3333 4199 iQuaa

1748 4210 1930 4280 portio
1966 4210 2144 4267 ﬁdelis
2178 4228 2302 4267 cum
2347 4213 2553 4269 inﬁdeli
2585 4215 2609 4269 ἲ
2651 4232 2775 4286 quae
2808 4221 3106 4275 concordia
3141 4226 3332 4295 templi

1747 4320 1872 4361 cum
1896 4305 2047 4361 idolo
2068 4306 2179 4361 ³νῖ
2209 4326 2229 4360 ι
2256 4305 2607 4378 Rursumque
2641 4308 2716 4363 ita
2738 4313 3059 4379 pronuntiat
3090 4328 3103 4365 :
3129 4332 3149 4366 ι
3185 4314 3330 4371 Caro

1745 4397 2088 4467 concupiscit
2109 4398 2374 4454 adversus
2406 4399 2685 4469 spiritum,
2709 4410 2764 4457 et
2795 4404 3027 4472 spiritus
3057 4405 3329 4463 adversus

1745 4502 1969 4543 carnem
1998 4507 2014 4557 ;
2048 4489 2166 4544 haec
2200 4489 2346 4544 enim
2382 4490 2487 4546 sibi
2537 4480 2919 4560 adversantur,
2954 4505 3013 4550 ut
3062 4512 3173 4551 non
3205 4514 3329 4568 qua:

1743 4580 2031 4636 volueritis
2068 4581 2286 4638 faciatis
2324 4580 2390 4636 ³³.
2429 4600 2450 4635 ι
2483 4581 2727 4637 Primum
2770 4594 2984 4656 oportet
3030 4589 3327 4647 liberari.a

1746 4673 2092 4731 dominatore
2142 4675 2381 4740 diabolo,
2403 4677 2500 4746 qui
2530 4677 2586 4731 in
2614 4687 2900 4748 peccatum
2943 4680 3156 4737 inducit
3199 4698 3324 4739 eum

1745 4766 1843 4836 qui
1876 4765 2129 4821 subditus
2159 4767 2264 4837 ipsi
2291 4774 2393 4823 est.
2434 4766 2684 4825 Diximus
2724 4771 2862 4827 velle
2893 4786 3018 4837 nos,
3059 4773 3326 4829 abdicatis

1743 4858 2000 4913 omnibus
2028 4859 2390 4927 praesentibus
2431 4868 2595 4931 atque
2639 4862 2801 4918 nobis
2829 4864 2988 4934 ipsis,
3015 4878 3081 4919 ac
3132 4865 3324 4921 relicta

1739 4947 1865 5003 vitae
1922 4948 2238 5014 affectione,
2270 4949 2615 5020 disciplinam
2662 4952 2849 5008 subire
2896 4952 3122 5017 Christi,
3178 4952 3324 5008 sicut

1741 5036 1859 5108 ipse
1880 5038 2096 5094 locutus
2125 5045 2212 5093 est
2239 5054 2255 5091 :
2286 5056 2305 5089 ι
2346 5038 2406 5093 Si
2433 5040 2559 5110 quis
2596 5047 2721 5110 post
2747 5057 2836 5096 me
2863 5043 3068 5108 veniat,
3091 5043 3325 5113 abneget

1741 5129 2119 5199 semetipsum;
2151 5134 2206 5184 et
2258 5128 2411 5182 tollat
2456 5143 2676 5183 crucem
2732 5144 2920 5192 suam,
2953 5139 3008 5184 et
3059 5136 3322 5198 sequatur

1743 5236 1831 5276 me
1853 5220 1921 5286 “,
1936 5240 1955 5273 ι
1974 5219 2031 5275 id
2055 5227 2163 5287 est,
2188 5236 2314 5277 eum
2331 5221 2424 5292 qui
2441 5220 2744 5292 discipulus
2775 5234 2930 5274 meus
2948 5226 3056 5274 est.
3075 5217 3194 5273 Non
3212 5234 3323 5274 mo-

1739 5312 1810 5368 do
1831 5313 1974 5369 bona
1988 5322 2041 5369 et
2058 5315 2184 5371 vitae
2204 5316 2512 5372 necessaria
2534 5313 2814 5386 deSpicere
2828 5311 3201 5383 praecipimur;
3224 5310 3319 5367 sed

119 5466 169 5499 ’⁸
209 5464 597 5537 Marcsxpﬁi.
632 5536 637 5537 ί
673 5464 890 5537 ’[ὶυο.
932 5482 1087 5530 xvm,
1118 5466 1332 5537 2i.y_'°
1370 5464 1529 5520 Joan.
1566 5481 1679 5529 νιιι,

1751 5468 1815 5534 λι,
1849 5471 1939 5527 55.
2017 5471 2059 5504 ιι
2099 5468 2260 5527 Rom.
2292 5438 2371 5537 vi,
2393 5471 2485 5526 eo.
2563 5470 2607 5503 ιε
2648 5469 2839 5526 Matth.
2877 5467 3085 5536 ν1,24.
3163 5465 3231 5500 εν
3270 5465 3317 5520 n

42 5537 180 5592 Cor.
219 5551 308 5602 τι,
344 5534 535 5592 “~16.
623 5536 670 5568 ³³
709 5535 829 5591 Gal.
865 5555 917 5603 v,
954 5539 1039 5591 Π.
1133 5538 1180 5570 ³⁸
1218 5535 1406 5595 Matth.
1447 5553 1561 5603 mu,
1595 5538 1687 5600 2i.

123 5660 240 5721 (26)
280 5660 459 5716 Locus
491 5661 745 5717 vitiosus.
