3860 6220
526 240 681 301 ,14Ξὸ

1674 246 1732 301 S.
1767 246 2231 306 ATIIANASIUS.
2270 278 2341 288 —
2382 247 2655 305 SPURIA.

3660 255 3753 311 ﬂii

526 358 691 417 etiam
726 367 915 413 mutua
943 356 1118 413 ofﬁcia
1171 373 1293 429 quae
1329 361 1632 417 secundum
1664 373 1920 419 naturam
1953 371 2008 420 et
2031 365 2091 420 le

530 466 646 477 ..ΑΜ
687 456 811 477 -..ιιι
881 464 1141 477 ηειηιι-ιι-ηι
1175 458 1225 477 Α.
1278 452 1528 477 nmiae---
1575 453 1827 477 ε--ι.,..--..
1901 455 2091 477 Δε-,μ..

2211 364 2552 436 τασσόμεθα,
2579 363 2716 419 ἀλλὰ
2738 366 2833 419 καὶ
2873 365 2982 419 τῶν
3014 367 3153 439 πρὸς
3178 367 3445 439 ἀλλήλους
3475 372 3758 440 νενομισμὲ-
3832 390 3837 477 γ

527 466 648 524 gem
687 456 848 519 sunt,
881 464 1141 520 superare
1173 458 1228 505 et
1276 452 1530 510 omittere
1567 453 1847 525 jubemur,
1895 455 2108 514 dicente

521 544 760 601 .Domino
792 562 805 599 :
846 562 864 595 ι
891 541 997 609 Qui
1027 543 1204 614 diligit
1234 551 1440 614 patrem
1460 554 1516 601 et
1545 554 1773 603 matrem
1800 549 1923 619 plus
1944 565 2108 621 quam

506 612 630 709 lme,
661 653 774 693 non
802 645 890 693 est
919 651 1005 692 me
1030 612 1325 707 dignus".
1370 657 1390 691 ι
1434 636 1700 695 Similiter
1729 612 1879 712 quod
1911 612 2107 699 conse-

521 732 733 802 quitur,
769 730 1021 801 proxime
1057 731 1222 787 situm
1263 738 1369 795 est,
1421 732 1532 786 imo
1568 731 1886 803 longissime
1930 736 2001 790 ab
2037 735 2105 791 iis

519 822 616 893 qui
664 830 796 880 sunt
826 822 1075 878 extranei
1106 836 1137 875 a
1169 821 1295 878 lide.
1336 821 1703 889 Quamobrem
1752 825 2107 883 vehementer

521 913 797 977 hortatur,
837 920 900 967 ut
951 928 1077 967 cum
1137 912 1543 983 perseverantia
1582 927 1840 973 asceseos
1889 914 2104 970 labores

507 1009 915 1074 sustineamus,
953 1009 1005 1061 in
1039 1007 1189 1061 nullo
1219 1014 1523 1061 metuentes
1554 1007 1765 1061 inimici
1810 1008 2101 1063 adversum

519 1118 624 1159 nos
652 1110 871 1173 paratas
912 1098 1165 1154 insidias.
1203 1097 1452 1153 Praeterit
1474 1097 1646 1168 ﬁgura
1678 1098 1844 1167 hujus
1888 1099 2098 1154 mundi.

504 1190 601 1247 Ad
633 1191 770 1254 haec,
792 1190 1012 1244 fallacia
1041 1197 1096 1245 et
1124 1188 1406 1243 tribulatio
1454 1188 1621 1259 hujus
1664 1188 1793 1245 vitae
1827 1198 2102 1261 tempora-

515 1299 617 1340 nea
648 1290 754 1346 est,
778 1281 1066 1352 brevisque
1095 1280 1356 1351 temporis
1384 1299 1398 1334 :
1427 1279 1539 1334 vita
1565 1296 1695 1336 vero
1723 1296 1844 1351 quae
1866 1283 1919 1336 in
1944 1281 2104 1336 Chri—

517 1380 587 1430 sti
613 1374 875 1429 servitute
903 1371 1086 1441 agitur
1110 1378 1194 1424 est
1237 1376 1463 1433 aeterna,
1494 1378 1755 1439 perpetua
1783 1377 1839 1423 et
1871 1368 2100 1423 immor-

512 1465 641 1521 talis
693 1484 705 1518 :
757 1477 923 1534 quam
974 1468 1357 1531 exspectamus
1401 1474 1502 1514 nos
1551 1458 1648 1529 qui
1700 1458 1907 1514 Christi
1957 1458 2098 1514 servi

515 1572 709 1613 sumus
743 1554 1051 1625 :eujusque
1080 1567 1248 1607 causa
1278 1550 1544 1605 mundum
1577 1550 1955 1608 abdicavimus
1983 1565 2101 1604 om-

510 1662 725 1718 nesque
746 1644 1222 1719 concupiscentias
1245 1644 1388 1711 ejus.
1405 1640 1591 1711 Neque
1621 1642 1886 1698 debemus
1907 1656 2098 1697 eorum

2211 476 2317 511 νων
2348 459 2441 511 καὶ
2466 457 2607 513 κατά
2645 457 2809 528 φύσιν
2846 460 2942 513 καὶ
2979 459 3143 530 νόμον
3172 460 3399 513 διε-»ζων
3440 460 3761 531 καθηκόντων
3832 457 3837 497 Ὗ

2210 552 2569 623 ὑπερφρονεῖν
2590 551 2978 624 παιδευόμεθα,
3002 552 3096 606 τοῦ
3121 553 3324 623 Κυρίου
3352 552 3644 623 λέγοντος·
3677 574 3693 605 ι
3721 554 3765 610 ’0

2207 644 2439 712 ἀγαπῶν
2484 644 2697 716 πατέρα
2724 644 2758 715 ἢ
2795 644 3010 716 μητέρα
3043 644 3187 716 ὑπὲρ
3245 646 3372 716 ἐμὲ,
3405 646 3513 698 οὐκ
3544 646 3660 699 ἐστι
3688 666 3763 717 μου

2206 733 2379 799 ἄξιος.
2429 751 2448 784 ι
2496 732 2731 803 Ὁμοίως
2789 734 2885 787 καὶ
2945 734 3007 787 τὸ
3049 733 3235 788 λοιπὸν
3286 736 3580 804 ἐγγυτάτω
3640 741 3763 801 οἰκεῖ,

2205 823 2365 894 δῆλον
2381 825 2438 878 δὲ
2463 826 2545 879 ὅτι
2567 825 2702 878 πολὺ
2731 827 3065 897 πορρωτέρω
3087 827 3179 880 καὶ
3206 824 3371 891 ξένων
3398 829 3501 898 τῆς
3535 829 3761 894 πίστεως.

2206 916 2297 969 Διὸ
2336 917 2677 990 παρακαλῶν
2727 919 2982 989 μεγάλως
3026 920 3481 992 ἀοργετουμένοις
3513 924 3577 975 ὲν
3604 941 3767 995 καρπ-

2208 1008 2298 1080 ρία
2326 1012 2452 1074 τοὺς
2507 1009 2609 1080 τῆς
2638 1010 2925 1083 ἀσκήσεως
2979 1014 3194 1076 πόνους,
3227 1015 3285 1066 ὲν
3317 1014 3512 1085 μηδενὶ
3559 1016 3767 1081 δεδιότας

2203 1101 2302 1165 τὰς
2329 1101 2453 1156 καθ’
2501 1101 2659 1174 ήμῶν
2687 1102 2784 1155 τοῦ
2814 1102 3010 1174 ἐχθροῦ
3036 1104 3311 1174 μεθόδους.
3345 1106 3603 1177 Παράγει
3641 1107 3770 1159 τοῦτο

2205 1192 2391 1264 σχῆμα
2419 1191 2513 1245 τοῦ
2541 1192 2750 1263 κόσμου
2781 1193 2997 1247 τούτου.
3027 1195 3138 1248 Καὶ
3153 1195 3327 1248 ταῦτα
3358 1197 3391 1267 ή
3432 1197 3652 1268 ἀπάτη.
3695 1201 3769 1250 καὶ

2204 1284 2382 1353 θλίψις
2405 1285 2499 1338 τοῦ
2536 1284 2652 1355 βίου
2692 1286 2881 1338 τούτου
2921 1286 3257 1360 πρόσκαιρός
3286 1290 3400 1341 ἐστι
3461 1291 3559 1344 καὶ
3624 1290 3771 1359 ὀλιγο-

2202 1376 2435 1446 χρόνιος,
2462 1378 2495 1447 ὴ
2517 1376 2574 1429 δὲ
2596 1374 2674 1446 τῷ
2701 1376 2821 1445 θεῷ
2848 1375 3142 1440 δουλεύειν,
3171 1376 3284 1448 ζωὴ
3335 1377 3587 1442 αἰώνιος,
3624 1380 3771 1442 ἀΐδιος

2201 1468 2298 1521 καὶ
2319 1468 2608 1531 ἀθάνατος,
2632 1464 2737 1521 ποῦ
2770 1465 3112 1537 ἀναμένομεν
3146 1468 3195 1519 οἱ
3220 1467 3299 1537 τῷ
3327 1467 3556 1540 Χριστῷ
3585 1468 3774 1521 δουλεῦ-

2200 1575 2382 1622 οντες·
2413 1558 2480 1611 δι’
2499 1558 2567 1629 ἣν
2594 1557 2688 1610 καὶ
2732 1556 3128 1629 ἀπεταξάμεθα
3181 1558 3259 1629 τῷ
3289 1560 3507 1630 κόσμῳ,
3554 1560 3653 1613 καὶ
3683 1562 3769 1614 πᾶν

2205 1664 2326 1711 σαις
2342 1651 2462 1710 ταῖς
2494 1645 2814 1716 ἐπιθυμίαις
2836 1645 3025 1699 αὐτοῦ.
3048 1646 3159 1700 Καὶ
3180 1648 3279 1701 οὑκ
3317 1646 3615 1717 ὀφείλομεν
3667 1664 3775 1717 μνη-

510 1739 848 1805 meminisse,
870 1751 1005 1808 quae
1034 1736 1155 1806 ejus
1186 1735 1441 1806 praecepti
1466 1734 1723 1792 servandi
1752 1749 1921 1790 causa
1948 1735 2091 1791 dere-

2203 1739 2449 1810 μονεύειν
2481 1740 2687 1803 ἐκεῖνα,
2733 1741 2877 1811 ἅπερ
2908 1739 2997 1793 διὰ
3024 1739 3124 1810 τὴν
3156 1739 3375 1809 ἐντολήν
3403 1739 3621 1810 ταύτην
3660 1756 3777 1793 κατ·

511 1830 820 1902 liquimus;
869 1844 938 1884 ne
993 1828 1313 1898 temporalia
1360 1843 1584 1883 rursum
1633 1834 1974 1898 expetentes,
2014 1827 2099 1882 vi-

508 1931 622 1977 tam
668 1931 928 1977 aeternam
974 1921 1310 1975 amittamus.
1365 1919 1583 1975 Mentiri
1642 1920 1846 1990 quippe
1883 1919 2093 1990 nequit,

507 2017 604 2088 qui
629 2015 769 2070 dixit
811 2034 825 2069 :
855 2032 874 2065 ι
903 2012 1169 2084 Quisquis
1191 2012 1462 2069 dimiserit
1490 2012 1714 2068 domum
1741 2031 1761 2065 ι
1782 2018 1836 2067 et
1860 2012 2093 2082 reliqua,

511 2106 859 2177 Ieentuplum
876 2104 1123 2175 recipiet,
1144 2110 1197 2158 et
1213 2104 1378 2158 vitam
1400 2112 1658 2161 aeternam
1677 2103 1979 2173 possidebit
1994 2104 2054 2158 '°.
2069 2122 2090 2155 ι

506 2198 699 2270 Neque
722 2197 891 2261 enim,
915 2205 976 2251 ut
1000 2196 1218 2268 quidam
1251 2197 1702 2266 interpretantur,
1733 2195 1848 2250 haec
1877 2196 2094 2255 loeutus

507 2300 592 2349 est
630 2289 896 2345 Dominus
924 2289 992 2346 de
1008 2290 1089 2345 iis
1113 2289 1205 2358 qui
1237 2295 1484 2358 tempore
1516 2288 1963 2357 persecutionum
1994 2304 2093 2360 pro

506 2384 731 2440 nomine
750 2383 872 2453 ejus
899 2382 1221 2455 martyrium
1245 2381 1552 2437 subierunt.
1568 2379 1925 2451 Nequaquam
1945 2381 2091 2437 enim

504 2477 645 2532 dixit
676 2492 690 2527 :
726 2475 766 2530 li
802 2476 980 2532 solum
1017 2476 1109 2545 qui
1157 2489 1254 2544 pro
1305 2473 1525 2528 nomine
1569 2488 1713 2536 meo,
1761 2474 1814 2527 in
1850 2483 2093 2543 tempore

504 2568 951 2639 persecutionum
990 2582 1221 2637 corpora
1269 2580 1368 2621 sua
1414 2565 1651 2631 tradent,
1707 2565 1830 2620 vitae
1874 2573 2092 2621 aeternae

504 2660 878 2715 hiereditatem
913 2657 1708 2729 possidebunt;sed.quotquot
1742 2672 1843 2727 pro
1872 2658 2092 2713 nomine

503 2754 625 2821 ejus
667 2752 934 2806 mundum
986 2759 1041 2806 et
1074 2753 1550 2822 concupiscentiae
1587 2751 1708 2821 ejus
1738 2759 1905 2821 atque
1946 2751 2089 2806 bona

504 2845 902 2902 abdicabimus.
933 2859 1057 2898 cum
1083 2845 1361 2907 omnibus,
1395 2851 1558 2914 atque
1579 2845 1842 2900 iisetiam
1876 2846 1970 2915 qui
1993 2860 2091 2915 pro

501 2938 726 2993 nomine
753 2937 873 3007 ejus
910 2937 1232 3008 martyrium
1287 2936 1579 3001 subierint,
1625 2951 1745 2990 eam
1782 2936 2091 3006 possidebio

502 3044 649 3086 mus.
674 3027 921 3101 Namque
954 3044 1146 3084 omnes
1173 3042 1440 3099 pauperes
1463 3030 1681 3099 spiritu,
1705 3045 1898 3086 omnes
1929 3046 2089 3084 mun-
2115 3066 2159 3125 α

503 3121 605 3177 dos
647 3122 838 3184 corde,
889 3120 1086 3183 mites,
1117 3135 1419 3190 omnesque
1461 3121 1717 3174 similiter
1766 3121 1862 3189 qui
1893 3121 2090 3178 timent

502 3229 703 3269 nomen
730 3213 852 3282 ejus
891 3214 1079 3268 beatos
1115 3228 1239 3269 esse
1260 3211 1398 3266 dixit
1429 3210 1682 3267 Salvator
1713 3228 1728 3264 :
1769 3232 1788 3264 ι
1810 3212 2087 3279 Quoniam

502 3314 766 3367 vestrum,
782 3304 979 3374 inquit,
1003 3312 1086 3358 est
1113 3318 1339 3373 regnum
1363 3304 1631 3357 caelorum
1650 3304 1714 3358 ³⁷.
1757 3321 1777 3354 ι
1821 3301 2087 3375 Martyres

498 3397 645 3453 enim
670 3396 991 3466 plerumque
1014 3394 1099 3448 vel
1126 3407 1234 3448 uno
1265 3393 1531 3463 temporis
1561 3401 1841 3448 momento
1866 3408 2089 3449 concer-

499 3498 680 3545 tantes
720 3488 1081 3553 consummati
1113 3494 1285 3553 sunt;
1319 3487 1716 3542 monachorum
1761 3502 1893 3542 vero
1926 3487 2089 3543 iusti-

499 3589 679 3637 tutum
719 3581 877 3644 vitae,
908 3578 1302 3635 certaminibus
1333 3577 1451 3632 suis
1482 3578 1731 3647 quotidie
1759 3578 2082 3648 martyrium

499 3673 670 3732 subit,
703 3686 811 3726 non
841 3685 871 3723 a
895 3668 1162 3739 sanguine
1195 3676 1249 3722 et
1270 3683 1467 3734 carne;
1503 3668 1598 3724 sed
1629 3668 1897 3723 adversus
1928 3668 2084 3737 prin-

497 3766 713 3834 cipatus
746 3770 801 3819 et
842 3769 1176 3833 potestates,
1209 3760 1399 3815 mundi
1444 3765 1689 3813 rectores
1734 3758 2083 3813 tenebrarum

497 3858 708 3920 saeculi,
741 3854 1006 3911 adversus
1038 3852 1346 3923 spiritualia
1387 3851 1664 3921 nequitiae,
1697 3866 1872 3923 usque
1896 3851 2086 3906 ad'ex-

497 3959 735 4006 tremum
763 3948 996 4003 halitum
1024 3946 1267 4001 luctatur
1293 3952 1458 4014 atque
1490 3944 1811 4000 dimicat....

2198 1827 2385 1897 ελείψα
2393 1844 2512 1898 μεν,
2543 1828 2629 1881 ἵνα
2655 1829 2731 1899 μή
2758 1829 2923 1883 πάλιν
2951 1828 3019 1882 τὰ
3053 1829 3369 1900 πρόσκαιρα
3421 1829 3776 1899 ποθήσαντες,

2196 1919 2295 1991 τὴν
2320 1919 2536 1973 αἰώνιον
2563 1918 2707 1992 ζωὴν
2732 1920 3163 1991 ἀποϐαλώμεθα.
3211 1920 3482 1992 Ἀψευδὴς
3517 1921 3633 1994 γὰρ
3661 1922 3690 1974 ὁ
3708 1923 3775 1973 εἰ-

2197 2012 2315 2066 πὼν
2342 2013 2423 2065 ὅτι
2459 2032 2478 2064 ι
2518 2014 2628 2077 πᾶς
2667 2012 2728 2077 ὃς
2771 2013 2985 2083 ἀφῆκεν
3041 2013 3240 2078 οἰκίαν,
3274 2032 3295 2065 ι
3330 2015 3429 2067 καὶ
3478 2014 3554 2068 τὰ
3607 2015 3773 2076 λοιπὰ,
3836 2052 3837 2079 η

2200 2123 2221 2156 ι
2257 2104 2791 2158 ἑκατονταπλασίονα
2811 2105 3064 2177 λήψεται,
3095 2107 3192 2158 καὶ
3220 2104 3365 2177 ζωὴν
3408 2105 3634 2160 αἰώνιον
3662 2106 3780 2175 κλή-

2196 2198 2506 2269 ρονομήσει.
2538 2216 2555 2248 ι
2577 2198 2651 2252 Οὐ
2669 2198 2797 2269 γάρ,
2817 2198 2894 2261 ῶς
2919 2216 3062 2264 τινες
3076 2199 3247 2253 ταῦτα
3264 2200 3598 2271 ἑρμηνεύειν
3611 2200 3778 2253 δοκοῦ-

2195 2305 2301 2353 σιν,
2355 2290 2437 2341 ὅτι
2480 2289 2609 2361 περὶ
2654 2290 2765 2342 τῶν
2813 2291 2871 2343 ὲν
2902 2290 2980 2361 τῷ
3010 2290 3184 2362 καιρῷ
3212 2290 3321 2344 τῶν
3352 2292 3625 2362 διωγμῶν
3652 2291 3779 2361 ὑπὲρ

2191 2378 2287 2432 τοῦ
2329 2379 2594 2450 ὀνόματος
2624 2379 2790 2433 αὐτοῦ
2828 2381 3298 2452 μαρτυρησάντων
3330 2376 3495 2435 εἶπεν
3513 2385 3543 2435 ὁ
3563 2380 3778 2451 Κύριος.

2194 2472 2270 2528 Οὐ
2304 2473 2414 2546 γὰρ
2437 2474 2538 2545 ἔφη
2568 2474 2673 2541 ὃτι,
2700 2475 2880 2528 Μόνον
2912 2476 2962 2528 οἱ
3000 2476 3059 2527 ὲν
3086 2475 3163 2546 τῷ
3184 2474 3366 2547 καιρῷ
3389 2475 3513 2528 τῶν
3536 2474 3779 2545 διωγμῶν

2192 2568 2331 2639 ὑπὲρ
2368 2567 2460 2620 τοῦ
2493 2567 2756 2638 ὀνόματός
2792 2585 2893 2639 μου
2939 2567 3009 2621 τὰ
3046 2568 3254 2622 ἑαυτῶν
3308 2568 3551 2639 σώματα
3606 2585 3775 2638 παρα-

2190 2657 2473 2724 δώσοντες,
2498 2658 2644 2728 ζωὴν
2668 2658 2885 2713 αἰώνιον
2911 2658 3423 2730 κληρονομήσονται
3440 2677 3455 2689 ·
3490 2659 3627 2712 ἀλλά
3654 2659 3776 2711 πάν-

2190 2766 2282 2813 τες
2306 2750 2356 2804 οἶ
2377 2749 2465 2804 διὰ
2495 2750 2556 2803 τὸ
2580 2749 2755 2821 ὄνομά
2781 2768 2882 2821 μου
2905 2751 3000 2804 καὶ
3035 2751 3246 2822 κόσμῳ,
3283 2753 3384 2804 καὶ
3429 2752 3637 2816 πάσαις
3666 2752 3775 2812 ταῖς

2192 2840 2512 2911 ἐπιθυμίαις
2539 2841 2706 2895 αὐτοῦ
2741 2839 3161 2912 ἀποταξόῳεθα,
3191 2842 3284 2894 καὶ
3314 2843 3457 2894 πᾶσι
3474 2844 3586 2904 τοῖς
3610 2841 3775 2909 ὑπάρ-

2190 2950 2375 3005 χουσιν
2406 2933 2571 2987 αὑτοῦ
2593 2932 3014 3004 ἁποταξώμεθα,
3039 2930 3185 3004 ζωὴν
3213 2935 3460 2999 αἰώνιον,
3490 2934 3631 3005 μετά
3654 2934 3775 2986 πάν-

2190 3042 2300 3079 των
2327 3025 2531 3098 δηλαδὴ
2571 3025 2681 3080 τῶν
2719 3026 2863 3097 ὑπὲρ
2908 3024 3001 3079 τοῦ
3032 3025 3301 3095 ὀνόματός
3340 3042 3450 3096 μου
3507 3041 3775 3097 μαρτυρη-

2192 3117 2423 3180 σάντων.
2457 3117 2950 3191 κληρονομήσουσι.
2982 3119 3200 3182 Πάντας
3230 3121 3361 3182 τοὺς
3410 3120 3669 3190 πτωχοὺς
3708 3116 3777 3186 τῷ

2189 3209 2484 3280 πνεύματι,
2520 3210 2760 3274 καὶτοὺς
2791 3210 3067 3282 καθαροὺς
3115 3212 3182 3281 τῇ
3238 3210 3465 3282 καρδία,
3525 3212 3626 3265 καὶ
3660 3211 3775 3272 τοὺς

2191 3304 2408 3373 πραεῖς,
2437 3302 2679 3366 καὶτοὺς
2713 3301 3083 3372 φοϐουμένους
3105 3301 3166 3355 τὺ
3188 3300 3362 3373 ὄνομα
3396 3300 3568 3356 αὑτοῦ
3608 3318 3778 3373 μακα-

2189 3394 2435 3467 ρίζεσθαι
2460 3394 2652 3465 Σωτὴρ
2676 3393 2884 3462 ἔλεγεν,
2908 3411 2928 3444 ι
2952 3391 3078 3447 Ὀτι
3099 3392 3253 3463 ὑμῶν
3283 3394 3437 3446 ἐστιν
3469 3395 3505 3465 ἡ
3541 3392 3780 3464 βασιλεία
3836 3428 3837 3467 ξ

2187 3487 2297 3542 τῶν
2326 3488 2593 3559 οὐρανῶν.
2640 3506 2658 3539 ι
2685 3485 2751 3542 Ol
2779 3486 2880 3558 μὲν
2903 3484 3012 3558 γὰρ
3045 3486 3326 3557 μάρτυρες
3365 3485 3667 3551 πολλάκις,
3696 3486 3781 3540 καὶ

2189 3580 2284 3633 ἐπὶ
2321 3581 2420 3651 μιᾷ
2460 3578 2655 3651 καιροῦ
2702 3580 2842 3650 ῥοπῇ
2869 3578 3271 3648 ἀγωνισάμενοι
3337 3578 3779 3649 ἐτελειώθησαν·

2189 3674 2225 3744 ή
2252 3672 2310 3725 δὲ
2335 3672 2444 3725 τῶν
2480 3672 2731 3742 μοναχῶν
2758 3672 2999 3725 πολιτεία
3047 3671 3232 3735 ἄθλοις
3271 3672 3400 3725 καθ’
3440 3673 3695 3742 ἑκάστην
3722 3671 3781 3722 δι’

2190 3765 2352 3818 αὐτὸν
2385 3768 2669 3836 μαρτυρεῖ,
2698 3766 2798 3819 οὐκ
2816 3764 2924 3820 ἀπὸ
2944 3765 3197 3835 αἵματος,
3229 3765 3328 3818 καὶ
3363 3766 3579 3836 σαρκὸς
3616 3782 3785 3836 παραυ

2190 3855 2524 3926 τασσόμεθα,
2552 3855 2687 3909 ἀλλά
2709 3856 2847 3927 πρὸς
2863 3854 2962 3919 τὰς
2979 3854 3177 3927 ἀρχὰς,
3205 3855 3344 3926 πρὸς
3356 3855 3627 3919 ἐξουσίας
3647 3871 3788 3926 πρω-

2190 3947 2705 4019 τοκοσμοκράτορας
2729 3944 2823 3999 τοῦ
2879 3945 3104 4009 σκότους
3150 3946 3245 3999 τοῦ
3272 3947 3501 4013 αἰῶνος,
3550 3946 3698 4017 πρὸς
3727 3944 3793 3998 τὰ

498 4040 843 4114 πνευματικά
874 4039 974 4110 τῆς
994 4037 1260 4110 πονηρίας
1285 4037 1390 4100 ἕως
1405 4037 1643 4109 ἐσχάτης
1692 4037 1970 4107 ἀναπνοῆς
2005 4035 2105 4108 τὴν
2168 4038 2346 4111 πάλην
2390 4039 2610 4110 ἔχουσα,
2658 4038 2755 4092 καὶ
2798 4038 2976 4102 ἀθλεῖ,
3029 4040 3124 4092 καὶ
3164 4039 3521 4110 εἰσφανοῦται
3548 4045 3623 4113 τῇ
3657 4058 3793 4096 παν-

495 4135 679 4192 οπλία.

499 4152 754 4207 οπλιᾳ....

607 4228 770 4300 526
790 4227 882 4283 Dei
899 4234 1177 4280 armatura
1208 4225 1454 4280 munita:
1484 4239 1549 4279 ac
1574 4223 1758 4279 omnia
1779 4230 1957 4294 potest
1989 4239 2085 4294 per

495 4336 622 4376 eum
655 4321 748 4390 qui
806 4322 985 4388 ipsum
1024 4317 1301 4374 confortat
1337 4325 1392 4373 et
1433 4317 1748 4380 miseratur,
1775 4317 2077 4373 Christum.

496 4413 667 4469 Nobis
697 4415 752 4465 in
780 4412 1039 4482 parabola
1072 4409 1296 4466 divitias
1326 4425 1456 4466 suas
1478 4411 1720 4465 tribuere
1750 4425 1874 4464 cum
1897 4410 2083 4478 cupiat
2115 4441 2162 4501 Β

496 4504 779 4567 Dominus,
813 4504 888 4557 ait
925 4520 937 4555 :
970 4522 991 4554 ι
1029 4502 1219 4558 Simile
1249 4511 1333 4558 est
1371 4518 1598 4573 regnum
1627 4504 1892 4557 caelorum
1926 4517 2085 4571 nego-

494 4599 678 4654 tiatori
697 4597 960 4667 quaerenti
977 4597 1151 4652 bonas
1175 4596 1572 4666 margaritas”,
1586 4617 1606 4647 υ
1621 4602 1677 4650 et
1695 4603 1912 4649 ca‘tera.
1934 4593 2083 4648 lianc

492 4689 831 4746 confirmans
888 4688 1234 4749 sententiam,
1282 4688 1354 4743 ita
1405 4686 1648 4756 loquitur
1695 4685 2079 4755 evangelista:

495 4802 518 4835 ι
558 4782 739 4837 Nolite
765 4781 990 4852 diligere
1016 4781 1303 4842 mundum,
1338 4796 1514 4849 neque
1543 4795 1606 4832 ea
1639 4794 1760 4848 qua:
1792 4779 1846 4832 in
1878 4776 2082 4831 mundo

491 4885 644 4934 sunt.
676 4874 783 4942 Qui
812 4874 957 4929 enim
986 4872 1163 4942 diligit
1188 4871 1473 4933 mundum,
1497 4884 1607 4924 non
1629 4868 1807 4939 diligit
1838 4882 1963 4923 eum
1986 4865 2081 4937 qui

492 4968 671 5037 ipsum
697 4964 888 5033 dilexit
920 4962 1205 5016 Dominum
1226 4961 1293 5015 '°.
1320 4981 1338 5013 ι
1357 4958 1460 5027 Qui
1481 4975 1613 5015 vero
1638 4959 1787 5013 hunc
1815 4955 2080 5012 mundum

490 5068 542 5114 et
578 5056 841 5114 scandala
870 5070 993 5125 qure
1023 5055 1078 5108 in
1100 5069 1166 5108 eo
1195 5060 1325 5108 sunt
1350 5053 1480 5107 odio
1510 5052 1722 5115 habuit,
1747 5057 1802 5105 et
1829 5049 2081 5103 volunta-

491 5160 599 5207 tem
656 5149 753 5205 Dei
796 5148 994 5219 diligit,
1050 5147 1096 5202 is
1158 5155 1342 5201 manet
1383 5146 1439 5199 in
1485 5144 1768 5199 saeculum.
1814 5141 2080 5197 Dominus

487 5244 668 5310 enim,
699 5257 809 5312 quo
859 5256 962 5296 nos
1006 5255 1035 5293 a
1086 5240 1275 5293 mundi
1323 5237 1742 5293 conversatione
1794 5234 2078 5303 dejiceret,

487 5337 621 5390 dixit
645 5354 658 5390 :
682 5354 703 5385 ι
733 5333 901 5388 Nemo
934 5333 1154 5387 mittens
1188 5346 1413 5385 manum
1448 5346 1603 5384 suam
1629 5328 1695 5383 ad
1731 5336 1996 5393 aratrum,
2026 5333 2082 5381 et

488 5437 635 5484 retro
655 5442 978 5490 conversus,
1017 5434 1176 5497 aptus
1203 5434 1286 5481 est
1308 5424 1374 5478 ad
1403 5439 1629 5494 regnum
1660 5423 1923 5477 etnlorum
1955 5421 2020 5472 ⁸ο.
2056 5438 2075 5471 ι

2307 4221 2402 4276 τοῦ
2432 4222 2567 4276 Θεοῦ
2599 4240 3099 4296 περιφραττομενη,
3155 4226 3249 4279 καὶ
3271 4226 3455 4282 πάντα
3477 4229 3670 4300 ἰσχύει
3708 4227 3794 4283 δά

2188 4312 2282 4366 τὸν
2310 4312 2729 4384 ὲνδυναμοῦντα,
2757 4315 2853 4367 καὶ
2873 4314 3129 4369 ἐλεοῦντα
3158 4318 3416 4388 Χριστόν.
3463 4320 3644 4390 Ἡμῖν
3689 4321 3791 4391 γὰρ

2188 4406 2246 4458 ἐν
2278 4404 2557 4476 παραϐολῇ
2619 4405 2712 4459 τὸν
2754 4405 2949 4459 ἑαυτοῦ
2979 4407 3206 4462 πλοῦτον
3235 4408 3413 4462 θέλων
3445 4411 3790 4481 χαρίσασθαι

2187 4501 2217 4553 ὁ
2250 4499 2456 4571 Κύριος
2505 4498 2724 4566 ἔλεγεν*
2771 4518 2788 4550 ι
2844 4498 3038 4569 Ὁμοία
3085 4501 3234 4554 ἐστὶν
3264 4503 3299 4571 ή
3356 4502 3624 4572 βασιλεία
3690 4505 3791 4558 τῶν

2187 4588 2434 4661 οὐρανῶν
2463 4588 2688 4658 ἐμπόρῳ
2720 4587 2971 4658 ζητοῦντι
3005 4590 3203 4652 καλοὺς
3233 4593 3627 4661 μαργαρίτας,
3661 4614 3683 4646 ι
3710 4593 3795 4648 καὶ

2188 4679 2257 4733 τά
2290 4677 2438 4748 ἑξῆς.
2479 4677 2697 4749 Ταύτην
2725 4678 2824 4748 τὴν
2857 4678 3078 4748 ἐντολὴν
3115 4676 3351 4747 βεϐαιῶν
3403 4680 3595 4744 οὕτως
3630 4684 3790 4747 εὐαγ-

2188 4768 2443 4840 γελιστὴς
2476 4768 2580 4837 ἔφη
2603 4784 2615 4797 ·
2661 4787 2678 4819 ι
2705 4767 2797 4839 Μὴ
2821 4769 3074 4836 ἀγαπᾶτε
3104 4766 3196 4819 τὸν
3227 4767 3445 4838 κόσμον
3471 4771 3625 4842 μηδὲ
3659 4771 3793 4825 τὰὲν

2184 4863 2395 4933 κόσμῳ.
2439 4859 2501 4915 '0
2521 4860 2631 4931 γὰρ
2675 4860 2767 4912 τὸν
2794 4860 3000 4930 κόσμον
3044 4858 3298 4925 ἀγαπῶν,
3328 4861 3437 4914 οὐκ
3465 4863 3677 4933 ἀγαπᾷ
3709 4863 3791 4914 τὸν

2184 4956 2550 5025 ἀγαπήσαντα
2582 4951 2743 5005 αὐτὸν
2785 4950 3013 5021 Κύριον.
3069 4970 3088 5002 ι
3133 4949 3196 5004 '0
3240 4950 3302 5003 δὲ
3328 4950 3532 5006 τοῦτον
3584 4956 3684 5009 τὸν
3712 4956 3795 5008 κέν-

2185 5063 2321 5117 σμον
2354 5044 2449 5098 καὶ
2471 5044 2538 5097 τὰ
2560 5043 2619 5095 ὲν
2650 5041 2800 5112 αὐτῷ
2831 5041 3107 5095 σκάνδαλα
3139 5042 3408 5112 μισήσας,
3448 5045 3556 5097 καὶ
3600 5045 3666 5098 τδ
3712 5044 3795 5097 δέ.

2178 5138 2329 5209 λημα
2353 5135 2446 5189 τοῦ
2475 5132 2610 5188 Θεοῦ
2645 5133 2938 5204 ἀγαπήσας
2966 5131 3182 5202 εὐμένει
3211 5133 3295 5194 εἰς
3318 5133 3418 5187 τὸν
3440 5135 3650 5190 αἰῶνα.
3683 5137 3795 5191 Χία

2185 5231 2334 5304 ρίσαι
2367 5227 2476 5300 γὰρ
2500 5226 2825 5298 βουλόμενος
2857 5226 3005 5295 ἡμᾶς
3021 5227 3050 5279 ὁ
3071 5225 3356 5295 Δεσπότης
3379 5227 3485 5297 τῆς
3499 5228 3568 5280 ὲν
3606 5228 3791 5298 κόσμῳ

2181 5322 2465 5395 διατριϐῆς
2490 5321 2702 5391 ἔλεγεν·
2747 5339 2766 5371 ι
2798 5317 2992 5382 Οὐδεὶς
3049 5317 3231 5389 βαλὼν
3260 5319 3367 5391 τὴν
3399 5324 3574 5393 χεῖρα
3630 5320 3789 5376 αὐτῷ

2183 5418 2270 5471 ἐπ’
2309 5416 2560 5489 ἄροτρον,
2610 5413 2705 5469 καὶ
2742 5411 3004 5484 στραφεὶς
3053 5413 3135 5474 εἰς
3189 5411 3260 5465 τὰ
3310 5413 3520 5482 ὀπίσω,
3576 5413 3791 5476 εὔθετός

561 5615 604 5645 ³³
646 5617 830 5672 Matth.
870 5634 924 5680 ι,
963 5618 1052 5671 '57.
1131 5618 1175 5648 ³⁸
1216 5617 1409 5674 Matth.
1450 5632 1573 5680 xm,
1608 5615 1697 5671 ἓξ).
1777 5615 1818 5645 ³⁷
1860 5612 1993 5668 Luc.
2036 5628 2083 5667 νι

2196 5612 2237 5666 ).
2318 5610 2359 5642 ³⁸
2402 5608 2590 5663 Matth.
2625 5620 2746 5669 ιιιιι,
2781 5601 2869 5656 43.
2950 5600 2994 5632 ³³
3034 5599 3053 5654 l
3087 5597 3251 5656 Joan.
3286 5615 3350 5667 ιι,
3389 5599 3480 5655 l5.
3570 5601 3625 5636 ιο
3663 5601 3789 5659 an.

488 5699 544 5739 ιι
568 5724 582 5747 ,
618 5686 707 5743 62.

3834 2104 3838 2303 i
