3860 6220
495 368 630 426 1427

1700 375 1757 432 S.
1800 376 2251 437 ATHANASIUS
2289 378 2561 438 SPURIA.

3604 388 3728 444 “28

771 482 936 561 527
964 487 1107 559 Περὶ
1135 487 1240 544 τοῦ
1268 486 1441 556 ναοῦ,
1481 491 1579 546 καί
1602 489 1736 561 περὶ
1768 490 1888 546 τῶν
1910 492 2373 559 διδασκαλείων,
2401 494 2643 552 καὶτῶν
2663 497 2926 568 θεάτρων
2953 498 3074 553 τῶν
3099 500 3169 554 ἐν
3199 499 3498 568 Ἀθήναις.

1677 607 2070 662 ΑΘΑΝΑΣΙΟΥ
2095 608 2233 663 ΤΟΥ
2258 610 2591 667 ΜΕΓΑΛΟΥ

1291 728 1775 785 ΕΞΗΓΗΤΙΚΟΝ
1827 731 2007 785 ΠΕΡΙ
2051 727 2199 785 ΤΟΥ
2248 734 2355 786 ΕΝ
2366 735 2699 790 ΑΘΗΝΑΙΣ
2750 733 2964 791 ΝΑΟΥ.

1314 931 1392 986 De
1418 933 1629 1002 templo,
1671 934 1735 987 de
1765 934 1957 990 scholis
1982 945 2033 990 et
2067 936 2286 992 theatris
2316 953 2435 1007 qua:
2464 936 2684 993 Athenis
2712 948 2945 995 exstant.

1783 1047 2154 1106 ATHANASII
2192 1050 2409 1109 MAGNI

1273 1166 1874 1225 COMMENTARIUS
1938 1168 2039 1225 DE
2099 1170 2402 1231 TEMPLO
2442 1175 2941 1235 ATHENARUH.

551 1387 624 1444 lis
648 1388 743 1459 qui
773 1403 964 1445 sacras
993 1385 1313 1460 Scripturas
1342 1390 1617 1460 ignorant,
1660 1393 1894 1450 suadere
1950 1394 2052 1451 de-

2227 1404 2365 1466 Τοὺς
2384 1403 2484 1467 τὰς
2512 1403 2662 1469 Θείας
2680 1403 2906 1477 Γραφὰς
2937 1403 3011 1477 μὴ
3043 1402 3462 1474 ἐπισταμένους,
3485 1402 3548 1468 ἐξ
3573 1402 3737 1473 αὐτῆς

480 1480 693 1546 bemus,
727 1488 787 1535 ut
823 1496 891 1536 ex
924 1482 1043 1552 ipsa
1074 1498 1260 1538 rerum
1290 1490 1489 1537 natura
1518 1485 1585 1540 de
1621 1484 1717 1542 Dei
1747 1489 2061 1559 cognitione

478 1572 644 1628 verba
682 1573 910 1627 faciant.
960 1575 1221 1631 Videmus
1248 1590 1486 1646 namque
1524 1577 1669 1633 inter
1698 1595 1785 1634 res
1820 1590 2058 1649 creatas,

477 1667 815 1724 substantias
844 1667 1132 1738 quasdam,
1163 1682 1284 1738 qua:
1314 1683 1422 1723 non
1446 1669 1748 1725 secundum
1782 1680 2058 1741 naturam,

479 1760 575 1815 sed
609 1774 775 1828 supra
811 1760 985 1830 ipsam
1017 1768 1293 1824 naturam,
1340 1759 1445 1815 sibi
1496 1768 1686 1815 mutuo
1722 1763 2058 1820 ministrant.

477 1852 668 1919 Qualis
695 1852 930 1922 exempli
962 1852 1135 1923 gratia
1164 1860 1269 1917 est,
1299 1867 1454 1922 aqua:
1486 1864 1702 1918 natura,
1738 1870 1860 1922 qua:
1890 1855 2058 1911 ﬂuida

477 1954 564 2001 est
611 1959 674 1998 ac
704 1943 963 1999 deorsum
1008 1942 1215 2011 tendit;
1242 1943 1520 2014 quomodo
1553 1946 1931 2016 conspicimus
1970 1958 2057 2002 ta-

478 2053 604 2091 men
639 2050 759 2091 eam
790 2050 821 2089 a
856 2035 1199 2105 siphonibus,
1235 2044 1295 2090 ut
1327 2046 1545 2103 vocant,
1601 2053 1633 2092 a
1683 2040 1820 2093 mari
1853 2040 1918 2095 ad
1952 2057 2057 2094 nu-

477 2130 575 2185 bes
602 2144 776 2200 usque
807 2128 1001 2184 deduci
1029 2148 1043 2184 :
1083 2128 1338 2199 quodque
1390 2129 1588 2184 mirum
1615 2130 1767 2185 dictu
1799 2138 1902 2193 est,
1936 2148 2058 2202 quae

478 2222 627 2277 salsa
655 2221 903 2277 ascendit
942 2236 1084 2292 aqua
1122 2222 1355 2287 marina,
1390 2222 1446 2277 in
1480 2223 1663 2293 pluvia
1692 2223 1870 2279 dulcis
1902 2225 2056 2279 dela-

477 2315 664 2370 bitur?
714 2314 1001 2381 Quomodo
1055 2315 1183 2369 item
1214 2330 1337 2370 cum
1367 2328 1602 2384 corpora
1638 2324 1835 2370 natura
1869 2330 1969 2371 sua
2000 2318 2057 2372 in

479 2410 648 2463 imum
690 2409 939 2473 tendant,
977 2406 1034 2461 in
1074 2407 1234 2476 aquis
1262 2416 1443 2462 tamen
1477 2404 1815 2462 Marmaricae
1857 2405 2058 2463 Penta-

477 2501 687 2573 pol'eos,
724 2514 900 2571 neque
928 2504 986 2555 in
1014 2499 1185 2553 imum
1233 2498 1485 2557 tendunt.
1519 2513 1697 2567 neque
1728 2499 2056 2570 demergun-

474 2592 611 2648 tur?
660 2591 803 2659 Quin
828 2593 993 2647 etiam
1025 2607 1149 2645 cum
1180 2605 1321 2661 aqua
1367 2598 1421 2646 et
1453 2591 1595 2662 ignis
1625 2594 1899 2647 contraria
1946 2595 2058 2649 sint

2162 1495 2348 1550 λοιπὸν
2378 1496 2478 1567 τῆς
2503 1497 2612 1551 τῶν
2630 1497 2973 1569 πραγμάτων
3025 1496 3261 1566 φύσεως,
3315 1498 3503 1549 πεῖσαι
3532 1494 3739 1564 ὀφειλο-

2173 1602 2276 1656 μεν
2305 1587 2434 1658 περὶ
2454 1586 2787 1656 θεογνωσίας
2824 1586 3023 1655 λέγειν.
3055 1585 3304 1658 Ὀρῶμεν
3321 1586 3432 1658 γάρ
3462 1603 3623 1649 τινας
3648 1587 3738 1638 οὖα

2164 1677 2287 1740 σίας
2321 1680 2378 1731 ἐν
2400 1680 2468 1750 τῇ
2497 1679 2672 1733 κτίσει
2702 1679 2764 1732 ού
2815 1677 2958 1733 κατά
2998 1677 3181 1748 φύσιν,
3216 1677 3353 1731 ἀλλά
3403 1679 3550 1749 ὑπὲρ
3584 1678 3739 1748 φύσιν

2169 1769 2286 1839 μετ’
2328 1769 2577 1842 ἀλλήλων
2609 1770 3015 1842 ὑπηρετούσαςο
3045 1765 3158 1823 οἷόν
3200 1788 3255 1822 τι
3305 1768 3473 1838 λέγω,
3500 1769 3667 1843 φύσις
3705 1770 3737 1838 ἡ

2158 1860 2266 1912 τῶν
2292 1859 2520 1926 ὑδάτων,
2553 1860 2711 1912 οὐσία
2741 1858 2961 1930 ρευστὴ,
3000 1860 3095 1913 καὶ
3118 1860 3446 1932 κατωφερὴς
3483 1859 3737 1930 ὑπάρχει,

2158 1951 2276 2013 πῶς
2299 1950 2515 2022 ὁρῶμεν
2530 1953 2654 2014 τοὺς
2668 1951 2992 2022 λεγομένους
3010 1952 3249 2020 σίφωνας
3270 1952 3336 2004 ἐκ
3351 1952 3452 2021 τῆς
3466 1949 3740 2021 θαλάσσης

2158 2043 2303 2115 ὕδωρ
2328 2044 2465 2115 πρὸς
2502 2043 2601 2108 τὰς
2617 2045 2848 2114 νεφελάς
2869 2045 3174 2114 ἀνάγοντας
3192 2061 3207 2074 °
3236 2046 3297 2098 τδ
3330 2045 3386 2099 δέ
3424 2045 3741 2115 θαυμαστὸν

2160 2132 2322 2204 ῥητὸν
2343 2133 2402 2186 τὸ
2418 2132 2663 2206 ἁλμυρὸν
2681 2134 3064 2206 ἀνερχόμενον,
3093 2134 3263 2204 γλυκὺ
3290 2135 3384 2187 ἐπὶ
3407 2137 3516 2204 γῆς
3541 2135 3635 2188 διὰ
3655 2134 3742 2187 τὸν

2156 2223 2365 2295 ὄμϐρον
2395 2225 2758 2297 κατέρχεται;
2785 2226 2910 2291 Πῶς
2942 2227 3001 2281 δὲ
3029 2227 3194 2281 πάλιν
3239 2230 3274 2298 ἡ
3303 2226 3411 2281 τῶν
3469 2229 3742 2297 σωμάτων

2158 2316 2318 2384 φύσις
2344 2316 2626 2389 βολιστικὴ
2659 2317 2801 2372 κατά
2828 2318 2988 2388 φύσιν
3023 2318 3369 2388 ὑπάρχουσα,
3402 2320 3602 2389 ὁρᾶται
3629 2319 3742 2372 ἀϐο-

2157 2408 2355 2473 λιστος,
2391 2411 2485 2463 καὶ
2512 2410 2701 2474 ἀδυτος
2739 2411 2797 2463 ἐν
2853 2413 2967 2474 τοῖς
3012 2410 3166 2464 ὕδασι
3214 2411 3314 2480 τῆς
3364 2411 3741 2481 Μαρμαρικῆς

2157 2499 2580 2565 Πεπαπόλεως;
2611 2501 2671 2554 ού
2706 2501 2865 2571 μόνον
2886 2501 2962 2563 δὲ,
3000 2501 3136 2555 ἀλλά
3163 2501 3272 2573 γὰρ
3301 2501 3396 2555 καὶ
3427 2502 3625 2566 ὓδατος
3651 2502 3738 2555 καὶ

2159 2590 2331 2661 πυρὸς
2357 2591 2575 2645 ἐναντία
2618 2594 2652 2664 ἡ
2703 2592 2866 2660 φύσις
2901 2592 3242 2666 ὑπάρχουσα,
3285 2594 3345 2645 ἐν
3372 2593 3451 2664 τῷ
3485 2594 3609 2664 ἅμα
3650 2589 3736 2663 ἧν,

475 2694 694 2749 natura,
724 2699 831 2741 una
885 2691 1069 2739 tamen
1109 2681 1402 2753 aliquando
1431 2691 1590 2739 erant
1625 2683 1737 2753 (27)
1774 2684 1831 2738 in
1876 2683 2053 2756 Lycia:

2157 2680 2244 2734 ὅτε
2274 2683 2332 2734 ἐν
2361 2682 2537 2753 Λυκίᾳ
2566 2682 2645 2752 τῷ
2669 2682 2786 2755 ὄρει
2808 2683 2885 2754 τῷ
2907 2683 3182 2755 λεγομένῳ
3224 2684 3506 2755 Ὀλύμπῳ,
3561 2685 3737 2748 καθὼς

474 2792 661 2839 monte
696 2797 857 2852 quem
906 2779 1193 2851 Olympum
1226 2786 1448 2843 vocant,
1497 2786 1559 2833 ut
1593 2777 1870 2833 innumeri
1897 2780 2051 2836 vide-

2161 2773 2419 2843 μυριάδες
2446 2773 2656 2843 ἀνδρῶν
2698 2774 2997 2844 ἑωράκασι,
3025 2776 3121 2829 καὶ
3148 2775 3311 2846 μέχρι
3344 2774 3441 2828 τοῦ
3474 2774 3573 2828 νῦν
3600 2776 3733 2829 ἐκεί-

475 2881 605 2929 runt
629 2872 901 2933 homines.
933 2879 991 2925 et
1022 2871 1286 2926 hactenus
1315 2870 1482 2925 etiam
1509 2869 1698 2926 vident
1723 2871 1815 2941 qui
1847 2887 1916 2926 eo
1944 2873 2052 2928 loci

477 2972 790 3020 versantur.
842 2963 908 3018 Et
935 2964 1039 3017 alia
1070 2962 1157 3017 his
1188 2961 1387 3017 similia
1420 2966 1477 3015 In
1519 2975 1701 3016 rerum
1732 2971 1930 3016 natura
1971 2964 2054 3017 vi-

476 3057 675 3112 dentur
698 3067 753 3111 et
794 3054 1145 3109 admirationi
1177 3053 1480 3117 habentur;
1532 3069 1655 3123 quae
1698 3069 1831 3110 sane
1868 3056 2055 3112 omnia

477 3162 586 3203 non
626 3148 702 3201 ita
731 3160 897 3217 supra
929 3153 1184 3199 naturam
1213 3142 1327 3198 ﬁeri
1351 3153 1597 3213 possent,
1628 3146 1734 3201 nisi
1765 3155 1912 3203 esset
1952 3149 2054 3203 alio

476 3254 586 3307 qua
633 3237 727 3293 Dei
762 3236 1074 3293 substantia
1121 3249 1243 3305 quae
1294 3233 1379 3289 his
1434 3234 1833 3301 dominaretur,
1878 3238 2056 3309 iisque

476 3333 770 3401 imperaret
800 3344 912 3383 non
970 3327 1074 3382 sibi
1122 3334 1314 3380 mutuo
1348 3326 1651 3382 adversari.
1695 3327 1741 3383 Ο
1783 3330 2049 3399 gentiles!

474 3421 569 3491 qui
597 3419 657 3473 ﬁt
691 3428 752 3474 ut
799 3419 1006 3489 ingenti
1046 3416 1195 3491 facto
1218 3419 1452 3480 tonitru,
1485 3424 1600 3472 tota
1621 3418 1906 3473 hominum
1955 3436 2055 3474 na-

474 3518 600 3564 tura
646 3517 866 3571 tremat,
905 3509 1209 3574 horrescat,
1259 3510 1635 3578 Obstupescat.
1688 3508 1811 3577 Quo
1864 3511 2055 3582 utique

474 3602 679 3656 indicio
728 3601 970 3657 ostendit
1020 3618 1082 3657 se
1153 3602 1386 3656 Domino
1427 3601 1628 3670 subjici
1680 3602 2054 3658 tonitruorum

475 3694 707 3749 auctori.
744 3694 813 3747 Et
837 3694 956 3750 haec
976 3694 1198 3766 quidem
1234 3702 1362 3750 sunt
1411 3706 1753 3764 argumenta.
1781 3710 1904 3765 qua:
1932 3711 2057 3766 gen-

473 3777 649 3840 tilium
676 3786 929 3842 rudiores
956 3794 1012 3842 et
1039 3786 1406 3856 imperitiores
1435 3786 1502 3840 ad
1544 3784 1636 3840 Dei
1682 3786 2051 3856 cognitionem

473 3874 744 3930 deducere
772 3876 1006 3945 possint.
1055 3874 1140 3930 Ad
1170 3876 1392 3931 illorum
1423 3886 1605 3931 autem
1640 3877 1917 3946 sapientes
1966 3876 2054 3931 di-

472 3967 669 4031 cimus,
720 3982 787 4022 ex
843 3967 1088 4037 antiquis
1138 3968 1639 4038 praestantibusque
1685 3968 2049 4039 philosophis,

2156 2878 2262 2915 νων
2292 2861 2568 2931 βλέπουσι·
2594 2865 2688 2917 καὶ
2708 2863 2843 2917 ἄλλα
2865 2865 3141 2935 παράδοξα
3169 2867 3227 2919 ἐν
3270 2867 3337 2936 τῇ
3375 2866 3558 2918 κτίσει
3604 2865 3734 2919 θεω-

2159 2952 2419 3023 ρούμενα,
2474 2955 2568 3007 καὶ
2617 2953 3032 3026 θαυμαζόμενα,
3091 2956 3250 3010 ἅτινα
3299 2957 3403 3009 οὐκ
3451 2955 3520 3009 ἂν
3566 2956 3734 3021 οὕτως

2158 3046 2297 3116 ὑπὲρ
2315 3046 2475 3115 φύσιν
2504 3047 2757 3116 γενέσθαι
2777 3048 3021 3119 ἔμελλον,
3050 3050 3099 3102 εί
3122 3049 3197 3120 μὴ
3218 3049 3373 3103 οὐσία
3394 3067 3483 3114 τις
3505 3049 3646 3103 θεοῦ
3672 3046 3735 3119 ἦν

2157 3138 2360 3195 τούτων
2398 3140 2753 3205 δεσπόζουσα,
2790 3143 2886 3195 ml.
2902 3142 3114 3205 τούτοις
3141 3142 3540 3213 ἐπιτρέπουσα,
3572 3141 3733 3213 ἀλλή-

2156 3231 2270 3296 λοις
2313 3231 2388 3304 μὴ
2418 3233 2851 3288 ἀντιτάττεσθαι.
2899 3230 2970 3287 Ὦ
3009 3234 3278 3306 Ἐλλήνων
3319 3235 3511 3298 παῖδες
3537 3236 3553 3286 i
3581 3234 3734 3305 βρον-

2156 3322 2257 3391 τῆς
2284 3323 2518 3393 στερρᾶς
2539 3323 2852 3394 γινομένης,
2876 3324 2993 3389 πῶς
3028 3325 3265 3395 ἀπασαή
3289 3323 3399 3377 τῶν
3436 3323 3737 3395 ἀνθρώπων

2158 3412 2320 3483 φύσις
2366 3415 2580 3486 τρέμει,
2612 3417 2823 3487 φρίττει
2865 3435 2924 3471 τε
2963 3417 3061 3471 καὶ
3107 3417 3412 3484 ἐξίσταται,
3461 3418 3739 3489 μηνύουσα

2157 3503 2245 3558 sua
2274 3503 2370 3557 τοῦ
2401 3508 2701 3577 σχήματος,
2735 3509 2818 3561 ὅτι
2848 3508 2953 3563 ὑπὸ
3005 3508 3269 3563 δεσπότου
3307 3508 3451 3570 ἐστὶ,
3518 3507 3614 3561 τοῦ
3641 3507 3739 3569 τὰς

2158 3593 2388 3666 βροντὰς
2436 3596 2829 3670 ἐργαζομένου.
2885 3600 2997 3653 Καὶ
3056 3599 3231 3653 ταῦτα
3278 3600 3380 3669 μὲν
3425 3599 3570 3669 πρὸς
3620 3599 3739 3661 τοὺς

2155 3687 2552 3761 ἀφελεστέρους
2598 3691 2708 3744 τῶν
2770 3692 3057 3762 Ἑλλήνων,
3091 3693 3260 3762 ἡγοῦν
3314 3694 3737 3764 ἀγραμμάτους,

2156 3780 2236 3842 εἰς
2261 3778 2591 3848 θεογνωσίαν
2646 3781 2881 3852 φέροντα
2929 3782 3322 3852 ὑποδείγματα.
3360 3784 3511 3853 Πρὸς
3538 3783 3598 3835 δὲ
3618 3782 3738 3843 τοὺς

2168 3871 2303 3941 παρ’
2337 3872 2523 3936 αὐτοῖς
2568 3875 2786 3943 σοφοὺς,
2845 3875 2911 3928 ἐκ
2962 3874 3268 3944 φιλοσόφων
3307 3874 3562 3946 ἀρχαίων
3585 3874 3742 3926 δυνα-

2154 3963 2286 4027 τῶν,
2318 3950 2627 4036 μαρτυρίας
2656 3965 2859 4030 πολλὰς
2890 3967 3020 4038 περὶ
3041 3966 3351 4029 θεοσεϐείας
3378 3966 3529 4030 τινὲς
3560 3964 3743 4035 Ἐλλή-

456 4059 753 4143 :Wﬁe
769 4058 861 4115 Dei
888 4060 1039 4115 cultu
1066 4059 1404 4122 testimonia,
1431 4059 1700 4129 quosdam
1733 4059 2050 4117 Grecorum

2157 4072 2260 4111 νων
2294 4058 2447 4126 σοφοὶ
2472 4057 2698 4127 ἔφασαν,
2728 4058 2864 4112 ἀλλά
2886 4060 2980 4113 καὶ
3002 4059 3099 4130 τὴν
3127 4058 3222 4112 τοῦ
3262 4058 3507 4130 Χριστοῦ
3540 4060 3746 4112 οἰκονο-

390 4130 751 4237 .:.°'£amates
770 4148 1081 4224 protulisse,
1110 4152 1220 4209 imo
1245 4155 1408 4209 etiam
1449 4152 1654 4208 Christi
1689 4153 2053 4208 oeconomiam

348 4238 360 4305 ί
427 4234 1053 4305 ’πβςιιείιιῇπηιιιίοηοω
1106 4238 1581 4310 ριίεείειιίθωεεε.
1649 4236 1862 4293 Etenim
1919 4237 2055 4292 mul-

341 4325 343 4329 ⁴
438 4332 559 4390 ~tis:
592 4338 720 4387 ante
748 4329 954 4386 Christi
1012 4331 1305 4386 adventum
1339 4330 1523 4394 annis,
1558 4330 1783 4400 sapiens
1828 4328 2052 4399 quidam

470 4424 666 4493 Apollo
695 4422 936 4487 nomine,
966 4421 1249 4486 divinitus,
1284 4429 1344 4476 ut
1378 4430 1530 4492 puto,
1563 4428 1864 4491 permotus,
1914 4430 2054 4475 tem-

471 4516 621 4585 plum
656 4514 885 4569 Athenis
920 4514 1211 4577 exstruxit,
1235 4513 1291 4571 in
1319 4512 1481 4583 cujus
1506 4513 1664 4568 altari
1690 4514 1833 4569 hanc
1862 4513 2056 4568 inscri-

471 4608 715 4679 ptionem
760 4605 984 4676 posuit:
1015 4623 1036 4656 ι
1068 4603 1259 4675 Ignoto
1288 4604 1397 4659 Deo
1419 4644 1434 4658 .
1470 4624 1489 4657 ι
1522 4604 1602 4660 Εο
1646 4605 1815 4676 igitur
1847 4608 1902 4660 in
1932 4607 2052 4661 loco

472 4713 778 4754 convenere
802 4698 967 4768 primi
993 4696 1309 4752 Graecorum
1335 4698 1666 4768 philosophi,
1700 4704 1760 4751 ut
1803 4698 1873 4753 de
1910 4708 2050 4755 tem-

473 4792 568 4863 plo
596 4791 692 4845 illo
732 4790 910 4861 ipsum
954 4789 1380 4861 interrogarent,
1403 4805 1623 4845 necnon
1655 4790 1724 4845 de
1764 4790 2050 4860 prophetia

470 4892 529 4939 et
563 4883 633 4939 de
664 4881 759 4938 Dei
795 4881 970 4945 cultu,
1000 4896 1239 4952 quorum
1270 4882 1493 4937 nomina
1534 4881 1898 4952 proferemus.
1929 4882 2054 4936 Pri-

472 4991 618 5043 mus,
656 4973 821 5029 Titon
845 4991 862 5042 ;
890 4974 1188 5037 secundus,
1216 4973 1378 5041 Bias;
1409 4974 1623 5039 tertius,
1651 4972 1820 5028 Solon
1845 4992 1862 5041 ;
1884 4989 2052 5044 quar-

473 5079 585 5131 tus,
612 5069 808 5125 Ulmon
834 5112 849 5135 ,
888 5068 1136 5139 quintus,
1160 5065 1512 5137 Thucydides
1535 5085 1552 5133 ;
1582 5075 1792 5128 sextus.
1826 5066 2051 5120 Menan-

471 5162 609 5229 der;
650 5162 938 5232 scptimus,
976 5159 1152 5213 Plato.
1194 5157 1260 5213 Hi
1295 5169 1503 5229 septem
1539 5159 1847 5236 philosophi
1878 5158 2051 5238 Apolf

546 5356 657 5426 (Ἦ)
694 5357 867 5413 Amne
898 5365 984 5412 est
1015 5357 1162 5427 quod
1195 5357 1273 5411 ait
1301 5357 1626 5412 Aristoteles
1659 5357 1798 5424 Περὶ
1829 5361 2051 5425 θαυμα-

2163 4145 2291 4218 μίαν
2323 4148 2582 4220 ἀμυδρῶς
2636 4152 3045 4222 προεμήνυσαν.
3105 4152 3218 4204 Καὶ
3246 4151 3357 4222 γὰρ
3390 4151 3502 4223 πρὸ
3531 4149 3743 4203 πολλῶν

2158 4240 2364 4310 χρόνων
2396 4240 2498 4311 τῆς
2550 4241 2787 4312 Χριστοῦ
2839 4241 3152 4313 ἐπιδημίας,
3199 4242 3360 4310 σοφός
3393 4259 3481 4304 τις
3516 4242 3745 4311 ὀνόματι

2169 4331 2466 4397 Ἀπόλλων,
2498 4332 2702 4397 θεόθεν,
2731 4335 2807 4398 ὡς
2838 4330 3012 4405 οἶμαι,
3048 4334 3407 4403 ὲπικινηθεὶς,
3437 4333 3624 4386 ἔκτισε
3653 4332 3744 4384 τὴν

2155 4422 2214 4475 ἐν
2249 4422 2498 4494 Ἀθήναις
2520 4425 2668 4489 ναὸν,
2697 4426 2915 4497 γράψας
2945 4427 3002 4480 ἐν
3025 4425 3171 4497 αὐτῷ
3200 4423 3390 4495 βωμῷ,
3429 4422 3747 4491 Hm

2157 4504 2303 4577 Θεῷ.
2347 4512 2435 4566 Ἑν
2470 4513 2618 4585 αὐτῷ
2647 4517 2830 4569 τοίνυν
2884 4514 3230 4587 συνήχθησαν
3283 4514 3334 4566 οἱ
3376 4512 3595 4584 πρῶτοι
3631 4511 3741 4564 τῶν

2167 4603 2434 4674 Ἐλλήνων
2468 4605 2766 4675 φιλόσοφοι,
2812 4606 2899 4659 ἵνα
2944 4607 3073 4678 περὶ
3103 4604 3201 4659 τοῦ
3233 4604 3363 4657 ναοῦ
3387 4606 3743 4675 ἐρωτήσωσιν

2154 4694 2336 4759 αὑτὸν,
2369 4696 2464 4750 καὶ
2499 4696 2627 4767 περὶ
2667 4697 3021 4768 προφητείας,
3064 4696 3160 4750 καὶ
3203 4694 3542 4760 θεοσεϐείας,
3573 4688 3647 4749 ὧν
3674 4693 3741 4746 τὰ

2156 4787 2398 4857 ὀνόματα
2452 4789 2684 4860 ἐροῦμεν
2737 4790 2932 4843 ταῦτα.
2977 4788 3202 4860 Πρῶτος
3245 4788 3450 4852 Τίτων,
3492 4788 3739 4859 δεύτερος

2154 4877 2307 4942 Βίας,
2366 4880 2551 4950 τρίτος
2610 4880 2831 4944 Σώλων,
2880 4881 3138 4950 τέταρτος
3198 4880 3435 4942 Χείλων,
3492 4880 3738 4950 πέμπτος

2153 4970 2452 5043 Θουκήδης,
2486 4973 2642 5036 ἕκτος
2665 4972 2994 5044 Μένανδρος,
3025 4972 3252 5042 ἕϐδομος
3301 4970 3557 5025 Πλάτων.
3584 4964 3738 5023 Οεῖδτςι

2153 5063 2203 5118 οἱ
2224 5064 2363 5116 ἐπτὰ
2394 5062 2673 5132 φιλόσοφοι
2700 5062 2909 5132 ἔφησαν
2934 5062 3013 5132 τῷ
3056 5062 3389 5115 Ἀπόλλωνι·
3421 5062 3736 5132 Προφήτευ·

2155 5177 2245 5215 σον
2271 5161 2425 5231 ἡμῖν,
2458 5154 2731 5225 προφῆτα,
2760 5147 2806 5206 ὧ
2838 5153 3125 5218 Ἄπολλον,
3147 5154 3233 5217 τίς
3264 5155 3420 5206 ἐστιν
3454 5153 3543 5207 ὅδε
3565 5148 3733 5212 εἶπεν,

2156 5361 2294 5413 tione
2340 5357 2516 5428 (apud
2559 5374 2660 5412 nos
2701 5365 2740 5410 t.
2798 5354 3162 5428 XVllltcol,
3189 5356 3360 5425 9.36):
3398 5354 3525 5407 Vidi
3561 5371 3646 5423 ego
3676 5353 3731 5405 in

469 5428 624 5501 σίων
648 5426 1047 5501 ἀκουσμάτων
1093 5440 1227 5501 tom.
1252 5429 1291 5490 l,
1311 5444 1365 5501 p.
1391 5428 1559 5501 “63;
1586 5428 1813 5501 Καίεται
1841 5428 1924 5501 δῇ
1925 5444 2049 5501 συν-

2157 5426 2381 5501 Olympo
2410 5426 2478 5498 (is
2499 5445 2655 5497 porro
2679 5445 2833 5501 mons
2868 5437 2946 5482 est
2966 5426 3173 5501 Lyciaz)
3208 5428 3387 5496 ignem
3417 5436 3596 5492 sponte
3613 5441 3729 5485 sua,

472 5495 614 5568 εχῶς
668 5499 802 5568 περ).
825 5495 1031 5568 Auximo
1056 5500 1152 5552 καὶ
1186 5495 1428 5568 μεγάλην
1455 5497 1609 5568 πόλιν
1645 5497 1744 5567 τὴν
1783 5499 1855 5568 ἐνί
1880 5498 2047 5550 Πελο-

471 5566 711 5637 πονήσῳ.
744 5566 847 5621 Ubi
874 5567 1141 5637 interpres
1174 5566 1465 5628 inerudite,
1515 5566 1789 5636 Megaram
1824 5567 2047 5637 Pelopo-

472 5639 581 5708 πεδί
612 5636 820 5708 urbem,
844 5636 1029 5708 vertit.
1050 5636 1249 5708 Seque
1269 5641 1413 5692 enim
1440 5637 1656 5708 Megara
1686 5648 1843 5691 erant
1873 5638 1925 5690 in
1951 5636 2049 5692 Pe-

477 5704 758 5771 loponeso.
792 5706 899 5760 Sed
923 5707 1013 5777 hic
1046 5704 1402 5777 Megalopolis
1439 5704 1861 5777 Peloponesiaca
1920 5708 2048 5762 urbs

480 5781 919 5830 memoratur.—
961 5775 1020 5831 S.
1056 5775 1361 5833 Methodius
1394 5779 1449 5832 in
1488 5775 1628 5833 libro
1666 5776 1743 5832 De
1785 5794 2050 5833 resume:-

2146 5502 2203 5554 in
2231 5499 2439 5553 ’montis
2483 5499 2787 5563 cacumine,
2847 5514 2913 5552 ex
2957 5499 3065 5551 imo
3125 5508 3287 5551 terrae
3344 5506 3729 5563 erumpentem;

2141 5572 2301 5645 jar-ta
2354 5586 2506 5645 quem
2550 5578 2725 5623 exstat
2770 5569 2930 5622 arbor
2962 5569 3151 5645 agnus
3186 5568 3425 5645 nomine,
3466 5564 3727 5645 adeo-(ib.—

2148 5637 2290 5701 rida,
2326 5637 2591 5711 virenset
2637 5650 2823 5711 opaea,
2861 5650 2919 5693 ut
2951 5637 3173 5711 jugibus
3213 5639 3399 5708 potius
3430 5640 3582 5707 aquis
3613 5637 3732 5688 irri-

2149 5728 2253 5783 gua
2280 5711 2428 5766 nasci
2477 5707 2740 5765 videatur.
2778 5709 2936 5765 Eutr.
