3860 6220
190 349 330 407 “Q9

1068 344 1624 404 COMMENTARIUS
1661 343 1751 402 DE
1790 342 2070 400 TEMPLO
2107 341 2567 403 ATHENARUM.

3305 343 3444 406 “50

186 463 331 526 τίνος
363 459 443 514 ἔτι
488 462 517 515 6
548 459 687 531 μετά
706 461 765 515 σὲ
797 460 980 533 βωμὸς
1003 456 1187 526 οῦτοςς
1218 460 1361 532 Πρὸς
1386 459 1478 525 οὑς
1507 463 1537 514 6
1571 423 1763 514 Ἀπόλ-

1882 458 1926 522 li,
2000 457 2257 513 dixerunt
2309 477 2323 513 :
2365 458 2677 514 Vaticinare
2752 457 2932 522 nobis,
2999 471 3032 512 ο
3076 454 3361 529 propheta.
3411 476 3444 513 ο

187 545 295 608 λωῦ
333 555 468 623 ἔφη’
503 554 641 607 Ὅσα
670 554 767 624 μὲν
799 554 933 625 πρὸς
964 556 1188 627 ἀρετὴν,
1216 556 1311 608 καὶ
1348 555 1552 624 κόσμον
1588 554 1764 625 ὀρρω-

187 645 327 697 δεῖτε
364 646 556 707 ποιεῖν,
594 645 817 697 ποιεῖτε.
877 643 1018 712 Ἐγὼ
1066 644 1175 716 γὰρ
1202 643 1491 714 ὲφετμεύω
1539 642 1763 713 τρισένη

189 737 536 807 ὑψιμέδοντα,
566 729 627 789 οῦ
658 736 817 803 λόγος
872 735 1180 806 ἀφθεγκτος
1230 738 1288 789 ὲν
1340 735 1502 806 ἀδείῳ
1544 733 1764 806 [ἀδέτῳ]

190 830 328 903 κόρῃ
357 828 592 900 ἕγγυμος
616 829 789 889 ἔσται,
822 827 1011 900 ὥσπερ
1045 827 1351 899 πυροφόρον
1371 827 1524 894 τόξον
1553 828 1767 881 ἅπαντα

190 920 393 990 κόσμον
423 919 945 992 ζωγρήσας,Πατρὶ,
982 919 1242 992 προσάξει
1270 920 1464 991 δῶρον.
1498 917 1684 992 Μαρία
1710 917 1768 972 δὲ

187 1018 251 1071 τὸ
277 1019 446 1089 όνομα
480 1019 677 1091 αὑτῆς
709 1019 825 1073 ἐστι
851 1020 958 1090 δὲὴ
982 1019 1135 1083 λύσις
1168 1018 1504 1091 προφητείας
1525 1016 1766 1081 οὕτως...

188 1112 320 1183 περὶ
354 1112 451 1182 μὲν
478 1112 571 1165 τοῦ
598 1111 725 1166 ναοῦ
748 1113 895 1165 ἐστιν
916 1114 943 1166 6
977 1112 1192 1183 πρῶτος
1217 1111 1393 1180 λόγος.
1428 1110 1589 1171 Ὅσα,
1614 1108 1767 1179 φησὶ,

189 1201 330 1267 πρὸς
355 1201 557 1271 κόσμον
576 1201 670 1254 τοῦ
690 1201 839 1264 ναοῦ,
870 1202 965 1254 καὶ⁵
986 1200 1181 1263 κάλλος
1207 1199 1431 1254 δυνατὸν
1455 1199 1586 1269 ὑμῖν
1615 1198 1773 1269 ποιῆ-

191 1308 307 1354 σαι,
340 1292 407 1345 τὰ
429 1292 729 1363 ἀρέσκοντα
748 1292 827 1361 τῷ
852 1291 970 1363 Θεῷ
1000 1292 1095 1345 καὶ
1122 1291 1451 1362 ἀνθρώποις.
1492 1290 1632 1359 Ἐγὼ
1662 1289 1772 1361 γάρ

190 1384 561 1454 ὑπολαμϐάνω
594 1379 734 1437 εἶναι
762 1385 820 1437 ὲν
840 1382 919 1453 τῷ
948 1383 1163 1454 οὑρανῷ
1211 1382 1637 1455 τρισυπόστατον
1676 1380 1772 1452 μέ-

190 1490 296 1541 γαν
325 1472 545 1540 ὑψιστον
570 1473 810 1544 βασιλέα.
847 1474 1047 1526 Τούτου
1075 1473 1310 1545 ἄναρχος
1348 1473 1501 1538 Θεὸς,
1546 1474 1641 1526 καὶ
1666 1473 1771 1526 Λό-

188 1580 288 1632 γος
310 1565 368 1617 ὲν
389 1564 588 1634 ἀγάμῳ
618 1565 752 1636 κόρῃ
804 1564 1102 1635 σαρκοῦται
1122 1606 1137 1628 ,
1171 1565 1268 1618 καὶ
1300 1564 1487 1636 ῶσπερ
1535 1564 1775 1635 πυροφόι

189 1671 286 1725 ρον
305 1653 477 1717 τόξον,
505 1653 538 1725 ἢ
568 1654 642 1718 ὡς
667 1654 1067 1726 δυναμώτερον,
1105 1655 1322 1709 ἅπαντα
1364 1657 1567 1727 κόσμον
1600 1657 1774 1726 φανή-

189 1761 365 1808 σεται,
397 1744 624 1798 ἁλιεύων
648 1748 774 1810 τοὺς
797 1746 1137 1818 ἀνθρώπους,
1170 1747 1359 1818 ῶσπερ
1397 1747 1555 1817 ίχθύα
1589 1749 1654 1800 ἐκ
1674 1746 1768 1800 τοῦ

1882 1767 2099 1838 Regem.
2153 1770 2327 1841 Hujus
2376 1769 2446 1842 (ﬁ

189 1836 477 1908 βυθοῦυτῆς
509 1837 787 1901 ἀπιστίας,
832 1839 925 1891 καὶ
959 1839 1255 1906 ἀγνωσίας,
1310 1838 1562 1902 οὕστινας
1607 1856 1714 1911 προ

188 1929 310 1995 άξει
333 1928 409 1999 τῷ
440 1929 634 1983 ἑαυτοῦ
662 1931 838 2001 Πατρὶ
864 1929 1053 2001 δῶρον·
1080 1931 1266 2002 Μαρία
1285 1930 1341 1984 δὲ
1369 1931 1430 1983 τὸ
1461 1931 1634 2002 ὄνομα
1680 1932 1774 1984 αὑ-

184 2023 312 2090 τῆς.
361 2022 473 2074 Καὶ
513 2021 672 2075 τοῦτο
704 2023 799 2093 μὲν
825 2022 1183 2093 προφητεύων
1226 2024 1254 2074 6
1295 2021 1566 2075 Ἀπόλλων
1628 2016 1772 2077 εἷπε.

190 2110 370 2163 Τίτων
393 2110 529 2181 ἔφη·
578 2110 725 2176 "HE:
752 2113 784 2182 ἡ
819 2113 1111 2183 ἀνίσχουσα
1152 2114 1282 2183 ἡμῖν
1320 2112 1529 2183 μέλλων
1558 2112 1647 2165 τὸν
1680 2112 1772 2165 οὑ-

196 2199 380 2269 ράνιον
407 2199 501 2254 τοῦ
534 2200 669 2254 Θεοῦ
705 2201 798 2254 καὶ
822 2202 1036 2271 Πατρὸς
1082 2203 1246 2255 παῖδα
1279 2203 1312 2272 ἡ
1344 2201 1606 2272 ἄνανδρος
1634 2203 1771 2275 κόρη

193 2287 336 2342 κύει.
366 2290 497 2354 Βίας
525 2285 678 2343 εἶπεν
697 2308 710 2321 ·
733 2285 900 2356 Οὗτός
931 2295 1076 2345 ἐστιν
1103 2291 1212 2345 ἀπὸ
1227 2292 1471 2364 οὐρανῶν
1502 2292 1774 2363 βεϐηκὼς,

194 2380 394 2450 φλογὸς
419 2381 701 2436 ὑποϐαλὼν
723 2382 987 2437 ἀθάνατον
1019 2382 1131 2456 πῦρ
1156 2403 1169 2415 ·
1207 2383 1265 2436 ὃν
1310 2385 1503 2454 τρέμει
1524 2386 1774 2456 οὐρανὸς,

193 2472 272 2542 γῆ
300 2489 382 2536 τε,
410 2471 673 2537 Θάλασσα,
692 2475 974 2547 τάρταροι,
999 2478 1092 2529 καὶ
1117 2475 1288 2546 βύθιοι
1315 2477 1590 2547 δαίμονες,
1628 2478 1781 2531 αὑτο-

197 2564 390 2636 πάτωρ
436 2566 761 2638 τρισόλϐιος.
816 2568 992 2621 Σόλων
1011 2563 1193 2622 εἶπενο
1231 2569 1359 2639 Ὀψέ
1389 2587 1518 2623 ποτε
1552 2570 1645 2623 ἐπὶ
1673 2571 1772 2641 τὴν

200 2658 395 2729 σχεδὴν
418 2658 620 2730 ταύτην
651 2659 831 2713 ἐλάσει
876 2659 1007 2724 Θεὸς
1040 2663 1191 2729 γαῖα,
1229 2663 1323 2715 καὶ¹
1354 2661 1478 2733 δίχα
1523 2663 1778 2735 σφάλμα-

200 2767 293 2813 τος
331 2749 467 2821 σὰρξ
486 2752 773 2822 γενήσεται
803 2753 1088 2823 ἀκαμάτου
1115 2752 1386 2823 θεότητος,
1420 2755 1653 2813 ἀνιάτων
1673 2771 1780 2808 πα-

202 2839 314 2893 θῶν
355 2840 536 2904 λύσεις
568 2842 829 2914 φοροῦσα,
868 2845 961 2896 καὶ
1012 2844 1204 2897 τούτου
1245 2845 1445 2916 μικρὸν
1491 2847 1778 2917 γενήσεται

202 2930 396 3001 φθόνου
415 2931 570 3000 λαοῦ,
599 2935 692 2988 καὶ
723 2935 860 3007 πρὸς
891 2934 1022 3005 ὕψος
1049 2936 1401 3008 κρεμασθεὶς,
1428 2937 1504 3001 ὡς
1541 2936 1776 2992 θανάτου

204 3023 511 3090 κατάδικος,
537 3029 616 3089 εἰς
640 3027 819 3081 πάντα
843 3029 1015 3099 πρᾶος
1045 3032 1308 3084 πεσεῖται.
1338 3029 1546 3083 Χείλων
1577 3026 1730 3084 εἶπεν
1760 3046 1775 3061 ·

220 3113 526 3185 Ἀκάματος
554 3117 715 3184 φύσις
746 3115 880 3169 Θεοῦ
913 3117 1220 3188 γενήσεται,
1254 3116 1314 3184 ἐξ
1347 3116 1509 3171 αὑτοῦ
1539 3117 1596 3171 δὲ
1624 3119 1654 3171 6
1684 3118 1782 3171 αὑ-

210 3206 304 3269 τὸς
333 3206 510 3268 οὐσία,
560 3209 654 3260 καὶ¹
706 3208 896 3277 Λόγος.
934 3208 1213 3279 Θουκήδης
1251 3205 1404 3262 εἴπεο
1439 3209 1571 3262 Θεὸν
1618 3209 1777 3262 σέϐου

207 3298 303 3352 καὶ
325 3296 563 3369 μάνθανε
584 3320 595 3331 ·
625 3299 699 3370 μὴ
721 3298 871 3371 ζήτει
895 3300 952 3353 δὲ
975 3300 1058 3362 τίς
1084 3300 1223 3364 ἐστι,
1251 3300 1345 3353 καὶ
1368 3299 1485 3365 πῶς
1510 3317 1524 3366 ;
1559 3301 1633 3353 Οὑ
1671 3301 1778 3374 γάρ

206 3391 353 3442 ἐστιν
372 3390 461 3441 ὅτε
491 3390 591 3442 οὑκ
613 3389 779 3453 ἔστιν,
811 3390 885 3453 ὼς
916 3390 1044 3444 ὄντα
1074 3389 1261 3445 τοῦτον
1301 3390 1460 3444 σέϐου
1494 3392 1587 3445 καὶ
1648 3390 1782 3462 μάν·

209 3477 367 3532 θανε’
396 3478 598 3549 ἀσεϐὴς
629 3478 740 3551 γὰρ
770 3480 862 3533 τὸν
884 3478 1007 3533 νοῦν
1045 3481 1073 3531 6
1107 3479 1274 3533 θέλων
1299 3479 1590 3551 μανθάνειν
1623 3479 1777 3537 Θεόν.

208 3569 521 3641 Μένανδρος
553 3567 706 3623 εἶπεν
727 3587 740 3599 ’
784 3571 844 3623 'U
874 3571 1101 3634 παλαιὸς
1140 3572 1280 3634 νέος,
1336 3571 1431 3625 καὶ
1452 3572 1481 3623 6
1508 3571 1627 3635 νέος
1678 3571 1781 3644 ἀρ-

209 3662 394 3731 χαῖος
428 3663 457 3715 6
487 3659 676 3732 Πατὴρ
738 3661 917 3732 μόνος,
966 3661 1060 3715 καὶ
1105 3663 1133 3714 6
1167 3661 1325 3732 μόνος
1352 3663 1542 3734 Πατήρ
1570 3678 1585 3692 ’
1635 3660 1696 3714 τὸ
1724 3660 1783 3715 ἒν

209 3751 360 3823 τρία,
384 3751 478 3805 καὶ
495 3751 562 3804 τά
588 3752 714 3822 τρία
735 3752 794 3805 ἒν
826 3769 839 3783 ·
874 3751 1115 3824 ἄσαρκον
1172 3753 1450 3824 σαρκικόν.
1486 3754 1524 3805 Γ
1528 3754 1560 3824 ἦ
1599 3753 1783 3806 τέτοκε

208 3843 304 3897 τὸν
356 3844 604 3916 οὐράνιον
652 3842 894 3913 βασιλέα.
953 3843 1176 3897 Πλάτων
1231 3839 1413 3897 εἶπεν
1487 3843 1705 3914 Ἐπειδὴ
1754 3844 1784 3896 6

211 3933 345 3999 Θεὸς
395 3932 617 4004 ἀγαθὸς,
657 3935 717 3986 οὑ
763 3934 974 3987 πάντων
1005 3926 1144 3987 εἶναι
1173 3932 1363 3997 αἴτιος,
1419 3932 1494 3996 ὼς
1521 3934 1571 3985 οἱ
1600 3931 1785 3985 πολλοὶ

210 4025 447 4094 λέγουσι.
481 4022 698 4078 Πολλῶν
713 4024 769 4077 δὲ
783 4023 1018 4088 ἀναίτιος
1034 4041 1047 4053 ·
1080 4025 1173 4078 καὶ
1191 4023 1298 4077 τῶν
1336 4024 1432 4095 μὲν
1452 4021 1671 4091 ἀγαθῶν
1694 4022 1787 4075 οὑ-

211 4113 300 4166 δὲν
331 4112 458 4166 ἄλλο
485 4113 662 4183 φαμὲν
685 4113 855 4165 αἴτιον
888 4108 1024 4166 εἶναι
1054 4113 1211 4182 μόνον
1230 4112 1339 4166 τῶν
1365 4112 1567 4177 καλῶν,
1599 4111 1787 4167 κακῶν

212 4205 270 4259 δὲ
292 4205 492 4259 οὐκέτι.
530 4202 607 4258 Αῦ
637 4206 797 4259 πάλιν
826 4205 1031 4276 ἔφησαν
1052 4200 1195 4260 οὑτοι
1219 4208 1269 4260 οἱ
1296 4207 1434 4261 ἐπτά
1476 4207 1568 4261 καὶ
1596 4203 1748 4262 εἷπον
1767 4223 1784 4240 ⁶

213 4296 277 4349 Ei
301 4296 400 4367 μὲν
421 4297 547 4369 περὶ
579 4297 679 4368 τῆς
705 4297 798 4351 τοῦ
828 4298 1062 4370 Χριστοῦ
1080 4300 1409 4371 οἰκονομίας,
1428 4299 1523 4354 καὶ
1545 4298 1789 4373 περὶτῆς

213 4385 377 4455 ἀγίας
410 4387 658 4459 Τριάδος.
709 4387 899 4452 Ἀλλος
946 4388 1002 4442 δέ
1043 4406 1128 4453 τις
1171 4387 1278 4442 τῶν
1319 4389 1587 4461 Ἐλλήνων
1624 4388 1788 4459 σοφὸς

1864 549 2093 620 Apollo.~
2139 549 2275 617 Quis
2314 563 2398 608 est
2427 551 2540 617 hic,
2577 551 2688 612 dic,
2739 549 2899 619 cujus
2931 558 3015 605 est
3058 551 3232 605 altare
3263 549 3358 604 cui
3385 557 3444 603 tu
3526 548 3529 553 “

1866 642 2057 698 astas?
2095 640 2235 697 Tum
2270 642 2467 715 Apollo
2501 643 2574 698 ait
2610 663 2622 699 :
2669 640 2803 709 Quae
2864 642 3083 713 quidem
3146 643 3214 697 ad
3273 643 3447 703 virtu-

1864 741 1975 790 tem
2013 748 2070 790 et
2099 734 2353 791 decorem
2386 744 2658 807 spectant,
2691 751 2923 808 qumque
2955 752 3054 791 vos
3090 735 3273 792 facere
3322 751 3447 806 per-

1866 825 2181 892 timescitis,
2236 827 2401 883 facite
2450 839 2656 883 tamen.
2718 827 2833 899 Ego
2865 843 3099 899 namque
3137 827 3336 882 mando
3363 838 3449 883 ter

1867 918 2039 973 unum
2073 934 2309 990 superne
2346 929 2689 992 regnantem,
2751 920 2913 992 cujus
2949 921 3176 976 verbum
3214 936 3322 977 non
3353 935 3446 975 vo-

1868 1008 2007 1074 cale,
2039 1009 2096 1063 in
2126 1010 2307 1082 puella
2334 1011 2585 1068 inclusus
2615 1012 2739 1077 erit,
2772 1011 2865 1082 qui
2895 1011 3051 1082 quasi
3084 1025 3249 1066 arcus
3280 1011 3449 1081 ignita

1870 1101 2094 1157 mittens
2126 1103 2256 1168 tela,
2291 1109 2468 1158 totum
2505 1103 2769 1158 mundum
2800 1110 3018 1174 captum
3053 1105 3204 1159 Patri
3241 1103 3299 1159 in
3345 1104 3449 1160 do-

1870 1230 2003 1269 num
2036 1214 2245 1270 oll‘eret.
2284 1213 2452 1269 Maria
2494 1223 2673 1271 autem
2711 1224 2794 1272 est
2821 1216 3014 1286 puellae
3041 1233 3260 1274 nomen.
3311 1216 3450 1273 Pro-

1872 1306 2069 1377 phetize
2093 1322 2223 1363 vero
2240 1307 2355 1362 haec
2379 1315 2464 1364 est
2494 1309 2878 1379 explicatio....
2906 1310 2973 1365 de
2996 1311 3201 1381 templo
3239 1310 3451 1382 primus

1873 1414 2055 1455 sermo
2076 1398 2420 1470 intelligitur.
2452 1399 2821 1472 Quaecunque,
2854 1402 2951 1466 ait,
2978 1402 3044 1456 ad
3078 1402 3262 1473 templi
3288 1417 3452 1457 orna-

1874 1499 1988 1546 tum
2023 1499 2077 1548 et
2105 1491 2360 1549 decorem
2403 1503 2665 1565 praestare
2692 1498 2963 1565 poteritis,
2994 1497 3103 1552 Deo
3131 1506 3187 1551 et
3214 1496 3453 1551 homini-

1874 1583 1980 1638 bus
2015 1585 2214 1654 placita
2258 1595 2443 1640 erunt.
2506 1585 2618 1656 Ego
2650 1603 2888 1658 namque
2934 1589 3172 1644 arbitror
3225 1602 3349 1644 esse
3392 1588 3452 1644 in

1876 1677 2040 1740 coelo,
2088 1679 2143 1733 in
2199 1678 2379 1735 tribus
2408 1679 2799 1751 hypostasibus
2833 1696 3091 1751 magnum
3121 1681 3452 1737 altissimum

2454 1773 2594 1842 lius)
2624 1789 2822 1842 expers
2856 1774 2997 1829 initii
3034 1773 3178 1830 Deus
3223 1782 3277 1830 et
3317 1772 3453 1830 Ver-

1719 1857 1776 1936 εἶ’
1806 1831 1849 1887 Β
1880 1860 2032 1924 ὺικυ,
2062 1862 2290 1933 innupta
2326 1862 2381 1916 in
2408 1862 2619 1933 virgine
2648 1862 2985 1930 incarnatur,
3017 1872 3073 1919 et
3101 1865 3259 1936 q'uasi
3289 1879 3453 1921 arcus

1876 1950 2045 2020 ignita
2091 1952 2314 2008 mittens
2358 1952 2486 2016 tela,
2523 1967 2622 2009 seu
2651 1962 2712 2008 ut
2760 1954 3038 2026 quidpiam
3076 1970 3143 2010 eo
3193 1955 3451 2021 validius,

1876 2049 2050 2096 totum
2084 2042 2347 2098 mundum
2386 2044 2713 2115 piscabitur,
2750 2046 3002 2103 homines
3048 2047 3260 2103 scilicet
3291 2047 3451 2118 quasi

1878 2135 2057 2204 pisces
2084 2151 2149 2189 cx
2180 2135 2452 2206 profundo
2470 2136 2808 2193 inﬁdelitatis
2837 2149 2892 2193 et
2925 2138 3243 2209 ignorantia:
3269 2148 3455 2195 extra-

1880 2224 1991 2289 het,
2025 2242 2164 2295 quos
2187 2226 2333 2282 Patri
2366 2228 2422 2283 in
2451 2228 2656 2283 donum
2683 2228 2895 2285 oll‘eret.
2938 2229 3107 2286 Maria
3139 2239 3320 2286 autem
3348 2245 3454 2286 no-

1879 2333 2003 2372 men
2059 2320 2180 2389 ejus
2234 2321 2356 2375 erit.
2390 2319 2457 2374 Et
2507 2320 2623 2376 haec
2671 2322 2889 2393 quidem
2933 2322 3282 2377 vaticinando
3317 2321 3457 2379 dixit

1878 2410 2092 2478 Apollo.
2150 2409 2312 2466 Titon
2371 2412 2599 2467 dixit....
2656 2414 2944 2469 leestem
3002 2412 3094 2469 Dei
3167 2423 3223 2469 et
3276 2411 3456 2469 Patris

1882 2496 2047 2569 528
2078 2497 2276 2554 Filium
2333 2500 2438 2555 viri
2494 2517 2690 2573 expers
2743 2504 2922 2573 puella
2980 2505 3034 2558 in
3070 2512 3227 2559 utero
3253 2511 3453 2576 gestat.

1880 2590 2005 2645 Bias
2050 2591 2272 2661 inquit:
2311 2591 2412 2647 Hic
2463 2604 2548 2650 est
2593 2595 2686 2665 qui
2720 2595 2787 2650 de
2838 2596 2976 2651 malo
3020 2597 3190 2658 venit,
3250 2594 3456 2667 quique

1878 2679 2249 2738 ﬂammantem
2271 2692 2535 2741 aeternum
2570 2686 2751 2757 ignem
2781 2688 3062 2743 submittet
3095 2707 3109 2743 :
3136 2703 3299 2758 quem
3343 2696 3455 2743 tre-

1881 2780 2036 2828 munt
2069 2776 2293 2841 cmlum,
2329 2784 2498 2842 terra,
2540 2794 2709 2843 mare,
2757 2779 2969 2843 tartari,
3003 2786 3058 2835 et
3084 2781 3140 2835 in
3180 2779 3455 2851 profundo

1877 2885 2114 2941 demersi
2165 2887 2463 2956 daemones,
2507 2892 2804 2962 imperator
2843 2893 3218 2950 felicissimus.
3276 2892 3447 2949 Solon

1879 2980 1955 3033 ait
1985 2998 1997 3033 :
2027 2979 2124 3035 Vel
2179 2998 2304 3038 sero
2358 2984 2577 3039 tandem
2631 2986 2686 3040 in
2720 2986 2822 3039 hac
2850 2986 3103 3041 navicula
3130 2987 3197 3042 ad
3247 2994 3452 3041 terram

1883 3073 2116 3142 appellet
2144 3072 2311 3139 Deus,
2351 3086 2405 3131 et
2430 3076 2638 3147 absque
2662 3086 2886 3147 peccato
2914 3078 3005 3134 ﬁet
3031 3092 3161 3133 caro
3197 3076 3455 3147 infatiga-

1808 3163 1853 3225 C
1885 3165 2010 3220 bilis
2029 3165 2268 3231 deitatis,
2286 3183 2407 3237 qua:
2425 3167 2820 3226 insanabilibus
2850 3170 3055 3225 morbis
3077 3170 3341 3226 medelam
3373 3172 3456 3223 al-

1881 3257 2060 3311 latura
2095 3266 2201 3314 est.
2233 3258 2331 3315 llic
2361 3260 2427 3315 ad
2460 3261 2733 3316 tantillum
2767 3262 3031 3331 temporis
3059 3263 3321 3332 spatium,
3357 3277 3456 3332 po-

1882 3350 1996 3422 puli
2024 3350 2241 3406 invidia‘.
2261 3352 2608 3422 subjicietur.
2644 3353 2703 3408 In
2735 3354 2902 3409 altum
2939 3368 3262 3424 suspensus,
3295 3356 3457 3423 quasi

1882 3443 1950 3498 ad
1990 3451 2220 3499 mortem
2249 3445 2561 3511 damnatus,
2614 3461 2744 3518 erga
2775 3447 2956 3502 omnia
2998 3452 3318 3502 mansuetus
3363 3460 3459 3501 ca-

1881 3538 1994 3592 det.
2053 3536 2252 3593 Chilon
2308 3538 2488 3610 inquit
2520 3557 2535 3594 :
2568 3538 2925 3610 lnl‘atigahilis
2976 3540 3081 3595 erit
3111 3537 3207 3594 Dei
3236 3547 3456 3606 natura,

1881 3645 1950 3686 ex
1990 3631 2111 3701 ipso
2175 3638 2355 3687 autem
2407 3641 2493 3689 est
2539 3632 2631 3703 qui
2664 3632 2974 3688 substantia
3007 3639 3093 3687 est
3134 3638 3298 3701 atque
3324 3629 3461 3686 νειμ

1882 3723 2032 3778 bum.
2087 3723 2439 3796 Thucydides
2460 3725 2536 3779 ait
2571 3742 2586 3778 :
2624 3724 2796 3781 Deum
2840 3708 3138 3806 venerare,
3171 3738 3237 3779 ac
3290 3723 3460 3780 disci-

1887 3829 1941 3871 to
1965 3816 2118 3872 illum
2153 3837 2166 3872 :
2207 3833 2278 3873 ne
2314 3825 2498 3873 tamen
2527 3831 2742 3888 quaeras
2763 3817 2888 3886 quis
2917 3823 3014 3872 aut
3038 3814 3314 3887 quomodo
3365 3816 3457 3870 sit.

1883 3908 2002 3965 Non
2037 3910 2181 3966 enim
2207 3918 2293 3967 est
2320 3917 2536 3982 tempus
2569 3926 2679 3982 quo
2709 3910 2802 3966 ille
2843 3926 2954 3966 non
2983 3911 3077 3975 sit,
3101 3917 3164 3964 ut
3190 3909 3462 3965 exsistet»

1885 4010 1993 4059 tem
2026 4003 2164 4068 cole,
2202 4010 2367 4074 atque
2405 4004 2482 4058 ita
2512 4003 2698 4060 edisce
2723 4003 2901 4058 illum.
2960 4002 3170 4073 Impius
3218 4015 3463 4071 namque

1886 4102 2068 4151 mente
2117 4102 2223 4160 est,
2270 4095 2363 4166 qui
2391 4095 2521 4151 velit
2558 4094 2804 4151 ediscere
2842 4093 3003 4165 quid
3031 4093 3105 4149 sit
3133 4091 3302 4149 Deus.
3347 4090 3460 4148 Me-

1885 4188 2097 4245 nander
2142 4190 2219 4244 ait
2253 4208 2268 4244 :
2306 4188 2580 4259 Antiquus
2619 4202 2817 4250 novus,
2851 4194 2908 4241 et
2944 4200 3123 4241 novus
3150 4184 3458 4256 antiquus:

1886 4276 2048 4335 Pater
2101 4279 2253 4335 solus
2302 4286 2359 4335 et
2409 4280 2562 4335 solus
2616 4276 2781 4334 Pater
2810 4297 2825 4333 :
2859 4274 3040 4331 Unum
3089 4274 3195 4330 tria
3252 4280 3309 4330 et
3353 4272 3462 4330 tria

1888 4386 2058 4425 unum
2091 4391 2104 4426 :
2136 4372 2321 4427 carnis
2346 4385 2542 4441 expers
2571 4371 2812 4427 carnale.
2878 4367 3051 4424 Terra
3094 4364 3306 4439 peperit
3348 4379 3465 4422 cte-

218 4477 337 4549 μεθ’
364 4458 564 4551 ἐτέρων
586 4479 767 4545 τινῶν,
815 4479 1142 4551 Ἀσκληπιὸς
1167 4458 1487 4551 λεγόμενος,
1530 4458 1787 4552 αἰτησάν-

1890 4462 2079 4518 lestem
2141 4477 2342 4535 regem.
2406 4463 2559 4518 Plato
2604 4462 2742 4517 dixit
2785 4458 3105 4529 :Quoniam
3140 4458 3321 4515 bonus
3375 4462 3473 4513 est.

215 4584 326 4621 των
355 4568 652 4638 ἑρμηνείαν
678 4568 788 4622 τῶν
816 4569 1033 4622 πάντων
1060 4568 1364 4639 φιλοσόφων
1423 4569 1789 4639 φιλοσοφώτε-

219 4667 313 4723 ρον
355 4653 537 4709 δοῦναι
599 4655 783 4719 αὑτοῖς
838 4656 992 4725 λόγον
1046 4657 1172 4731 περὶ
1210 4657 1347 4710 Θεοῦ
1401 4658 1642 4726 φύσεως·
1678 4658 1789 4712 όδὲ

230 4742 437 4814 Ἐρμῆς
466 4744 643 4800 λαϐὼν
665 4746 903 4817 σιφέριον
936 4746 1171 4819 ἔγραψεν
1202 4747 1374 4813 οὕτως
1396 4768 1409 4780 ’
1440 4752 1503 4803 El
1534 4751 1607 4821 μὴ
1659 4751 1791 4823 πρό-

217 4835 338 4887 νοιά
356 4851 440 4899 τις
470 4835 561 4889 τοῦ
587 4836 697 4890 τῶν
739 4839 953 4892 πάντων
983 4841 1210 4911 Κυρίου,
1254 4843 1316 4893 οὐ
1349 4841 1453 4912 μὴν
1491 4842 1582 4895 τὸν
1633 4841 1791 4911 λόγον

214 4924 405 4977 τοῦτον
456 4926 803 4997 ἀποκαλύψαι
848 4928 1163 4998 ὴϐούλοντο’
1195 4931 1315 4983 οὑδὲ
1345 4933 1493 5001 ἡμᾶς
1533 4932 1794 4994 τοιούτοις

219 5014 403 5087 ἔργοις
428 5021 694 5089 κατεῖχεν,
760 5020 844 5072 ἵνα
878 5021 1005 5091 περὶ
1058 5023 1261 5074 τούτων
1308 5022 1667 5092 ἐρωτήσηται.
1714 5021 1791 5074 Οὑ

221 5108 330 5179 γὰρ
361 5111 577 5179 ἐφικτόν
594 5113 738 5164 ἐστιν
754 5112 834 5176 είς
856 5112 1132 5183 ἀμυήτους
1166 5113 1387 5166 τοιαῦτα
1416 5112 1792 5186 παρασχέσθαι

227 5206 527 5275 μυστήρια·
558 5204 693 5258 ἀλλά
716 5203 793 5275 τῷ
842 5204 923 5257 νοῒ
959 5206 1311 5259 ἀκουσάντων
1352 5205 1643 5261 ἀκούσατε.
1698 5207 1792 5259 Ἕν

227 5291 389 5362 μόνον
426 5289 526 5365 ἦν’
561 5293 677 5363 φῶς
710 5295 891 5366 νοερὸν
948 5295 1055 5367 πρὸ
1088 5296 1266 5365 φωτὸς
1323 5295 1533 5367 νοεροῦ,
1581 5297 1675 5350 καὶ
1725 5292 1794 5368 ἦν

222 5384 363 5439 αὑτά
390 5385 580 5449 ἔνωσις
606 5386 671 5439 ὲκ
692 5386 783 5440 τοῦ
806 5386 898 5440 νοῦ
930 5388 1091 5458 φωτὶ,
1121 5388 1216 5441 καὶ
1241 5389 1529 5459 πνεύματι.
1555 5389 1634 5442 Τά
1656 5389 1787 5443 πάν-

221 5492 295 5530 τα
321 5476 380 5541 ἐξ
404 5477 590 5538 αὑτοῦ,
623 5476 719 5531 καὶ
755 5479 835 5541 εὶς
869 5479 1053 5541 αὑτὸν,
1083 5480 1163 5543 εἰς
1189 5478 1408 5550 γόνιμον
1440 5481 1505 5533 ἐκ
1547 5480 1792 5550 γονίμου,

226 5567 504 5624 κατελθὼν
531 5571 624 5623 ἐπὶ
648 5570 861 5640 γονίμῳ
902 5569 1057 5623 ὑδατι
1079 5568 1278 5638 ἔγκυον
1306 5570 1367 5623 τὸ
1397 5570 1544 5643 ὕδωρ
1599 5572 1795 5645 εποίη-

227 5674 339 5713 σεν.
376 5654 540 5724 Οἶδας
565 5660 684 5725 πῶς
714 5663 763 5714 οἱ
794 5661 903 5714 τῶν
945 5661 1210 5730 Ἑλλήνων
1244 5662 1430 5725 παῖδες
1464 5665 1801 5734 προεφήτευη

225 5766 349 5814 σαν,
383 5753 477 5805 καὶ
503 5751 593 5807 τὸν
625 5751 968 5824 προάναρχον
993 5750 1143 5817 Θεὸν,
1172 5751 1267 5805 καὶ
1326 5751 1417 5805 τὸν
1466 5751 1798 5825 συνάναρχον

1894 4553 2058 4618 Deus,
2120 4570 2230 4610 non
2279 4554 2524 4609 omnium
2556 4569 2680 4610 esse
2721 4567 2887 4610 causa
2916 4557 3116 4623 potest.
3166 4549 3462 4605 Multorum

1891 4661 2003 4700 non
2027 4655 2112 4703 est
2136 4648 2227 4702 ille
2256 4662 2444 4703 causa.
2479 4646 2546 4700 Et
2584 4646 2854 4701 honorum
2903 4643 3122 4715 quidem
3175 4642 3326 4698 nulla
3355 4639 3463 4694 alia

1893 4752 2060 4792 causa
2093 4746 2272 4808 potest
2318 4754 2488 4795 esse:
2539 4739 2808 4793 malorum
2859 4753 2968 4792 non
3009 4737 3160 4792 item.
3217 4734 3461 4790 Rursum

1894 4828 1932 4881 ii
1975 4837 2182 4899 septem
2233 4829 2440 4894 dixere,
2502 4832 2575 4883 ita
2608 4830 2827 4900 quidem
2870 4828 2939 4883 de
2988 4826 3194 4883 Christi
3236 4838 3462 4880 oecono-

1893 4920 2024 4987 mia,
2092 4929 2148 4978 ct
2202 4923 2270 4977 de.
2327 4922 2594 4978 Trinitate
2641 4922 2896 4994 (dictum
2924 4920 3065 4989 sit).
3100 4918 3256 4973 Alius
3298 4930 3465 4988 porro

1893 5013 2205 5069 Graecorum
2256 5012 2379 5079 fuit,
2410 5014 2496 5067 vir
2546 5014 2790 5084 sapiens,
2840 5010 3194 5080 Esculapius
3217 5008 3463 5074 nomine,

1893 5120 2019 5159 cum
2048 5103 2373 5174 quihusdam
2404 5103 2527 5159 aliis
2556 5123 2568 5157 :
2604 5103 3047 5174 philosophisque
3088 5099 3344 5156 omnibus
3375 5099 3466 5154 in-

1895 5198 2340 5267 terpretationem
2398 5196 2637 5265 aliquam
2691 5192 3117 5263 postulantibus,
3183 5198 3346 5261 atque
3396 5189 3467 5246 de

1894 5288 2005 5343 Deo
2036 5288 2416 5345 reconditioris
2442 5287 2796 5356 philosophia
2818 5285 2985 5340 verba
3018 5282 3208 5339 audire
3239 5284 3467 5353 cupien-

1895 5381 2081 5447 tibus;
2137 5388 2362 5450 accepto
2410 5378 2712 5434 Mercurius
2757 5377 2990 5441 calamo,
3045 5376 3161 5431 haec
3198 5374 3462 5446 scripsit:

1894 5469 2013 5527 Nisi
2059 5471 2399 5543 providentia
2449 5467 2697 5540 quaedam
2747 5474 2896 5524 esset
2942 5466 3191 5522 omnium
3224 5464 3464 5530 Domitii,

1896 5578 2177 5633 nunquam
2215 5561 2530 5629 hujusrnodi
2563 5572 2873 5615 sermonem
2932 5556 3178 5613 revelare
3235 5555 3465 5618 vellent,

1899 5671 2076 5725 neque
2113 5671 2213 5710 nos
2252 5655 2344 5708 ille
2383 5654 2437 5706 in
2476 5649 2748 5722 ejusmodi
2785 5649 3045 5721 operibus
3083 5647 3370 5712 detineret,
3410 5651 3470 5699 ut

1900 5752 1969 5807 de
2007 5751 2092 5806 his
2144 5747 2475 5820 quaestiones
2509 5744 2862 5800 haberentur.
2920 5739 3107 5812 Neque
3155 5738 3300 5796 enim
3336 5735 3473 5794 viris
