3860 6220
421 282 548 340 MS!

1576 290 1635 347 S.
1680 291 2144 349 ATIIANASIUS.
2183 324 2252 335 —
2288 291 2562 348 SPURIA.

3520 279 3659 345 H52

413 414 523 454 non
552 399 778 456 initiatis
811 403 1074 471 possibile
1100 414 1183 461 est
1220 398 1489 477 ejusmodi
1520 408 1659 464 tradi
1695 411 1978 480 mysteria,

2089 410 2250 464 αὐτοῦ
2265 411 2413 472 Υἱὸν,
2434 412 2527 465 καὶ
2542 410 2734 478 Λόγον,
2756 408 2849 461 καὶ
2869 408 2928 461 τὸ
2946 406 3232 480 σύνθρονον
3248 404 3411 460 αὐτοῦ
3430 407 3523 460 καὶ
3539 409 3660 478 ὁμο-

412 489 509 547 sed
542 491 743 558 audite,
783 488 848 548 ac
902 503 1082 551 mente
1115 500 1309 554 attenti
1352 508 1547 555 estote.
1590 499 1769 554 Unum
1810 503 1988 556 solum

411 590 551 636 erat.
616 581 733 638 Lux
806 584 1108 655 spiritualis
1174 597 1302 645 ante
1352 589 1527 645 lucem
1597 590 1983 661 spiritualem:

410 680 677 743 erantque
711 675 802 730 illa
823 719 838 742 ,
867 678 1182 749 eonjunctio
1212 682 1414 736 mentis
1453 698 1577 735 cum
1611 683 1733 738 luce
1764 691 1819 737 et
1857 698 1983 738 cum

414 764 644 834 Spiritu.
681 765 876 823 Omnia
907 786 970 825 ex
1016 771 1136 840 ipso
1171 780 1226 827 et
1266 773 1320 827 in
1353 774 1554 845 ipsum,
1587 774 1641 828 in
1677 775 1982 844 prolilieum

2095 502 2275 555 ούσιον
2306 502 2530 574 Πνεῦμα
2558 499 2960 574 προεκήρυξαν,
2993 499 3088 567 καὶ
3108 498 3175 551 τά
3192 498 3346 568 τίμια
3371 497 3469 550 τοῦ
3511 515 3660 551 σταυ-

2097 589 2193 661 ροῦ
2228 590 2373 660 πάθη
2396 588 2778 662 προεκήρυξαν
2797 605 2809 617 ³
2846 588 2995 659 αὐτῷ
3022 590 3055 659 ἡ
3085 588 3233 654 δόξα.
3268 587 3363 643 καὶ
3382 588 3446 641 τὸ
3472 588 3659 660 κράτος

2096 682 2192 735 σὺν
2221 680 2300 752 τῷ
2325 682 2546 755 ἀνάρχῳ
2566 683 2761 753 Πατρὶ,
2791 682 2884 735 καὶ
2908 681 2988 751 τῷ
3004 680 3258 751 παναγίῳ
3286 679 3569 751 Πνεύματι
3590 682 3661 743 εἰς

2091 775 2217 837 τοὺς
2248 774 2450 839 αἰῶνας
2472 775 2581 827 τῶν
2611 773 2842 828 αἰώνων.
2873 774 3067 844 ’Δμήν.

410 875 473 914 ex
534 861 798 929 prolifico.
862 863 1210 921 Descendens
1269 867 1327 921 in
1393 866 1692 937 proliﬁcam
1761 882 1981 937 aquam,
2012 877 2379 938 praegnanlem
2409 866 2588 921 effecit
2651 881 2869 936 aquam.
2910 865 3244 936 Vidcn‘-quo
3311 872 3476 936 pacto
3517 864 3660 920 Grae-

410 954 460 1008 ci
529 956 943 1024 prephetavere.
989 973 1053 1014 ac
1102 975 1227 1015 eum
1282 961 1377 1031 qui
1430 972 1556 1016 ante
1601 977 1764 1016 omne
1815 962 2146 1032 principium
2220 970 2374 1026 crat,
2433 962 2639 1032 quique
2682 977 2791 1016 una
2835 978 2959 1016 Clltll
3011 962 3105 1015 illo
3159 976 3358 1030 expers
3409 961 3661 1030 principii

410 1060 515 1113 est,
572 1049 770 1106 Filium
826 1060 880 1106 et
938 1051 1174 1108 Verbum
1210 1070 1223 1104 :
1256 1070 1475 1111 necnon
1514 1056 1759 1126 ejusdem
1800 1058 1988 1111 throni
2031 1057 2360 1127 participem
2409 1065 2463 1112 ct
2502 1058 3030 1114 consubstantialem
3083 1056 3385 1127 Spiritum,
3432 1058 3665 1127 itemque

410 1145 775 1203 venerandam
815 1149 997 1203 crucis
1036 1151 1345 1219 passionem
1390 1153 1847 1224 praenuntiarunt.
1890 1153 1998 1224 Ipsi
2054 1153 2231 1222 gloria
2269 1161 2324 1209 et
2365 1153 2679 1223 imperium,
2722 1169 2848 1209 cum
2887 1152 3053 1210 Patre
3092 1153 3369 1225 principio
3406 1161 3661 1214 carente,

410 1245 464 1291 et
529 1239 880 1295 sanctissimo
951 1238 1181 1313 Spiritu,
1253 1243 1310 1298 in
1369 1246 1568 1299 saacula
1632 1247 1981 1301 saeculorum.
2022 1245 2211 1300 Amen.

1138 1545 1207 1602 IN
1248 1546 1676 1603 TRACTATUM
1718 1548 1805 1601 DE
1843 1546 2165 1604 CORPORIS
2203 1547 2293 1602 ET
2331 1548 2551 1603 ANIMA
2588 1546 2928 1604 MONITUM.

476 1681 559 1738 En
583 1684 697 1749 tibi,
730 1683 920 1739 Lector
949 1684 1173 1749 erudite,
1199 1702 1318 1741 eum
1356 1686 1593 1742 sistimus
1618 1695 1925 1747 tractatum.
1950 1703 2102 1758 quem
2127 1687 2434 1740 memoravit
2474 1684 2741 1741 Gerardus
2780 1684 2997 1740 Vossius
3026 1688 3082 1741 in
3109 1684 3353 1757 Gregorii
3393 1687 3663 1742 Thauma-

405 1780 546 1851 turgi
592 1778 821 1835 editione
866 1779 1164 1836 Parisiensi
1198 1782 1528 1845 ann01622,
1558 1799 1611 1851 p.
1656 1782 1780 1840 120.
1820 1780 1920 1835 L’bi
1953 1783 2029 1835 ait
2067 1782 2181 1845 ille,
2212 1792 2423 1836 exstare
2467 1780 2645 1836 Cra'ce
2686 1780 2869 1835 Roma:
2919 1784 2975 1835 in
3026 1779 3339 1832 bibliotheca
3387 1778 3665 1840 Sfortiana

403 1890 552 1929 num.
588 1875 679 1938 77,
713 1874 991 1945 pulchram
1023 1875 1197 1930 sancti
1220 1872 1505 1927 Athanasii
1531 1872 1761 1940 episcopi
1788 1870 2141 1925 Alexandrini
2169 1872 2563 1937 tractationem,
2593 1869 2657 1923 de
2690 1881 2885 1923 natura
2914 1869 3149 1937 corporis
3173 1876 3223 1921 et
3268 1868 3498 1927 anime,
3527 1880 3574 1920 et
3604 1868 3669 1921 de

402 1968 737 2037 separatione
776 1967 970 2022 anima:
1000 1984 1032 2020 a
1057 1981 1291 2034 corpore.
1326 1965 1392 2017 At
1416 1980 1595 2019 vereor
1624 1972 1681 2017 ut
1714 1965 1792 2017 vir
1827 1963 2066 2018 eruditus
2096 1979 2274 2033 (equus
2302 1964 2400 2016 hac
2430 1963 2485 2016 in
2516 1972 2667 2032 parte
2697 1978 2873 2018 rerum
2908 1962 3202 2016 wstimator
3224 1959 3665 2030 deprehendatur.

405 2061 642 2116 Tametsi
670 2078 894 2131 namque
935 2060 1179 2131 quwdam
1211 2059 1295 2114 hic
1329 2070 1474 2126 sunt,
1507 2075 1621 2130 qua:
1651 2076 1753 2112 non
1788 2057 1882 2112 abs
1921 2075 1977 2112 re
2003 2058 2253 2112 dicuntur
2274 2101 2292 2124 ,
2325 2059 2436 2112 alia
2466 2068 2641 2114 tamen
2689 2068 2810 2114 sunt
2844 2057 3026 2127 {utilia
3055 2067 3104 2112 et
3135 2058 3431 2111 Athanasio
3478 2075 3668 2127 magno

401 2153 642 2225 indigna,
672 2153 968 2223 cuiusmodi
994 2165 1071 2208 est
1097 2153 1296 2225 {rigida
1324 2152 1421 2206 illa
1457 2153 1651 2206 animae
1679 2151 1941 2221 deﬁnitio,
1969 2160 2020 2204 et
2065 2151 2268 2205 similia
2301 2168 2419 2222 qua:
2463 2161 2572 2206 tute
2604 2152 2871 2207 advertas.
2913 2150 3060 2206 Unde
3088 2168 3246 2221 porro
3281 2150 3402 2220 jam
3449 2151 3669 2221 prodeat

402 2244 499 2299 hoc
528 2246 859 2313 opusculum,
899 2260 965 2301 ea;
996 2244 1137 2299 hisce
1164 2243 1394 2298 Joannis
1437 2241 1688 2298 Guillotii
1723 2243 1895 2297 nostri
1919 2241 2087 2296 verbis
2118 2243 2321 2311 accipe,
2347 2244 2436 2313 qui
2464 2260 2563 2298 sua
2593 2261 2755 2299 manu
2777 2245 3083 2313 exscripsit,
3119 2243 3372 2314 nobisque
3415 2246 3670 2295 transmi-

402 2334 493 2391 sit.
526 2332 612 2387 Ea:
644 2333 761 2389 cod.
796 2333 977 2389 erco
1013 2333 1339 2390 bibliotheca
1380 2333 1672 2398 Vaticanaz,
1705 2350 1849 2387 num.
1887 2331 2013 2395 700.
2049 2332 2103 2385 in
2152 2334 2341 2388 charta
2366 2351 2684 2405 papyracea,
2714 2336 2920 2393 ridetur
2967 2339 3156 2394 habere
3201 2339 3307 2393 400
3349 2355 3541 2391 annos.
3575 2335 3668 2389 Est

400 2424 627 2497 eleganti
655 2442 839 2491 manu,
864 2424 956 2481 sed
989 2424 1301 2478 minusculis
1328 2423 1520 2478 litteris
1540 2431 1815 2477 exoratus.
1848 2420 1946 2476 Est
1972 2420 2213 2477 collectio
2256 2422 2588 2480 diversorum
2625 2443 2862 2498 operum,
2884 2438 2939 2485 et
2966 2430 3387 2503 [ragmentorum
3418 2428 3526 2487 SS.
3560 2428 3670 2485 Pa.

404 2526 563 2575 trum.
613 2519 852 2577 Centinet
889 2521 1024 2575 inter
1064 2529 1255 2574 cratera
1288 2534 1506 2590 sequens
1536 2516 1865 2587 opusculum.

1386 2736 1551 2809 529
1601 2737 1738 2794 ΤΟΥ
1775 2737 1867 2792 EN
1903 2736 2130 2793 ΑΓΙΟΙΣ
2164 2735 2440 2790 narro:
2474 2736 2674 2791 ΗΜΩΝ

1715 2899 2352 2992 ΑΘΑΝΑΣΙΟΥ

1487 3084 1686 3158 ,IIEPI
1726 3070 2064 3143 ΣΩΜΑἸῸΣ
2102 3084 2231 3140 KAI
2276 3085 2551 3142 arma.

1426 3370 1521 3459 S.
1582 3371 1691 3459 P.
1769 3372 1888 3462 N.
1967 3374 2616 3465 ATHANASH

1564 3565 1667 3622 DE
1696 3565 2038 3624 CORPORE
2085 3568 2180 3623 ET
2220 3568 2489 3625 ΛΝΙΜΑ.

476 3785 829 3857 Exploratum
855 3790 940 3841 est
964 3796 1164 3854 corpus
1186 3782 1636 3840 constitutionem
1663 3799 1817 3840 suam
1842 3787 1978 3841 acci-

2160 3791 2329 3863 Σῶμα
2375 3790 2452 3863 τῷ
2484 3791 2658 3863 ἔχοντι
2699 3793 2800 3866 τὴν
2847 3792 3094 3848 σύνθεσιν
3120 3796 3187 3848 ἐκ
3232 3794 3346 3850 τῶν
3390 3797 3671 3867 στοιχείων

406 3894 535 3952 pere
554 3894 620 3935 ex
647 3876 933 3933 elementis
947 3916 962 3939 ,
989 3875 1300 3947 pariterque
1320 3874 1760 3932 dissolutionem.
1782 3876 1986 3943 Quam-

405 3972 595 4026 obrem
636 3983 869 4039 corpora
907 3967 1023 4028 sive
1053 3967 1337 4023 hominum
1372 3968 1487 4024 sive
1519 3976 1842 4023 cancrorum
1876 3968 1988 4023 ani-

408 4063 676 4119 mantium
724 4061 881 4118 facile
920 4070 1349 4132 corrumpuntur
1385 4076 1451 4117 ac
1486 4061 1817 4124 moriuntur,
1858 4075 1985 4116 cum

407 4172 477 4212 ex
505 4166 742 4227 quatuor
766 4154 1054 4209 elementis
1083 4153 1197 4209 sint
1225 4152 1528 4223 composita
1551 4194 1567 4218 ,
1594 4166 1788 4221 nempe
1811 4158 1982 4216 terra,

409 4249 546 4312 sole,
574 4261 715 4317 aqua
740 4254 795 4303 et
820 4261 968 4310 aere,
991 4260 1114 4316 qua:
1139 4253 1197 4300 et
1221 4245 1341 4315 ipsa
1371 4260 1475 4300 nec
1505 4244 1682 4311 senio,
1705 4258 1811 4299 nec
1839 4257 1986 4297 mar-

408 4357 537 4397 core
556 4341 729 4397 libera
755 4345 997 4404 manent,
1023 4336 1482 4409 quemadmodum
1504 4345 1561 4392 et
1580 4349 1831 4407 corpora,
1859 4350 1983 4389 eum

408 4447 641 4503 corpora
668 4432 855 4485 omnia
881 4446 948 4486 ex
977 4438 1124 4485 terra
1154 4428 1265 4484 sint
1292 4427 1455 4482 facta.
1488 4426 1600 4483 Res
1637 4434 1819 4482 autem
1850 4425 1984 4481 sim-

409 4525 579 4595 plices
612 4538 715 4577 nec
746 4523 1061 4591 compositae
1103 4522 1264 4576 facile
1310 4526 1697 4590 perseverant,
1730 4526 1786 4574 et
1811 4533 1987 4587 usque

409 4615 479 4669 ad
530 4612 1058 4669 consummationem
1108 4611 1445 4667 indissoluta:
1491 4618 1753 4664 manent:
1802 4609 1985 4678 qualia

411 4714 561 4769 sunt,
587 4706 670 4762 sol
687 4746 701 4769 .
723 4704 961 4760 hominis
984 4705 1187 4768 anima,
1211 4705 1324 4768 lux,
1350 4703 1664 4766 luminaria,
1687 4716 1800 4768 aer,
1820 4714 1983 4771 aqua,

410 4799 554 4869 ignis
574 4840 588 4864 ,
623 4798 851 4867 spiritus
870 4839 886 4862 ,
917 4798 1101 4854 omnia
1129 4799 1346 4853 demum
1378 4801 1668 4870 simplicia.
1702 4801 1777 4856 De
1804 4802 1986 4855 anima

408 4905 542 4945 vero
563 4889 681 4944 haec
703 4890 941 4945 dicimus
972 4908 987 4944 :
1013 4894 1157 4960 quod
1182 4890 1394 4946 scilicet
1419 4892 1475 4946 in
1503 4892 1596 4946 illa
1619 4893 1729 4946 sint
1747 4893 1985 4962 quinque

411 4984 735 5053 passiones;
760 4998 883 5053 qua:
912 4983 1202 5053 passiones
1232 4982 1499 5038 animales
1525 4990 1812 5039 vocantur.
1848 4981 1987 5037 Sunt

409 5085 591 5129 autem
622 5076 767 5130 illae:
799 5076 884 5128 [ra
904 5116 918 5138 ,
950 5075 1180 5129 tristitia
1203 5114 1219 5138 ,
1246 5075 1434 5140 timor,
1460 5074 1810 5141 sollicitudo,
1844 5073 1987 5129 invi-

2086 3881 2323 3954 δέχεται,
2347 3884 2442 3937 καὶ
2473 3884 2732 3951 διάλυσιν,
2770 3884 2867 3939 καὶ
2910 3886 3250 3955 ἀφανίζεται.
3287 3886 3389 3941 Διὰ
3415 3887 3579 3941 τοῦτο
3604 3887 3674 3941 τὰ

2089 3970 2341 4043 σώματα,
2374 3974 2470 4028 καὶ
2499 3973 2822 4046 ἀνθρώπων,
2854 3977 2945 4028 καὶ
2978 3974 3153 4042 ζώων,
3171 3974 3458 4048 εὔφθαρτά
3492 3995 3556 4030 τε
3578 3978 3672 4031 καὶ

2087 4061 2322 4136 εῠθνητα
2364 4066 2743 4137 τυγχάνουσιν,
2780 4068 2845 4120 ὲκ
2899 4067 3181 4139 τεσσάρων
3226 4069 3511 4137 στοιχείων
3546 4086 3672 4123 συνο

2089 4157 2377 4227 ιστάμενα,
2418 4157 2563 4226 λέγω
2608 4158 2695 4228 δὴ,
2726 4160 2851 4230 γῆς,
2882 4158 3056 4231 ἡλίου,
3090 4158 3303 4222 ὓδατος,
3346 4160 3442 4213 καὶ
3484 4161 3673 4232 ἀέρος,

2086 4250 2181 4303 καὶ
2212 4251 2351 4304 αὐτὰ
2371 4251 2471 4304 οὐκ
2497 4251 2768 4323 ἀγήρατα,
2792 4252 2891 4305 οὐκ
2913 4253 3203 4322 ἀμάραντα
3231 4253 3308 4315 ὡς
3336 4252 3405 4306 τὰ
3438 4250 3675 4323 σώματα

2090 4343 2259 4413 μένει,
2283 4342 2419 4397 ἀλλὰ
2448 4343 2669 4415 θνήσκει
2695 4343 2838 4398 καθὰ
2858 4342 3035 4397 καὶτὰ
3061 4343 3312 4415 σώματα,
3331 4344 3673 4415 ποιηθέντων

2087 4434 2305 4488 πάντων
2340 4436 2607 4506 σωμάτων
2640 4437 2706 4490 ἐκ
2729 4436 2854 4506 γῆς.
2877 4436 2958 4490 Τὰ
2988 4437 3044 4490 δὲ
3088 4437 3237 4490 ἁπλᾶ
3264 4436 3362 4491 καὶ
3391 4436 3674 4490 ἀσύνθετα

2086 4526 2193 4580 τῶν
2209 4524 2562 4598 ’πραγμάτων
2604 4527 2918 4599 εὐδιάμονα,
2957 4530 3052 4582 καὶ
3082 4528 3187 4591 ἕως
3219 4531 3319 4598 τῆς
3353 4527 3673 4590 συντελείας

2088 4620 2401 4675 ἀκατάλυτα
2430 4618 2611 4689 μένει·
2636 4618 2747 4673 οἷον
2774 4622 2802 4674 ὁ
2830 4621 2999 4691 ἥλιος,
3023 4619 3168 4691 ψυχὴ
3196 4618 3514 4691 ἀνθρώπου,
3533 4619 3673 4689 φῶς,

2089 4711 2393 4781 φωστῆρες,
2422 4711 2551 4783 ἀὴρ,
2580 4708 2768 4775 ὕδατα,
2805 4711 2937 4782 πῦρ,
2971 4710 3214 4780 πνεῦμα,
3244 4710 3341 4763 καὶ
3380 4710 3564 4763 πάντα
3605 4710 3675 4763 τὰ

2088 4803 2254 4865 ἁπλᾶ,
2286 4803 2380 4856 κα)⁵
2410 4805 2467 4856 ὲν
2498 4802 2623 4873 ἰδίᾳ.
2639 4803 2776 4874 Περὶ⁸
2802 4802 2859 4855 δὲ
2879 4802 3056 4871 ψυχῆς
3084 4801 3315 4871 λέγομεν
3343 4798 3523 4863 οὕτως
3542 4816 3557 4828 ·
3591 4802 3673 4854 ὅτι

2086 4893 2195 4947 εἰσὶ
2246 4892 2406 4945 πέντε
2437 4892 2582 4963 πάθη
2623 4895 2681 4945 ὲν
2721 4892 2888 4962 αὐτῇ,
2940 4891 3099 4945 ἆτινα
3136 4890 3345 4961 ψυχικὰ
3386 4891 3539 4963 πάθη
3574 4909 3676 4946 κα·-

2086 4984 2320 5037 λοῦνται.
2347 4982 2467 5036 Εἰσὶ
2496 4983 2554 5035 δὲ
2594 4982 2766 5035 ταῦτα
2785 4999 2797 5012 ·
2822 4982 2980 5054 ὀργὴ,
3011 4981 3179 5051 λύπη.
3208 4980 3393 5050 φόϐος,
3423 4983 3673 5053 φροντὶς,

2088 5078 2181 5130 καὶ
2231 5075 2441 5144 φθόνος.
2476 5075 2535 5128 Ὀ
2593 5068 2687 5127 οὖν
2743 5074 3003 5145 φρόνιμον
3044 5071 3184 5143 ἔχων
3219 5073 3311 5127 τὸν
3368 5074 3674 5144 λογισμὸν,

409 5172 520 5226 dia.
540 5170 644 5237 Qui
667 5185 799 5226 vero
824 5170 1005 5241 sagaci
1025 5171 1328 5225 instructus
1344 5179 1427 5225 est
1443 5169 1789 5241 cogitatione,
1808 5168 1978 5223 omni-

2089 5167 2310 5220 δύναται
2343 5166 2522 5219 πάντα
2571 5169 2816 5239 κρατεῖν.
2852 5167 2919 5219 Ἠ
2967 5166 3025 5220 δὲ
3074 5166 3221 5237 ψυχὴ
3262 5166 3506 5238 ὑπάρχει
3549 5167 3675 5222 καθ’

407 5266 512 5317 bus
551 5271 729 5333 potest
766 5263 1054 5333 imperare.
1096 5262 1292 5316 Anima
1351 5277 1518 5325 vero,
1561 5260 1866 5316 secundum
1923 5274 1978 5314 se

2090 5261 2308 5331 ἑαυτῆς,
2330 5258 2405 5322 ὡς
2435 5257 2546 5331 πῦρ
2584 5261 2892 5330 καιόμενον.
2920 5261 3130 5329 Ὥσπερ
3150 5260 3209 5312 τὺ
3238 5259 3353 5332 πῦρ
3380 5259 3452 5313 τὰ
3482 5259 3675 5330 βαλλό-

408 5357 624 5411 exsistit
652 5357 811 5426 quasi
839 5357 981 5427 ignis
1008 5355 1229 5412 ardens.
1249 5355 1718 5421 Quemadmodum
1746 5354 1889 5424 ignis
1917 5367 1978 5406 ea

2095 5368 2229 5422 μενα
2283 5353 2381 5414 εἰς’
2417 5351 2511 5403 τὸν
2549 5350 2752 5421 λέϐητα
2799 5349 2941 5420 ἕψει,
2987 5349 3131 5403 οὓτω
3180 5351 3276 5403 καὶ
3317 5352 3353 5422 ἡ
3414 5350 3676 5423 πυρώδης

408 5462 531 5515 qua:
559 5448 613 5499 in
643 5448 872 5501 lebetem
904 5447 1275 5514 conjiciuntur
1295 5447 1627 5514 concoquit;
1650 5445 1724 5498 ita
1746 5454 1799 5499 et
1828 5445 1978 5513 ignea

2089 5442 2232 5513 ψυχὴ
2281 5441 2349 5494 τὰ
2389 5442 2869 5512 παραπεμπόμενα
2908 5445 3027 5495 σῖτα
3066 5445 3132 5513 τῇ
3166 5441 3346 5513 κοιλίᾳ.
3377 5441 3676 5505 λεπτύνει,

410 5540 592 5590 anima
649 5538 803 5591 cibos
850 5540 904 5591 in
951 5545 1195 5591 ventrem
1236 5537 1516 5591 immissos
1560 5534 1883 5590 comminuit
1928 5540 1978 5588 et

2091 5534 2183 5587 καὶ
2210 5533 2442 5603 δαπανᾷ.
2468 5531 2586 5585 Κᾶν
2609 5533 2666 5586 δὲ
2688 5533 2832 5604 ψυχὴ
2861 5533 3100 5602 λέγεται,
3128 5533 3190 5586 οὐ
3229 5533 3453 5601 λέγεται
3492 5533 3587 5587 διὰ
3616 5535 3679 5587 τὴ

409 5631 705 5685 consumit.
741 5631 965 5687 Etiamsi
995 5648 1157 5702 porro
1183 5633 1327 5703 ψυχή
1363 5648 1458 5687 seu
1492 5633 1671 5684 anima
1701 5643 1978 5697 nuneupa-

2089 5625 2261 5688 οὕτως
2289 5621 2427 5678 εἶναι
2457 5623 2668 5695 ψυχρὰν
2700 5625 2798 5693 τὴν
2820 5624 3028 5688 οὐσίαν,
3064 5624 3141 5689 ὥς
3160 5642 3307 5688 τινες
3328 5624 3439 5679 τῶν
3468 5625 3679 5679 ἁπλου-

413 5730 522 5783 tur,
550 5738 658 5777 non
689 5722 763 5776 ita
786 5730 967 5779 tamen
995 5735 1243 5792 vocatur,
1273 5724 1418 5794 quod
1447 5725 1518 5781 sit
1548 5720 1731 5794 ψυχρά
1757 5735 1850 5777 seu
1886 5718 1978 5787 [νί-

2095 5716 2299 5789 στέρων
2344 5715 2655 5785 διενόησαν·
2703 5714 2840 5770 ἀλλὰ
2879 5714 2966 5771 διὰ
3007 5716 3066 5771 τὸ
3111 5718 3176 5773 ἐκ
3222 5715 3433 5782 πολλῆς
3477 5717 3679 5773 Oeam?-
