3860 6220
134 356 274 409 M33

1092 357 1159 414 IN
1197 359 1449 418 LIBROS
1486 362 1576 419 DE
1608 363 1983 425 TRINITATE
2015 372 2434 441 ΑΒΜΟΝΙΤΙΟ.ι

3251 373 3392 431 1451

130 490 294 544 τητος
322 472 704 546 ἀναξηραίνειν
741 474 912 547 αὐτὴν
940 476 1010 530 τὰ
1047 478 1212 552 ὑγρὰ,
1245 483 1322 546 ὡς
1355 482 1469 539 ἔστι
1506 485 1710 556 πληρο-
1737 541 1742 550 ί

1811 490 1936 561 gida
1955 532 1973 556 ,
2004 503 2063 549 ut
2085 511 2153 549 ex
2181 495 2613 567 simplicioribus
2635 496 2858 567 quidam
2882 497 3261 563 arbitrantur;
3293 497 3391 553 sed

133 565 458 637 φορηθῆναι,
482 568 575 620 καὶ
614 571 678 621 ὲκ
706 569 805 639 τῆς
844 570 1126 641 ἐνεργείας
1153 573 1248 626 τοῦ
1276 575 1429 644 ἡλίου
1455 593 1469 607 ·
1494 575 1568 630 ὢν
1606 578 1715 650 γὰρ

133 657 411 729 πυρώδης,
447 660 542 713 καὶ
589 660 873 734 θερμώδης
905 662 1075 733 πηλὸν
1115 662 1381 735 ξηραίνει,
1424 670 1517 722 καὶ
1575 670 1714 724 πάν-

131 766 307 821 υγραν
353 751 638 820 ἀνιμᾶται.
682 752 804 803 Ὀτι
841 750 964 823 aeq
1009 752 1155 825 ψυχὴ
1203 754 1378 828 θερμή
1422 759 1541 811 ἐστι
1573 759 1716 813 κατὰ

132 839 313 909 φύσιν,
347 841 531 895 πείθου
576 842 864 914 τοιγαροῦν
896 845 960 896 ὲκ
1001 844 1109 896 τῶν
1154 847 1640 920 ἀποθνησκόντων*
1678 846 1713 923 ᾖ

128 932 242 1005 γὰρ
269 934 388 1005 ὥρᾳ
431 936 463 1005 ἡ
500 934 644 1006 ψυχὴ
680 934 944 1007 χωρίσθη⁶
974 935 1081 989 ἀπὸ
1108 937 1200 991 τοῦ
1241 938 1511 1010 σώματος,
1536 943 1714 997 πάντα

132 1024 202 1078 τὰ
236 1024 369 1096 μέλη
408 1026 749 1096 εὑρίσκονται
798 1025 1203 1097 κρυσταλλώδη,
1238 1029 1331 1081 καὶ
1364 1029 1515 1083 οὐδὲν
1552 1025 1713 1101 ἦττον

131 1116 329 1179 πάθοις
352 1117 652 1188 χειμερίου.
684 1117 829 1180 Ἕως
871 1117 977 1188 γὰρ
1002 1117 1113 1188 ἔχει
1142 1121 1175 1190 ἡ
1206 1119 1349 1191 ψυχὴ
1382 1121 1483 1192 τὴν
1509 1122 1714 1194 τροφὴν

129 1211 214 1273 είς
240 1208 522 1278 ἀφθονίαν,
538 1209 600 1262 τὸ
627 1208 786 1280 σῶμα
807 1208 1009 1271 θάλλει,
1032 1210 1125 1264 καὶ
1150 1210 1455 1265 ἀνδαίνεται
1474 1229 1487 1243 ⁸
1510 1213 1713 1267 ὁπόταν

127 1301 187 1354 δὲ
220 1301 471 1372 ἀπορήσῃ
508 1300 716 1364 σιτίων,
744 1300 876 1353 αὐτὸ
914 1300 977 1353 τὸ
1020 1300 1179 1370 σῶμα
1208 1302 1327 1355 ἀντὶ
1357 1304 1564 1374 τροφῆς
1592 1305 1715 1358 ἀντ-

128 1392 249 1463 έχει
282 1392 420 1464 πρὸς
471 1392 571 1461 τὴν
608 1391 920 1463 θερμότητα
960 1395 1060 1464 τῆς
1108 1393 1309 1463 ψυχῆς.
1335 1395 1545 1467 Ὠσπερ
1589 1394 1713 1450 οὕτε

125 1484 349 1552 ἀγγεῖον
374 1482 629 1553 χαλκοῦν,
648 1484 765 1553 ἦτοι
798 1482 963 1554 λέϐης
986 1484 1079 1536 ἐπὶ
1101 1483 1379 1551 κλιϐάνου,
1405 1486 1464 1539 οὐ
1495 1486 1712 1542 δύναται

124 1574 259 1629 ἄνευ
290 1573 475 1638 ὓδατος
499 1574 684 1646 φέρειν
706 1574 802 1646 τὴν
827 1576 1160 1649 σφοδρότητα
1182 1577 1274 1632 τοῦ
1299 1579 1490 1652 πυρὸς,
1510 1581 1715 1653 ἐκφρό-

124 1681 284 1733 γεται
300 1664 409 1736 γὰρ
438 1665 532 1718 καὶ
551 1664 822 1719 διαλύεται
847 1665 1049 1719 τέλειον
1068 1684 1081 1697 ·
1118 1666 1260 1722 οὕτω
1282 1670 1374 1722 καὶ
1390 1671 1419 1723 ό
1433 1670 1596 1742 λέϐης
1615 1670 1710 1725 τοῦ

126 1752 404 1825 σώματος,
442 1755 515 1825 μὴ
549 1753 686 1824 ἔχων
724 1754 822 1826 τὴν
856 1756 1085 1825 τροφὴν,
1111 1757 1261 1827 παρὰ
1296 1757 1398 1829 τῆς
1429 1759 1710 1831 πυρώδους

1816 583 1945 651 quia
1998 586 2337 642 vehementia
2384 588 2588 645 caloris
2637 589 2861 645 humida
2904 591 3172 657 exsiccat,
3218 599 3281 646 ut
3318 606 3389 647 ex

1816 678 1950 732 solis
1981 677 2034 731 vi
2061 687 2117 734 et
2146 678 2385 734 efﬁcacia
2439 688 2777 751 compertum
2813 689 2899 737 est
2927 702 2940 738 :
2977 698 3100 737 cum
3135 683 3209 738 sit
3241 683 3390 737 enim

1814 767 2006 836 igneus
2049 769 2407 841 calidusque,
2453 773 2626 826 lutum
2657 773 2930 834 exsiccat.
2964 780 3018 829 et
3036 768 3391 830 bumiditatis

1813 859 2033 927 plenum
2063 861 2345 931 quodlibet
2374 862 2430 916 in
2459 863 2830 919 exhalationes
2859 865 3039 920 solvit.
3084 864 3240 931 Quod
3289 879 3390 918 au-

1815 958 1922 1004 tem
1956 950 2137 1004 anima
2167 951 2240 1006 sit
2270 959 2464 1006 natura
2501 967 2599 1007 sua
2633 954 2811 1010 calida
2838 972 2853 1021 ;
2888 954 2942 1009 id
2975 970 3109 1011 sane
3136 963 3388 1011 mortuo-

1814 1055 1933 1093 rum
1963 1042 2272 1111 exemplum
2319 1042 2412 1097 tibi
2454 1043 2815 1113 persuadeat:
2846 1059 2954 1114 qua
2982 1046 3127 1100 enim
3177 1044 3309 1100 hora
3357 1058 3391 1099 a

1813 1146 2041 1201 corpore
2086 1134 2269 1187 anima
2314 1142 2568 1204 separata
2597 1141 2720 1199 est,
2752 1136 2934 1190 omnia
2962 1136 3208 1192 membra
3250 1152 3387 1193 con-

1814 1223 1988 1291 gelata
2040 1222 2523 1294 deprehenduntur
2550 1244 2583 1294 ;.
2620 1226 2794 1281 nihilo
2834 1229 3018 1284 minus
3062 1243 3224 1298 quam
3262 1227 3389 1298 quis

1814 1316 1990 1370 hieme
2014 1317 2271 1386 patiatur.
2295 1316 2551 1383 Quandiu
2578 1318 2723 1373 enim
2751 1320 2931 1373 anima
2959 1320 3140 1375 cibum
3170 1321 3391 1391 copiose

1813 1405 2043 1475 recipit,
2074 1406 2221 1477 viget
2251 1423 2451 1477 corpus
2476 1423 2541 1462 ac
2569 1417 2822 1479 vegetum
2852 1421 2932 1464 est
2960 1428 2975 1477 ;
3009 1410 3101 1464 ubi
3130 1426 3260 1465 vero
3291 1411 3392 1466 ali-

1813 1506 1996 1553 mento
2025 1499 2289 1567 privatur,
2318 1500 2495 1570 ipsqu
2524 1515 2729 1570 corpus
2753 1502 2862 1555 cibi
2895 1502 3014 1555 loco
3039 1502 3258 1556 obsistit
3283 1502 3394 1556 ani-

1812 1605 1914 1644 mae
1942 1590 2133 1645 calori.
2167 1588 2638 1655 Quemadmodum
2670 1607 2768 1646 vas
2809 1607 3019 1646 mneum
3042 1630 3060 1657 ,
3102 1608 3197 1648 seu
3242 1593 3392 1648 lebes

1812 1680 1867 1734 in
1899 1680 2119 1736 clibano
2143 1722 2158 1749 ,
2195 1697 2306 1736 non
2338 1689 2519 1752 potest
2550 1682 2669 1737 sine
2700 1697 2840 1753 aqua
2873 1682 3017 1739 ferre
3060 1684 3205 1753 ignis
3227 1684 3392 1739 vehe-

1812 1770 2106 1835 mentiam;
2135 1778 2376 1825 torretur
2398 1770 2545 1825 enim
2577 1785 2641 1825 ac
2666 1786 2895 1840 prorsus
2916 1769 3274 1837 dissolvitur;
3299 1787 3393 1828 eo-

123 1844 306 1916 ψυχῆς
334 1845 799 1917 ὐπολικμούμενος
824 1847 1177 1901 ἀπολείπεται
1208 1850 1573 1905 παντάπασιν.
1612 1853 1709 1904 ’Ἂν

1811 1859 1933 1915 dem
1961 1877 2180 1931 quoque
2211 1864 2374 1918 modo
2394 1864 2643 1934 corporis
2665 1864 2837 1927 lebes,
2862 1864 2909 1919 si
2929 1871 3078 1919 caret
3108 1864 3390 1926 alimento,

126 1938 292 2011 θέλῃς
323 1939 614 2010 δοκιμάσαι
651 1939 842 2010 μαθεῖν
869 1940 1018 2011 παρά
1044 1957 1212 2002 τινος,
1239 1941 1358 2005 πῶς
1383 1928 1652 1996 διάκειται
1675 1943 1709 2013 ἡ

122 2030 272 2102 ψυχὴ
303 2032 361 2084 ὲν
406 2028 485 2102 τῷ
523 2030 757 2102 σώματι,
790 2030 1067 2103 ἐρώτησον
1104 2033 1290 2085 αὐτόν⁵
1340 2033 1473 2086 Εἰπέ
1508 2052 1618 2103 μοι,
1652 2036 1710 2088 ὲν

122 2122 234 2193 ὅλῳ
270 2121 349 2193 τῷ
379 2121 590 2192 σώματι
619 2125 865 2176 κατοικεῖ
888 2125 921 2193 ἡ
948 2122 1096 2193 ψυχὴ
1121 2122 1215 2177 τοῦ
1248 2124 1557 2195 ἀνθρώπου,
1587 2124 1620 2196 ἦ
1651 2125 1709 2178 ὲν

123 2215 211 2268 ἐνὶ
244 2214 428 2284 τόπῳ;
459 2214 570 2267 Καὶ
600 2213 695 2267 ἐὰν
728 2212 858 2285 εἴπῃ
893 2230 976 2267 σοι
1009 2215 1091 2267 ὃτι
1130 2215 1188 2266 ἐν
1228 2215 1333 2285 ὅλῳ
1360 2216 1437 2285 τῷ
1476 2214 1707 2287 σώματι,

126 2305 254 2357 εἰπὲ
283 2304 462 2375 αὐτῷ·
491 2305 603 2357 Καὶ
634 2304 751 2367 πῶς
770 2303 1029 2374 τέμνουσι
1057 2305 1157 2375 τὴν
1185 2308 1363 2377 χεῖρα,
1395 2306 1427 2377 ἢ
1460 2306 1550 2359 τὸν
1573 2307 1711 2361 πόδα

122 2397 223 2450 τοῦ
256 2397 566 2468 ἀνθρώπου,
594 2398 689 2451 καὶ
730 2400 791 2452 οὐ
824 2400 1144 2472 κόπτεταιὴ
1181 2401 1345 2472 ψυχὴ,
1384 2401 1519 2456 ἀλλὰ
1550 2403 1709 2456 πάλιν

126 2489 196 2560 ζῇ
231 2491 260 2543 ὁ
291 2489 575 2560 ἄνθρωπος
613 2491 707 2543 καὶ
738 2489 839 2542 οὐκ
870 2490 1236 2563 ἀποθνήσκει;
1272 2495 1335 2546 Ei
1361 2493 1417 2546 δὲ
1448 2495 1573 2566 είπῃ
1604 2511 1709 2562 σοι,

120 2582 210 2634 ὅτι
242 2583 300 2634 ὲν
325 2581 405 2633 ἐνὶ
427 2581 597 2651 τόπῳ,
621 2580 742 2633 εἰπὲ
768 2581 915 2652 αὐτῷ
942 2583 1045 2645 ὅτι,
1076 2583 1186 2636 Καὶ
1219 2583 1337 2647 πῶς
1355 2587 1461 2638 εἰσι
1485 2586 1552 2640 τὰ
1574 2586 1710 2641 ἄλλα

125 2670 265 2741 μέλη
291 2669 386 2722 τοῦ
411 2669 697 2740 ἀνθρώπου
725 2670 892 2742 χωρὶς
916 2670 1092 2742 ψυχῆς
1108 2687 1122 2737 ;
1138 2673 1253 2725 Πᾶν
1272 2672 1381 2745 γὰρ
1404 2673 1465 2726 τὸ
1493 2675 1566 2745 μὴ
1588 2673 1709 2745 ἔχον

118 2760 303 2832 ψυχὴν
335 2761 526 2832 νεκρόν
557 2763 703 2825 ἐστι,
744 2761 837 2814 καὶ
867 2762 967 2814 οὐκ
997 2758 1115 2817 οἴδα
1152 2762 1208 2815 τί
1247 2763 1444 2833 λέγεις.
1484 2764 1623 2834 Ἐγὼ
1652 2765 1710 2819 δὲ

123 2850 271 2905 εἴπω
304 2868 386 2904 σοι
432 2853 491 2904 ὲν
539 2852 678 2923 ποίῳ
717 2852 889 2924 τόπῳ,
925 2852 1021 2906 καὶ
1052 2852 1191 2925 ποίῳ
1217 2855 1424 2926 τρόπῳ,
1470 2856 1565 2909 καὶ
1603 2855 1707 2910 ποῦ

1809 1952 1881 2005 ab
1908 1951 2066 2021 ignea
2096 1951 2279 2005 anima
2309 1967 2539 2023 prorsus
2568 1951 2877 2009 labefactus
2921 1954 3146 2007 omnino
3190 1953 3389 2007 deﬁcit.

1811 2039 1869 2095 Si
1897 2043 2092 2111 cupias
2116 2042 2185 2096 ab
2208 2043 2393 2112 aliquo
2421 2042 2667 2099 ediscere
2693 2044 2786 2114 qui
2812 2059 2871 2098 se
2898 2043 3095 2099 habeat
3123 2045 3303 2098 anima
3333 2044 3390 2099 in

1808 2147 2069 2203 corpore,
2100 2133 2181 2190 sic
2207 2134 2545 2205 interrogato
2576 2136 2750 2189 illum.
2779 2135 2873 2191 Dic
2900 2136 3032 2190 mihi
3053 2176 3069 2202 ,
3112 2137 3167 2191 in
3205 2144 3394 2192 totone

1809 2236 2043 2292 corpore
2072 2223 2285 2279 habitat
2316 2225 2495 2279 anima
2527 2225 2768 2281 hominis
2787 2265 2803 2290 ,
2834 2241 2904 2279 an
2931 2226 3116 2297 aliquo
3142 2226 3197 2281 in
3226 2227 3347 2280 loco
3367 2225 3393 2279 ?

1809 2311 1966 2378 Quod
1998 2315 2044 2368 si
2078 2313 2279 2369 dixerit
2308 2316 2405 2369 tibi
2443 2335 2455 2370 :
2491 2317 2549 2370 ln
2597 2325 2711 2371 toto
2741 2331 3007 2386 corpore,
3041 2316 3131 2371 dic
3168 2316 3242 2369 illi
3272 2334 3286 2370 :
3319 2316 3389 2371 Et

1809 2405 1901 2475 qui
1947 2405 2040 2471 ﬁt,
2079 2414 2139 2460 ut
2178 2407 2425 2463 abscissa
2472 2423 2636 2462 manu
2675 2408 2760 2462 vel
2808 2408 2943 2478 pede
2971 2408 3245 2472 hominis,
3278 2422 3390 2462 non

1809 2506 2025 2555 secetur
2055 2501 2236 2553 anima
2255 2541 2270 2565 ,
2302 2499 2397 2555 sed
2426 2500 2606 2555 adhuc
2634 2500 2799 2555 homo
2826 2501 3004 2561 vivat.
3037 2515 3139 2555 nec
3179 2500 3390 2554 moria-

1808 2592 1938 2648 tur?
1970 2591 2067 2646 Sin
2098 2592 2298 2647 dixerit
2343 2592 2487 2646 tibi:
2540 2592 2601 2645 ln
2649 2607 2763 2647 uno
2802 2592 2967 2659 loco;
3016 2607 3219 2662 repone
3265 2592 3386 2647 illi:

1808 2684 2093 2751 Quomodo
2146 2700 2278 2756 ergo
2329 2684 2643 2740 subsistunt
2697 2685 2804 2738 alia
2858 2684 3043 2739 omnia
3095 2683 3391 2739 membra?

1808 2775 2084 2847 Quidquid
2110 2777 2254 2831 enim
2283 2777 2464 2830 anima
2492 2782 2676 2840 caret,
2705 2783 2978 2830 mortuum
3004 2782 3124 2842 est,
3152 2790 3253 2831 nec
3276 2778 3392 2831 scio

1807 2865 1937 2935 quid
1986 2866 2171 2922 dicere
2201 2866 2360 2923 velis.
2396 2866 2509 2938 Ego
2539 2874 2720 2922 autem
2753 2866 2878 2921 dico
2907 2865 3040 2931 tibi,
3090 2882 3200 2935 quo
3229 2866 3391 2932 loco,

122 2945 525 3017 ἀναπαύεταιή
555 2946 700 3017 ψυχή
721 2963 735 2977 ·
771 2948 829 3001 ὲν
871 2946 1020 3017 τρισὶ
1048 2947 1236 3011 τόποις
1273 2948 1589 3017 ἀναγκαίοις
1611 2948 1706 3004 τοῦ

1811 2973 1915 3027 qua
1945 2958 2157 3013 ratione
2176 2998 2192 3020 ,
2227 2965 2283 3013 et
2310 2957 2403 3014 ubi
2434 2959 2743 3028 requiescat
2768 2957 2948 3011 anima
2980 2976 2992 3011 :
3021 2957 3194 3014 tribus
3221 2957 3277 3013 in
3307 2959 3392 3013 lo-

123 3037 381 3108 σώματός
417 3039 565 3091 ἐστιν
606 3038 959 3111 ὲνιδρυμένηο
990 3040 1087 3093 καὶ
1124 3039 1373 3114 ὥσπερὴ
1420 3040 1578 3106 ἀκτὶς
1608 3040 1704 3097 τοῦ

1811 3050 1888 3107 eis
1916 3050 2166 3121 corporis
2196 3051 2351 3104 ﬁrma
2381 3050 2638 3106 consistit
2663 3066 2678 3116 ;
2710 3063 2774 3103 ac
2805 3049 3264 3119 quemadmodum
3297 3064 3388 3103 ra-

121 3129 281 3199 ἡλίου
305 3130 392 3182 ἀεὶ⁸
420 3129 519 3184 ἕνα
545 3130 706 3184 τόπον
729 3134 915 3233 χωρεῖ,
947 3134 1042 3187 καὶ
1074 3133 1377 3206 εἰσέρχεται
1408 3134 1499 3189 τὸν
1533 3131 1704 3204 οἷκον,
1733 3183 1742 3228 ⁴

1811 3139 1933 3196 dius
1959 3140 2094 3195 solis
2124 3140 2181 3194 in
2210 3154 2378 3194 unum
2418 3155 2633 3208 semper
2673 3139 2871 3194 domus
2914 3139 3091 3193 locum
3138 3139 3393 3194 concedit
3436 3166 3445 3171 -

122 3222 352 3293 φωτίζει
383 3223 441 3277 δὲ
488 3223 667 3278 πάντα
713 3224 803 3279 τὸν
840 3221 1019 3289 οἷκον,
1055 3225 1198 3280 οὕτω
1240 3226 1337 3279 καὶ
1374 3227 1407 3297 ή
1459 3225 1606 3300 ψυχὴ
1646 3228 1705 3281 ὲν
1737 3221 1742 3228 ’

1811 3240 1865 3284 et
1902 3228 2226 3300 ingreditur,
2272 3228 2659 3299 illuminatque
2699 3235 2871 3283 totam
2916 3228 3180 3292 domum;
3226 3228 3299 3281 ita
3335 3235 3393 3282 et

119 3314 276 3382 τρισὶ
301 3313 486 3377 τόποις
536 3314 632 3369 τοῦ
680 3314 932 3388 σώματος
972 3316 1304 3371 κατοικοῦσα
1347 3316 1571 3387 φωτίζει
1613 3318 1706 3373 τὸν

1811 3321 1991 3375 anima
2016 3320 2195 3375 tribus
2221 3320 2279 3375 in
2309 3320 2447 3376 locis
2475 3321 2725 3390 corporis
2756 3318 3014 3373 habitans
3034 3358 3049 3383 ,
3079 3326 3248 3373 totam
3273 3332 3393 3372 cor-

118 3401 275 3458 οἷκον
302 3405 422 3458 ὅλον
448 3404 544 3459 τοῦ
588 3406 861 3477 σώματος.
894 3408 1157 3460 Κατοικεῖ
1186 3406 1244 3459 δὲ
1284 3408 1343 3461 ὲν
1385 3411 1451 3480 τῇ
1482 3406 1701 3480 καρδίᾳ,

1811 3414 1959 3484 poris
1987 3413 2208 3469 domum
2230 3414 2535 3469 collustrat.
2565 3411 2785 3466 Habitat
2814 3428 2980 3483 porro
3012 3412 3068 3467 in
3098 3410 3264 3465 corde
3283 3450 3300 3475 ,
3330 3410 3390 3465 in

120 3498 205 3568 τῷ
233 3497 458 3551 ὄπισθεν
484 3497 640 3569 μέρει
668 3499 766 3568 τῆς
794 3498 1061 3569 κεφαλῆς,
1099 3498 1236 3569 ὅπερ
1261 3498 1486 3553 κότυλον
1511 3498 1707 3571 ὀνομά-

1811 3506 2112 3575 posteriore
2139 3505 2337 3576 capitis
2369 3512 2561 3575 parte,
2593 3519 2754 3574 quam
2798 3504 3038 3575 cotylum
3070 3510 3301 3568 vocant,
3334 3507 3389 3556 et

123 3589 304 3653 ζουσι,
355 3591 449 3643 καὶ
479 3592 537 3643 ὲν
575 3592 695 3653 ταῖς
727 3590 1036 3661 βασιλικαῖς
1090 3590 1334 3660 φλέὸαις.
1371 3592 1459 3645 Ἐν
1491 3590 1702 3656 τούτοις

1811 3596 1860 3650 in
1894 3595 2137 3651 basilicis
2168 3611 2262 3651 seu
2291 3596 2455 3666 regiis
2480 3595 2655 3649 venis.
2687 3593 2745 3648 In
2768 3595 2919 3650 hisce
2941 3594 3116 3648 tribus
3141 3591 3391 3662 partibus

122 3684 243 3745 τοῖς
272 3682 423 3753 τρισὶ
453 3682 647 3753 μέρεσι
679 3684 925 3735 κατοικεῖ
948 3685 980 3753 ἠ
1007 3681 1174 3753 ψυχή.
1207 3683 1304 3735 Διὰ
1334 3681 1493 3736 τοῦτο
1584 3682 1704 3756 ὥρᾳ

1811 3684 2018 3739 habitat
2044 3684 2248 3739 anima.
2277 3682 2646 3750 Quamobrem
2678 3696 2785 3753 qua
2811 3684 2944 3737 hora
2969 3680 3276 3753 percutitur
3296 3694 3390 3735 ca-

125 3773 432 3847 κρουσθῇή
467 3773 699 3846 κεφαλὴ,
745 3775 777 3845 ἢ
810 3776 844 3846 ἡ
889 3774 1105 3846 καρδία.
1138 3774 1236 3846 ἢή
1282 3773 1534 3845 βασιλικὴ
1561 3775 1704 3846 φλὲψ

1811 3782 1937 3846 put,
1971 3783 2066 3828 aut
2095 3790 2212 3840 cor,
2246 3782 2341 3828 aut
2367 3791 2433 3830 ex
2468 3775 2696 3830 basilica
2724 3790 2862 3830 vena
2897 3782 3119 3830 emanat
3159 3772 3385 3843 copiose

122 3866 367 3940 ὲκρεύσῃ
387 3862 526 3938 αἷμα
546 3866 704 3933 πολὺ,
725 3866 818 3919 καὶ
835 3865 994 3930 εὐθὺς
1012 3867 1306 3938 χωρίζεται
1329 3865 1424 3919 τοῦ
1455 3865 1709 3936 σώματος

1814 3868 2040 3938 sanguis
2056 3907 2071 3931 ,
2096 3867 2284 3923 statim
2310 3881 2340 3920 a
2364 3882 2595 3937 corpore
2621 3867 2802 3921 anima
2825 3874 3130 3936 separatur,
3154 3880 3219 3919 ac
3240 3880 3388 3919 mor-

119 3960 158 4027 ή
188 3957 360 4030 ψυχὴ,
388 3958 482 4011 καὶ
500 3959 691 4029 νεκρὸν
727 3958 789 4013 τὸ
821 3958 979 4030 σῶμα
1006 3958 1340 4029 εὑρίσκεται.
1362 3955 1707 4012 Κατοικοῦσα

1812 3966 1965 4013 tuum
2000 3973 2201 4029 corpus
2228 3958 2527 4014 invenitur.
2553 3956 2750 4012 Anima
2776 3973 2940 4028 porro
2960 3958 3014 4011 in
3038 3957 3213 4011 tribus
3236 3956 3388 4011 hisce

117 4050 180 4103 δὲ
206 4052 239 4121 ἡ
262 4049 430 4121 ψυχὴ,
450 4053 507 4104 ὲν
534 4053 649 4114 τοῖς
678 4052 826 4123 τρισὶ
860 4050 1074 4122 μέρεσι,
1105 4050 1456 4120 μεταδίδωσιν
1492 4050 1599 4122 ὅλῳ
1620 4048 1701 4121 τῷ

1811 4049 2063 4119 partibus
2092 4048 2349 4104 habitans
2376 4051 2476 4103 toti
2502 4048 2719 4119 corpori
2753 4047 2989 4120 propria:
3014 4046 3234 4103 virtutis
3262 4047 3387 4102 illu-

121 4142 345 4215 σώματι
369 4145 468 4215 τῆς
509 4144 715 4207 οἰκείας
746 4144 1060 4214 φωτισμοὺς
1083 4140 1386 4212 δυνάμεως.

1811 4140 2133 4196 strationem
2164 4141 2470 4210 dispensat.

973 4439 1136 4512 530
1172 4438 1241 4494 1N
1278 4436 1532 4494 LIBROS
1568 4436 1658 4515 Dﬁl
1696 4434 2074 4492 TRINITATE
2112 4437 2517 4496 ADMONITIO.

191 4601 373 4660 Huita
407 4603 473 4657 de
508 4602 650 4656 hisce
687 4599 839 4655 libris
879 4605 1164 4652 occurrunt
1202 4592 1608 4663 investiganda:
1640 4608 1766 4646 nam
1805 4601 1866 4645 ut
1902 4592 2133 4647 incertus
2173 4601 2381 4659 auctor,
2422 4593 2499 4648 sic
2536 4594 2686 4649 varia
2722 4611 2902 4650 eorum
2939 4597 3142 4668 forma,
3175 4598 3387 4657 diversa

120 4694 337 4751 omnino
385 4693 553 4762 operis
604 4692 765 4746 totius
815 4688 1166 4744 distributio:
1218 4702 1309 4740 nec
1358 4685 1580 4739 minoris
1625 4692 1706 4739 est
1756 4699 1931 4754 opera:
1982 4686 2357 4756 primigenium
2405 4694 2455 4740 et
2506 4687 2744 4740 nativum
2792 4690 3068 4761 assignare
3103 4691 3387 4757 ordinem,

116 4803 283 4857 quam
318 4787 407 4855 qui
443 4787 511 4839 sit
549 4785 752 4855 antiqui
789 4783 1004 4852 hujusce
1040 4781 1195 4849 [cetus
1232 4789 1382 4850 pater
1436 4778 1697 4834 indicare.
1756 4777 1826 4832 In
1877 4781 2258 4851 manuscriptis
2298 4797 2429 4835 sane
2466 4780 2707 4835 omnibus
2732 4819 2749 4845 ,
2787 4789 2846 4834 ut
2881 4790 2932 4836 et
2969 4784 3024 4837 in
3060 4782 3217 4838 editis
3253 4798 3383 4853 quos

114 4878 378 4948 inspicere
416 4876 613 4941 licuit,
654 4892 786 4946 opus
825 4873 1124 4929 Athanasio
1164 4871 1474 4926 ascribitur.
1516 4871 1586 4925 At
1624 4888 1730 4925 non
1766 4887 1867 4940 par
1904 4870 2095 4941 ubique
2146 4871 2400 4927 librorum
2452 4887 2722 4926 numerus.
2776 4870 3074 4928 Discrimen
3121 4881 3286 4937 totum
3321 4884 3383 4929 ut

117 4974 309 5034 lectori
346 4973 683 5027 exhibeamus
709 5014 727 5041 ,
764 4972 856 5044 qui
893 4972 950 5025 in
987 4968 1367 5037 manuscriptis
1393 5009 1409 5035 ,
1447 4969 1638 5039 quique
1676 4969 1733 5022 in
1768 4969 1928 5023 editis
1968 4969 2040 5022 sit
2081 4969 2252 5036 operis
2292 4977 2466 5023 status
2491 5009 2507 5033 ,
2547 4983 2664 5038 qua:
2700 4965 2934 5021 conditio
2964 5005 2980 5030 ,
3010 4968 3131 5036 jam
3166 4982 3385 5021 enarre-

116 5083 263 5122 mus.
304 5063 373 5120 In
409 5066 767 5135 manuscripto
805 5064 982 5131 itaque
1020 5070 1201 5114 nostro
1235 5057 1684 5130 Sangermanensi
1710 5097 1726 5124 ,
1760 5075 1814 5113 η.
1854 5057 1981 5123 724,
2019 5069 2388 5114 sexcentarum
2417 5060 2632 5113 circiter
2664 5074 2946 5123 annorum,
2979 5056 3074 5111 hoc
3102 5058 3381 5123 praemisso

117 5156 282 5217 titulo
315 5171 332 5209 :
390 5154 589 5227 Incipit
642 5157 781 5211 liber
829 5158 1007 5212 sancti
1041 5156 1326 5212 Athanasii
1362 5155 1606 5226 episcOpi
1647 5154 1722 5211 De
1761 5164 1953 5213 sancta
1993 5157 2262 5213 Trinitate
2286 5196 2302 5221 ,
2342 5157 2483 5213 hisce
2520 5154 2689 5211 verbis
2728 5155 3009 5211 inchoatur
3036 5172 3057 5211 :
3096 5155 3180 5212 Tu
3231 5173 3377 5216 unus

116 5253 267 5310 Deus
303 5253 483 5315 Pater,
521 5262 576 5309 et
614 5254 931 5325 unigenitus
973 5256 1115 5311 Deus
1154 5253 1348 5317 Filius,
1392 5256 1534 5310 Deus
1577 5254 1818 5324 Spiritus
1859 5261 2108 5311 sanctus.
2148 5253 2322 5325 Atque
2359 5252 2444 5308 hic
2481 5263 2560 5309 est
2599 5254 2730 5308 liber
2765 5255 2988 5323 primus.

189 5349 276 5405 Ad
328 5350 520 5405 librum
569 5350 855 5405 secundum
894 5351 1005 5407 haec
1040 5360 1121 5406 est
1158 5351 1435 5420 inscriptio
1464 5365 1483 5404 :
1518 5349 1719 5420 Incipit
1755 5350 1897 5404 liber
1936 5349 2217 5406 secundus
2239 5389 2255 5415 ,
2298 5348 2375 5406 De
2409 5349 2648 5421 propriis
2691 5349 2944 5419 personis
2969 5388 2985 5414 ,
3022 5355 3080 5405 et
3116 5348 3184 5405 de
3218 5350 3376 5406 unito

115 5445 343 5503 nomine
379 5445 703 5502 divinitatis.
748 5445 945 5501 Postea
981 5446 1059 5500 sic
1095 5445 1374 5501 exordium
1414 5444 1616 5500 habet:
1658 5442 2046 5517 Interrogatio.
2085 5445 2245 5503 Nune
2282 5461 2381 5518 per
2434 5445 2651 5517 singula
2699 5446 2924 5503 nomina
2966 5464 3328 5521 personarum
3354 5491 3371 5519 ς

112 5554 178 5595 ιιι
216 5553 416 5592 nomen
453 5537 670 5593 deitatis
710 5539 850 5593 mihi
881 5556 1122 5612 exponas
1156 5541 1399 5612 postulo.
2746 5538 2751 5543 ’

186 5630 273 5689 Ad
306 5629 500 5686 librum
532 5632 782 5687 tertium:
814 5632 1010 5705 Incipit
1042 5636 1178 5691 liber
1208 5651 1291 5702 ιιι,
1326 5635 1402 5691 De
1429 5636 1802 5707 assumptione
1835 5636 2095 5693 hominis.
2129 5635 2297 5707 Cujus
2335 5636 2550 5692 initium
2572 5648 2593 5689 :
2615 5631 3083 5701 Quemadmodum
3114 5648 3225 5689 una
3257 5633 3376 5691 dei-

115 5737 232 5797 tate
254 5768 275 5793 ,
309 5728 668 5799 eamdemque
702 5744 867 5784 uuam
906 5729 1270 5799 mqualitatem
1310 5729 1592 5786 conﬁteris
1629 5728 1828 5786 Filium
1868 5746 2011 5787 esse.

192 5820 273 5876 Ad
300 5830 548 5893 quartum
578 5820 771 5876 librum
791 5837 807 5875 :
824 5820 1021 5893 Incipit
1047 5822 1184 5879 liber
1212 5828 1462 5894 quartus,
1483 5821 1558 5880 De
1581 5822 1817 5896 singulis
1849 5823 2186 5895 nominibus.
2218 5822 2480 5882 adversus
2508 5819 2778 5880 novellam
2799 5818 3045 5879 haeresim
3069 5816 3368 5877 Potentini.
