3860 6220
468 343 609 400 ms
1608 336 1667 394 S.
1709 332 2175 390 ATIIANASICS.
2210 362 2278 374 -—
2328 328 2602 387 SPURIA.
3590 316 3721 375 M36

462 458 634 529 Cujus
675 458 992 528 principium
1049 468 1127 511 est
1155 472 1173 510 :
1205 460 1401 514 Interr.
1459 455 1560 510 llic
1602 457 1713 526 jam
1760 454 1830 508 de
1867 453 2099 524 singulis
2134 451 2450 506 nominibus
2492 458 2661 518 atque
2699 444 2953 517 personis
3019 440 3318 498 idemidem
3363 438 3539 496 refers
3577 439 3724 495 mihi.

536 546 618 602 Ad
657 549 898 618 quintum
928 562 947 600 :
988 547 1184 616 Incipit
1222 547 1363 602 liber
1399 545 1647 615 quintus,
1674 542 1749 597 De
1788 544 1942 597 unita
1978 557 2044 595 ac
2082 542 2413 609 sempiterna
2453 538 2765 595 substantia
2803 535 3115 588 Trinitatis.
3160 532 3493 601 Principium
3531 531 3603 584 sic
3634 530 3730 585 Ito-

464 642 593 693 bet:
635 640 833 693 luterr.
876 638 975 692 llic
1014 636 1447 691 contradicentis
1486 647 1722 704 persona
1774 639 1860 687 est
1915 630 2407 684 Ariomanitarum.
2448 628 2562 683 Cur
2595 640 2881 681 connexus
2919 639 2980 677 es
3016 622 3452 692 sempiternum,
3489 632 3594 673 etc.

535 723 617 779 Ad
656 741 863 779 sextum
893 741 910 778 :
942 724 1132 795 Incipit
1166 726 1308 782 liber
1339 734 1552 787 sextus,
1584 723 1661 777 De
1690 721 2029 778 beatitudine
2061 722 2183 776 lidei
2209 760 2225 785 ,
2258 730 2314 776 et
2342 721 2759 793 praescriptione
2788 728 2952 773 seetse
2980 716 3255 786 pessinne.
3289 713 3461 785 Cujus
3492 713 3691 767 initium
3710 729 3729 765 :

468 820 740 894 Interrog.
783 822 961 879 Posco
1002 838 1030 875 a
1070 832 1123 876 te
1160 823 1229 878 de
1269 824 1426 878 unito
1462 826 1688 882 deitatis
1726 826 1956 881 nomine
1997 823 2300 880 multifarie
2341 824 2585 885 dictum,
2629 830 2687 876 ut
2726 818 3023 874 identidem
3063 822 3300 883 repetas.

546 917 630 970 Ad
670 918 952 986 septimum
982 916 1218 986 :lncipit
1247 917 1390 972 liber
1441 919 1732 987 septimus,
1784 916 1860 973 De
1909 915 2254 987 professione
2307 915 2533 987 Regulae
2586 912 2871 967 eatholicm
2917 924 3042 964 cum
3094 906 3475 976 increpatione
3523 904 3734 958 hatreti-

465 1025 681 1066 corum.
731 1007 898 1078 Cujus
948 1010 1199 1062 initium:
1246 1008 1480 1079 Propter
1529 1010 1679 1081 quod
1726 1010 2136 1081 impensissime
2180 1011 2413 1065 obsecro
2462 1020 2609 1063 tuam
2649 1005 3010 1061 sublimitatis
3049 1002 3313 1073 gloriam,
3353 1009 3415 1053 ut
3450 999 3669 1068 elonges
3703 1012 3733 1048 a

465 1107 727 1161 sensibus
775 1108 1004 1160 nostris.

539 1197 623 1251 Ad
661 1208 946 1253 octauum:
988 1198 1177 1269 Incipit
1212 1202 1353 1256 liber
1383 1183 1622 1257 betavus
1646 1241 1662 1266 ,
1703 1202 1781 1258 De
1820 1200 1971 1256 Fidei
2016 1200 2249 1256 unitate.
2294 1198 2465 1269 Cujus
2504 1197 2829 1268 principium
2866 1205 2989 1250 est:
3025 1189 3179 1246 Fidei
3229 1186 3396 1242 unius
3423 1182 3739 1241 substantia

465 1292 757 1348 Trinitatis
784 1333 798 1357 ,
837 1293 941 1347 hoc
978 1303 1063 1348 est
1088 1334 1103 1357 ,
1147 1295 1329 1352 Patris
1367 1303 1421 1351 et
1460 1295 1587 1351 Filii
1628 1304 1683 1351 et
1723 1297 1905 1350 sancti
1948 1296 2212 1366 Spiritus.

542 1386 769 1442 Octavus
807 1403 965 1455 porro
1012 1389 1144 1441 liber
1183 1390 1234 1442 in
1276 1390 1383 1443 hac
1424 1392 1578 1443 t-erba
1617 1392 1812 1445 desinit
1839 1406 1857 1443 :
1896 1390 2112 1444 Corona
2168 1395 2350 1443 autem
2404 1387 2603 1456 rapitis
2655 1387 2906 1441 continet
2959 1395 3259 1455 purpuram
3306 1386 3362 1434 et
3418 1377 3740 1441 hominem;

469 1495 639 1533 unum
694 1481 981 1549 imperium
1034 1482 1256 1535 virtutis
1309 1482 1593 1537 ostendit:
1649 1483 1730 1537 sic
1784 1480 1946 1535 Pater
2000 1481 2057 1534 in
2094 1477 2236 1533 Filio
2285 1488 2342 1533 et
2398 1476 2578 1533 Filius
2626 1478 2682 1531 in
2739 1476 2947 1531 Patre:
2992 1473 3232 1544 Spiritus
3282 1479 3466 1525 autem
3522 1479 3745 1524 sanctus

469 1571 832 1638 conjunctio,
889 1570 1065 1625 deitas
1104 1572 1279 1641 (Reg.
1324 1574 1591 1644 deitatis)
1631 1576 1809 1629 virtus
1865 1580 1919 1628 et
1975 1573 2161 1627 unitas
2210 1572 2523 1626 Trinitatis.
2582 1569 2778 1626 Postea
2828 1571 2942 1623 hwc
2989 1566 3276 1636 leguntur:
3326 1561 3568 1632 Explieit
3612 1561 3747 1614 liber

470 1670 704 1717 octavus
758 1662 851 1718 Dei
904 1663 1086 1720 Patris
1136 1676 1189 1720 et
1231 1646 1351 1721 Filii
1407 1677 1460 1721 et
1516 1670 1756 1738 Spiritus
1794 1669 2003 1729 sancti,
2057 1666 2344 1721 Athanasii
2384 1665 2654 1737 episcopi.
2698 1664 2809 1721 Hos
2850 1663 3062 1719 libellos
3104 1676 3202 1715 VIII
3243 1658 3616 1728 transcripsi,
3654 1657 3745 1726 qui

470 1755 646 1809 multa
686 1756 871 1810 addita
911 1765 965 1810 et
1005 1757 1293 1813 immutata
1334 1761 1637 1814 continent.
1683 1761 1877 1829 Incipit
1916 1758 2133 1813 libellus
2172 1757 2336 1820 ﬁdei,
2379 1756 2561 1813 Patris
2601 1764 2655 1811 et
2685 1754 2809 1810 Filii
2842 1764 2897 1810 et
2928 1751 3169 1823 Spiritus
3207 1749 3424 1815 sancti,
3462 1747 3749 1802 Athanasii

472 1844 741 1915 episcopi.
788 1840 982 1897 Postea
1021 1846 1097 1897 sic
1138 1847 1428 1915 incipitur:
1471 1848 1610 1901 Cum
1651 1849 1848 1918 legeris
1890 1864 1987 1918 per
2027 1847 2167 1901 hanc
2206 1847 2391 1912 ﬁdem,
2432 1862 2630 1902 moneo
2670 1856 2731 1901 ut
2770 1846 2875 1901 mei
2918 1860 3130 1898 memor
3169 1843 3249 1897 sis
3295 1841 3353 1895 in
3399 1839 3748 1894 orationibus

474 1936 605 1990 tuis.
643 1934 722 1989 Ne
762 1934 994 1989 forsitan
1032 1937 1365 2007 negligenter
1403 1940 1694 2010 quisquam
1733 1941 1837 1995 hoc
1877 1943 2217 1995 obtrectator
2259 1942 2584 2011 contingat,
2627 1941 2756 2010 quia
2801 1938 3069 2007 scriptum
3109 1943 3239 1990 est:
3273 1952 3292 1984 ι
3327 1931 3407 1988 Ne
3437 1930 3743 2003 proﬁciatis

472 2030 801 2100 margaritas
853 2037 981 2085 ante
1031 2044 1228 2100 porcos
1267 2030 1337 2081 “.
1370 2047 1389 2079 ι
1422 2028 1602 2083 Credo
1628 2030 1685 2083 in
1738 2030 1905 2084 Deum
1937 2029 2157 2084 Patrem
2186 2031 2618 2100 omnipotentem
2641 2072 2657 2098 ,
2696 2041 2752 2085 et
2782 2030 2838 2083 in
2876 2026 3223 2097 unigenitum
3250 2065 3266 2090 ,
3307 2032 3420 2078 etc.
3465 2022 3601 2077 Post
3635 2038 3751 2076 ea:

470 2125 597 2194 fidei
639 2127 1019 2196 confessionem
1057 2127 1168 2182 hac
1209 2126 1602 2197 subsequuntur
1629 2143 1647 2180 :
1686 2125 1925 2196 Explicit
1964 2126 2247 2196 Expositio
2283 2128 2448 2193 ﬁdei,
2491 2128 2682 2197 incipit
2717 2125 2964 2195 ejusdem
3004 2124 3072 2177 de
3115 2120 3389 2176 Trinitate
3427 2127 3483 2174 et
3523 2119 3595 2173 de
3632 2115 3752 2187 Spi-

474 2217 584 2270 ritu
636 2224 848 2273 saucto.
908 2217 1129 2273 Initium
1183 2237 1343 2290 porro
1396 2222 1474 2275 sic
1528 2221 1734 2275 habet:
1773 2221 1871 2275 llis
1922 2223 2017 2291 qui
2067 2220 2265 2276 Filium
2318 2222 2412 2278 Dei
2455 2231 2703 2278 creatum
2747 2236 2872 2275 esse
2907 2218 3259 2291 proﬁtentur,
3301 2230 3654 2285 nequaquam
3690 2214 3755 2268 de

473 2306 684 2378 Spiritu
725 2317 919 2363 sancto
957 2311 1212 2366 dabimus
1254 2327 1586 2382 responsum
1610 2349 1627 2375 ,
1667 2318 1776 2366 etc.
1818 2308 1951 2365 Post
1991 2311 2187 2364 huncce
2227 2312 2417 2365 librum
2460 2310 2825 2381 superioribus
2858 2310 3248 2378 prolixiorem,
3294 2310 3532 2379 legitur:
3565 2308 3753 2362 Sancti

474 2402 763 2459 Athanasii
805 2404 1047 2475 episcopi
1088 2406 1155 2460 de
1191 2404 1461 2461 Trinitate
1499 2407 1636 2461 liber
1672 2407 1918 2478 explieit.
1958 2408 2153 2479 Incipit
2188 2408 2490 2461 Altercatio
2530 2408 2591 2463 S.
2632 2404 2915 2459 Athanasii
2964 2406 3208 2474 episcopi
3262 2412 3461 2457 contra
3508 2403 3741 2465 Arium,

474 2496 778 2555 Sabellium
817 2502 902 2556 vel
939 2500 1234 2555 Photinum
1272 2499 1584 2556 haereticos.
1628 2499 1783 2567 Quod
1822 2518 1953 2571 opus
1990 2512 2109 2571 post
2152 2503 2315 2556 libros
2353 2501 2416 2557 de
2457 2503 2721 2557 Trinitate
2760 2517 2793 2553 a
2833 2500 2984 2554 nobis
3022 2499 3265 2554 codicum
3292 2500 3517 2570 uestigio
3553 2499 3752 2553 haren-

475 2591 615 2645 tibus
654 2601 954 2662 reponetur.

546 2683 616 2737 In
672 2684 849 2739 codice
899 2682 1022 2755 Reg.
1074 2683 1247 2749 5624,
1303 2683 1442 2738 idem
1492 2684 1623 2739 ordo
1672 2694 1935 2740 servatur.
1981 2684 2047 2740 In
2098 2686 2203 2756 fine
2257 2701 2417 2756 porro
2467 2695 2586 2740 octo
2642 2685 2898 2739 librorum
2948 2686 3025 2740 sic
3065 2687 3303 2757 legitur:
3341 2685 3585 2758 Explieit
3620 2687 3747 2742 liber

474 2788 711 2837 octavus
760 2780 919 2837 Fidei
972 2780 1155 2836 Patris
1222 2789 1275 2836 et
1327 2779 1455 2835 Filii
1500 2789 1555 2837 et
1606 2781 1847 2853 Spiritus
1899 2783 2114 2848 sancti,
2166 2783 2451 2838 Athanasii
2504 2783 2771 2852 episcopi.
2829 2782 3027 2835 Deinde
3075 2785 3152 2834 ita
3191 2782 3397 2836 habet:
3468 2782 3747 2853 Expositio

478 2873 603 2928 ﬁdei
645 2875 951 2931 catholica).
991 2875 1170 2930 Credo
1212 2874 1267 2927 in
1309 2873 1478 2930 Deum
1508 2914 1523 2940 ,
1561 2885 1669 2931 etc.
1699 2918 1714 2943 ,
1754 2878 1833 2930 uti
1872 2894 2058 2947 supra.
2097 2875 2322 2947 Reliqua
2359 2877 2540 2931 eodem
2577 2892 2679 2945 quo
2721 2874 3193 2945 Sangermancnsis
3233 2876 3400 2930 codex
3438 2877 3646 2932 ordine.

550 2962 619 3018 In
660 2966 891 3022 editione
929 2984 1143 3038 operum
1182 2972 1467 3027 Athanasii
1508 2989 1647 3027 anno
1691 2974 1831 3028 1556
1859 3014 1875 3039 ,
1916 2974 2144 3027 Basilea:
2168 3013 2184 3037 ,
2224 2981 2273 3027 et
2315 2974 2369 3027 in
2409 2973 2866 3037 Commeliniana,
2905 2983 3099 3041 septem
3138 2981 3349 3026 tantum
3387 2975 3596 3043 priores
3633 2971 3745 3027 libri

478 3067 816 3127 comparent,
859 3063 1069 3116 omissis
1110 3063 1175 3117 iis
1215 3064 1458 3118 omnibus
1490 3081 1609 3135 qua:
1646 3074 1762 3134 post
1806 3063 1969 3119 libros
2008 3065 2071 3118 de
2113 3064 2381 3119 Triuitate
2420 3064 2478 3117 in
2518 3064 2897 3132 manuscriptis
2939 3065 3207 3134 leguntur.

554 3147 621 3202 In
656 3151 882 3205 editione
920 3162 1096 3207 autem
1134 3154 1431 3213 Porisiensi
1469 3159 1904 3227 Cra'co-Latina,
1945 3161 2185 3215 undecim
2220 3160 2342 3215 libri
2373 3160 2674 3214 habentur:
2704 3161 2957 3214 nimirum
2992 3161 3287 3229 prtcmissis
3327 3171 3526 3229 septem
3564 3161 3744 3223 libris,

476 3255 537 3325 ut
573 3255 788 3301 exstant
827 3249 880 3302 in
919 3250 1343 3307 Commcliniana
1381 3256 1647 3318 editione,
1691 3266 1906 3309 acturus
1943 3261 2019 3309 sic
2060 3256 2414 3310 inscribitur:
2462 3253 2538 3308 De
2587 3255 2794 3308 Ariana
2841 3262 2898 3308 et
2953 3254 3225 3308 catholica
3276 3255 3638 3310 confessione
3679 3252 3744 3307 ad

479 3335 870 3408 Theophilum.
928 3340 1095 3412 Cujus
1144 3346 1400 3399 initium:
1437 3348 1627 3401 Ariani
1669 3348 1903 3413 dicunt,
1945 3347 2145 3401 Filium
2188 3346 2283 3400 Dei
2335 3362 2447 3402 non
2495 3345 2566 3400 de
2616 3345 2928 3400 substantia
2979 3344 3072 3398 Dei
3109 3343 3291 3399 Patris
3330 3347 3577 3414 genitum
3604 3387 3621 3412 ,
3658 3345 3747 3401 sed

479 3430 830 3488 extrinsecus
881 3443 1124 3491 creatum
1164 3457 1177 3493 :
1220 3441 1311 3510 qui
1349 3439 1481 3494 liber
1520 3458 1623 3495 non
1677 3450 1756 3495 est
1808 3445 1861 3495 in
1912 3442 2293 3509 manuscriptis
2353 3442 2588 3505 nostris,
2643 3456 2738 3494 nec
2786 3443 2879 3512 qui
2926 3456 3049 3493 mox
3099 3441 3358 3510 sequitur.
3405 3440 3647 3496 Nonus:
3682 3440 3750 3497 De

480 3521 614 3578 Fide
653 3541 748 3580 sua
783 3527 858 3588 ad
899 3527 1297 3602 Theophilum,
1336 3535 1489 3603 cujus
1528 3536 1781 3589 initium:
1822 3534 2057 3590 Credere
2091 3534 2351 3604 jubemur
2389 3538 2445 3588 in
2486 3534 2581 3590 Dei
2617 3534 2799 3591 Patris
2838 3534 3296 3604 omnipotentiam
3319 3574 3336 3597 ,
3374 3543 3433 3589 et
3473 3534 3601 3590 Filii
3638 3533 3750 3604 eius

480 3612 612 3669 Jesu
651 3615 880 3675 Christi.
920 3621 1190 3687 Decimus,
1234 3626 1310 3682 De
1351 3632 1562 3685 unitate
1600 3629 1753 3685 Fidei
1793 3630 1862 3684 ad
1902 3630 2289 3699 Theophilum,
2341 3629 2494 3699 cujus
2547 3630 2795 3693 initium,
2852 3628 3004 3683 Fidei
3060 3629 3223 3682 unius
3269 3628 3605 3685 substantia
3642 3628 3753 3684 Tri-

482 3710 673 3766 nitatis
699 3753 714 3775 ,
756 3714 862 3769 hoc
900 3724 1023 3782 est,
1063 3717 1244 3776 Patris
1281 3730 1336 3777 et
1373 3721 1497 3779 Filii
1539 3733 1594 3780 et
1635 3724 1875 3795 Spiritus
1911 3723 2109 3779 sancti.
2166 3722 2271 3776 Hic
2322 3733 2539 3776 octavus
2591 3723 2763 3792 fertur
2813 3725 2869 3776 in
2923 3738 3050 3776 mss.
3114 3721 3439 3777 Undecimus
3464 3763 3480 3789 ,
3545 3724 3624 3781 De
3660 3727 3755 3780 ﬁde

483 3806 710 3863 unitatis
748 3816 804 3863 et
842 3809 1127 3871 Trinitatis
1151 3855 1167 3880 ,
1209 3816 1390 3874 Patris
1428 3828 1483 3873 et
1520 3818 1642 3874 Filii
1681 3828 1737 3875 et
1777 3818 2016 3888 Spiritus
2056 3817 2255 3873 sancti.
2294 3816 2463 3886 Cujus
2502 3818 2710 3871 initium
2736 3833 2754 3870 :
2792 3815 2969 3871 Credo
3006 3817 3062 3869 in
3101 3814 3271 3871 Deum
3313 3816 3536 3873 Patrem
3577 3820 3751 3874 omni-

482 3904 757 3964 potentem
782 3939 796 3964 ,
834 3909 888 3954 et
926 3903 980 3956 in
1020 3904 1355 3975 unigenitum
1380 3949 1395 3971 ,
1434 3921 1539 3964 etc.
1585 3907 1717 3963 [hec
1751 3919 1827 3963 est
1867 3906 2023 3962 Fidei
2063 3907 2321 3975 confessio
2369 3924 2485 3975 qua:
2522 3909 2578 3961 in
2616 3924 2744 3962 mss.
2786 3906 3122 3977 subsequitur
3159 3917 3274 3975 post
3316 3918 3435 3963 octo
3468 3909 3641 3964 libros
3684 3909 3746 3964 de

487 3991 749 4050 Trinitate
792 3979 862 4051 ad
904 3998 1266 4071 Theophilum.
1316 4003 1451 4058 lluic
1485 4004 1802 4073 confessioni
1843 4013 2217 4072 consequenter
2274 4003 2587 4074 adjungitur
2630 4003 2763 4057 liber
2817 4004 2907 4058 ille
2964 4012 3049 4057 sat
3102 4004 3347 4072 prolixus
3394 4007 3489 4076 qui
3548 4008 3607 4061 in
3650 4025 3759 4062 mo-

484 4090 767 4157 nuscriptis
805 4095 1042 4162 sequitur
1075 4108 1192 4164 post
1237 4096 1389 4153 Fidei
1427 4098 1830 4168 confessionem,
1869 4098 2052 4169 hisque
2091 4097 2260 4152 verbis
2295 4098 2624 4153 inchoatur:
2664 4097 2761 4155 His
2799 4100 2893 4170 qui
2944 4096 3143 4152 Filium
3194 4095 3291 4153 Dei
3337 4107 3594 4154 creatum
3644 4114 3759 4156 esse

483 4179 808 4247 proﬁtentur
847 4199 1190 4255 nequaquam
1232 4186 1297 4241 de
1338 4186 1546 4257 Spiritu
1588 4196 1801 4242 sancto.

559 4269 752 4327 Petrus
810 4273 1132 4331 Franciscus
1183 4276 1472 4348 Chi/fletius
1547 4295 1574 4332 e
1625 4277 1889 4333 Societate
1936 4277 2111 4344 Jesu,
2163 4281 2254 4349 qui
2316 4279 2543 4334 Victoris
2611 4279 2842 4335 Vitensis
2910 4289 2962 4335 et
3024 4279 3207 4351 Vigilii
3261 4278 3560 4347 Tapscnsis
3612 4297 3757 4350 opere

480 4362 688 4445 edenda
728 4372 934 4423 curavit
962 4387 1110 4428 anno
1154 4371 1293 4427 1664
1319 4412 1334 4435 ,
1374 4375 1470 4427 hos
1508 4372 1575 4427 de
1615 4372 1886 4428 Trinitate
1927 4373 2091 4428 libros
2135 4373 2316 4444 Vigilii
2355 4376 2564 4429 nomine
2599 4374 2806 4428 edidit:
2835 4374 2961 4445 jure
3004 4390 3075 4427 an
3127 4371 3332 4442 injuria
3364 4372 3417 4425 ei
3454 4375 3757 4442 ascripserit

485 4479 609 4516 mox
641 4467 990 4534 eupendemus
1029 4462 1164 4523 lam
1204 4470 1440 4524 ordinem
1478 4469 1618 4539 quod
1656 4480 1856 4537 spectat
1882 4510 1896 4535 ,
1942 4481 2058 4525 octo
2097 4448 2298 4541 priores
2336 4471 2501 4526 libros
2540 4482 2599 4525 ut
2627 4473 2684 4526 in
2721 4471 3099 4541 manuscriptis
3135 4469 3328 4538 digesti
3361 4468 3657 4531 habentur,
3686 4487 3757 4524 re-

480 4559 706 4611 censuit.
751 4557 940 4613 Nonus
981 4574 1159 4615 autem
1197 4572 1276 4615 est
1304 4600 1319 4623 ,
1363 4560 1607 4616 Libellus
1649 4562 1825 4631 Fidei,
1888 4567 2039 4635 cujus
2075 4567 2288 4619 initium
2321 4582 2338 4619 :
2368 4565 2547 4621 Credo
2577 4567 2635 4621 in
2675 4565 2847 4621 Deum
2876 4564 3097 4620 Patrem
3137 4564 3586 4633 omnipotentem
3615 4606 3632 4631 ,
3671 4565 3755 4617 ille

479 4654 682 4710 scilicet
725 4656 882 4712 Fidei
920 4660 1182 4729 confessio
1221 4664 1460 4731 superius
1504 4677 1821 4722 memorata.
1865 4667 2113 4722 Decimus
2140 4710 2155 4733 ,
2198 4667 2483 4738 Expositio
2515 4667 2641 4723 fidei
2673 4667 2962 4723 catholica:
2987 4708 3002 4730 ,
3039 4667 3191 4736 cujus
3227 4666 3446 4718 initium
3473 4681 3495 4718 :
3528 4665 3754 4721 Credere

476 4749 739 4819 iubemur
776 4754 832 4808 in
872 4754 967 4809 Dei
1010 4754 1192 4812 Patris
1232 4759 1710 4829 omnipotentiam.
1753 4761 1861 4829 Qui
1900 4762 2035 4817 liber
2074 4754 2241 4818 nonus
2282 4765 2453 4833 fertur
2493 4764 2547 4817 in
2586 4764 2815 4818 editione
2847 4762 3030 4816 Paris.
3073 4759 3398 4814 Undecimus
3425 4797 3442 4823 ,
3484 4757 3753 4815 Professio

480 4840 719 4903 Ariana,
763 4851 817 4897 et
854 4843 1136 4901 confessio
1174 4847 1447 4901 catholica
1487 4851 1666 4904 sancti
1707 4850 1991 4907 Athanasii
2024 4894 2039 4917 ,
2081 4853 2233 4923 cujus
2274 4854 2529 4908 initium:
2564 4854 2751 4907 Ariani
2788 4851 2979 4906 dicunt
3010 4850 3209 4906 Filium
3243 4850 3335 4905 Dei
3374 4865 3493 4904 non
3529 4850 3603 4906 de
3640 4849 3752 4906 sub-

479 4939 683 4992 stantia
725 4938 900 4995 Patris
938 4941 1204 5010 genitum.
1248 4940 1446 5013 Estque
1504 4943 1640 4998 liber
1676 4959 1895 5001 octavus
1932 4948 1985 5000 in
2021 4946 2150 5001 edit.
2197 4947 2374 5001 Paris.
2420 4945 2800 5012 Duodecimus,
2856 4944 2932 5000 De
2979 4945 3273 5008 Triuitate,
3314 4951 3370 4999 et
3422 4942 3493 4998 de
3554 4941 3749 5014 Spiritu

478 5040 709 5092 sancto,
752 5032 906 5101 cujus
943 5033 1259 5101 principium
1298 5044 1376 5088 est
1402 5051 1420 5088 :
1456 5034 1553 5092 llis
1583 5038 1676 5107 qui
1707 5036 1904 5092 Filium
1946 5036 2037 5091 Dei
2073 5047 2318 5093 creatum
2361 5054 2485 5094 esse
2524 5038 2873 5109 proﬁtentur,
2911 5052 3284 5107 nequaquam,
3326 5049 3463 5104 etc.,
3502 5040 3601 5108 qui
3638 5035 3747 5090 liber

478 5124 537 5179 in
574 5126 702 5181 edit.
750 5125 929 5182 Paris.
972 5139 1347 5199 consequenter
1382 5133 1600 5200 ponitur
1636 5143 1754 5200 post
1794 5133 1919 5202 fidei
1959 5133 2337 5203 confessionem
2395 5136 2489 5188 sub
2545 5151 2649 5189 uno
2688 5144 2905 5202 uterque
2959 5131 3137 5186 titulo.
3184 5131 3269 5185 E1:
3307 5134 3455 5187 hisce
3492 5150 3657 5202 porro
3692 5131 3747 5184 li-

478 5220 698 5289 quidum
735 5228 814 5275 est
850 5237 1008 5291 quam
1048 5221 1228 5275 multis
1270 5224 1614 5279 varietatibus
1639 5228 2125 5298 mutationibusque
2145 5230 2402 5283 obnoxius
2427 5227 2585 5295 fuerit
2606 5225 2851 5281 horumce
2874 5223 3132 5276 librorum
3153 5223 3285 5279 ordo
3307 5236 3468 5295 atque
3488 5244 3742 5283 numerus.

482 5307 596 5363 Nec
637 5313 863 5366 minores
902 5315 957 5367 in
997 5324 1304 5370 contextum
1344 5318 1562 5373 invecta:
1600 5329 1724 5373 sunt
1746 5323 2063 5377 mutationes
2094 5334 2142 5378 et
2168 5324 2499 5383 ndditibnes,
2539 5332 2595 5375 ut
2631 5321 2833 5375 monuit
2862 5319 3033 5372 nostri
3066 5319 3263 5375 codicis
3290 5324 3621 5393 exscriptor,
3648 5337 3745 5394 qu

482 5411 658 5456 tamen
691 5405 747 5457 in
787 5405 1172 5462 Athanasianis
1209 5410 1366 5464 editis
1406 5428 1511 5465 non
1549 5423 1875 5482 comparent.
1924 5412 1992 5468 Ut
2035 5425 2210 5469 autem
2252 5415 2436 5469 lectori
2494 5414 2738 5469 studioso
2784 5413 2838 5464 in
2893 5420 3140 5476 promptu
3175 5411 3286 5476 sit,
3338 5428 3433 5468 eas
3485 5430 3523 5467 α
3576 5414 3743 5483 pristi-

478 5498 632 5569 genio
672 5509 920 5554 contextu
957 5501 1289 5566 discernere,
1327 5504 1535 5557 uncinis
1574 5504 1891 5560 inclusimus
1929 5504 2184 5577 quidquid
2223 5507 2344 5561 novi
2383 5521 2448 5559 ex
2487 5502 2868 5572 manuscriptis
2908 5500 3010 5552 huc
3050 5504 3434 5557 transmissum
3472 5505 3607 5575 fuit.
3645 5503 3746 5560 ια.

479 5600 883 5667 nuscriptorum
922 5618 1079 5671 porro
1115 5604 1385 5675 sequimur
1425 5605 1664 5660 ordinem
1687 5646 1702 5671 ,
1745 5624 1810 5661 ac
1850 5607 2107 5661 librorum
2140 5625 2417 5662 numerum
2445 5649 2459 5673 ,
2491 5609 2583 5680 qui
2625 5604 2904 5661 Ilincmari
2946 5612 3175 5666 tempore
3211 5595 3353 5650 idem
3395 5596 3573 5665 fuisse
3609 5594 3743 5669 531

482 5692 690 5746 videtur
733 5710 751 5746 :
790 5712 912 5749 nam
952 5707 1067 5751 acto
1108 5698 1270 5755 libros
1311 5700 1664 5758 Athanasium
1708 5714 1891 5760 contra
1933 5706 2161 5763 Arianos
2202 5706 2432 5762 edidisse
2473 5714 2697 5761 testatur
2735 5704 2866 5766 ille;
2910 5696 3130 5755 totidem
3187 5693 3437 5761 scilicet,
3497 5705 3635 5766 quot
3671 5706 3747 5748 α’

558 5806 604 5836 ι’
646 5804 833 5861 Matth.
869 5823 979 5877 vn,
1011 5810 1067 5863 6.
