3860 6220
222 324 359 379 143⁵1
1147 317 1215 374 ΙΝ
1254 316 1503 373 LIBROS
1544 315 1631 370 DE
1666 314 1746 369 ΤΠ

1969 313 2042 369 ΙἙ
2082 309 2480 368 ADMONITIO.
3350 302 3493 359 1438

222 447 369 493 stant
394 454 447 491 in
486 435 752 491 codicibus
783 435 982 489 nostris
1011 435 1405 503 manuscriptis.
1431 436 1508 487 .«lc
1536 432 1654 487 licet
1673 432 1783 502 ipse
1806 432 2001 487 librum
2024 431 2310 487 Athanasii
2336 428 2596 483 decimum
2619 425 2684 479 de
2715 424 2980 479 Trinitate
2998 420 3200 488 laud'et,
3222 418 3492 490 pag.497,

221 548 328 585 non
361 547 420 584 eo
447 529 501 584 id
523 531 633 601 agit
648 528 786 601 quod
820 528 951 583 liber
975 529 1062 582 ille
1081 527 1269 582 decimi
1299 529 1694 601 inscriptionem
1729 529 1890 596 ferret
1908 529 1962 582 in
1984 526 2275 589 codicibus,
2299 526 2438 578 alias
2469 523 2607 576 enint
2626 520 2729 576 sibi
2756 520 2859 589 ipsi
2889 525 3203 587 repugnaret
3230 514 3490 569 llincma-

222 640 339 685 rus,
370 623 461 692 qui
492 633 608 676 οιῐο
632 629 839 675 tantum
868 618 997 674 alibi
1025 620 1321 682 recensuit;
1351 618 1441 673 sed
1474 619 1723 686 fortassis
1759 626 2052 673 tractatum
2080 616 2236 671 illum
2267 615 2331 669 de
2376 613 2636 667 Trinitate
2664 620 2812 696 vocat
2853 609 3134 668 decimum,
3189 608 3317 677 quia
3372 609 3496 674 post

222 727 343 771 octo
364 717 570 769 libellos
608 715 942 785 supradictas
968 713 1074 768 duo
1102 723 1393 784 sequuntur
1424 713 1682 782 opuscula
1726 712 2011 767 Athanasii
2043 711 2273 774 nomine,
2320 722 2544 778 quorum
2562 712 2883 774 postremum
2898 702 2961 755 de
2997 699 3257 755 Trinitate
3282 711 3491 752 nuncu-

219 820 427 878 patum,
452 809 711 883 decimum
740 817 907 877 potest
933 808 1040 863 dici
1068 810 1115 863 si
1153 825 1273 862 cum
1306 807 1713 878 prwcedentibus
1744 817 2069 861 numeretur.
2106 804 2215 859 Illa
2243 813 2420 857 autem
2444 810 2711 870 postrema
2753 798 2859 852 duo
2915 795 3193 865 opuscula,
3242 801 3303 845 ut
3337 805 3490 883 nemo

224 920 330 955 non
363 903 521 966 videt,
553 882 700 957 alius
726 911 849 957 sunt
879 904 1174 972 argumenti
1198 919 1218 967 ;
1250 912 1406 966 atque
1424 901 1554 956 adeo
1576 902 1844 971 prioribus
1875 901 2027 956 libris
2063 900 2275 954 minime
2296 894 2727 957 annumeranda;
2751 902 2806 945 ut
2840 908 2933 945 nec
2964 889 3068 943 duo
3093 886 3191 942 alii
3235 883 3359 938 libri
3396 882 3487 952 qui

226 1010 329 1046 non
360 1004 661 1055 comparent
694 994 748 1045 in
781 993 1159 1060 manuscriptis
1189 994 1408 1057 nostris,
1443 993 1647 1047 scilicet
1696 994 1787 1062 qui
1838 1001 2054 1045 octavus
2098 991 2269 1057 fertur
2311 990 2366 1042 in
2420 985 2648 1040 editione
2685 983 2982 1038 Parisiensi
3004 1025 3017 1045 ,
3045 978 3328 1049 incipitque
3353 974 3431 1027 ita
3464 989 3485 1028 .'

223 1085 412 1139 Ariani
439 1087 629 1139 dicunt
662 1084 860 1138 Filium
886 1082 1010 1149 Dei;
1048 1085 1174 1138 item
1208 1085 1296 1154 qui
1323 1101 1492 1139 nonus
1518 1084 1711 1138 ibidem
1733 1084 1979 1146 habetur,
2010 1084 2162 1152 cujus
2197 1083 2407 1136 initium
2436 1097 2454 1134 :
2483 1078 2723 1133 Credere
2755 1075 3017 1144 iubemur
3066 1071 3122 1125 in
3177 1069 3270 1123 Dei
3304 1065 3483 1120 Patris

223 1177 701 1248 omnipotentiam.
733 1176 912 1243 Quare
939 1176 1091 1229 hosce
1125 1176 1288 1230 libras
1311 1174 1380 1229 ad
1412 1176 1611 1230 calcem
1639 1187 1754 1231 acto
1782 1180 2023 1246 priorum
2062 1174 2375 1243 rejiciendos
2418 1172 2739 1227 censuimus.
2785 1169 2859 1222 De
2892 1167 3144 1234 scriptore
3175 1177 3334 1232 porro
3390 1158 3486 1211 Ita-

222 1283 404 1322 rumce
438 1283 653 1335 operum
684 1267 843 1320 varia:
868 1277 991 1319 sunt
1024 1265 1331 1334 opiniones:
1369 1274 1419 1318 et
1447 1265 1676 1331 primum
1697 1266 1836 1319 inter
1863 1280 2042 1319 omnes
2076 1264 2312 1317 convenit
2346 1279 2448 1315 non
2475 1277 2588 1315 esse
2631 1257 2936 1315 Athanasii,
2968 1255 3106 1326 quod
3136 1254 3314 1322 utique
3356 1264 3483 1319 pro-

222 1358 405 1426 palam
432 1365 596 1411 estex
619 1357 803 1411 multis
835 1354 1085 1427 loquendi
1110 1355 1385 1425 generibus
1420 1356 1721 1410 Athanasio
1746 1358 1960 1410 minime
1989 1353 2374 1425 familiaribus,
2407 1361 2517 1405 tum
2545 1352 2706 1406 etiam
2731 1350 2868 1419 quod
2902 1349 3108 1402 nativus
3132 1345 3378 1397 horumce
3417 1341 3486 1396 li-

224 1450 479 1504 bellorum
540 1451 732 1520 stglus,
761 1449 986 1503 Latinus
1008 1466 1112 1503 non
1135 1447 1349 1503 Gra’cus
1376 1449 1637 1512 v'deatur,
1666 1466 1759 1503 nec
1787 1466 2097 1520 aquaquam
2128 1459 2357 1502 veterum
2386 1454 2706 1501 memoratur
2747 1441 2988 1497 Gnaeum
3020 1435 3283 1508 ejusmodi
3316 1434 3485 1489 Atha-

221 1540 364 1593 nasii
392 1556 542 1610 opus,
569 1540 716 1609 cujus
745 1543 867 1594 item
897 1542 1105 1597 nullum
1134 1543 1409 1613 vestigium
1439 1554 1615 1598 exstat
1638 1545 1691 1597 in
1715 1542 1914 1598 Graecis
1952 1543 2233 1597 Athanasii
2259 1558 2472 1609 operum
2520 1538 2814 1594 codicibus.
2851 1535 2917 1590 Id
2975 1536 3141 1605 igitur
3200 1549 3295 1601 pro
3340 1548 3485 1585 cam-

220 1646 373 1704 perta
402 1634 647 1699 habetur,
680 1635 965 1692 Athanasii
995 1656 1099 1694 non
1130 1657 1244 1696 esse
1264 1643 1358 1696 hos
1386 1639 1618 1694 libellos.
1660 1638 1862 1710 Vigilio
1889 1638 2150 1707 Tapsensi
2178 1635 2449 1692 ascribunt
2476 1637 2574 1691 viri
2600 1632 2911 1693 clarissimi,
2948 1627 3285 1689 Sirmondus,
3343 1624 3485 1678 Lab-

218 1732 366 1792 beas,
415 1740 466 1784 et
500 1731 808 1802 Chiﬁletius,
835 1735 925 1804 qui
953 1747 1247 1804 postremus
1273 1737 1555 1792 duodecim
1582 1736 1745 1790 libros
1766 1736 1829 1789 de
1867 1736 2129 1790 Trinitate
2169 1734 2354 1804 Vigilii
2393 1734 2602 1788 nomine
2638 1730 2803 1786 edidit
2833 1744 2972 1783 anno
3015 1725 3175 1789 1664,
3203 1740 3265 1778 ac
3314 1721 3480 1777 eidem

215 1822 302 1876 his
337 1822 570 1876 vindicat
601 1822 665 1877 de
692 1825 892 1878 causis.
942 1826 995 1879 1ο
1022 1826 1175 1892 Quod
1209 1843 1338 1896 opus
1393 1825 1531 1881 illud
1576 1827 1631 1880 in
1668 1824 1938 1879 codicibus
1985 1824 2364 1892 manuscriptis
2405 1822 2671 1892 jungatur
2730 1835 2850 1872 cum
2889 1815 3262 1869 Altercatione
3290 1818 3481 1866 contra

213 1915 426 1980 Arium,
453 1913 747 1970 Sabellium
784 1917 865 1970 vel
896 1916 1189 1972 Photinum
1221 1920 1526 1981 haereticos,
1558 1917 1698 1988 quod
1724 1932 1852 1985 opus
1884 1925 2090 1970 constat
2117 1931 2230 1970 esse
2267 1913 2470 1984 l’igilii.
2503 1912 2560 1967 2ο
2592 1909 2747 1978 Quod
2776 1911 2829 1963 in
2861 1907 3176 1978 prwfatione
3209 1903 3332 1958 libri
3357 1917 3484 1955 con-

217 2020 305 2064 tra
325 2009 685 2075 Marivadum,
718 2011 931 2067 Idatius
963 2011 1180 2078 Clarus,
1214 2031 1325 2079 seu,
1352 2022 1410 2071 είς
1435 2014 1685 2078 opinatur
1713 2010 2026 2083 Chi/ﬂetius,
2051 2014 2160 2082 ipse
2198 2011 2421 2082 Vigilius
2454 2011 2712 2071 larvatus,
2742 2022 2854 2060 sese
2878 2004 3069 2075 prodat
3100 2002 3318 2072 hujusce
3359 2014 3482 2067 epe-

214 2103 291 2155 ris
322 2113 611 2168 auctorem,
630 2103 770 2158 hisce
791 2105 963 2158 verbis
997 2120 1016 2158 :
1049 2105 1282 2172 Dudum,
1313 2104 1661 2161 dilectissimi
1702 2104 1929 2168 fratres,
1966 2104 2022 2158 in
2050 2103 2277 2173 Neapoli
2309 2102 2443 2156 urbe
2468 2099 2779 2170 Campani-.e
2801 2097 3163 2158 constitutus,
3188 2092 3480 2162 cujusdam

215 2190 493 2248 Yarimadi
521 2195 736 2249 Arianae
764 2202 928 2250 sectae
958 2197 1176 2253 diaconi
1212 2198 1706 2270 propositionibus,
1746 2212 1776 2250 a
1819 2197 2055 2267 quodam
2095 2196 2345 2252 studioso
2370 2210 2435 2250 ac
2468 2191 2887 2263 religiosissime
2921 2191 3040 2244 viro
3071 2186 3205 2242 mihi
3256 2183 3479 2241 oblatis.

215 2285 424 2340 rustico
447 2285 666 2354 quidem
698 2301 956 2342 sermone
977 2291 1337 2360 respondens,
1364 2291 1418 2344 in
1445 2305 1555 2343 uno
1579 2304 1813 2358 corpore
1836 2288 2003 2344 simul
2051 2287 2269 2343 libellos
2298 2287 2366 2342 de
2394 2288 2606 2341 unitate
2660 2282 2951 2337 Trinitatis
2981 2281 3207 2351 digessi.
3247 2280 3320 2332 At
3368 2276 3482 2347 pri-

211 2376 515 2447 mumquod
549 2376 773 2445 affertur
820 2376 928 2432 leve
977 2376 1263 2432 admodum
1295 2387 1412 2441 est;
1451 2380 1569 2430 licet
1608 2380 1747 2430 enim
1783 2378 1839 2430 in
1869 2374 2140 2430 codicibus
2179 2375 2480 2446 junguntur
2502 2376 2556 2428 hi
2588 2374 2712 2428 libri
2740 2388 2858 2425 cum
2893 2370 3258 2426 Altercatione
3287 2374 3480 2423 contra

210 2467 427 2530 Arium,
472 2465 767 2522 Sabellium
794 2474 850 2523 et
880 2466 1193 2533 Pbotinum,
1241 2484 1573 2539 nequaquam
1597 2468 1719 2522 hinc
1749 2468 2031 2537 conficitur
2056 2476 2336 2537 utrumque
2366 2483 2496 2536 opus
2521 2466 2756 2536 ejusdem
2778 2482 2890 2521 esse
2930 2467 3243 2536 scriptoris;
3273 2462 3481 2517 librarii

215 2560 356 2613 enim
379 2560 651 2624 complura
675 2561 731 2613 in
755 2560 935 2615 eodem
965 2560 1143 2615 codice
1171 2561 1331 2616 etiam
1359 2560 1642 2630 disparata
1677 2578 1836 2631 opera
1867 2561 2196 2630 compingare
2223 2560 2417 2625 solent,
2442 2560 2709 2632 multoque
2730 2562 2976 2617 libentius
2998 2579 3061 2615 ea
3085 2560 3333 2630 copulant
3360 2574 3479 2632 quia

219 2647 452 2716 ejusdem
475 2650 749 2715 scriptaris
785 2666 972 2704 nomen
1001 2649 1312 2720 prteferunt,
1348 2649 1487 2721 quod
1504 2650 1589 2703 hic
1614 2667 1743 2705 sane
1769 2651 2011 2719 contigit.

290 2740 669 2797 Testimonium
693 2741 861 2797 Idatii
883 2740 1023 2814 quod
1052 2750 1276 2810 spectat,
1315 2757 1443 2796 sane
1459 2750 1703 2811 apertum
1729 2741 1868 2796 illud
1892 2741 2357 2814 indubitatumque
2383 2741 2610 2806 videtur,
2642 2752 2693 2797 et
2725 2743 2956 2812 fortasse
3004 2745 3084 2800 vel
3135 2744 3310 2799 soluat
3338 2753 3478 2799 esset

208 2832 282 2885 ad
307 2831 548 2905 Chiﬁletii
582 2835 897 2889 sententiam
923 2832 1245 2903 ﬁrmandam
1288 2834 1443 2898 satis,
1468 2833 1516 2887 si
1545 2833 1760 2902 perinde
1781 2834 2128 2903 exploratum
2159 2845 2316 2900 esset,
2339 2834 2580 2889 eumdem
2611 2852 2723 2889 esse
2753 2834 2993 2889 Idatium
3014 2837 3167 2890 illum
3187 2836 3336 2901 cuius
3366 2853 3477 2890 no—

209 2943 330 2981 men
353 2927 406 2980 in
435 2927 756 2996 quibusdam
786 2927 1169 2996 manuscriptis
1191 2927 1561 2994 prwmittitur,
1589 2938 1742 2997 atque
1782 2927 2038 2998 Vigilium
2054 2942 2075 2991 ;
2111 2944 2201 2981 seu
2221 2929 2397 2996 potius
2439 2926 2694 2998 Vigilium
2725 2927 2898 2982 Idatii
2941 2945 3129 2984 nomen
3168 2928 3470 2998 affectasse.

210 3021 282 3075 At
309 3039 391 3077 res
418 3023 630 3077 minime
672 3031 825 3078 vacat
856 3022 1192 3093 difficultate.
1214 3022 1346 3089 Qua:
1369 3040 1465 3093 pro
1492 3022 1685 3094 Vigilio
1717 3023 2017 3092 afferuntur
2037 3024 2148 3078 haec
2171 3033 2329 3078 sunt:
2364 3023 2430 3078 In
2454 3025 2792 3095 subsequeuti
2819 3024 3187 3079 Altercatione
3208 3023 3474 3079 adversus

206 3114 420 3180 Arium,
446 3112 743 3170 Sabellium
765 3122 820 3170 et
841 3113 1161 3180 Photinum,
1202 3116 1425 3189 Vigilius
1455 3118 1602 3172 illius
1624 3119 1815 3188 operis,
1848 3127 1907 3172 ut
1935 3128 2179 3188 putatur,
2217 3130 2424 3184 auctor,
2454 3119 2564 3174 ha'c
2594 3119 2777 3175 scribit
2810 3124 2849 3175 l.
2882 3136 2943 3186 ll,
2962 3138 3014 3174 n.
3036 3120 3106 3176 45
3131 3135 3144 3172 :
3169 3118 3473 3174 Audiamus

209 3214 393 3260 autem
415 3213 470 3260 et
502 3204 898 3261 beatissimum
920 3205 1173 3274 Paulum,
1218 3208 1286 3263 de
1316 3209 1422 3263 hoc
1444 3215 1635 3263 eodem
1667 3211 1930 3280 mysterio
1960 3222 2204 3279 apertius
2228 3209 2608 3279 disserentem,
2639 3220 2694 3268 et
2727 3222 2839 3267 tres
2868 3228 3037 3267 unum
3065 3210 3233 3267 Deum
3265 3210 3470 3266 confir-

206 3306 480 3368 mantem;
510 3300 655 3357 sicut
686 3302 742 3355 in
765 3300 910 3356 libro
937 3314 1102 3369 quem
1132 3296 1400 3353 adversus
1432 3297 1800 3364 Maribadum,
1831 3299 2084 3355 nefanda:
2138 3300 2411 3358 haereseos
2441 3311 2637 3357 vestras
2665 3303 2959 3358 diaconum
3005 3302 3276 3357 edidimus
3297 3341 3312 3364 ,
3358 3302 3472 3372 ple-

205 3390 441 3447 nissime
472 3401 689 3449 constat
717 3406 1077 3462 eXpressum;
1109 3389 1176 3444 de
1224 3404 1334 3458 quo
1360 3405 1509 3443 nunc
1557 3389 1612 3442 iu
1663 3389 1768 3443 hoc
1809 3389 1933 3445 loco
1960 3406 2235 3461 perpauca
2268 3392 2669 3449 interserimus.
2705 3392 2843 3447 Dum
2893 3408 3026 3462 ergo
3059 3392 3150 3446 ille
3177 3391 3467 3461 objiceret,

204 3483 357 3552 quod
398 3485 531 3539 unio
562 3484 821 3549 excludat
843 3478 1175 3552 aequalitatis
1205 3478 1558 3544 Trinitatem,
1585 3485 1640 3532 et
1672 3478 1959 3558 aequalitas
1990 3481 2222 3551 repellat
2246 3480 2530 3544 unionem,
2565 3482 2712 3536 inter
2742 3482 2848 3535 alia
2884 3481 3057 3535 multa
3101 3480 3208 3534 hoc
3242 3495 3345 3551 ego
3380 3495 3470 3535 re-

204 3576 331 3631 tuli.
376 3576 541 3645 Audi,
588 3578 836 3649 inquam,
883 3576 1208 3648 Apostolum
1245 3572 1387 3629 hanc
1437 3573 1721 3632 Trinitatis
1777 3575 2036 3629 unionem
2069 3576 2335 3632 calcatius
2365 3577 2774 3648 prmdicantem,
2803 3584 2912 3633 etc.
2974 3576 3165 3631 Totum
3188 3576 3261 3629 ibi
3298 3577 3470 3631 locum

204 3668 369 3738 affert
415 3670 505 3739 qui
532 3687 585 3724 n.
637 3670 708 3725 45
737 3672 1221 3740 comprehenditur,
1256 3671 1347 3724 ubi
1374 3680 1602 3741 quatuor
1630 3671 1927 3741 afferuntur
1945 3687 2010 3725 ex
2036 3671 2193 3726 Pauli
2218 3672 2474 3742 Epistolis
2498 3674 2790 3729 sententiis.
2830 3672 3000 3726 Putat
3046 3673 3210 3744 igitur
3260 3672 3471 3746 Chime-

207 3760 335 3828 tius,
360 3759 707 3816 Haribadum
736 3762 819 3817 hic
848 3774 1219 3826 memoratum,
1246 3761 1401 3816 illum
1431 3762 1607 3832 ipsum
1632 3778 1744 3817 esse
1768 3763 1858 3832 qui
1893 3762 2216 3818 Varimadus
2247 3772 2493 3829 vocatur;
2524 3766 2609 3818 cui
2647 3765 2790 3818 haud
2813 3764 3077 3818 ill'ibenz'er
3116 3765 3464 3827 assentimur,

202 3853 457 3924 proclivis
490 3856 632 3910 enim
665 3856 954 3911 admodum
988 3859 1114 3913 levis
1143 3858 1240 3912 illa
1270 3858 1573 3910 litterarum
1602 3857 1989 3921 commutatio;
2013 3873 2131 3910 cum
2161 3860 2397 3912 maxime
2425 3868 2624 3912 certum
2671 3858 2740 3911 sit
2784 3857 2922 3910 alias
2965 3873 3083 3910 cum
3125 3855 3466 3909 Maribadum

202 3949 381 4015 illum,
414 3961 527 4005 tum
576 3951 925 4007 Varimadum
955 3952 1204 4008 celebrem
1233 3950 1512 4020 quemdam
1543 3950 1707 4020 fuisse
1740 3951 2325 4017 Arianumdiaconum,
2348 3954 2438 4023 qui
2470 3962 2655 4007 contra
2685 3968 2858 4006 veram
2890 3949 2955 4005 de
3000 3949 3262 4004 Trinitate
3305 3948 3465 4020 [idem

201 4044 436 4112 scripsit.
466 4043 549 4098 Ea
582 4046 750 4116 igitur
768 4046 822 4099 in
849 4062 906 4099 re
929 4044 1184 4117 Chiﬂletio
1217 4044 1430 4097 minime
1456 4059 1835 4113 repugnamus.
1866 4043 1933 4095 At
1968 4059 2072 4096 non
2099 4060 2243 4114 wque
2275 4056 2596 4113 compertum
2619 4054 2719 4106 est,
2743 4044 2938 4098 librant
2983 4053 3180 4099 contra
3231 4043 3466 4098 Mariba—

201 4134 335 4189 dum
365 4138 630 4206 superiore
653 4138 766 4192 loco
794 4136 1091 4205 laudatum,
1116 4153 1235 4191 eum
1269 4138 1443 4205 ipsum
1482 4152 1594 4189 esse
1645 4143 1931 4188 tractatum
1964 4137 2055 4204 qui
2087 4135 2401 4190 inscribitur
2436 4135 2605 4191 Idatii
2649 4136 2801 4193 Clari
2836 4143 3028 4189 contra
3086 4133 3461 4198 Varimadum,

205 4225 352 4281 locus
381 4228 566 4297 quippe
592 4228 683 4283 ille
708 4238 792 4282 sat
821 4228 1059 4299 prolixus
1087 4229 1176 4290 qui
1210 4228 1265 4281 in
1300 4227 1644 4280 altercatione
1674 4236 1863 4280 contra
1894 4227 2076 4280 Arium
2098 4243 2163 4281 ex
2201 4227 2335 4281 libro
2374 4237 2565 4284 contra
2600 4230 2940 4289 Maribadum
2993 4235 3237 4304 affertur,
3263 4248 3461 4304 nequa-

202 4337 364 4391 quam
390 4333 566 4379 exstat
589 4326 645 4378 in
669 4324 835 4379 tribus
866 4322 1037 4378 Idatii
1061 4328 1253 4376 contra
1286 4319 1639 4374 Varimadum
1670 4320 1840 4374 libris.
1875 4318 1989 4374 Nec
2023 4322 2318 4376 audiendus
2351 4324 2604 4379 laudatus
2643 4329 2722 4381 rir
2756 4328 3066 4402 Cliiﬂletius,
3105 4330 3195 4399 qui
3219 4339 3273 4382 ut
3292 4338 3463 4382 totum

200 4414 339 4469 illud
360 4417 711 4487 fragmentum
743 4420 983 4489 superius
1016 4417 1270 4477 allatura,
1298 4433 1353 4470 in
1383 4415 1538 4470 libris
1576 4415 1758 4487 Vigitii
1794 4418 2043 4487 reperiat,
2078 4420 2370 4475 sententias
2398 4432 2446 4474 et
2478 4422 2709 4480 Paulina
2740 4426 2855 4480 loca
2881 4427 3001 4481 hinc
3039 4426 3159 4482 inde
3191 4426 3461 4484 corradit:

201 4513 310 4567 imo
330 4530 395 4568 ex
432 4515 743 4571 duodecimo
778 4515 850 4571 De
876 4515 1146 4571 Trinitate
1170 4514 1302 4568 libro
1328 4523 1496 4567 totum
1528 4514 1740 4566 initium
1771 4514 1999 4584 collegit,
2028 4517 2117 4585 qui
2144 4514 2320 4571 tamen
2370 4516 2503 4572 liber
2559 4523 2806 4592 nuspiam
2829 4523 3118 4591 inscriptus
3145 4531 3223 4577 est
3268 4527 3461 4577 contra

201 4602 558 4663 Varimadum
583 4609 660 4664 vel
685 4608 1048 4672 Marivadum,
1075 4618 1133 4661 ut
1175 4624 1266 4662 nec
1285 4608 1465 4661 centeri
1501 4605 1566 4660 de
1598 4605 1863 4661 Trinitate
1889 4606 2034 4661 libri.
2090 4606 2225 4662 Cum
2257 4610 2420 4679 igitur
2452 4611 2597 4666 locus
2643 4615 2733 4669 ille
2781 4616 2833 4669 in
2885 4614 3036 4669 libris
3085 4613 3253 4669 Idatii
3311 4610 3461 4667 Clari

200 4696 468 4755 adversus
499 4698 853 4755 Varimadum
891 4703 1107 4756 mimme
1138 4708 1463 4769 compareat,
1499 4713 1821 4767 consequens
1847 4698 2004 4766 plane
2041 4699 2200 4768 fuerit
2259 4700 2454 4754 librum
2492 4702 2673 4774 Vigilii
2716 4706 2980 4761 adversus
3011 4705 3370 4767 Maribadum,
3396 4717 3462 4756 ex

199 4804 305 4857 qua
343 4789 453 4857 ipse
475 4790 797 4858 superiorem
823 4791 1081 4860 excerpsit
1112 4789 1307 4852 locant,
1351 4786 1618 4842 diversum
1664 4801 1777 4839 esse
1806 4803 1840 4840 a
1873 4785 2043 4840 tribus
2071 4787 2181 4840 illis
2216 4788 2388 4843 Idatii
2440 4790 2591 4847 Clari
2642 4794 2817 4847 libris.
2864 4794 2955 4848 Vir
2985 4795 3317 4847 clarissimus
3348 4792 3461 4845 An—

200 4879 450 4935 thelmius
467 4882 672 4936 erudite
697 4882 880 4937 isthwc
904 4899 966 4936 ac
990 4883 1106 4952 fuse
1127 4881 1458 4952 persequitur
1491 4881 1545 4932 in
1563 4895 1662 4932 sua
1686 4878 1750 4931 de
1780 4877 2035 4948 Symbolo
2071 4879 2439 4936 Athanasiano
2463 4883 2850 4953 disquisitione,
2877 4887 2962 4938 cui
2992 4888 3236 4939 lectorem
3283 4883 3460 4937 remit-

200 4972 399 5026 timus:
440 4971 592 5027 nobis
626 4974 886 5028 enimnon
910 4973 1033 5027 licet
1058 4990 1172 5027 esse
1207 4981 1315 5026 tam
1349 4971 1599 5040 prolixis.
1631 4970 1762 5025 Ha'c
1792 4981 1991 5033 tamen,
2016 4971 2277 5040 nifallor,
2313 4976 2447 5028 satis
2473 4988 2649 5039 erunt,
2692 4986 2750 5029 ut
2787 4977 2988 5047 liquido
3038 4985 3235 5031 constet
3274 4977 3459 5029 imme-

198 5065 304 5117 rito
341 5064 536 5119 ascribi
566 5064 729 5120 libros
756 5064 925 5120 Idatii
955 5066 1108 5121 Clari
1148 5066 1340 5136 l’igilio
1373 5065 1629 5135 Tapsensi
1660 5064 1814 5133 Afra.
1860 5062 1996 5119 Cum
2024 5065 2190 5133 igitur
2229 5064 2412 5121 [datio
2452 5067 2802 5132 adjudicandi
2860 5068 3136 5122 videantur
3164 5069 3288 5122 libri
3351 5078 3456 5122 tres

198 5164 392 5213 contra
423 5156 800 5219 Varimadum,
832 5158 952 5212 hinc
977 5159 1313 5228 consequitur
1339 5159 1542 5212 libellos
1566 5158 1630 5212 de
1652 5159 1909 5212 Trinitate
1954 5174 2086 5228 quos
2118 5175 2150 5212 a
2180 5175 2235 5212 se
2264 5158 2495 5229 digestos
2527 5169 2787 5215 memorat
2820 5160 3031 5215 Idatius
3048 5161 3103 5215 in
3122 5160 3307 5216 iisdem
3328 5176 3458 5216 con-

200 5261 282 5304 tra
305 5248 658 5304 Varimadum
693 5249 867 5315 libris,
887 5249 1122 5318 ejusdem
1155 5248 1348 5313 Idatii,
1379 5247 1707 5321 non.Vigilii
1733 5264 1868 5303 esse.
1891 5247 2034 5314 Quia
2058 5257 2233 5301 tamen
2264 5248 2321 5301 in
2353 5249 2596 5303 omnibus
2651 5250 2916 5304 codicibus
2950 5267 3138 5304 nomen
3175 5251 3455 5321 pra'fertur

200 5345 486 5397 Athanasii
505 5352 556 5398 et
582 5343 831 5414 fortassis
860 5345 974 5413 ipso
1008 5345 1281 5412 scriptoris
1322 5343 1565 5410 consilio,
1600 5343 1749 5398 nobis
1775 5342 1958 5413 religio
1980 5341 2083 5412 fuit
2113 5341 2400 5396 Athanasii
2419 5358 2712 5423 expungere
2758 5360 2945 5399 nomen
2969 5385 2986 5412 ,
3034 5344 3174 5417 quod
3224 5345 3455 5413 scriptor

200 5441 312 5508 ipse
342 5437 678 5506 prtemissum
706 5436 892 5493 voluit.

267 5530 398 5598 Quis
420 5547 580 5601 porro
614 5533 683 5586 sit
707 5530 919 5585 Idatius
944 5533 1043 5586 iste
1071 5517 1286 5587 minime
1311 5541 1539 5587 constat.
1579 5531 1697 5586 Duo
1727 5531 1936 5602 quidem
1985 5541 2347 5588 memorantur
2386 5528 2552 5584 Idatii
2589 5532 2870 5600 scriptores
2893 5570 2908 5591 ,
2967 5528 3121 5584 ambo
3177 5527 3447 5599 Hispani;

197 5621 333 5676 alter
363 5624 667 5693 cognomine
697 5623 913 5690 Clarus,
934 5625 1024 5695 qui
1044 5624 1294 5680 adversus
1319 5626 1721 5681 Priscillianum
1750 5627 1989 5697 scripsit,
2025 5644 2088 5680 ac
2121 5626 2414 5682 Theodosio
2440 5626 2646 5679 seniore
2673 5634 2725 5679 et
2762 5625 3134 5680 Valentiniano
3188 5626 3453 5692 imperan-

198 5714 337 5770 tibus
369 5714 507 5770 diem
531 5716 727 5771 clausit
758 5728 1068 5786 extremum,
1097 5728 1225 5775 teste
1248 5717 1460 5774 Isidoro
1486 5720 1676 5788 σαμε.
1712 5720 1862 5776 Alter
1890 5729 1965 5775 est
1991 5718 2203 5775 Idalias
2233 5721 2516 5790 provincia:
2545 5718 2813 5775 σαυππε-ξαν
2840 5720 3131 5789 episcopus,
3156 5715 3454 5774 Chronico-
