3860 6220
397 295 535 359 «45's
1555 305 1612 359 s.
1654 305 2114 363 ATIIA‘NASIUS.
2156 338 2227 349 --
2266 285 2556 365 srum.‘
3510 304 3639 359 tuo

394 433 517 472 sum
548 418 792 487 scriptor,
824 417 1147 474 Lemiccnsis
1171 438 1201 473 a
1243 418 1513 490 Sigeberto
1532 432 1769 485 vocatus,
1797 423 1886 492 qui
1918 420 2089 477 Leone
2116 424 2405 491 imperante
2436 423 2576 478 diem
2610 423 2759 477 obiit.
2798 419 2973 486 Prior,
3029 422 3279 475 adversus
3311 419 3644 474 Marii-aditu

395 511 550 565 illum
573 509 856 565 diaconum
885 512 1167 579 Arianum,
1192 514 1305 583 qui,
1338 523 1395 566 ut
1432 514 1508 566 ait
1544 513 1726 567 Victor
1770 514 2016 579 l'itensis,
2052 515 2318 570 llunerico
2353 518 2462 586 regi
2500 516 2789 584 familiaris
2825 515 2947 583 fuit,
2979 515 3256 585 scripsisse
3288 514 3504 584 nequit;
3560 528 3647 567 nec

398 608 559 661 trium
591 607 856 662 adversus
876 605 1230 662 Val'iuiatlum
1262 608 1519 660 librorum
1549 617 1739 661 auctor
1762 609 1896 670 erit;
1946 609 1995 662 si
2044 619 2217 663 tamen
2275 608 2413 662 idem
2461 610 2571 677 ipse
2602 611 2671 663 sit
2724 608 3060 671 Maribadus,
3090 609 3180 678 qui
3216 605 3562 669 Varimadus,
3596 616 3648 661 ut

396 716 517 754 vero
543 700 674 753 satis
715 698 888 753 simile
925 709 1026 753 est.
1061 698 1232 753 Alteri
1259 716 1408 770 ergo,
1440 700 1761 770 chronologo
1800 700 2024 765 scilicet,
2055 701 2387 769 probabilius
2419 701 2761 756 ascribuntur
2787 716 2807 754 :
2832 702 2918 755 cui
2957 699 3108 756 Clari
3142 700 3375 770 fortasse
3407 714 3597 752 nomen
3618 714 3646 752 α

394 793 643 862 quopiam
668 791 890 845 librario
913 792 1076 861 fuerit
1106 791 1394 861 adjectum.

470 884 736 940 thcrum
764 887 1044 953 opinamur
1069 896 1188 938 octo
1225 895 1431 938 tantum
1450 887 1654 955 priores
1687 886 1849 940 libros
1875 885 1944 939 ad
1977 884 2215 939 Idalium
2246 887 2541 954 pertinere;
2588 902 2712 940 nam
2756 886 3026 954 sequentia
3075 884 3351 954 opuscula,
3379 899 3485 952 quo
3527 883 3651 937 scri-

398 986 545 1047 ptore
572 976 861 1045 prodierint
892 978 1201 1046 ignoratur;
1231 978 1420 1030 etenim
1460 978 1547 1030 cui
1599 979 1704 1031 sint
1733 977 2045 1031 ascribeuda
2074 978 2253 1031 nullus
2293 977 2479 1042 codex,
2511 978 2689 1031 nullus
2709 979 2940 1047 scriptor
2966 979 3056 1047 qui
3103 978 3156 1031 in
3187 990 3379 1030 manus
3405 975 3649 1028 inciderit

396 1080 636 1134 nostras,
660 1070 881 1125 indicat.
910 1070 1015 1126 Sed
1044 1072 1175 1124 liber
1202 1072 1611 1142 quipostremus
1643 1074 1696 1126 in
1722 1073 2100 1139 manuscriptis
2124 1083 2172 1126 et
2201 1073 2254 1126 in
2284 1073 2432 1142 prius
2457 1073 2613 1127 editis
2637 1072 2882 1141 habetur,
2901 1074 2998 1126 hoc
3039 1072 3195 1127 titulo
3219 1088 3236 1125 :
3274 1070 3353 1126 De
3386 1071 3653 1125 Trinitate

398 1167 456 1215 et
482 1160 550 1215 de
579 1159 784 1229 Spiritu
808 1169 1022 1228 sancto,
1048 1172 1095 1217 et
1128 1164 1269 1217 hisce
1298 1164 1466 1219 verbis
1492 1166 1919 1222 inchoatur:llis
1947 1168 2040 1235 qui
2071 1164 2266 1219 Filium
2300 1165 2392 1219 Dei
2435 1173 2683 1220 creatum
2712 1182 2835 1221 csse
2857 1165 3200 1236 proﬁtentur,
3262 1166 3430 1219 uobis-
3452 1161 3655 1218 videtur

402 1252 686 1307 Athanasii
715 1271 827 1309 esse
852 1296 864 1309 .
902 1260 1137 1326 apprime
1164 1259 1303 1313 enim
1347 1262 1581 1315 convenit
1606 1278 1721 1315 eum
1751 1262 1874 1316 aliis
1909 1262 2222 1332 πολεμικοῖς
2260 1264 2366 1316 sive
2388 1262 2585 1332 stylum
2607 1274 2801 1331 spectes
2834 1263 2942 1318 sive
2964 1270 3312 1334 argumenta:
3333 1277 3502 1334 quare
3524 1260 3657 1313 inter

400 1359 654 1415 germana
690 1347 974 1403 Athanasii
1000 1363 1157 1418 opera
1187 1362 1326 1403 tomo
1364 1352 1539 1421 primo
1577 1369 1735 1406 rusus
1760 1353 1886 1422 fuit,
1919 1352 2010 1407 ubi
2031 1352 2096 1406 de
2128 1352 2221 1406 illo
2251 1352 2446 1422 fusius.

1105 1681 1302 1805 DE
1387 1680 2003 1812 SANCTA
2079 1683 2949 1814 TRINITATE

1724 1940 2054 2029 LIBRI
2146 1942 2332 2029 XI.

918 2152 1080 2213 (Vide
1116 2154 1449 2227 Patrologiw
1477 2154 1687 2211 Latina:
1712 2160 1846 2211 tom.
1870 2150 2039 2221 LXII,
2069 2153 2178 2208 col.
2212 2153 2474 2221 257-507,
2512 2154 2568 2208 in
2605 2152 2797 2226 Vigilio
2829 2152 3153 2226 Tapscnsi.)

924 2614 990 2670 IN
1031 2614 1601 2671 DISPUTATIONEM
1642 2614 1701 2670 S.
1741 2613 2117 2670 ATHANASII
2146 2613 2428 2670 CONTRA
2469 2613 2693 2669 ARIUM
2743 2613 3144 2670 ADMONITIO.

486 2759 681 2831 Vigilio
715 2758 968 2828 Tapsensi
1001 2759 1097 2813 hoc
1122 2775 1250 2828 opus
1285 2758 1497 2827 jamdiu
1538 2760 1820 2814 vindicavit
1867 2759 2120 2830 Georgius
2147 2756 2452 2814 Cassander
2480 2760 2537 2814 in
2569 2759 2696 2814 edit.
2738 2757 2923 2816 Colon.
2957 2776 3097 2815 anno
3126 2759 3285 2825 1555,
3314 2767 3364 2813 et
3395 2769 3516 2829 post
3544 2774 3667 2815 eum

409 2852 645 2907 eruditus
694 2853 774 2905 vir
825 2850 1135 2922 Chiﬂletius,
1178 2866 1243 2906 ea:
1278 2860 1459 2920 aperto
1484 2852 1685 2907 scilicet
1730 2853 1902 2922 ipsius
1936 2851 2119 2923 Vigilii
2161 2852 2481 2915 testimonio,
2524 2853 2613 2924 qui
2661 2852 2716 2905 in
2755 2851 2890 2905 libro
2940 2868 2976 2908 ν
3017 2851 3284 2906 adversus
3338 2850 3660 2924 Eutycbem,

410 2959 526 3012 cap.
555 2943 591 2998 2
616 2945 727 2998 ha’c
752 2943 950 2998 habet:
974 2943 1039 2998 Et
1065 2962 1405 3018 quanquam,
1433 2949 1628 3019 inquit,
1656 2948 1722 3005 de
1756 2948 2117 3003 conciliorum
2152 2946 2387 3002 diversis
2425 2946 2830 3009 sanctionibus,
2861 2955 2916 3000 et
2953 2947 3239 3000 nominum
3276 2946 3534 3017 religiose
3566 2943 3664 2998 ad-

412 3039 540 3094 ditis
573 3039 930 3105 novitatibus,
961 3040 1277 3109 plenissime
1321 3043 1376 3097 in
1425 3043 1508 3098 eis
1561 3043 1734 3107 libris,
1765 3057 1905 3112 quos
1932 3044 2198 3097 adversus
2239 3038 2562 3102 Sabellium,
2607 3037 2938 3101 Photinum,
2978 3049 3032 3093 et
3061 3037 3273 3101 Arium,
3300 3038 3407 3093 sub
3445 3037 3665 3092 nomine

413 3130 694 3185 Athanasii
733 3138 992 3200 tanquam
1022 3134 1069 3185 si
1094 3141 1388 3200 praesentes
1413 3150 1537 3188 cum
1569 3134 1935 3203 prmsentibus
1967 3142 2214 3203 agerent,
2249 3130 2345 3186 ubi
2383 3130 2548 3185 etiam
2580 3129 2881 3199 cognitoris
2916 3144 3147 3198 persona
3176 3127 3398 3182 videtur
3421 3129 3664 3191 inducta,

412 3221 863 3289 conscripsimus,
893 3228 1001 3275 etc.
1044 3221 1278 3293 Hujusce
1306 3242 1424 3281 vero
1457 3228 1628 3296 operis
1661 3226 1781 3281 duae
1810 3236 1933 3281 sunt
1965 3242 2057 3281 nec
2092 3224 2355 3279 modicum
2397 3224 2533 3276 inter
2565 3239 2620 3276 se
2664 3222 3020 3290 discrepantes
3044 3221 3252 3290 formas.
3282 3221 3446 3276 Prior
3471 3237 3589 3290 qua:
3612 3220 3667 3273 in

414 3317 561 3385 prius
612 3316 767 3371 editis
799 3317 1080 3371 Athanasii
1108 3327 1394 3385 comparet,
1431 3319 1831 3373 altercationem
1882 3317 2044 3388 refert
2088 3316 2443 3370 Athanasium
2481 3315 2618 3368 inter
2654 3323 2703 3368 et
2744 3315 2928 3367 Arium
2958 3315 3129 3368 solum
3154 3329 3172 3367 :
3200 3313 3466 3380 posterior
3494 3313 3669 3381 priore

415 3413 565 3482 longe
598 3413 805 3466 auctior
834 3430 867 3466 a
893 3411 1149 3483 Chiﬁletio
1176 3412 1318 3467 edita
1347 3414 1696 3483 disputationi
1744 3414 2008 3468 interserit
2044 3410 2336 3467 Sabellium
2374 3418 2423 3463 et
2463 3407 2782 3470 Photinum;
2818 3415 2867 3459 et
2898 3406 2953 3459 in
2986 3405 3091 3474 fine
3116 3404 3312 3472 adjicit
3348 3403 3666 3457 sententiam

416 3505 612 3570 iudicis
642 3506 826 3561 Probi.
860 3506 1057 3561 Ambas
1110 3507 1234 3562 illas
1280 3509 1509 3579 integras
1537 3507 1750 3562 reddere
1790 3508 1959 3562 visum
2002 3506 2125 3575 fuit.
2179 3504 2341 3559 Putat
2381 3504 2696 3575 Chiﬁletius,
2734 3503 2962 3572 priorem
2993 3521 3027 3558 a
3070 3502 3290 3572 Vigilio,
3322 3510 3435 3552 tum
3473 3500 3666 3552 editam

417 3600 583 3670 fuisse
606 3618 722 3655 cum
756 3603 928 3656 adhuc
972 3602 1336 3658 Vandalorum
1350 3606 1483 3675 jugo
1510 3614 1853 3673 premeretur,
1891 3604 2123 3675 adeoque
2155 3603 2269 3672 ejus
2303 3610 2493 3655 auctor
2533 3600 2747 3670 agnosci
2784 3597 2980 3661 nollet;
3016 3592 3356 3663 posteriorem
3384 3606 3525 3653 vero,
3556 3604 3668 3641 cum

418 3703 571 3749 extra
603 3712 786 3749 eorum
818 3706 1130 3766 potestatem
1155 3704 1289 3748 esset
1314 3711 1333 3748 :
1355 3695 1540 3764 quippe
1570 3696 1623 3747 in
1655 3711 1759 3764 qua
1782 3711 1836 3748 se
1864 3704 1915 3749 et
1963 3692 2249 3747 Athanasii
2296 3706 2575 3760 personam
2619 3691 2923 3744 ementitum
2965 3702 3097 3748 esse,
3128 3693 3177 3738 et
3226 3680 3572 3735 Haribadum
3612 3694 3675 3733 ac

424 3771 728 3846 Palladium
759 3795 988 3848 Arianos
1020 3794 1229 3862 scriptis
1260 3791 1411 3845 libris
1442 3791 1744 3859 confutasse
1781 3791 1962 3860 palam
1997 3791 2295 3859 profitetur.
2338 3787 2439 3843 Sed
2470 3790 2650 3858 palam
2680 3795 2758 3840 est
2793 3786 2902 3838 ha’c
2931 3778 3275 3851 conjectaudo
3308 3785 3518 3832 tantum
3549 3775 3670 3830 dici.

426 3883 537 3940 Nec
565 3904 681 3958 qua:
707 3905 870 3942 causa
888 3890 956 3942 sit
980 3861 1143 3942 tanta:
1165 3891 1299 3942 inter
1328 3899 1606 3959 utramque
1633 3887 1861 3958 formam
1891 3887 2189 3950 varietatis,
2218 3886 2352 3939 satis
2384 3893 2707 3952 compertum
2729 3881 2969 3936 habetur.

972 4214 1703 4309 DISPUTATIO
1774 4217 2424 4309 ATHANASII
2500 4216 2740 4307 CUM
2833 4211 3124 4305 ARIO

1647 4427 1887 4485 CORAM
1920 4428 2149 4487 PROBO
2184 4429 2445 4485 JUDICE.

1012 4589 1171 4661 (Vide
1202 4588 1528 4661 Patrologite
1562 4589 1766 4646 Latiale
1799 4600 1930 4646 tom.
1959 4589 2124 4656 LXII,
2156 4591 2267 4646 col.
2306 4590 2432 4657 l55,
2462 4588 2759 4663 inﬂigilio
2787 4587 3076 4660 Tapsensi.
3082 4587 3121 4659 )1

1236 4837 1990 4929 ALTERCATIO
2061 4838 2159 4928 S.
2236 4837 2884 4929 ATHANASll

1130 5028 1361 5094 Contra
1389 5029 1640 5103 Arium,
1674 5026 2023 5105 εωωω
2063 5028 2168 5090 vel
2207 5028 2553 5097 Phoﬁnum
2602 5026 2961 5093 hmreticos.

1716 5190 1877 5271 (Vide
1892 5181 2069 5263 ἶὶηᾱ.,
2103 5196 2210 5251 col.
2246 5185 2394 5269 479.,
