3860 6220
203 247 332 303 MM

1093 233 1367 291 PONTIF.
1410 232 1577 288 R031.
1618 231 1707 285 ET
1742 228 2115 286 ATHANASII
2158 226 2542 283 EPISTOLIE.

3312 220 3457 279 1449.

202 385 2079 416 W

1168 509 1237 564 1N
1278 506 1690 575 SEQUENTES
1731 503 2112 560 EPISTOLAS
2149 501 2491 558 MONITUM.

274 637 616 713 532-597
643 634 726 690 En
754 632 869 698 tibi,
893 630 1081 685 Lector
1126 627 1351 690 erudite,
1373 627 1613 681 sistimus
1665 624 1919 693 epistolas
1956 623 2226 678 variorum
2271 621 2583 689 pontificum
2618 616 2689 672 ad
2726 614 3103 681 Athanasium,
3141 626 3191 672 et
3226 619 3455 675 vicissim

207 737 486 793 Athanasii
512 735 580 788 ad
609 732 902 801 pontiﬁces,
941 730 1005 784 ab
1036 730 1215 783 otiosis
1248 725 1547 781 hominibus
1577 725 1920 791 conscriptas.
1966 722 2099 775 Duae
2140 723 2342 790 priores
2397 719 2576 773 Grtcce
2606 717 2821 788 jamdiu
2851 725 3063 769 exstant
3094 716 3148 769 in
3189 717 3456 772 codicibus

207 827 609 888 Athanasianis,
651 823 815 893 iisque
834 820 1179 890 perantiquis,
1219 826 1442 885 suntque
1473 814 1702 880 imperiti
1735 812 1964 868 Gricculi
1997 828 2125 880 opus
2159 826 2178 864 :
2209 827 2332 864 nam
2361 826 2477 879 qua:
2521 809 2586 864 de
2612 811 2874 866 Trinitate
2903 813 3028 867 istic
3071 815 3456 883 praedicantur,

206 922 482 976 ἀσύστατα
513 920 814 988 plerumque
843 926 987 977 sunt,
1012 927 1062 970 et
1087 914 1152 968 ab
1182 913 1395 966 usitatis
1423 911 1719 964 Athanasio
1759 906 2003 979 loquendi
2037 906 2282 976 formulis
2312 921 2530 974 prorsus
2572 907 2769 962 aliena.
2809 906 2972 961 Prior
3003 909 3230 976 epistola
3258 908 3460 964 Liberii

207 1012 277 1066 ad
307 1010 677 1075 Athanasium,
704 1006 891 1059 mutila
919 1005 1123 1060 videtur
1154 1003 1327 1066 initio,
1362 1010 1421 1055 ut
1450 999 1652 1055 indicat
1679 999 1842 1054 codex
1886 997 2263 1067 Seguerianus,
2308 997 2398 1063 qui
2429 996 2582 1050 habet
2607 996 2676 1051 ad
2716 1000 3039 1069 marginem,
3075 999 3228 1071 ζήτει
3261 1002 3458 1073 ἀρχήν,

207 1118 390 1174 quaere
436 1101 675 1156 initium.
727 1095 968 1153 Secunda
1004 1111 1120 1166 qua:
1160 1104 1238 1149 est
1273 1092 1555 1147 Athanasii
1584 1091 1651 1144 ad
1684 1091 1973 1156 Liberium,
2030 1091 2235 1145 nullam
2276 1089 2490 1158 praefert
2538 1089 2777 1158 epistola:
2828 1091 3078 1161 formam,
3113 1094 3205 1147 sed
3246 1102 3326 1148 est
3366 1111 3461 1148 ceu

205 1200 383 1267 inepta
409 1193 673 1267 quaedam,
703 1202 752 1246 et
785 1189 1067 1245 admodum
1103 1189 1376 1258 implicata
1410 1185 1536 1256 fidei
1556 1188 1834 1256 expositio.
1869 1186 2067 1257 Estque
2105 1194 2387 1254 utrumque
2430 1184 2762 1254 opusculum,
2791 1195 2846 1237 ut
2878 1200 2942 1238 ex
2971 1185 3137 1239 verbis
3167 1187 3463 1256 conjectare

210 1293 352 1353 licet,
375 1290 439 1343 ab
486 1287 666 1343 eodem
700 1286 953 1353 scriptore
980 1294 1282 1340 exaratum.
1344 1282 1513 1338 Nemo
1560 1294 1757 1350 autem,
1798 1292 1857 1336 ut
1889 1283 2092 1351 opinor,
2123 1281 2200 1335 vel
2231 1280 2497 1333 tantillum
2532 1280 2753 1349 peritus,
2785 1279 2895 1333 haec
2946 1289 3039 1332 aut
3080 1278 3315 1345 Liberio,
3369 1291 3463 1336 aut

207 1380 501 1435 Athanasio
525 1376 932 1447 adjudicaturus
965 1386 1062 1430 est.
1103 1374 1240 1429 Nam
1272 1384 1465 1443 prwter
1486 1375 1610 1445 styli
1640 1374 2051 1443 discrepantiam
2084 1373 2238 1442 plane
2259 1372 2617 1439 conspicuam,
2644 1387 2747 1423 non
2776 1370 2902 1424 levis
2931 1379 3009 1424 est
3030 1371 3164 1424 illud
3189 1374 3462 1439 momenti,

208 1478 345 1549 quod
369 1478 423 1531 in
448 1485 597 1530 tanta
621 1490 795 1528 rerum
823 1470 1305 1527 ecclesiasticarum
1326 1467 1744 1536 perturbatione,
1777 1476 1980 1535 quanta
2022 1466 2233 1518 ineunte
2261 1462 2471 1517 Liberio
2502 1462 2892 1531 pontiﬁcatum,
2931 1463 2985 1515 in
3016 1472 3122 1516 toto
3156 1464 3464 1519 Christiano

210 1573 331 1626 orbe
359 1569 701 1631 versabatur;
741 1582 831 1620 nec
883 1565 946 1620 de
995 1575 1285 1632 temporum
1329 1561 1650 1623 conditione,
1684 1576 1777 1614 nec
1831 1560 1895 1614 de
1940 1560 2310 1614 controversiis
2347 1558 2652 1613 Cutholicos
2691 1557 2828 1610 inter
2873 1561 2924 1607 et
2954 1553 3213 1618 Arianos,
3275 1557 3464 1624 quibus

212 1663 399 1719 Oriens
423 1662 623 1731 pariter
643 1668 692 1713 et
721 1658 973 1714 Occidens
1013 1672 1073 1710 eo
1113 1666 1339 1723 tempore
1393 1651 1818 1723 conﬂagrabant,
1853 1652 2024 1706 ullam
2068 1651 2273 1720 faciant
2316 1651 2650 1704 mentionem.
2684 1646 2753 1702 In
2790 1648 2872 1702 his
2901 1649 3062 1702 etiam
3096 1646 3206 1702 lucc
3230 1649 3467 1716 formula

210 1776 309 1812 usu
336 1759 470 1813 venit
502 1772 521 1810 :
547 1754 786 1815 Patrem,
816 1749 1021 1805 Filium
1052 1759 1101 1805 et
1134 1748 1394 1818 Spiritum
1420 1756 1686 1811 sanctum,
1740 1762 1905 1800 unum
1953 1761 2066 1799 esse
2093 1743 2413 1809 ὑποστάσει,
2442 1758 2559 1813 qua:
2594 1741 2715 1796 licet
2741 1739 3026 1793 Athanasii
3068 1751 3295 1809 tempore
3333 1758 3467 1796 non-

209 1857 335 1911 dum
365 1853 658 1923 proscripta
678 1857 832 1911 esset,
869 1864 902 1900 a
940 1855 1123 1900 sancto
1165 1854 1341 1898 tamen
1385 1842 1598 1897 doctore
1627 1858 1898 1912 nunquam
1943 1849 2256 1910 usurpatur.
2293 1837 2427 1891 Eam
2478 1836 2825 1891 nihilominus
2867 1838 2922 1889 in
2954 1835 3198 1905 confesso
3231 1853 3365 1903 esse,
3403 1853 3468 1891 ac

209 1958 348 2009 inter
367 1968 500 2007 verre
526 1949 651 2020 ﬁdei
674 1945 947 2002 clausulas
973 1946 1147 1999 locum
1178 1944 1389 2011 habere,
1419 1953 1653 1999 statuere
1677 1943 1883 1998 videtur
1909 1943 2001 2014 qui
2026 1942 2275 1997 ementita
2303 1939 2501 1994 Liberii
2531 1950 2581 1994 et
2612 1939 2896 1994 Athanasii
2926 1938 3135 1993 nomine
3167 1935 3264 1989 has
3300 1932 3469 1988 edidit

208 2047 482 2122 epistolas.

278 2144 524 2212 Reliquas
547 2146 721 2193 autem
757 2134 1162 2207 epistolas,quie
1178 2130 1367 2187 Latine
1384 2140 1566 2201 postea
1583 2130 1997 2201 subsequuntur.
2015 2128 2266 2183 haesimus
2300 2126 2590 2198 aliquando
2633 2124 2803 2187 dubii,
2842 2139 2911 2176 an
2946 2121 3239 2185 ederemus,
3268 2131 3427 2172 necne
3448 2131 3469 2170 :

208 2235 335 2309 quia
365 2233 637 2296 nimirum,
685 2230 912 2300 exceptis
934 2230 1200 2300 prioribus
1226 2229 1455 2294 duabus,
1490 2228 1615 2283 alia:
1645 2243 1822 2281 omnes
1862 2243 1896 2281 a
1924 2225 2357 2280 Commelinianis
2387 2233 2436 2277 et
2454 2219 2869 2285 Parisiensibus,
2897 2215 3035 2287 quod
3068 2215 3265 2268 nullius
3288 2214 3467 2283 pretii,

213 2348 275 2386 ac
295 2346 358 2385 ne
384 2325 737 2385 memoranda
768 2325 978 2397 quidem
1015 2326 1316 2391 videantur,
1343 2323 1843 2395 pra'termittuntur.
1876 2318 1947 2373 Et
1972 2335 2100 2373 sane
2126 2317 2432 2371 commentis
2457 2323 2579 2368 sunt
2605 2322 2654 2367 et
2680 2309 2965 2366 mendaciis
2998 2322 3269 2374 respersa',
3310 2318 3474 2372 exque

210 2428 373 2483 variis
395 2426 522 2481 locis
569 2425 969 2485 consarcinatte,
1004 2429 1060 2473 ut
1095 2435 1157 2473 ne
1206 2416 1450 2470 umbram
1484 2413 1695 2486 quidem
1718 2410 2074 2481 γνησιότητος
2119 2408 2374 2479 referant.
2433 2404 2624 2458 Verum
2670 2417 2733 2455 ne
2765 2398 2891 2471 quid
2930 2398 2984 2450 in
3028 2404 3210 2449 nostra
3244 2390 3474 2446 editione

214 2520 379 2577 lector
403 2518 479 2574 vel
512 2533 579 2573 ex
605 2516 801 2586 spuriis
835 2511 1179 2574 desideraret,
1212 2509 1382 2563 visum
1410 2515 1488 2561 est
1516 2521 1607 2558 eas
1639 2503 1809 2557 denuo
1836 2499 2126 2569 publicare.

295 2613 365 2669 Ut
401 2623 577 2670 autem
609 2613 779 2682 primo
806 2616 1081 2677 conspectu
1108 2604 1340 2659 advertet
1374 2600 1615 2656 eruditus
1641 2599 1841 2662 lector,
1867 2611 1973 2649 non
1995 2603 2117 2649 sunt
2146 2594 2331 2647 isthaec
2370 2591 2472 2645 nisi
2505 2587 2737 2653 lacinite,
2772 2598 2837 2638 ex
2875 2580 3114 2637 Historia
3150 2576 3472 2648 Tripartita,

212 2727 281 2768 ex
304 2709 485 2764 multis
512 2705 854 2779 synodalibus
877 2701 1139 2773 epistolis,
1160 2707 1209 2754 et
1241 2697 1465 2752 decretis
1504 2693 1873 2753 conciliorum,
1913 2690 2034 2743 hinc
2081 2688 2203 2743 inde
2228 2695 2507 2755 excerptaa,
2536 2696 2589 2739 et
2622 2700 2657 2736 a
2690 2680 2914 2751 falsario
2940 2676 3170 2748 quodam
3198 2674 3469 2729 consarci-

218 2808 378 2862 παίω,
401 2799 493 2870 qui
521 2807 579 2851 ut
603 2797 781 2867 fucum
808 2792 1094 2865 legentibus
1121 2789 1340 2859 faceret,
1373 2785 1589 2840 nomina
1626 2795 1856 2852 persaepe
1877 2780 2093 2848 propria
2125 2777 2445 2841 immutavit,
2499 2788 2667 2828 annos
2706 2769 2972 2824 arbitratu
2999 2783 3117 2832 suo,
3151 2772 3200 2819 et
3234 2763 3475 2819 consules

218 2861 485 2962 ascripsit.
515 2861 613 2944 Ad.
628 2861 918 2959 marginem
937 2900 1032 2939 nos
1060 2880 1329 2937 undenam
1358 2878 1569 2934 laciuice
1593 2871 1857 2943 eiusmodi
1881 2869 2160 2940 prodeant,
2191 2885 2286 2939 pro
2314 2865 2572 2938 facultate
2599 2861 3036 2935 signiﬁcavimus.

668 3027 1042 3124 ATHANASI
1081 3060 1170 3117 ET
1210 3055 1654 3127 QUORUMDAM
1700 3047 2143 3112 ROMANORUM
2183 3044 2602 3103 PONTlFlCUM
2639 3038 3024 3097 EPISTOLAE.

216 3168 510 3237 At6’eplov,
555 3164 892 3237 ἐπισκόπου
935 3159 1174 3237 Ῥώμης,
1199 3155 1495 3237 enicem“;
1522 3154 1807 3237 πρὸς-,ξὺν
1834 3207 1840 3217 ,

1921 3148 2125 3210 Liberii,
2147 3144 2376 3237 epi‘sfopi
2410 3140 2705 3237 130mme

289 3224 474 3294 αῧτὸν
498 3224 892 3296 ”Αθανάσιον,
929 3224 1283 3285 ὅτίτέλειον
1322 3228 1637 3296 ἄνθρωπον
1663 3224 1805 3279 ἐλα-

289 3312 392 3364 ϐεν
425 3312 458 3363 ὁ
492 3306 636 3372 Θεὸς
667 3307 880 3374 Λόγος.

296 3423 483 3475 Ἔστιν
512 3414 605 3474 οῦν
640 3419 772 3488 ἡμῖν
803 3417 836 3487 ἡ
862 3411 1141 3486 ὁμολογία,
1177 3409 1470 3480 ἐπιπόθητέ
1507 3425 1596 3479 μοι
1646 3406 1807 3460 Ἀθα-

220 3514 392 3577 νάσιε,
429 3512 597 3580 Λόγος
615 3506 769 3572 Θεοῦ,
796 3507 924 3569 Υἱὸς
957 3503 1102 3558 κατὰ
1122 3501 1303 3571 φύσιν,
1337 3501 1401 3554 ὲκ
1431 3498 1525 3553 τοῦ
1552 3497 1686 3551 Θεοῦ
1709 3496 1806 3551 καὶ

220 3606 436 3678 Πατρὸς
464 3601 765 3674 γεννηθεὶς,
799 3600 859 3653 οὐ
894 3595 1154 3658 κτισθεὶς,
1189 3593 1304 3647 ἀλλ’
1333 3592 1421 3646 ἀεὶ
1445 3590 1519 3644 ὢν
1543 3590 1808 3661 συνάναρ-

220 3717 315 3771 χος
346 3697 423 3768 τῷ
456 3695 573 3767 Θεῷ
597 3694 690 3748 καὶ
719 3692 914 3762 Πατρὶ,
946 3690 1041 3743 καὶ
1072 3685 1508 3747 άκαταπαύστως
1547 3682 1608 3735 τὸ
1648 3681 1808 3752 βασί⁴

221 3793 364 3845 λειον
393 3788 530 3859 ἔχων
556 3788 636 3849 εἰς
664 3785 790 3847 τοὺς
817 3781 1204 3851 ἁτελευτήτους
1231 3777 1453 3841 αἰῶνας.
1472 3775 1665 3845 Ἀμήν.
1695 3772 1809 3826 Καὶ

223 3882 287 3937 τὸ
315 3879 540 3950 Πνεῦμα
567 3877 625 3931 δὲ
650 3876 711 3928 τὸ
728 3876 881 3942 ἆγιον
911 3871 1128 3942 ἀληθῶς
1153 3872 1217 3923 ὲκ
1249 3867 1343 3922 τοῦ
1371 3864 1506 3920 Θεοῦ
1536 3864 1679 3920 κατὰ
1705 3863 1808 3934 φύ-

224 3994 309 4030 σιν
331 3977 398 4045 τῇ
427 3971 586 4041 φύσει
608 3969 716 4041 (28)
749 3966 902 4029 Θεὸν,
930 3963 1224 4036 ἀμέριστον
1261 3964 1326 4014 ὲκ
1358 3957 1491 4013 Θεοῦ
1527 3956 1670 4011 κατὰ
1711 3955 1811 4020 τὰς

222 4066 384 4136 ἁγίας
430 4060 654 4135 Γραφάς
676 4076 689 4089 ·
747 4055 844 4110 τοῦ
898 4051 1037 4108 εἶναι
1081 4050 1297 4123 ἀληθῶς
1319 4050 1412 4102 τὸν
1443 4048 1682 4119 Πατέρα,
1716 4046 1811 4099 καὶ

220 4157 318 4214 τοῦ
347 4155 488 4211 εἶναι
531 4150 747 4224 ἀληθῶς
778 4148 868 4202 τὸν
900 4147 1050 4208 Υἱὸν,
1087 4144 1182 4197 καὶ
1219 4142 1313 4196 τοῦ
1345 4137 1482 4194 εἶναι
1508 4138 1724 4209 άληθῶς
1750 4137 1811 4190 τὸ

224 4255 379 4324 ἆγιον
409 4248 654 4319 Πνεῦμα,
712 4245 941 4298 ἕκαστον
993 4239 1166 4310 ὄνομα
1218 4237 1293 4308 μὴ
1343 4233 1810 4307 μεταϐαλὶόμενον

225 4319 317 4402 ἐπὶ
344 4342 643 4413 ἀναθέματι
669 4340 734 4391 ὲκ
762 4336 861 4407 τῆς
892 4333 1099 4394 οἰκείας
1127 4327 1494 4400 ἐπονομασίας
1515 4343 1527 4356 ·
1550 4323 1645 4378 τοῦ
1671 4319 1811 4376 εἶναι

222 4440 321 4511 τὴν
347 4435 551 4508 Τριάδα
586 4428 801 4501 ἀληθῶς
838 4425 1047 4497 Τριάδα
1100 4424 1158 4476 ὲν
1211 4421 1308 4492 μιᾷ
1358 4418 1591 4486 θεότητι,
1627 4414 1721 4468 καὶ
1754 4414 1812 4466 ὲν

229 4531 329 4603 μιᾷ
344 4527 591 4597 δυνάμει,
617 4522 710 4576 καὶ
744 4522 800 4572 ὲν
826 4518 925 4589 μιᾷ
948 4514 1128 4585 οὑσίᾳ,
1161 4512 1254 4565 καὶ
1275 4513 1332 4563 ὲν
1363 4527 1422 4580 μι

226 4594 317 4675 δῦ.
355 4594 787 4687 γὰρ-μερίζεται
814 4608 842 4660 ὁ
871 4604 1000 4668 Υἱὸς
1035 4605 1101 4656 ὲκ
1136 4601 1237 4671 τῆς
1274 4599 1548 4670 πατρικῆς
1571 4594 1809 4648 ὑποστά-

228 4685 387 4772 σεως,
422 4685 541 4760 οὐδὲ
600 4703 661 4757 τὸ
708 4698 935 4769 Πνεῦμα
966 4695 1027 4749 τὸ
1050 4693 1226 4763 ἆγιον,
1254 4692 1352 4762 τῆς
1378 4687 1691 4760 πληρούσης
1719 4685 1809 4739 τὸν

226 4796 448 4868 οὐρανὸν
466 4794 560 4848 καὶ
582 4791 680 4862 τὴν
709 4789 835 4859 γῆν.
877 4788 1065 4839 Ἔστιν
1088 4777 1201 4844 οὖν,
1236 4778 1420 4835 καθὼς
1451 4778 1735 4847 προεῖπον,
1774 4774 1809 4842 ἡ

227 4863 398 4962 Τριὰς
428 4890 484 4940 ἐν
515 4886 614 4956 μιᾷ
638 4879 932 4936 ὑποστάσει
967 4875 1041 4948 μὴ
1080 4869 1428 4945 μεριζομέννι,
1450 4868 1545 4921 καὶ
1565 4868 1630 4936 τῇ
1656 4863 1813 4936 οὑσίᾳ

231 4956 310 5045 ἓν,
340 4982 436 5035 καὶ
455 4981 520 5051 τῇ
545 4976 756 5047 θεότητι
779 4972 859 5033 ἓν,
889 4969 985 5023 καὶ
1018 4969 1084 5038 τῇ
1116 4963 1342 5034 δυνάμει
1375 4960 1455 5024 ἓν,
1486 4959 1582 5013 καὶ
1609 4959 1676 5028 τῇ
1717 4956 1814 5026 βα-

233 5074 407 5145 σιλείᾳ
430 5048 519 5133 ἓν,
545 5069 640 5123 καὶ
666 5069 732 5137 τῇ
760 5060 1037 5132 δοξολογίᾳ
1066 5058 1146 5122 ἓν,
1186 5056 1280 5109 καὶ
1311 5056 1377 5125 τῇ
1415 5051 1583 5105 εἰκόνι
1615 5049 1694 5111 ἓν,
1719 5048 1815 5101 καὶ

230 5167 309 5237 τῷ
333 5138 608 5234 Πνεῦματι
632 5160 690 5213 ἓν
712 5175 724 5188 ·
761 5153 986 5224 Πνεῦμα
1012 5150 1121 5222 γὰρ
1153 5148 1214 5201 οὐ
1253 5143 1554 5218 μερίζεται.
1597 5138 1817 5193 Ἀνάθε-

236 5229 313 5330 μα
333 5252 426 5310 οῦν
453 5229 596 5322 λέγω
622 5247 911 5303 Σαϐελλίου
936 5244 997 5297 τὸ
1016 5242 1194 5311 δόγμα
1221 5237 1318 5290 καὶ
1340 5234 1578 5306 Ἀρείου.
1602 5232 1697 5284 καὶ
1716 5229 1817 5292 τὰς

231 5325 620 5420 προαπηγόρευ
630 5340 792 5413 μένας
816 5334 1173 5409 αἰρέσεις,είς
1199 5328 1424 5382 αἰωνίαν
1453 5325 1697 5381 κόλασιν,
1717 5337 1818 5373 κα-

229 5410 302 5493 τά
326 5434 425 5506 τὴν
444 5410 545 5486 ’τοῦ
577 5410 828 5501 Σὼτῆρος
857 5423 1062 5494 φωνήν.
1090 5419 1273 5489 Ταύτῃ
1309 5411 1402 5469 οὖν
1429 5415 1495 5484 τῇ
1533 5410 1814 5482 ὁμολογίᾳ,

232 5502 431 5597 ﬁdeles
462 5523 769 5586 Ἀθανάσιε,
800 5520 869 5590 τῇ
897 5515 1033 5586 οΰσῃ
1071 5512 1207 5584 μόνῃ
1251 5509 1346 5563 καὶ
1387 5503 1603 5578 ἀληθῶς
1635 5502 1816 5556 πίστει

314 5684 424 5755 (28)
485 5680 561 5735 Ita
609 5675 995 5748 seguerianus.
1041 5668 1097 5724 In
1139 5666 1333 5729 editis,
1374 5680 1440 5733 τῃ
1479 5659 1634 5730 φύσει
1680 5656 1853 5711 deest.

2709 3138 2869 3193 istola
2894 3136 2963 3190 ad
2994 3131 3342 3189 Athanasium
3367 3132 3479 3202 epi-

1980 3203 2198 3287 scopum
2215 3203 2575 3268 Alexandriaz.
2593 3203 2747 3287 Quod
2768 3209 2908 3263 Deus
2923 3204 3165 3269 Verbum,
3190 3203 3479 3273 perfectum

1978 3284 2240 3342 hominem
2282 3284 2646 3351 assumpserit.

1979 3395 2106 3451 Haec
2126 3394 2293 3465 igitur
2309 3398 2394 3447 est
2415 3396 2604 3446 nostra
2621 3385 2919 3450 confessio,
2940 3384 3282 3456 optatissime
3308 3382 3479 3437 Atha-

1908 3487 2054 3551 nasi,
2116 3485 2355 3540 Verbum
2398 3481 2492 3537 Dei
2540 3478 2714 3535 Filius
2757 3479 3061 3535 secundum
3110 3483 3389 3539 naturam,
3414 3489 3483 3529 ex

1907 3581 2022 3637 Deo
2051 3587 2105 3636 et
2121 3578 2283 3634 Patre
2314 3580 2553 3649 genitus,
2584 3589 2693 3628 non
2716 3582 2966 3637 creatus;
2996 3568 3091 3626 sed
3125 3582 3339 3637 semper
3364 3567 3486 3622 sine

1908 3674 2068 3729 initio
2092 3687 2202 3726 una
2224 3685 2349 3724 cum
2385 3667 2495 3722 Deo
2526 3673 2581 3721 ct
2623 3665 2804 3729 Patre,
2838 3670 2893 3718 et
2915 3662 3034 3717 sine
3066 3660 3171 3714 ﬁne
3196 3658 3483 3728 imperium

1910 3764 2121 3819 habens
2148 3777 2247 3832 per
2266 3757 2479 3813 inﬁnita
2508 3755 2729 3812 saecula.
2764 3753 2958 3807 Amen.
2990 3751 3121 3805 Item
3162 3744 3485 3819 (credimus)

1912 3853 2177 3926 Spiritum
2209 3859 2459 3908 sanctum
2494 3862 2622 3903 vere
2650 3862 2716 3902 ex
2749 3843 2861 3900 Deo
2895 3838 3203 3898 secundum
3230 3845 3487 3893 naturam

1910 3956 1965 4000 et
1985 3952 2182 4000 natura
2208 3941 2401 4005 Deum,
2438 3938 2734 3994 indivisum
2773 3951 2803 3989 a
2828 3934 2939 3988 Dco
2963 3931 3265 3989 secundum
3299 3943 3489 3985 sacras

1914 4035 2274 4106 Scripturas;
2308 4033 2384 4086 ita
2426 4039 2486 4085 ut
2514 4029 2586 4085 sit
2639 4043 2764 4083 vere
2811 4025 2993 4091 Pater,
3023 4038 3153 4079 vere
3199 4020 3396 4082 Filius,
3434 4026 3491 4073 et

1910 4143 2040 4184 vere
2082 4125 2320 4197 Spiritus
2361 4129 2609 4186 sanctus,
2637 4118 2973 4185 vetitumque
3001 4120 3086 4169 est
3130 4111 3235 4168 sub
3264 4110 3492 4164 anathe-

1912 4219 2077 4275 matis
2106 4196 2269 4272 nomn
2316 4214 2597 4285 quodlibet
2648 4223 2850 4263 nomen
2885 4223 2915 4260 a
2942 4204 3162 4276 propria
3207 4196 3505 4285 signiﬁca—'

1915 4308 2062 4362 tione
2090 4281 2428 4369 transferre;
2472 4301 2545 4354 ita
2593 4305 2653 4352 ut
2694 4295 2938 4350 Trinitas
2972 4295 3045 4349 sit
3076 4307 3203 4348 vere
3246 4281 3492 4344 Trinitas

1916 4401 1972 4455 in
1998 4415 2108 4454 una
2164 4398 2384 4460 deitate,
2416 4394 2471 4448 in
2498 4406 2604 4446 una
2636 4379 2928 4460 petestate,
2970 4386 3025 4439 in
3073 4400 3182 4438 una
3224 4381 3488 4444 essentia,

1428 4510 1461 4580 ᾷ
1489 4506 1809 4560 ὑποστάσει.

1921 4499 1968 4546 et
1998 4491 2055 4545 in
2082 4504 2188 4544 una
2218 4484 2544 4543 substantia.
2601 4480 2959 4551 Nequaquam
3015 4476 3163 4532 enim
3228 4472 3493 4528 dividitur

1918 4582 2109 4645 Filius,
2153 4595 2332 4651 neque
2371 4576 2607 4648 Spiritus
2648 4578 2874 4628 sanctus
2901 4585 2933 4624 a
2966 4578 3192 4640 paterna
3235 4567 3495 4622 substan-

1918 4676 2014 4738 tia,
2063 4687 2184 4742 quae
2213 4670 2401 4740 implet
2447 4667 2646 4722 ccelum
2677 4673 2732 4721 et
2768 4672 2996 4720 terram.
3038 4659 3138 4715 Est
3187 4658 3373 4729 igitur,
3413 4655 3493 4709 uti

1919 4780 2088 4835 supra
2123 4763 2258 4825 dixi,
2295 4760 2539 4815 Trinitas
2563 4758 2618 4812 in
2650 4772 2759 4811 una
2790 4752 3341 4818 substantiazestque
3365 4748 3495 4802 sub-

1921 4855 2122 4911 stantia
2156 4868 2347 4917 unum,
2370 4852 2573 4907 deitate
2601 4863 2794 4909 unum,
2812 4850 3080 4917 potestate
3109 4856 3300 4904 unum,
3326 4854 3498 4908 regno

1923 4962 2116 5013 unum,
2147 4944 2544 5016 gloriﬁcatione
2576 4956 2768 5004 unum,
2798 4938 3034 5009 imagine
3065 4948 3256 4997 unum,
3287 4930 3495 5001 Spiritu

1923 5051 2091 5094 unum
2127 5055 2140 5090 :
2169 5035 2410 5106 Spiritus
2436 5049 2673 5103 namque
2704 5047 2811 5086 non
2863 5027 3145 5084 dividitur.
3192 5023 3498 5077 Anathcma

1919 5132 2087 5202 igitur
2115 5127 2412 5197 pronuntio
2437 5127 2493 5180 in
2521 5124 2746 5180 Sabellii
2785 5131 2839 5177 et
2878 5120 2992 5172 Arii
3023 5118 3241 5183 dogma,
3284 5128 3499 5169 necnon

1921 5226 1978 5279 in
2004 5236 2159 5280 antea
2197 5220 2537 5290 proscriptas
2561 5216 2820 5276 han-eses,
2850 5211 2916 5265 ad
2952 5206 3341 5277 sempiternum
3369 5220 3500 5274 snp-

1924 5317 2170 5386 plicium,
2226 5312 2385 5381 juxta
2443 5307 2745 5361 Salvatoris
2776 5311 2988 5357 vocem.
3027 5298 3084 5353 Si
3110 5297 3297 5368 igitur,
3333 5295 3502 5350 frater

1922 5406 2212 5467 Athanasi,
2238 5404 2292 5456 in
2314 5402 2418 5454 hac
2449 5396 2817 5455 confessione,
2848 5408 2969 5463 quae
2995 5391 3110 5446 sola
3134 5396 3188 5444 et
3213 5402 3338 5442 vera
3366 5387 3501 5441 tides

1923 5507 2006 5555 cst
2030 5498 2084 5553 in
2112 5503 2304 5553 sancta
2320 5490 2586 5549 catholica
2605 5496 2658 5544 et
2682 5485 2980 5558 apostolica
2996 5478 3263 5544 Ecclesia,
3289 5491 3501 5534 mecum
