3860 6220
406 190 548 249 1445
1557 201 1614 258 S.
1653 201 2096 261 ATHANASIUS
2151 238 2221 249 —
2259 207 2530 266 SPURIA.
3551 216 3679 273 itu

402 313 719 380 cousentis;
776 329 961 370 coram
1008 316 1196 386 judice
1241 316 1354 373 Deo
1391 327 1447 373 et
1475 319 1726 388 Christo,
1762 338 1938 393 quiesc

2076 324 2135 377 ἐν
2164 328 2229 396 τῇ
2250 327 2384 399 ἁγίᾳ
2407 328 2668 402 καθολικῇ
2690 331 2785 385 καὶ
2801 332 3131 404 ἀποστολικῇ
3147 333 3470 408 Ἐκκλησία,
3487 338 3536 389 εξ
3551 340 3679 407 ὁμοο

400 405 536 459 mihi
581 407 877 470 rescribas,
912 410 958 464 si
1000 410 1224 479 perinde
1255 417 1419 481 atque
1449 428 1550 467 nos
1600 414 1654 467 in
1703 429 1829 469 vera
1874 415 1938 468 li.l

2086 420 2303 487 φρονεῖς
2329 437 2439 490 μοι,
2474 420 2549 484 ὡς
2573 422 2667 474 ἐπὶ
2690 424 2869 494 κρίσει
2899 423 3037 478 Θεοῦ
3079 428 3174 479 καὶ
3204 405 3446 498 Χριστοῦ
3471 405 3678 500 γράφον

400 498 641 559 sentias:
683 506 743 553 ut
800 499 1140 557 confidenter
1189 511 1244 555 et
1306 502 1429 557 sine
1487 503 1808 559 discrimine
1858 521 1938 575 qu:

2088 524 2201 577 μοι,
2238 511 2287 563 εί
2322 510 2465 566 οὕτω
2501 517 2722 585 φρονεῖς
2756 516 2899 570 καθὰ
2925 518 3022 571 καὶ
3053 519 3236 589 ἡμεῖς,
3267 520 3363 573 καὶ
3396 520 3468 574 τὰ
3504 498 3679 575 έσαήέν

397 603 562 658 rogas
593 597 854 659 praestare
885 593 1110 661 possim.
1145 591 1281 648 Illud
1311 596 1475 649 etiam
1509 604 1562 651 te
1582 610 1691 650 non
1722 593 1938 666 ignorat

2082 599 2149 669 τῇ
2176 597 2404 671 ἀληθινῇ
2437 602 2641 657 πίστει’
2662 604 2750 659 ἵνα
2771 606 2930 674 κάγὼ
2962 608 3242 672 πεποιθὼς
3260 605 3328 674 ὦ,
3350 610 3680 684 ἀδιακρίτως

396 682 581 745 velim,
616 682 833 744 dilecte.
889 685 1148 739 nimirum
1184 685 1430 741 veritatis
1460 686 1623 748 ﬁlios,
1657 685 1938 756 impassibi

2082 691 2211 760 περὶ
2241 685 2318 745 ὧν
2344 691 2516 757 ἀξιοῖς
2545 695 2788 751 κελεύειν
2814 714 2904 767 μοι
2922 717 2938 731 ο
2965 700 3062 752 καὶ
3086 699 3245 754 τοῦτο
3269 702 3329 754 δέ
3356 718 3419 754 σε
3458 682 3568 773 χρὴ
3602 705 3675 755 εἰ·

396 771 502 826 lem
531 773 786 829 deitatem
813 774 1083 839 conﬁteri,
1115 790 1328 830 necnon
1385 774 1677 830 adventum
1720 775 1881 831 Verbi
1920 793 1938 831 ε

2078 785 2245 850 δέναι,
2274 788 2547 858 ἀγαπητὲ,
2581 790 2662 844 ὅτι
2693 792 2744 844 οἱ
2774 794 2881 846 υἱοὶ
2915 794 3014 865 τῆς
3050 795 3330 866 ἀληθείας,
3364 771 3675 868 άπαθῆντὴν

397 866 493 922 Dei
536 868 593 921 in
654 868 971 938 carne;qui
1009 868 1307 938 perfectum
1348 867 1623 922 hominem
1670 873 1938 939 assumpsi

2078 874 2310 945 θεότητα
2343 880 2684 950 ὁμολογοῦσι,
2705 883 2801 936 καὶ
2828 884 2927 955 τὴν
2959 884 3222 956 ἐνσαρκον
3257 866 3558 958 ἐπιδημίαν
3584 866 3673 942 τοῦ

394 960 516 1014 sine
549 966 795 1030 peccato,
828 968 988 1016 natus
1014 976 1080 1016 ex
1116 959 1325 1030 Spiritu
1363 968 1558 1016 sam-to
1587 967 1642 1014 et
1684 976 1752 1015 ex
1804 961 1934 1015 Mari

2074 967 2250 1037 Λόγου
2281 970 2376 1023 καὶ
2402 970 2560 1037 Θεοῦ,
2584 973 2666 1027 ὅτι
2693 974 2900 1030 τέλειον
2926 976 3213 1048 ἄνθρωπον
3238 978 3471 1033 ἀνέλαϐε
3509 982 3675 1052 χωρὶς

391 1052 636 1123 Virgine,
690 1052 993 1109 secundum
1052 1052 1341 1125 Evangelia
1386 1053 1492 1109 :in
1547 1053 1771 1110 Christo
1813 1053 1966 1111 Jesu.

391 1144 586 1202 Amen.

386 1415 552 1487 598
580 1416 769 1472 Sancti
804 1416 989 1471 Patris
1040 1419 1231 1478 nostri.
1251 1418 1534 1473 Athanasii
1580 1418 1961 1488 archiepiscopi

461 1488 835 1550 Alexandrini,
876 1491 1186 1557 rescriptum
1222 1490 1290 1541 ad
1323 1488 1610 1547 Liberium.
1635 1489 1815 1544 Romae
1846 1492 1959 1559 epi-

450 1575 684 1620 scopum.
723 1558 875 1623 Quod
921 1560 1206 1627 perfecxum
1256 1561 1516 1614 hominem
1548 1559 1687 1614 Deus
1729 1560 1954 1615 Verbum

453 1631 802 1698 assumpserit
854 1639 1068 1698 propter
1102 1630 1326 1683 salutem
1357 1641 1616 1684 nostram.

451 1809 609 1866 Unus
640 1809 780 1866 Deus
814 1810 1164 1875 immortalis,
1201 1812 1294 1882 qui
1319 1827 1420 1867 nec
1448 1813 1642 1879 videri,
1679 1829 1780 1869 nec
1810 1817 1959 1886 tangi
1996 1815 2038 1866 Β

377 1911 576 1973 potest.
624 1920 644 1953 ‹
684 1900 924 1973 Spiritus
954 1921 972 1954 ι
1005 1903 1152 1957 enim
1179 1922 1197 1955 ι
1231 1910 1318 1958 εει
1348 1902 1489 1959 Deus
1516 1905 1584 1959 ⁸³.
1620 1924 1639 1957 ι
1664 1906 1779 1976 Ipse
1809 1909 1961 1962 nullo

374 1991 498 2045 loco
533 1998 712 2060 potest
733 1992 1146 2061 comprehendi,
1189 2008 1288 2047 nec
1319 1992 1463 2049 ullus
1494 2003 1580 2049 est
1608 1996 1761 2051 locus
1789 2012 1819 2051 a
1848 2012 1960 2068 quo

374 2083 540 2140 absit.
574 2082 745 2150 Ilujus
773 2082 1010 2139 Verbum
1049 2084 1375 2141 immortalis
1407 2095 1493 2142 est
1540 2089 1828 2159 sapientia,
1873 2090 1959 2145 in-

371 2175 768 2245 corruptibilis,
809 2175 1101 2233 invisibilis
1128 2196 1140 2231 :
1174 2175 1346 2233 Filius
1369 2178 1791 2250 primogenitus,
1823 2197 1955 2253 ope-

370 2280 494 2321 rum
514 2268 717 2332 socius,
737 2266 1007 2338 principio
1019 2283 1233 2332 carens,
1255 2269 1357 2325 sub
1374 2278 1575 2326 tactum
1599 2289 1704 2327 non
1727 2274 1951 2340 cadens,

369 2375 547 2430 neque
576 2360 903 2431 principium
937 2361 1144 2416 habens
1169 2362 1404 2424 dierum,
1431 2380 1608 2434 neque
1640 2366 1799 2422 linem
1826 2369 1952 2423 vitae

367 2462 696 2522 exspectans
726 2471 739 2507 :
774 2472 793 2505 ι
825 2454 1018 2510 Omnia
1043 2471 1139 2523 per
1172 2457 1351 2525 ipsum
1392 2457 1533 2511 facta
1559 2466 1709 2522 sunt,
1745 2467 1799 2514 et
1829 2460 1949 2513 sine

264 2600 271 2605 ,
367 2546 488 2616 ipso
537 2545 736 2601 factum
788 2555 874 2602 est
922 2548 1057 2602 nihil
1085 2548 1153 2605 ⁸⁵.
1186 2548 1352 2619 ilpse
1398 2559 1484 2605 est
1525 2552 1617 2621 qui
1670 2551 1944 2607 hominem

364 2639 691 2694 eformavit.
728 2639 827 2694 Hic
863 2648 949 2695 est
988 2641 1081 2711 qui
1112 2642 1382 2697 rationem
1430 2642 1765 2698 fabricandae
1805 2659 1946 2699 arcae

363 2746 694 2799 monstravit
722 2763 734 2798 :
758 2746 847 2799 hic
862 2753 945 2801 est
970 2747 1060 2816 qui
1078 2748 1495 2817 promissionem
1509 2748 1660 2804 dedit
1675 2751 1907 2806 Abrahae
1927 2769 1941 2806 :

365 2837 455 2891 hic
487 2845 571 2893 εει
599 2838 691 2908 qui
738 2839 1044 2902 descendit,
1085 2848 1143 2894 ut
1171 2841 1431 2911 populum
1472 2842 1681 2897 salvum
1717 2843 1940 2909 faceret,

362 2929 458 3000 qui
517 2929 687 3002 Moysi
726 2932 897 3002 legem
948 2932 1096 2986 dedit
1132 2952 1143 2986 :
1176 2933 1266 2987 hic
1308 2940 1394 2988 est
1447 2932 1591 2989 Deus
1641 2935 1938 3001 Abraham,

362 3021 508 3079 Deus
538 3021 711 3087 Isaac,
741 3034 793 3078 et
826 3023 968 3079 Deus
994 3021 1183 3089 Jacob,
1218 3026 1312 3094 qui
1336 3025 1388 3079 in
1416 3026 1694 3095 prophetis
1724 3028 1940 3083 locutus

360 3125 467 3183 est,
500 3116 594 3187 qui
658 3114 831 3172 Vetus
861 3124 915 3171 et
941 3115 1149 3171 Novum
1196 3119 1607 3174 Testamentum
1638 3121 1932 3191 disposuit,

357 3212 453 3281 qui
477 3211 533 3264 in
561 3210 876 3266 novissimis
892 3209 1085 3265 diebus
1106 3226 1326 3265 carnem
1342 3212 1574 3283 sumpsit
1602 3229 1666 3267 ex
1688 3212 1933 3285 Virgine,

358 3305 670 3369 mortalem,
705 3304 833 3358 licet
862 3319 972 3359 non
996 3314 1144 3359 esset
1172 3305 1291 3375 ipse
1326 3306 1573 3361 mortalis
1604 3307 1932 3372 :intirmam,

356 3397 485 3451 licet
534 3411 644 3451 non
695 3402 842 3452 esset
870 3397 987 3467 ipse
1043 3397 1294 3453 inﬁrmus
1337 3415 1351 3452 :
1391 3398 1555 3452 morti
1614 3398 1931 3464 obnoxiam,

354 3489 480 3542 licet
509 3503 618 3541 non
673 3496 821 3543 esset
878 3488 993 3559 ipse
1036 3488 1196 3543 morti
1239 3489 1511 3544 obnoxius
1549 3507 1561 3543 :
1616 3491 1887 3545 visibilem
1915 3532 1930 3557 ,

354 3580 482 3634 licet
536 3597 643 3635 non
687 3588 834 3637 esset
879 3581 994 3651 ipse
1039 3582 1294 3637 visibilis.
1348 3582 1469 3653 Ipsa
1517 3600 1783 3654 suspensa
1824 3591 1928 3649 εει,

353 3688 462 3727 non
492 3683 675 3728 autem
711 3675 801 3729 ille
836 3692 850 3728 :
880 3673 997 3744 ipsa
1023 3675 1255 3743 sepulta,
1287 3690 1396 3728 non
1434 3676 1524 3730 ille
1549 3694 1561 3729 :
1587 3677 1705 3745 ipsa
1738 3677 1933 3731 huma-

354 3782 456 3821 nas
495 3782 686 3820 omnes
726 3767 1030 3836 passiones,
1063 3774 1125 3820 ut
1169 3767 1333 3820 homo
1363 3770 1644 3834 sustinuit,
1679 3785 1789 3822 non
1828 3784 1929 3822 au-

353 3867 462 3914 tem
500 3859 609 3913 ille.
632 3859 726 3913 llle
755 3868 935 3914 autem
961 3866 1046 3913 est
1079 3860 1252 3913 virtus
1284 3860 1398 3923 Dei,
1430 3860 1481 3914 id
1510 3871 1595 3914 est
1616 3859 1790 3921 Deus.
1818 3861 1923 3928 Qui

352 3964 577 4015 cum_ea
610 3964 734 4017 qua:
773 3949 825 4001 in
847 3948 1062 4003 inferno
1115 3950 1426 4004 insolubilia
1467 3961 1623 4005 erant
1645 3954 1924 4019 solvisset,

350 4042 750 4113 imperiumque
802 4044 1001 4099 diaboli
1046 4047 1355 4109 evertisset,
1389 4050 1637 4103 ascendit
1680 4065 1745 4103 eo
1783 4051 1929 4106 unde

350 4133 726 4195 descenderat,
758 4136 850 4205 qui
897 4151 1099 4205 corpus
1135 4153 1294 4192 suum
1331 4154 1358 4191 a
1395 4148 1566 4194 morte
1604 4142 1924 4209 excitatum,

351 4234 641 4294 postquam
680 4226 967 4281 liberasset
989 4242 1017 4280 a
1051 4238 1225 4283 morte
1247 4244 1353 4298 qua
1381 4229 1751 4297 dctinchatur,
1779 4234 1924 4291 Patri

350 4317 567 4369 obtulit.
625 4318 679 4370 lu
727 4319 819 4373 illo
852 4317 1067 4373 Patrem
1117 4321 1491 4391 intelligimus.
1527 4323 1641 4377 Una
1693 4327 1837 4380 enim
1872 4335 1927 4382 et

350 4408 469 4479 ipse
498 4426 583 4463 res
623 4418 708 4463 est
742 4410 964 4473 deitate,
996 4412 1218 4478 virtute,
1254 4415 1586 4477 substantia,
1613 4418 1920 4488 hypostasi,

2074 1058 2370 1129 ἁμαρτίας,
2408 1062 2501 1115 τὸν
2520 1063 2853 1134 γεννηθέντα
2882 1067 2947 1121 ὲκ
2982 1067 3304 1139 Πνεύματος
3338 1071 3501 1138 ἁγίου
3538 1072 3671 1143 (29),

2071 1151 2164 1202 καὶ
2192 1153 2411 1222 Μαρίας
2438 1154 2538 1225 τῆς
2592 1156 2886 1227 παρθένου,
2932 1160 3077 1213 κατὰ
3108 1161 3177 1214 τὰ
3218 1162 3568 1231 Εὐαγγέλια·
3615 1167 3671 1218 ἐν

2068 1240 2290 1315 Χριστῷ
2327 1244 2525 1315 Ἰησοῦ.
2574 1247 2767 1319 Ἀμήν.

2072 1375 2183 1430 Τοῦ
2333 1377 2528 1456 cirich
2552 1379 2784 1456 Ιζατρὸς
2807 1380 2976 1456 ἡμῶν
2996 1383 3386 1456 Ἀθανασίου,
3406 1386 3671 1456 ἀρχιδ-αι-

2135 1448 2373 1524 ςξιόπου
2406 1448 2910 1524 ⁸Ἀιλιε«ίξοιτνκδιρείας,
2935 1452 3307 1524 ἀηίςφαμμα
3364 1448 3522 1524 sep};
3571 1465 3671 1512 Λια

2133 1516 2353 1595 ϐἐριοξθ,
2381 1516 2733 1595 ’ἐπίσκοποᾼῦ
2758 1516 3016 1595 Ῥώμης·
3057 1516 3423 1595 (iet-tileth
3446 1516 3671 1595 ἇίθθρω-

2130 1600 2249 1639 πον
2285 1589 2580 1667 ἀπέλαϐεν
2611 1593 2643 1644 ό
2669 1591 2814 1657 Θεὸς
2838 1593 3029 1662 Λόγος
3050 1593 3203 1663 ὑπὲρ
3226 1595 3335 1664 τῆς
3362 1589 3669 1667 ἡμετέρας

2128 1658 2447 1726 σωτηρίας.

2137 1763 2233 1834 Εἷς
2264 1770 2398 1835 Θεὸς
2425 1772 2713 1839 ἀθάνατος,
2740 1775 2992 1847 ἀόρατος,
3025 1775 3403 1849 ἀψηλάφητος·
3434 1799 3453 1832 ι
3484 1780 3665 1836 Πνεῦ-

2071 1878 2147 1932 μα
2178 1881 2196 1913 ι
2224 1862 2332 1935 γὰρ
2364 1882 2382 1914 ι
2421 1866 2451 1916 6
2481 1865 2634 1929 Θεὸς,
2667 1886 2684 1917 ι
2721 1861 2878 1932 οὗτος
2904 1868 3212 1941 ἀχώριστος
3235 1873 3371 1944 (30),
3406 1874 3483 1945 μὴ
3524 1875 3666 1946 ἔχων

2064 1954 2227 2009 τόπον
2271 1956 2406 2009 ὅπου
2458 1958 2560 2011 οὐκ
2607 1959 2770 2014 ἐστιν’
2831 1962 2858 2013 6
2904 1962 3095 2016 τούτου
3134 1965 3329 2032 Λόγος,
3390 1967 3666 2034 ἀθάνατος

2067 2050 2248 2116 σοφία,
2281 2048 2575 2122 ἄφθαρτος,
2604 2054 2858 2125 ἀόρατος,
2890 2057 3020 2121 Υἱὸς
3061 2062 3426 2130 πρωτότοκος,
3466 2080 3665 2134 συνερ-

2061 2139 2176 2207 γὸς,
2200 2140 2457 2213 ἄναρχος,
2487 2145 2862 2218 ἀψηλάφητοςτ
2888 2150 3025 2221 μήτε
3058 2150 3232 2222 ἀρχὴν
3251 2153 3475 2224 ἡμερῶν
3494 2155 3659 2227 ἔχων,

2062 2232 2199 2301 μήτε
2234 2233 2385 2298 τέλος
2418 2233 2564 2306 ζωῆς
2612 2238 2963 2309 προσδοκῶν.
3013 2259 3032 2292 ι
3071 2243 3171 2296 Διὰ
3200 2243 3394 2297 τοῦτον
3436 2247 3661 2313 ἐγένετο

2056 2321 2127 2375 τὰ
2152 2323 2353 2387 πάντα,
2383 2325 2479 2378 καὶ
2515 2327 2687 2398 χωρὶς
2714 2330 2879 2382 αὑτοῦ
2911 2331 3128 2399 ἐγένετο
3152 2333 3276 2387 οὐδὲ
3306 2335 3386 2388 ἓν.
3422 2353 3442 2386 ι
3478 2337 3658 2400 Αὐτὸς

2056 2415 2086 2467 6
2111 2408 2324 2480 πλάσας
2356 2416 2448 2471 τὸν
2480 2417 2766 2488 ἄνθρωπον
2783 2436 2795 2449 ·
2817 2412 2994 2487 οὗτος,
3012 2424 3041 2475 6
3062 2422 3160 2494 τὴν
3186 2423 3419 2478 κιϐωτὸν
3446 2426 3653 2492 δείξας,

2055 2506 2174 2570 πῶς
2207 2508 2297 2562 ἵνα
2336 2509 2560 2580 γένηται
2583 2528 2595 2540 ·
2630 2507 2787 2576 οὗτος
2833 2513 2861 2565 6
2910 2515 3009 2586 τὴν
3055 2517 3390 2586 ἐπαγγελίαν
3415 2519 3542 2583 δοὺς
3574 2521 3652 2593 τῷ

2054 2598 2307 2670 Ἀϐραάμ
2325 2615 2341 2629 ·
2367 2593 2520 2664 οὗτος
2543 2603 2572 2654 6
2606 2603 2849 2667 καταϐὰς
2883 2607 2976 2658 ἐπὶ
2999 2606 3061 2659 τὸ
3090 2608 3264 2662 σῶσαι
3296 2610 3389 2662 τὸν
3412 2611 3545 2664 λαὸν
3563 2653 3579 2676 ,
3617 2615 3649 2665 6

2051 2691 2222 2762 Μωσῇ
2274 2690 2365 2744 τὸν
2422 2692 2587 2762 νόμον
2636 2692 2793 2757 δούς·
2836 2689 2992 2761 οὗτος
3020 2700 3050 2751 6
3083 2698 3218 2763 Θεὸς
3250 2701 3527 2773 Ἀϐραὰμ,
3553 2707 3646 2758 καὶ

2050 2782 2184 2846 Θεὸς
2207 2782 2417 2849 Ἰσαὰκ,
2441 2785 2537 2837 καὶ
2568 2784 2700 2849 Θεὸς
2725 2786 2924 2840 Ἰακὼϐ
2940 2828 2955 2852 ,
2987 2791 3016 2842 6
3043 2791 3102 2843 ὲν
3135 2796 3446 2864 προφήταις
3470 2795 3641 2866 λαλήο

2052 2889 2170 2935 σας,
2204 2872 2233 2925 6
2265 2872 2582 2943 διαθέμενος
2605 2875 2704 2945 τὴν
2739 2875 2982 2931 Παλαιὰν
3008 2880 3104 2933 καὶ
3124 2882 3223 2951 τὴν
3257 2883 3467 2954 Καινὴν
3509 2888 3643 2938 Δια·

2050 2962 2243 3034 θήκην,
2278 2966 2307 3017 6
2340 2965 2450 3034 (51)
2484 2967 2573 3018 ἐπ’
2609 2967 2854 3037 ἐσχάτων
2901 2968 3009 3022 τῶν
3057 2972 3284 3042 ἡμερῶν
3340 2974 3523 3046 σάρκα
3575 2978 3643 3030 ἐκ

2047 3054 2326 3125 Παρθένου
2350 3055 2551 3121 λαϐὼν,
2574 3055 2796 3129 θνητὴν,
2827 3058 2928 3111 οὐκ
2958 3061 3120 3124 αὐτὸς
3141 3061 3218 3115 ὢν
3238 3063 3453 3134 θνητός·
3478 3065 3641 3119 ἀσθε-

1965 3170 2008 3227 C
2045 3146 2132 3217 νῆ,
2165 3148 2267 3200 οὐκ
2318 3148 2480 3212 αὐτὸς
2536 3148 2804 3221 ἀσθενής-⁸
2856 3152 3218 3224 ὀφειλομένην
3268 3155 3506 3228 θανάτῳ,
3537 3161 3639 3213 οῦκ

2040 3238 2201 3301 αὐτὸς
2242 3240 2619 3311 ὀφειλόμενος·
2647 3242 2869 3313 ὁρατὴν,
2910 3244 3010 3297 οὑκ
3043 3245 3206 3309 αὐτὸς
3241 3247 3461 3318 ὁρατόςο
3495 3248 3637 3320 αῦτη

2037 3329 2374 3402 ἐκρεμάσθη,
2401 3333 2502 3385 οὐκ
2534 3333 2722 3396 αὐτὸς·
2754 3332 2893 3403 αῦτη
2925 3336 3122 3406 ἐτάφη,
3150 3338 3249 3389 οὐκ
3273 3339 3461 3401 αὐτὸς·
3494 3339 3634 3410 αὕτη

2039 3422 2216 3474 πάντα
2244 3420 2312 3475 τὰ
2341 3422 2655 3494 ἀνθρώπινα
2697 3424 2842 3495 πάθη
2883 3426 2960 3489 ὡς
3003 3427 3290 3499 ἄνθρωπος
3319 3430 3634 3500 ὑπέμεινεν,

2034 3512 2135 3564 οὐκ
2173 3511 2364 3574 αὐτός·
2411 3515 2617 3577 ἐκεῖνος
2653 3515 2709 3567 δὲ
2739 3514 2965 3586 δύναμις
2992 3516 3149 3581 Θεοῦ,
3181 3518 3429 3571 τουτέστι
3473 3520 3632 3585 θεὸς.

2048 3603 2105 3656 '0
2136 3604 2203 3657 τὰ
2229 3603 2399 3657 ἄλυτα
2424 3605 2516 3658 τοῦ
2557 3606 2683 3677 ᾇδου
2710 3606 2897 3670 λύσας,
2940 3608 3034 3661 καὶ
3060 3608 3121 3661 τὸ
3148 3609 3350 3680 κράτος
3381 3611 3475 3664 τοῦ
3507 3613 3628 3665 δια-

2036 3696 2194 3749 ϐόλου
2229 3699 2608 3768 καταργήσας,
2655 3698 2820 3770 ἀνέϐη
2862 3699 2981 3751 ὅθεν
3007 3701 3099 3752 καὶ
3134 3700 3337 3773 κατέϐη
3360 3718 3374 3729 ·
3411 3704 3636 3774 ἐγείρας

2034 3789 2209 3842 έκεῖνο
2242 3790 2302 3842 τὸ
2326 3790 2518 3858 ταφὲν,
2550 3792 2887 3862 προσήνεγκε
2913 3791 2991 3862 τῷ
3024 3793 3222 3864 Πατρὶ,
3259 3793 3632 3867 ἐλευθερώσας

2030 3875 2091 3934 οὖ
2114 3882 2401 3948 ἐκρατεῖτο
2438 3880 2688 3936 θανάτοιν
2722 3885 2779 3935 ἐν
2805 3882 2980 3952 τούτῳ
3006 3884 3096 3936 τὸν
3124 3885 3346 3957 Πατέρα
3373 3889 3628 3958 νοοῦμεν,

2029 3971 2088 4026 ἓν
2115 3971 2224 4045 γὰρ
2253 3972 2525 4026 καὶτοῦτο
2553 3976 2618 4045 τῇ
2648 3973 2881 4046 θεότητι,
2927 3978 2996 4046 τῇ
3032 3975 3289 4047 δυνάμει,
3331 3981 3399 4049 τῇ
3448 3981 3630 4051 οὐσία,

2027 4065 2094 4134 τῇ
2153 4064 2468 4127 ὑποστάσει,
2517 4068 2580 4134 τῇ
2624 4065 2771 4137 δόξῃ,
2803 4066 2880 4136 τῷ
2924 4067 3148 4137 ὀνόματι
3181 4068 3274 4120 τοῦ
3326 4068 3489 4131 Θεοῦ,
3534 4072 3629 4123 καὶ

2029 4154 2191 4207 αὐτὸν
2211 4155 2300 4207 τὸν
2332 4156 2460 4209 Υἱὸν
2492 4157 2550 4209 ἐν
2572 4155 2650 4225 τῷ
2677 4157 2872 4226 Πατρί.
2897 4152 3067 4221 Οὗτος
3095 4161 3124 4211 6
3156 4160 3296 4228 μετὰ
3331 4160 3395 4213 τὸ
3440 4161 3625 4214 λαϐεῖν

2026 4245 2125 4315 τὴν
2153 4245 2331 4315 σάρκα
2348 4245 2555 4317 Ἰησοῦς
2571 4247 2812 4318 κληθεὶς,
2832 4249 3015 4302 καθότι
3038 4251 3130 4302 καὶ
3148 4249 3242 4303 ἄνθ
3251 4269 3455 4322 ρωπος·
3475 4271 3627 4306 τουτ-

2026 4336 2204 4402 έστιν,
2235 4339 2493 4392 ἀνέλαϐεν
2538 4340 2822 4412 ἄνθρωπον
2868 4343 2926 4394 ἐν
2954 4342 3149 4414 ἐαυτῷ,
3190 4362 3208 4395 ι
3240 4345 3300 4395 ἐν
3419 4348 3531 4398 πᾶν
3564 4348 3627 4401 τὸ

2028 4430 2298 4502 πλήρωμα
2314 4432 2412 4501 τῆς
2429 4432 2680 4503 θεότητος
2706 4434 2846 4486 οἰκεῖ
2872 4430 3219 4504 σωματικῶςῖ
3235 4454 3253 4486 ι
3283 4437 3487 4491 Τοῦτον
3507 4438 3629 4508 ἔχο-

350 4497 543 4567 glnria,
576 4497 665 4552 Dei
698 4500 1078 4567 appellatione,
1104 4508 1159 4555 et
1195 4503 1247 4555 in
1282 4501 1443 4558 Patre
1483 4503 1680 4559 Filium
1708 4524 1929 4577 quoque

2053 4540 2136 4575 ιεν
2159 4523 2218 4574 οὐ
2244 4522 2741 4594 διακεχωρισμένον
2770 4524 2878 4578 ἀπὸ
2902 4525 2995 4577 τοῦ
3023 4527 3257 4598 Πατρὸς,
3279 4529 3311 4599 ἦ
3334 4529 3430 4583 τοῦ
3464 4532 3625 4599 ἁγίου

356 4589 728 4658 agnoscimus.
783 4587 884 4643 llic
916 4591 1132 4661 estqui
1184 4603 1472 4663 postquam
1535 4601 1927 4667 assumpsisset

354 4694 597 4745 carnem,
628 4677 788 4737 Jesus
817 4681 1116 4751 appellatus
1150 4693 1254 4749 est,
1284 4694 1556 4757 quatenus
1583 4697 1700 4744 erat
1727 4690 1925 4756 homo;

352 4773 453 4827 hoc
486 4780 589 4837 est,
634 4773 932 4844 assumpsit
965 4773 1238 4830 hominem
1294 4777 1350 4830 in
1381 4778 1564 4849 seipso
1596 4821 1610 4847 ,
1649 4798 1668 4829 ι
1710 4781 1764 4835 in
1811 4798 1922 4851 quo

347 4864 807 4922 iuhabilatomnis
824 4866 1106 4937 plenitudo
1122 4868 1423 4925 divinitatis
1440 4874 1802 4941 corporaliter
1814 4875 1880 4927 ⁵⁸.
1896 4894 1916 4926 ι

345 4955 501 5010 Illum
548 4957 827 5013 credimus
882 4974 983 5013 nec
1006 4975 1036 5011 a
1066 4958 1247 5025 Patre,
1285 4978 1385 5016 nec
1411 4980 1441 5017 a
1483 4964 1690 5035 Spiritu
1727 4977 1920 5022 sancto

347 5057 657 5117 separatmu
699 5068 713 5103 :
747 5066 924 5119 neque
953 5059 1133 5105 tamen
1183 5053 1417 5110 dicimus
1452 5055 1667 5111 Patrem
1690 5059 1919 5115 descen-

343 5137 513 5200 disse,
574 5147 629 5193 et
693 5140 749 5193 in
800 5141 1020 5198 homine
1083 5142 1272 5200 fuisse.
1310 5143 1384 5200 Ita
1410 5164 1552 5204 unus
1590 5148 1730 5207 Deus
1752 5151 1915 5207 Pater

414 5316 460 5347 ⁸³
496 5316 655 5372 Joan.
690 5334 763 5389 tv,
798 5321 890 5377 24.
965 5323 1013 5356 ⁸⁸
1048 5323 1207 5380 Joan.
1246 5343 1296 5392 ι,
1332 5328 1384 5383 5.

417 5472 526 5555 (29)
577 5473 655 5529 Ita
701 5472 1090 5545 Seguerianus.
1144 5480 1458 5547 Editi,vero
1488 5484 1663 5550 male,
1714 5484 1777 5537 ἐκ
1807 5487 1923 5539 Πα-

344 5559 371 5593 τ
378 5560 490 5614 ρος.

419 5613 530 5683 (50)
563 5611 726 5668 Forte
754 5614 1056 5688 ἀχὼρητος.

1461 5328 1507 5360 ⁸⁸
1546 5328 1763 5385 Coluss.
1803 5345 1838 5383 ιι
1863 5370 1878 5395 ,
1913 5334 1959 5385 9.

2035 4613 2369 4684 Πνεῦματος·
2388 4615 2509 4668 οὐδὲ
2530 4616 2618 4669 τὸν
2640 4617 2856 4688 Πατέρα
2886 4616 3138 4685 λέγοντες
3159 4619 3623 4690 καταϐεϐηκέναι,

2034 4700 2127 4752 καὶ
2178 4701 2234 4751 ὲν
2280 4699 2550 4772 ἀνθρώπῳ
2585 4703 2855 4770 γενέσθαι.
2891 4704 3077 4770 Οὖτως
3128 4700 3211 4769 εἷς
3243 4708 3379 4772 Θεὸς
3418 4711 3624 4783 Πατὴρ

2029 4792 2421 4863 παντοκράτωρ
2455 4796 2583 4865 παρ’
2613 4795 2743 4865 ἡμῖν
2778 4795 3113 4859 πιστεύεται,
3148 4799 3245 4850 καὶ
3271 4798 3363 4852 διὰ
3397 4802 3560 4854 τοῦτο
3585 4806 3620 4872 ἡ

2028 4881 2209 4945 πίστις
2235 4883 2393 4953 ἡμῶν
2431 4887 2599 4949 ἐστιν,
2636 4888 2715 4950 εἰς
2753 4887 2849 4940 ἕνα
2884 4887 3016 4940 Θεὸν
3046 4889 3265 4959 Πατέρα
3305 4893 3624 4963 παντοκρά-

2026 4990 2180 5044 τορα,
2200 4976 2293 5028 καὶ
2319 4978 2398 5038 εἰς
2418 4978 2509 5032 τὸν
2527 4977 2654 5030 Υίὸν
2681 4979 2844 5031 αὐτοῦ
2868 4980 2959 5032 τὸν
2977 4980 3180 5052 Κύριον
3208 4982 3369 5052 ἡμῶν
3408 4983 3622 5054 Ἰησοῦν

2025 5068 2280 5137 Χριστὸν,
2308 5070 2402 5122 καὶ
2430 5073 2510 5133 εἰς
2538 5071 2598 5123 τὸ
2626 5072 2778 5139 ἆγιον
2803 5071 3050 5142 Πνεῦμα.
3081 5072 3267 5127 Ταῦτα
3300 5074 3358 5127 δὲ
3401 5074 3461 5139 ἐξ
3505 5076 3620 5129 ἐνὸ-

2018 5174 2177 5229 τητος
2224 5161 2377 5229 μιᾶς,
2414 5159 2695 5232 δυνάμεως
2742 5164 2889 5233 μιᾶς,
2925 5164 3275 5228 ὑποστάσεως
3333 5167 3486 5236 μιᾶς,
3523 5167 3616 5219 οὐ.

2099 5486 2213 5557 (51)
2252 5487 2655 5560 Seguerianus,
2703 5493 2790 5544 ἐπ’
2826 5493 3076 5563 ἐσχάτου.
3112 5492 3259 5549 Editi
3284 5535 3300 5562 ,
3333 5496 3425 5553 ἐπ’
3450 5495 3606 5572 sqi-

2027 5572 2146 5615 των,
