3860 6220
166 217 306 278 1445

982 209 1255 267 PONTIF.
1298 209 1467 267 ROM.
1509 209 1596 264 ET
1639 208 2014 265 ATUANASII
2055 207 2443 265 EPISTULE.

3305 211 3454 265 1446

164 335 289 398 σίας
333 334 483 406 μιᾶς,
515 330 821 401 δοξολογίας
857 332 1010 401 μιᾶς,
1035 329 1359 400 κυριότητος
1399 331 1549 400 μιᾶς,
1608 328 1761 399 βασε-

1864 326 2215 396 omnipoteus
2259 342 2288 380 a
2320 326 2481 381 nobis
2510 326 2757 382 creditur
2793 349 2802 358 -
2840 326 3073 398 ideoque
3109 328 3243 385 ﬁdes
3265 336 3458 387 austra

160 424 311 488 λείας
342 425 472 496 μιᾶς
495 441 509 453 ”
552 422 758 486 εἰκόνος
790 420 892 490 τῆς
914 418 1145 491 Τριάδος
1172 417 1457 489 ὁμοούσιον
1478 435 1491 448 ·
1526 437 1544 469 ι
1585 418 1660 469 Δι’
1693 408 1756 468 οὗ

157 516 233 570 τὰ
262 516 440 572 πάντα
468 514 715 584 ἐγένετο·
744 531 762 563 ι
786 511 930 566 οὕτω
959 511 1056 564 καὶ
1096 510 1299 582 σαρκὸς
1330 509 1630 563 ἀνάστασιν
1669 526 1759 561 πι-

160 607 449 680 στεύομεν,
489 606 755 668 τουτέστι,
803 602 901 657 τοῦ
957 601 1207 674 σώματος
1266 600 1426 674 ἡμῶν
1479 600 1624 655 κατά
1660 602 1759 666 τὰς

161 700 327 769 ἁγίας
356 700 548 772 Γραφά
568 718 598 763 ',
628 697 721 752 τοῦ
768 695 1013 768 φθαρτοῦ
1044 697 1138 749 καὶ
1163 694 1358 766 θνητοῦ
1393 692 1561 747 αὑτοῦ
1594 710 1758 764 μετα-

160 789 492 859 ϐαλλομένου
539 790 620 852 εἰς
673 786 984 860 ἀφθαρσίαν
1022 786 1117 839 καὶ
1162 785 1461 841 ἀθανασίαν
1511 784 1617 838 ὑπὸ
1658 783 1754 839 τοῦ

161 883 325 938 Θεοῦ.
356 883 553 954 Ἀμήν.

1862 428 1969 482 est,
1996 420 2051 473 in
2109 435 2280 473 unum
2319 419 2489 475 Deum
2539 418 2756 474 Patrem
2808 422 3264 492 omnipotentem,
3303 434 3357 479 et
3398 426 3455 479 in

1862 509 2061 566 Filium
2097 512 2221 581 ejus
2249 510 2542 568 Dominum
2572 520 2824 567 nostrum
2856 511 3044 569 Jesum
3076 514 3487 597 Christum,etr

1818 622 1828 630 -
1861 602 1919 655 in
1968 599 2237 672 Spiritum
2285 610 2561 659 sanctum.
2604 602 2733 658 Haec
2766 611 2948 658 autem
2984 620 3048 660 ex
3083 607 3292 661 unitate
3324 622 3454 672 una,

1863 696 2070 751 virtute
2127 710 2262 760 una,
2304 696 2617 752 substantia
2678 712 2812 761 una,
2868 697 3270 766 gloriﬁcatione
3320 715 3453 761 una,

1862 789 2241 844 dominatione
2287 804 2417 853 una,
2465 806 2638 860 regno
2690 806 2823 857 uno,
2858 790 3114 862 imaginis
3170 790 3456 848 Trinitatis

1860 878 2340 933 consubstantiale
2378 897 2391 933 :
2425 897 2444 931 ι
2480 878 2585 953 Per
2605 895 2768 953 quem
2786 880 2973 935 omnia
3008 879 3153 934 facta
3189 888 3318 936 sunt
3347 881 3448 932 ⁵⁸.»

160 975 244 1031 lta
271 983 325 1032 et
373 977 561 1030 carnis
594 973 1061 1030 resurrectionem
1096 970 1398 1035 credimus,
1421 969 1526 1025 hoc
1558 976 1664 1035 est,
1692 970 1945 1040 corporis
1969 970 2166 1037 nostri,
2205 970 2509 1026 secundum
2546 988 2737 1028 sacras
2755 970 3091 1043 Scripturas,
3121 982 3454 1027 commutato

160 1081 230 1123 eo
256 1068 404 1139 quod
435 1068 793 1140 corruptibile
821 1076 875 1122 et
904 1067 1137 1121 mortale
1162 1073 1299 1132 erat,
1341 1066 1395 1120 in
1431 1065 2010 1136 incorruptibilitatem
2042 1073 2097 1119 et
2130 1067 2625 1132 immortalitatem,
2659 1082 2755 1137 per
2797 1067 2988 1123 Deum.
3028 1068 3229 1123 Amen.

162 1209 361 1279 Incipit
393 1209 675 1264 Athanasii
703 1206 949 1277 epistola,
982 1216 1029 1262 et
1070 1204 1448 1279 {Egyptiorum
1480 1204 1813 1279 pontificum,
1851 1204 1920 1259 ad
1952 1202 2203 1279 Marcum
2238 1203 2448 1279 Papam
2470 1220 2567 1273 pro
2596 1205 2989 1275 exemplaribus
3023 1186 3236 1261 Nicccni
3277 1210 3455 1262 conci-

1078 1275 1160 1343 lii,
1188 1277 1316 1346 quia
1341 1276 1535 1329 Ariani
1563 1292 1747 1331 eorum
1792 1277 2123 1346 exemplaria
2156 1275 2520 1330 incenderant.

234 1422 467 1479 Domino
490 1427 704 1487 sancto,
730 1427 784 1475 et
809 1417 1100 1491 apostolici
1130 1416 1393 1472 culminis
1415 1415 1757 1482 venerando,

161 1513 372 1581 Marco,
407 1519 613 1568 sancta:
642 1509 906 1566 Romanae
935 1519 991 1566 et
1017 1509 1335 1581 apostolicae
1379 1507 1552 1574 sedis,
1588 1516 1761 1579 atque

162 1603 492 1661 universalis
544 1601 808 1659 Ecclesia:
863 1617 1038 1674 papae,
1066 1600 1405 1659 Athanasius
1435 1608 1490 1657 et
1513 1601 1761 1659 universi

164 1697 553 1770 Egyptiorum
577 1696 845 1768 episcopi.

234 1788 319 1842 Ad
361 1802 462 1843 vos
507 1786 828 1858 pervenisse
878 1800 989 1840 non
1027 1784 1381 1851 dubitamus,
1432 1790 1640 1855 quanta
1703 1791 1759 1839 et

162 1880 350 1951 qualia
376 1879 446 1934 ab
467 1876 763 1939 hmreticis.
785 1887 838 1932 et
861 1876 1095 1931 maxime
1124 1876 1193 1931 ab
1236 1875 1478 1939 Arianis,
1513 1876 1760 1947 quotidie

163 1972 427 2039 patimur.
460 1969 733 2037 Quoniam
775 1970 831 2023 in
884 1976 1097 2023 tantmn
1133 1968 1204 2023 ab
1239 1968 1321 2024 eis
1350 1969 1756 2040 persequimur,

164 2073 226 2120 ut
256 2064 421 2120 etiam
450 2065 633 2118 vivere
658 2062 772 2131 jam
801 2076 904 2117 nos
939 2060 1137 2115 taedeat
1168 2078 1183 2114 :
1215 2077 1340 2115 nam
1371 2061 1599 2116 instanti
1629 2070 1762 2121 tem-

162 2171 318 2226 pore,
354 2155 540 2211 subito
589 2162 643 2209 et
674 2154 955 2223 insperate
996 2155 1051 2208 in
1083 2168 1187 2209 nos
1217 2153 1513 2215 irruentes.
1547 2173 1761 2228 nosque

158 2249 320 2319 juxta
349 2254 680 2318 praeceptum
714 2244 959 2312 Domini,
990 2249 1084 2317 qui
1127 2246 1203 2327 ait
1231 2264 1244 2298 :
1284 2245 1346 2301 Si
1377 2262 1468 2304 vos
1501 2250 1761 2319 persecuti

163 2339 366 2409 fuerint
387 2340 444 2393 in
464 2355 626 2393 unam
644 2339 929 2404 civitatem,
958 2337 1123 2409 fugite
1141 2340 1197 2392 in
1219 2339 1388 2395 aliam
1404 2343 1449 2373 "7
1468 2360 1482 2405 ;
1504 2341 1760 2413 fugiendo

164 2439 393 2503 prOpter
426 2429 637 2485 cladem
695 2431 882 2501 populi
913 2445 1008 2485 eos
1045 2430 1409 2495 declinantes,
1462 2451 1562 2490 nos
1603 2451 1758 2491 com-

167 2525 511 2596 prehendere
534 2538 643 2578 non
675 2524 987 2586 valuerunt,
1029 2523 1125 2579 sed
1149 2527 1334 2580 omnia
1367 2535 1556 2582 nostra
1586 2528 1758 2598 depo-

166 2615 343 2685 pulati
366 2622 519 2671 sunt.
549 2613 608 2669 In
638 2621 853 2668 tantum
882 2615 1048 2669 etiam
1081 2625 1269 2673 nostra
1297 2626 1671 2683 vastaverunt,
1697 2630 1759 2676 ut

166 2723 271 2763 nec
288 2708 481 2768 libros,
509 2723 610 2762 nec
636 2709 960 2762 vestimenta
989 2710 1390 2779 ecclesiastica,
1423 2713 1638 2783 aliaque
1675 2730 1761 2769 or-

164 2807 447 2863 namenta,
476 2815 578 2854 nec
610 2800 820 2869 reliqua
843 2801 1103 2856 utensilia
1130 2801 1291 2856 nobis
1320 2801 1759 2858 dimiserint.Li-

164 2892 297 2947 bros
339 2891 503 2963 599
532 2907 662 2947 vero
693 2901 913 2949 nostros
941 2909 1115 2964 usque
1141 2894 1210 2948 ad
1247 2894 1536 2949 minimum
1572 2896 1759 2951 incen-

165 2983 381 3048 dentes,
412 3001 513 3039 nee
541 2984 651 3039 iota
696 3001 865 3040 unum
916 2987 1310 3057 relinquentes,
1359 2995 1584 3058 pr0pter
1612 2993 1757 3043 veri-

1864 1430 2099 1487 guarum
2146 1416 2520 1487 septuaginta,
2549 1414 2686 1470 tanti
2721 1422 2777 1472 et
2827 1424 2937 1472 tam
2969 1416 3291 1472 excellentis
3319 1432 3454 1473 con-

1862 1509 1975 1564 cilii
2029 1510 2221 1565 ﬁerent
2269 1509 2532 1579 capitula,
2584 1524 2709 1581 qua:
2742 1525 2961 1565 omnem
3011 1510 3450 1566 Christiatmrum

1861 1602 2228 1659 informarent
2287 1604 2524 1670 orbem,
2579 1612 2635 1660 et
2687 1618 2881 1659 omnes
2953 1603 3058 1659 sub
3124 1604 3452 1660 sacerdotali

1792 1726 1837 1783 Β
1863 1693 2108 1757 nomine,
2140 1699 2195 1747 et
2228 1691 2547 1750 Christiano
2587 1692 2873 1763 degentes,
2913 1707 3024 1747 una
3067 1691 3224 1752 ﬁdes.
3260 1703 3314 1746 et
3344 1708 3452 1747 una

1862 1786 2229 1846 sacerdotalis
2260 1795 2473 1860 regeret
2496 1801 2687 1842 norma
2714 1786 2850 1857 (32),
2882 1801 2983 1841 nec
3016 1786 3251 1857 quisque
3278 1802 3308 1839 a
3350 1802 3453 1840 suo

1860 1878 2154 1937 dissideret
2187 1881 2388 1952 capite.
2424 1878 2583 1936 Nunc
2611 1895 2777 1950 ergo,
2833 1880 2960 1952 quia
2983 1920 2998 1945 ,
3032 1887 3094 1934 ut
3130 1880 3451 1951 prandii-lum

1861 1981 1967 2038 est,
1992 1974 2202 2028 inimici
2235 1982 2443 2029 sancta:
2471 1973 2562 2029 Dei
2586 1972 2872 2037 Ecclesiae,
2892 1981 2946 2029 et
2973 1973 3208 2028 maxime
3234 1972 3447 2036 Ariani,

1862 2081 1893 2120 a
1922 2068 2126 2138 quibus
2153 2067 2397 2137 quotidie
2423 2081 2807 2137 expugnamur
2826 2076 2879 2120 et
2902 2064 3285 2135 Opprimimur,
3314 2080 3451 2135 prte-

1862 2154 1975 2210 fata
2020 2157 2367 2228 septuaginta
2420 2154 2625 2211 Nicarni
2679 2154 2902 2209 concilii
2948 2155 3185 2225 capitula
3219 2170 3341 2225 qth
3383 2155 3451 2210 de

1861 2246 2084 2318 praefata
2130 2247 2342 2320 synodo
2383 2247 2497 2318 jam
2552 2248 2731 2311 facta,
2773 2245 3003 2316 jubente
3054 2246 3288 2301 Domino
3329 2262 3450 2302 meo

1859 2339 2214 2405 Alexandro,
2267 2339 2515 2394 omnium
2563 2338 2952 2411 episcoporum
3002 2337 3225 2395 decreto
3257 2340 3449 2406 attuli,

1861 2444 1984 2499 quae
2031 2431 2197 2484 etiam
2247 2444 2435 2485 coram
2490 2429 2750 2485 omnibus
2806 2428 3033 2484 recitavi
3079 2437 3243 2499 atque
3295 2438 3452 2482 tran-

1861 2521 2083 2592 scripsi,
2123 2528 2253 2577 sunt
2292 2521 2418 2592 igne
2453 2521 2785 2588 combusta;
2819 2533 3075 2591 optamus
3105 2529 3165 2575 ut
3194 2538 3220 2574 a
3256 2531 3452 2576 vestra:

1860 2623 2066 2668 sanctae
2108 2612 2259 2668 sedis
2290 2611 2550 2668 Ecclesia:
2594 2613 2949 2679 auctoritate,
2982 2628 3105 2682 qure
3147 2623 3231 2669 est
3274 2618 3452 2668 ma’ter

1860 2713 1915 2760 et
1943 2713 2109 2774 caput
2138 2705 2384 2759 omnium
2418 2703 2818 2771 Ecclesiarum,
2846 2720 2909 2758 ea
2958 2705 3024 2758 ad
3052 2706 3448 2759 correctionem

1859 2805 1913 2853 et
1954 2799 2350 2853 recreationem
2401 2798 2643 2852 ﬁdelium
2692 2797 3129 2852 orthodoxorum
3168 2800 3451 2868 pert-mare

1860 2906 1959 2961 per
1987 2898 2289 2960 praesentes
2320 2891 2530 2961 legatos
2557 2905 2908 2953 mereamur,
2949 2899 3224 2960 quatruus
3267 2902 3450 2945 Vestra

1860 2983 1981 3039 fulti
2011 2984 2364 3049 auctoritate,
2388 2985 2695 3055 vestrisque
2718 2984 2975 3053 precibus
3002 2983 3268 3045 roborati,
3295 2984 3450 3038 illaesi

164 3079 297 3133 tatis
352 3079 510 3133 ﬁdem
533 3119 547 3142 ,
604 3078 881 3134 Nicaanam
941 3079 1210 3151 synodum
1239 3118 1256 3146 ,
1295 3095 1403 3151 qua
1459 3081 1644 3137 clerus
1699 3089 1754 3137 et
1781 3093 1824 3151 ο
1857 3094 1889 3132 a
1910 3077 2229 3133 memoratis
2250 3075 2464 3133 aemulis
2489 3083 2696 3132 sanctae
2725 3075 2821 3131 Dei
2847 3075 3108 3131 Ecclesia:
3134 3084 3188 3132 et
3216 3077 3447 3141 nostris,

165 3170 402 3240 populus
436 3170 805 3234 imbuebatur,
841 3179 896 3225 et
927 3171 1166 3225 maxime
1188 3170 1301 3240 jam
1344 3171 1537 3225 imbuti
1574 3180 1752 3237 erant,

164 3262 222 3316 in
250 3264 637 3317 contumeliam
673 3271 920 3318 nostram
936 3269 991 3318 et
1011 3263 1257 3318 omnium
1282 3262 1752 3330 Christianorum,

164 3352 549 3409 incenderunt.
588 3354 936 3425 Quapropter
968 3369 1306 3425 precamur;
1338 3353 1501 3410 Pater
1546 3355 1755 3411 beatis-

164 3444 327 3508 sime,
364 3446 493 3515 quia
527 3462 638 3501 non
684 3446 1003 3501 dubitamus
1046 3447 1191 3516 apud
1225 3461 1322 3501 vos
1362 3447 1604 3516 plenaria
1632 3462 1757 3503 esse

165 3537 372 3592 Nicaeui
426 3538 646 3593 concilii
713 3538 1085 3609 exetuplaria,
1139 3545 1201 3592 ut
1248 3538 1340 3592 illa
1397 3538 1593 3604 nobis,
1634 3553 1757 3608 quae

166 3637 375 3683 sancta:
399 3629 802 3684 recordationis
832 3628 1255 3697 praedecessoris
1288 3627 1455 3682 vestri
1489 3626 1755 3699 Sylvestri

165 3720 411 3783 fuerunt,
443 3720 548 3775 sub
572 3726 687 3772 tuta
715 3719 948 3773 mittatis
980 3717 1356 3788 stipulatione.
1375 3719 1508 3773 Nam
1533 3718 1756 3789 quando

162 3812 441 3882 pnedictaa
502 3810 715 3883 synodo
757 3826 885 3867 cum
937 3811 1195 3881 pontiﬁce
1245 3819 1475 3877 nostro,
1534 3811 1589 3865 id
1631 3820 1753 3877 est,

162 3904 553 3961 Alexandrina:
601 3922 813 3978 magna:
848 3907 1090 3963 civitatis
1132 3906 1429 3977 episcopo,
1472 3908 1527 3961 in
1571 3906 1758 3963 diaco-

163 4004 331 4051 natus
378 3997 729 4053 interfuimus
783 4000 997 4065 ollicio,
1048 3999 1151 4054 sub
1202 4012 1403 4054 nostra:
1452 4000 1758 4069 praesentiae

162 4085 513 4154 testimonio,
535 4103 633 4157 per
665 4089 855 4143 beatos
880 4088 1051 4154 viros,
1069 4087 1343 4143 Victorem
1371 4086 1671 4160 [Vitouem]
1703 4100 1758 4143 et

163 4174 514 4229 Vincentium
533 4177 903 4247 presbyteros,
938 4178 1256 4246 apostolica:
1284 4177 1430 4233 sedis
1455 4177 1753 4248 apocrisia—

161 4270 301 4333 rios,
322 4269 491 4345 missa
508 4276 637 4324 sunt
653 4268 912 4339 praedicto
928 4284 1084 4340 papa:
1102 4268 1381 4340 Sylvestro
1405 4283 1530 4323 cum
1552 4269 1759 4339 astipu-

164 4364 371 4418 latione
395 4364 641 4419 subnexa
670 4362 1036 4434 capitulorum
1065 4363 1431 4433 septuaginta.
1452 4361 1597 4417 Sane
1617 4377 1760 4433 prte-

1857 3169 2114 3237 evadere,
2138 3171 2410 3241 nobisque
2432 3170 2762 3224 commissos
2788 3184 2984 3224 eruere
3013 3171 3289 3225 valeamus
3310 3171 3447 3240 (55).

1857 3258 2000 3315 Vere
2037 3262 2293 3316 novimus
2330 3261 2676 3330 apostolatus
2719 3261 2889 3315 vestri
2930 3276 3027 3315 cor
3052 3264 3225 3333 gratia
3272 3264 3449 3318 sancti

1859 3351 2101 3422 Spiritus
2158 3351 2214 3405 in
2267 3359 2481 3404 tantum
2534 3366 2658 3406 esse
2713 3366 3046 3415 accensum,
3081 3357 3141 3405 ut
3191 3354 3447 3407 omnibus

1857 3444 2142 3516 Oppressis
2193 3442 2539 3499 succurratis
2582 3462 2596 3498 :
2641 3452 2850 3514 quanto
2901 3445 3076 3514 magis
3119 3445 3313 3505 nobis,
3353 3446 3447 3515 qui

1858 3539 1983 3593 licet
2014 3536 2196 3607 exigui
2231 3536 2463 3599 ordinis,
2504 3544 2688 3590 tamen
2716 3535 2889 3591 vestri
2929 3552 3145 3599 sumus,
3180 3538 3448 3609 vobisque

1857 3629 2176 3685 obedientes
2210 3644 2335 3683 cum
2378 3630 2639 3685 omnibus
2681 3629 2842 3684 nobis
2885 3630 3232 3695 commissis,
3265 3639 3319 3685 et
3353 3647 3450 3686 su-

1857 3736 2003 3784 mus,
2023 3729 2219 3775 etesse
2253 3736 2470 3791 semper
2494 3722 2768 3778 volumus.
2801 3722 2928 3777 ldeo
2959 3721 3136 3787 decet,
3156 3734 3210 3777 et
3230 3733 3449 3792 Oportet

1857 3826 1959 3865 vos
1987 3811 2147 3865 nobis
2200 3811 2315 3866 lucc
2351 3829 2473 3883 qua:
2521 3829 2802 3885 rogamus,
2849 3822 2904 3869 et
2950 3815 3058 3870 alia
3093 3832 3215 3887 quae
3247 3833 3446 3873 neces-

1859 3902 2004 3957 saria
2030 3902 2188 3973 juxta
2222 3904 2550 3974 sapientiam
2589 3922 2755 3976 quam
2785 3907 2943 3963 vobis
2985 3910 3243 3978 praestitit
3270 3910 3444 3965 Altis-

1860 3995 2055 4057 simus,
2102 4011 2228 4051 esse
2269 3998 2679 4068 cognoveritis,
2734 4000 2946 4069 absque
2994 4001 3256 4057 tarditate
3303 4019 3448 4072 pta:-

1860 4096 2030 4152 stare,
2058 4096 2117 4143 ut
2145 4097 2311 4144 tanta:
2347 4091 2579 4145 miseria:
2620 4092 2907 4162 squalores
2948 4107 2979 4143 a
3011 4092 3252 4147 ﬁdelium
3289 4111 3445 4150 men-

1858 4178 2008 4234 tibus
2030 4178 2410 4250 detergantur,
2434 4189 2491 4236 et
2517 4182 2677 4251 quasi
2701 4183 2907 4239 vulnus
2937 4185 3156 4253 corpori
3191 4184 3443 4253 inﬁxum,

1859 4270 2052 4325 auditu
2109 4280 2273 4327 tanta:
2314 4272 2554 4328 miseria:
2598 4274 2890 4340 obserato,
2947 4276 3176 4333 salutari
3221 4278 3450 4331 curetur

1861 4364 2129 4429 antidoto,
2169 4374 2228 4418 ut
2269 4364 2455 4419 divino
2485 4364 2609 4421 freti
2656 4366 2965 4437 juvamine,
3006 4380 3301 4441 vestraque
3345 4387 3446 4424 au-

164 4458 418 4514 sentibus
466 4457 660 4522 nobis,
708 4457 984 4527 octoginta
1034 4455 1274 4526 capitula
1331 4456 1388 4509 in
1454 4463 1754 4510 memorata
1788 4436 1833 4491 Ῑ)
1861 4455 2118 4510 ctoritate
2145 4463 2309 4525 atquc
2333 4455 2539 4510 auxilio
2570 4457 2841 4525 roborati,
2884 4436 3295 4515 adversantium
3332 4468 3448 4514 ter-

164 4557 400 4605 traetata
437 4560 570 4605 sunt
602 4548 817 4621 synodo
848 4548 1040 4614 semel,
1076 4555 1132 4602 et
1153 4547 1519 4618 quadraginta
1549 4561 1580 4601 a
1602 4546 1754 4603 Grte~

162 4645 247 4701 cis
277 4644 467 4701 Graaca
514 4643 662 4699 dicta
704 4644 911 4715 lingua,
947 4650 1003 4699 et
1037 4641 1401 4714 quadraginta
1441 4656 1473 4695 a
1513 4640 1749 4706 Latinis,

163 4737 420 4792 similiter
456 4736 605 4791 dicta
648 4734 842 4790 Latina
889 4735 1096 4805 lingua.
1139 4732 1247 4788 Sed
1300 4733 1476 4788 visum
1516 4740 1603 4789 est
1641 4743 1754 4788 tre-

162 4828 340 4883 centis
374 4826 563 4882 decem
606 4833 661 4881 et
684 4834 810 4880 octo
847 4823 1124 4888 Patribus,
1168 4831 1361 4878 sancto
1405 4822 1614 4895 Spiritu
1658 4838 1749 4879 re-

161 4919 432 4990 pletis,'in
457 4918 722 4990 praedicto
749 4918 988 4975 concilio
1022 4917 1392 4988 congregatis,
1435 4926 1490 4973 et
1516 4917 1752 4973 maxime

156 5012 275 5080 jam
302 5011 452 5068 dicto
489 5012 840 5072 Alexandro.
874 5018 928 5066 et
967 5011 1293 5082 apostolicae
1336 5009 1483 5065 sedis
1529 5009 1751 5080 apocri-

161 5104 370 5171 siariis,
401 5113 460 5159 ut
487 5105 678 5160 decem
714 5104 955 5176 capitula
999 5103 1381 5159 adunareutur
1416 5103 1560 5171 aliis,
1584 5110 1753 5173 atque

162 5196 425 5265 congruis
462 5197 518 5251 in
558 5197 697 5253 locis
735 5196 1146 5262 insererentur,
1189 5204 1244 5252 et
1290 5195 1359 5251 ad
1398 5194 1630 5250 formam
1666 5211 1753 5251 se-

161 5286 448 5359 ptuaginta
473 5288 893 5360 discipulorum,
935 5289 1016 5344 vel
1046 5290 1217 5344 totius
1257 5287 1408 5343 orbis
1448 5297 1610 5343 terra:
1644 5288 1753 5342 lin-

1860 4545 2262 4616 giversationes
2312 4546 2544 4602 evadere
2596 4547 2901 4614 valeamus,
2946 4562 3113 4622 atque
3152 4551 3447 4607 inconfuso

1859 4640 2046 4705 vultu,
2096 4656 2204 4695 non
2263 4639 2457 4697 fraude
2491 4642 2821 4714 cujusquam
2874 4646 3148 4715 perculsi,
3187 4646 3449 4702 assistere

1860 4740 2071 4820 aaternp
2098 4733 2275 4803 judici
2305 4749 2639 4802 mereamur,
2663 4744 2719 4791 et
2743 4751 2931 4793 vocem
2963 4738 3160 4793 audire
3192 4740 3449 4809 inquien-

1859 4833 2012 4882 tem:
2052 4826 2214 4898 Euge,
2252 4844 2396 4881 serve
2444 4826 2573 4883 bone
2611 4837 2663 4884 et
2689 4830 2887 4900 ﬁdelis,
2918 4831 3044 4901 quia
3093 4847 3253 4901 super
3275 4850 3448 4903 pauca

1856 4918 2012 4988 fuisti
2054 4918 2266 4989 ﬁdelis,
2313 4934 2477 4989 supra
2519 4921 2691 4975 multa
2732 4931 2781 4976 te
2816 4922 3162 4978 constituam.
3207 4920 3362 4976 Intra
3392 4926 3446 4980 in

1850 5011 2109 5082 gaudium
2149 5010 2367 5066 Domini
2418 5014 2497 5066 tui
2519 5014 2584 5065 ⁸⁸.

1924 5102 1992 5157 Et
2010 5104 2377 5174 subscriptio:
2398 5103 2658 5160 Orantem
2687 5122 2785 5175 pro
2806 5107 2965 5162 nobis
2984 5116 3234 5163 sanctum
3254 5116 3447 5176 aposlo

1852 5195 2023 5251 latum
2058 5206 2304 5252 vestrum
2326 5198 2585 5269 longaevis
2616 5197 2883 5255 Dominus
2906 5207 3197 5256 conservet
3232 5206 3447 5270 tempo-

1853 5289 2033 5345 ribus.

234 5469 284 5501 “
318 5466 480 5524 Joan.
516 5483 556 5533 ι,
592 5469 647 5523 3.
722 5468 766 5500 "
806 5466 996 5523 Matth.
1034 5483 1088 5533 χ,
1122 5466 1213 5522 ἓῦ.
1289 5468 1336 5502 ⁸⁸
1377 5467 1569 5524 Matth.
1604 5483 1730 5534 xxv,
1764 5469 1772 5521 ε

1895 5466 1987 5531 25.

236 5624 349 5697 (52)
387 5625 446 5681 ὃ.
482 5624 614 5695 Leo,
646 5642 713 5697 cp
767 5625 854 5681 84.

1912 5622 2043 5694 ’(55)
2078 5613 2290 5680 Concil.
2323 5621 2630 5679 Romanum
2661 5638 2807 5680 anno
2849 5621 2972 5678 721.
