3860 6220
454 185 598 240 1447

1623 188 1681 247 S.
1722 190 2184 253 ATHANASIUS.
2226 229 2294 239 —
2336 196 2607 254 SPURIA.

3574 212 3704 267 im

454 319 784 393 Rescriptnm
828 323 1001 380 Marci
1039 342 1210 395 papae,
1246 327 1311 383 de
1369 331 1615 386 missione
1657 335 2027 422 capitulorum.
2063 339 2274 424 Nicmni
2315 344 2528 397 concilii
2576 343 2904 409 Athanasio,
2948 355 3001 400 et
3050 346 3293 402 omnibus
3335 348 3705 422 ligyptioru

1939 424 2220 481 episcopis.

522 503 767 561 Dominis
783 510 1185 566 venerabilibus
1210 510 1490 581 fratribus,
1512 515 1813 572 Athanasio
1832 527 1888 576 et
1910 522 2036 578 uni-
2064 530 2111 587 Α
2139 526 2367 588 scrinio,
2404 526 2596 581 eadem
2642 544 2765 598 qua
2807 538 3016 587 sancta
3058 534 3463 593 recordationis
3505 540 3707 609 prada-

449 598 630 652 versis
669 595 1054 669 [Egyptiorum
1093 601 1371 673 episcopis
1396 645 1411 669 ,
1450 605 1669 661 Marcus
1697 618 1901 665 sancta
1930 613 2031 665 Ro-

450 700 647 751 mana,
684 691 1101 763 apostolicaque
1131 692 1289 750 Sedis
1320 703 1373 750 et
1404 697 1735 756 universalis
1768 700 2030 758 Ecclesia

452 791 764 848 episcopus.

521 890 708 957 Doleo,
743 893 960 959 fratres,
1004 903 1059 951 et
1101 898 1328 954 nimium
1359 903 1657 958 contristor
1694 919 1860 974 super
1892 904 2028 958 alni-

447 982 633 1038 ctione
674 993 893 1051 vestra,
938 988 1031 1043 sed
1081 991 1279 1060 oppido
1339 996 1617 1059 consolor,
1666 997 1813 1066 quod
1863 1006 2025 1052 vento

448 1074 649 1142 agitata
682 1090 791 1130 non
829 1079 963 1133 estis
1001 1083 1233 1147 arundo,
1280 1084 1374 1139 sed
1426 1088 1563 1142 recti
1612 1088 1669 1141 in
1723 1086 1853 1153 fide,
1880 1088 2025 1144 inter

445 1177 638 1219 omnes
667 1168 1027 1236 procellarum
1061 1180 1117 1226 et
1169 1176 1451 1229 turbinum
1497 1176 1845 1246 af'ﬂictiones,
1878 1180 2024 1235 inter

446 1270 639 1311 omnes
674 1260 1097 1319 colluctationes
1118 1306 1132 1329 ,
1177 1267 1520 1321 incessanter
1549 1268 1881 1337 perduratis.
1914 1270 2021 1326 Le-

444 1347 551 1402 ctis
578 1362 709 1417 ergo
736 1350 1097 1411 fraternitatis
1128 1366 1325 1410 vestra
1352 1356 1574 1421 litteris,
1607 1359 1853 1429 vigorem
1881 1376 2020 1415 con-

446 1440 660 1494 stantia
685 1453 901 1505 vestra,
931 1460 1096 1514 quam
1126 1447 1253 1500 olim
1288 1463 1641 1511 noveramus,
1674 1453 2016 1522 agnovimus.

442 1530 903 1601 Congratulantes
940 1536 1116 1601 vobis,
1160 1540 1308 1609 quod
1338 1540 1404 1593 ad
1444 1542 1862 1597 custodiendum
1894 1561 2020 1616 gre-

442 1640 585 1693 gem,
620 1628 955 1695 pastoralem
982 1644 1172 1683 curam
1213 1632 1506 1701 vigilantes
1537 1633 1914 1703 inscquimini.
1941 1636 2018 1691 Ne

441 1715 577 1786 lupi,
610 1716 705 1784 qui
738 1718 843 1771 sub
888 1719 1071 1787 specie
1120 1720 1304 1774 ovium
1339 1723 1757 1787 subintrarunt,
1797 1724 2013 1780 bestiali

440 1809 650 1862 saevitia
681 1810 961 1879 simplices
999 1826 1248 1881 quasque
1289 1813 1610 1869 dilacerent.
1648 1817 1753 1883 Qui
1798 1832 1909 1871 non
1943 1817 2012 1871 ad

438 1898 544 1953 hoc
578 1900 980 1966 subintraruut,
1006 1911 1066 1956 ut
1099 1904 1281 1975 aliqua
1326 1907 1671 1962 correctione
1696 1910 2008 1977 proficiant,
2043 1880 2086 1934 Β

437 1992 535 2047 sed
571 2000 632 2045 ut
659 2007 747 2057 ea,
777 2008 899 2062 qua
914 2003 1041 2049 sunt
1063 2010 1218 2060 sana,
1253 2006 1632 2068 corrumpant.
1666 2000 2010 2071 QuaprOpter

434 2100 634 2140 moneo
664 2094 719 2140 et
769 2086 961 2140 hortor
1001 2087 1351 2143 dilectionem
1400 2100 1664 2156 vestram,
1706 2100 1766 2146 ut
1806 2093 2007 2147 bonum

435 2178 583 2248 quod
612 2179 885 2249 capistis,
923 2180 1353 2235 adminiculante
1374 2182 1560 2237 divina
1601 2185 1802 2255 gratia,
1833 2201 2011 2256 usque

434 2272 492 2327 in
526 2273 686 2327 finem
737 2273 1039 2342 perducere
1089 2276 1387 2342 satagatis,
1426 2276 1677 2332 veritatis
1716 2293 1851 2332 voce
1891 2294 2008 2332 ma-

434 2370 637 2416 nente:
686 2361 882 2416 Beatus
912 2364 1001 2433 qui
1023 2367 1425 2431 perseveraverit
1464 2367 1517 2419 in
1550 2367 1817 2436 ﬁnent's‘.
1853 2366 2007 2423 Unde

432 2453 579 2510 enim
612 2453 769 2508 beata
811 2455 1217 2523 perseverantia
1239 2495 1254 2520 ,
1296 2456 1405 2511 nisi
1437 2456 1506 2511 de
1558 2459 1755 2513 virtute
1789 2463 2006 2528 patien-

433 2546 558 2601 tia?
597 2545 730 2599 Nam
768 2547 924 2616 juxta
967 2546 1287 2616 Apostolutu
1320 2569 1331 2602 :
1370 2547 1563 2603 Omnes
1605 2549 1695 2620 qui
1745 2552 2004 2604 voluerint

429 2638 514 2706 pie
535 2639 700 2691 vivere
722 2638 776 2690 in
799 2635 1032 2704 Christo,
1051 2639 1459 2707 persecutionem
1482 2642 1748 2708 patientur
1768 2642 1837 2697 ".
1872 2643 2006 2709 Qua

432 2746 543 2786 non
581 2730 638 2783 in
685 2745 752 2783 eo
783 2737 995 2783 tantum
1046 2730 1414 2801 computanda
1448 2743 1569 2797 est,
1619 2735 1762 2801 quod
1811 2745 2004 2790 contra

430 2820 799 2875 Christianam
836 2820 1112 2888 pietatem,
1150 2828 1245 2875 aut
1284 2819 1454 2884 ferro,
1490 2829 1584 2876 aut
1625 2824 1844 2893 ignibus
1887 2828 2003 2897 agi-

431 2922 554 2977 tur,
600 2920 693 2966 aut
730 2911 1151 2982 quibuscunque
1208 2914 1526 2983 suppliciis,
1565 2931 1690 2969 cum
1740 2933 2000 2985 persecu-

428 3004 646 3059 tionum
705 3004 967 3058 savitiam
1011 3004 1323 3073 suppleant,
1377 3003 1474 3060 sed
1519 3006 2000 3067 dissimilitudines

427 3110 665 3158 morum,
694 3102 749 3150 et
783 3095 1138 3150 contumacia
1164 3096 1587 3151 inobedientium
1610 3138 1624 3162 ,
1658 3106 1712 3153 et
1737 3101 2000 3173 maligna-

424 3203 547 3242 rum
572 3187 674 3241 tela
692 3186 1023 3258 linguarum,
1041 3187 1239 3257 quibus
1265 3187 1761 3245 conflictationibus
1778 3200 1837 3246 ut
1852 3208 2000 3248 com-

424 3278 610 3333 munia
644 3293 858 3347 semper
885 3278 1129 3333 membra
1167 3280 1477 3347 pulsantur,
1512 3290 1572 3335 ut
1606 3282 1752 3336 nulla
1785 3285 1999 3353 piorum

424 3372 605 3441 portio
639 3358 1066 3424 conflictatione
1120 3371 1191 3425 sit
1242 3371 1432 3437 libera,
1491 3379 1549 3427 ut
1581 3389 1681 3428 nec
1721 3376 1996 3444 periculis,

422 3476 525 3517 nec
542 3462 654 3517 otio
668 3471 907 3524 careant,
923 3477 1024 3516 nec
1038 3462 1382 3518 labore.Nam
1406 3464 1541 3527 hac,
1556 3472 1609 3520 et
1627 3467 1808 3520 omnia
1828 3467 2000 3522 incre-

422 3562 604 3609 menta
622 3553 981 3624 probabilium
1000 3553 1328 3618 studiorum,
1341 3556 1464 3609 etin
1480 3556 1561 3612 eis
1577 3573 1748 3626 usque
1762 3558 1815 3612 in
1834 3558 1995 3614 finem

419 3647 911 3716 perseverantium,
943 3654 1107 3715 atque
1136 3646 1291 3700 bona
1315 3648 1610 3704 voluntatis
1632 3649 1991 3716 incrementa,

419 3741 487 3795 ad
517 3739 723 3795 Christi
768 3740 1000 3808 gratiam
1051 3753 1267 3808 semper
1311 3746 1440 3794 sunt
1480 3740 1791 3808 referenda,
1823 3751 1884 3796 ut
1936 3743 1991 3797 in

417 3831 673 3885 omnibus
698 3845 820 3900 qua
851 3830 1085 3898 agimus,
1111 3828 1255 3884 Deus
1292 3829 1439 3884 omni
1469 3831 1708 3901 perfecte
1740 3831 1993 3887 laudetur

416 3933 680 3994 tempore.
718 3922 791 3977 De
818 3923 1183 3992 capitulorum
1225 3915 1459 3991 namque
1504 3924 1734 3979 veritate
1778 3932 1834 3980 et
1883 3941 1988 3979 nu-

413 4029 567 4069 mero
593 4013 797 4068 Nic-ani
831 4014 1073 4079 concilii,
1106 4013 1307 4083 quibus
1343 4030 1438 4069 vos
1468 4014 1805 4081 interfuisse,
1842 4017 1977 4071 litte-

413 4106 494 4160 ris
529 4114 728 4161 vestra
762 4103 1127 4160 fraternitatis
1159 4104 1534 4175 significastis,
1572 4121 1601 4159 a
1634 4107 1860 4172 nostris,
1889 4107 1985 4178 qui

410 4212 521 4251 una
551 4199 835 4253 vobiscum
883 4196 1279 4259 interfuerunt,
1319 4198 1757 4267 diligentioribus
1801 4200 1986 4268 requi-

410 4290 639 4344 sivimus
665 4288 1139 4344 collocutionibus.
1174 4287 1277 4354 Qui
1314 4288 1409 4354 ita,
1449 4294 1508 4341 ut
1543 4296 1738 4343 vestra
1771 4297 1984 4344 testata

408 4389 540 4438 sunt
568 4382 779 4445 littera,
814 4395 1030 4435 onmem
1080 4380 1240 4434 nobis
1282 4380 1529 4434 ordinem
1573 4389 1975 4451 exposuerunt,

406 4480 462 4528 et
492 4479 729 4527 vestram
760 4471 1046 4540 epistolam
1081 4485 1178 4540 per
1203 4470 1387 4524 omnia
1418 4485 1600 4525 veram
1629 4488 1751 4527 esse
1792 4474 1976 4529 testati

2132 618 2342 673 cessori
2385 634 2509 674 meo
2552 619 2833 691 Sylvestro
2881 630 3013 678 sunt
3053 625 3298 691 directa,
3338 631 3703 701 septuaginta,

2131 704 2273 759 sicut
2298 705 2675 775 significastis,
2713 709 2952 779 capitula
2996 713 3327 772 invenimus.
3366 717 3489 788 Ipsa
3529 730 3703 777 autem

2127 795 2307 860 vobis,
2339 805 2567 867 propter
2599 803 2979 858 auctoritatem
3009 811 3064 858 et
3093 806 3558 878 subscriptionem
3585 820 3706 866 tan-

2126 891 2307 940 torum
2360 886 2702 955 Patrum,et
2750 892 2873 963 ejus
2928 897 3112 966 magni
3166 899 3431 963 concilii,
3480 903 3704 958 minime

2125 978 2378 1035 misimus
2398 1019 2413 1042 ,
2451 982 2547 1036 sed
2593 999 2691 1053 per
2719 986 2907 1040 eadem
2928 1027 2945 1051 ,
2997 1003 3294 1061 coramque
3327 995 3702 1062 apocrisiariis

2122 1071 2343 1134 vestris,
2374 1072 2480 1125 alia
2516 1075 2738 1140 similia,
2764 1076 3017 1133 eumdem
3055 1096 3365 1149 numerum,
3401 1086 3702 1158 eademque

2123 1161 2311 1226 verba,
2352 1171 2407 1218 et
2437 1165 2611 1234 ipsam
2661 1168 3125 1240 subscriptionem
3157 1178 3518 1241 continentia,
3543 1180 3703 1236 vobis

2123 1256 2449 1320 rescribere,
2486 1267 2541 1312 et
2571 1259 2676 1314 sub
2697 1260 2865 1331 600
2890 1273 3043 1317 certa
3084 1264 3443 1333 stipulatione
3469 1277 3527 1324 et
3566 1287 3703 1326 con-

2124 1347 2431 1403 firmatione
2458 1351 2675 1405 mittere
2703 1352 3042 1409 curavimus.
3074 1354 3138 1409 Et
3176 1357 3300 1426 quis
3336 1368 3422 1415 est
3454 1363 3549 1431 qui
3588 1364 3702 1417 fra-

2119 1438 2298 1494 tribus
2322 1440 2455 1493 talia
2484 1457 2685 1511 negare
2710 1443 2945 1498 audeat?
2967 1446 3099 1499 Nam
3132 1463 3241 1501 non
3262 1452 3509 1520 neganda
3539 1454 3701 1509 nobis

2119 1528 2235 1583 hac
2287 1531 2464 1585 sancti
2523 1530 2767 1600 Spiritus
2811 1534 2954 1589 dona
3012 1535 3278 1595 Dominus
3326 1542 3551 1605 docuit,
3602 1545 3701 1600 sed

2121 1619 2350 1675 ﬁdeliter
2399 1624 2729 1688 exercenda,
2774 1638 2830 1680 et
2885 1626 3150 1685 fratribus
3182 1633 3594 1699 contradenda,
3646 1646 3703 1692 et

2118 1712 2363 1766 docenda
2389 1715 2674 1770 distribuit
2701 1718 2835 1789 (54).
2867 1718 2995 1775 Hae
3025 1725 3397 1792 apostolorum
3431 1727 3556 1781 viva
3586 1735 3703 1782 tra-

2116 1801 2272 1868 ditio,
2310 1804 2424 1859 hac
2465 1814 2549 1861 est
2579 1822 2705 1862 vera
2753 1810 3021 1877 charitas,
3051 1828 3172 1882 qua
3200 1815 3556 1883 pradicanda
3589 1826 3699 1882 est,

2114 1901 2165 1948 et
2192 1898 2469 1967 pracipue
2497 1900 2772 1968 diligenda
2796 1917 2861 1956 ac
2884 1902 3139 1970 fovenda,
3172 1917 3338 1977 atque
3362 1909 3703 1970 fiducialiter

2112 1985 2180 2039 ab
2206 1989 2462 2043 omnibus
2487 1991 2753 2045 tenenda:
2786 1994 2902 2048 hac
2936 2007 3127 2051 sancta
3156 2005 3211 2052 et
3239 2003 3547 2069 apostolica
3581 2021 3693 2059 ma-

2112 2085 2198 2131 ter
2228 2079 2477 2133 omnium
2525 2078 2936 2146 Ecclesiarum,
2991 2086 3197 2143 Christi
3247 2090 3536 2159 Ecclesia,
3574 2112 3703 2165 qua

2110 2186 2208 2242 per
2237 2174 2632 2244 omnipmentis
2662 2175 2756 2231 Dei
2796 2181 3026 2249 gratiam
3053 2196 3082 2234 a
3130 2184 3347 2238 tramite
3375 2188 3700 2255 apostolica

2111 2263 2422 2320 traditionis
2460 2281 2741 2338 nunquam
2786 2286 3004 2327 errasse
3039 2274 3319 2343 probatur,
3371 2293 3476 2332 nec
3521 2279 3699 2336 hare-

2110 2354 2344 2408 ticorum
2378 2358 2714 2415 novitatibus
2742 2358 3091 2431 depravanda
3122 2364 3416 2419 succubuit
3441 2385 3455 2432 ;
3485 2370 3585 2423 sed
3633 2379 3695 2424 ut

2110 2444 2164 2499 in
2210 2448 2438 2503 exordio
2483 2465 2733 2505 normam
2782 2452 2903 2507 fidei
2955 2454 3283 2513 Christiana
3329 2463 3579 2531 percepit
3621 2463 3693 2517 ab

2108 2541 2426 2597 auctoribus
2480 2542 2597 2598 suis
2645 2546 3016 2614 apostolorum
3071 2547 3275 2603 Christi
3315 2552 3685 2622 principibus,

2108 2628 2314 2682 illibata
2349 2630 2455 2686 fine
2491 2639 2655 2689 tenus
2688 2642 2891 2700 manet,
2928 2637 3230 2691 secundum
3262 2639 3438 2708 ipsius
3467 2640 3684 2697 Domini

2109 2720 2412 2778 Salvatoris
2470 2724 2714 2779 divinam
2764 2727 3211 2796 pollicitationem
3244 2770 3260 2795 ,
3312 2733 3406 2802 qui
3456 2748 3681 2788 suorum

2105 2813 2501 2885 discipulorum
2528 2818 2764 2889 principi
2796 2820 2850 2873 in
2877 2821 2994 2875 suis
3022 2820 3170 2876 fatus
3199 2830 3285 2877 est
3325 2824 3638 2895 Evangeliis
3662 2845 3677 2880 :

2106 2898 2281 2965 Petre,
2314 2904 2603 2973 inquiens,
2648 2922 2764 2960 ecce
2813 2906 2986 2962 Satan
3027 2912 3279 2980 expetivit
3319 2922 3378 2966 ut
3420 2915 3681 2969 cribraret

2104 3008 2213 3057 vos,
2276 2995 2413 3047 sicut
2466 2996 2557 3065 qui
2604 2996 2804 3050 cribrat
2843 2999 3078 3054 triticum
3110 3018 3130 3056 :
3167 3019 3260 3072 ego
3292 3014 3469 3059 autem
3507 3022 3601 3074 pro
3634 3018 3684 3061 te

2101 3085 2304 3154 rogavi,
2352 3095 2411 3139 ut
2460 3103 2564 3141 non
2610 3088 2825 3159 deﬁciat
2856 3091 2991 3160 ﬁdes
3040 3103 3153 3159 tua,
3190 3106 3241 3150 et
3277 3110 3333 3150 tu
3385 3099 3679 3170 aliquando

2102 3196 2380 3236 conversus
2404 3184 2663 3253 conﬁrma
2686 3186 2881 3254 fratres
2907 3197 3023 3242 tuos
3042 3189 3111 3244 °°.
3138 3189 3465 3247 Consideret
3494 3194 3681 3263 itaque

2104 3278 2284 3324 vestra
2320 3274 2592 3329 excellens
2636 3276 2948 3344 prudentia,
2999 3294 3162 3348 quam
3201 3281 3404 3337 bonum
3444 3284 3518 3338 sit
3554 3300 3680 3354 per-

2101 3363 2297 3418 sistere
2352 3365 2408 3418 in
2455 3366 2865 3435 dispensatione
2894 3370 3051 3426 vobis
3096 3373 3328 3438 credita,
3360 3384 3415 3428 et
3468 3375 3525 3429 in
3574 3376 3680 3431 ﬁde

2098 3462 2270 3518 recta,
2298 3463 2461 3526 atque
2486 3456 2759 3513 hareticis
2785 3468 2839 3513 et
2864 3461 3077 3517 amulis
3106 3461 3314 3518 Christi
3343 3480 3677 3537 repugnare,

2095 3556 2150 3600 et
2184 3562 2463 3617 nunquam
2487 3563 2518 3602 a
2552 3549 2798 3604 veritatis
2821 3551 3038 3607 tramite
3066 3553 3368 3611 declinare.
3400 3559 3677 3621 Quoniam

2095 3635 2360 3693 Dominus
2397 3648 2451 3695 et
2480 3639 2734 3696 Salvator
2755 3643 3021 3705 omnium.
3062 3647 3225 3716 cujus
3259 3650 3393 3703 fides
3436 3660 3547 3713 est,
3581 3653 3677 3721 qui

2094 3746 2194 3800 pro
2234 3732 2391 3787 nobis
2422 3734 2561 3786 mori
2602 3749 2710 3789 non
2743 3735 3044 3803 dubitavit,
3086 3751 3140 3795 et
3173 3742 3398 3811 proprio
3428 3758 3537 3799 nos
3572 3761 3678 3800 suo

2091 3824 2359 3892 sanguine
2394 3824 2643 3889 redemit,
2684 3829 2777 3895 qui
2809 3829 2965 3884 fidem
2998 3829 3141 3885 beati
3181 3830 3324 3887 Petri
3358 3849 3470 3887 non
3521 3836 3676 3892 defe-

2088 3922 2299 3968 cturam
2348 3916 2616 3984 promisit,
2654 3926 2709 3973 et
2741 3922 3069 3976 confirmare
3115 3937 3241 3976 eum
3285 3924 3487 3980 fratres
3537 3943 3672 3982 suos

2087 4006 2391 4060 admonuit.
2417 4007 2571 4072 Quod
2608 4011 2941 4078 apostolicos
2972 4012 3259 4081 pontifices
3292 4030 3426 4069 tinea
3456 4018 3672 4088 exigui-

2084 4096 2214 4151 tatis
2261 4099 2697 4165 pradecessores
2760 4103 3099 4158 confidenter
3148 4104 3389 4168 fecisse,
3446 4123 3671 4178 semper

2082 4191 2296 4243 cunctis
2325 4198 2409 4244 est
2449 4191 2748 4259 cognitum.
2781 4190 3025 4257 Quorum
3061 4202 3116 4248 et
3171 4196 3446 4264 pusillitas
3506 4215 3662 4263 mea,

2080 4276 2208 4331 licet
2229 4278 2407 4347 impar
2435 4279 2507 4333 sit
2533 4287 2588 4333 et
2615 4280 2822 4343 infima,
2848 4297 2949 4350 pro
2974 4294 3228 4353 suscepta
3262 4291 3447 4339 tamen
3473 4285 3663 4342 divina

2079 4368 2430 4443 dignatione,
2471 4373 2780 4428 ministerio
2825 4374 3125 4445 pedisequa
3166 4376 3317 4446 cupit
3363 4379 3658 4434 exsistere.

2080 4463 2171 4518 Va
2216 4463 2363 4517 enim
2407 4464 2512 4518 erit
2559 4464 2753 4529 nobis,
2810 4466 2902 4535 qui
2948 4465 3114 4536 hujus
3165 4467 3458 4523 ministerii
3516 4484 3660 4524 onus

405 4572 557 4630 sunt,
605 4578 716 4617 non
761 4570 822 4615 ut
872 4562 1075 4632 aliquid
1129 4563 1415 4618 sinistrum
1467 4572 1651 4618 vestra
1701 4580 1767 4619 ex
1819 4573 1976 4635 parte
2006 4564 2394 4628 Dsusceptum
2428 4555 2714 4621 habemus,
2747 4557 2792 4611 si
2814 4558 3101 4613 veritatem
3138 4556 3448 4614 Salvatoris
3479 4562 3659 4617 nostri

327 4663 331 4667 ‘
404 4653 756 4715 arbitremur,
789 4650 883 4706 sed
938 4667 1039 4706 nos
1070 4659 1125 4705 et
1169 4667 1290 4714 vos,
1341 4652 1573 4721 illosque
1609 4653 1816 4723 absque
1866 4656 1975 4709 ulla

401 4747 456 4800 in
482 4753 754 4814 posterum
778 4741 1104 4796 titubatione
1135 4756 1301 4795 unum
1335 4742 1538 4796 sentire
1560 4750 1898 4812 optaremus,
1922 4753 1976 4799 et

399 4846 590 4893 saneta
626 4834 869 4888 Romana
907 4834 1172 4896 Ecclesia,
1207 4848 1328 4903 qua
1370 4849 1587 4905 semper
1622 4835 1971 4888 immaculata

399 4928 620 4989 mansit,
651 4936 707 4981 et
745 4925 974 4981 Domino
1026 4924 1346 4993 providente
1370 4966 1385 4992 ,
1426 4933 1480 4980 et
1527 4925 1689 4980 beato
1723 4927 1971 4994 apostolo

396 5019 557 5075 Petro
586 5034 744 5089 opem
797 5018 1020 5075 ferente.
1065 5017 1120 5070 in
1164 5018 1352 5072 futuro
1400 5018 1664 5081 manebit,
1706 5019 1825 5073 sine
1859 5018 1968 5071 ulla

396 5109 776 5165 hareticorum
811 5107 1189 5168 insultatione,
1219 5106 1373 5159 ﬁrma
1410 5115 1465 5161 et
1494 5107 1790 5162 immobilis
1818 5106 1967 5159 omni

394 5207 640 5269 tempore
682 5201 956 5267 persistet.
998 5198 1095 5257 His
1145 5200 1329 5269 itaque
1374 5201 1631 5268 peractis,
1679 5200 1970 5270 diligenter

388 5292 752 5362 requirentes,
787 5291 844 5347 in
877 5302 1067 5348 sancto
1109 5300 1317 5350 nostra
1360 5300 1415 5347 et
1452 5293 1766 5362 apostolica
1818 5291 1967 5346 sedis

2074 4645 2201 4701 Jesu
2234 4647 2463 4713 Christi,
2502 4662 2667 4716 quam
2718 4649 2952 4717 apostoli
3003 4647 3483 4718 praedicaverunt,
3519 4669 3657 4723 pra-

2073 4738 2258 4793 dicare
2288 4739 2709 4808 neglexerimus.
2731 4737 2823 4793 Va
2849 4740 3014 4793 etiam
3038 4740 3143 4795 erit
3173 4741 3357 4804 nobis,
3397 4743 3445 4798 si
3481 4746 3653 4799 silen-

2069 4829 2148 4882 tio
2173 4829 2455 4883 veritatem
2496 4830 2955 4899 oppresserimus,
3008 4831 3102 4899 qui
3137 4846 3369 4900 erogare
3393 4850 3655 4889 numam-

2070 4920 2224 4975 lariis
2252 4920 2546 4990 iubemur,
2596 4920 2653 4975 id
2707 4931 2813 4985 est,
2854 4921 3200 4979 Christianos
3254 4925 3497 4993 populos
3548 4926 3652 4979 im-

2069 5013 2259 5078 huere,
2315 5022 2369 5067 et
2414 5013 2632 5069 docere.
2685 5012 2825 5079 Quid
2878 5014 2935 5068 in
2980 5015 3156 5084 ipsius
3198 5014 3415 5070 Christi
3468 5016 3650 5071 futuro

2066 5106 2265 5160 dicturi
2297 5122 2487 5161 sumus
2517 5106 2785 5170 examine,
2822 5106 2869 5160 si
2903 5107 3177 5161 sermonis
3205 5108 3330 5176 ejus
3359 5109 3646 5162 veritatem

2066 5196 2460 5251 confundimur
2503 5198 2840 5268 praedicare?
2874 5197 3017 5263 Quid
3059 5199 3165 5254 erit
3195 5199 3267 5253 de
3298 5200 3487 5265 nobis,
3520 5214 3643 5253 cum

2064 5288 2133 5345 de
2164 5289 2477 5344 commissis
2519 5288 2681 5347 nobis
2717 5288 3030 5355 animabus,
3060 5295 3118 5344 et
3145 5289 3214 5345 de
3241 5288 3429 5347 officio
3452 5302 3641 5348 susce-

458 5448 528 5481 ⁸³⁶
561 5445 751 5502 Matth.
786 5464 935 5514 xxiv,
976 5449 1061 5505 15.
1098 5449 1143 5483 ⁸⁸
1183 5449 1229 5504 ιι
1265 5448 1407 5506 Tim.
1443 5465 1523 5517 tu,
1562 5449 1645 5503 12.
1722 5449 1768 5480 ⁸⁸
1805 5445 1942 5503 Luc.
1979 5465 1999 5503 ι

2101 5449 2241 5515 .51,
2277 5448 2366 5502 39..

454 5606 572 5675 (δι)
604 5606 815 5676 Agatho
855 5608 919 5663 ad
947 5608 1135 5664 Const.
1171 5609 1498 5679 Augustum,
1531 5594 1635 5665 act.
1671 5610 1703 5664 4
1732 5611 1950 5666 concilii
1977 5626 2028 5665 vr
2071 5625 2194 5681 gen.
