3860 6220
485 259 618 316 MS!
1623 250 1680 306 S.
1722 247 2182 305 ATHANASIUS.
2211 280 2282 290 -—
2321 248 2611 306 SPURIA.‘
3613 246 3714 302 H53

483 379 725 450 tiﬁcabat
771 394 873 442 me,
911 384 960 431 et
1001 375 1182 430 oculus
1213 375 1389 431 videns
1425 375 1781 428 testimonium
1813 371 2059 426 reddebat
2090 379 2136 434 Α
2165 372 2323 426 aliter
2369 378 2760 440 praesumptum
2793 384 2824 422 a
2873 367 3200 442 quibusdam
3250 366 3434 433 fuerit,
3466 366 3526 420 in
3551 365 3714 422 vanum

482 472 632 534 mihi,
667 488 726 526 eo
757 470 894 541 quod
925 471 1228 524 liberassem
1266 483 1547 536 pauperem
1579 467 1974 534 vociferantem,
2007 475 2056 518 et
2163 463 2466 518 deducatur
2487 462 2632 532 quod
2657 463 2890 532 egerint,
2923 475 3028 515 nec
3057 461 3200 514 inter
3230 459 3610 514 ecclesiastica
3633 459 3715 516 ullo

479 565 761 634 pupillum,
794 565 880 617 cui
921 581 1026 618 non
1066 573 1199 617 esset
1243 561 1476 629 adjutor.
1509 560 1812 615 Benedictio
1837 559 2059 627 perituri
2163 554 2326 613 modo
2354 554 2775 624 reputabuntur.

481 674 638 726 super
667 673 748 710 me
773 657 1026 720 veniebat,
1057 664 1106 708 et
1135 670 1225 708 cor
1254 653 1424 708 vidua:
1457 655 1760 707 consolatus
1794 667 1943 716 sum;
1969 653 2005 713 it

497 751 628 768 ,.E.!,
663 750 690 768 EA
724 748 869 768 Jun-.-
910 765 1014 768 --μη
1081 756 1118 768 ,Α
1149 747 1348 768 -.-_a_'_,2a
1380 763 1456 768 μ--
1505 747 1635 768 -ὶ--.ι
1685 745 1995 768 μ--ι2...-..ιιι·

2340 645 2442 715 Ipsi
2493 659 2622 698 vero
2672 645 2860 713 primae
2911 643 3056 698 sedis
3109 641 3387 706 Ecclesiae,
3440 658 3719 697 convocan-
3817 655 3830 768 1

2306 753 2349 768 m
2384 736 2716 768 ηηηηνηιίηιη
2767 734 3101 768 ειν-ιηι-Ιιπ-ιιητ
3146 735 3264 768 ἶηιιιιὶ
3297 743 3348 768 nl
3397 733 3598 768 ἰηίὶίιιῖη
3630 738 3718 768 nni-

481 751 632 803 stitia
658 748 872 802 indutus
903 765 1039 812 sum,
1070 756 1118 801 et
1146 747 1348 801 vestivit
1378 763 1457 799 me
1500 747 1635 798 sicut
1684 745 1995 798 vestimento'
2010 751 2060 796 et
2161 737 2350 792 darum
2383 736 2716 807 generaliutu
2767 734 3104 806 synodorum
3140 735 3267 804 jura
3297 743 3352 788 et
3389 733 3602 804 judicia
3630 738 3719 804 epi-

481 775 632 803 stum
658 775 872 802 "mutus
903 775 1039 812 eum,
1070 775 1118 801 δι
1146 775 1345 801 υσδιιυιι
1379 775 1456 799 nu:
1500 775 1635 798 οιιιιι
1686 775 1984 798 υσθιυηεηιυ
2010 775 2060 796 co
2161 775 2350 792 υιιιυιιι
2383 775 2716 807 δυυυιιιιιυι...
2767 775 2819 806 υ)
2835 775 2998 788 ..νυνι
3013 775 3104 788 ιιι-ιι
3140 775 3267 804 δυιυι
3298 775 3352 788 ι.
3389 775 3602 804 δυυινιι.
3631 775 3698 804 νγ.

480 845 805 908 diademate,
813 844 1018 913 judicio
1037 843 1374 898 meo.0culus
1391 843 1643 912 fuicwco,
1672 850 1721 894 et
1740 856 1826 908 pes
1844 839 2055 895 claudo.
2162 844 2478 899 SCOPOHIm.
2526 827 2792 898 singulari
2824 828 3110 896 privilegio
3139 827 3496 897 evangelicis,
3527 836 3582 882 et
3613 844 3718 896 apo-
3817 775 3836 918 1

481 936 647 990 Pater
674 952 819 990 eram
860 943 1241 1002 pauperum,et
1272 948 1493 986 causam
1554 947 1712 1001 quam
1742 929 2054 993 nesciebam,
2161 923 2392 988 stolicis,
2441 929 2604 991 atque
2643 921 2924 974 canonicis
2971 934 3235 974 concessa
3283 931 3412 974 sunt
3459 922 3722 989 institutis,

478 1029 878 1099 diligentissime
934 1026 1332 1096 inuestigabam.
1366 1025 1708 1079 Conterebam
1758 1027 1926 1078 molas
1956 1023 2062 1076 ini-
2160 1032 2282 1086 quae
2308 1030 2524 1084 semper
2553 1014 2662 1084 (35)
2695 1013 2932 1081 majores
2955 1026 3138 1066 causa:
3171 1011 3236 1064 ad
3299 1014 3486 1067 sedem
3514 1015 3722 1083 Aposto-

479 1121 590 1189 συί,
625 1128 674 1173 ει
713 1119 775 1173 de
797 1118 1038 1172 demum,
1076 1118 1222 1171 ξιιίαδ
1262 1117 1593 1186 conferebam
1639 1116 1875 1186 prmium
1897 1117 1964 1168 το,
1993 1115 2058 1168 Et,
2160 1107 2319 1160 licam
2363 1104 2550 1160 multis
2585 1102 3007 1185 auctoritatibus
3041 1101 3235 1155 referri
3279 1113 3567 1172 praeceptae
3597 1110 3721 1158 sunt.

482 1211 643 1281 paulo
672 1219 795 1275 post
824 1229 836 1264 :
873 1209 930 1264 Si
971 1211 1175 1279 negavi,
1215 1211 1412 1280 inquit,
1444 1208 1580 1280 quod
1619 1209 1881 1271 volebant,
1921 1224 2058 1276 pau-
2159 1195 2269 1252 Nec
2293 1197 2406 1252 ullo
2433 1197 2596 1251 modo
2626 1204 2806 1266 potest
2838 1194 3014 1264 major
3047 1209 3077 1247 a
3100 1195 3313 1248 minore
3335 1194 3600 1262 judicari.
3624 1195 3722 1263 ipsa

478 1304 708 1372 peribus,
751 1311 800 1356 et
839 1303 1019 1356 oculos
1069 1301 1238 1356 viduae
1268 1312 1573 1371 exspectare
1609 1302 1729 1370 feci.
1768 1300 1828 1355 Si
1853 1301 2056 1354 comedi
2159 1304 2395 1359 namque
2438 1287 2696 1343 omnibus
2737 1286 2914 1355 major
2962 1293 3016 1340 et
3057 1287 3280 1355 prmlata
3326 1294 3410 1340 est
3459 1285 3723 1342 Ecclesiis.

479 1393 768 1448 buccellam
792 1410 961 1446 meam
984 1393 1152 1457 solus,
1175 1402 1224 1446 et
1246 1410 1349 1446 non
1370 1391 1591 1446 comedit
1619 1391 1856 1461 pupillus
1881 1405 1945 1445 ea:
1969 1406 2054 1452 ea,
2158 1383 2288 1450 Qum
2335 1398 2447 1437 non
2486 1379 2832 1437 solummodo
2867 1395 3162 1443 canonum,
3197 1389 3254 1434 et
3296 1389 3613 1434 sanctorum
3638 1376 3727 1433 Pa-

477 1489 602 1558 quia
641 1487 706 1540 ab
738 1487 971 1556 infantia
998 1501 1116 1538 mea
1143 1485 1301 1537 crevit
1335 1500 1535 1537 mecum
1574 1484 1866 1548 miseratio,
1903 1492 1952 1536 et
1991 1481 2054 1534 de
2156 1491 2302 1536 trum
2340 1481 2598 1544 decretis,
2645 1479 2741 1534 sed
2783 1477 3001 1531 Domini
3035 1475 3340 1531 Salvatoris
3378 1476 3556 1531 nostri
3591 1491 3726 1540 voce,

476 1588 628 1633 utero
659 1578 847 1631 matris
876 1592 1003 1630 mea:
1022 1592 1234 1645 egressa
1254 1584 1330 1629 est
1363 1591 1562 1630 mecum
1590 1573 1837 1639 “.Nam,
1860 1575 1906 1629 si
1930 1574 2054 1644 quis
2157 1571 2487 1642 singularem
2519 1570 2758 1624 obtinuit
2786 1568 3174 1638 principatum.
3211 1566 3289 1620 Tu
3335 1583 3388 1620 es
3416 1565 3727 1637 (inquiens)

475 1668 592 1722 htec
619 1675 770 1721 recto
801 1666 982 1720 omnia
1021 1666 1450 1721 consideraverit
1489 1667 1669 1732 oculo,
1706 1680 2052 1736 nequaquam
2087 1727 2124 1736 _
2160 1661 2373 1725 Petrus,
2425 1672 2475 1716 et
2514 1676 2669 1729 super
2707 1659 2843 1712 hanc
2876 1669 3081 1728 petram
3126 1657 3402 1726 wdiﬁcabo
3449 1655 3734 1711 Ecclesium

476 1761 676 1815 fratres
713 1774 936 1820 nocere,
979 1759 1074 1814 sed
1119 1759 1352 1812 liberare
1396 1727 1694 1813 festinabit.
1732 1727 1872 1824 Quia
1905 1727 2052 1811 nihil
2087 1727 2130 1783 Β
2158 1773 2327 1810 meam
2361 1755 2428 1819 ⁷⁸,
2463 1763 2518 1809 et
2559 1727 2788 1823 reliqua.
2843 1727 2912 1805 Et
2953 1767 3272 1821 quaecunque
3311 1751 3560 1820 ligaveris
3593 1767 3732 1820 super

475 1854 718 1910 deterius
747 1861 850 1916 est,
877 1867 1040 1922 quam
1071 1850 1218 1904 cives
1242 1850 1452 1904 civibus
1476 1849 1738 1912 invidere,
1771 1857 1825 1904 et
1852 1849 2054 1904 fratres
2159 1861 2382 1914 terram,
2413 1859 2463 1903 et
2493 1848 2732 1914 solveris,
2765 1856 2921 1901 erunt
2953 1847 3118 1916 ligata
3149 1854 3197 1898 et
3228 1844 3407 1898 soluta
3437 1844 3492 1896 in
3520 1843 3670 1911 caelo,
3694 1855 3735 1896 et

476 1943 739 1997 fratribus
788 1940 1059 2003 insidiari,
1105 1951 1197 1993 aut
1235 1939 1542 1994 calumnias
1589 1937 1789 1993 facere.
1826 1937 2053 1994 Talibus
2157 1945 2211 1995 in
2243 1951 2386 1995 terra
2407 1941 2474 1993 τδ.

472 2035 620 2091 enim
669 2032 958 2103 suffragari
999 2032 1246 2085 volentes
1289 2029 1502 2084 insidiis
1545 2030 1742 2095 sancti,
1783 2029 2053 2100 synodum
2225 2033 2280 2087 2.
2316 2033 2488 2088 Porro
2517 2031 2724 2086 dudum
2759 2046 2789 2084 a
2818 2030 3026 2086 sanctis
3066 2029 3352 2099 apostolis,
3398 2028 3736 2083 successori-

474 2131 943 2196 congregaverunt
971 2121 1280 2193 generalem
1319 2120 1376 2174 in
1419 2119 1622 2184 Nicaea,
1661 2121 1830 2174 vitam
1873 2120 2052 2174 corri-
2159 2126 2368 2194 busque
2397 2138 2608 2185 eorum,
2643 2123 2696 2175 in
2738 2120 2980 2192 praefatis
3011 2122 3252 2190 antiquis
3287 2119 3515 2174 statutis
3558 2119 3742 2174 decre—
3831 2134 3833 2136 ·

474 2232 601 2284 gere
617 2216 900 2270 hominum
920 2214 1203 2284 cupientes
1226 2213 1281 2268 in
1303 2212 1548 2268 Ecclesia
1572 2213 2048 2266 connnorantium.
2157 2224 2273 2268 tum
2306 2215 2482 2268 fuerat
2507 2213 2644 2283 (56),
2667 2228 2789 2282 qua:
2806 2212 3075 2266 hactenus
3107 2218 3298 2264 sancta
3329 2218 3384 2263 et
3414 2209 3742 2264 universalis

475 2306 625 2363 Licet
646 2306 852 2361 dudum
885 2305 1134 2362 instituta
1162 2315 1480 2360 sanctorum
1507 2303 1733 2358 Patrum
1764 2304 1936 2357 multa
1965 2319 2054 2358 es-
2158 2307 2457 2378 apostolica
2488 2315 2637 2359 tenet
2663 2304 2930 2368 Ecclesia,
2964 2318 3076 2357 non
3099 2309 3358 2371 oportere
3382 2311 3589 2370 praeter
3626 2316 3745 2354 sen-

474 2405 598 2452 sent
643 2397 976 2467 conscripta,
1013 2403 1312 2466 posuerunt
1344 2396 1512 2465 leges,
1560 2410 1700 2465 quos
1739 2411 1930 2450 sacros
1962 2410 2055 2449 ca-
2158 2401 2381 2454 tentiam
2425 2397 2657 2450 Romani
2701 2395 2980 2466 pontificis
3020 2395 3252 2450 concilia
3301 2393 3601 2458 celebrari,
3650 2407 3742 2446 nec

472 2505 645 2545 nones
690 2489 1051 2559 appellamus,
1094 2490 1295 2558 quibus
1325 2491 1497 2543 multa
1531 2490 1942 2558 pernecessaria
1987 2489 2054 2544 ad
2157 2493 2471 2561 episcopum
2512 2490 2781 2552 damnari,
2830 2488 3088 2558 quoniam
3137 2494 3390 2541 sanctam
3438 2484 3745 2539 Romanam

471 2590 676 2637 statum
706 2581 967 2636 Ecclesiae
1000 2589 1203 2636 sanctae
1233 2582 1351 2644 Dei,
1388 2589 1442 2636 et
1480 2582 1924 2650 supplementum
1956 2597 2054 2636 co-
2158 2581 2456 2636 Ecclesiam
2487 2581 2777 2651 primatem
2806 2579 3051 2634 omnium
3090 2577 3464 2634 Ecclesiarum
3497 2594 3627 2634 esse
3656 2592 3744 2632 v0-

472 2672 787 2727 lumnarum
811 2673 952 2742 ejus,
989 2673 1044 2726 id
1071 2681 1175 2739 est,
1210 2673 1617 2743 episcoporum,
1650 2675 1744 2744 qui
1772 2690 1893 2729 eam
1933 2689 2057 2743 pro-
2159 2676 2397 2730 luerunt.
2433 2673 2496 2726 Et
2528 2675 2671 2728 sicut
2716 2674 2910 2727 beatus
2956 2672 3150 2726 Petrus
3197 2673 3489 2741 apostolus
3539 2674 3748 2742 primus

440 2763 606 2830 .priis
644 2763 887 2817 humeris
917 2769 1154 2832 gestant,
1197 2773 1256 2816 ut
1287 2763 1380 2832 qui
1410 2763 1538 2816 talia
1578 2765 1928 2830 tentaverint,
1962 2773 2055 2817 aut
2160 2765 2260 2819 fuit
2295 2766 2535 2818 omnium
2576 2765 2972 2833 apostolorum,
3017 2764 3094 2816 ita
3134 2771 3188 2817 et
3218 2764 3331 2817 haec
3364 2762 3622 2818 Ecclesia
3649 2776 3747 2817 suo

468 2852 552 2907 eis
582 2867 780 2908 nocere
800 2855 1270 2923 praesumpserint,
1300 2855 1344 2910 si
1370 2854 1591 2924 quidem
1617 2856 1800 2910 clerici
1828 2855 2052 2922 fuerint,
2159 2856 2379 2909 nomine
2429 2862 2752 2908 consecrata
2803 2853 3037 2908 Domino
3075 2855 3419 2915 instituente,
3467 2856 3656 2925 prima
3697 2864 3752 2908 et

476 2960 508 2999 e
541 2945 765 3014 proprio
783 2945 956 3015 gradu
981 2945 1253 3000 decident.
1291 2945 1347 2998 Si
1371 2962 1499 3000 vero
1531 2947 1786 2999 monachi
1811 2955 1903 3000 aut
1929 2947 2053 3000 laici
2158 2957 2321 3019 caput
2351 2949 2420 3004 sit
2445 2959 2768 3004 caeterarum
2798 2968 2811 3002 :
2859 2960 2912 3004 et
2944 2950 3010 3003 ad
3038 2965 3178 3006 eam.
3208 2950 3369 3019 quasi
3399 2950 3469 3004 ad
3512 2959 3750 3004 matrem

417 3107 420 3110 _
471 3034 696 3102 fuerint,
722 3035 1276 3090 anathematizantur.
1303 3034 1511 3101 Quibus
1534 3035 1731 3088 armati
1755 3036 2045 3104 exemplis,
2075 3063 2116 3120 ρ
2159 3047 2320 3109 atque
2363 3039 2595 3109 apicem,
2633 3054 2826 3094 omnes
2867 3040 3105 3108 majores
3148 3037 3412 3094 Ecclesia:
3453 3055 3672 3103 causas,
3700 3046 3750 3091 et

467 3137 721 3197 oportere
767 3126 1019 3180 arbitrati
1059 3140 1251 3181 sumus
1285 3125 1352 3179 ab
1385 3125 1760 3194 omnipotente
1811 3124 1922 3180 Deo
1960 3125 2046 3178 in-
2147 3131 2356 3202 judicia
2398 3131 2783 3200 episcoporum
2823 3139 3133 3192 recurrant,
3167 3130 3403 3199 ejusque
3439 3130 3614 3198 juxta
3650 3138 3756 3183 ter-

466 3221 682 3290 spirati,
753 3227 812 3273 ut
868 3219 1010 3272 hanc
1075 3232 1362 3272 accensam
1416 3217 1704 3272 discordiae
1769 3218 2044 3272 ﬂammam
2149 3224 2359 3278 minum
2412 3234 2632 3279 sumant
2685 3222 3035 3278 sententiam.
3083 3221 3194 3276 Nec
3227 3231 3386 3276 extra
3431 3221 3755 3276 Romanum

464 3311 814 3379 exstinguere
835 3308 1154 3372 debeamus,
1181 3307 1482 3376 apostolica
1500 3307 1916 3372 auctoritate,et
1933 3324 2042 3362 non
2148 3316 2446 3386 quidquam
2479 3331 2542 3370 ex
2576 3315 2663 3371 his
2693 3314 2892 3369 debere
2921 3313 3148 3368 decerni
3177 3315 3529 3383 pontificem,
3571 3323 3766 3383 quate-

463 3401 763 3456 concedere
803 3415 924 3454 eam
962 3400 1195 3454 ulterius
1228 3399 1446 3454 animas
1478 3398 1698 3468 depasci
1747 3399 2038 3453 humanas.
2144 3424 2250 3462 nus
2289 3423 2399 3461 non
2449 3409 2522 3460 ita
2569 3415 2846 3476 proterve,
2875 3412 2930 3459 et
2976 3420 3075 3474 pro
3120 3406 3280 3459 Iibitu
3329 3405 3611 3475 cuiquam
3661 3418 3762 3460 suo

462 3494 808 3563 Quapropter
835 3507 943 3545 una
975 3506 1102 3546 cum
1131 3493 1386 3546 omnibus
1428 3491 1742 3561 apostolicae
1776 3490 2040 3560 subjectis
2144 3500 2368 3569 proprio
2433 3498 2664 3551 arbitrio
2712 3497 3026 3567 quibusque
3091 3496 3556 3566 metropolitanis
3615 3497 3760 3551 Sicut

462 3586 684 3657 Regulae
714 3585 1014 3650 sancimus,
1047 3599 1116 3640 ne
1143 3585 1436 3655 quisquam
1482 3585 1742 3654 deinceps
1773 3583 2042 3640 Christia-
2144 3604 2305 3661 agere
2335 3589 2569 3653 solebat,
2603 3589 2766 3644 liceat
2796 3589 3114 3644 inconsulto
3160 3588 3417 3646 Romano
3449 3589 3765 3659 pontifice,

459 3691 655 3731 norum
686 3675 816 3730 talia
847 3685 1182 3746 perpetrare,
1213 3685 1308 3730 aut
1330 3676 1603 3746 episcopis
1632 3676 1760 3728 talia
1795 3689 2040 3730 asserere
2143 3688 2238 3734 aut
2269 3679 2507 3748 majores
2527 3677 2791 3733 Ecclesia:
2819 3693 3020 3734 causas
3049 3679 3367 3746 deturbare,
3402 3690 3509 3733 aut
3537 3680 3770 3750 episco-

457 3777 810 3831 nocumenta,
842 3775 1047 3822 temere
1070 3775 1387 3838 praesumat,
1415 3782 1540 3822 cum
1564 3765 1764 3822 Doctor
1794 3767 2037 3838 gentium
2141 3787 2242 3842 pos
2275 3772 2580 3837 damnare;
2611 3769 2708 3825 sed
2751 3771 3036 3826 communi
3063 3780 3272 3826 sanctae
3297 3771 3595 3827 Romanae
3621 3770 3774 3827 sedis

457 3858 511 3912 id
546 3859 722 3928 ipsum
749 3858 1055 3928 prohibeat,
1087 3859 1313 3914 dicens:
1349 3859 1620 3915 Seniorem
1642 3877 1705 3915 ne
1735 3863 2039 3931 increpave-
2140 3862 2381 3932 episcopi
2408 3862 2664 3929 consilio,
2696 3873 2749 3918 et
2769 3863 3034 3919 concordi
3067 3864 3305 3930 actione,
3337 3879 3602 3935 quaeque
3643 3870 3775 3918 sunt

453 3955 554 4017 ris,
598 3952 687 4006 sed
729 3952 944 4007 obsecra
983 3959 1040 4005 ut
1088 3962 1294 4022 patrem
1320 3954 1390 4016 τ’,
1436 3961 1491 4008 et
1539 3955 1769 4024 reliqua.
1822 3954 2035 4009 Bonum
2138 3952 2348 4006 Christi
2373 3953 2489 4006 zelo
2513 3951 2744 4022 agenda,
2770 3952 3071 4022 disponant
3094 3953 3461 4018 unanimiter,
3490 3962 3782 4023 recteque

453 4053 542 4099 est
592 4059 828 4114 namque
858 4043 1260 4114 proculdubio,
1310 4052 1364 4100 et
1413 4045 1671 4100 omnibus
1715 4045 2036 4101 timentibus
2140 4043 2404 4109 sentiant,
2449 4051 2505 4098 et
2547 4059 2612 4098 ea
2639 4060 2761 4114 qua:
2805 4045 3103 4108 senserint,
3150 4060 3261 4099 non
3314 4045 3494 4101 nobis
3540 4046 3780 4100 sibimet

454 4134 628 4190 Deum
658 4135 1039 4198 desiderabile,
1076 4135 1334 4191 cohibere
1383 4135 1758 4190 dissensiones
1786 4144 1839 4190 et
1871 4137 2036 4190 alter-
2138 4134 2524 4205 discrepando,
2560 4135 2656 4190 sed
2683 4135 2795 4190 Deo
2826 4137 3026 4206 placita
3061 4136 3379 4206 perficiant.

454 4227 721 4290 cationes,
752 4225 1016 4281 fratribus
1056 4226 1368 4291 subvenire,
1399 4235 1453 4279 et
1485 4227 1718 4282 invicem
1747 4243 1855 4281 non
1888 4229 2034 4282 invi-
2207 4228 2264 4283 5.
2305 4227 2400 4283 Est
2422 4229 2583 4282 etiam
2614 4229 2670 4282 in
2697 4228 2810 4297 jam
2841 4227 2952 4281 fata
2984 4226 3207 4282 Nicaana
3239 4227 3462 4297 synodo
3513 4242 3777 4283 concor-

451 4316 601 4379 dere,
639 4317 734 4372 sed
768 4319 1046 4387 adjuvare.
1079 4317 1370 4381 Audiatur,
1415 4318 1615 4388 inquit,
1651 4319 1765 4389 jam
1797 4320 1943 4374 dicta
1977 4320 2033 4373 in
2137 4321 2280 4375 diter
2299 4328 2584 4385 statutum,
2612 4329 2673 4375 ut
2697 4329 3053 4376 accusatores
3081 4329 3137 4374 et
3161 4321 3608 4387 accusationes,
3639 4336 3782 4390 quas

448 4408 630 4463 Nicaea
660 4411 881 4464 civitate
914 4411 1179 4480 synodus,
1206 4413 1294 4465 cui
1317 4421 1371 4466 et
1393 4426 1493 4481 ego
1524 4413 1641 4479 ipse
1670 4413 2029 4467 conscientiae
2063 4404 2108 4459 D
2138 4413 2323 4467 saeculi
2365 4413 2511 4482 leges
2542 4428 2652 4467 non
2693 4413 3010 4477 admittunt,
3043 4428 3072 4465 τι
3106 4413 3454 4468 sacerdotali
3507 4415 3778 4469 funditus

448 4517 584 4556 meae.
617 4503 824 4555 cultum
862 4502 1120 4558 decenter
1164 4504 1407 4570 exhibui,
1444 4505 1579 4558 nihil
1628 4506 1776 4559 aliud
1817 4507 2031 4570 volens,
2139 4511 2457 4556 avertantur
2479 4511 2832 4557 nocumento.
2854 4501 3010 4568 Ecce,
3037 4503 3213 4572 inquit
3241 4501 3578 4573 Propheta,
3615 4523 3781 4575 quae:

445 4609 612 4663 quam
645 4594 999 4649 concordiam
1031 4596 1286 4651 omnibus
1332 4596 1624 4662 fabricare,
1655 4609 1709 4652 et
1751 4613 1861 4667 pm
1897 4613 2035 4653 cun-
2139 4593 2330 4647 bonum
2351 4603 2400 4647 et
2416 4611 2574 4664 quam
2589 4594 2888 4664 jucundum
2912 4595 3157 4649 habitare
3180 4596 3378 4664 fratres
3403 4597 3476 4650 in
3507 4601 3776 4654 unum".

445 4687 551 4740 etis
588 4701 840 4754 arguere,
881 4695 935 4741 et
966 4702 1246 4742 removere
1275 4688 1418 4742 hanc
1449 4689 1831 4744 insidiantium
1862 4692 2031 4747 alter—
2136 4682 2218 4738 “li
2264 4701 2393 4740 vero
2437 4702 2547 4740 non
2581 4687 2637 4740 in
2680 4702 2850 4741 unum
2891 4687 3164 4751 habitam.
3202 4690 3294 4756 ιιυὶ
3334 4704 3365 4742 τί
3411 4690 3690 4745 fratrum
3727 4708 3782 4746 se

443 4776 738 4831 cationem.
773 4777 920 4843 Quas
954 4778 1314 4847 praevidentes
1346 4783 1524 4839 sancti
1559 4781 1754 4838 Patres
1800 4785 2033 4842 insidias
2135 4776 2333 4830 solatio
2355 4777 2707 4842 subtrahunt.
2730 4785 2826 4832 aut
2849 4779 3113 4834 fratribus
3137 4780 3374 4834 insidias
3397 4793 3778 4854 praeparant.

443 4875 500 4922 et
529 4869 935 4933 altercationes,
957 4870 1287 4925 unanimiter
1315 4872 1370 4925 in
1396 4873 1655 4940 praedicta
1671 4873 1889 4928 Nicaena
1920 4884 2034 4929 sta-
2137 4865 2257 4920 Non
2288 4868 2467 4933 aliter.
2505 4869 2724 4930 fratres.
2760 4885 2858 4925 vos
2899 4872 3185 4940 patiamini
3227 4884 3483 4941 peccato
3519 4879 3775 4946 gravari.

445 4968 671 5015 tuerunt
703 4961 933 5032 synodo,
976 4969 1035 5016 ut
1075 4962 1258 5016 nullus
1291 4964 1604 5032 episcopus,
1642 4965 1751 5020 nisi
1799 4967 1852 5020 in
1898 4967 2031 5037 legi-
2138 4960 2266 5028 quia
2297 4962 2444 5029 quod
2479 4978 2705 5018 necesse
2729 4971 2834 5028 est,
2869 4979 2972 5017 nos
3000 4963 3186 5018 dicere
3218 4980 3538 5034 veremur,
3577 4971 3641 5024 id
3674 4980 3774 5028 est.

445 5053 577 5105 tima
609 5053 836 5123 synodo,
871 5060 924 5106 et
953 5068 1058 5108 suo
1084 5061 1328 5122 tempore
1360 5056 1665 5122 apostolica
1699 5058 2030 5113 auctoritate
2138 5068 2208 5106 ne
2236 5053 2395 5122 cujus
2433 5055 2626 5126 religio
2655 5055 2979 5126 dissipatur,
3023 5056 3329 5124 indignatio
3375 5072 3773 5126 provocetur.

445 5152 768 5207 convocata,
804 5159 967 5213 super
997 5144 1327 5213 quibusdam
1368 5147 1849 5203 criminationibus
1903 5151 2028 5218 pul-
2137 5141 2257 5197 Prae
2297 5146 2474 5201 oculis
2521 5147 2736 5209 habete,
2780 5157 2833 5201 et
2866 5155 2979 5200 tota
3013 5146 3216 5200 mentis
3267 5147 3393 5200 acie
3434 5164 3778 5209 reverenter

445 5243 600 5288 satus
626 5235 900 5303 audiatur,
930 5235 984 5290 id
1012 5244 1118 5303 est,
1143 5237 1441 5308 judieetur,
1475 5240 1561 5294 vel
1587 5239 1900 5294 damnetur.
1932 5239 2029 5295 Sin
2137 5237 2388 5304 aspicite,
2426 5239 2570 5294 beati
2603 5239 2750 5294 Petri
2781 5238 3036 5308 gloriam,
3069 5246 3124 5290 et
3161 5253 3291 5291 cum
3323 5238 3474 5307 ipso
3518 5260 3778 5298 commu-

517 5389 563 5419 ⁷ο
601 5387 702 5443 Joh
738 5406 902 5454 xxxx,
964 5391 1153 5448 11-17.
1252 5395 1298 5426 τί
1334 5393 1436 5450 Job
1494 5410 1652 5462 χχχι,
1717 5395 1918 5451 16-18.

445 5455 494 5489 ⁷³
531 5456 676 5513 Psal.
713 5475 856 5512 ωαχ
881 5501 896 5526 ,
934 5461 984 5514 1.
1487 5458 1491 5464 ’

2251 5413 2316 5451 m.
2371 5414 2423 5462 v,
2497 5398 2550 5452 1.
2685 5397 2732 5428 ⁷³
2773 5393 2966 5448 Matth.
3005 5409 3133 5457 xvi,
3176 5395 3263 5447 18.
3379 5396 3446 5426 τι
3504 5400 3660 5456 ibid,
3699 5404 3775 5459 [9,

524 5634 634 5704 (35)
665 5634 940 5691 lnnoccnt.
973 5653 1058 5708 ep.
1103 5637 1161 5693 2.
2204 5637 2323 5708 βϐ).
2351 5637 2406 5692 ln
2438 5637 2701 5694 decretali
2733 5641 2980 5712 epistola
3009 5638 3310 5697 Eleutherii
3359 5659 3594 5720 papae,
