3860 6220
90 311 108 368 ί
127 309 216 370 i335

984 305 1250 370 PONTIF.
1291 314 1458 370 ROM.
1503 315 1589 369 ΕΤ
1627 313 1996 369 ATHANASH
2035 301 2432 370 EPISTOLIE.

3191 312 3332 370 1454

86 445 180 486 nes
206 429 441 484 omnium
485 430 855 499 apostolorum
903 445 1158 498 coronas,
1209 443 1647 505 cunctor-umque
1675 441 1720 496 A
1749 444 1856 489 tur.
1888 431 2056 496 Nam,
2083 434 2220 487 sicut
2238 434 2294 486 in
2323 449 2426 486 uno
2457 447 2672 502 corpore
2701 433 2936 486 membra
2973 430 3142 485 multa
3173 432 3335 488 habe-

85 531 370 593 martyrum
415 523 648 591 palmas,
694 524 788 594 qui
843 539 940 594 pro
990 523 1221 579 fratrum
1267 541 1375 580 non
1424 527 1643 585 destru-

83 613 272 676 ctione,
321 615 417 669 sed
465 616 876 671 confirmatione
927 624 980 672 ct
1033 618 1266 673 veritate
1315 619 1372 673 in
1423 620 1646 675 Christo

85 707 224 775 passi
259 715 409 762 sunt.

153 799 202 852 4.
236 798 342 854 Nos
359 814 508 870 ergo,
531 800 622 870 qui
659 799 870 854 Domini
895 800 1174 873 discipuli,
1203 810 1256 855 et
1285 801 1413 868 dici,
1442 813 1495 857 et
1525 818 1646 858 esse

84 891 346 955 volumus,
378 899 599 960 portare
629 907 846 946 crucem
877 891 1104 957 Christi,
1141 901 1193 948 et
1223 895 1458 963 compati
1491 894 1644 948 fratri

82 979 353 1042 debemus,
409 990 462 1034 et
512 997 621 1036 non
666 983 940 1054 persequi.
971 983 1308 1050 Subtrahite,
1363 999 1641 1056 rogamus.

82 1081 231 1128 actus
283 1074 751 1144 cogitationesque
779 1090 809 1128 a
835 1076 1034 1130 talibus
1064 1078 1430 1141 nocumentis,
1459 1077 1504 1132 si
1536 1095 1643 1132 non

83 1166 242 1220 vultis
271 1166 442 1237 ipsam
489 1169 767 1236 suscipere
815 1167 871 1221 in
921 1183 1017 1222 vos
1053 1168 1334 1234 ultionem,
1386 1171 1643 1238 quoniam

80 1257 330 1311 talionem
369 1265 630 1321 meretur,
672 1257 767 1328 qui
813 1258 968 1311 fratri
1002 1257 1212 1313 foveam
1250 1267 1544 1329 praeparat.
1580 1259 1646 1313 Et

80 1364 175 1403 vos
207 1350 398 1403 scitote
443 1349 701 1419 deinceps
748 1349 895 1403 hunc
929 1349 1038 1422 (57)
1089 1350 1314 1419 typhum
1361 1366 1472 1405 non
1521 1367 1644 1406 esse

81 1451 356 1505 passuros,
382 1445 442 1490 ut
471 1451 555 1502 ea,
586 1449 708 1507 qua:
741 1438 808 1493 ad
849 1439 992 1493 hanc
1036 1439 1349 1508 specialiter
1396 1449 1644 1496 sanctam

82 1527 349 1597 pertinent
382 1527 586 1589 sedem,
614 1529 756 1583 sicut
780 1528 988 1597 judicia
1021 1529 1428 1599 episcoporum,
1453 1542 1505 1586 et
1529 1545 1644 1584 mas

74 1619 222 1685 jores
245 1634 460 1682 causas,
493 1628 551 1673 ut
581 1621 744 1690 paulo
771 1621 1021 1690 superius
1041 1623 1385 1691 przelibatum
1410 1631 1516 1686 est,
1548 1639 1644 1678 vos

77 1709 356 1778 patiamini
389 1711 548 1764 nobis
583 1712 911 1766 inconsultis
942 1713 1201 1768 invadere
1229 1713 1435 1783 absque
1472 1717 1641 1769 vestri

78 1811 254 1857 Status
300 1804 566 1873 periculo.
616 1802 722 1858 Sed
770 1804 819 1859 si
867 1804 991 1874 quis
1031 1805 1100 1859 ab
1151 1805 1416 1861 hodierna
1449 1806 1558 1869 die,
1592 1814 1647 1860 et

77 1895 331 1964 deinceps
352 1895 513 1966 602
551 1895 868 1967 episcopum
905 1905 1104 1966 praeter
1135 1897 1301 1967 hujus
1330 1907 1533 1951 sanctae
1562 1912 1649 1951 se-

75 1987 162 2041 dis
191 1988 513 2042 sententiam
558 1987 837 2052 damnare,
875 1997 968 2042 aut
1005 1990 1225 2059 propria
1273 1989 1475 2058 pellere
1521 1990 1650 2044 sede

77 2082 505 2149 praesumpserit,
547 2081 686 2134 sciat
732 2095 790 2136 se
832 2081 1334 2151 irrecuperabiliter
1381 2083 1518 2137 esse'
1550 2084 1648 2136 da-

74 2177 341 2234 innatum,
379 2177 432 2224 et
462 2172 684 2241 proprio
728 2185 916 2227 carere
955 2173 1216 2242 perpetim
1241 2172 1470 2228 honore.
1505 2173 1638 2230 Eos-

73 2278 182 2332 que
224 2261 317 2332 qui
363 2264 570 2332 absque
621 2263 785 2332 hujus
813 2263 960 2318 sedis
991 2275 1118 2320 sunt
1153 2265 1312 2335 ejecti
1352 2267 1643 2332 sententia,

73 2355 160 2408 vel
199 2355 439 2409 damnati
472 2355 593 2410 sine
637 2355 802 2424 hujus
843 2363 1047 2411 sancta
1082 2357 1229 2412 sedis
1277 2359 1642 2422 auctoritate,

71 2445 270 2500 scitote
293 2445 578 2514 pristinam
605 2447 848 2517 recipere
873 2449 1335 2513 communionem,
1365 2457 1420 2504 et
1444 2451 1498 2504 in
1521 2438 1648 2521 pro-

71 2537 212 2606 priis
238 2537 454 2592 restitui
485 2538 726 2594 sedibus.
759 2539 1028 2605 Quoniam
1065 2547 1120 2595 et
1150 2542 1304 2611 prius
1338 2556 1368 2594 a
1398 2549 1644 2612 tempore

70 2631 285 2684 scilicet
311 2631 683 2699 apostolorum
712 2632 826 2688 hare
847 2633 976 2688 huic
1002 2643 1206 2688 sanctae
1235 2634 1349 2690 sedi
1378 2651 1644 2692 concessa

67 2728 221 2774 sunt.
259 2720 324 2774 Et
353 2730 541 2790 postea
574 2723 628 2776 in
661 2734 956 2778 memorata
987 2723 1208 2780 Nicaena
1247 2725 1478 2797 synodo,
1517 2743 1646 2797 pro-

65 2821 197 2883 pter
236 2827 526 2882 pravorum
557 2814 840 2869 hominum
886 2815 1296 2880 infestationes,
1343 2825 1506 2888 atque
1535 2818 1646 2873 ha:-

65 2908 370 2959 reticorum
401 2906 832 2974 persecutiones,
863 2915 918 2961 et
942 2907 1321 2963 insidiantium
1363 2910 1645 2964 molimina

65 2997 333 3062 fratrum,
359 3005 488 3052 sunt
513 2999 860 3054 concorditer
887 3001 957 3054 ab
979 3003 1238 3058 omnibus
1265 3003 1642 3068 corroborata,

65 3099 132 3142 ut
175 3091 349 3160 magis
382 3089 583 3160 singuli
614 3090 951 3159 provideant,
993 3108 1062 3147 ne
1095 3094 1223 3147 talia
1253 3095 1490 3148 audeant
1520 3109 1644 3164 per-

1749 542 1887 590 mus,
1919 525 2100 579 omnia
2135 534 2310 578 autem
2337 526 2570 579 membra
2601 541 2702 578 non
2729 524 2970 578 eumdem
3015 534 3192 578 actum
3234 526 3333 580 Ita-

1749 619 1888 682 bent,
1929 619 2005 671 ita
2033 619 2188 672 multi
2219 635 2382 672 unum
2413 635 2602 687 corpus
2630 634 2811 672 sumus
2840 618 2895 671 in
2936 616 3168 672 Christo.
3205 617 3331 673 Sin-

1746 709 1857 780 guli
1888 718 2083 773 autem,
2109 709 2245 763 alter
2267 710 2485 763 alterius
2503 711 2736 764 membra
2757 709 2824 762 ⁷⁸.
2850 709 3139 766 Contextio
3161 713 3328 768 totius

1747 798 2015 868 corporis,
2065 812 2230 852 unam
2279 798 2590 862 sanitatem,
2647 815 2808 853 unam
2861 785 3331 869 pulchritudinem

1747 888 1899 944 facit.
1928 888 1995 942 Et
2019 889 2134 944 [nec
2160 889 2382 959 quidem
2417 891 2699 946 contextio
2721 887 3167 960 totius'corporis
3196 905 3333 945 una-

1746 981 2050 1036 nimitatem
2075 981 2330 1051 requirit,
2360 982 2452 1037 sed
2476 983 2746 1054 praecipue
2767 983 2934 1052 exigit
2978 984 3332 1038 concordiam

1747 1072 2118 1129 sacerdotum.
2165 1073 2380 1139 Quibus
2421 1073 2523 1129 etsi
2569 1074 2804 1144 dignitas
2857 1077 3166 1133 communis
3220 1093 3331 1132 non

1747 1171 1864 1226 est,
1902 1171 2089 1218 tamen
2142 1164 2278 1218 ordo
2323 1164 2593 1234 generalis
2640 1171 2743 1218 est.
2787 1165 3056 1230 Quoniam
3095 1175 3150 1220 et
3191 1168 3333 1222 inter

1748 1254 2094 1310 beatissimos
2132 1257 2433 1326 apostolos,
2469 1255 2522 1310 in
2564 1256 2923 1312 similitudine
2964 1257 3193 1315 honoris
3223 1259 3331 1314 fuit

1749 1348 1995 1414 quaedam
2044 1346 2306 1402 discretio
2337 1348 2644 1418 potestatis,
2679 1356 2732 1405 et
2781 1364 2906 1404 cum
2949 1351 3195 1419 (Iunium
3232 1368 3333 1424 par

1749 1441 1895 1488 esset
1928 1435 2142 1498 electio,
2179 1435 2272 1488 uni
2306 1442 2488 1490 tamen
2514 1434 2700 1490 datum
2732 1444 2792 1490 ut
2823 1437 3035 1492 czeteris
3092 1443 3334 1509 praeconio

1750 1533 1925 1578 neret.
1969 1523 2044 1579 De
2079 1541 2187 1595 qua
2217 1524 2391 1580 forma
2422 1526 2830 1595 episcoporum,
2861 1528 3112 1598 quaedam
3140 1542 3332 1586 exorta

1748 1626 1832 1672 est
1865 1617 2144 1672 distinctio
2164 1657 2178 1680 ,
2209 1624 2264 1672 et
2290 1631 2486 1687 magna
2523 1618 2873 1674 ordinatione
2902 1621 3182 1690 provisum
3222 1633 3329 1688 est,

1749 1724 1819 1764 ne
1865 1724 2056 1764 omnes
2105 1709 2210 1764 sibi
2253 1709 2440 1763 omnia
2496 1709 2864 1776 vindicarent,
2904 1711 2998 1766 sed
3038 1721 3223 1768 essent
3272 1717 3329 1770 in

1682 1822 1720 1876 Β
1749 1801 1982 1870 singulis
2037 1800 2337 1870 provinciis
2379 1800 2600 1870 singuli.
2651 1800 2897 1866 Quorum
2953 1804 3096 1859 inter
3134 1804 3332 1863 fratres

1750 1886 2042 1946 haberetur
2059 1891 2234 1962 prima
2261 1892 2558 1956 sententia,
2582 1901 2635 1946 et
2651 1907 2872 1948 rursum
2895 1895 3116 1964 quidam
3146 1897 3202 1950 in
3225 1914 3334 1952 mai

1743 1984 1958 2054 joribus
1985 1984 2213 2040 urbibus
2237 1985 2544 2052 constituti,
2570 1985 2991 2042 sollicitudinem
3014 1989 3134 2057 ejus
3165 1993 3335 2048 suscid

1747 2085 1940 2147 perent
1982 2077 2322 2147 ampliorem,
2369 2093 2466 2148 per
2505 2094 2645 2148 quos
2681 2078 2752 2134 ad
2789 2095 2954 2134 unam
2997 2081 3141 2136 beati
3181 2081 3332 2139 Petri

1747 2171 1965 2236 sedem,
2019 2171 2348 2227 universalis
2407 2171 2668 2226 Ecclesiae
2719 2189 2855 2228 cura
2905 2175 3225 2242 conﬂueret,
3276 2187 3334 2233 et

1747 2265 1885 2318 nihil
1915 2279 2148 2335 usquam
2181 2281 2211 2318 a
2246 2279 2348 2320 suo
2378 2266 2558 2334 capite
2598 2265 2911 2321 dissideret.
2945 2267 3048 2334 Qui
3075 2284 3204 2340 ergo
3227 2273 3333 2324 scit

1748 2368 1808 2408 se
1847 2354 2176 2424 quibusdam
2223 2355 2598 2424 praepositum,
2633 2371 2743 2409 non
2782 2357 3012 2412 moleste
3056 2357 3194 2414 ferat
3231 2360 3333 2413 ali-

1746 2460 1909 2515 quem
1952 2445 2057 2500 sibi
2092 2461 2214 2501 esse
2245 2447 2555 2516 praelatum,
2606 2447 2700 2503 sed
2736 2447 3121 2514 obedientiam,
3166 2465 3332 2520 quam

1753 2535 1946 2605 exigit,
1990 2534 2154 2590 etiam
2207 2536 2324 2606 ipse
2360 2535 2642 2606 rependat.
2688 2535 2872 2592 Nolite
2916 2538 3094 2608 itaque
3127 2555 3332 2603 errare,

1749 2630 1943 2698 fratres
1971 2629 2072 2682 mei
2105 2627 2437 2682 dilectissimi
2458 2645 2477 2692 ,°
2509 2628 2762 2683 doctrinis
2793 2631 2956 2683 variis
2984 2640 3033 2684 et
3062 2633 3330 2684 extraneis

1748 2721 1908 2774 nolite
1944 2720 2137 2774 abduci
2166 2721 2236 2786 ⁷⁷,
2267 2728 2322 2774 at
2375 2720 2627 2776 instituta
2679 2721 3050 2790 apostolorum
3094 2729 3149 2776 et
3199 2737 3331 2793 apo-

1749 2812 2077 2868 stolicorum
2117 2811 2399 2877 virorum,
2454 2826 2806 2881 canonesque
2875 2813 3173 2878 habentes,
3244 2814 3330 2870 his

1746 2901 2031 2966 fruamini,
2078 2901 2165 2955 his
2205 2900 2645 2969 circumdemini,
2702 2903 2788 2957 his
2827 2903 3194 2968 delectemini,
3242 2906 3329 2960 his

1745 2993 2056 3057 armemini,
2097 3003 2159 3047 ut
2196 2994 2281 3049 his
2322 2993 2482 3062 freti,
2524 2995 2884 3064 circumdati,
2921 2995 3192 3058 delectati,
3241 3011 3333 3050 ar-t

1747 3087 1901 3150 mati,
1940 3093 2134 3140 contra
2181 3096 2379 3142 cuncta
2454 3088 2806 3144 inimicorum
2847 3088 3030 3158 jacula
3072 3089 3334 3143 resistere

61 3191 320 3250 pen-are;
365 3188 419 3236 et
462 3190 709 3248 caveant,
751 3183 798 3238 si
849 3198 957 3238 non
1004 3191 1228 3254 propter
1265 3183 1556 3238 hominum
1588 3192 1643 3240 ει
1672 3178 1716 3239 C
1749 3177 1994 3232 valeatis.
2040 3176 2186 3232 Satis
2229 3179 2372 3233 enim
2413 3179 2696 3251 indignum
2739 3186 2824 3236 est
2866 3194 3194 3250 quemquam
3243 3180 3328 3234 vel

60 3287 319 3327 amorem
367 3272 622 3339 fratrum,
666 3281 848 3330 tamen
888 3285 1113 3346 propter
1149 3277 1503 3346 opprobrium
1542 3277 1642 3330 ho-

55 3365 284 3420 minum
310 3365 567 3421 ruborem
595 3381 776 3431 suum,
813 3374 976 3437 atque
1001 3371 1323 3424 canonicam
1353 3368 1640 3433 ultionem,

56 3457 269 3510 saltem
301 3456 414 3512 hac
451 3457 646 3511 timore
682 3465 737 3512 et
775 3457 1103 3513 verecundia
1131 3473 1445 3528 compressa
1471 3459 1642 3514 silen-

51 3549 148 3600 tio
213 3547 666 3616 comprimantur,
718 3555 1000 3617 amputato
1055 3548 1268 3603 scilicet
1317 3549 1486 3603 totius
1525 3547 1643 3619 (58)

52 3638 450 3709 usurpationis
470 3653 721 3694 excessu.
742 3637 880 3704 Quia
905 3639 1094 3693 nullus
1124 3638 1282 3693 debet
1315 3653 1644 3708 praesumere

49 3742 192 3799 quae
229 3727 336 3783 sibi
371 3742 480 3782 non
527 3727 783 3783 videntur
821 3743 944 3784 esse
985 3743 1270 3784 concessa.
1319 3727 1494 3795 Quam
1525 3729 1644 3783 cul-

46 3831 197 3891 pall!
232 3817 551 3888 potuissetis
584 3818 736 3872 nullo
760 3819 924 3873 modo
954 3819 1212 3882 incidere,
1249 3819 1296 3875 si
1326 3818 1471 3876 unde
1508 3834 1642 3874 con-

39 3910 436 3967 secrationem
481 3911 707 3965 honoris
749 3910 1020 3980 accipitis,
1067 3909 1196 3965 inde
1245 3911 1416 3982 legem
1471 3911 1642 3966 totius

40 4001 435 4056 observantiae
454 4001 766 4056 sumeretis.
789 3999 853 4053 Et
867 4000 1012 4054 beati
1037 3999 1182 4054 Petri
1206 3999 1437 4069 apostoli
1458 3998 1638 4062 sedes,

40 4109 191 4163 quae
219 4093 379 4148 vobis
426 4093 788 4148 sacerdotalis
814 4102 989 4148 mater
1030 4100 1116 4147 est
1145 4091 1447 4163 dignitatis.
1492 4097 1641 4147 esset

33 4187 462 4242 ecclesiasticae
515 4187 777 4257 magistra
822 4185 1071 4240 rationis.
1135 4183 1310 4249 Unde,
1346 4183 1490 4239 sicut
1538 4199 1641 4239 nos

37 4281 303 4334 multum
343 4293 408 4334 ea
435 4293 556 4349 quae
586 4278 740 4334 vobis
778 4278 866 4348 pie
912 4286 1167 4348 recteque
1209 4283 1338 4332 sunt
1368 4285 1513 4341 acta,
1547 4277 1641 4330 la:-

35 4374 307 4434 titicant,
343 4373 418 4425 ita
463 4372 691 4424 nimium
729 4387 795 4427 ea
832 4387 954 4442 qua:
985 4379 1116 4427 sunt
1156 4385 1440 4441 perperam
1464 4380 1639 4440 gesta,

31 4463 424 4522 contristant.
465 4462 736 4529 Quoniam
768 4477 994 4518 necesse
1021 4469 1124 4527 est,
1180 4470 1302 4531 post
1346 4460 1642 4514 multarum

26 4555 266 4612 talium
327 4556 700 4625 experimenta
743 4569 1056 4618 causarum,
1100 4555 1216 4607 haec
1261 4553 1316 4606 in
1360 4560 1640 4622 posterum

27 4647 364 4706 sollicitius
387 4647 648 4716 prospici,
677 4655 732 4701 et
751 4647 1066 4717 diligentius
1093 4649 1410 4716 praecaveri,
1447 4654 1641 4716 quate-

25 4755 169 4798 nus
223 4755 290 4794 ea
317 4756 439 4810 quae
484 4752 613 4796 sunt
657 4742 726 4796 ab
770 4741 1031 4812 apostolis
1072 4755 1374 4809 eorumque
1417 4753 1642 4794 succes-

19 4835 290 4894 soribus
335 4843 560 4899 statuta,
611 4835 760 4889 nulla
809 4834 1018 4890 desidia
1073 4834 1438 4903 negligantur,
1492 4831 1640 4886 nulla

18 4928 418 4985 dissensione
447 4929 741 4992 violentur,
791 4928 942 4981 nulla
975 4926 1385 4981 concertatione
1411 4924 1638 4979 turben-

1743 3268 2087 3337 pontificum,
2115 3269 2197 3323 vel
2221 3269 2477 3324 ordinum
2505 3271 2958 3342 subsequentium
2993 3271 3136 3325 hanc
3172 3286 3331 3341 regu-

1742 3357 1852 3411 lam
1875 3357 2134 3423 refutare,
2154 3375 2316 3430 quam
2351 3361 2497 3416 beati
2523 3361 2669 3417 Petri
2697 3362 2857 3418 fidem
2877 3363 3054 3418 valeat
3082 3372 3138 3419 et
3167 3364 3324 3434 sequi

1743 3459 1796 3503 et
1827 3449 2044 3505 docere.
2090 3449 2316 3522 Multum
2355 3453 2499 3507 enim
2541 3455 2793 3510 convenit
2821 3464 2880 3510 ut
2911 3462 3082 3510 totum
3118 3471 3321 3526 corpus

1742 3538 1999 3596 Ecclesia:
2039 3541 2096 3596 in
2136 3543 2238 3597 hac
2281 3543 2500 3600 sibimet
2541 3547 2929 3602 observatione
2989 3547 3324 3612 concordet,

1743 3647 1867 3701 quae
1905 3633 2032 3688 inde
2075 3636 2460 3691 auctoritatem
2497 3637 2678 3702 habet,
2716 3639 2807 3693 ubi
2850 3637 3114 3695 Dominus
3143 3627 3328 3694 Eccle-

1743 3723 1839 3778 sia:
1871 3724 2040 3780 totius
2080 3728 2264 3796 posuit
2295 3728 2684 3799 principatum,
2728 3730 2947 3786 dicente
2987 3729 3272 3801 Scriptura
3308 3750 3326 3785 :-

1746 3814 2022 3872 Ordinavit
2071 3817 2129 3870 in
2173 3834 2255 3872 me
2303 3819 2623 3880 charitatem
2657 3819 2730 3876 ".-
2770 3821 2838 3877 Et
2893 3822 3022 3877 item
3070 3838 3084 3874 :
3133 3821 3326 3878 Omnia

1744 3924 1862 3962 cum
1915 3907 2104 3964 ordine
2147 3911 2281 3979 ﬁant
2321 3912 2390 3965 '9.
2443 3911 2754 3986 lterumque
2789 3913 3084 3970 Psalmista
3125 3914 3326 3986 praedi-

1745 4009 1905 4055 cante
1966 4019 1980 4056 :
2030 4000 2370 4058 Circumdate
2429 4004 2560 4060 Sion
2609 4016 2662 4062 et
2715 4007 3124 4075 complectimini
3183 4024 3327 4072 eam,

1744 4102 1962 4146 narrate
2009 4094 2066 4146 in
2123 4094 2357 4150 turribus
2405 4096 2545 4165 ejus.-
2594 4097 2785 4153 Ponite
2836 4099 3000 4153 corda
3044 4111 3218 4154 vestra
3271 4102 3327 4155 in

1743 4186 1934 4239 virtute
1973 4184 2110 4254 ejus,
2138 4196 2198 4240 ut
2229 4193 2488 4244 enarratis
2528 4191 2585 4244 in
2612 4192 2880 4260 progenies
2913 4192 3108 4246 alteras
3147 4209 3164 4246 :
3195 4210 3327 4264 quo-

1745 4277 1888 4330 niam
1927 4277 2010 4330 hic
2051 4289 2128 4331 est
2169 4279 2428 4335 Dominus
2463 4281 2605 4338 Deus
2647 4292 2824 4337 noster
2869 4284 2922 4337 in
2968 4293 3246 4342 azternum.
3275 4296 3326 4340 et

1745 4371 1856 4439 ipse
1885 4378 2020 4439 reget
2053 4387 2147 4424 nos
2185 4371 2237 4424 in
2272 4373 2468 4426 saecula
2496 4374 2564 4427 ⁸ο.
2592 4371 2764 4428 Oliicii
2805 4376 2951 4430 enim
2981 4378 3157 4432 nostri
3191 4392 3327 4432 con-

1747 4461 2115 4526 sideratione,
2162 4477 2274 4517 non
2331 4472 2416 4518 est
2463 4465 2623 4521 nobis
2664 4466 3033 4534 dissimulare,
3073 4485 3184 4526 non
3240 4479 3326 4526 est

1678 4537 1722 4592 ι)
1747 4560 1932 4608 tacere
1973 4554 2237 4620 liberum,
2277 4557 2478 4626 quibus
2515 4558 2690 4628 major
2742 4560 2960 4616 cunctis
3001 4560 3328 4619 Christiana:

1749 4645 2033 4714 religionis
2080 4648 2230 4702 zelus
2276 4648 2574 4715 incumbit,
2614 4666 2682 4706 ne
2725 4668 2822 4722 per
2859 4653 3327 4721 taciturnitatem,

1747 4750 1842 4795 aut
1889 4741 2094 4806 favere,
2138 4751 2233 4796 aut
2281 4746 2594 4801 consentire
2641 4746 2925 4802 videamur
2964 4747 3192 4804 fratrum
3225 4766 3326 4804 no-

1744 4834 2034 4888 cumentis.
2076 4833 2270 4889 Datum
2314 4835 2574 4894 Kalendis
2630 4836 2911 4905 Octobris,
2955 4838 3232 4896 Feliciano
3270 4848 3325 4896 et

1745 4924 2095 4992 Maximiano,
2131 4927 2264 4983 viris
2294 4929 2640 4998 clarissimis,
2671 4933 3014 4988 consulibus.

120 5151 176 5182 ⁷⁸
217 5151 377 5208 Rom.
415 5164 523 5214 xu,
554 5147 624 5217 4,
660 5148 714 5203 5.
789 5139 836 5180 7""
869 5143 1030 5201 Hebr.
1069 5159 1167 5199 aut
1193 5187 1207 5211 ,
1242 5147 1296 5201 9.
1372 5144 1421 5178 ⁷⁸
1458 5143 1614 5200 Cant.
1653 5165 1664 5202 ι

1761 5149 1813 5205 4.
1888 5151 1933 5182 ⁷⁸
1973 5150 1992 5204 1
2027 5149 2152 5206 Cor.
2193 5159 2303 5217 xiv,
2339 5153 2428 5208 40.
2505 5155 2551 5188 ⁸ο
2589 5153 2732 5211 Psal.
2770 5172 2940 5224 nvn,
2978 5158 3166 5217 13-15.

115 5372 249 5443 (£57)
279 5370 524 5427 Africani
550 5370 654 5426 PP.
684 5371 740 5428 in
767 5385 853 5443 ep.
878 5371 945 5427 ad
973 5369 1337 5425 Bonifacium.

1808 5366 1919 5441 (.38)
1960 5369 2018 5429 S.
2047 5370 2176 5438 Leo,
2211 5389 2298 5444 ep.
2335 5374 2424 5431 84.
