3860 6220
491 273 628 334 ηδε

1689 267 1746 323 S.
1795 262 2262 322 ATHANASIUS.
2304 295 2368 302 —-
2405 259 2680 318 SPURIA.’

3622 263 3733 320 υΞῦ

558 437 800 510 Epistola
833 432 1189 490 Orientalium
1221 431 1289 484 ad
1336 429 1544 483 Iulium
1577 443 1772 497 papam
1829 427 2195 510 causantium‘
2233 424 2372 496 quod
2408 427 2458 478 in
2492 425 2910 510 communionem
2956 426 3204 494 receperit
3237 425 3611 492 Athanasium,
3638 438 3682 482 et

1621 511 1837 554 caeteros
1869 515 2000 569 quos
2034 499 2136 567 ipsi
2161 497 2570 552 damnaverant.

557 626 791 682 Domino
838 624 1187 687 beatissimo,
1233 629 1288 676 et
1336 618 1646 676 honorabili
1699 619 1852 674 Patri
1902 616 2071 682 Julio,
2103 631 2149 680 Α
2177 617 2402 687 eligitis,
2441 624 2573 672 tunc
2621 618 2809 688 liquet,
2844 616 2990 687 quod
3041 631 3141 671 nos
3199 617 3432 687 perdere
3478 620 3661 684 vultis,
3699 629 3739 679 et

487 721 804 791 apostolica:
859 717 1006 772 sedis
1058 714 1357 770 venerabili
1415 714 1714 786 episcopo,
1773 711 2071 775 Eusebius,

491 807 1012 883 Tbeogonius,(59)
1066 805 1414 870 Theodorus,
1466 814 1521 861 et
1578 804 1909 870 Berinthus,
1965 819 2073 857 una

487 921 614 960 cum
660 902 886 973 reliquis
934 899 1198 953 fratribus
1246 907 1301 954 et
1350 897 1696 968 coepiscopis
1747 897 1955 952 nostris
2019 897 2073 950 in

485 996 776 1051 Antiochia
810 991 1176 1063 congregatis.
1818 1045 1828 1056 ,

557 1087 668 1158 (40)
725 1085 879 1140 Licet
928 1083 1075 1136 circa
1129 1097 1320 1136 omnes
1389 1078 1690 1135 Ecclesiam
1769 1076 2071 1134 Romanam

487 1181 733 1235 sciamus
779 1193 902 1233 esse
943 1176 1286 1240 munilicam,
1345 1183 1399 1228 et
1453 1173 1812 1244 apostolicam
1869 1171 2074 1227 habere

485 1286 700 1335 curam,
734 1277 788 1325 et
813 1278 1042 1324 matrem
1073 1282 1289 1337 semper
1315 1265 1586 1321 exsistere
1615 1264 1858 1335 pietatis,
1897 1277 2078 1334 quan—

485 1381 650 1435 quam
718 1364 787 1418 ab
836 1363 1062 1418 Oriente
1111 1361 1179 1415 ad
1234 1375 1356 1414 eam
1405 1358 1795 1429 przedicatores
1851 1356 2072 1428 pietatis

486 1459 847 1520 advenerunt,
883 1464 1068 1510 tamen
1117 1463 1431 1524 optaremus
1460 1468 1558 1507 vos
1601 1451 1890 1507 nobiseum
1935 1465 2066 1505 cono

487 1550 748 1612 cordare,
789 1558 845 1604 et
887 1563 1030 1619 quos
1070 1562 1099 1599 a
1139 1544 1531 1600 communione
1582 1542 1995 1612 suspendimus,
2041 1555 2072 1594 a

492 1641 644 1695 vobis
669 1655 794 1694 esse
819 1653 1144 1709 suspensos.
1171 1636 1236 1689 Et
1263 1652 1402 1706 quos
1443 1635 1496 1688 iu
1541 1635 1736 1690 ordine
1781 1632 2074 1688 conﬁrma-

487 1750 608 1789 mus
637 1734 1042 1805 episcoporum,
1073 1747 1104 1786 a
1137 1732 1292 1787 vobis
1321 1745 1444 1786 esse
1484 1728 1806 1792 ﬁrmandos,
1841 1742 1940 1782 nec
1972 1741 2073 1782 nos

487 1827 735 1881 secundo
792 1826 916 1880 loco
968 1823 1250 1879 habendos
1292 1838 1416 1876 cum
1450 1821 1519 1877 iis
1560 1820 1653 1890 qui
1693 1835 1760 1875 ex
1799 1820 1886 1874 his
1948 1834 2074 1889 par-

486 1919 635 1972 tibus
679 1919 746 1971 ad
784 1933 883 1973 vos
923 1933 1098 1987 usque
1131 1915 1566 1986 dogmatizaules
1602 1913 1835 1984 apostoli
1884 1926 2070 1982 perve-

2181 724 2290 762 non
2333 716 2391 761 ut
2425 718 2578 778 pater
2629 707 2770 763 ﬁlios
2829 708 3032 764 fovere.
3091 707 3289 763 Dicunt
3338 711 3487 764 enim
3517 722 3568 766 et
3619 713 3738 767 allir-

2183 808 2354 861 mant,
2387 808 2499 854 tam
2533 801 2684 856 cives
2723 801 2979 864 istorum,
3021 815 3186 870 quam
3216 803 3644 859 consacerdotes
3669 821 3742 860 eo-

2184 907 2326 955 rum,
2375 891 2476 947 hos
2526 891 2710 948 fovere
2753 908 2852 948 vos
2896 894 3055 958 velle,
3111 894 3439 959 homicidas,
3482 911 3743 952 sacrorum

2181 984 2506 1054 templorum
2539 1000 2844 1049 eversores,
2874 986 3146 1057 virginum
3179 995 3546 1059 stupratores,
3584 1005 3746 1045 sacro-

2181 1091 2302 1130 rum
2353 1077 2621 1132 librorutu
2662 1078 3007 1142 inccnsores,
3038 1093 3436 1150 sacrorumque.
3485 1096 3742 1146 vasorum,

2179 1175 2234 1222 et
2263 1176 2585 1222 cacterorum
2617 1183 2902 1225 sacrorum
2931 1169 3360 1225 ministeriorum
3393 1170 3743 1238 fraudatores,

2179 1258 2480 1315 olliciorum
2521 1260 2885 1330 neglectores,
2927 1262 3321 1332 imperatorum
3375 1264 3600 1326 inlidos,
3638 1283 3748 1336 gen-

2180 1351 2253 1408 tis
2283 1359 2336 1407 et
2370 1353 2560 1422 patria:
2588 1352 2921 1422 proditores,
2959 1363 3015 1410 et
3053 1355 3197 1410 inter
3226 1357 3546 1414 sacerdotes
3594 1361 3748 1415 maxi-

2180 1459 2323 1498 mam
2360 1453 2685 1515 generantes
2724 1445 3082 1512 discordiam,
3118 1462 3184 1502 eo
3234 1448 3384 1518 quod
3425 1451 3749 1506 substantia-

2180 1535 2351 1592 litatis
2387 1551 2598 1601 vocem,
2643 1552 2766 1608 quae
2814 1538 3021 1608 scripta
3068 1555 3178 1594 non
3231 1541 3514 1596 invenitur
3560 1543 3613 1596 in
3647 1544 3753 1599 ﬁdei

2179 1628 2454 1692 doctrina,
2504 1637 2828 1700 posuerunt.
2889 1629 3030 1697 Quid
3082 1632 3239 1701 plura
3289 1649 3621 1692 enumerare
3673 1652 3756 1690 ne-

2181 1737 2336 1778 cesse
2363 1731 2469 1789 est,
2505 1738 2630 1778 cum
2666 1731 2890 1794 propter
2919 1740 3017 1780 eos
3049 1726 3230 1790 nobis,
3259 1734 3316 1781 et
3341 1730 3562 1784 cunctis
3593 1731 3758 1801 regio-

2182 1815 2268 1870 nis
2293 1815 2459 1885 hujus
2481 1815 2889 1874 habitatoribus
2921 1818 3243 1881 scientibus,
3273 1828 3428 1874 tanta
3459 1825 3647 1879 cades
3683 1826 3758 1877 bo-

2181 1908 2392 1962 minum
2423 1909 2496 1963 sit
2537 1919 2868 1980 perpetrata.
2910 1919 2970 1964 ut
3000 1912 3236 1982 amplius
3271 1931 3437 1984 quam
3473 1916 3631 1970 mille
3677 1916 3759 1968 bo-

488 2013 692 2066 uerint.
734 2010 845 2067 Nec
867 2012 1012 2067 enim
1036 2027 1137 2065 nos
1159 2011 1315 2064 vobis
1351 2007 1606 2063 reluctati
1642 2020 1856 2068 sumus,
1881 2019 2078 2074 quam-
2104 1989 2151 2050 Β
2180 2001 2357 2055 mines
2407 2003 2520 2056 sint
2555 2003 2860 2072 prostrati?
2902 2002 3126 2058 Talibus
3159 2016 3338 2060 autem
3373 2005 3583 2074 favere,
3644 2008 3760 2078 quid

487 2105 570 2159 vis
609 2105 712 2158 hoc
761 2119 922 2174 agere
964 2104 1357 2172 potuissemus,
1393 2097 1614 2170 quando
1660 2097 1997 2152 Novatianus
2041 2111 2072 2150 a

488 2197 736 2251 Romana
777 2197 970 2267 pulsus
1012 2206 1095 2250 est
1131 2195 1396 2249 Ecclesia.
1442 2192 1748 2258 Quoniam,
1797 2191 1875 2244 uti
1913 2191 2072 2259 juxta

484 2293 764 2362 vulgarem
845 2289 1301 2346 consuetudinem
1373 2287 1701 2356 loquamur,
1760 2285 2071 2338 inimicitias

484 2385 673 2455 quierit
721 2384 893 2438 omnis
939 2383 1029 2452 qui
1064 2381 1173 2436 vult
1224 2379 1466 2434 recedere
1509 2379 1574 2432 ab
1626 2378 1798 2432 amico
1850 2375 1918 2428 ⁸¹.
1962 2374 2073 2429 Nec

485 2479 716 2531 crimine
759 2491 949 2531 carere
976 2482 1178 2546 potest,
1226 2473 1320 2544 qui
1358 2473 1587 2527 alterius
1625 2469 2072 2526 excommunicao

485 2579 599 2623 tmn
642 2568 849 2639 absque
891 2567 1012 2636 ejus
1061 2566 1300 2627 licentia,
1337 2580 1366 2618 a
1407 2580 1516 2634 quo
1561 2563 1950 2617 communione
1989 2569 2074 2616 est

485 2662 756 2731 privatus,
798 2660 852 2713 in
879 2658 1320 2714 communionem
1382 2655 1720 2725 susceperit,
1766 2653 2074 2708 canonibus

487 2753 654 2807 semel
695 2751 1056 2821 jubentibus,
1105 2750 1617 2804 escommuuicatus
1672 2747 1740 2801 ab
1791 2747 1948 2812 aliis,
2007 2745 2076 2799 ab

486 2848 609 2902 aliis
679 2862 788 2900 non
826 2843 1182 2910 suscipiatur,
1243 2841 1550 2894 viventibus
1607 2839 1755 2900 illis,
1799 2854 1827 2891 a
1872 2837 2073 2908 quibus

487 2938 874 2993 communione
906 2936 1155 3006 privatus
1183 2948 1305 2988 esse
1351 2933 1713 3003 dignoscitur.
1751 2929 1862 2985 Nec
1892 2931 2071 2985 solum

487 3032 540 3085 in
574 3030 658 3084 his
688 3029 848 3083 nobis
869 3026 1256 3080 contumeliam
1282 3024 1556 3092 irrogatis,
1580 3021 1675 3077 sed
1703 3024 1869 3076 etiam
1900 3022 1955 3075 in
1985 3021 2070 3076 bis

486 3121 736 3192 quaedam
767 3118 998 3174 consilia
1035 3125 1223 3170 nostra
1251 3113 1577 3178 dissolvitis,
1610 3129 1787 3184 neque
1818 3129 1881 3169 ea
1924 3121 2074 3167 recte

486 3214 726 3269 deﬁnitis
763 3226 905 3268 esse.
939 3209 1081 3264 Sunt
1111 3224 1348 3279 namque
1392 3223 1422 3262 a
1458 3207 1639 3273 nobis,
1677 3213 1731 3262 et
1773 3205 2010 3259 maxime
2043 3219 2074 3258 a

486 3309 660 3360 totius
711 3303 953 3358 Orientis
1030 3299 1304 3370 episcopis
1368 3298 1650 3361 damnati,
1737 3296 2072 3350 Athanasius

2181 2093 2326 2147 aliud
2351 2102 2458 2156 est,
2492 2109 2656 2164 quam
2691 2095 2992 2152 sceleribus
3024 2112 3212 2151 eorum
3244 2100 3605 2154 consentire?
3641 2102 3765 2157 Cum

2177 2200 2334 2239 sacra
2360 2185 2643 2259 Scriptura
2679 2188 2795 2243 hmc
2824 2189 3131 2259 prohibeat,
3167 2190 3356 2246 dicens
3388 2210 3402 2246 :
3437 2191 3565 2246 Non
3601 2196 3764 2248 solum

2174 2279 2264 2348 qui
2297 2279 2500 2347 faciunt
2536 2280 2825 2348 culpabiles
2856 2284 3141 2347 exsistunt,
3192 2285 3283 2337 sed
3324 2287 3488 2338 etiam
3528 2289 3625 2355 qui
3653 2304 3767 2339 con-

2175 2373 2407 2425 sentiunt
2443 2372 2767 2441 facientibus
2803 2374 2869 2429 ⁸³.
2909 2373 3139 2430 Talibus
3177 2377 3323 2431 enim
3363 2393 3462 2433 vos
3495 2379 3764 2434 obsistere

2176 2465 2308 2519 totis
2337 2465 2550 2521 viribus
2582 2467 2872 2537 optimum,
2905 2484 2973 2523 ne
2996 2469 3353 2524 involvamini
3387 2474 3643 2541 peccatis
3679 2489 3766 2526 eo-

2177 2573 2322 2623 rum,
2371 2575 2441 2614 ne
2498 2560 3127 2616 excommunicationem
3181 2578 3372 2617 eorum
3423 2565 3763 2636 suscipiatis.

2178 2651 2339 2705 Tales
2376 2651 2522 2706 enim
2553 2665 2583 2704 a
2606 2652 2762 2706 vobis
2795 2653 2985 2722 procul
3016 2653 3254 2723 abjicite,
3288 2671 3359 2709 ne
3396 2666 3625 2725 propter
3657 2658 3766 2711 ani-

2178 2743 2488 2798 mositatem
2526 2745 2730 2814 populi,
2767 2745 3035 2815 sacrilega
3051 2746 3398 2801 dissensione
3422 2747 3766 2818 dispeream,

2179 2835 2363 2904 itaque
2393 2836 2659 2904 optimum
2689 2851 2786 2892 vos
2821 2837 3086 2906 improbis
3114 2838 3284 2907 probe
3314 2841 3602 2895 resistere.
3633 2839 3768 2905 Quae

2179 2934 2400 2997 propter
2443 2927 2488 2981 si
2543 2927 2897 2997 neglexeritis
2928 2928 3222 2982 deturbare
3247 2945 3566 2998 perversos,
3600 2931 3769 3000 liquet

2176 3019 2323 3088 quod
2375 3033 2568 3073 eorum
2619 3019 2922 3089 protegatis
2970 3035 3234 3075 errorem.
3279 3019 3392 3076 Nec
3447 3037 3579 3076 vero
3625 3029 3766 3076 cam

2178 3111 2438 3180 scrupulo
2472 3111 2751 3166 societatis
2776 3112 3028 3176 occulta,
3059 3113 3154 3184 qui
3179 3113 3472 3169 manifeste
3501 3113 3770 3168 facinori-

2176 3203 2282 3258 bus
2309 3202 2512 3258 desinit
2549 3204 2793 3259 obviare.
2824 3209 2987 3259 Decet
3015 3206 3162 3259 enim
3195 3221 3293 3262 vos
3329 3207 3397 3260 ad
3433 3205 3771 3277 arguendam

2179 3297 2508 3366 proterviam
2553 3311 2766 3359 eorum,
2810 3297 3049 3368 linguam
3083 3307 3323 3353 vestram
3372 3315 3678 3364 exacuere,
3729 3309 3779 3352 et

487 3392 1136 3459 Alexandrinus,Paulus
1160 3386 2072 3460 Constantinopolitanus,Marcel-
2101 3365 2146 3429 ο
2177 3385 2326 3440 velut
2369 3401 2676 3442 venenosos
2725 3403 2755 3441 a
2809 3390 2966 3445 vobis
3010 3391 3294 3460 repellere,
3348 3405 3418 3445 ne
3454 3407 3658 3446 eorum
3691 3407 3776 3442 ve-

490 3491 576 3543 lus
596 3488 839 3550 Anciraa,
876 3484 1161 3555 Asclepius
1193 3484 1381 3548 Gazae,
1407 3481 1792 3550 Lucianusque
1819 3477 2071 3551 [Lucius]

492 3574 970 3644 AdrianOpolites,
1043 3587 1146 3642 pro
1208 3573 1376 3627 certis
1451 3569 1814 3634 criminibus,
1873 3569 2075 3638 quibus

491 3663 792 3718 adversarii
822 3671 950 3717 sunt
989 3662 1136 3732 apud
1181 3677 1280 3716 nos
1331 3661 1604 3732 inscripti,
1649 3675 1770 3730 quae
1805 3675 1903 3730 per
1938 3676 2079 3730 pra:—

490 3767 674 3811 senles
745 3755 912 3823 hujus
962 3755 1209 3825 cpistola:
1269 3755 1472 3808 latores
1521 3753 1706 3807 omnia
1765 3753 1869 3806 sub
1924 3762 2075 3806 certa

489 3848 753 3902 relatione
783 3857 981 3902 vestrae
1005 3849 1348 3902 innotescere
1384 3862 1490 3900 non
1526 3846 1831 3901 omittimus
1864 3847 2074 3900 sancti-

487 3942 611 3996 tati.
644 3940 856 4006 Quibus
890 3943 1113 4011 agnitis,
1151 3942 1196 3996 si
1228 3940 1435 3994 nostris
1467 3939 1683 4010 placitis
1712 3937 1886 4007 magis
1909 3951 2074 4008 quam

485 4049 678 4089 eorum
714 4034 1210 4089 machinationibus
1236 4032 1502 4088 assentire
1521 4071 1536 4095 ,
1562 4040 1616 4084 et
1641 4031 1922 4086 ordinatos
1960 4029 2076 4099 epi-

490 4140 688 4196 scopos
718 4127 775 4180 in
808 4125 1192 4181 danmatorum
1228 4126 1352 4180 loco
1385 4124 1604 4178 ﬁrmare
1635 4122 1858 4199 eligitis,
1882 4136 2074 4192 pacem

489 4217 797 4278 vobiscum,
839 4223 894 4269 et
942 4216 1388 4269 communionem
1437 4213 1642 4267 habere
1683 4213 1962 4266 volumus.
2014 4209 2074 4265 Si

489 4323 622 4362 vero
647 4309 805 4360 aliter
827 4308 1072 4377 egeritis,
1100 4315 1154 4361 et
1191 4307 1271 4361 eis
1307 4305 1543 4374 amplius
1564 4320 1726 4374 quam
1755 4304 1916 4359 nobis
1941 4320 2077 4360 con-

488 4399 694 4452 sentire
717 4399 880 4469 603
917 4398 1320 4468 judicaveritis,
1346 4399 1624 4451 contraria
1649 4396 2073 4462 celebrabimus,

489 4499 544 4544 et
594 4491 875 4544 vobiscum
912 4491 1171 4558 deinceps
1221 4506 1323 4544 nec
1373 4490 1718 4560 congregari,
1769 4505 1870 4545 nec
1917 4490 2074 4544 vobis

489 4587 732 4650 obedire,
773 4601 874 4640 nec
904 4586 1056 4640 vobis
1091 4586 1399 4654 vestrisque
1444 4585 1626 4639 favere
1671 4585 1945 4648 volumus,
1977 4583 2074 4639 sed

489 4694 586 4748 per
621 4693 723 4732 nos
755 4676 1022 4746 quidquid
1053 4679 1249 4732 melius
1279 4677 1606 4747 elegerimus
1642 4692 1802 4747 agere
1846 4678 2072 4732 conabi-

487 4791 632 4828 mur.
668 4774 802 4827 Nam
837 4774 1021 4827 nullus
1058 4784 1142 4828 est
1173 4774 1229 4827 in
1249 4774 1351 4826 hac
1386 4781 1540 4843 parte
1567 4782 1836 4828 terrarum
1857 4781 2072 4829 aetatem

485 4867 718 4930 habens,
755 4867 848 4936 qui
884 4867 1097 4937 ignoret
1150 4867 1539 4937 praedictorum
1585 4866 1868 4921 volumina
1903 4867 2072 4921 sedu-

483 4969 721 5014 ctorum.
751 4957 982 5028 Propter
1004 4974 1100 5013 eos
1125 4960 1269 5013 enim
1294 4962 1469 5013 multa
1500 4969 1628 5014 sunt
1655 4961 1795 5012 mala
1827 4967 2071 5028 peracta,

485 5051 659 5104 multa
697 5052 930 5105 concilia
972 5050 1210 5105 diversis
1252 5057 1308 5104 et
1347 5050 1560 5120 asperis
1612 5051 1950 5121 temporibus
1982 5066 2072 5106 ce-

484 5143 718 5206 lebrata,
753 5144 938 5198 multa“.
975 5143 1347 5208 seductiones,
1384 5143 1571 5198 multa:
1609 5143 2064 5206 machinationes,

486 5239 658 5291 multa
697 5238 858 5292 nobis
903 5237 1198 5308 opprobria
1236 5237 1408 5300 illata,
1459 5245 1512 5292 et
1562 5236 1669 5290 alia
1715 5237 1908 5300 multa,
1948 5251 2070 5306 quae

485 5345 808 5386 enumerare
855 5333 1174 5402 perlongum
1209 5339 1313 5386 est.
1359 5329 1518 5396 Nam,
1544 5329 1591 5386 si
1631 5329 1717 5386 his
1755 5329 2068 5386 consentire

557 5513 602 5545 ⁸⁸
640 5511 801 5566 Prov.
837 5527 1007 5575 xvm,
1043 5513 1093 5566 l.
1170 5514 1214 5544 δ’
1255 5510 1410 5565 Rom.
1449 5527 1500 5576 ι,
1535 5511 1623 5566 '52.

562 5686 671 5750 ('59)
712 5685 1034 5744 Theodorus
1055 5687 1392 5744 Pcrinthius.

2179 3491 2322 3531 neno
2350 3492 2469 3542 vos,
2502 3479 2784 3549 vestrique
2809 3481 2865 3534 in
2897 3482 3082 3552 aliquo
3103 3485 3453 3539 sauciemini.
3487 3483 3780 3540 Sufﬁciam

2180 3569 2262 3624 hae
2290 3570 2448 3626 vobis
2496 3572 2860 3642 querimonia:
2894 3583 3090 3628 contra
3123 3591 3219 3630 eos
3247 3576 3466 3640 delatae,
3507 3579 3779 3647 quoniam

2178 3665 2516 3737 derelinquet
2539 3683 2641 3722 nos
2668 3675 2907 3739 tempus,
2935 3670 3238 3724 secundum
3259 3671 3407 3740 quod
3430 3673 3510 3725 ait
3533 3673 3784 3744 Aposto-

2181 3759 2288 3820 lus.
2326 3760 2372 3814 si
2422 3760 2764 3816 voluerimus
2801 3763 3051 3816 omnium
3100 3759 3519 3834 obloq'uentium
3553 3766 3790 3820 oblatas

2179 3860 2371 3906 contra
2415 3867 2514 3907 eos
2562 3851 2866 3922 producere
2897 3855 3170 3923 querelas,
3203 3856 3444 3910 maxime
3478 3872 3617 3910 cum
3677 3858 3792 3909 luet

2178 3945 2340 3999 nobis
2386 3943 2679 4009 sulliciant,
2716 3960 2837 4015 quae
2862 3947 3117 4016 superius
3151 3947 3298 4000 dicta
3330 3955 3485 4001 sunt.
3528 3946 3662 4003 Nec
3695 3963 3802 4002 no-

2180 4035 2266 4090 bis
2317 4050 2546 4092 necesse.
2598 4037 2798 4092 iterum
2851 4052 3044 4094 eorum
3097 4038 3380 4108 divulgare
3430 4041 3614 4106 mala,
3667 4056 3802 4094 cum

2177 4129 2296 4200 ipsa
2335 4145 2432 4200 per
2472 4145 2534 4186 se
2571 4131 2861 4200 prodeant,
2895 4138 2951 4186 et
2978 4132 3215 4187 maxime
3244 4147 3440 4188 omnes
3473 4135 3806 4189 orientales

2178 4229 2348 4277 testes
2379 4237 2545 4293 super
2587 4238 2778 4276 eorum
2813 4223 2977 4279 malis
3023 4225 3316 4279 exsistant.
3366 4223 3436 4277 In
3469 4241 3562 4278 ore
3622 4227 3799 4280 enim.

2173 4313 2332 4384 juxta
2361 4313 2509 4384 quod
2542 4314 2811 4384 scriptum
2843 4323 2950 4380 est,
2982 4315 3211 4369 duorum
3240 4317 3319 4369 eet
3351 4319 3515 4369 trium
3565 4321 3802 4372 testim

2177 4403 2340 4458 stabit
2392 4419 2544 4458 omne
2577 4402 2787 4456 verbum
2832 4403 2900 4459 ⁸³.
2940 4404 3158 4470 Quanto
3189 4407 3363 4476 magis
3416 4407 3472 4461 in
3520 4409 3800 4461 multitu-

2175 4495 2306 4551 dine
2351 4502 2629 4550 tantorum
2681 4495 3052 4563 sacerdotum,
3086 4500 3443 4569 populorum,
3484 4501 3802 4556 abbatum.

2175 4589 2263 4643 vel
2293 4589 2712 4653 monachorum,
2745 4600 2800 4644 et
2827 4592 3038 4659 scripto
3075 4599 3130 4645 et
3167 4606 3303 4646 voce
3342 4599 3548 4646 contra
3591 4594 3805 4649 horum

2103 4710 2147 4764 Β
2176 4679 2506 4750 pravitatem
2545 4680 2792 4751 quotidie
2827 4683 3294 4736 acclamantium?
3341 4683 3458 4739 Nos
3507 4702 3675 4740 vero
3715 4686 3804 4741 diu

2177 4773 2621 4842 exspectavimus
2661 4789 2779 4836 eos,
2820 4789 2917 4844 per
2953 4777 3183 4829 multam
3217 4776 3580 4846 patientiam,
3625 4789 3696 4832 ut
3733 4777 3806 4832 Ia-

2176 4873 2364 4919 cerent
2393 4881 2554 4930 uvas,
2576 4864 2672 4920 sed
2699 4866 2778 4919 illi
2799 4882 2831 4922 e
2857 4868 3140 4921 contrario
3177 4866 3428 4922 fecerunt
3458 4869 3800 4926 labs-usus

2176 4957 2290 5014 Vos
2345 4974 2476 5030 ergo
2521 4975 2631 5014 non
2679 4961 2948 5031 Optimum
3001 4961 3070 5015 de
3118 4969 3318 5015 caetero
3354 4963 3700 5034 negligere,
3763 4977 3803 5017 (ιζ

2176 5049 2398 5106 ἁὶίϊειτθ
2442 5052 2604 5118 tales,
2637 5068 2706 5108 ne
2750 5052 2916 5124 (quod
2949 5052 3158 5123 absit!)
3192 5066 3497 5108 memorata
3555 5059 3802 5111 crimira'

2177 5157 2368 5197 eorum
2399 5143 2796 5199 subimitemini
2839 5144 3296 5201 irrationabiliter
3337 5146 3675 5218 episc0pos
3723 5168 3810 5219 po-

2177 5244 2392 5292 nentes.
2435 5235 2542 5307 lpsi
2569 5238 2738 5301 enim,
2773 5236 2882 5291 nisi
2912 5236 3023 5290 cito
3049 5236 3421 5307 corrigentur,
3442 5237 3636 5306 juxta
3665 5241 3809 5311 φαμὶ

2177 5329 2371 5384 beatus
2425 5330 2723 5399 Apostolus
2766 5336 3126 5399 protestatur,
3183 5328 3490 5384 Secundum
3525 5332 3810 5389 duritiam

1729 5510 1747 5542 ³
1788 5509 1976 5565 Matth.
2020 5525 2187 5574 XVIII,
2225 5509 2310 5566 l6.

2247 5685 2358 5751 (40)
2393 5683 2516 5741 Haec
2546 5701 2612 5742 ex
2657 5683 2902 5739 Historia
2943 5685 3242 5748 tripartite.
