3860 6220
207 290 343 344 1437

1127 283 1399 362 PONTIF.
1442 284 1608 341 ROM.
1652 284 1742 340 ET
1781 282 2152 339 ATl‘lANASll
2193 282 2575 338 EPISTOLZE.‘

3309 283 3450 340 N58

186 419 394 466 eorum,
427 409 479 455 et
511 416 600 454 cor
637 401 963 468 impaenitens
1013 398 1372 452 thesaurizant
1410 400 1510 453 sibi
1553 400 1687 452 iram
1719 399 1771 451 in
1802 404 1846 459 Α
1879 406 2101 468 propter
2134 412 2258 450 eum
2290 397 2401 450 sint
2430 404 2672 466 peracta,
2708 396 2800 450 sed
2842 396 3004 450 etiam
3035 395 3250 466 quidem
3283 414 3311 451 a
3337 398 3449 467 jam

185 495 276 550 die
309 496 424 556 ira},
457 502 506 546 et
537 491 869 546 reuelationis
907 491 1049 560 justi
1065 489 1260 559 judicii
1310 490 1426 553 Dei,
1474 491 1563 560 qui
1592 489 1770 544 reddet

182 587 468 656 unicuique
515 585 802 639 secundum
833 598 991 653 opera
1019 583 1132 652 ejus
1186 584 1253 639 ⁸⁸.
1301 583 1404 650 Qui
1433 583 1766 656 porrigendi

183 685 340 741 sunt,
374 692 470 746 per
502 675 857 745 temporalem
899 673 1336 738 delectationem,
1385 681 1438 729 et
1487 690 1580 745 per
1625 690 1772 729 men-

181 769 365 831 dacia,
388 775 550 836 atque
573 767 825 837 ﬁgmenta
860 781 981 830 sua,
1012 765 1169 822 vobis
1202 766 1283 821 eis
1313 781 1599 821 assensum
1633 781 1770 836 pne-

183 859 469 921 bentihus,
510 865 712 912 aeterna
758 855 988 926 perdent
1020 855 1261 926 praemia,
1293 871 1413 926 quae
1444 871 1541 926 per
1582 870 1766 910 veram

184 950 569 1022 paenitentiam
599 949 863 1018 consequi
892 955 1142 1018 possunt.
1179 945 1291 1001 Nec
1331 948 1443 1002 haec
1471 962 1590 1017 quae
1635 962 1770 1016 pree-

183 1043 332 1096 dicta
387 1049 515 1095 sunt
565 1041 911 1095 solummodo
986 1038 1287 1094 Athanasio
1335 1045 1390 1093 et
1439 1039 1768 1110 sequacibus

183 1129 307 1200 ejus
340 1130 667 1200 irrogamus,
715 1128 814 1183 sed
864 1128 1052 1196 etiam,
1084 1128 1231 1197 quod
1279 1135 1473 1182 contra
1522 1128 1766 1202 regulam

183 1223 378 1293 egerit,
415 1236 578 1292 quam
608 1235 712 1276 nos
738 1220 1182 1276 decreveramus.
1219 1219 1358 1286 Quia
1405 1235 1515 1274 non
1543 1220 1766 1274 decreto

185 1315 496 1368 communis
545 1312 764 1366 concilii
809 1313 1192 1383 episcoporum
1258 1310 1463 1380 recepit
1511 1309 1768 1366 sacerdoo

185 1406 346 1468 tium,
395 1404 490 1460 sed
529 1405 747 1461 sibimet
795 1405 1122 1476 arrogando,
1176 1403 1477 1460 Ecclesiam
1527 1402 1632 1458 fuit
1681 1403 1766 1458 in-

185 1511 435 1565 gressus,
470 1503 526 1553 et
566 1499 622 1552 in
655 1497 782 1554 sede
828 1497 1054 1561 resedit,
1089 1512 1213 1552 cum
1243 1496 1449 1552 dudum
1482 1497 1764 1552 decretum

186 1587 385 1644 fuisset
419 1588 630 1643 nullum
663 1603 692 1642 a
722 1588 980 1659 pauciore
1015 1603 1246 1644 numero
1281 1588 1496 1644 restitui
1544 1588 1761 1652 debere,

185 1692 351 1747 quem
377 1677 681 1748 depositum
715 1678 885 1734 fuisse
913 1685 1211 1734 constaret.
1253 1677 1480 1741 Deinde,
1504 1677 1761 1748 quoniam

1873 488 2021 542 dicto
2053 487 2353 542 Athanasio
2392 489 2539 548 caesi,
2565 487 2843 556 judicibus
2872 487 3130 540 dicuntur
3157 502 3282 542 esse
3319 504 3451 541 con—

1872 579 2079 634 traditi.
2137 578 2297 646 llaec,
2337 587 2390 633 et
2445 579 2550 632 alia
2611 577 3028 644 innumerabilia
3087 585 3215 633 sunt
3270 579 3337 633 ab
3386 594 3452 633 eo

1872 669 2099 738 suisque
2146 667 2477 737 sequacibus
2526 667 2867 737 impudenter
2911 676 3260 736 perpetrata,
3311 683 3451 738 quos

1871 760 2402 823 ercommunicatos,
2435 759 2831 824 communioni,
2866 766 2926 813 ut
2955 759 3283 822 audivimus.
3311 777 3447 815 con-

1870 859 1955 904 tra
2004 851 2248 921 regulam
2287 851 2341 904 in
2392 851 2778 906 contumeliam
2812 850 3058 904 orrnium
3089 848 3448 904 Orientalium

1871 942 2144 997 sociastis.
2182 941 2418 996 Praefato
2444 941 2627 1010 itaque
2661 940 2858 996 debitae
2888 941 3238 996 salutationis
3271 941 3449 996 ollicio

1870 1043 2096 1102 propter
2118 1031 2261 1085 beati
2290 1030 2438 1086 Petri
2472 1032 2758 1096 honorem,
2796 1031 3044 1100 impense
3082 1033 3445 1101 postulamus,

1870 1132 1930 1176 ut
1957 1124 2216 1194 deinceps
2246 1124 2314 1178 ad
2365 1134 2573 1179 vestras
2624 1123 2753 1178 hinc
2801 1123 3084 1178 venientes
3134 1138 3294 1180 aures
3335 1139 3448 1178 non

1866 1224 1976 1270 tam
2011 1216 2168 1270 facile
2219 1215 2540 1269 admittatis.
2575 1214 2760 1285 Neque
2810 1229 2839 1268 a
2884 1215 3044 1270 nobis
3073 1215 3450 1270 excommuni-

1868 1319 2021 1366 catos
2048 1311 2188 1364 ultra
2226 1309 2402 1364 velitis
2437 1309 2712 1380 excipere,
2745 1325 2813 1365 ne
2842 1324 3114 1364 canonum
3138 1317 3447 1381 transgres-

1869 1417 2023 1458 sores
2057 1401 2434 1464 inveniamini,
2468 1399 2564 1456 sed
2599 1400 2769 1471 magis
2798 1401 2946 1456 salva
2984 1400 3224 1454 fraterna
3265 1402 3449 1455 chari-

1869 1500 2002 1557 tate,
2037 1502 2281 1548 erratum
2318 1493 2420 1546 hoc
2460 1493 2515 1546 in
2569 1499 2849 1563 posterum
2883 1493 3107 1547 minime
3138 1493 3443 1563 patiamini.

1868 1583 1936 1638 Et
1979 1583 2315 1652 subscriptio
2349 1581 2645 1637 :Orantem
2701 1599 2802 1653 pro
2855 1583 3016 1639 nobis
3080 1585 3444 1654 apostolatum

1869 1683 2111 1730 vestrum
2159 1673 2422 1731 Dominus
2472 1689 2587 1729 aevo
2627 1673 2903 1729 custodiat
2951 1675 3212 1746 longiore,
3246 1675 3447 1730 beatis-

185 1745 310 1835 ejus
345 1745 577 1823 adventu
619 1769 691 1823 sit
733 1769 891 1824 turba
922 1775 1214 1834 commota,
1243 1745 1575 1838 plurimique
1621 1768 1766 1822 sedi-
1797 1745 1838 1802 Β
1871 1767 2009 1822 sime
2037 1765 2219 1822 Pater.
2255 1772 2449 1822 Amen.

187 1854 340 1911 tione
391 1857 501 1912 sint
530 1857 752 1924 mortui,
797 1866 852 1912 et
902 1872 1013 1912 non
1046 1858 1225 1912 solum
1259 1857 1371 1912 haec
1422 1873 1518 1928 per
1557 1872 1680 1912 eum
1711 1863 1766 1911 et

782 1972 1112 2044 Rescriptum
1141 1974 1280 2028 Julii
1327 1989 1479 2044 papa:
1509 1981 1697 2028 contra
1737 1973 2035 2031 Orientales
2074 1991 2169 2045 pro
2200 1976 2494 2032 Athanasio
2526 1988 2575 2034 et
2615 1981 2840 2034 caeteris.

257 2082 433 2142 Julius
483 2095 687 2141 sanctae
729 2086 990 2143 Romanae
1038 2096 1092 2144 et
1137 2089 1453 2159 apostolicae
1503 2088 1762 2145 Ecclesia:

187 2171 499 2246 episcopus,
534 2176 791 2241 Eusebio,
823 2176 1163 2248 Theogonio,
1213 2178 1524 2244 Theodoro,
1567 2178 1758 2234 Berin-

190 2267 306 2332 tho,
342 2274 396 2321 et
425 2267 636 2321 caeteris
665 2266 1039 2323 Orientalibus
1065 2270 1360 2341 episcopis.

261 2357 374 2429 (41)
418 2355 682 2412 Decuerat
725 2372 823 2413 vos
857 2357 1120 2414 adversus
1167 2366 1413 2413 sanctam
1464 2357 1762 2413 Romanam

187 2456 244 2504 et
274 2451 626 2519 apostolicam
680 2449 1003 2515 Ecclesiam,
1057 2451 1260 2512 limale,
1291 2457 1346 2506 et
1394 2467 1505 2506 non
1559 2451 1766 2506 ironice

191 2541 360 2611 loqui.
421 2539 690 2606 Quoniam
753 2549 807 2597 et
864 2542 981 2613 ipse
1037 2541 1302 2597 Dominus
1362 2549 1550 2597 noster
1603 2541 1766 2597 Jesus

186 2632 444 2686 Christus
479 2648 598 2687 eam
648 2633 909 2688 decenter
957 2633 1249 2698 allocutus,
1299 2635 1416 2689 ait:
1453 2634 1531 2687 Tu
1572 2651 1648 2697 es,
1682 2635 1766 2687 in-

191 2723 332 2793 quit,
365 2723 576 2788 Petrus,
606 2733 655 2778 et
688 2740 842 2793 super
868 2725 1002 2778 hanc
1029 2736 1250 2794 petram,
1269 2724 1544 2794 aediﬁcabo
1579 2723 1765 2778 Eccle-

190 2815 328 2868 siam
367 2831 558 2882 meam,
589 2825 638 2869 et
668 2826 835 2885 porta:
864 2817 1022 2885 inferi
1062 2834 1166 2871 non
1193 2818 1552 2886 prtevalebunt
1581 2817 1766 2872 adver-

191 2921 283 2958 sus
316 2921 454 2968 eam,
483 2915 532 2958 et
569 2905 661 2960 tibi
691 2906 826 2960 dabo
860 2909 1030 2962 claves
1065 2912 1212 2979 regni
1257 2909 1506 2964 caelorum
1537 2909 1606 2965 ⁸⁸.
1660 2909 1767 2964 Ha-

193 2996 284 3050 bet
355 2997 498 3050 enim
578 3005 902 3067 potestatem
971 3000 1235 3070 singulari
1305 3001 1588 3072 privilegio
1659 3002 1764 3057 sibi

193 3103 547 3152 concessam,
601 3092 816 3161 aperire
865 3101 919 3147 et
969 3093 1226 3148 claudere
1272 3095 1473 3162 januas
1525 3096 1766 3150 caelestis

192 3181 365 3249 regni,
417 3182 616 3251 quibus
668 3184 916 3239 voluerit.
958 3183 1093 3239 Nam
1125 3185 1171 3240 si
1207 3186 1257 3240 ei
1305 3186 1767 3258 detrahere,.qure

192 3270 409 3327 Domini
458 3290 554 3330 ore
607 3284 840 3343 sacrata,
898 3285 1062 3349 atque
1107 3279 1342 3349 desuper
1373 3281 1607 3335 exaltata
1661 3290 1764 3349 est,

194 3379 302 3418 non
348 3369 631 3432 timuistis,
663 3384 764 3424 nec
802 3370 999 3424 mirum
1037 3371 1084 3426 si
1115 3371 1378 3428 fratribus
1410 3373 1652 3444 irrogare
1681 3373 1766 3428 in-

187 3454 365 3521 jurias
401 3457 624 3513 minime
653 3462 902 3516 cessatis.
933 3459 1086 3516 Unde
1125 3463 1236 3532 jam
1271 3463 1489 3519 silentio
1529 3480 1640 3519 non
1687 3474 1768 3520 te-

193 3551 418 3613 guntur,
444 3561 566 3614 quas
596 3556 780 3602 vestro
806 3551 1043 3605 concilio
1072 3554 1408 3619 turbulento,
1442 3563 1607 3625 atque
1641 3573 1766 3611 cum

193 3640 463 3701 potestate
508 3637 726 3692 decreta
786 3640 916 3695 sint.
973 3641 1212 3712 Apparet
1274 3645 1456 3711 enim,
1508 3647 1768 3716 quoniam

192 3723 430 3792 quadam
490 3728 831 3784 tumultuosa
882 3730 1384 3802 indisciplinatione
1431 3735 1634 3790 veritas
1686 3743 1772 3791 est

193 3827 476 3881 oppressa.
530 3816 641 3886 (42)
675 3816 844 3874 Vobis
887 3820 1088 3890 quippe
1133 3838 1240 3877 non
1289 3824 1768 3882 considerantibus

194 3917 315 3970 quae
348 3905 563 3972 placent
588 3905 714 3970 Deo,
740 3919 959 3978 propter
983 3911 1186 3982 jurgia,
1213 3928 1333 3983 qua:
1360 3921 1554 3968 contra
1582 3915 1767 3984 proxi-

194 4011 315 4053 mos
348 4007 560 4056 vestros
601 4001 832 4067 habetis,
868 4013 1007 4060 vota
1048 4015 1226 4063 vestra
1278 4009 1610 4065 inevitabilia
1643 4027 1766 4066 esse

192 4090 543 4148 contenditis.
605 4092 711 4149 Sed
767 4098 873 4150 erit
931 4113 1068 4166 opus
1127 4099 1326 4155 divinae
1387 4102 1761 4170 providentiae,

192 4189 466 4249 quatenus
510 4199 540 4237 e
593 4186 868 4241 contrario
899 4202 929 4239 a
963 4197 1116 4257 parte
1166 4190 1506 4265 deprehensa
1551 4193 1766 4262 possint

191 4277 468 4330 evacuari.
512 4276 575 4331 Et
612 4279 876 4350 quidquid
909 4281 1021 4336 illic
1053 4286 1464 4350 convenientes,
1499 4286 1616 4340 sine
1654 4287 1766 4340 ulla

193 4366 434 4433 qualibet
463 4369 659 4438 gratia,
690 4372 836 4436 odio,
870 4381 963 4428 aut
996 4373 1409 4430 inimicitiarum
1439 4392 1606 4433 causa
1641 4393 1762 4448 ges-

193 4456 366 4521 sistis,
401 4457 647 4516 funditus
669 4465 876 4534 repelli.
906 4464 1270 4536 Quapmpter,
1291 4483 1414 4522 cum
1433 4472 1581 4523 omni
1608 4468 1762 4524 festi-

190 4548 416 4604 natione
441 4566 538 4606 vos
563 4567 754 4609 omnes
795 4555 864 4610 ad
894 4557 1060 4626 hujus
1099 4568 1301 4614 sanctae
1332 4560 1482 4616 sedis
1514 4575 1768 4616 revereri-

192 4637 324 4692 tiam
356 4641 480 4694 volo
510 4657 858 4708 concurrere,
892 4655 1165 4716 quatenus
1195 4656 1472 4720 gestorum
1501 4652 1645 4720 apud
1670 4667 1766 4707 vos

193 4727 559 4800 integritatem
595 4749 688 4802 per
721 4751 818 4792 vos
853 4737 1002 4807 ipsos
1034 4740 1260 4808 possitis
1291 4741 1602 4797 ostendere.
1627 4742 1763 4797 Nam

190 4835 296 4875 nec
345 4821 597 4878 dubitare
649 4840 746 4880 vos
789 4828 952 4884 credo
999 4829 1376 4896 Athanasium,
1421 4847 1592 4887 sacra:
1636 4833 1768 4903 legis
1799 4811 1844 4866 θ

193 4911 495 4979 doctorem,
530 4932 638 4971 non
673 4920 848 4976 solum
879 4936 908 4973 a
936 4922 1118 4986 nobis,
1155 4923 1250 4978 sed
1287 4925 1453 4979 etiam
1489 4940 1519 4978 a
1546 4925 1763 4980 Nicena

193 5004 424 5073 synodo,
491 5023 629 5062 verre
697 5009 818 5066 ﬁdei
882 5013 1046 5084 604
1106 5015 1370 5069 cultorem
1435 5031 1557 5071 esse
1613 5032 1762 5071 com-

197 5095 501 5164 probatum.
533 5098 635 5165 Qui
665 5101 922 5158 defuncto
955 5105 1264 5161 Alexandro
1315 5107 1554 5162 mirabili
1604 5124 1756 5172 sene,

195 5185 289 5254 qui
311 5186 425 5241 Arii
487 5198 860 5260 prostraverat
911 5195 1296 5265 blasphemias,
1354 5207 1480 5269 post
1524 5201 1764 5270 quinque

194 5293 414 5338 menses
443 5282 647 5341 Nicaeni
678 5288 917 5356 concilii,
969 5290 1460 5347 Alexandrinorum
1508 5292 1764 5349 Ecclesia:

266 5438 310 5470 ⁸⁵
351 5438 508 5498 Rom.
547 5461 620 5509 it,
653 5447 721 5509 5,
757 5447 812 5500 6.
890 5449 934 5480 ⁸⁸
979 5449 1166 5506 Matth.
1203 5467 1314 5513 xvr,
1355 5452 1455 5518 l8,
1495 5453 1581 5508 l9.

413 5603 536 5664 Haec
557 5624 622 5663 ex
654 5607 895 5662 Historia
954 5611 1222 5678 tripartita
1279 5613 1406 5670 hinc
1439 5623 1492 5670 et
1515 5615 1638 5669 inde
1670 5631 1762 5670 ex.

1868 2090 2111 2159 suscepit
2131 2091 2502 2159 praesulatum.
2525 2092 2804 2148 Adversus
2829 2105 2989 2160 quem
3015 2089 3243 2159 ejusque
3266 2096 3443 2144 secta-

1869 2186 2038 2242 tores,
2091 2179 2262 2233 multa
2312 2181 2597 2235 mendacia
2645 2189 2914 2245 texentes,
2967 2188 3020 2235 et
3061 2179 3239 2235 nudas
3285 2182 3441 2235 valde

1866 2270 2191 2334 calumnias,
2227 2272 2384 2340 quasi
2414 2287 2572 2326 veras
2605 2272 2986 2328 accusationes
3028 2282 3439 2341 componentes,

1867 2361 2029 2416 nobis
2060 2363 2356 2415 multorum
2393 2363 2657 2416 malorum
2694 2378 2817 2416 cum
2852 2377 3097 2425 causam,
3133 2369 3247 2416 tum
3281 2369 3443 2431 caput

1867 2467 1989 2507 esse
2024 2453 2402 2522 perhibuistis.
2461 2453 2525 2506 Et
2564 2439 2678 2507 ἢθη
2725 2453 2902 2508 solum
2938 2452 3082 2522 apud
3119 2450 3440 2523 Egyptum,

1868 2540 1963 2595 sed
2003 2541 2166 2596 etiam
2217 2541 2360 2612 apud
2413 2539 2760 2596 Palaestinam
2823 2549 2877 2597 et
2931 2540 3269 2606 thnicem,
3300 2542 3440 2596 viei-

1867 2648 2076 2704 nasque
2129 2645 2318 2703 gentes
2362 2634 2584 2704 scriptis
2626 2633 2825 2690 vestris
2879 2632 3026 2686 illam
3073 2634 3445 2703 perturbatio—

1867 2739 1991 2780 nem
2040 2740 2161 2779 essc
2215 2724 2586 2794 signilicastis.
2637 2723 2755 2789 Qua
2803 2723 2871 2778 de
2902 2738 2962 2777 re
3007 2723 3441 2777 ecclesiasticam

1868 2825 2161 2885 sequentes
2196 2817 2461 2885 regulam,
2494 2832 2590 2870 vos
2623 2824 2676 2869 et
2724 2815 2867 2879 illos,
2902 2813 3089 2868 Romae
3121 2814 3444 2884 regularitcr

1867 2907 1936 2962 ad
1965 2906 2234 2975 judicium
2267 2909 2356 2961 die
2385 2915 2610 2972 statuta,
2643 2922 2750 2961 non
2785 2907 2890 2961 sub
2919 2913 3152 2976 angusto
3184 2909 3442 2976 temporis

1868 2998 2067 3068 spatio,
2107 3005 2167 3052 ut
2193 3000 2478 3054 excusatio
2507 2999 2684 3052 locum
2715 3013 2824 3052 non
2859 2997 3120 3061 inveniat,
3163 2997 3361 3053 litteris
3388 3007 3443 3053 ct

1869 3091 2242 3160 apocrisiariis
2279 3091 2650 3146 evocavimus.
2698 3091 2889 3161 Illique
2931 3091 3215 3145 vocatione
3256 3107 3444 3147 susce-

1871 3190 1983 3251 pta,
2036 3182 2104 3236 ad
2160 3180 2302 3236 diem
2349 3182 2712 3252 praestitutum
2772 3195 2991 3236 venere.
3051 3181 3156 3236 Sed
3203 3197 3324 3247 vos,
3374 3198 3444 3236 ne

1869 3275 2068 3329 vestris
2116 3273 2417 3329 mendaciis
2449 3275 2802 3345 caperemini,
2842 3284 3136 3345 vestraque
3169 3275 3444 3330 calumnia

1869 3365 2223 3429 euudaretur,
2256 3369 2446 3422 venire
2472 3367 2790 3423 distulistis.
2823 3367 2936 3424 Nec
2967 3369 3050 3423 liis
3085 3368 3445 3422 machinatio-

1869 3460 2032 3515 nibus
2063 3460 2408 3515 solummodo
2437 3463 2678 3515 contenti
2709 3461 2866 3525 estis,
2913 3461 3007 3516 sed
3039 3460 3204 3515 etiam
3254 3459 3444 3514 viden-

1871 3559 1954 3608 tes
1987 3567 2116 3608 oves
2164 3554 2479 3624 pastoribus
2517 3553 2813 3618 desolatas,
2866 3555 3022 3624 lupos
3075 3570 3172 3624 pro
3204 3554 3444 3624 pastori-

1869 3645 1974 3701 bus
2004 3660 2169 3714 super
2200 3661 2297 3700 eos
2327 3646 2610 3715 posuistis.
2668 3645 2932 3700 Decuerat
2972 3661 3102 3717 ergo
3141 3659 3202 3700 ut
3248 3646 3316 3700 ad
3357 3662 3444 3700 re-

1869 3738 2114 3808 gularem
2149 3738 2411 3793 veniretis
2461 3738 2934 3803 convocationem,
2994 3754 3104 3808 quo
3149 3739 3218 3794 de
3264 3739 3351 3793 his
3391 3746 3446 3792 et

1871 3829 1940 3884 de
1974 3829 2098 3884 aliis
2123 3830 2325 3885 vestris
2352 3830 2874 3899 praasumptionibus
2927 3831 3230 3887 redderetis
3275 3832 3445 3884 ratio-

1873 3936 2016 3975 nem.
2037 3920 2302 3987 Quoniam
2338 3931 2651 3977 occurreret
2685 3923 2910 3987 veritas,
2941 3924 2988 3978 si
3019 3923 3226 3980 falsitas
3253 3924 3446 3994 displi-

1870 4019 2036 4067 ceret.
2081 4011 2146 4066 Et
2189 4013 2376 4070 nullus
2415 4013 2631 4067 dubitat
2668 4015 2816 4083 quod
2845 4015 3208 4084 itajudicium
3237 4031 3444 4071 nocens

1873 4104 2222 4175 subterfugit,
2258 4107 2716 4176 quemadmodum
2764 4107 2858 4176 qui
2901 4115 2985 4162 est
3040 4108 3329 4172 innocens,
3382 4117 3444 4162 ut

1870 4197 2216 4263 absolvatur,
2276 4199 2526 4268 requirit.
2579 4199 2691 4256 Nec
2754 4201 3068 4270 suspicione
3121 4209 3306 4266 caret,
3348 4203 3442 4272 qui

1875 4289 2040 4342 alium
2076 4290 2362 4345 calumniis
2381 4291 2631 4362 objurgat
2657 4291 2792 4348 falsa
2821 4293 3044 4357 dixisse,
3069 4309 3192 4348 cum
3230 4295 3346 4365 ipse
3375 4293 3444 4349 ad

1867 4379 2158 4448 judicium,
2211 4391 2269 4434 ut
2320 4384 2513 4452 probet
2553 4399 2675 4454 quae
2728 4385 2932 4448 intulit,
2965 4393 3226 4442 evocatus
3259 4387 3447 4442 venire

1877 4469 2170 4527 distulerit.
2202 4471 2407 4528 Vellem
2443 4476 2587 4530 enim
2631 4491 2729 4531 vos
2773 4479 2948 4547 magis
2974 4477 3044 4532 ad
3083 4476 3193 4545 jam
3241 4477 3444 4532 dictam

1875 4559 2165 4615 convenire
2192 4562 2550 4624 vocationem,
2574 4570 2633 4616 ut
2663 4577 2847 4618 coram
2883 4563 3179 4626 universali
3209 4561 3444 4618 concilio

1873 4657 2174 4715 redderetis
2203 4661 2492 4726 rationem,
2525 4677 2623 4716 cur
2667 4663 2935 4733 synodum
2985 4661 3053 4716 ad
3092 4668 3293 4716 statum
3341 4657 3442 4713 Ec-

1872 4749 2164 4804 clesiarum
2196 4758 2249 4805 et
2295 4750 2524 4806 fratrum
2574 4754 2627 4806 in
2677 4752 2964 4808 Antiochia
2993 4750 3438 4813 subvertendum,

1874 4848 1928 4894 et
1981 4839 2184 4896 Nicmni
2241 4843 2423 4913 magni
2465 4844 2686 4898 concilii
2735 4844 3164 4899 destructionem
3212 4839 3440 4906 fecistis,

1873 4938 1968 4983 aut
2000 4945 2101 4984 cur
2149 4932 2309 4987 nobis
2339 4933 2666 4989 inconsultis
2719 4933 3011 5003 episcopos
3053 4931 3121 4986 ad
3151 4945 3272 4987 eam
3302 4945 3440 4986 con-

1872 5022 2132 5086 vocastis,
2161 5024 2228 5078 ad
2277 5039 2440 5094 quam
2475 5040 2578 5080 nec
2606 5023 2874 5080 Maximus
2917 5023 3441 5095 Hierosolymitanus

1872 5113 2049 5177 venit,
2105 5129 2210 5170 nec
2272 5124 2460 5170 nostra
2535 5113 2784 5169 interfuit
2849 5115 3066 5184 legatio.
3122 5113 3441 5170 Canonibus

1871 5203 2069 5274 quippe
2113 5205 2169 5259 in
2214 5204 2432 5260 Nicazna
2467 5205 2677 5277 synodo
2713 5205 3052 5276 jubentibus,
3086 5220 3194 5260 non
3242 5204 3443 5260 debere

1873 5305 2066 5366 praeter
2121 5299 2448 5354 sententiam
2497 5297 2726 5354 Romani
2781 5297 3078 5368 pontiﬁcis,
3123 5296 3235 5352 ullo
3276 5296 3440 5351 modo

1944 5612 2057 5683 (42)
2100 5612 2223 5669 Haec
2278 5614 2389 5672 fere
2437 5615 2504 5669 ad
2555 5615 2777 5670 verbum
2830 5615 2883 5667 in
2949 5629 3033 5683 cp.
3095 5607 3440 5666 Constantini

1876 5685 2019 5748 apud
2051 5683 2249 5739 Athan.
