3852 6206
387 283 526 347 uso
1547 294 1603 348 s.
1645 294 2104 353 ATIIANASIUS.
2147 329 2218 338 -—
2258 276 2546 355 srunm.‘
3499 295 3633 351 tuo

385 421 507 459 rum
538 406 784 474 scriptor,
816 404 1137 463 Lenticensis
1161 426 1192 461 a
1234 407 1504 479 Sigeberto
1523 421 1759 474 vocatus,
1787 414 1877 482 qui
1909 411 2079 466 Leone
2108 414 2396 481 imperante
2427 414 2567 469 diem
2601 413 2750 467 obiit.
2789 410 2965 478 Prior,
3020 414 3269 467 adversus
3301 410 3638 465 Moriendum

385 498 540 553 illunt
563 497 846 554 diaconum
876 500 1158 567 Arianum,
1183 503 1296 571 qui,
1328 512 1386 555 ut
1422 503 1498 555 ait
1535 502 1717 556 Victor
1760 504 2006 569 l'iteusis,
2043 505 2310 560 llunerico
2344 509 2452 577 regi
2491 506 2780 574 familiaris
2816 506 2938 575 fuit,
2971 506 3247 575 scripsisse
3279 506 3455 575 nequit
3472 519 3503 566 ;ι
3546 519 3639 558 nec

388 596 549 649 trium
581 595 846 650 adversus
868 593 1221 651 Varimatlum
1253 596 1509 649 librorum
1540 606 1729 650 auctor
1752 599 1886 660 erit;
1937 599 1986 651 si
2034 609 2208 653 tamen
2266 599 2404 652 idem
2451 601 2561 667 ipse
2592 602 2661 654 sit
2714 599 3051 661 Maribadus,
3083 600 3171 669 qui
3206 597 3547 661 Varintadus,
3581 608 3641 653 ut

386 704 508 742 vero
533 689 665 741 satis
705 686 879 741 simile
915 698 1017 742 est.
1053 687 1222 741 Alteri
1250 704 1398 758 ergo,
1431 688 1751 760 chronologo
1790 689 2014 755 scilicet,
2045 691 2377 759 probabilius
2410 692 2751 746 ascribuntur
2779 708 2798 745 :
2823 693 2909 746 cui
2948 690 3100 747 Clari
3134 692 3364 761 fortasse
3396 706 3580 744 nomen
3606 707 3641 743 a

384 780 633 850 quopiam
658 780 881 833 librario
904 780 1066 849 fuerit
1097 780 1384 849 adjectum.

460 872 726 928 therum
755 875 1035 941 opinamur
1059 885 1178 927 octo
1216 884 1421 927 tantum
1441 877 1644 944 priores
1676 876 1840 930 libros
1866 874 1935 929 ad
1968 874 2205 929 Idatium
2237 877 2532 944 pertinere;
2578 893 2702 931 nam
2747 878 3017 945 sequentia
3066 876 3341 945 opuscula,
3368 891 3473 944 quo
3513 875 3645 928 scri-

388 973 535 1035 ptore
562 964 851 1033 prodierint
882 966 1192 1034 ignoratur;
1222 967 1411 1019 etenim
1450 968 1537 1020 cui
1589 968 1694 1021 sint
1723 967 2036 1021 ascribenda
2064 968 2243 1021 nullus
2283 967 2470 1033 codex,
2501 969 2680 1022 nullus
2699 971 2930 1038 scriptor
2957 969 3048 1038 qui
3094 970 3147 1022 in
3178 982 3367 1021 manus
3394 967 3642 1019 inciderit

386 1068 625 1122 nostras,
649 1058 871 1113 indicat.
900 1059 1004 1114 Sed
1034 1060 1166 1113 liber
1192 1061 1601 1130 quipostremus
1634 1064 1687 1116 in
1712 1063 2090 1130 manuscriptis
2114 1073 2162 1116 et
2191 1063 2244 1116 in
2273 1064 2423 1132 prius
2446 1063 2603 1117 editis
2627 1063 2872 1131 habetur,
2892 1064 2988 1117 hoc
3029 1063 3185 1119 titulo
3207 1080 3226 1117 :
3264 1062 3341 1118 De
3374 1062 3646 1117 Trinilate

387 1154 445 1203 ct
472 1148 540 1202 de
569 1146 774 1217 Spiritu
798 1158 1012 1217 sancto,
1039 1162 1085 1205 et
1118 1152 1259 1206 hisce
1288 1153 1457 1207 verbis
1482 1155 1909 1211 inchoatur:llis
1938 1157 2029 1225 qui
2061 1154 2256 1209 Filium
2290 1155 2382 1209 Dei
2425 1164 2673 1211 creatum
2703 1172 2825 1212 csse
2848 1156 3191 1227 proﬁtentur,
3252 1157 3418 1210 nobis-
3440 1153 3648 1209 videtur

392 1240 675 1296 Athanasii
704 1258 817 1297 esse
842 1285 855 1298 .
893 1248 1127 1315 apprime
1154 1248 1293 1302 enim
1337 1251 1571 1303 convenit
1597 1268 1713 1304 cum
1740 1251 1864 1306 aliis
1899 1251 2212 1322 πολεμικῶς
2249 1255 2356 1306 sive
2379 1253 2575 1323 stylum
2596 1265 2792 1321 spectes
2824 1254 2932 1309 sive
2954 1262 3302 1325 argumenta:
3322 1269 3487 1325 quare
3509 1252 3649 1306 inter

389 1346 643 1403 germana
680 1334 963 1392 Athanasii
989 1352 1147 1406 opera
1176 1350 1316 1392 temo
1354 1341 1528 1409 primo
1568 1358 1725 1395 rusus
1750 1342 1876 1411 fuit,
1910 1342 2000 1397 ubi
2021 1342 2086 1395 de
2118 1342 2211 1396 illo
2241 1342 2436 1411 fusius.

1094 1670 1291 1794 DE
1376 1669 1992 1801 SANCTA
2068 1673 2940 1805 TRINITATE

1714 1930 2043 2019 LIBRI
2134 1932 2321 2019 XI.

907 2140 1069 2203 (Vide
1105 2142 1438 2216 Patrologite
1466 2144 1677 2200 Latina:
1701 2149 1835 2200 tom.
1859 2140 2028 2211 LXII,
2058 2143 2167 2199 col.
2200 2143 2464 2210 257-507,
2501 2145 2557 2199 in
2592 2143 2785 2216 Vigilio
2818 2144 3142 2217 Tapscnsi.)

912 2602 979 2658 IN
1019 2603 1590 2659 DISPUTATIONEM
1631 2604 1690 2659 S.
1730 2603 2105 2659 ATHANASII
2134 2602 2417 2660 CONTRA
2457 2603 2681 2660 ARIUM
2731 2604 3133 2661 ADMUNITIO.

475 2747 670 2819 Vigilio
703 2746 958 2816 Tapsensi
989 2748 1085 2801 hoc
1110 2764 1238 2817 opus
1273 2747 1485 2816 jamdiu
1526 2750 1809 2804 vindicavit
1855 2749 2108 2820 Georgius
2135 2746 2440 2804 Cassander
2469 2750 2525 2804 in
2556 2749 2685 2804 edit.
2726 2748 2911 2806 Colon.
2946 2767 3086 2806 anno
3115 2750 3274 2817 1555,
3302 2759 3353 2805 et
3384 2761 3505 2821 post
3536 2767 3659 2807 eum

398 2840 634 2894 eruditus
683 2839 762 2893 vir
813 2840 1123 2911 Chiﬂletius,
1166 2855 1231 2894 ex
1266 2849 1447 2909 aperto
1472 2842 1673 2895 scilicet
1718 2842 1890 2912 ipsius
1926 2840 2108 2912 Vigilii
2149 2842 2468 2905 testimonio,
2511 2843 2601 2914 qui
2650 2842 2705 2895 in
2743 2842 2878 2896 libro
2928 2859 2964 2899 ν
3006 2842 3272 2898 adversus
3324 2842 3652 2916 Eutychem,

398 2948 515 3000 cap.
544 2932 579 2986 2
605 2933 714 2987 Itwc
741 2932 938 2986 habet:
963 2932 1027 2987 Et
1053 2951 1393 3007 quanquam,
1421 2938 1615 3008 inquit,
1643 2938 1711 2994 de
1744 2938 2105 2993 conciliorum
2139 2937 2375 2992 diversis
2413 2937 2817 3000 sanctionibus,
2848 2946 2903 2991 et
2941 2937 3226 2991 nominum
3264 2937 3526 3008 religiose
3559 2936 3657 2991 ad-

400 3028 528 3082 ditis
562 3028 918 3094 novitatibus,
950 3028 1264 3098 plenissime
1309 3033 1365 3085 in
1412 3032 1495 3087 eis
1548 3032 1722 3098 libris,
1753 3047 1893 3101 quos
1920 3033 2186 3087 adversus
2226 3028 2549 3093 Sabellium,
2594 3028 2926 3092 Photinum,
2965 3040 3021 3083 et
3048 3029 3260 3093 Arium,
3288 3030 3395 3085 sub
3433 3030 3657 3083 nomine

400 3119 682 3174 Athanasii
721 3127 979 3188 tanquam
1010 3123 1057 3174 si
1081 3131 1375 3189 praesentes
1401 3138 1525 3177 cum
1556 3124 1922 3193 praesentibus
1955 3132 2201 3192 agerent,
2237 3120 2331 3176 ubi
2371 3120 2535 3175 etiam
2568 3119 2869 3189 cognitoris
2904 3135 3135 3189 persona
3165 3119 3385 3174 videtur
3408 3120 3656 3183 inducta;

400 3210 852 3278 censoripsimus,
882 3216 989 3264 etc.
1033 3210 1266 3281 Hujusce
1294 3231 1412 3270 vero
1445 3218 1615 3284 operis
1648 3215 1769 3271 dua:
1798 3225 1921 3270 sunt
1952 3233 2045 3270 nec
2080 3214 2344 3268 modicum
2384 3215 2521 3267 inter
2552 3229 2607 3266 se
2652 3213 3008 3281 discrepantes
3032 3212 3239 3281 fortnw.
3270 3213 3433 3267 Prior
3461 3230 3583 3283 qua:
3606 3213 3663 3266 in

402 3305 548 3373 prius
600 3304 754 3360 editis
785 3306 1068 3359 Athanasii
1097 3315 1382 3374 comparet,
1419 3308 1818 3362 altercationem
1870 3307 2032 3378 refert
2076 3307 2431 3361 Athanasium
2468 3306 2605 3359 inter
2642 3314 2691 3359 et
2731 3305 2916 3358 Arium
2946 3307 3117 3360 solum
3142 3321 3161 3358 :
3188 3305 3455 3373 posterior
3485 3306 3662 3373 priore

403 3401 553 3471 longe
586 3403 793 3455 auctior
822 3419 855 3455 a
881 3400 1136 3472 Chiﬁletio
1163 3402 1304 3456 edita
1334 3403 1684 3472 disputationi
1731 3405 1996 3457 interserit
2031 3400 2324 3457 Sabellium
2362 3408 2410 3453 et
2450 3398 2769 3461 Photinum;
2805 3406 2856 3450 et
2886 3397 2941 3450 in
2974 3397 3079 3465 fine
3104 3395 3297 3464 adjicit
3334 3396 3661 3449 sententiam

403 3494 600 3558 iudicis
629 3494 814 3549 Probi.
848 3495 1045 3549 Ambas
1097 3496 1222 3550 illas
1267 3498 1496 3568 integras
1523 3497 1738 3552 reddere
1778 3498 1947 3552 visum
1989 3496 2112 3565 fuit.
2166 3494 2329 3549 Putat
2368 3494 2684 3565 Chi/ﬂetius,
2721 3494 2950 3562 priorent
2981 3512 3013 3549 a
3057 3494 3277 3563 Vigilio,
3307 3501 3422 3544 tum
3461 3492 3661 3544 editam

404 3589 570 3657 fuisse
593 3606 710 3643 cum
744 3591 915 3645 adhuc
960 3591 1324 3647 Vandalorum
1338 3594 1469 3663 jugo
1497 3604 1840 3662 premeretur,
1878 3594 2110 3665 adeoque
2142 3593 2256 3663 ejus
2290 3601 2480 3646 auctor
2520 3591 2734 3659 agnosci
2772 3588 2967 3652 nollet;
3004 3583 3343 3655 posteriorem
3370 3598 3514 3644 vero.
3547 3597 3671 3634 cum

405 3691 559 3737 extra
591 3700 773 3738 eorum
806 3694 1117 3754 potestatem
1141 3692 1276 3737 esset
1301 3699 1319 3736 :
1342 3685 1527 3753 quippe
1556 3686 1610 3737 in
1642 3701 1745 3753 qua
1769 3700 1824 3738 se
1851 3693 1903 3738 et
1950 3682 2235 3737 Athanasii
2284 3697 2563 3750 personant
2606 3681 2911 3734 ementitum
2953 3694 3083 3740 esse,
3113 3685 3164 3729 et
3213 3672 3562 3726 Maribadum
3605 3687 3665 3725 ac

412 3759 715 3834 Palladium
748 3782 975 3836 Arianos
1003 3782 1215 3863 scriptis
1247 3780 1399 3834 libris
1429 3780 1731 3848 confutasse
1769 3782 1948 3849 palam
1983 3780 2282 3849 proﬁtetur.
2325 3777 2427 3832 Sed
2456 3780 2636 3848 palam
2668 3786 2746 3831 est
2780 3776 2889 3829 lucc
2919 3770 3263 3842 conjectando
3293 3776 3507 3824 tantum
3538 3768 3663 3821 dici.

412 3871 524 3928 Nec
552 3892 668 3946 quae
694 3892 857 3931 causa
875 3879 944 3930 sit
967 3886 1130 3931 tanta:
1152 3880 1286 3931 inter
1315 3888 1592 3947 utramque
1619 3876 1848 3947 formam
1877 3877 2175 3940 varietatis,
2204 3876 2339 3929 satis
2370 3883 2693 3943 compertum
2715 3872 2955 3926 habetur.

958 4203 1689 4299 DISPUTATIO
1760 4207 2410 4299 ATHANASII
2486 4207 2724 4298 CUM
2819 4202 3109 4296 ARIO

1632 4416 1873 4475 CORAM
1905 4418 2135 4477 PBOBO
2170 4419 2431 4476 JUDICE.

998 4577 1157 4649 (Vide
1187 4576 1514 4650 Patrologite
1548 4578 1752 4635 Latine
1785 4589 1917 4635 tom.
1945 4579 2109 4645 LXII,
2142 4582 2253 4637 col.
2292 4581 2418 4648 155,
2448 4579 2745 4653 in_Vigilio
2773 4578 3106 4651 Tapsensi.»

1221 4826 1975 4920 ALTERCATIO
2046 4828 2145 4918 S.
2222 4828 2869 4920 ATHANASII

1115 5017 1346 5083 Contra
1374 5018 1626 5092 Arium,
1659 5017 2009 5095 smmum
2049 5018 2153 5080 vel
2193 5018 2539 5088 Phoﬁnum
2587 5018 2947 5084 haereticos.

1701 5179 1862 5261 (Vide
1879 5171 2054 5254 Tm,
2089 5187 2195 5243 col.
2230 5176 2379 5259 179.,
