3852 6206
235 200 363 257 HM

1124 191 1398 248 PONTIF.
1441 190 1608 247 ROM.
1650 189 1738 243 ET
1774 189 2147 246 ATHANASII
2190 188 2573 245 EPISTOLE.

3343 187 3488 245 1449.

1199 467 1267 520 IN
1309 465 1721 533 SEQUENTES
1762 464 2142 520 EPISTOLAS
2180 464 2521 521 MONITUM.

303 592 646 666 532-597
673 589 755 645 En
783 588 899 654 tibi,
923 586 1110 642 Lector
1156 585 1381 647 erudite,
1403 586 1643 639 sistimus
1695 584 1949 652 epistolas
1986 584 2256 638 variorum
2302 583 2613 653 pontificum
2648 580 2719 635 ad
2756 579 3133 646 Athanasium,
3171 591 3222 637 et
3256 586 3485 641 vicissim

237 691 516 746 Athanasii
541 689 608 743 ad
639 687 931 756 pontiﬁces,
969 686 1034 740 ab
1065 687 1245 741 otiosis
1278 683 1577 740 hominibus
1606 684 1950 751 conscriptas.
1996 682 2129 736 Duae
2170 684 2372 751 priores
2427 681 2606 736 erce
2635 680 2851 751 jamdiu
2880 689 3092 734 exstant
3124 682 3178 735 in
3219 683 3485 738 codicibus

236 781 638 843 Athanasianis,
680 779 844 849 iisque
863 777 1208 847 perantiquis.
1249 784 1472 844 suntque
1503 774 1731 839 imperiti
1764 773 1993 827 Graeculi
2027 788 2154 840 opus
2188 788 2207 826 :
2238 789 2360 826 nam
2390 789 2507 841 qua:
2550 772 2615 827 tle
2641 774 2904 830 Trinitate
2932 777 3057 832 istic
3100 781 3485 848 prwdicantur,

234 876 511 929 ὰσύστατα
541 875 842 943 plerumque
872 883 1015 933 sunt,
1041 884 1090 927 et
1115 872 1180 926 ab
1211 872 1424 925 usitatis
1452 870 1747 923 Athanasio
1787 867 2032 938 loquendi
2066 867 2311 937 formulis
2341 883 2558 936 prorsus
2600 870 2797 925 aliena.
2837 870 3001 926 Prior
3033 874 3259 941 epistola
3287 873 3489 931 Liberii

235 966 305 1019 ad
336 965 705 1031 Athanasium,
731 962 919 1016 mutila
947 961 1151 1017 videtur
1182 961 1355 1024 initio,
1391 969 1450 1013 ut
1478 958 1681 1013 indicat
1708 959 1871 1013 codex
1914 957 2292 1028 Seguerianns.
2337 959 2426 1025 qui
2457 959 2610 1013 habet
2635 959 2704 1015 ad
2744 964 3067 1033 marginem,
3104 964 3257 1036 ζήτει
3290 968 3487 1039 ἀρχήν,

235 1073 418 1129 quaere
465 1056 702 1111 initium.
755 1052 996 1109 Secunda
1032 1068 1149 1123 qua:
1188 1062 1267 1106 est
1300 1051 1583 1105 Athanasii
1612 1050 1679 1103 ad
1710 1051 2001 1116 Liberium,
2059 1053 2263 1106 nullam
2304 1051 2519 1119 prwfert
2566 1053 2804 1122 epistola:
2856 1056 3106 1125 formam,
3141 1060 3233 1113 sed
3274 1068 3354 1114 est
3394 1076 3489 1114 ceu

233 1154 410 1221 inepta
436 1148 700 1221 quwdam,
731 1158 780 1202 et
813 1145 1095 1201 admodum
1130 1146 1404 1215 implicata
1438 1145 1563 1215 ﬁdei
1584 1148 1862 1215 expositio.
1896 1146 2095 1217 Estque
2134 1156 2414 1216 utrumque
2458 1147 2789 1215 opusculum,
2818 1159 2873 1200 ut
2905 1164 2970 1203 ea:
2998 1150 3166 1204 verbis
3194 1153 3491 1222 conjectare

237 1247 379 1307 licet,
403 1244 467 1297 ab
512 1242 693 1298 eodem
728 1242 980 1309 scriptore
1007 1251 1309 1296 exaratum.
1371 1240 1540 1296 Nemo
1587 1253 1784 1309 autem,
1825 1252 1884 1296 ut
1917 1244 2120 1311 opinor,
2150 1242 2227 1296 vel
2258 1243 2524 1295 tantillum
2560 1244 2780 1311 peritus,
2813 1243 2922 1297 haec
2973 1254 3067 1297 aut
3108 1244 3343 1310 Liberio,
3396 1258 3491 1303 aut

233 1334 528 1412 Athanasio
552 1330 958 1401 adjudicaturus
992 1343 1089 1386 est.
1128 1332 1266 1387 Nam
1299 1342 1491 1401 prazter
1513 1333 1637 1404 styli
1666 1334 2077 1403 discrepantiam
2111 1334 2266 1402 plane
2285 1334 2644 1401 conspicuam,
2671 1350 2774 1386 non
2802 1334 2929 1388 leris
2958 1344 3036 1389 est
3057 1336 3191 1389 itlud
3215 1340 3488 1405 momenti,

234 1432 371 1503 quod
396 1432 450 1485 in
475 1440 623 1484 tanta
647 1446 821 1483 rerum
849 1428 1330 1483 ecclesiasticarum
1352 1426 1771 1494 perturbatione,
1804 1436 2007 1495 quanta
2049 1427 2259 1478 ineunte
2288 1423 2497 1479 Liberio
2529 1425 2919 1494 pontiﬁcatum,
2957 1428 3011 1480 in
3042 1437 3148 1481 toto
3183 1429 3491 1485 Christiano

235 1527 357 1579 orbe
385 1524 726 1587 versabatur;
767 1538 858 1576 nec
909 1522 973 1575 de
1021 1531 1311 1588 temporum
1355 1520 1676 1582 conditione,
1710 1536 1803 1574 nec
1856 1520 1921 1574 de
1966 1522 2336 1574 controversiis
2373 1519 2678 1574 Catholicos
2717 1521 2854 1573 inter
2900 1525 2950 1571 et
2980 1518 3239 1584 Arianos,
3301 1524 3490 1590 quibus

238 1616 425 1673 Oriens
449 1616 649 1685 pariter
669 1624 718 1668 et
747 1614 999 1669 Occidens
1039 1629 1098 1667 eo
1139 1624 1365 1680 tempore
1419 1611 1843 1682 conflagrabant,
1879 1612 2050 1666 ullam
2095 1613 2298 1681 faciant
2342 1614 2677 1666 mentionem.
2710 1609 2778 1664 In
2816 1612 2898 1665 his
2927 1614 3088 1666 etiam
3121 1611 3232 1668 [nec
3256 1615 3492 1682 formula

236 1729 335 1766 usu
361 1713 496 1766 venit
528 1727 547 1764 :
572 1709 811 1771 Patrem,
842 1706 1044 1761 Filium
1077 1717 1127 1761 et
1159 1704 1419 1775 Spiritum
1445 1715 1711 1771 sanctum,
1765 1722 1930 1760 unum
1979 1722 2091 1760 esse
2119 1705 2439 1770 ὑποστάσει,
2467 1721 2583 1775 qua:
2620 1704 2740 1759 licet
2766 1703 3053 1757 Athanasii
3094 1716 3321 1774 tempore
3358 1725 3492 1763 non-

234 1811 360 1864 dum
389 1808 683 1877 proscripta
703 1812 857 1866 esset,
894 1820 927 1856 a
965 1812 1147 1856 sancto
1190 1812 1367 1855 tamen
1409 1801 1622 1855 doctore
1653 1818 1923 1872 nunquam
1968 1810 2281 1871 usurpatur.
2317 1799 2452 1853 Eam
2503 1799 2850 1854 nihilominus
2892 1802 2948 1854 in
2980 1800 3223 1870 confesso
3256 1819 3390 1869 esse,
3428 1820 3492 1857 ac

233 1913 373 1963 inter
393 1922 525 1961 verte
551 1904 676 1975 fidei
698 1901 971 1957 clausulas
998 1902 1171 1955 locum
1202 1901 1414 1969 habere,
1444 1910 1677 1958 statuere
1701 1902 1908 1957 videtur
1934 1904 2026 1974 qui
2050 1903 2299 1958 ementita
2328 1900 2524 1956 Liberii
2555 1912 2605 1957 et
2637 1902 2921 1958 Athanasii
2951 1903 3160 1957 nomine
3192 1900 3289 1954 has
3324 1898 3492 1955 edidit

231 2001 506 2075 epistolas.

304 2098 549 2166 Reliquas
571 2101 745 2147 autem
780 2090 1186 2163 epistolas,quaa
1201 2087 1391 2145 Latine
1408 2099 1590 2159 postea
1606 2089 2290 2160 subsequuntur,h(esimus
2324 2088 2614 2160 aliquando
2657 2087 2827 2151 dubii,
2866 2103 2935 2140 an
2970 2085 3262 2150 ederemus,
3292 2097 3492 2138 necne:

230 2189 358 2262 quia
388 2187 659 2250 nimirum,
708 2186 935 2255 exceptis
958 2187 1223 2256 prioribus
1249 2187 1477 2253 duabus,
1513 2187 1638 2241 alia:
1668 2202 1846 2240 omnes
1886 2202 1918 2240 a
1948 2184 2380 2240 Commelinianis
2410 2195 2459 2239 et
2478 2182 2892 2249 Parisiensibus,
2921 2180 3059 2251 quod
3092 2180 3288 2234 nullius
3311 2179 3490 2248 pretii,

234 2302 298 2339 ac
318 2300 381 2339 ne
407 2280 760 2338 memoranda:
791 2281 1002 2353 quidem
1038 2283 1338 2349 videantur,
1366 2282 1866 2353 pra'termittuntur.
1899 2279 1970 2333 Et
1995 2296 2122 2334 sane
2149 2279 2455 2333 commentis
2480 2287 2603 2330 sunt
2629 2285 2677 2330 et
2703 2273 2987 2329 mendaciis
3021 2287 3292 2339 respersa',
3332 2285 3497 2338 exque

231 2383 396 2437 variis
417 2381 545 2435 locis
591 2381 992 2441 consarcinatae,
1026 2385 1083 2429 ut
1117 2392 1180 2430 ne
1229 2374 1472 2428 umbram
1506 2371 1718 2444 quidem
1740 2370 2095 2441 γνησιότητος
2142 2369 2396 2440 referant.
2455 2367 2646 2421 Verum
2693 2380 2756 2419 ne
2788 2362 2913 2434 quid
2952 2363 3007 2414 in
3051 2369 3233 2413 nostra
3266 2356 3497 2412 editione

236 2474 401 2531 lector
424 2472 501 2528 vel
534 2487 600 2526 ea:
627 2471 823 2541 spuriis
857 2467 1201 2530 desideraret,
1235 2466 1404 2520 visum
1432 2473 1511 2519 est
1538 2480 1628 2517 eas
1661 2462 1831 2516 denuo
1857 2459 2148 2529 publicare.

317 2567 386 2623 Ut
423 2577 598 2624 autem
631 2568 801 2637 primo
829 2572 1103 2634 conspectu
1130 2561 1362 2616 advertet
1396 2559 1637 2614 eruditus
1662 2557 1863 2621 lector,
1888 2571 1995 2609 non
2017 2564 2139 2609 sunt
2167 2555 2353 2609 isthmc
2391 2553 2495 2607 nisi
2527 2551 2759 2617 laciniaz,
2794 2563 2859 2602 ea:
2896 2544 3136 2601 Historia
3172 2542 3493 2614 Tripartita,

228 2680 302 2721 ea:
325 2663 506 2718 multis
533 2660 875 2733 synodalibus
898 2658 1160 2729 epistolis,
1182 2664 1230 2711 et
1262 2655 1486 2708 decretis
1525 2651 1894 2713 conciliorum,
1934 2649 2056 2703 hinc
2102 2650 2224 2704 inde
2250 2657 2528 2717 excerpta},
2557 2660 2610 2702 et
2644 2663 2677 2699 a
2712 2644 2936 2714 falsario
2961 2641 3191 2713 quodam
3219 2640 3490 2694 consarci-

237 2763 400 2816 natae,
422 2752 513 2823 qui
542 2762 601 2805 ut
622 2752 803 2821 fucum
828 2748 1115 2821 legentibus
1142 2747 1361 2817 faceret,
1394 2743 1609 2798 nomina
1646 2755 1877 2811 persaepe
1898 2740 2114 2807 propria
2145 2739 2466 2803 immutavit,
2519 2752 2686 2791 annos
2728 2733 2993 2787 arbitratu
3020 2747 3137 2796 suo,
3172 2738 3222 2784 et
3255 2730 3496 2785 consules

237 2845 505 2915 ascripsit.
536 2842 619 2898 Ad
648 2843 939 2915 marginem
958 2857 1053 2895 nos
1081 2837 1349 2894 undenam
1378 2836 1591 2891 laciniae
1613 2830 1877 2902 eiusmodi
1901 2829 2181 2899 prodeant,
2212 2847 2307 2901 pro
2335 2828 2592 2900 facultate
2619 2825 3057 2898 signiﬁcavimus.

688 2982 1062 3078 ATHANASH
1101 3017 1189 3072 ET
1229 3013 1674 3084 QUORUMDAM
1719 3007 2164 3071 ROMANORUM
2202 3006 2622 3064 PONTIFICUM
2659 3002 3045 3061 EPISTOLJE.

234 3122 530 3191 Λιϐεριου,
574 3118 912 3191 ἐπισκόπου
955 3114 1193 3191 Ῥώμης,
1218 3112 1514 3191 emergi;
1542 3113 1826 3191 acpbe-“ron
1853 3168 1855 3175 γ

1935 3109 2145 3171 Liberii,
2167 3105 2396 3191 episcopi
2430 3102 2724 3191 liamwkep

306 3183 494 3248 αὗτὸν
517 3183 524 3186 ⁷
547 3187 912 3252 Ἀθανάσιον,
948 3186 1038 3241 ὅτι
1054 3183 1302 3239 ’τέλειον
1341 3185 1656 3254 ἄνθρωπον
1683 3183 1825 3238 ἕλα-

307 3266 411 3318 6εν
444 3265 477 3317 ό
510 3260 655 3326 Θεὸς
685 3262 898 3328 Λόγος.

314 3377 502 3429 Ἔστιν
531 3368 622 3428 οῦν
658 3375 790 3443 ἡμῖν
821 3373 854 3442 ἡ
880 3367 1159 3441 ὁμολογία,
1195 3367 1489 3439 ἐπιπόθητέ
1525 3383 1615 3437 μοι
1665 3365 1826 3419 Ἀθα-

236 3467 410 3531 νάσιε,
446 3466 615 3534 Λόγος
633 3463 787 3528 Θεοῦ,
814 3462 943 3525 Υίὸς
975 3459 1120 3514 κατὰ
1140 3458 1321 3527 φύσιν,
1355 3458 1419 3511 ὲκ
1450 3457 1543 3510 τοῦ
1570 3457 1705 3510 Θεοῦ
1728 3455 1825 3510 καὶ

236 3560 453 3631 Πατρὸς
481 3556 782 3629 γεννηθεὶς,
817 3555 876 3609 οὐ
912 3551 1171 3615 κτισθεὶς,
1206 3550 1322 3604 ἀλλ’
1351 3550 1438 3604 ἀεὶ
1463 3549 1537 3602 ὣν
1561 3549 1825 3621 συνάναρ-

236 3671 332 3725 χος
362 3651 440 3722 τῷ
473 3650 591 3722 Θεῷ
614 3648 706 3702 καὶ
736 3648 931 3718 Πατρὶ,
964 3646 1058 3699 καὶ
1090 3642 1525 3705 ἀκαταπαύστως
1563 3641 1625 3693 τὸ
1666 3640 1826 3711 βασίο

236 3745 381 3798 λειον
410 3742 547 3813 ἔχων
573 3742 653 3804 είς
681 3740 807 3802 τοὺς
834 3737 1221 3808 ἁτελευτήτους
1248 3735 1470 3799 αἰῶνας.
1489 3733 1682 3804 Ἀμήν.
1712 3732 1827 3786 Καὶ

238 3835 303 3891 τὸ
331 3833 556 3904 Πνεῦμα
583 3832 641 3886 δὲ
666 3831 727 3884 τὸ
744 3831 898 3898 ἆγιον
928 3828 1144 3899 ἀληθῶς
1169 3829 1234 3880 ὲκ
1266 3825 1360 3879 τοῦ
1388 3823 1522 3878 Θεοῦ
1553 3823 1696 3879 κατὰ
1721 3823 1825 3893 φύ-

239 3947 325 3983 σιν
346 3930 413 3999 τῇ
443 3927 601 3995 φύσει
624 3923 732 3996 (28)
765 3922 919 3985 Θεὸν,
946 3920 1240 3992 ἀμέριστον
1277 3921 1342 3972 ὲκ
1374 3915 1507 3971 Θεοῦ
1544 3915 1686 3970 κατὰ
1727 3914 1828 3980 τὰς

237 4020 400 4090 ἁγίας
444 4015 669 4089 Γραφάς
691 4031 705 4044 ⁸
764 4011 859 4066 τοῦ
915 4007 1053 4064 εἶναι
1096 4008 1313 4080 ἀληθῶς
1335 4007 1428 4060 τὸν
1459 4007 1698 4077 Πατέρα,
1732 4006 1827 4058 καὶ

235 4111 333 4168 τοῦ
361 4109 503 4165 εἶναι
546 4106 763 4179 ἀληθῶς
794 4104 883 4157 τὸν
916 4103 1065 4165 Υἱὸν,
1102 4101 1197 4154 καὶ
1234 4100 1329 4154 τοῦ
1361 4095 1498 4152 εἶναι
1524 4097 1739 4169 ἀληθῶς
1766 4096 1827 4149 τὸ

238 4209 394 4277 ἅγιον
423 4203 669 4274 Πνεῦμα,
727 4200 957 4253 ἕκαστον
1008 4196 1181 4266 ὄνομα
1233 4194 1308 4266 μὴ
1358 4191 1825 4265 μεταϐαλλόμενον

239 4302 332 4356 ἐπὶ
358 4296 657 4367 ἁναθὲματι
684 4295 748 4346 ὲκ
777 4293 875 4362 τῆς
906 4290 1113 4351 οίκείας
1142 4285 1509 4357 ἐπονομασίας
1529 4302 1542 4315 ³
1566 4282 1660 4337 τοῦ
1686 4277 1826 4335 εἶναι

237 4393 335 4465 τὴν
361 4389 564 4462 Τριάδα
600 4384 815 4456 ἀληθῶς
852 4382 1060 4453 Τριάδα
1114 4381 1172 4433 ὲν
1225 4379 1323 4448 μιᾷ
1372 4376 1606 4445 Οεότητι,
1641 4374 1735 4428 καὶ
1768 4374 1826 4425 ὲν

242 4485 343 4556 μιᾷ
358 4481 604 4551 δυνάμει,

239 4554 327 4628 δὺν
368 4570 476 4642 γὰρ
522 4566 801 4640 μερίζεται
827 4564 856 4616 ό
884 4560 1013 4624 Υἱὸς
1048 4562 1114 4612 ὲκ
1149 4559 1250 4628 τῆς
1288 4557 1563 4628 πατρικῆς
1584 4554 1823 4608 ὑποστά-

241 4680 400 4726 σεως,
436 4661 553 4714 οὐδὲ
612 4658 674 4712 τὸ
722 4654 948 4724 Πνεῦμα
980 4651 1039 4705 τὸ
1063 4651 1239 4719 ἆγιον,
1266 4650 1365 4720 τῆς
1391 4647 1705 4718 πληρούσης
1733 4644 1823 4698 τὸν

238 4749 462 4822 οὐρανὸν
480 4749 572 4802 καὶ
595 4746 693 4817 τὴν
722 4744 848 4814 γῆν.
889 4744 1077 4795 Ἔστιν
1101 4734 1214 4800 οῦν,
1248 4736 1433 4794 καθὼς
1464 4737 1748 4806 προεῖπον,
1787 4733 1822 4802 ἡ

240 4843 412 4915 Τριὰς
441 4843 497 4894 ἐν
527 4841 626 4911 μιᾷ
650 4835 945 4891 ὑποστάσει
979 4832 1053 4904 μὴ
1092 4828 1441 4902 μεριζομένη,
1462 4827 1558 4880 κα)⁸
1577 4827 1643 4895 τῇ
1668 4822 1825 4895 οὐσίᾳ

242 4914 321 4998 ἓν,
353 4935 448 4989 καὶ
468 4935 532 5005 τῇ
557 4931 768 5002 Θεότητι
791 4929 871 4989 ἓν,
901 4925 996 4980 καὶ
1030 4926 1096 4995 τῇ
1129 4920 1354 4991 δυνάμει
1388 4917 1468 4982 ἓν,
1499 4917 1595 4971 καὶ
1622 4918 1688 4986 τῇ
1729 4914 1825 4985 βα-

244 5027 418 5098 σιλείᾳ
443 5025 524 5088 ἓν,
557 5024 651 5078 καὶ
678 5025 744 5093 τῇ
771 5017 1049 5088 δοξολογίᾳ
1078 5015 1157 5080 ἓν,
1198 5013 1291 5067 καὶ
1323 5014 1388 5083 τῇ
1427 5009 1595 5063 είκόνι
1627 5008 1706 5069 ἓν,
1732 5006 1826 5061 καὶ

240 5120 320 5190 τῷ
344 5097 620 5187 Πνεῦματι
643 5114 701 5167 ἓν
723 5130 735 5142 ·
773 5108 997 5180 Πνεῦμα
1024 5107 1133 5179 γὰρ
1164 5106 1225 5158 οὐ
1264 5102 1566 5175 μερίζεται.
1609 5097 1829 5152 Ἀνᾶθε-

247 5189 324 5283 μα
344 5206 437 5263 οὖν
465 5208 607 5275 λέγω
634 5202 921 5257 Σαϐελλίου
947 5200 1008 5253 τὸ
1027 5199 1205 5267 δόγμα
1232 5195 1329 5249 καὶ
1351 5193 1589 5264 Ἀρείου.
1612 5191 1707 5243 καὶ
1727 5189 1827 5252 τὰς

241 5296 803 5373 προαπηγορευμένας
827 5291 1089 5365 αἱρέσεις,
1105 5290 1183 5351 είς
1209 5286 1434 5340 αἰωνίαν
1463 5283 1707 5341 κόλασιν,
1727 5296 1828 5333 κα-

239 5369 313 5447 τὰ
337 5389 436 5461 τὴν
455 5369 555 5441 τοῦ
587 5386 838 5456 Σωτῆρος
868 5380 1072 5450 φωνήν.
1102 5376 1284 5447 Ταύτῃ
1320 5369 1412 5427 οὖν
1439 5374 1505 5443 τῇ
1543 5369 1824 5442 ὁμολογία,

242 5482 441 5551 ἀδελφὲ
472 5478 779 5541 Ἀθανάσιε,
810 5477 878 5545 τῇ
907 5472 1042 5543 οὔσῃ
1081 5468 1218 5541 μόνῃ
1262 5466 1356 5520 καὶ
1397 5461 1613 5536 ἀληθῶς
1644 5462 1826 5515 πίστει

323 5638 433 5708 (23)
493 5634 570 5690 Ita
618 5631 1003 5704 St’guerianus.
1050 5624 1107 5680 In
1149 5624 1342 5686 editis,
1383 5638 1449 5691 τῃ
1488 5617 1643 5688 φύσει
1689 5616 1862 5671 deest.

2728 3102 2888 3157 istola
2914 3100 2983 3154 ad
3014 3096 3362 3153 Athanasium
3386 3099 3497 3168 epi-

2000 3169 2217 3248 scopum
2234 3169 2594 3230 Aleacandriaa.
2613 3169 2767 3238 Quod
2786 3172 2926 3227 Deus
2942 3169 3185 3234 Verbum,
3209 3169 3498 3238 perfectum

1996 3249 2259 3302 hominem
2301 3248 2665 3313 assumpserit.

1998 3355 2125 3411 Haec
2144 3356 2312 3426 igitur
2327 3361 2412 3408 est
2434 3359 2622 3409 nostra
2640 3348 2936 3415 confessio,
2959 3349 3301 3420 Optatissime
3326 3348 3498 3403 Atha-

1926 3447 2073 3511 nasi,
2135 3446 2373 3501 Verbum
2417 3443 2511 3500 Dei
2558 3442 2732 3498 Filius
2775 3443 3078 3499 secundum
3130 3449 3407 3505 naturam,
3432 3455 3501 3495 ex

1925 3541 2041 3597 Deo
2069 3548 2124 3595 et.
2140 3539 2301 3595 Patre
2332 3542 2570 3610 genitus,
2601 3552 2711 3591 non
2734 3545 2983 3601 creatus;
3013 3533 3108 3590 sed
3142 3548 3357 3603 semper
3381 3534 3503 3588 sine

1926 3635 2085 3689 initio
2111 3648 2220 3687 una
2242 3646 2366 3685 cum
2402 3629 2512 3685 Deo
2543 3636 2599 3684 ct
2640 3628 2821 3692 Patre,
2856 3635 2910 3682 et
2933 3626 3051 3681 sine
3083 3625 3188 3680 ﬁne
3212 3624 3500 3694 imperium

1928 3725 2137 3779 habens
2166 3738 2264 3793 per
2283 3719 2496 3774 inﬁnita
2525 3718 2746 3774 saecula.
2780 3716 2975 3771 Amen.
3007 3716 3137 3770 Item
3179 3710 3501 3784 (credimus)

1929 3813 2195 3886 Spiritum
2226 3820 2476 3869 sanctum
2510 3824 2638 3865 vere
2667 3825 2732 3864 ex
2766 3807 2877 3863 Deo
2912 3804 3219 3863 secundum
3246 3812 3504 3859 naturam

1927 3916 1981 3960 et
2002 3912 2199 3960 natura
2224 3903 2418 3967 Deum,
2454 3901 2751 3956 indivisum
2789 3914 2820 3953 a
2846 3898 2956 3952 Deo
2980 3896 3280 3953 secundum
3316 3909 3505 3950 sacras

1930 3995 2290 4066 Scripturas;
2325 3994 2401 4047 ita
2441 4001 2502 4046 ut
2530 3992 2602 4047 sit
2654 4004 2780 4046 vere
2827 3989 3009 4055 Pater,
3038 4003 3169 4044 vere
3214 3986 3412 4049 Filius,
3449 3992 3506 4040 et

1926 4103 2056 4144 vere
2098 4086 2336 4158 Spiritus
2377 4091 2625 4148 sanctus,
2652 4081 2989 4149 vetitumque
3016 4085 3101 4133 est
3145 4076 3251 4133 sub
3280 4075 3507 4130 anathe-

1928 4180 2091 4235 matis
2121 4191 2285 4233 ao‘na
2332 4175 2612 4246 quodlibet
2663 4187 2865 4225 nomen
2900 4186 2931 4224 a
2956 4169 3176 4240 propria
3222 4162 3521 4237 signiﬁca-4

1931 4268 2077 4322 tione
2104 4266 2443 4331 transferre;
2487 4263 2561 4316 ita
2607 4267 2668 4315 ut
2709 4259 2953 4313 Trinitas
2987 4259 3059 4312 sit
3091 4272 3217 4313 vere
3260 4246 3507 4310 Trinitas

1931 4361 1986 4415 in
2012 4376 2122 4414 una
2179 4358 2398 4423 deitate,
2430 4356 2485 4410 in
2512 4369 2619 4408 una
2652 4342 2942 4423 patestate,
2984 4350 3039 4403 in
3087 4364 3196 4403 una
3238 4347 3503 4412 essentia,

631 4476 725 4530 καὶ
758 4477 814 4528 ὲν
840 4474 939 4544 μιᾷ
961 4471 1141 4542 οὐσίᾳ,
1175 4470 1268 4522 καὶ
1289 4470 1346 4521 ὲν
1377 4468 1475 4538 μιᾷ
1505 4465 1822 4519 ὑποστάσει.

1935 4459 1981 4506 et
2012 4452 2068 4505 in
2096 4465 2202 4504 una
2232 4446 2559 4504 substantia.
2614 4442 2972 4514 Nequaquam
3029 4441 3176 4496 enim
3241 4439 3507 4494 dividitur

1931 4543 2123 4606 Filius,
2166 4556 2345 4611 neque
2384 4539 2621 4609 Spiritus
2662 4542 2887 4591 sanctus
2915 4549 2946 4588 a
2978 4543 3205 4604 paterna
3248 4533 3508 4588 substan-

1931 4636 2027 4698 tia,
2077 4648 2197 4703 quae
2227 4632 2415 4701 implet
2459 4629 2659 4684 caalum
2690 4635 2746 4684 et
2782 4636 3009 4683 terram.
3052 4623 3151 4680 Est
3201 4624 3386 4695 igitur,
3426 4622 3506 4676 uti

1931 4739 2102 4796 supra
2136 4724 2271 4785 dixi,
2308 4721 2551 4776 Trinitas
2576 4721 2631 4775 in
2662 4735 2772 4775 una
2803 4717 3354 4784 substantia:estque
3378 4715 3509 4769 sub-

1932 4815 2133 4870 stantia
2169 4829 2360 4878 unum,
2383 4813 2585 4869 deitate
2614 4815 3092 4880 unum.potestate
3121 4821 3312 4869 unum,
3339 4820 3510 4875 regno

1934 4922 2127 4974 unum,
2160 4906 2557 4977 gloriticatione
2588 4920 2779 4967 unum,
2810 4902 3047 4973 imagine
3076 4913 3269 4963 unum,
3300 4895 3506 4966 Spiritu

1933 5012 2102 5053 unum
2138 5016 2152 5050 :
2181 4996 2422 5068 Spiritus
2447 5012 2684 5066 namque
2716 5010 2822 5049 non
2874 4991 3156 5048 dividitur.
3204 4988 3509 5043 Anathema

1930 5093 2098 5163 igitur
2127 5089 2423 5158 pronuntio
2448 5089 2505 5142 in
2533 5087 2758 5142 Sabellii
2796 5094 2850 5141 et
2889 5084 3003 5137 Arii
3034 5082 3253 5148 dogma,
3296 5094 3510 5134 necnon

1932 5186 1988 5239 in
2014 5197 2170 5241 antea
2208 5182 2548 5252 proscriptas
2573 5178 2831 5239 haereses,
2861 5175 2926 5229 ad
2963 5172 3352 5241 sempiternum
3380 5187 3512 5240 sup-

1935 5277 2181 5346 plicium,
2237 5273 2395 5343 juxta
2454 5269 2756 5324 Salvatoris
2787 5275 2998 5320 vocem.
3038 5263 3094 5317 Si
3120 5262 3307 5333 igitur,
3344 5261 3513 5316 frater

1931 5367 2222 5428 Athanasi,
2248 5365 2302 5418 in
2326 5364 2429 5417 hac
2460 5359 2827 5418 confessione,
2859 5371 2979 5427 quae
3006 5355 3119 5410 sola
3144 5361 3198 5409 et
3223 5368 3348 5407 vera
3376 5353 3511 5407 lidcs

1933 5469 2016 5516 est
2040 5459 2094 5514 in
2122 5465 2313 5515 sancta
2330 5453 2595 5510 catholica
2615 5459 2667 5507 et
2692 5449 2989 5521 apostolica
3006 5444 3272 5510 Ecclesia,
3299 5457 3511 5500 mecum
