3852 6206
379 190 521 248 1445
1530 192 1586 248 S.
1627 191 1938 247 ATilANAS

2054 192 2069 247 ἱ
2124 224 2193 236 -
2232 192 2503 249 SPURIA.
3525 190 3651 247 ιιιι

375 311 694 377 consentis;
750 326 935 366 coram
983 311 1170 381 judice
1215 310 1328 366 Deo
1366 318 1421 365 et
1448 311 1699 377 Christo,
1736 326 1938 382 quaeso,

2054 311 2108 363 ἐν
2138 313 2204 381 τῇ
2225 311 2357 383 ἁγίᾳ
2380 311 2641 384 καθολικῇ
2664 312 2759 365 καὶ
2774 311 3105 382 ἀποστολικῇ
3121 311 3444 384 Ἐκκλησία,
3461 312 3510 364 εξ
3524 315 3650 381 ὁμου

374 404 510 457 mihi
556 404 851 466 rescribas,
887 405 933 459 si
975 404 1199 474 perinde
1230 410 1394 474 atque
1424 419 1524 459 nos
1574 404 1629 457 in
1677 418 1804 457 vera
1849 403 1938 457 li.lt

2060 406 2277 474 φρονεῖς
2303 421 2414 474 μοι,
2448 403 2523 467 ὡς
2548 404 2642 456 ἐπὶ
2664 404 2844 475 κρίσει
2873 403 3013 457 Θεοῦ
3054 405 3149 457 καὶ
3179 403 3419 475 Χριστοῦ
3445 403 3650 474 γράψον

376 496 617 556 sentias;
657 503 718 549 ut
776 494 1115 552 conﬁdenter
1165 504 1220 549 et
1282 495 1404 548 sine
1463 493 1783 549 discrimine
1833 507 1938 563 qua

2063 510 2176 564 μοι,
2213 496 2261 547 εί
2296 494 2440 549 οὕτω
2476 498 2697 568 φρονεῖς
2730 496 2874 551 καθά
2901 496 2998 550 καὶ
3029 497 3211 567 ἡμεῖς,
3243 496 3339 550 καὶ
3370 495 3444 549 τά
3478 496 3573 549 ῐσα
3596 496 3652 548 ἐν

373 602 549 657 rogas
569 594 831 657 praestare
861 587 1087 658 possim.
1122 585 1258 641 lllud
1288 588 1451 641 etiam
1484 594 1538 641 te
1559 600 1668 640 non
1699 581 1938 656 ignOrart

2058 586 2125 655 τῇ
2151 583 2380 656 ἀληθινῇ
2412 585 2618 640 πίστειο
2638 586 2726 640 ἶνα
2748 585 2906 654 κάγὼ
2938 585 3219 649 πεποιθὼς
3237 581 3303 650 ὧ,
3326 585 3653 658 ἀδιακρίτως

372 681 559 743 velim.
593 680 811 740 dilecte.
867 680 1126 734 nimirum
1160 678 1407 734 veritatis
1438 677 1601 738 lilios,
1633 675 1953 745 impassibi-

373 771 479 826 lem
509 771 764 827 deitatem
791 769 1061 833 conﬁteri,
1093 783 1306 823 necnon
1362 766 1654 820 adventum
1697 764 1858 820 Verbi
1898 771 1953 819 et

375 866 472 921 Dei
515 867 572 920 in
633 863 950 934 carne;qui
988 862 1286 933 perfectum
1326 859 1601 914 hominem
1648 860 1952 928 assumpsit

373 960 495 1015 sine
528 963 775 1029 peccato,
807 964 968 1012 natus
994 971 1059 1011 ex
1095 952 1305 1023 Spiritu
1342 960 1537 1007 sant-to
1566 957 1621 1005 et
1662 966 1731 1004 ex
1783 949 1949 1003 Maria

372 1052 617 1123 Virgine,
671 1048 973 1107 secundum
1033 1047 1322 1118 Evangelia
1366 1045 1472 1101 :in
1527 1044 1751 1099 Christo
1792 1041 1946 1098 Jesu.

372 1144 567 1201 Amen.

369 1414 535 1487 598
563 1415 752 1487 Sancti
787 1413 972 1487 Patris
1014 1413 1214 1487 nostri,
1235 1410 1517 1487 Athanasii
1562 1408 1944 1487 archiepiscopi

445 1478 818 1546 KTexandrini,
859 1485 1170 1551 rescriptum
1206 1484 1273 1535 ad
1307 1481 1594 1551 Liberium.
1619 1478 1797 1551 Romae
1824 1479 1941 1551 epi—

434 1572 669 1618 sc0pum.
707 1555 860 1620 Quod
905 1548 1191 1623 perfecmm
1241 1553 1500 1605 hominem
1533 1550 1670 1604 Deus
1712 1548 1938 1603 Verbum

437 1627 787 1696 assumpserit
840 1634 1052 1694 propter
1087 1624 1311 1677 salutem
1342 1632 1601 1676 nostram.

438 1808 594 1865 Unus
625 1807 767 1863 Deus
800 1805 1150 1868 immortalis,
1187 1804 1280 1875 qui
1306 1819 1406 1858 nec
1434 1803 1628 1868 videri,
1664 1817 1766 1858 nec
1795 1802 1945 1873 tangi
1981 1802 2024 1852 Β

365 1910 563 1973 potest.
612 1918 631 1952 ι
671 1897 911 1970 Spiritus
940 1916 959 1950 ι
992 1897 1139 1952 enim
1166 1915 1184 1948 ι
1218 1902 1305 1951 est
1336 1894 1475 1950 Deus
1503 1894 1570 1948 ⁸³.
1606 1913 1626 1946 ι
1650 1895 1765 1965 Ipse
1795 1896 1947 1949 nullo

362 1990 486 2045 loco
520 1995 700 2059 potest
720 1986 1133 2057 comprehendi,
1177 2000 1276 2039 nec
1307 1984 1451 2040 ullus
1482 1992 1567 2039 est
1595 1985 1749 2040 locus
1776 2001 1807 2039 a
1836 2000 1947 2056 quo

363 2082 528 2139 absit.
561 2080 734 2148 llujus
761 2078 998 2135 Verbum
1037 2077 1364 2133 immortalis
1395 2086 1482 2133 est
1528 2078 1816 2148 sapientia,
1861 2077 1947 2131 in-

360 2172 757 2244 corruptibilis,
798 2171 1129 2227 invisibilis:
1162 2169 1335 2224 Filius
1358 2170 1779 2241 primogenitus,
1812 2185 1944 2241 ope-

360 2280 484 2320 rum
504 2266 706 2329 socius,
728 2262 996 2334 principio
1008 2277 1223 2325 carens,
1245 2261 1348 2317 sub
1363 2269 1564 2317 tactum
1588 2278 1693 2317 non
1716 2262 1940 2327 cadens,

360 2374 537 2429 neque
567 2357 893 2428 principium
927 2356 1135 2411 habens
1160 2356 1394 2416 dierum,
1422 2371 1598 2425 neque
1630 2355 1789 2411 linem
1816 2357 1943 2411 vitae

359 2461 687 2521 exspectans
717 2468 730 2504 :
765 2468 784 2501 ι
816 2450 1010 2505 Omnia
1033 2465 1130 2517 per
1164 2450 1343 2519 ipsum
1383 2448 1524 2503 facta
1550 2456 1699 2512 sunt,
1736 2455 1790 2503 et
1820 2448 1941 2502 sine

256 2600 263 2606 ,
359 2546 480 2615 ipso
529 2543 729 2598 factum
780 2551 866 2598 est
914 2543 1049 2598 nihil
1077 2543 1146 2600 ⁵⁸,
1179 2541 1343 2612 slpse
1390 2550 1475 2597 est
1517 2542 1609 2611 qui
1662 2540 1936 2595 hominem

358 2637 684 2694 el‘ormavit.
721 2636 819 2691 Hic
855 2643 942 2691 est
981 2636 1074 2706 qui
1105 2635 1375 2689 rationem
1422 2633 1758 2687 fabricanda:
1798 2647 1939 2687 arere

357 2743 688 2798 monstravit
716 2760 728 2795 :
752 2743 841 2795 hic
855 2748 938 2796 est
963 2741 1053 2811 qui
1072 2740 1488 2811 promissionem
1502 2738 1654 2794 dedit
1668 2739 1934 2794 Abrahae:

360 2837 450 2891 hic
482 2844 565 2892 est
594 2835 686 2907 qui
732 2835 1038 2896 descendit,
1080 2842 1138 2889 ut
1165 2834 1426 2904 populum
1466 2832 1676 2888 salvum
1712 2832 1934 2896 faceret,

358 2929 453 3000 qui
512 2929 682 3000 Moysi
721 2928 891 2998 legem
943 2926 1091 2981 dedit
1126 2946 1139 2980 :
1172 2926 1261 2980 hic
1304 2932 1389 2980 est
1442 2923 1586 2979 Deus
1635 2924 1933 2988 Abraham,

358 3021 504 3078 Deus
533 3020 707 3085 lsaac,
736 3030 789 3075 et
822 3019 963 3074 Deus
989 3016 1179 3081 Iacob,
1215 3018 1308 3087 qui
1333 3017 1385 3070 in
1411 3016 1690 3087 prophetis
1719 3017 1936 3070 locutus

2059 676 2188 746 περὶ
2217 670 2294 730 ὧν
2321 675 2493 740 ἀξιοῖς
2522 676 2765 731 κελεύειν
2791 694 2881 748 μοι
2899 696 2915 711 ·
2941 678 3039 732 καὶ
3063 676 3222 732 τοῦτο
3246 677 3305 731 δέ
3333 694 3393 730 σε
3433 677 3542 747 χρὴ
3574 678 3650 728 εξ-

2055 771 2223 835 δέναι,
2252 771 2525 843 ἀγαπητὴ
2558 772 2640 827 ὅτι
2671 773 2721 825 οί
2752 773 2859 827 υἱοὶ
2893 774 2991 844 τῆς
3028 772 3306 843 ἀληθείας,
3341 772 3533 842 ἀπαθῆ
3556 772 3653 841 τὴν

2056 861 2288 930 θεότητα
2321 863 2664 933 ὁμολογοῦσι,
2684 863 2780 917 καὶ
2806 864 2905 935 τὴν
2938 862 3200 934 ἔνσαρκον
3236 862 3534 933 ἐπιδημίαν
3560 860 3652 915 τοῦ

2053 954 2229 1022 Λόγου
2259 954 2355 1008 καὶ
2381 953 2540 1019 Θεοῦ,
2564 955 2646 1009 ὅτι
2672 955 2879 1009 τέλειον
2906 955 3192 1026 ἄνθρωπον
3217 954 3449 1009 ἀνέλαϐε
3486 955 3655 1025 χωρὶς

2054 1044 2350 1114 ἁμαρτίας,
2387 1045 2480 1098 τὸν
2499 1043 2833 1115 γεννηθέντα
2862 1046 2928 1100 ἐκ
2961 1044 3282 1116 Πνεῦματος
3317 1046 3479 1114 ἁγίου
3515 1045 3650 1117 (29),

2051 1136 2145 1188 καὶ
2172 1136 2391 1206 Μαρίας
2418 1137 2518 1208 τῆς
2572 1136 2867 1207 παρθένου,
2914 1138 3057 1191 κατὰ
3088 1138 3159 1191 τὰ
3200 1138 3546 1208 Εὑαγγέλιαο
3594 1141 3651 1192 ἐν

2049 1226 2271 1299 Χριστῷ
2308 1226 2507 1299 Ἰησοῦ.
2555 1228 2749 1300 Ἀμήν.

2054 1361 2164 1415 Τοῦ
2208 1362 2278 1415 ἐν
2316 1361 2506 1430 ἁγίοις
2535 1360 2767 1427 Πατρός
2790 1359 2959 1429 ἡμῶν
2978 1362 3368 1426 Ἀθανασίου,
3386 1361 3650 1429 ἁρχιεπι-

2118 1432 2355 1485 σκόπου
2412 1430 2894 1501 Ἀλεξανδρείας,
2919 1430 3289 1501 ἀντίγραμμα
3347 1432 3499 1499 πρὸς
3551 1437 3649 1486 Λι-

2116 1501 2335 1567 ϐἐριον,
2376 1502 2717 1555 ἐπίσκοπον
2747 1500 3000 1569 Ῥώμης-ο
3041 1500 3132 1554 ὅτι
3163 1505 3394 1555 τέλειον
3429 1502 3651 1569 ἅνθρω-

2114 1585 2233 1624 xor
2269 1572 2564 1626 ἀνέλαϐε-ν
2595 1575 2628 1625 ό
2653 1571 2797 1637 Θεὸς
2822 1572 3014 1641 Λόγος
3034 1571 3188 1640 ὑπὲρ
3210 1572 3319 1641 τῆς
3346 1572 3648 1642 ἡμετέρας

2113 1642 2431 1710 σωτηρίας.

2121 1749 2218 1819 Εἷς
2250 1754 2383 1819 Θεὸς
2411 1755 2699 1822 ἀθάνατος,
2726 1755 2979 1828 ἀόρατος,
3011 1753 3387 1827 άψηλάφητος
3418 1775 3438 1807 ι
3469 1754 3645 1810 Πνεῦ-

2057 1864 2134 1918 μα
2164 1866 2182 1898 ι
2210 1846 2319 1919 γὰρ
2350 1866 2368 1899 ι
2408 1849 2437 1900 6
2467 1848 2620 1912 Θεὸς,
2653 1868 2671 1899 ι
2708 1843 2863 1912 οὗτος
2891 1847 3198 1921 ἀχώριστος
3222 1849 3357 1921 (30),
3391 1849 3469 1921 μὴ
3507 1849 3648 1920 ἔχων

2050 1939 2214 1993 τόπον
2258 1940 2393 1993 ὃπου
2446 1940 2547 1993 οὐκ
2594 1940 2758 1995 ἐστιν·
2818 1942 2845 1994 6
2892 1941 3082 1995 τούτου
3121 1942 3316 2009 Λόγος,
3378 1942 3649 2007 ἀθάνατος

2054 2035 2236 2102 σοφία,
2269 2033 2564 2105 ἄφθαρτος,
2592 2035 2846 2107 ἀόρατος,
2878 2037 3008 2100 Υἱὸς
3048 2038 3414 2109 πρωτότοκος,
3455 2054 3649 2108 συνερ-

2050 2124 2165 2193 γὸς,
2189 2125 2446 2197 ἄναρχος,
2476 2127 2851 2199 ἅψηλάφητος,
2877 2130 3014 2200 μήτε
3047 2128 3220 2200 ἀρχὴν
3240 2128 3464 2201 ἡμερῶν
3482 2129 3645 2201 ἔχων,

2051 2218 2189 2287 μήτε
2223 2218 2374 2282 τέλος
2408 2217 2553 2289 ζωῆς
2601 2218 2952 2291 προσδοκῶν.
3002 2238 3021 2270 ι
3061 2220 3160 2273 Διὰ
3188 2220 3381 2273 τούτου
3426 2222 3648 2289 ἐγένετο

2046 2307 2116 2360 τά
2143 2308 2344 2371 πάντα,
2374 2308 2470 2361 καὶ
2505 2310 2677 2380 χωρὶς
2704 2309 2869 2363 αὐτοῦ
2902 2310 3118 2378 ἐγένετο
3143 2310 3265 2363 οὐδὲ
3296 2311 3377 2365 ἓν.
3413 2329 3433 2361 ι
3469 2311 3645 2373 Αὐτὸς

2047 2401 2077 2453 6
2102 2394 2316 2464 πλάσας
2348 2400 2439 2455 τὸν
2471 2400 2757 2471 ἄνθρωπον
2774 2416 2785 2429 ·
2808 2392 2985 2466 οὗτος,
3002 2403 3031 2453 6
3053 2400 3151 2471 τὴν
3176 2400 3409 2454 κιϐωτὸν
3438 2400 3640 2466 δείξας,

2048 2492 2165 2556 πῶς
2198 2492 2288 2547 ἵνα
2328 2491 2551 2563 γένηται
2574 2509 2587 2523 ο
2621 2488 2778 2556 οὗτος
2824 2492 2853 2546 6
2901 2494 3000 2565 τὴν
3046 2494 3382 2562 ἐπαγγελίαν
3407 2494 3533 2558 δοὺς

2046 2583 2300 2655 Ἀϐραάμ
2318 2599 2334 2613 ·
2359 2577 2513 2647 οὗτος
2535 2586 2564 2636 6
2598 2583 2842 2647 καταϐὰς
2875 2586 2968 2638 ἐπὶ
2991 2585 3053 2637 τὸ
3083 2586 3257 2638 σῶσαι
3289 2585 3381 2639 τὸν
3404 2585 3537 2639 λαὸν
3556 2627 3573 2649 ,
3609 2587 3641 2639 ό

2044 2677 2216 2748 Μωσῇ
2267 2675 2358 2729 τὸν
2416 2675 2580 2745 νόμον
2629 2674 2786 2737 δοῦς’
2830 2669 2985 2739 οὗτος
3013 2678 3043 2729 6
3077 2676 3211 2739 Θεὸς
3243 2677 3521 2749 Ἀϐραὰμ,
3546 2680 3639 2731 καὶ

2044 2768 2178 2831 Θεὸς
2200 2766 2410 2831 Ἰσαάκ,
2435 2767 2532 2821 καὶ
2562 2766 2694 2830 Θεὸς
2718 2766 2917 2820 Ἰακὼϐ
2934 2807 2949 2831 ,
2981 2769 3010 2821 6
3037 2769 3095 2821 ἐν
3130 2772 3441 2841 προφήταις
3466 2770 3636 2840 λαλή-

2047 2874 2165 2921 σας,
2199 2858 2228 2910 ὁ
2260 2857 2576 2927 διαθέμενος
2599 2857 2699 2927 τὴν
2732 2856 2977 2910 Παλαιὰν
3002 2858 3099 2912 καὶ
3119 2859 3218 2929 τὴν
3252 2858 3463 2929 Καινὴν
3504 2862 3638 2912 Δια-

2045 2948 2239 3020 θήκην,
2274 2951 2303 3002 6
2336 2949 2445 3019 (51)
2479 2949 2568 3001 ἐπ’
2604 2948 2849 3018 ἐσχάτων
2896 2948 3004 3001 τῶν
3053 2949 3279 3019 ἡμερῶν
3337 2950 3519 3021 σάρκα
3572 2952 3638 3004 ἐκ

2043 3039 2322 3111 Παρθένου
2347 3038 2548 3103 λαϐὼν,
2569 3037 2792 3110 θνητὴν,
2823 3038 2923 3090 οὐκ
2954 3039 3115 3102 αὐτὸς
3138 3038 3213 3092 ὢν
3234 3039 3452 3110 θνητόςο
3474 3039 3638 3093 ἀσθε-

357 3126 464 3182 est,
497 3115 591 3186 qui
655 3112 828 3168 Vetus
857 3120 911 3167 et
938 3110 1146 3166 Novum
1192 3111 1604 3166 Testamentum
1634 3110 1928 3181 disposuit,

2054 3110 2263 3203 νῆξούκ
2315 3132 2477 3195 αὐτὸς
2534 3130 2801 3201 ἀσθενής’
2853 3131 3215 3202 ὀφειλομένην
3265 3131 3503 3203 θανάτῳ,
3535 3135 3637 3186 οὐκ

355 3212 450 3282 qui
475 3211 531 3264 in
557 3207 873 3263 novissimis
889 3205 1083 3260 diebus
1103 3219 1323 3259 carnem
1340 3202 1571 3274 sumpsit
1599 3219 1663 3258 ex
1685 3201 1931 3273 Virgine,

357 3304 668 3367 mortalem,
702 3300 831 3354 licet
860 3314 969 3354 non
994 3308 1142 3353 esset
1172 3299 1289 3368 ipse
1324 3296 1572 3351 morlalis
1602 3296 1930 3360 :inﬁrmam,

355 3397 484 3451 licet
533 3410 643 3449 non
693 3398 840 3449 esset
868 3393 985 3463 ipse
1042 3391 1293 3446 inlirmus
1336 3408 1350 3444 :
1390 3388 1554 3443 morti
1612 3387 1930 3451 obnoxiam,

354 3488 480 3541 licet
509 3502 618 3540 non
672 3493 821 3540 esset
877 3485 993 3554 ipse
1035 3481 1196 3537 morti
1239 3481 1511 3535 obnoxius
1548 3498 1561 3533 :
1615 3480 1887 3533 visibilem
1914 3519 1930 3545 ,

355 3580 483 3634 licet
537 3595 643 3633 non
687 3585 834 3633 esset
879 3578 994 3647 ipse
1039 3574 1294 3630 visibilis.
1348 3574 1469 3645 Ipsa
1518 3589 1783 3643 suspensa
1824 3580 1929 3636 est,

354 3688 463 3727 non
494 3681 676 3726 autem
712 3672 802 3726 ille
837 3688 851 3724 :
881 3669 997 3739 ipsa
1023 3668 1256 3737 sepulta,
1289 3682 1398 3721 non
1435 3667 1525 3721 ille
1550 3684 1562 3719 :
1588 3667 1705 3735 ipsa
1740 3666 1934 3719 huma-

356 3782 459 3820 nas
497 3780 687 3818 omnes
728 3764 1032 3833 passiones,
1066 3768 1127 3814 ut
1170 3760 1335 3813 homo
1365 3760 1647 3823 sustinuit,
1680 3774 1791 3811 non
1830 3773 1931 3809 au-

355 3867 465 3914 tem
503 3858 612 3912 ille.
634 3857 729 3911 Ille
758 3865 937 3909 autem
964 3860 1048 3908 est
1082 3854 1255 3907 virtus
1287 3852 1401 3915 Dei,
1433 3851 1483 3905 id
1513 3861 1598 3905 est
1618 3850 1793 3911 Deus.
1821 3849 1926 3917 Qui

356 3962 581 4015 cum.ea
614 3961 737 4016 quae.
776 3944 1065 3998 ininlerno
1118 3942 1430 3997 insoluliilia
1470 3950 1626 3996 erant
1648 3942 1928 4006 solvisset,

355 4042 754 4111 imperiumque
806 4040 1004 4095 diaboli
1050 4040 1361 4102 evertisset,
1393 4040 1640 4094 ascendit
1684 4055 1749 4093 eo
1787 4039 1934 4094 unde

355 4132 731 4193 descenderat,
763 4133 855 4202 qui
902 4147 1104 4200 corpus
1140 4147 1299 4186 suum
1336 4147 1363 4183 a
1400 4139 1571 4185 morte
1608 4132 1929 4196 excitatum,

357 4233 647 4294 postquam
685 4224 971 4278 liberasset
995 4238 1023 4275 a
1057 4232 1231 4277 morte
1253 4236 1358 4291 qua
1387 4221 1756 4286 detinehatur,
1784 4223 1929 4279 Patri

356 4316 574 4369 obtulit.
632 4316 685 4368 lu
733 4316 825 4370 illo
858 4313 1074 4369 Patrem
1124 4314 1497 4383 intelligimus.
1534 4314 1648 4367 lina
1699 4316 1843 4369 enim
1879 4323 1933 4370 et

356 4409 476 4479 ipse
505 4424 590 4461 res
631 4416 715 4461 est
749 4406 972 4468 deitate.
1003 4408 1225 4470 virtute,
1261 4407 1594 4469 substantia,
1621 4408 1928 4478 hypostasi,

2038 3224 2199 3287 αὐτὸς
2240 3223 2616 3294 ὀφειλόμενος·
2645 3222 2867 3293 όρατὴν,
2908 3224 3007 3276 οὐκ
3041 3224 3203 3286 αὐτὸς
3239 3224 3461 3294 ὁρατός·
3494 3222 3635 3293 αὕτη

2036 3315 2373 3387 ἐκρεμάσθη.
2399 3317 2501 3368 οὐκ
2533 3314 2720 3377 αὑτός·
2752 3312 2892 3383 αῦτη
2924 3314 3121 3384 ἐτάφη,
3149 3315 3247 3366 οὐκ
3270 3314 3461 3377 αὐτός·
3493 3313 3633 3384 αῦτη

2038 3408 2215 3460 πάντα
2243 3405 2311 3459 τὰ
2340 3405 2655 3477 ἀνθρώπινα
2696 3404 2841 3475 πάθη
2883 3405 2959 3469 ὡς
3002 3405 3288 3476 ἄνθρωπος
3318 3406 3633 3475 ὑπέμεινεν,

2034 3498 2135 3550 οὐκ
2173 3496 2365 3559 αὐτός·
2411 3498 2616 3559 ἐκεῖνος
2653 3497 2709 3549 δὲ
2739 3495 2965 3565 δύναμις
2993 3494 3148 3559 Θεοῦ,
3180 3494 3430 3547 τουτέστι
3473 3495 3630 3559 Θεός.

2048 3589 2105 3642 '0
2137 3589 2204 3642 τά
2230 3588 2400 3642 ἄλυτα
2424 3588 2517 3641 τοῦ
2557 3588 2683 3659 ᾅδου
2711 3587 2898 3651 λύσας,
2941 3587 3034 3640 καὶ
3061 3586 3121 3639 τὸ
3149 3586 3352 3657 κράτος
3383 3586 3477 3639 τοῦ
3507 3587 3628 3639 δια-

2037 3682 2196 3735 ϐόλου
2231 3682 2609 3752 καταργήσας,
2656 3679 2822 3751 ἀνέϐη
2864 3678 2983 3731 ὅθεν
3009 3678 3099 3731 καὶ
3135 3676 3339 3749 κατέϐη
3362 3694 3375 3705 ·
3413 3678 3636 3748 ἐγείρας

2036 3776 2211 3827 ἐκεῖνο
2244 3774 2303 3827 τὸ
2329 3773 2519 3841 ταφέν,
2552 3774 2891 3843 προσήνεγκε
2915 3770 2994 3840 τῷ
3026 3772 3224 3842 Πατρὶ,
3260 3770 3634 3843 ἐλευθερώσας

2033 3861 2094 3921 οὗ
2117 3866 2404 3933 ἐκρατεῖτο
2441 3863 2691 3918 θανάτου·
2725 3865 2782 3916 ἐν
2808 3862 2983 3931 τούτῳ
3009 3862 3098 3914 τὸν
3127 3862 3350 3933 Πατέρα
3377 3862 3631 3932 νοοῦμεν,

2033 3958 2091 4011 ἓν
2119 3957 2228 4030 γὰρ
2256 3956 2349 4011 καὶ
2370 3956 2528 4009 τοῦτο
2556 3958 2623 4027 τῇ
2652 3955 2885 4026 θεότητι,
2930 3957 2999 4025 τῇ
3035 3954 3292 4025 δυνάμει,
3336 3957 3402 4024 τῇ
3452 3955 3633 4025 οὐσία,

2032 4052 2099 4120 τῇ
2157 4048 2473 4110 ὑποστάσει,
2521 4050 2584 4117 τῇ
2629 4046 2776 4119 δόξῃ,
2808 4046 2886 4116 τῷ
2929 4046 3153 4115 ὀνόματι
3185 4044 3279 4097 τοῦ
3330 4044 3491 4105 Θεοῦ,
3538 4045 3632 4097 καὶ

2033 4140 2196 4193 αὑτὸν
2216 4140 2305 4193 τὸν
2337 4140 2465 4193 Υἱὸν
2497 4140 2556 4191 ἐν
2579 4137 2655 4207 τῷ
2683 4137 2878 4207 Πατρί.
2903 4132 3072 4200 υῦτος
3099 4138 3129 4189 ό
3162 4137 3299 4205 μετὰ
3337 4136 3398 4188 τὸ
3443 4136 3629 4188 λαϐεῖν

2032 4231 2131 4300 τὴν
2159 4230 2337 4300 σάρκα
2354 4229 2560 4301 Ἰησοῦς
2577 4230 2819 4299 κληθεὶς,
2838 4228 3021 4282 καθότι
3044 4228 3136 4280 καὶ
3154 4226 3249 4281 ἄνθ
3257 4245 3459 4298 ρωπος·
3479 4246 3631 4281 τουτ-

2033 4323 2211 4387 έστιν,
2242 4323 2500 4378 ἀνέλαϐεν
2544 4322 2829 4394 ἄνθρωπον
2875 4323 2933 4374 ἐν
2961 4320 3156 4391 ἐαυτῷ,
3196 4339 3214 4371 ι
3248 4321 3307 4372 ἐν
3335 4314 3380 4388 ᾧ
3425 4322 3537 4373 πᾶν
3572 4322 3632 4374 τὸ

2034 4416 2305 4488 πλήρωμα
2322 4417 2420 4486 τῆς
2436 4415 2688 4485 θεότητος
2714 4415 2853 4467 οίκεῖ
2880 4407 3227 4484 σωματικῶςῖ
3243 4431 3260 4463 ι
3289 4413 3493 4466 Τοῦτον
3515 4413 3636 4483 ἕχο-

358 4496 551 4567 gloria,
584 4495 673 4550 Dei
706 4496 1086 4564 appellatione,
1113 4503 1167 4549 et
1204 4496 1255 4548 in
1291 4494 1451 4549 Patre
1491 4494 1688 4549 Filium
1716 4512 1937 4566 quoque

2054 4526 2145 4579 μεν
2167 4509 2226 4560 οὐ
2253 4507 2750 4578 διακεχωρισμένον
2778 4504 2887 4559 ἀπὸ
2910 4504 3003 4557 τοῦ
3030 4506 3266 4575 Πατρὸς,
3286 4504 3319 4575 ἢ
3343 4505 3438 4558 τοῦ
3471 4506 3632 4575 ἁγίου

364 4587 736 4658 agnoscimus.
793 4584 893 4639 llic
924 4585 1140 4655 estqui
1193 4596 1481 4655 postquam
1543 4590 1937 4657 assumpsisset

364 4694 607 4744 carnem,
637 4676 797 4733 Jesus
826 4677 1126 4747 appellatus
1160 4685 1264 4742 est,
1294 4686 1565 4749 quatenus
1592 4686 1709 4734 erat
1737 4680 1935 4745 homo;

362 4773 463 4826 hoc
496 4778 599 4835 est,
644 4769 942 4840 assumpsit
975 4768 1249 4823 hominem
1304 4770 1360 4823 in
1392 4770 1574 4840 seipse
1605 4810 1620 4837 ,
1659 4788 1679 4820 ι
1720 4771 1775 4824 in
1822 4786 1932 4839 quo

357 4864 628 4918 inhabitat
640 4862 818 4918 omnis
835 4862 1117 4934 plenitudo
1133 4861 1434 4917 divinitatis
1450 4863 1813 4932 corporaliter
1825 4864 1891 4914 ⁵⁸.
1908 4882 1927 4914 ι

357 4955 513 5010 lllum
560 4955 839 5010 credimus
894 4969 995 5008 nec
1019 4970 1047 5006 a
1077 4952 1259 5018 Patre,
1297 4971 1397 5008 nec
1423 4972 1452 5009 a
1494 4955 1702 5025 Spiritu
1739 4965 1932 5011 sancto

359 5056 670 5117 separatum
711 5065 725 5101 :
759 5062 936 5115 neque
965 5055 1145 5101 tamen
1195 5046 1430 5102 dicimus
1465 5046 1680 5101 Patrem
1702 5048 1931 5103 descen-

356 5137 526 5199 disse,
588 5146 641 5192 et
706 5137 761 5191 in
814 5138 1033 5192 homine
1096 5136 1286 5193 fuisse.
1323 5136 1397 5192 Ita
1423 5155 1565 5195 unus
1602 5138 1743 5197 Deus
1765 5140 1928 5195 Pater

429 5315 475 5346 ⁸³
511 5315 669 5370 Joan.
704 5332 777 5385 ιν,
812 5317 904 5373 24.
979 5318 1027 5351 ⁸⁸
1063 5318 1221 5373 Joan.
1260 5336 1311 5385 ι,
1347 5319 1399 5374 5.

434 5471 543 5554 (.29)
593 5471 670 5526 ita
717 5469 1106 5542 Seguerianus.
1160 5473 1474 5540 Editi,vcro
1504 5474 1678 5538 male,
1730 5474 1793 5526 ὲκ
1823 5475 1938 5528 Πα-

361 5557 507 5611 τρος.

437 5612 547 5680 (50)
580 5609 743 5664 Forte
772 5611 1073 5683 ἁχὼρητος.

1476 5319 1521 5351 ⁸⁵
1561 5318 1777 5374 Coloss.
1817 5334 1893 5384 ιι,
1927 5320 1975 5373 9.

2044 4599 2378 4670 Πνεῦματος·
2397 4599 2517 4652 οὐδὲ
2539 4599 2627 4651 τὸν
2649 4598 2866 4669 Πατέρα
2895 4595 3145 4664 λέγοντες
3167 4595 3631 4666 καταϐεϐηκέναι,

2043 4686 2137 4738 καὶ
2188 4687 2243 4737 ἐν
2290 4683 2560 4756 ἀνθρώπῳ
2594 4684 2864 4753 γενέσθαι.
2900 4683 3085 4748 Οὕτως
3137 4678 3219 4746 εἷς
3253 4684 3389 4747 Θεὸς
3429 4686 3633 4757 Πατὴρ

2039 4777 2431 4847 παντοκράτωρ
2465 4778 2593 4847 παρ’
2622 4777 2753 4846 ἡμῖν
2788 4774 3122 4836 πιστεύεται,
3159 4776 3256 4827 καὶ
3282 4774 3371 4827 διὰ
3407 4776 3571 4828 τοῦτο
3596 4780 3630 4846 ἡ

2038 4867 2219 4930 πίστις
2246 4867 2404 4937 ἡμῶν
2442 4870 2610 4931 ἐστιν,
2646 4870 2725 4931 εἰς
2763 4867 2860 4920 ἕνα
2895 4867 3026 4919 Θεὸν
3055 4866 3276 4936 Πατέρα
3315 4867 3634 4937 παντοκρά-

2038 4976 2193 5031 τορα,
2212 4962 2305 5013 καὶ
2331 4962 2409 5022 είς
2430 4961 2521 5015 τὸν
2538 4960 2665 5012 Υἰὸν
2693 4959 2857 5012 αὑτοῦ
2879 4959 2970 5012 τὸν
2987 4958 3191 5030 Κύριον
3219 4961 3252 5028 ἡ
3262 4958 3379 5028 μῶν
3419 4958 3634 5028 Ἰησοῦν

2038 5053 2293 5123 Χριστὸν,
2321 5054 2415 5106 καὶ
2443 5056 2523 5116 εἰς
2550 5053 2610 5105 τὸ
2638 5053 2790 5120 ἆγιον
2817 5050 3061 5121 Πνεῦμα.
3092 5049 3279 5103 Ταῦτα
3311 5050 3369 5102 δὲ
3413 5050 3473 5114 ἐξ
3517 5051 3633 5103 ἐνύα

2031 5160 2191 5215 τητος
2237 5144 2390 5215 μιᾶς,
2427 5142 2707 5214 δυνάμεως
2755 5145 2902 5213 μιᾶς.
2938 5142 3287 5204 ὑποστάσεως
3344 5142 3499 5211 μιᾶς,
3537 5142 3630 5193 οὑ-

2116 5472 2229 5542 (51)
2268 5471 2672 5544 Segue‘rianus,
2719 5473 2806 5525 ἐπ’
2842 5471 3092 5543 ἐσχάτου.
3128 5470 3274 5526 Editi
3300 5511 3314 5536 ,
3347 5472 3437 5526 ἐπ’
3463 5470 3624 5545 sergi-

2044 5558 2162 5600 των.
