3852 6206
179 200 318 261 ωδ

995 192 1268 250 PONTIF.
1311 192 1480 249 ROM.
1522 191 1608 247 EI‘
1651 190 2028 247 ATlIAN.\Sll
2067 189 2455 247 EPISTOLJ'L

3317 193 3466 246 1446

178 318 301 383 σίας
346 317 496 390 μιᾶς,
528 314 834 384 δοξολογίας
870 315 1023 384 μιᾶς,
1048 312 1373 383 κυριότητος
1412 313 1561 382 μιᾶς,
1621 310 1773 380 βασι-

1877 308 2228 377 omnipotens
2272 324 2301 362 a
2332 308 2494 364 nobis
2523 308 2770 364 creditur
2805 330 2815 341 -
2853 309 3085 380 ideoque
3121 310 3255 367 ﬁdes
3278 318 3470 369 nostra

173 408 324 471 λείας
355 408 485 479 μιᾶς
508 424 522 436 ’
565 405 772 469 εἰκόνος
803 403 905 473 τῆς
928 401 1158 474 Τριάδος
1185 399 1470 472 ὀμοούσιον
1491 418 1503 431 ·
1539 419 1557 452 ι
1597 400 1673 451 Δι’
1706 390 1769 449 οὗ

174 498 245 554 τὰ
275 499 453 555 πάντα
482 498 728 568 ἐγένετο·
756 514 775 546 ι
800 493 943 549 οὕτω
973 493 1069 547 καὶ
1109 492 1312 564 σαρκὸς
1343 491 1642 546 ἀνάστασιν
1682 508 1771 544 πι-

176 590 461 664 στεύομεν,
502 590 769 651 τουτέστι,
816 584 915 640 τοῦ
970 584 1220 657 σώματος
1280 583 1440 656 ἡμῶν
1493 582 1637 638 κατὰ
1673 584 1772 647 τὰς

176 684 340 752 ἁγίας
369 683 612 756 Γραφὰῖ,
641 680 735 735 τοῦ
781 678 1025 751 φθαρτοῦ
1057 679 1151 732 κα)⁸
1176 677 1372 749 θνητοῦ
1406 674 1574 730 αὐτοῦ
1607 693 1771 747 μετα-

175 772 505 843 ϐαλλομένου
553 773 634 836 εἰς
686 769 997 843 ἀφθαρσίαν
1035 769 1129 822 καὶ
1176 767 1473 823 ἀθανασίαν
1524 766 1630 821 ὑπὸ
1671 765 1767 821 τοῦ

176 867 339 921 Θεοῦ.
369 867 565 937 Ἀμήν.

1875 410 1982 465 est,
2009 402 2064 455 in
2123 417 2293 455 unum
2332 401 2502 456 Deum
2552 400 2768 456 Patrem
2821 404 3276 474 omnipotentem,
3315 416 3369 460 et
3411 407 3468 461 in

1875 491 2074 547 Filium
2111 493 2233 563 ejus
2262 492 2555 550 Dominum
2585 502 2837 550 nostrum
2869 493 3057 552 Jesum
3088 496 3500 579 Citristtun,etr

1830 604 1841 612 -
1874 584 1932 638 in
1982 581 2250 654 Spiritum
2298 592 2573 641 sanctum.
2618 584 2746 641 llaec
2779 594 2961 641 autem
2997 603 3061 642 ex
3094 589 3305 642 unitate
3336 603 3466 654 una,

1877 678 2083 732 virtute
2140 692 2275 742 una,
2317 678 2630 734 substantia
2691 693 2824 743 una,
2881 679 3283 749 glorificatione
3333 697 3465 743 una,

1876 771 2255 827 dominatione
2301 787 2431 835 una,
2478 788 2651 842 regno
2703 788 2837 839 uno,
2872 772 3126 844 imaginis
3182 772 3468 829 Trinitatis

1874 860 2354 916 consubstantiale
2392 879 2405 915 :
2439 879 2457 912 ι
2494 860 2598 935 Per
2618 878 2781 934 quem
2800 862 2986 917 omnia
3022 860 3166 916 facta
3201 870 3331 918 sunt
3359 863 3461 914 ³⁸.»

174 958 257 1014 lta
284 966 338 1015 et
387 959 574 1014 carnis
607 956 1074 1013 resurrectionem
1110 953 1411 1018 credimus,
1435 952 1539 1008 hoc
1572 959 1677 1016 est,
1705 952 1958 1023 corporis
1983 953 2179 1019 nostri,
2218 952 2523 1008 secundum
2559 970 2749 1010 sacras
2768 952 3104 1025 Scripturas,
3134 964 3467 1008 commutato

173 1064 244 1107 eo
269 1051 417 1122 quod
448 1051 807 1123 corruptibile
834 1059 888 1105 et
917 1050 1150 1104 mortale
1176 1056 1312 1116 erat,
1354 1049 1409 1102 in
1444 1047 2024 1119 incorruptibilitatem
2056 1055 2111 1102 et
2144 1049 2638 1114 immortalitatem,
2673 1065 2768 1120 per
2811 1049 3001 1105 Deum.
3042 1049 3242 1105 Amen.

176 1192 373 1262 Incipit
407 1191 688 1247 Athanasii
716 1189 963 1261 epistola,
996 1199 1044 1244 et
1084 1187 1461 1262 (Egyptiorum
1493 1187 1827 1262 pontiﬁcum,
1864 1187 1934 1242 ad
1967 1185 2215 1262 Marcum
2252 1185 2461 1262 Papam
2484 1202 2581 1255 pro
2610 1187 3002 1257 exemplaribus
3036 1166 3249 1243 Nicazni
3290 1192 3468 1244 conci—

1091 1257 1177 1327 lii,
1202 1257 1330 1329 quia
1355 1259 1549 1312 Ariani
1576 1275 1761 1313 eorum
1806 1259 2137 1328 exemplaria
2169 1257 2534 1312 incenderant.

247 1405 480 1461 Domino
503 1411 718 1470 sancto,
743 1410 797 1458 et
823 1401 1113 1473 apostolici
1143 1399 1407 1455 culminis
1428 1397 1771 1466 venerando,

174 1496 385 1565 Marco,
421 1503 627 1552 sancta:
655 1493 920 1549 Romanae
948 1502 1005 1548 et
1030 1492 1350 1564 apostolica:
1393 1490 1566 1557 sedis,
1601 1499 1775 1562 atque

176 1586 506 1644 universalis
559 1585 821 1641 Ecclesia:
876 1600 1052 1656 papae,
1080 1583 1418 1642 Athanasius
1448 1591 1504 1640 et
1526 1584 1775 1642 universi

177 1681 566 1753 Egyptiorum
591 1679 859 1751 episcopi.

247 1771 333 1826 Ad
375 1785 476 1825 vos
522 1769 842 1841 pervenisse
891 1783 1002 1823 non
1041 1767 1395 1835 dubitamus,
1446 1773 1654 1839 quanta
1717 1773 1773 1822 et

175 1863 364 1935 qualia
390 1862 461 1917 ab
481 1860 777 1923 haereticis,
799 1869 851 1914 et
874 1859 1109 1914 maxime
1138 1859 1207 1913 ab
1250 1858 1493 1923 Arianis,
1527 1859 1774 1930 quotidie

176 1955 441 2023 patimur.
475 1952 747 2021 Quoniam
789 1953 845 2006 in
898 1960 1111 2006 tantum
1148 1951 1218 2007 ab
1254 1951 1336 2007 eis
1364 1952 1770 2023 persequimur,

178 2056 241 2103 ut
270 2047 435 2103 etiam
465 2047 647 2101 vivere
672 2045 786 2115 jam
816 2060 917 2100 nos
952 2043 1151 2099 taedeat
1183 2061 1197 2098 :
1229 2060 1354 2098 nam
1385 2043 1613 2099 instanti
1643 2052 1776 2103 tem-

176 2155 332 2209 pore,
369 2139 554 2194 subito
603 2145 658 2192 et
688 2137 969 2207 insperate
1011 2138 1065 2191 in
1097 2152 1201 2193 nos
1230 2136 1528 2205 irruentes.
1561 2156 1776 2211 nosque

172 2232 334 2303 juxta
364 2237 694 2302 praeceptum
729 2228 973 2295 Domini,
1004 2232 1098 2299 qui
1141 2230 1217 2284 ait
1245 2247 1259 2282 :
1298 2229 1360 2284 Si
1392 2245 1482 2287 vos
1515 2233 1775 2301 persecuti

177 2323 381 2392 fuerint
402 2323 458 2376 in
478 2338 641 2376 unam
658 2322 943 2387 civitatem,
972 2304 1211 2392 fugite'in
1233 2321 1402 2377 aliam
1418 2326 1463 2356 ⁸⁷
1483 2342 1497 2388 ;
1518 2324 1775 2396 fugiendo

178 2423 407 2486 propter
440 2413 652 2468 cladem
709 2414 896 2484 populi
927 2428 1022 2467 eos
1059 2413 1424 2479 declinantes,
1476 2433 1577 2473 nos
1617 2434 1773 2473 com-

180 2508 526 2579 prehendere
548 2521 657 2561 non
689 2507 1001 2568 valuerunt,
1044 2506 1140 2562 sed
1163 2510 1348 2563 omnia
1381 2518 1571 2565 nostra
1600 2510 1772 2581 depo-

181 2598 358 2668 pulati
381 2605 533 2654 sunt.
563 2597 623 2652 lu
651 2604 867 2651 tantum
896 2598 1062 2652 etiam
1096 2608 1283 2656 nostra
1312 2609 1685 2665 vastaverunt,
1712 2613 1773 2659 ut

179 2691 495 2751 neclibros,
523 2706 625 2745 nee
650 2691 975 2745 vestimenta
1004 2692 1405 2762 ecclesiastica,
1437 2696 1652 2766 aliaque
1689 2713 1776 2752 or-

180 2790 461 2846 namenta,
491 2798 593 2838 nec
625 2783 834 2852 reliqum
858 2784 1117 2840 utensilia
1144 2784 1305 2840 nobis
1334 2784 1772 2841 dimiserint.Li-

177 2875 313 2930 ltros
354 2874 517 2947 599
546 2891 677 2930 vero
707 2885 928 2932 nostros
956 2893 1130 2948 usque
1156 2877 1224 2932 ad
1262 2877 1550 2933 minimum
1587 2878 1773 2934 incen-

180 2967 396 3031 dentes,
427 2985 528 3023 nec
556 2968 666 3022 iota
710 2985 880 3024 unum
930 2970 1326 3040 relinquentes,
1374 2978 1598 3041 propter
1627 2975 1772 3026 veri-

1877 1413 2114 1470 guarum
2160 1398 2533 1469 septuaginta,
2562 1397 2700 1452 tanti
2735 1404 2791 1454 et
2841 1407 2951 1454 tam
2982 1398 3305 1454 excellentis
3333 1414 3467 1454 con-

1876 1492 1988 1547 cilii
2041 1492 2234 1547 fierent
2283 1491 2546 1561 capitula,
2598 1506 2723 1563 quae
2756 1507 2975 1547 omnem
3024 1492 3464 1547 Christianorum

1875 1585 2242 1642 informarent
2301 1586 2538 1653 orbem,
2593 1595 2649 1642 et
2701 1601 2895 1641 omnes
2967 1584 3072 1641 sub
3138 1586 3465 1642 sacerdotali

1806 1709 1851 1765 Β
1877 1675 2123 1740 nomine,
2154 1682 2208 1729 et
2242 1673 2561 1732 Christiano
2601 1673 2887 1745 degentes,
2928 1689 3038 1729 una
3081 1673 3239 1733 lides.
3274 1684 3328 1728 et
3358 1690 3466 1728 una

1876 1768 2242 1828 sacerdotalis
2273 1777 2486 1843 regeret
2511 1783 2700 1824 norma
2728 1768 2863 1839 (52),
2896 1783 2998 1823 nec
3031 1768 3265 1839 quisque
3291 1784 3321 1821 a
3364 1783 3466 1822 suo

1874 1861 2168 1920 dissideret
2201 1864 2402 1935 capite.
2438 1860 2596 1918 Nune
2625 1877 2791 1933 ergo,
2847 1862 2974 1933 quia
2997 1902 3012 1926 ,
3046 1869 3108 1916 ut
3144 1861 3465 1933 pra‘dit-tum

1875 1964 1981 2020 est,
2007 1957 2216 2011 inimici
2249 1965 2456 2012 sanctae
2485 1955 2576 2011 Dei
2601 1954 2885 2020 Ecclesiae,
2906 1963 2960 2011 et
2987 1955 3222 2010 maxime
3248 1953 3461 2018 Ariani,

1877 2064 1907 2103 a
1936 2050 2140 2121 quibus
2167 2049 2411 2119 quotidie
2437 2062 2821 2120 expugnamur
2840 2058 2894 2102 et
2916 2046 3299 2117 Opprimimur,
3328 2061 3465 2117 prte-

1876 2137 1989 2193 fata
2034 2140 2382 2211 septuaginta
2434 2137 2639 2193 Nicmni
2694 2136 2916 2191 concilii
2962 2137 3199 2207 capitula
3233 2152 3355 2207 quae
3397 2137 3466 2192 de

1875 2229 2098 2301 praefata
2144 2230 2356 2303 synodo
2397 2229 2511 2301 jam
2567 2230 2746 2293 facta,
2787 2228 3018 2298 jubente
3069 2228 3302 2283 Domino
3343 2244 3465 2283 meo

1874 2321 2228 2388 Alexandro,
2282 2321 2528 2376 omnium
2576 2320 2966 2393 episc0porum
3016 2319 3240 2377 decreto
3271 2321 3463 2388 attuli,

1876 2427 1999 2482 quae
2046 2413 2211 2467 etiam
2261 2426 2450 2468 coram
2504 2411 2764 2467 omnibus
2820 2410 3047 2466 recitavi
3093 2419 3258 2480 atque
3309 2420 3466 2464 tran-

1875 2504 2097 2575 scripsi,
2138 2510 2268 2560 suat
2306 2504 2432 2574 igne
2468 2504 2799 2571 combusta;
2833 2515 3089 2574 optamus
3119 2512 3235 2557 uta
3270 2513 3467 2558 vestrm

1875 2605 2081 2651 sanetae
2123 2595 2273 2651 sedis
2304 2593 2565 2650 Ecclesia:
2608 2595 2964 2661 auctoritate,
2996 2611 3119 2664 quae
3161 2605 3245 2651 est
3288 2600 3467 2649 water

1875 2695 1929 2743 et
1958 2695 2124 2757 caput
2152 2688 2399 2742 omnium
2431 2686 2832 2753 Ecclesiarum,
2860 2702 2923 2741 ea
2972 2687 3039 2740 ad
3066 2687 3462 2741 correctionem

1873 2787 1928 2835 et
1969 2781 2364 2835 recreationem
2415 2780 2658 2835 fidelium
2707 2780 3143 2834 orthodoxorum
3183 2782 3465 2849 percipere

1875 2888 1973 2944 per
2001 2881 2304 2943 praesentes
2335 2873 2544 2944 legatos
2572 2888 2888 2927 mereamur
2907 2912 2922 2936 ,
2964 2880 3239 2942 quatrnus
3282 2884 3464 2926 vestra

1874 2965 1995 3021 fulti
2026 2966 2379 3031 auctoritate,
2402 2967 2710 3037 vestrisque
2733 2966 2989 3036 precibus
3016 2966 3282 3027 roborati,
3310 2966 3464 3019 illaesi

178 3062 313 3117 tatis
367 3062 525 3116 tidem
546 3102 561 3125 ,
618 3062 896 3117 Nieaenam
956 3063 1225 3134 synodum
1254 3102 1270 3129 ,
1309 3078 1417 3134 qua
1473 3064 1658 3120 elertts
1713 3072 1768 3120 et
1795 3075 1839 3133 ο
1872 3077 1903 3115 a
1924 3060 2244 3115 memoratis
2265 3058 2478 3115 aemulis
2504 3066 2711 3114 sanctae
2740 3057 2835 3114 Dei
2862 3057 3123 3114 Ecclesia:
3149 3067 3203 3114 et
3231 3058 3462 3122 nostris,

179 3154 417 3224 populus
452 3153 820 3217 imbuebatur,
856 3162 910 3208 et
943 3153 1181 3208 maxime
1203 3153 1316 3223 jam
1359 3154 1552 3208 imbuti
1589 3163 1766 3219 erant,

178 3245 237 3299 in
266 3246 652 3301 contumeliam
687 3254 934 3301 nostram
951 3252 1005 3302 et
1026 3246 1272 3300 omnium
1297 3245 1766 3313 Christianorum,

179 3336 565 3393 incenderunt.
603 3338 951 3408 Quapropter
983 3351 1321 3408 precamur,
1354 3336 1516 3393 Pater
1560 3338 1770 3393 beatis-

178 3427 341 3492 sime,
379 3429 508 3499 quia
542 3445 652 3483 non
699 3430 1017 3484 dubitamus
1062 3430 1207 3499 apud
1240 3443 1337 3484 vos
1376 3430 1619 3499 plenaria
1646 3445 1771 3485 esse

180 3521 387 3575 Niezeni
441 3522 662 3576 concilii
728 3521 1100 3592 exemplaria,
1154 3528 1215 3575 ut
1263 3521 1356 3574 illa
1412 3520 1608 3586 nobis,
1649 3536 1772 3590 quae

181 3620 391 3666 sanctae
415 3612 817 3667 recordationis
846 3610 1269 3680 prcedecessoris
1304 3610 1470 3665 vestri
1504 3608 1770 3681 Sylvcstri

180 3704 426 3766 fuerunt,
458 3703 563 3758 sub
587 3710 702 3756 tuta
730 3702 963 3756 mittatis
995 3700 1371 3770 stipulatione.
1390 3702 1523 3755 Nam
1548 3701 1772 3772 quando

178 3795 456 3866 praedictae
518 3793 731 3866 synodo
773 3809 900 3849 cum
951 3794 1210 3865 pontifice
1259 3801 1491 3860 nostro,
1549 3793 1604 3847 id
1647 3803 1767 3860 est,

177 3888 567 3944 Alexandrinae
615 3906 828 3961 magna
863 3890 1104 3946 civitatis
1147 3890 1445 3960 episcopo,
1488 3891 1542 3943 in
1586 3889 1773 3945 diaco-

178 3988 346 4035 natus
393 3980 744 4037 interfuimus
797 3982 1012 4048 ollicio,
1063 3982 1167 4036 sub
1218 3994 1418 4037 nosme
1468 3983 1773 4051 praesentiae

177 4069 527 4138 testimonio,
550 4087 647 4140 per
679 4072 869 4127 beatos
894 4071 1067 4137 viros,
1084 4069 1359 4127 Victorem
1387 4069 1686 4143 [Vitonem]
1718 4083 1773 4126 et

179 4157 529 4213 Vincentium
548 4160 918 4230 presbyteros,
954 4160 1271 4229 apostolica:
1300 4160 1446 4215 sedis
1470 4159 1769 4230 apocrisia-

178 4254 317 4316 rios,
338 4253 505 4308 missa
522 4259 652 4307 sunt
668 4251 927 4323 praedicto
944 4267 1099 4323 papte
1117 4251 1396 4323 Sylvestro
1420 4267 1545 4305 cum
1567 4251 1775 4321 astipu-

176 4347 386 4401 latione
411 4347 657 4402 subnexa
686 4346 1051 4417 capitulorum
1080 4345 1446 4416 septuaginta.
1468 4344 1612 4400 Sane
1633 4359 1775 4415 prte-

1872 3151 2129 3219 evadere,
2152 3153 2425 3223 nobisque
2447 3152 2776 3206 commissos
2803 3166 2998 3205 eruere
3027 3152 3304 3207 valeamus
3325 3152 3461 3221 (33).

1872 3240 2015 3298 Vere
2052 3245 2308 3298 novimus
2345 3242 2690 3312 apostolatus
2733 3244 2904 3297 vestri
2945 3258 3042 3297 cor
3067 3246 3240 3316 gratia
3287 3245 3463 3300 sancti

1873 3334 2116 3405 Spiritus
2173 3333 2229 3387 in
2282 3342 2496 3387 tantum
2549 3348 2673 3389 esse
2727 3348 3060 3397 accensum,
3095 3339 3155 3387 ut
3206 3336 3462 3389 etunbus

1872 3427 2156 3499 oppressis
2208 3425 2554 3481 succurratis
2597 3444 2609 3479 :
2656 3434 2865 3495 quanto
2916 3427 3091 3496 magis
3134 3427 3328 3487 nobis,
3368 3428 3461 3497 qui

1873 3521 1998 3575 licet
2030 3518 2211 3589 exigui
2246 3518 2477 3581 ordinis,
2519 3526 2703 3573 tamen
2731 3518 2905 3573 vestri
2944 3534 3159 3581 sumus,
3195 3520 3463 3590 vobisque

1872 3612 2191 3667 obedientes
2226 3627 2349 3666 cum
2393 3612 2653 3666 omnibus
2696 3611 2857 3665 nobis
2900 3612 3247 3676 commissis,
3280 3621 3334 3667 et
3368 3629 3465 3668 su-

1872 3719 2019 3766 mus,
2038 3712 2091 3757 et
2112 3718 2234 3757 esse
2267 3718 2484 3773 semper
2509 3704 2784 3760 volumus.
2816 3704 2943 3759 Ideo
2974 3703 3151 3769 decet,
3171 3715 3225 3759 et
3245 3715 3464 3774 oportet

1872 3808 1973 3849 vos
2002 3793 2163 3847 nobis
2215 3793 2330 3849 lucc
2366 3810 2487 3865 qua:
2536 3811 2817 3867 rogamus,
2864 3804 2919 3851 et
2965 3797 3073 3851 alia
3108 3814 3230 3868 qua:
3262 3814 3461 3854 neces-

1874 3885 2019 3940 saria
2045 3885 2202 3955 juxta
2236 3887 2565 3956 sapientiam
2604 3904 2769 3958 quam
2799 3889 2957 3944 vobis
3000 3892 3257 3960 praestitit
3285 3892 3459 3947 Altis-

1874 3978 2069 4040 simus,
2116 3993 2242 4033 esse
2284 3980 2694 4050 cognoveritis,
2749 3982 2960 4052 absque
3009 3983 3271 4038 tarditate
3318 4000 3463 4054 praes

1875 4077 2045 4134 stare,
2073 4078 2132 4125 ut
2160 4079 2326 4126 tanta:
2360 4073 2595 4127 miseria:
2635 4074 2922 4144 squalores
2963 4089 2994 4125 a
3026 4074 3267 4129 lidelium
3304 4092 3461 4131 men-

1873 4161 2022 4217 tibus
2046 4161 2424 4232 detergantur,
2450 4171 2506 4218 et
2532 4165 2692 4233 quasi
2716 4165 2921 4221 vulnus
2952 4166 3171 4234 corpori
3206 4166 3458 4235 infixum,

1875 4253 2068 4307 auditu
2124 4262 2288 4309 tanta}
2330 4254 2569 4311 miseria:
2613 4257 2905 4322 obserata,
2962 4258 3191 4315 salutari
3236 4267 3465 4313 curetur

1876 4346 2144 4411 antidoto,
2185 4356 2243 4400 ut
2284 4346 2471 4402 divino
2501 4347 2625 4403 freti
2671 4348 2981 4419 juvamine,
3021 4362 3317 4422 vestraque
3361 4368 3461 4405 au-

177 4441 433 4497 sentibus
480 4440 676 4504 nobis,
723 4440 1000 4509 oct0ginta
1049 4438 1289 4509 capitula
1346 4439 1403 4492 in
1470 4445 1769 4493 memorata
1802 4418 1848 4473 Ῑ)
1877 4438 2133 4493 ctoritate
2160 4445 2324 4508 atque
2348 4438 2555 4492 auxilio
2586 4418 2857 4507 roborati,
2899 4418 3311 4497 adversantium
3348 4449 3463 4496 ter-

176 4540 416 4588 tractata
452 4543 586 4588 sunt
617 4531 832 4603 synodo
864 4531 1055 4596 semel,
1092 4538 1148 4585 et
1168 4530 1534 4601 quadraginta
1564 4545 1595 4583 a
1617 4529 1770 4586 Grai-

174 4629 262 4685 eis
293 4627 483 4683 Graeca
530 4627 678 4682 dicta
720 4626 926 4697 lingua,
962 4633 1018 4682 et
1052 4624 1416 4697 quadraginta
1456 4639 1488 4678 a
1529 4623 1764 4688 Latinis,

175 4720 436 4776 similiter
472 4718 620 4774 dicta
663 4717 859 4772 Latina
905 4718 1111 4787 lingua.
1155 4714 1262 4771 Sed
1315 4715 1492 4770 visum
1532 4723 1618 4772 est
1657 4726 1770 4771 tre-

174 4810 356 4866 centis
391 4809 579 4865 decem
621 4816 676 4864 et
700 4816 827 4863 octo
863 4806 1140 4871 Patribus,
1183 4814 1376 4861 sancto
1420 4804 1629 4877 Spiritu
1674 4821 1765 4861 re-

172 4902 449 4974 pletis,'in
474 4900 739 4973 praedicto
765 4901 1003 4957 concilio
1038 4900 1407 4970 congregatis,
1450 4908 1505 4956 et
1531 4899 1767 4955 maxime

166 4996 290 5064 jam
318 4994 469 5050 dicto
506 4994 856 5053 Alexandro.
890 5001 944 5049 et
982 4993 1309 5065 apostolicae
1351 4991 1499 5047 sedis
1545 4992 1767 5062 apocri-

172 5087 386 5153 siariis,
417 5095 477 5142 ut
504 5087 695 5143 decem
730 5087 971 5158 capitula
1015 5086 1397 5141 adunarentur
1432 5086 1577 5153 aliis,
1601 5092 1769 5155 atque

172 5180 441 5248 congruis
479 5180 534 5234 in
575 5179 713 5234 locis
751 5179 1162 5244 insererentur,
1205 5186 1260 5234 et
1306 5177 1374 5233 ad
1414 5177 1646 5232 formam
1682 5194 1769 5233 se-

170 5270 464 5344 ptuaginta
490 5270 909 5342 discipulorum,
951 5272 1032 5326 vel
1062 5273 1233 5327 totius
1273 5270 1423 5326 orbis
1464 5280 1625 5325 terra:
1660 5270 1770 5324 lin-

1876 4528 2277 4599 giversationes
2327 4528 2560 4584 evadere
2612 4529 2917 4596 valeamus,
2961 4543 3129 4604 atque
3167 4532 3463 4588 ineonfaso

1874 4623 2062 4687 vultu,
2110 4638 2220 4678 non
2278 4621 2473 4679 fraude
2507 4624 2837 4695 cujusquam
2890 4628 3163 4697 perculsi,
3202 4627 3464 4683 assistere

1875 4723 2087 4803 aeterno
2114 4715 2291 4786 judiei
2320 4731 2654 4784 mereamur,
2678 4726 2733 4773 et
2758 4734 2947 4775 vocem
2979 4720 3175 4774 audire
3207 4721 3464 4791 inquien-

1875 4816 2027 4864 tem:
2067 4808 2230 4880 Euge,
2267 4826 2411 4864 serve
2459 4808 2589 4865 bone
2627 4819 2678 4865 et
2706 4811 2903 4882 ﬁdelis,
2934 4813 3059 4883 quia
3108 4829 3268 4883 super
3290 4831 3464 4884 pauca

1872 4900 2028 4970 fuisti
2069 4900 2282 4971 ﬁdelis,
2328 4916 2492 4971 supra
2534 4902 2706 4957 multa
2748 4912 2797 4957 te
2832 4905 3177 4959 constituam.
3222 4902 3378 4958 Intra
3408 4907 3462 4962 in

1866 4994 2125 5064 gaudium
2166 4993 2383 5047 Domini
2434 4996 2512 5047 tui
2535 4995 2601 5047 ⁸⁸.

1941 5085 2008 5139 Et
2026 5086 2393 5156 subscriptio:
2414 5085 2674 5141 Orantem
2704 5103 2801 5156 pro
2822 5089 2981 5144 nobis
3000 5097 3250 5144 sanctum
3269 5098 3462 5157 aposto

1867 5177 2039 5233 latum
2074 5188 2319 5234 vestrum
2342 5180 2601 5251 longaevis
2633 5178 2899 5237 Dominus
2922 5188 3212 5238 conservet
3247 5188 3463 5253 tempo-

1869 5271 2049 5327 ribus.

248 5449 496 5519 “Joan.
532 5466 572 5517 ι,
609 5451 663 5506 5.
738 5450 782 5483 ⁵⁷
822 5449 1013 5505 Matth.
1051 5466 1105 5515 χ,
1138 5448 1229 5504 25.
1305 5451 1352 5484 ⁸⁸
1392 5450 1584 5506 Matth.
1620 5465 1747 5516 xxv,
1780 5451 1788 5503 ε

1911 5448 2002 5504 25.

251 5607 365 5680 (52)
404 5608 462 5664 s.
499 5607 631 5677 Leo,
662 5625 730 5679 cp
783 5608 870 5664 et.

1928 5604 2059 5676 ’(5'5)
2094 5595 2306 5662 Concil.
2339 5603 2646 5661 Romanum
2678 5619 2823 5662 anno
2865 5603 2987 5659 721.
