3852 6206
448 184 593 239 1447

1619 187 1676 246 S.
1717 189 2179 252 ATHANASIUS.
2221 228 2288 237 —
2331 195 2603 252 SPURIA.

3572 211 3704 267 {N8

449 317 779 392 Rescriptttm
822 320 995 378 Marci
1035 340 1206 393 papas,
1242 326 1306 382 de
1365 329 1610 385 missione
1652 334 2022 421 capitulorum
2058 338 2269 423 Nierrni
2310 342 2523 396 concilii
2571 342 2899 409 Athanasio,
2943 354 2995 400 et
3045 345 3289 401 omnibus
3329 348 3706 421 ﬁgyptiorant

1934 423 2193 480 episcopis
2204 451 2215 464 .

516 501 762 559 Dominis
778 508 1180 565 venerabilibus
1205 509 1485 579 fratribus,
1508 514 1808 572 Athanasio
1828 526 1883 575 et
1905 521 2031 577 uni-
2059 528 2105 586 Α
2134 525 2363 587 scrinio,
2398 525 2591 581 eadem
2636 543 2759 597 quae
2802 538 3010 587 sancta:
3052 533 3456 593 recordationis
3500 540 3707 609 prede-

444 595 625 649 versis
664 594 1049 667 Egyptiorum
1089 600 1366 672 episcopis
1391 643 1407 668 ,
1446 603 1664 660 Marcus
1692 617 1896 664 sancta:
1925 612 2026 664 Ro-

446 698 641 749 manae,
679 689 1096 761 apostolicaeque
1127 691 1285 748 Sedis
1315 702 1369 749 et
1399 696 1730 755 universalis
1763 700 2025 757 Ecclesia

447 789 759 846 episc0pus.

516 888 703 956 Doleo,
738 891 955 958 fratres,
1000 901 1054 950 et
1097 897 1323 953 nimium
1354 902 1653 957 contristor
1690 918 1855 973 super
1887 903 2022 957 allii-

442 980 629 1036 ctione
669 991 888 1049 vestra,
934 987 1026 1042 sed
1076 990 1274 1058 oppido
1334 995 1613 1059 consolor,
1660 995 1809 1065 quod
1858 1005 2020 1051 vento

443 1072 645 1141 agitata
677 1089 786 1128 non
824 1078 957 1131 estis
996 1082 1228 1147 arundo,
1275 1082 1370 1137 sed
1420 1087 1558 1140 recti
1608 1087 1664 1139 in
1717 1085 1848 1151 fide,
1875 1087 2020 1143 inter

441 1176 633 1218 omnes
663 1166 1021 1235 procellarum
1055 1178 1112 1224 et
1164 1174 1446 1228 turbinum
1492 1175 1841 1245 afflictiones,
1874 1179 2019 1234 inter

441 1268 634 1310 omnes
669 1258 1092 1317 colluctationes
1113 1303 1127 1328 ,
1172 1265 1515 1320 incessanter
1544 1267 1876 1336 perduratis.
1909 1269 2016 1325 Le-

439 1345 546 1400 ctis
573 1360 704 1415 ergo
732 1348 1092 1409 fraternitatis
1124 1365 1320 1408 vestrae
1347 1356 1569 1421 litteris,
1602 1358 1847 1428 vigorem
1876 1375 2015 1414 con‘

441 1438 655 1492 stantia:
680 1451 896 1503 vestrm,
926 1458 1090 1512 quam
1122 1445 1248 1498 olim
1284 1462 1636 1510 noveramus,
1669 1452 2011 1521 agnovimus.

437 1528 898 1600 Cougratulantes
934 1534 1111 1600 vobis,
1155 1538 1303 1607 quod
1333 1538 1399 1591 ad
1439 1540 1857 1596 custodiendum
1890 1559 2015 1615 gre-

437 1638 580 1691 gem,
615 1627 950 1693 pastoralem
977 1642 1167 1681 curam
1208 1630 1501 1700 vigilantes
1532 1631 1909 1702 inscquimini.
1936 1634 2013 1690 Ne

435 1713 572 1784 lupi,
604 1714 700 1782 qui
733 1716 837 1769 sub
883 1717 1066 1786 specie
1115 1718 1298 1773 ovium
1334 1722 1752 1786 subintrarunt,
1793 1723 2008 1779 bestiali

435 1807 645 1860 Saevitia
676 1808 956 1877 simplices
994 1825 1243 1880 quasque
1284 1812 1605 1868 dilacerent.
1643 1815 1747 1882 Qui
1793 1830 1905 1869 non
1938 1815 2007 1870 ad

434 1896 539 1950 hoc
572 1898 975 1965 subintraruut,
1000 1878 1061 1955 ut
1094 1878 1276 1973 aliqua
1320 1905 1666 1961 correctione
1690 1909 2002 1976 proficiant,
2037 1878 2059 1933 Ι

432 1990 530 2046 sed
566 1998 627 2043 ut
654 2005 742 2055 ea,
772 2007 894 2061 quae
909 2001 1036 2047 sunt
1058 2008 1213 2060 sana,
1248 2005 1627 2066 corrumpant.
1661 1999 2005 2070 Quapropter

429 2098 629 2138 moneo
659 2092 714 2138 et
763 2084 956 2139 hortor
997 2086 1346 2141 dilectionem
1396 2099 1659 2156 vestram,
1700 2100 1761 2145 ut
1801 2092 2002 2146 bonum

430 2177 578 2246 quod
608 2177 880 2247 coepistis,
918 2178 1348 2235 adminiculante
1369 2181 1554 2236 divina
1596 2184 1797 2254 gratia,
1828 2200 2005 2255 usque

429 2270 487 2325 in
520 2271 681 2325 finem
731 2271 1034 2341 perducere
1084 2274 1382 2340 satagatis,
1420 2275 1672 2330 veritatis
1710 2291 1847 2331 voce
1886 2293 2003 2331 ma-

429 2368 632 2415 nente:
681 2360 877 2415 Beatus
907 2362 996 2431 qui
1017 2366 1419 2430 perseveraverit
1458 2365 1512 2418 in
1545 2366 1811 2435 ﬁnem'".
1848 2364 2002 2422 Unde

426 2451 573 2508 enim
607 2452 765 2506 beata
805 2454 1211 2522 perseverantia
1234 2494 1250 2519 ,
1291 2456 1400 2510 nisi
1433 2455 1500 2510 de
1552 2457 1750 2511 virtute
1784 2461 2000 2527 patien-

428 2544 553 2599 tiae?
592 2544 725 2597 Nam
763 2545 919 2614 juxta
961 2545 1283 2615 Apostolum
1315 2568 1326 2601 :
1364 2546 1558 2602 Omnes
1599 2548 1690 2619 qui
1739 2550 2000 2603 voluerint

424 2637 508 2704 pie
530 2637 695 2690 vivere
717 2636 771 2689 in
794 2633 1026 2702 Christo,
1046 2638 1453 2706 persecutionem
1476 2641 1743 2707 patientur
1763 2642 1832 2697 δ’.
1867 2642 2001 2708 Qua:

426 2744 538 2784 non
576 2728 633 2782 in
681 2743 747 2783 eo
778 2735 989 2782 tantum
1041 2729 1408 2800 computanda
1443 2742 1564 2796 est,
1614 2733 1756 2800 quod
1806 2744 1998 2789 contra

424 2818 794 2873 Christianam
830 2818 1107 2887 pietatem,
1145 2826 1240 2873 aut
1278 2818 1449 2883 ferro,
1484 2827 1578 2875 aut
1620 2823 1838 2892 ignibus
1881 2827 1997 2896 agi-

426 2920 549 2976 tur,
595 2919 689 2965 aut
726 2910 1146 2980 quibuscunque
1203 2912 1521 2982 suppliciis,
1560 2929 1684 2968 cum
1735 2931 1994 2984 persecu-

424 3003 640 3057 tionum
699 3002 962 3056 saevitiam
1006 3002 1318 3072 suppleant,
1372 3002 1468 3058 sed
1513 3005 1994 3065 dissimilitudines

421 3108 660 3156 morum,
689 3100 744 3148 et
778 3093 1133 3148 contumaciae
1158 3094 1582 3149 inobedientium
1604 3136 1619 3160 ,
1652 3104 1706 3152 et
1731 3099 1994 3171 maligna-

2127 618 2337 672 cessori
2380 633 2503 673 meo
2548 618 2828 690 Sylvestro
2876 630 3007 677 sunt
3047 624 3293 691 directa,
3332 630 3701 701 septuaginta,

2126 702 2269 757 sicut
2293 704 2670 774 signifieastis,
2708 709 2947 779 capitula
2991 712 3321 771 invenimus.
3360 716 3484 787 ipsa
3524 728 3701 775 autem

2122 794 2302 860 vobis,
2334 804 2563 866 propter
2594 802 2973 857 auctoritatem
3003 811 3058 857 et
3087 805 3553 877 subscriptionem
3582 821 3705 866 tan-

2122 890 2303 939 torum
2356 885 2697 954 Patrum,et
2745 891 2868 961 ejus
2923 896 3106 965 magni
3161 899 3423 963 concilii,
3475 902 3703 957 minime

2120 977 2373 1034 misimus
2393 1018 2408 1042 ,
2447 981 2543 1035 sed
2588 998 2686 1051 per
2714 986 2901 1039 eadem
2923 1026 2939 1051 ,
2992 1002 3289 1059 coramque
3321 994 3700 1061 apocrisiariis

2117 1070 2339 1133 vestris,
2370 1071 2475 1125 alia
2510 1074 2733 1139 similia,
2759 1075 3011 1131 eumdem
3049 1094 3359 1148 nunerum,
3394 1084 3700 1157 eademque

2118 1160 2306 1225 verba,
2347 1170 2401 1217 et
2432 1164 2606 1233 ipsam
2656 1167 3120 1239 subscriptionem
3151 1176 3512 1241 continentia,
3538 1179 3700 1235 vobis

2118 1255 2444 1319 rescribere,
2481 1266 2536 1311 et
2567 1259 2671 1313 sub
2692 1259 2859 1330 600
2884 1272 3037 1316 certa
3078 1263 3436 1333 stipulatione
3464 1277 3521 1323 et
3562 1286 3700 1325 con-

2118 1346 2426 1402 firmatione
2453 1349 2670 1404 mittere
2699 1352 3035 1408 curavimus.
3066 1352 3131 1409 Et
3170 1356 3294 1425 quis
3330 1368 3415 1414 est
3448 1363 3543 1431 qui
3584 1363 3700 1416 fra-

2114 1437 2293 1493 tribus
2318 1440 2449 1492 talia
2479 1456 2679 1510 negare
2704 1442 2939 1496 audeat?
2961 1445 3093 1498 Nam
3125 1462 3235 1500 non
3258 1451 3503 1519 neganda
3532 1453 3699 1509 nobis

2114 1527 2230 1582 hare
2282 1530 2459 1583 sancti
2519 1529 2761 1599 Spiritus
2806 1533 2948 1589 dona
3005 1534 3273 1594 Dominus
3319 1540 3545 1605 docuit,
3598 1544 3698 1599 sed

2116 1618 2345 1673 fideliter
2394 1623 2724 1687 exercenda,
2769 1636 2825 1678 et
2878 1625 3145 1684 fratribus
3177 1632 3589 1698 contradenda,
3640 1644 3700 1691 et

2112 1710 2357 1765 docenda
2384 1714 2669 1769 distribuit
2696 1716 2830 1788 (54).
2861 1717 2989 1775 Haec
3018 1724 3390 1792 apostolorum
3424 1726 3548 1780 viva
3580 1734 3701 1781 tra-

2111 1800 2267 1866 ditio,
2304 1803 2419 1858 haac
2459 1812 2545 1860 est
2575 1821 2699 1861 vera
2748 1809 3015 1876 charitas,
3045 1827 3168 1881 qum
3195 1814 3548 1882 praedicanda
3583 1825 3696 1883 est,

2109 1900 2160 1947 et
2188 1897 2464 1965 praecipue
2492 1898 2766 1967 diligenda
2790 1916 2855 1955 ac
2879 1900 3133 1969 fovenda,
3168 1916 3331 1976 atque
3357 1907 3699 1969 fiducialiter

2107 1984 2176 2038 ab
2201 1988 2457 2042 omnibus
2481 1989 2747 2044 tenenda:
2781 1992 2896 2047 hinc
2930 2006 3121 2049 sancta
3150 2004 3205 2051 et
3234 2001 3540 2068 apostolica
3574 2019 3688 2058 ma-

2106 2084 2193 2129 ter
2222 2078 2471 2132 omnium
2520 2076 2930 2146 Ecclesiarum,
2984 2085 3191 2143 Christi
3241 2088 3527 2158 Ecclesia,
3567 2110 3699 2163 qua:

2105 2185 2203 2241 per
2232 2173 2627 2242 omnipotentis
2657 2174 2750 2229 Dei
2790 2179 3019 2247 gratiam
3047 2194 3077 2232 a
3124 2182 3341 2237 tramite
3369 2187 3696 2254 apostolicae

2106 2262 2417 2319 traditionis
2455 2280 2735 2336 nunquam
2780 2284 2997 2326 errasse
3032 2272 3313 2341 probatur,
3365 2292 3471 2331 nec
3514 2278 3695 2335 haere-

2104 2352 2338 2407 ticorum
2372 2356 2708 2413 novitatibus
2735 2357 3085 2431 depravanda
3116 2363 3409 2418 succubuit
3435 2384 3451 2431 ;
3481 2369 3579 2423 sed
3626 2379 3692 2423 ut

2104 2443 2159 2497 in
2205 2447 2433 2502 exordio
2478 2464 2727 2504 normam
2776 2451 2897 2506 fidei
2948 2453 3277 2512 Christianae
3322 2461 3573 2530 percepit
3616 2462 3689 2516 ab

2102 2539 2421 2595 auctoribus
2474 2542 2591 2597 suis
2638 2544 3009 2613 apostolorum
3065 2546 3269 2602 Christi
3309 2551 3681 2621 principibus,

2102 2627 2309 2681 illibata
2343 2629 2449 2685 fine
2485 2638 2649 2688 tenus
2682 2641 2884 2698 manet,
2921 2636 3224 2690 secundum
3256 2639 3432 2708 ipsius
3462 2638 3679 2696 Domini

2102 2719 2407 2777 Salvatoris
2465 2722 2707 2778 divinam
2757 2726 3205 2795 pollicitationem
3239 2769 3254 2793 ,
3304 2732 3399 2801 qui
3451 2748 3677 2787 suorum

2099 2811 2496 2884 discipulorunt
2523 2817 2759 2887 principi
2790 2818 2844 2871 in
2870 2819 2987 2874 suis
3016 2819 3164 2875 fatus
3193 2829 3278 2876 est
3318 2822 3635 2894 Evangeliis
3659 2845 3673 2879 :

2100 2897 2276 2963 Petre,
2308 2903 2597 2971 inquiens,
2642 2920 2758 2958 ecce
2808 2905 2980 2960 Satan
3020 2911 3271 2979 expetivit
3313 2921 3370 2965 ut
3413 2913 3678 2969 cribraret

2098 3006 2207 3055 vos,
2271 2994 2407 3046 sicut
2461 2995 2551 3064 qui
2598 2994 2798 3049 cribrat
2837 2998 3073 3053 triticum
3103 3016 3123 3055 :
3160 3018 3254 3071 ego
3285 3013 3464 3058 autem
3502 3021 3600 3074 pro
3632 3017 3680 3061 te

2095 3084 2298 3152 rogavi,
2346 3094 2404 3137 ut
2455 3102 2557 3140 non
2604 3086 2820 3157 deﬁciat
2850 3090 2984 3158 fides
3034 3101 3148 3158 tua,
3184 3105 3235 3148 et
3270 3109 3327 3149 tu
3377 3099 3675 3169 aliquando

419 3200 542 3240 rum
567 3185 670 3238 tela
688 3184 1018 3255 linguarum,
1036 3185 1234 3254 quibus
1260 3186 1755 3244 conflictationibus
1772 3198 1832 3244 ut
1846 3207 1994 3246 com-

2101 3195 2373 3234 conversus
2398 3183 2658 3252 conﬁrma
2680 3184 2875 3253 fratres
2901 3196 3017 3241 tuos
3035 3188 3104 3243 “.
3132 3188 3460 3246 Consideret
3488 3193 3677 3263 itaque

419 3276 605 3331 munia
638 3291 852 3345 semper
880 3276 1124 3331 membra
1162 3278 1472 3345 pulsantur,
1507 3288 1567 3333 ut
1600 3281 1746 3335 nulla
1779 3283 1993 3351 piorum

418 3370 599 3439 portio
634 3355 1061 3422 conflictatione
1115 3369 1186 3423 sit
1237 3369 1426 3435 libera,
1485 3378 1544 3425 ut
1575 3387 1676 3426 nec
1715 3375 1990 3442 periculis,

417 3474 520 3515 nec
537 3460 649 3514 otio
663 3469 902 3522 careant,
917 3476 1018 3514 nec
1033 3460 1376 3516 lahore.Nam
1402 3462 1535 3526 hinc,
1550 3470 1603 3518 et
1621 3465 1803 3518 omnia
1822 3465 1994 3520 incre-

416 3560 598 3607 menta
616 3551 976 3621 probabilium
994 3551 1323 3616 studiorum,
1336 3561 1390 3608 et
1403 3554 1458 3607 in
1475 3554 1556 3609 eis
1571 3571 1743 3624 usque
1756 3557 1809 3610 in
1828 3556 1989 3612 finem

414 3644 905 3714 perseverantium,
938 3651 1102 3713 atque
1132 3644 1286 3699 bonae
1309 3646 1605 3701 voluntatis
1627 3647 1985 3714 incrementa,

414 3739 481 3793 ad
512 3737 717 3793 Christi
763 3738 994 3806 gratiam
1046 3751 1262 3806 semper
1305 3744 1435 3792 sunt
1474 3738 1785 3806 referenda,
1818 3749 1878 3794 ut
1931 3741 1985 3795 in

412 3829 668 3883 omnibus
693 3843 814 3897 quae
846 3827 1080 3896 agimus,
1105 3825 1249 3882 Deus
1286 3827 1433 3881 omni
1463 3828 1702 3898 perfecte
1735 3829 1987 3885 laudetur

410 3931 674 3992 tempore.
713 3920 786 3975 De
813 3920 1177 3990 capitulorum
1219 3912 1453 3989 namque
1497 3921 1729 3977 veritate
1773 3930 1828 3977 et
1877 3939 1982 3976 nu-

408 4027 562 4067 mero
588 4011 792 4065 Nicaeni
826 4011 1068 4076 concilii,
1100 4010 1300 4080 quibus
1336 4027 1433 4066 vos
1462 4012 1799 4079 interfuisse,
1836 4014 1972 4069 litte-

407 4104 488 4158 ris
524 4111 722 4158 vestraa
757 4100 1121 4157 fraternitatis
1152 4102 1528 4172 significastis,
1566 4119 1595 4157 a
1629 4105 1855 4170 nostris,
1884 4105 1981 4175 qui

405 4210 515 4249 una
546 4196 829 4250 vobiscum
878 4194 1273 4258 interfuerunt,
1313 4196 1751 4266 diligentioribus
1795 4198 1980 4267 requi-

404 4287 633 4341 sivimus
659 4285 1133 4341 collocutionibus.
1167 4285 1271 4352 Qui
1308 4286 1404 4351 ita,
1444 4293 1502 4339 ut
1537 4294 1733 4341 vestrm
1765 4296 1978 4342 testata:

402 4386 534 4435 sunt
563 4380 774 4442 litterae,
808 4393 1024 4433 onmem
1074 4377 1235 4432 nobis
1276 4377 1523 4432 ordinem
1567 4387 1969 4449 exposuerunt,

399 4477 456 4525 et
486 4477 723 4524 vestram
754 4469 1040 4537 epistolam
1075 4483 1172 4538 per
1197 4468 1381 4522 omnia
1413 4483 1594 4523 veram
1623 4486 1745 4525 esse
1787 4472 1971 4527 testati

2098 3277 2278 3323 vestra
2314 3272 2585 3327 excellens
2630 3275 2942 3342 prudentia,
2993 3292 3157 3346 quam
3193 3280 3398 3335 bonum
3440 3283 3514 3337 sit
3550 3299 3676 3354 per-

2095 3362 2291 3417 sistere
2346 3363 2403 3417 in
2449 3364 2859 3433 dispensatione
2889 3368 3045 3425 vobis
3090 3372 3323 3438 credita,
3355 3384 3410 3428 et
3464 3374 3520 3428 in
3570 3375 3675 3431 fide

2093 3461 2263 3517 recta,
2291 3461 2454 3525 atque
2480 3455 2752 3512 hwreticis
2778 3466 2833 3511 et
2858 3460 3071 3515 tumulis
3099 3460 3309 3518 Christi
3338 3480 3672 3536 repugnare,

2089 3554 2143 3598 et
2178 3560 2457 3615 nunquam
2480 3562 2512 3601 a
2547 3548 2791 3603 veritatis
2815 3550 3031 3606 tramite
3060 3552 3361 3610 declinare.
3396 3558 3672 3621 Quoniam

2089 3633 2354 3692 Dominus
2391 3647 2445 3693 et
2475 3638 2727 3695 Salvator
2749 3642 3016 3703 omnium.
3056 3646 3220 3715 cujus
3254 3649 3388 3703 fides
3433 3659 3542 3713 est,
3577 3653 3672 3721 qui

2088 3744 2188 3798 pro
2228 3731 2386 3785 nobis
2416 3732 2555 3785 muri
2596 3748 2705 3788 non
2736 3734 3039 3802 dubitavit,
3080 3750 3134 3794 et
3166 3742 3394 3810 proprio
3425 3757 3531 3799 nos
3568 3760 3672 3800 suo

2086 3822 2353 3889 sanguine
2389 3822 2638 3888 redemit,
2679 3827 2770 3895 qui
2803 3828 2960 3882 fidem
2991 3828 3134 3884 beati
3174 3829 3320 3887 Petri
3353 3849 3465 3887 non
3516 3835 3670 3892 defe-

2082 3920 2294 3966 cturam
2343 3915 2611 3987 promisit,
2649 3924 2703 3971 et
2735 3921 3063 3975 confirmare
3109 3937 3237 3975 eum
3281 3923 3481 3979 fratres
3533 3943 3667 3982 suos

2081 4004 2386 4059 admonuit.
2412 4005 2565 4071 Quod
2602 4010 2936 4077 apostolicos
2966 4011 3255 4080 pontifices
3287 4029 3423 4069 uteie
3451 4017 3666 4087 exigui-

2078 4095 2208 4150 tatis
2255 4097 2690 4164 praedecessores
2753 4101 3093 4157 confidenter
3141 4103 3384 4166 fecisse,
3444 4122 3664 4178 semper

2076 4189 2290 4241 cunctis
2319 4196 2402 4242 est
2443 4190 2742 4258 cognitum.
2775 4189 3019 4256 Quorum
3055 4201 3111 4246 et
3164 4195 3442 4263 pusillitas
3502 4214 3655 4263 mea,

2074 4274 2202 4329 licet
2223 4276 2401 4345 impar
2429 4277 2501 4331 sit
2527 4285 2582 4331 et
2608 4279 2816 4341 infima,
2842 4295 2943 4349 pro
2970 4293 3224 4351 suscepta
3258 4290 3443 4338 tamen
3468 4285 3657 4341 divina

2072 4366 2425 4441 dignatione,
2464 4372 2773 4427 ministerio
2819 4373 3120 4443 pedisequa
3160 4375 3313 4444 cupit
3358 4379 3653 4433 exsistere.

2074 4460 2165 4515 V32
2210 4461 2357 4515 enim
2401 4462 2507 4516 erit
2554 4462 2747 4527 nobis,
2804 4464 2897 4534 qui
2943 4463 3108 4534 hujus
3159 4466 3452 4521 ministerii
3512 4483 3654 4523 onus

399 4570 551 4628 sunt,
600 4575 710 4615 non
756 4567 816 4613 ut
867 4560 1070 4629 aliquid
1123 4561 1410 4616 sinistrum
1461 4570 1645 4616 vestra
1695 4578 1761 4617 ex
1813 4572 1970 4634 parte
2000 4565 2047 4626 ο
2074 4562 2388 4622 susceptum
2422 4552 2707 4620 habemus,
2741 4555 2787 4609 si
2809 4557 3095 4611 veritatem
3131 4554 3443 4613 Salvatoris
3473 4561 3653 4616 nostri

398 4650 750 4713 arbitremur,
783 4648 878 4703 sed
932 4665 1033 4703 nos
1065 4656 1119 4703 et
1164 4665 1284 4713 vos,
1334 4650 1567 4719 illosque
1603 4652 1811 4722 absque
1860 4654 1969 4707 ulla

2101 4659 2196 4699 esu
2228 4645 2457 4712 Christi,
2496 4660 2661 4714 quam
2712 4648 2947 4715 apostoli
2997 4646 3476 4717 praedicaverunt,
3516 4668 3653 4722 pra:-

396 4744 450 4797 in
476 4750 748 4812 posterum
773 4739 1098 4794 titubatione
1130 4754 1296 4793 unum
1330 4741 1532 4794 sentire
1554 4749 1892 4811 optaremns,
1916 4752 1970 4797 et
2066 4735 2252 4791 dicare
2281 4737 2703 4806 neglexerimus-
2725 4735 2817 4791 ναξ
2844 4739 3009 4791 etiam
3031 4738 3137 4793 em
3168 4740 3351 4803 υοδίει
3391 4742 3439 4797 εί
3474 4745 3648 4799 είιθη-

394 4843 585 4891 sancta
620 4832 864 4886 Romana
901 4832 1167 4894 Ecclesia,
1201 4846 1322 4900 quae
1364 4847 1581 4903 semper
1617 4833 1964 4886 immaculata

2101 4831 2142 4880 io
2166 4828 2449 4882 veritatem
2490 4828 2949 4897 oppresserimus,
3002 4829 3097 4898 qui
3131 4845 3362 4899 erogare
3387 4848 3650 4888 nummu-

392 4926 615 4988 mansit,
646 4934 700 4980 et
738 4923 968 4978 Domino
1021 4923 1379 4991 providente,
1420 4931 1474 4978 et
1521 4924 1683 4977 beato
1717 4925 1965 4992 apostolo
2064 4918 2217 4973 Iariis
2245 4919 2539 4989 jubemur,
2590 4919 2647 4973 id
2701 4929 2807 4983 est,
2849 4919 3195 4978 Christianos
3247 4923 3491 4992 papulas
3545 4925 3647 4979 im—

390 5017 551 5073 Petro
580 5032 738 5087 opem
791 5016 1015 5074 ferente.
1058 5015 1114 5069 in
1158 5016 1346 5070 futuro
1394 5016 1659 5078 manebit,
1701 5017 1819 5071 sine
1853 5017 1962 5069 ulla
2062 5011 2252 5075 buere,
2309 5020 2363 5065 et
2408 5011 2626 5067 docere.
2678 5010 2819 5078 Quid
2873 5013 2928 5066 in
2974 5013 3150 5083 ipsius
3193 5013 3407 5069 Christi
3460 5016 3645 5071 futuro

390 5108 770 5163 hiereticorum
806 5104 1183 5167 insultatione,
1213 5104 1367 5157 firma
1404 5114 1459 5160 et
1489 5106 1784 5160 immobilis
1813 5105 1960 5157 omni
2060 5104 2259 5158 dicturi
2290 5120 2481 5159 sumus
2511 5104 2780 5167 examine,
2816 5104 2862 5159 si
2897 5107 3171 5160 sermonis
3199 5107 3324 5175 ejus
3352 5108 3640 5163 veritatem

388 5205 634 5266 tempore
676 5198 951 5265 persistet.
992 5197 1089 5254 His
1139 5198 1323 5267 itaque
1367 5199 1625 5266 peractis,
1673 5197 1964 5267 diligenter
2060 5194 2454 5249 confundimur
2497 5196 2834 5266 praedicare?
2869 5196 3010 5262 Quid
3053 5198 3159 5252 erit
3189 5198 3261 5253 de
3293 5199 3481 5265 nobis,
3515 5214 3637 5254 cum

382 5290 747 5360 requirentes,
781 5289 838 5345 in
870 5299 1061 5346 sancto
1103 5297 1310 5348 nostrae
1355 5298 1409 5345 et
1445 5291 1760 5360 apostolicae
1812 5289 1960 5343 sedis
2058 5286 2127 5343 de
2158 5286 2471 5342 commissis
2513 5287 2675 5345 nobis
2712 5286 3024 5353 animabus,
3054 5294 3113 5343 et
3140 5288 3210 5344 de
3236 5287 3421 5346 omcio
3443 5302 3635 5347 susce-

452 5446 522 5479 ⁵⁸²
555 5443 745 5499 Matth.
779 5462 929 5511 xnv,
969 5447 1054 5503 15.
1092 5447 1136 5481 ⁸⁹
1176 5446 1223 5502 Il
1259 5445 1401 5503 Tim.
1437 5463 1517 5515 tu,
1556 5446 1639 5501 12.
1716 5447 1762 5478 ⁸⁸
1800 5442 1936 5501 Luc.
1973 5462 1999 5501 ι

2101 5448 2235 5513 .51,
2270 5447 2360 5501 59..

449 5601 567 5668 (54)
599 5602 810 5671 Agatho
850 5606 913 5659 ad
941 5606 1129 5661 Const.
1165 5606 1493 5676 Augustum,
1525 5615 1629 5663 act.
1665 5608 1697 5662 4
1726 5609 1944 5664 concilii
1971 5625 2022 5664 γι
2064 5624 2188 5679 gen.
