3852 6206
142 310 164 361 l
174 308 262 364 43.9

1005 304 1274 368 PONTIF.
1317 303 1482 366 non.
1516 298 1603 364 ΕΤ
1642 297 2012 365 A’i‘llANASll
2051 294 2432 363 EPIsToLAS.

3232 299 3364 364 M53

141 431 240 494 pto,
270 425 526 478 rationem
581 418 774 492 justus!
807 425 973 494 judex
1007 425 1258 480 Christus
1308 424 1449 480 Deus
1494 423 1684 478 distri-
1715 429 1756 484 Α
1788 421 1883 492 qui
1948 419 2265 491 diligentius
2316 418 2458 489 quod
2497 417 2561 472 ad
2616 418 2847 472 saltttcm
2897 417 3206 475 commissas
3260 420 3370 478 sibi

139 526 264 570 ctam
288 518 492 584 egerit?
526 517 672 580 Ideo,
716 520 935 581 fratres,
967 519 1156 571 hortor
1197 517 1544 571 dilectionem
1589 531 1682 570 ve-

137 617 309 673 stram,
344 609 609 670 obtestor,
657 620 713 665 et
746 624 962 672 moneo,
1007 618 1068 662 ut
1113 623 1221 679 qua
1273 609 1486 664 debetis
1530 607 1684 662 solli-

137 696 372 761 citudine,
414 698 650 768 vigiletis
687 700 752 753 ad
809 699 1219 770 investigandos
1270 698 1591 752 haereticos.
1633 704 1688 750 et

136 787 364 842 inimicos
398 796 603 844 sanctae
629 789 724 845 Dei
761 789 1042 856 Ecclesiae,
1063 799 1118 845 et
1149 805 1178 842 a
1217 790 1371 844 sanis
1408 788 1688 843 mentibus

132 893 195 934 ne
241 882 400 950 pestis
457 883 572 938 haec
631 883 794 938 latius
850 883 1181 954 divulgetur,
1228 883 1518 938 severitate
1573 896 1682 952 qua

130 975 353 1039 potestis,
391 988 493 1045 pro
548 976 761 1033 viribus
809 977 1148 1046 exstirpetis.
1204 977 1479 1043 Quantum
1531 975 1676 1030 enim

126 1065 328 1120 habebit
377 1082 406 1121 a
458 1066 569 1123 Deo
617 1069 794 1138 dignae
857 1070 1314 1125 remunerationis
1354 1068 1671 1139 praemium,

1786 513 1962 582 plebis
2007 512 2212 582 prosit,
2267 508 2430 566 fuerit
2475 517 2802 578 exsecutus;
2851 509 2926 564 ita
2971 518 3097 566 ante
3127 508 3370 566 tribunal

1789 604 2006 658 Domini
2045 603 2114 659 de
2157 612 2312 657 reatu
2343 601 2688 673 negligentiae
2723 618 2783 658 se
2815 617 2924 657 non
2955 603 3157 673 poterit
3195 619 3366 660 excu-

1790 710 1953 758 sare,
2007 694 2322 765 quicunque
2381 694 2594 762 plebem
2644 709 2800 750 suam
2853 704 3046 751 contra
3087 697 3370 768 sacrilega

1789 786 2166 859 persuasionis
2197 793 2450 840 auctores
2484 786 2723 842 noluerit
2763 788 3064 844 custodire.
3104 787 3241 842 Data
3266 802 3361 845 vm

1789 877 1910 932 Kal.
1945 876 2291 938 Novembris,
2320 875 2624 945 Nepotiano
2656 884 2711 932 et
2763 875 3036 945 Secundo,
3077 879 3212 934 viris
3253 879 3362 934 cla-

1787 969 2048 1034 rissimis,
2068 967 2409 1024 consulibus.

221 1185 455 1257 Epistola
488 1189 842 1260 increpatoria
865 1185 1002 1244 Julii
1031 1205 1182 1258 papa:
1213 1190 1281 1243 ad
1315 1188 1613 1314 Orieﬁtales
1645 1172 2065 1309 episgopqs,pro
2096 1183 2274 1235 causis
2304 1180 2611 1246 Athanasii,
2642 1187 2691 1234 et
2724 1181 3020 1235 excessibus
3075 1189 3262 1236 contra

1481 1274 1728 1313 omanam
1803 1272 1859 1308 cc
1881 1269 2067 1308 eszam.

1481 1274 1728 1313 omanam
1755 1269 2067 1309 [ποιεειαηι.

185 1365 595 1428 Vcnerabilibus
655 1370 918 1428 fratribus
982 1375 1258 1432 universis
1305 1373 1688 1430 Orientalibus
1786 1369 1921 1422 catis
1957 1365 2175 1420 nostris.
2202 1364 2546 1430 Charissimi,
2576 1365 2624 1419 si
2656 1364 2793 1419 Deus
2823 1364 3010 1419 dilexit
3040 1383 3158 1432 nos,
3191 1378 3240 1422 et
3265 1385 3358 1426 nos

45 1514 47 1516 .
117 1459 396 1530 episcopis,
431 1459 629 1516 Julius.

187 1548 442 1604 Decucrat
494 1566 632 1615 vos,
688 1551 920 1619 fratres,
970 1554 1108 1610 alios
1161 1554 1554 1610 ecclesiasticis
1598 1555 1686 1608 ina

116 1646 320 1695 struere
345 1640 677 1712 disciplinis,
715 1651 763 1697 et
799 1658 908 1698 non
954 1645 1156 1701 talibus
1194 1660 1425 1715 arguere
1471 1647 1683 1701 machi-

116 1733 398 1796 namentis,
440 1733 657 1788 dicente
702 1731 973 1789 Domino:
1025 1734 1302 1792 Neminem
1333 1740 1676 1804 concutiatis,

115 1838 268 1894 neque
299 1825 621 1878 calumniam
659 1826 876 1895 faciatis
906 1827 973 1893 θί,
1009 1837 1064 1883 et
1098 1829 1332 1900 reliqua.
1367 1830 1442 1886 De
1475 1847 1582 1900 qua
1622 1847 1682 1886 re

115 1917 385 1986 apostolus
415 1917 620 1973 Paulus
649 1936 752 1975 nos
783 1921 1042 1982 instruit.
1070 1923 1261 1979 dicens
1286 1941 1299 1977 ε
1355 1922 1599 1986 Fratres,
1632 1925 1679 1977 si

110 2018 495 2078 praeoccupatus
529 2011 689 2080 fuerit
723 2012 879 2068 homo
911 2015 964 2066 in
1008 2014 1185 2084 aliquo
1225 2013 1437 2079 delicto,
1470 2032 1559 2070 vos
1591 2016 1681 2086 qui

111 2101 408 2169 spirituales
442 2104 591 2169 estis,
623 2103 873 2158 instruite
913 2103 1219 2173 hujusmodi
1240 2107 1295 2160 in
1325 2106 1518 2175 spiritu
1543 2106 1678 2160 leni-

109 2194 255 2253 tatis,
289 2193 629 2247 considerans
676 2195 922 2263 teipsum,
965 2212 1028 2249 ne
1059 2205 1108 2250 et
1151 2207 1208 2250 tu
1255 2199 1466 2253 tenteris
1510 2199 1577 2262 ⁶²,
1626 2205 1680 2254 et

108 2283 334 2351 reliqua.
369 2282 434 2335 Et
466 2284 594 2337 alibi
634 2282 828 2340 Petrus
859 2288 1145 2354 apostolus
1173 2286 1248 2340 ait
1276 2305 1288 2340 :
1322 2285 1515 2341 Omnes
1544 2303 1680 2340 una-

106 2375 268 2427 nimes
299 2374 349 2426 in
371 2375 610 2428 oratione
655 2385 842 2442 estote,
886 2379 1285 2448 compatientes,
1324 2379 1679 2448 fraternitatis

105 2474 392 2528 amatores,
428 2467 820 2533 misericordes,
861 2470 1106 2535 modesti,
1143 2470 1390 2536 humiles,
1426 2489 1530 2526 non
1559 2472 1678 2526 red—

102 2556 279 2610 dentes
312 2558 512 2611 malum
545 2574 641 2627 pro
673 2560 838 2625 malo,
884 2561 964 2616 vel
1003 2561 1342 2615 maledictum
1378 2577 1473 2630 pro
1512 2564 1674 2617 maleo

101 2649 266 2716 dicto,
295 2651 384 2704 sed
404 2657 705 2706 econtrario
735 2653 1114 2715 benedicentes.
1146 2657 1274 2725 quia
1302 2657 1356 2709 in
1387 2656 1485 2711 hoc
1507 2657 1681 2710 vocati

97 2744 248 2806 estis,
292 2755 349 2796 ut
393 2745 804 2799 benedictionem
842 2745 1148 2800 haereditate
1192 2746 1534 2815 possidentis.
1575 2747 1682 2812 Qui

95 2839 238 2891 enim
260 2837 369 2891 vult
393 2839 552 2892 vitam
569 2838 807 2910 diligere,
831 2849 879 2892 et
906 2839 1080 2893 videre
1105 2839 1216 2894 dies
1237 2839 1419 2904 bonos,
1444 2850 1679 2894 coerceat

96 2929 336 2998 linguam
370 2948 523 2984 suam
569 2949 602 2985 a
644 2933 809 2997 malo,
855 2941 904 2988 et
948 2934 1091 2987 labia
1138 2949 1238 2987 sua
1286 2949 1349 2987 ne
1393 2934 1681 3002 loquantur

1788 1458 2035 1513 debemus
2065 1458 2284 1514 invicem
2303 1457 2544 1528 diligere.
2578 1457 2745 1512 Deum
2772 1474 2922 1512 nemo
2945 1458 3072 1512 vidit
3110 1477 3352 1531 unquam

1789 1548 1852 1605 Si
1889 1549 2178 1621 diligamus
2201 1549 2452 1613 invicem,
2478 1548 2621 1603 Deus
2666 1550 2720 1603 in
2757 1549 2909 1604 nobis
2937 1560 3131 1615 manet,
3156 1561 3205 1604 et
3235 1552 3362 1605 chos

1786 1644 1922 1696 ritas
1955 1642 2069 1711 ejus
2099 1642 2154 1694 in
2181 1639 2329 1696 nobis
2349 1640 2582 1711 perfecta
2615 1650 2712 1695 est.
2750 1639 2816 1694 In
2856 1641 2952 1696 hoc
2995 1642 3348 1712 intelligimus.

1782 1734 2035 1804 quoniam
2062 1734 2120 1787 in
2159 1749 2217 1786 eo
2255 1749 2552 1794 manemus,
2583 1741 2632 1786 et
2664 1733 2774 1801 ipse
2807 1733 2862 1786 in
2903 1733 3090 1796 nobis,
3113 1733 3363 1802 quoniam

1782 1822 1848 1878 de
1876 1823 2072 1894 spiritu
2105 1839 2202 1878 suo
2226 1823 2368 1878 dedit
2408 1823 2580 1877 nobis.
2615 1821 2683 1876 Et
2709 1840 2803 1878 nos
2829 1823 3084 1888 vidimus,
3119 1831 3169 1877 et
3207 1823 3362 1876 testi-

1781 1918 2033 1982 ﬁcamur,
2066 1918 2317 1987 quoniam
2342 1916 2509 1971 Pater
2548 1917 2695 1972 misit
2735 1915 2938 1970 Filium
2978 1931 3131 1970 suum
3172 1913 3363 1970 Salua-i

1785 2009 2171 2064 toremmundi.
2198 2009 2454 2080 Quisquis
2474 2011 2766 2080 confessus,
2802 2011 3050 2078 quoniam
3088 2008 3245 2065 Iesus
3281 2022 3361 2064 est

1782 2098 1960 2155 Filius
1983 2100 2104 2168 Dei,
2128 2099 2269 2155 Deus
2302 2101 2356 2154 in
2379 2118 2439 2156 eo
2462 2111 2662 2166 manet,
2698 2111 2748 2157 et
2773 2103 2882 2171 ipse
2919 2103 2976 2156 in
3006 2101 3137 2156 Deo.
3170 2101 3239 2156 Et
3267 2118 3362 2158 nos

1781 2193 2154 2263 cognovimus,
2205 2201 2255 2246 et
2310 2192 2630 2247 credidimus
2675 2193 2926 2247 charitati
2951 2232 2967 2257 ,
3010 2210 3169 2263 quam
3208 2192 3364 2248 habet

1787 2278 1924 2334 Deus
1958 2281 2015 2333 in
2071 2279 2246 2335 nobis.
2291 2280 2434 2335 Deus
2466 2282 2704 2336 charitas
2750 2291 2851 2350 est,
2878 2293 2929 2337 et
2965 2285 3056 2354 qui
3101 2293 3276 2338 manet
3308 2285 3364 2337 in

1782 2370 2066 2435 charitate,
2096 2373 2153 2426 in
2192 2371 2298 2427 Deo
2328 2380 2527 2439 manet,
2567 2381 2617 2427 et
2645 2371 2790 2427 Deus
2814 2373 2867 2427 in
2902 2389 2981 2427 eo.
3014 2371 3081 2427 In
3116 2373 3215 2426 hoc
3243 2389 3364 2443 per-

1782 2465 1922 2533 fecta
1945 2475 2024 2520 est
2055 2466 2290 2520 charitas
2322 2465 2592 2520 nobiscum
2613 2507 2627 2532 ,
2676 2477 2736 2520 ut
2780 2466 3035 2536 ﬁduciam
3075 2465 3362 2522 habeamus

1781 2558 1838 2611 in
1867 2558 1954 2612 die
1988 2558 2206 2628 judicii,
2238 2561 2365 2629 quia
2407 2560 2544 2614 sicut
2585 2559 2676 2614 ille
2721 2571 2826 2623 est,
2857 2569 2908 2614 et
2950 2576 3046 2615 nos
3094 2576 3276 2615 sumus
3306 2562 3364 2616 in

1781 2648 1879 2704 hoc
1905 2652 2124 2704 mundo.
2162 2651 2346 2705 Timor
2366 2669 2470 2707 non
2497 2661 2576 2707 est
2603 2653 2660 2707 in
2701 2652 2981 2716 charitate,
3005 2652 3095 2706 sed
3131 2652 3365 2721 perfecta

1781 2742 2017 2796 charitas
2051 2743 2199 2812 foras
2221 2745 2384 2797 mittit
2409 2746 2668 2811 timorem,
2687 2746 2939 2814 quoniam
2976 2745 3134 2798 timor
3155 2759 3362 2812 poenam

1781 2831 1956 2887 habet.
1990 2833 2096 2898 Qui
2124 2843 2302 2888 autem
2338 2837 2506 2898 timet,
2556 2852 2662 2891 non
2703 2844 2781 2889 est
2829 2835 3089 2904 perfectus
3137 2836 3190 2888 in
3229 2835 3358 2890 cha-

1783 2925 1963 2981 ritate.
2021 2925 2136 2980 Nos
2181 2943 2306 2997 ergo
2359 2929 2645 2999 diligamus
2675 2928 2873 2989 Deum,
2918 2928 3167 2997 quoniam
3218 2928 3359 2982 Deus

94 3020 300 3074 dolum.
338 3021 571 3076 Destinet
605 3039 636 3076 a
667 3025 841 3087 malo,
873 3033 923 3079 et
964 3025 1132 3094 faciat
1175 3023 1402 3090 bonum,
1439 3026 1677 3094 inquirat
1705 3041 1747 3099 ο
1779 3019 1930 3086 Prior
1968 3017 2160 3071 dilexit
2208 3035 2325 3074 nos.
2376 3017 2438 3074 Si
2481 3020 2598 3090 quis
2636 3020 2865 3082 dixerit,
2899 3021 3149 3088 quoniam
3193 3020 3360 3090 diligo

90 3129 300 3179 pacem,
329 3123 378 3167 et
407 3128 752 3184 persequatur
779 3133 916 3181 eam,
951 3117 1078 3186 quia
1110 3117 1250 3170 oculi
1279 3115 1496 3171 Domini
1521 3131 1677 3186 super

82 3204 287 3272 justas,
315 3212 366 3256 et
397 3219 551 3257 aures
585 3205 700 3272 ejus
747 3206 801 3258 in
832 3221 1012 3275 preces
1038 3223 1240 3261 eorum.
1285 3205 1472 3261 Vultus
1498 3219 1676 3261 autem

97 3291 333 3354 Domini,
373 3309 530 3360 super
571 3293 822 3361 facientes
875 3296 1022 3349 mala
1051 3297 1117 3351 ⁸³.
1169 3298 1309 3364 Quid
1353 3290 1511 3368 pejus
1566 3307 1672 3366 est,

92 3382 320 3447 fratres,
341 3399 504 3452 quam
529 3386 672 3453 quod
705 3387 1020 3443 sacerdotes
1043 3387 1281 3452 Domini,
1313 3392 1405 3459 qui
1435 3391 1505 3444 ab
1525 3392 1673 3446 omni

87 3475 237 3527 mala
271 3475 738 3547 coinquinatione,
766 3487 867 3532 eta
898 3489 1229 3535 nocumento
1251 3482 1492 3534 omnium
1513 3481 1676 3536 Chri-

87 3568 406 3622 stianorum
441 3570 604 3623 alieni
634 3570 834 3625 debent
860 3571 1150 3632 exsistere.
1189 3581 1394 3643 quanto
1435 3575 1611 3644 magis
1643 3589 1674 3627 a

85 3655 328 3710 fratrum
359 3665 412 3713 et
446 3661 904 3730 coepiscoporum
963 3663 1182 3720 insidiis
1203 3705 1218 3730 ,
1257 3680 1396 3735 quos
1428 3666 1571 3720 tueri
1620 3674 1676 3720 et

83 3747 392 3801 sublevare
421 3747 640 3810 debent,
678 3767 818 3820 quos
849 3751 1034 3807 fovere
1066 3761 1122 3807 et
1173 3753 1400 3823 diligere
1431 3769 1675 3808 summo-

92 3853 230 3908 pere
284 3848 522 3908 oportet,
568 3851 974 3912 persequuntur
1005 3859 1136 3910 eos,
1188 3845 1389 3914 ejicere
1440 3855 1494 3900 et
1525 3861 1676 3900 com-

85 3933 248 3986 muni
288 3948 351 3987 re
401 3934 619 4003 privare
670 3936 990 3990 decertant?
1029 3937 1136 3992 Nec
1177 3939 1546 3994 recordamini
1576 3938 1675 3993 Sa-

78 4023 382 4091 pientiam,
418 4040 539 4093 qua:
570 4025 678 4078 ait:
704 4025 974 4080 Perverscc
998 4029 1137 4080 enim
1161 4029 1502 4099 cogitationes
1523 4046 1674 4098 sepa-

80 4127 215 4170 rant
261 4117 504 4171 homines
531 4135 562 4171 a
592 4118 699 4172 Deo
727 4120 790 4182 “,
818 4131 1025 4190 quanto
1059 4122 1233 4190 magis
1259 4137 1424 4193 opera
1454 4124 1675 4193 iniqua?

75 4211 232 4276 Quid
263 4212 414 4265 enim
467 4213 698 4281 nequius
728 4223 829 4276 est,
880 4228 1047 4283 quam
1090 4196 1150 4267 ut
1195 4215 1339 4278 illos,
1374 4215 1442 4271 de
1471 4217 1674 4286 quibus

76 4303 367 4358 Dominus
397 4303 510 4357 ait:
540 4305 643 4370 Qui
676 4322 762 4359 vos
799 4307 986 4374 tangit,
1034 4311 1202 4377 tangit
1229 4308 1488 4377 pupillam
1533 4311 1674 4364 oculi

69 4399 181 4450 mei
217 4396 293 4459 ⁸⁸,

67 4491 336 4544 nitatur?
371 4488 607 4545 Probata
638 4498 818 4546 autem
864 4492 1039 4547 virtus
1077 4501 1276 4563 portat,
1322 4496 1583 4566 protegit,
1615 4503 1669 4547 et

64 4584 414 4639 consolatur
471 4599 804 4654 oppressos,
859 4593 913 4640 et
965 4585 1126 4640 docet
1179 4586 1524 4657 insipientes.
1571 4587 1666 4641 Est

62 4677 217 4730 enim
252 4677 406 4729 testis
445 4675 665 4728 humani
693 4675 890 4741 cordis,
917 4687 1287 4747 scrutatorque
1313 4693 1461 4731 verus
1491 4679 1666 4748 singu-

57 4766 257 4820 larum
295 4768 763 4830 conscientiarum,
798 4778 847 4821 et
876 4768 1175 4837 linguarum
1206 4769 1536 4839 singularum
1565 4787 1665 4823 au-

55 4857 242 4922 ditor,
277 4858 535 4927 quoniam
562 4858 783 4926 spiritus
809 4858 1022 4911 Domini
1051 4859 1267 4926 replevit
1294 4861 1472 4913 orbem
1501 4869 1666 4914 terra-

51 4965 217 5013 rum,
267 4959 322 5002 et
376 4948 472 5001 hoc
521 4949 658 5019 quod
702 4952 932 5004 continet
976 4952 1154 5004 omnia
1201 4951 1479 5005 scientiam
1511 4951 1665 5006 habet

51 5042 213 5094 uocis
242 5039 315 5093 “.
352 5041 419 5094 Et
452 5041 589 5096 alias
628 5040 768 5096 idem
800 5042 916 5112 ipse
963 5043 1074 5096 ait:
1111 5041 1248 5097 Deus
1283 5043 1520 5098 charitas
1560 5053 1663 5102 est.

52 5127 128 5181 In
158 5130 270 5182 hoc
313 5131 561 5197 apparuit
592 5131 827 5185 charitas
869 5131 963 5185 Dei
993 5133 1046 5185 in
1072 5133 1245 5199 nobis,
1275 5135 1528 5203 quoniam
1563 5133 1665 5187 Fi-

53 5220 199 5273 lium
234 5235 400 5273 suum
448 5221 775 5290 unigenitum
818 5223 962 5276 misit
1003 5223 1144 5278 Deus
1183 5225 1240 5278 in
1275 5225 1563 5292 mundum,
1603 5235 1661 5278 ut

49 5313 319 5366 vivamus
353 5327 447 5381 per
467 5329 606 5367 eum.
635 5312 700 5367 In
729 5315 824 5368 hoc
853 5325 931 5369 est
971 5316 1230 5381 charitas,
1256 5334 1360 5372 non
1390 5318 1545 5389 quasi
1571 5334 1666 5372 nos

1781 3108 1974 3174 Deum,
2004 3118 2055 3163 et
2086 3110 2311 3179 fratrem
2338 3111 2531 3176 oderit,
2571 3112 2800 3166 mendax
2821 3121 2919 3166 est.
2944 3111 3048 3176 Qui
3081 3113 3221 3166 enim
3254 3129 3360 3167 non

1780 3202 1958 3273 diligit
1989 3203 2213 3272 fratrem
2256 3220 2432 3268 suum,
2462 3221 2614 3274 quem
2659 3204 2832 3268 videt,
2868 3204 3129 3276 quomodo
3154 3205 3357 3268 Deum,

1779 3308 1934 3363 quem
1997 3311 2103 3348 non
2156 3293 2335 3358 videt,
2385 3303 2557 3361 potest
2616 3294 2876 3363 diligere?
2934 3293 3007 3348 Et
3066 3294 3162 3348 hoc
3210 3311 3363 3348 man-

1778 3387 1966 3442 datum
2015 3387 2267 3443 habemus
2305 3405 2339 3441 a
2396 3388 2528 3452 Deo,
2562 3398 2621 3443 ut
2675 3390 2768 3459 qui
2812 3388 2988 3460 diligit
3030 3387 3230 3453 Deum,
3279 3389 3363 3443 di-

1779 3479 1914 3550 ligat
1968 3489 2020 3533 et
2071 3480 2296 3549 fratrem
2365 3497 2520 3534 suum
2571 3481 2638 3535 ⁸⁷.
2696 3481 2832 3534 Nam
2898 3482 3016 3551 ipsa
3087 3481 3364 3552 Sapientia

1777 3571 1854 3626 ait
1898 3588 1914 3624 :
1971 3570 2180 3642 Lingua
2226 3573 2545 3641 sapientium
2614 3583 2768 3626 ornat
2838 3575 3147 3639 scientiam,
3197 3575 3357 3646 σοι

1778 3680 1838 3717 οε
1893 3663 2163 3732 fatuorum
2199 3665 2384 3719 ebullit
2443 3665 2751 3719 stultitiam.
2786 3664 2852 3719 In
2885 3670 3028 3720 οηιηὶ
3062 3666 3178 3720 loco
3221 3669 3362 3722 oculi

1785 3754 2002 3809 Domini
2065 3757 2484 3825 contemplantur
2550 3757 2711 3812 bonos
2777 3767 2827 3811 et
2896 3759 3086 3812 malos.
3151 3757 3359 3829 Lingua

1775 3845 2052 3912 placabilis
2088 3885 2104 3909 ,
2166 3846 2366 3916 lignum
2439 3847 2559 3902 vitta
2596 3863 2617 3902 :
2679 3863 2796 3917 qua:
2850 3856 3023 3901 autem
3105 3849 3358 3902 immode-

1778 3945 1903 3989 rata
1936 3946 2050 4001 est,
2084 3946 2314 3991 conteret
2361 3939 2628 4006 spiritum.
2667 3939 2866 3994 Domus
2909 3939 3074 4008 justi,
3123 3941 3356 4010 plurima

1777 4028 2058 4098 fortitudo,
2097 4039 2147 4084 et
2191 4031 2245 4083 in
2291 4031 2553 4098 fructibus
2595 4031 2744 4099 impii
2782 4033 3139 4086 conturbatio.
3182 4032 3354 4086 Labia

1778 4125 2096 4192 sapientium
2125 4125 2547 4179 disseminabunt
2583 4126 2920 4196 sapientiam,
2953 4143 3042 4180 cor
3069 4127 3354 4181 stultorum

1777 4216 2038 4272 dissimile
2065 4218 2188 4272 erit.
2240 4216 2480 4272 Victima:
2509 4218 2789 4287 impiorum
2819 4218 3197 4272 abominabiles
3231 4234 3355 4274 sunt

1777 4312 2024 4378 Domino,
2053 4321 2175 4366 vota
2192 4312 2462 4381 justorum
2491 4312 2798 4380 placabilia.
2837 4312 2942 4378 Qui
2980 4315 3216 4384 sequitur
3257 4315 3356 4384 ju-

355 4396 650 4468 quisquam
704 4409 985 4463 evertere,
1043 4401 1337 4470 persequi,
1386 4402 1672 4458 destruere
1705 4393 1748 4451 D
1777 4402 2003 4465 stitiam,
2051 4400 2292 4471 diligitur
2325 4419 2359 4456 a
2406 4401 2635 4455 Domino
2667 4401 2732 4456 ⁸⁸.
2790 4400 2920 4457 Item
2968 4403 3142 4458 alibi:
3186 4403 3354 4458 Labia

1769 4493 1909 4562 justi
1965 4493 2302 4547 considerant
2354 4493 2590 4562 placida,
2644 4509 2701 4547 os
2748 4493 3033 4562 impiorum
3090 4512 3353 4564 perversa.

1777 4585 2103 4652 Simplicitas
2121 4584 2394 4654 justorum
2415 4585 2604 4655 diriget
2633 4603 2741 4649 eos,
2768 4594 2818 4640 et
2846 4587 3207 4656 supplantatio
3237 4603 3355 4658 per-

1772 4688 2043 4731 versorum
2081 4676 2309 4730 vastabit
2348 4676 2493 4731 illos.
2536 4676 2766 4732 Justitia
2797 4687 3067 4733 rectorum
3111 4681 3353 4736 liberabit

1770 4786 1858 4824 eos
1868 4809 1880 4835 ,
1913 4779 1963 4824 et
1988 4769 2042 4822 in
2066 4769 2274 4823 insidiis
2299 4770 2412 4824 suis
2433 4771 2707 4839 capientur
2728 4772 2915 4841 iniqui.
2947 4770 3139 4827 Justus
3167 4774 3232 4828 de
3256 4792 3354 4828 an-

1771 4864 1950 4934 gustia
1985 4862 2314 4924 liberabitur,
2352 4873 2402 4917 et
2446 4865 2686 4918 tradetur
2711 4865 2906 4933 impius
2933 4879 3028 4934 pro
3057 4882 3138 4921 eo.
3172 4866 3355 4920 Simu-

1772 4955 1915 5009 lator
1940 4971 2030 5009 ore
2058 4954 2250 5024 decipit
2283 4956 2513 5010 amicum
2560 4973 2736 5024 suum,
2771 4958 2910 5028 justi
2938 4967 3114 5013 autem
3157 4959 3352 5014 libera-‘-

1772 5045 1966 5100 buntur
1991 5048 2229 5103 scientia.
2258 5046 2324 5101 In
2345 5048 2495 5102 bonis
2510 5048 2779 5118 justorum
2799 5050 3125 5103 exaltabitur
3139 5050 3349 5115 civitas,

1771 5147 1820 5191 et
1857 5138 1916 5192 in
1944 5141 2237 5208 perditione
2268 5141 2550 5208 impiorum
2597 5142 2698 5195 erit
2731 5141 2995 5194 laudatio.
3042 5141 3106 5194 In
3146 5142 3346 5197 benedié

1773 5232 1943 5285 ctione
1970 5231 2240 5301 justorum
2276 5233 2605 5287 exaltabitur
2637 5234 2847 5298 civitas,
2877 5243 2926 5288 et
2963 5235 3016 5287 in
3048 5251 3138 5289 ore
3164 5235 3348 5303 impio-

1775 5339 1894 5376 rum
1931 5323 2257 5379 subvertetur
2292 5325 2359 5379 ⁸³.
2403 5324 2517 5381 Nec
2566 5325 2951 5392 consideratis,
3007 5326 3101 5397 qui
3153 5326 3350 5384 fratres

42 5404 428 5460 dilexerimus
458 5405 648 5471 Deum,
699 5407 790 5462 sed
837 5411 1091 5479 quoniam
1129 5412 1238 5479 ipse
1281 5411 1430 5477 prior
1478 5411 1666 5464 dilexit

43 5513 184 5564 nos,
211 5506 272 5552 et
305 5499 458 5552 misit
490 5497 694 5554 Filium
726 5517 882 5555 suum
921 5503 1354 5571 propitiationem
1392 5519 1488 5572 pro
1537 5520 1663 5572 pec-

1774 5416 2030 5485 persequi
2077 5432 2186 5472 non
2227 5418 2481 5483 cessatis,
2530 5417 2715 5488 qualia
2764 5417 2869 5475 Job
2919 5420 3350 5490 patientissimus

1772 5506 1918 5560 inter
1945 5515 2139 5562 caetera
2172 5523 2426 5574 exorsus,
2465 5508 2709 5580 loquitur
2741 5529 2753 5564 :
2784 5510 2947 5566 Auris
2977 5511 3196 5568 audiens
3226 5513 3350 5570 bea-

125 5664 200 5739 “_
227 5664 378 5722 Luc.
418 5682 508 5739 tn,
547 5666 632 5720 ll.
732 5667 992 5739 "rGalat.
1025 5683 1119 5739 vr,
1146 5670 1194 5721 l.
1297 5669 1341 5700 ⁸³
1380 5668 1398 5721 l
1436 5667 1578 5723 Petr.
1619 5686 1676 5722 III

1785 5669 1900 5724 -12,
2011 5671 2056 5700 ⁸⁵
2099 5670 2225 5739 Sap.
2264 5687 2318 5730 ι,
2355 5673 2408 5724 5.

36 5735 120 5800 6,
165 5736 228 5793 7.
339 5739 382 5768 "’
422 5738 438 5790 l
475 5737 632 5791 loan.
674 5754 747 5799 tv,
783 5738 940 5792 9-21.
1018 5741 1063 5769 ⁸⁸
1103 5736 1262 5794 Prov.
1307 5755 1394 5805 xv,
1430 5740 1548 5794 2-9.
1627 5741 1670 5773 °°

1779 5755 1872 5796 ’ov.
1909 5756 1983 5809 ι,
2020 5741 2122 5808 5‘2;
2163 5735 2239 5808 si,
2278 5743 2430 5797 5-H.

406 5831 678 5891 Ρηιιοι..
713 5831 830 5890 Gn.
867 5831 1159 5892 XXVIII.

2995 5838 3073 5899 ἶοὸ

2517 5676 2561 5706 ⁸³
2603 5675 2766 5733 Zaclt.
2807 5694 2864 5742 ιι,
2912 5679 2964 5731 8.
3044 5680 3090 5709 ⁸⁸
3131 5678 3257 5749 Sap.
3297 5696 3350 5745 ι,
