3852 6206
505 257 639 314 1451

1643 247 1700 303 S.
1742 245 2202 302 ATHANASIUS.
2232 277 2302 287 —
2343 245 2632 303 SPURIAJ

3630 241 3749 298 1452

504 377 745 448 tiﬁcabat
791 391 893 440 me,
931 381 980 428 et
1021 373 1202 427 oculus
1235 372 1409 428 videns
1446 371 1801 426 testimonium
1834 368 2079 424 reddebat
2110 376 2156 431 Α
2185 369 2344 423 aliter
2389 375 2781 438 praesumptum
2815 381 2846 420 a
2894 364 3222 439 quibusdam
3272 363 3455 430 fuerit,
3486 363 3543 417 in
3568 379 3751 418 vanum

503 469 652 532 mihi,
687 485 746 522 eo
777 467 914 538 quod
945 467 1248 521 liberassem
1287 481 1567 534 pauperem
1599 465 1996 532 vociferantem,
2027 472 2077 516 et

500 562 782 632 pupillum,
814 562 900 614 cui
941 577 1045 614 non
1087 569 1218 614 esset
1263 558 1496 626 adjutor.
1531 557 1832 612 Benedictio
1858 556 2080 624 perituri

502 670 659 723 super
687 671 768 707 me
793 654 1046 717 veniebat,
1078 661 1127 705 et
1155 668 1244 705 cor
1274 651 1444 705 vidua:
1477 651 1781 704 consolatus
1815 665 1963 712 sum;
1990 650 2080 710 iu-

501 747 653 800 stitia
678 745 892 799 indutus
923 762 1059 809 sum,
1090 754 1139 798 et
1167 745 1367 798 vestivit
1398 760 1477 796 me
1521 744 1655 796 sicut
1705 742 2016 795 vestimento'
2031 747 2081 793 et

501 841 1038 910 diademate,judicio
1057 840 1395 896 meo.0culus
1411 840 1490 908 fui
1507 855 1664 902 cwco,
1692 847 1742 891 et
1761 853 1847 906 pes
1865 836 2077 892 claudo.

502 933 668 987 Pater
695 949 840 986 eram
880 948 1190 1000 pauperum,
1213 939 1262 985 et
1293 945 1514 983 causam
1573 945 1732 998 quam
1763 927 2076 990 nesciebam,

499 1025 900 1095 diligentissime
955 1024 1352 1092 investigabam,
1387 1021 1728 1076 Conterebam
1779 1024 1946 1074 molas
1976 1021 2083 1074 ini-

499 1118 610 1185 qui,
645 1125 695 1170 et
733 1116 795 1170 de
817 1116 1058 1169 dentibus
1097 1115 1243 1168 illius
1283 1114 1613 1183 conferebam
1659 1113 1895 1182 prwdam
1917 1114 1984 1165 '°.
2014 1112 2079 1165 Et

502 1208 664 1278 paulo
692 1216 856 1272 post:
893 1206 951 1261 Si
991 1208 1196 1276 negavi,
1236 1208 1432 1276 inquit,
1464 1205 1601 1276 quod
1641 1206 1901 1268 volebant,
1941 1221 2078 1273 pau—

498 1301 728 1369 peribus,
772 1308 820 1353 et
859 1300 1039 1352 oculos
1089 1299 1258 1353 vidua:
1289 1309 1593 1368 exspectare
1629 1299 1750 1367 feci.
1789 1297 1848 1352 Si
1873 1299 2078 1351 comedi

500 1391 788 1444 buccellam
812 1407 982 1443 meam
1005 1389 1173 1454 solus,
1196 1398 1245 1443 et
1267 1407 1370 1443 non
1391 1389 1612 1443 comedit
1640 1389 1876 1458 pupillus
1901 1403 1965 1442 ea:
1990 1404 2074 1449 ea,

498 1485 623 1555 quia
662 1484 726 1536 ab
759 1483 991 1552 infantia
1019 1498 1136 1534 mea
1164 1482 1321 1534 crevit
1356 1497 1556 1534 mecum
1595 1481 1887 1546 miseratio,
1923 1489 1972 1532 et
2012 1478 2075 1531 de

497 1585 649 1629 utero
680 1575 868 1628 matris
897 1589 1024 1626 mea:
1043 1589 1254 1642 egressa
1275 1581 1351 1626 est
1384 1589 1583 1627 mecum
1611 1573 1678 1624 '“.
1696 1571 1857 1636 Nam,
1881 1572 1926 1626 si
1951 1571 2074 1641 quis

495 1665 613 1718 haec
639 1672 790 1718 recto
821 1663 1003 1717 omnia
1041 1664 1470 1718 consideraverit
1509 1663 1690 1729 oculo,
1726 1677 2072 1732 nequaquam

497 1758 698 1812 fratres
734 1771 957 1817 nocere,
999 1756 1093 1811 sed
1139 1757 1372 1810 liberare
1417 1753 1715 1810 festinabit.
1753 1754 1892 1821 Quia
1937 1754 2073 1808 nihil

495 1852 739 1906 deterius
767 1858 871 1913 est,
898 1864 1061 1919 quam
1092 1847 1238 1902 cives
1263 1847 1473 1900 civibus
1497 1846 1760 1909 invidere,
1791 1854 1846 1901 et
1873 1846 2074 1901 fratres

497 1940 760 1994 fratribus
809 1937 1079 2000 insidiari,
1126 1947 1218 1990 aut
1255 1936 1562 1990 calumnias
1610 1934 1810 1990 facere.
1847 1935 2074 1991 Talibus

493 2033 642 2088 enim
689 2029 979 2100 suffragari
1020 2028 1266 2082 volentes
1310 2027 1523 2081 insidiis
1567 2027 1762 2092 sancti,
1804 2026 2073 2096 synodum

495 2127 963 2193 congregaverunt
992 2118 1300 2190 generalem
1339 2117 1398 2172 in
1440 2116 1643 2182 Nicaea,
1682 2118 1851 2171 vitam
1893 2117 2073 2171 corri-

495 2229 622 2282 gere
638 2213 920 2267 hominum
940 2211 1224 2281 cupientes
1247 2211 1302 2264 in
1324 2209 1569 2264 Ecclesia
1592 2210 2069 2264 commorantium.

495 2303 646 2360 Licet
667 2303 873 2358 dudum
906 2302 1155 2358 instituta
1183 2312 1501 2357 sanctorum
1528 2299 1754 2355 Patrum
1785 2301 1957 2354 multa
1986 2316 2074 2355 es-

494 2402 620 2450 sent
665 2394 996 2463 conscripta,
1033 2401 1334 2462 posuerunt
1366 2393 1533 2462 leges,
1581 2407 1720 2462 quos
1760 2407 1952 2447 sacros
1983 2407 2076 2446 ca-

492 2502 665 2542 nones
711 2485 1071 2556 appellamus,
1115 2487 1316 2554 quibus
1346 2487 1518 2540 multa
1550 2487 1964 2555 pernecessaria
2007 2486 2076 2540 ad

492 2587 697 2634 statum
725 2578 988 2633 Ecclesia:
1021 2586 1224 2634 sanctae
1253 2579 1372 2642 Dei,
1409 2586 1463 2632 et
1500 2579 1945 2648 supplementum
1977 2595 2075 2632 co—

492 2669 806 2724 lumnarum
831 2669 972 2739 ejus,
1010 2670 1064 2724 id
1091 2677 1196 2736 est,
1231 2670 1638 2740 episcoporum,
1671 2672 1765 2741 qui
1793 2687 1914 2726 eam
1954 2686 2077 2741 pro-

460 2760 627 2826 ..priis
664 2758 908 2814 humeris
938 2767 1174 2829 gestant,
1217 2770 1277 2813 ut
1307 2760 1400 2829 qui
1430 2760 1558 2813 talia
1599 2763 1949 2827 tentavcrint,
1983 2771 2076 2814 aut

489 2849 573 2904 eis
603 2864 801 2904 nocere
820 2853 1290 2920 praesumpserint,
1321 2853 1365 2907 si
1391 2851 1612 2921 quidem
1639 2854 1821 2907 clerici
1849 2853 2073 2919 fuerint,

497 2957 529 2996 e
563 2942 785 3011 proprio
804 2942 976 3012 gradu
1001 2942 1273 2997 decident.
1312 2942 1368 2996 Si
1391 2959 1520 2997 vero
1552 2943 1807 2997 monachi
1831 2952 1924 2997 aut
1950 2944 2074 2998 laici

436 3103 440 3107 η
491 3031 716 3098 fuerint,
742 3032 1297 3087 anathematizantur.
1324 3031 1532 3098 Quibus
1555 3032 1752 3085 armati
1776 3033 2065 3102 exemplis,
2095 3061 2136 3117 ρ

487 3133 742 3194 oportere
788 3123 1039 3178 arbitrati
1079 3137 1272 3177 sumus
1306 3122 1373 3176 ab
1406 3122 1781 3192 omnipotente
1832 3121 1942 3178 Deo
1981 3123 2066 3176 in-

486 3217 703 3287 spirati,
773 3224 832 3270 ut
889 3217 1030 3269 hanc
1097 3229 1382 3270 accensam
1437 3214 1725 3269 discordiae
1789 3215 2064 3269 ﬂammam

485 3308 835 3376 exstinguere
855 3305 1174 3370 debeamus,
1203 3305 1503 3374 apostolica
1521 3305 1869 3369 auctoritate,
1883 3314 1937 3360 et
1953 3321 2064 3359 non

483 3398 784 3453 concedere
824 3411 945 3451 eam
983 3397 1216 3451 ulterius
1250 3397 1466 3451 animas
1499 3396 1718 3465 depasci
1768 3397 2059 3451 humanas.

483 3491 828 3560 Quapropter
856 3504 964 3542 una
996 3503 1123 3542 cum
1151 3490 1407 3544 omnibus
1449 3489 1762 3558 apostolicae
1797 3488 2061 3558 subjectis

483 3583 704 3654 Regulae
735 3581 1035 3647 sancimus,
1069 3596 1138 3637 ne
1164 3583 1456 3652 quisquam
1503 3582 1763 3652 deinceps
1793 3581 2062 3637 Christia-

479 3689 676 3728 norum
706 3673 836 3727 talia
868 3683 1203 3744 perpetrare,
1235 3683 1329 3727 aut
1351 3673 1624 3744 episcopis
1651 3673 1781 3726 talia
1816 3687 2062 3727 asserere

478 3774 830 3828 nocumenta,
863 3772 1069 3820 temere
1091 3772 1408 3835 praesumat,
1435 3779 1562 3819 cum
1585 3763 1786 3820 Doctor
1815 3764 2058 3835 gentium

477 3855 532 3909 id
567 3856 743 3926 ipsum
770 3855 1076 3925 prohibeat,
1108 3857 1334 3912 dicens:
1370 3857 1641 3912 Seniorem
1663 3874 1726 3912 ne
1756 3860 2059 3929 increpave-

474 3951 574 4014 ris,
618 3949 708 4003 sed
750 3949 966 4004 obsecra
1003 3957 1061 4003 ut
1110 3959 1316 4019 patrem
1341 3951 1412 4014 τ’,
1457 3958 1512 4006 et
1559 3952 1790 4022 reliqua.
1843 3951 2056 4006 Bonum

473 4049 563 4096 est
612 4056 849 4111 namque
879 4041 1281 4112 proculdubio,
1331 4049 1385 4097 et
1435 4042 1692 4097 omnibus
1735 4043 2056 4098 timentibus

476 4131 649 4186 Deum
678 4133 1060 4196 desiderabile,
1097 4133 1356 4188 cohibere
1403 4133 1778 4188 dissensiones
1806 4141 1860 4187 et
1891 4135 2057 4187 alter-

475 4225 742 4287 cationes,
773 4222 1037 4278 fratribus
1077 4223 1389 4288 subvenire,
1420 4233 1474 4277 et
1507 4225 1738 4279 invicem
1767 4241 1876 4278 non
1909 4226 2054 4278 invi-

472 4313 622 4377 dere,
659 4315 754 4369 sed
789 4316 1067 4384 adjuvare.
1101 4314 1391 4379 Audiatur,
1436 4315 1636 4385 inquit,
1671 4316 1785 4386 jam
1817 4317 1962 4370 dicta
1998 4317 2053 4370 in

2185 461 2487 515 deducatur
2507 459 2652 529 quod
2678 459 2912 529 egerint,
2946 473 3050 512 nec
3078 458 3223 512 inter
3253 456 3628 512 ecclesiastica
3653 457 3750 512 ullo

2183 551 2346 610 modo
2375 551 2796 620 reputabuntur.

2257 645 2306 696 1.
2360 642 2463 712 Ipsi
2513 656 2643 696 vero
2693 642 2882 710 primm
2933 640 3079 696 sedis
3131 638 3409 702 Ecclesiae,
3461 655 3754 694 convocan-

2182 734 2371 788 darum
2405 733 2738 804 generalium
2789 731 3126 802 synodorum
3162 731 3288 800 jura
3319 739 3374 785 et
3411 731 3621 800 judicia
3656 735 3754 800 epi-

2183 841 2499 896 sc0porum,
2547 825 2814 894 singulari
2845 825 3132 894 privilegio
3161 824 3516 894 evangelicis,
3548 834 3602 878 et
3634 840 3752 892 apo-

2182 920 2413 985 stolicis,
2461 927 2625 988 atque
2663 918 2945 971 canonicis
2993 930 3257 970 concessa
3305 928 3434 971 sunt
3477 919 3756 986 institutis,

2181 1029 2303 1083 qua:
2329 1027 2544 1081 semper
2574 1011 2684 1080 (35)
2716 1009 2954 1078 majores
2977 1023 3159 1062 causa:
3191 1009 3258 1061 ad
3320 1010 3507 1063 sedem
3536 1011 3758 1080 Aposto-

2181 1104 2340 1157 licam
2383 1101 2571 1156 multis
2605 1098 3027 1154 auctoritatibus
3063 1098 3256 1152 referri
3301 1109 3588 1168 praecepta!
3620 1106 3756 1154 sunt.

2179 1193 2290 1249 Nec
2313 1194 2427 1248 ullo
2454 1194 2616 1248 modo
2647 1201 2828 1263 potest
2859 1171 3036 1261 major
3068 1206 3099 1243 a
3122 1191 3335 1245 minore
3356 1191 3625 1258 judicari.
3653 1191 3758 1260 Ipsa

2179 1301 2416 1356 namque
2459 1284 2717 1339 omnibus
2759 1283 2936 1352 major
2983 1289 3037 1337 et
3077 1283 3302 1351 praelata
3347 1291 3433 1336 est
3479 1281 3757 1339 Ecclesiis.

2179 1379 2309 1447 Quae,
2356 1395 2468 1433 non
2506 1377 2853 1434 solummodo
2888 1392 3184 1440 canonum,
3219 1385 3275 1431 et
3318 1385 3642 1431 sanctorum
3671 1372 3761 1430 Pa-

2177 1487 2324 1534 trum
2360 1478 2620 1540 decretis,
2667 1476 2762 1531 sed
2804 1473 3022 1528 Domini
3056 1472 3363 1528 Salvatoris
3401 1473 3579 1527 nostri
3616 1487 3759 1537 voce,

2178 1569 2508 1640 singularem
2539 1567 2779 1621 obtinuit
2807 1565 3195 1634 principatum.
3232 1563 3311 1617 Tu
3356 1579 3411 1616 es
3437 1562 3764 1633 (inquiens)

2181 1659 2393 1723 Petrus,
2445 1669 2495 1713 et
2534 1673 2690 1726 super
2728 1656 2864 1709 hanc
2897 1666 3103 1725 petram
3147 1653 3424 1723 wdiﬁcabo
3470 1652 3767 1708 Ecclesium

2178 1769 2348 1806 meam
2381 1753 2448 1815 ⁷³,
2483 1761 2538 1806 et
2579 1751 2809 1820 reliqua.
2864 1748 2934 1802 Et
2974 1765 3293 1818 quwcunque
3331 1747 3583 1817 ligaveris
3621 1764 3769 1816 super

2180 1858 2402 1910 terram,
2433 1856 2483 1900 et
2513 1845 2752 1911 solveris,
2785 1853 2942 1898 erunt
2975 1844 3138 1913 ligata
3169 1852 3218 1895 et
3249 1841 3429 1895 soluta
3458 1840 3513 1893 in
3542 1840 3700 1907 ccelo,
3725 1852 3768 1892 et

2177 1956 2232 1992 in
2263 1948 2407 1992 terra
2427 1938 2494 1990 ⁸η.

2246 2030 2300 2084 2.
2337 2029 2508 2084 Porro
2538 2027 2745 2083 dudum
2779 2043 2810 2082 a
2839 2027 3048 2083 sanctis
3088 2026 3374 2096 apostolis,
3419 2026 3768 2080 successori~

2180 2123 2389 2191 husque
2417 2135 2629 2183 eorum,
2663 2120 2718 2172 in
2759 2117 3002 2189 praefatis
3032 2119 3274 2187 antiquis
3308 2116 3537 2172 statutis
3582 2116 3773 2172 decre-

2178 2221 2294 2265 tum
2326 2211 2503 2265 fuerat
2527 2211 2664 2280 (36),
2688 2226 2810 2278 quae
2827 2209 3097 2263 hactenus
3128 2215 3320 2261 sancta
3351 2215 3404 2260 et
3435 2207 3774 2261 universalis-

2179 2304 2477 2374 apostolica
2509 2311 2657 2357 tenet
2683 2301 2950 2365 Ecclesia,
2985 2315 3096 2354 non
3120 2306 3378 2368 oportere
3402 2307 3614 2367 praeter
3650 2314 3773 2352 sen-

2179 2399 2402 2451 tentiam
2446 2394 2677 2447 Romani
2722 2392 3001 2462 pontificis
3041 2392 3274 2446 concilia
3321 2390 3627 2455 celebrari,
3675 2406 3771 2444 nec

2178 2490 2492 2558 episcopum
2532 2487 2802 2549 damnari,
2851 2485 3110 2556 quoniam
3158 2491 3410 2538 sanctam
3460 2481 3771 2536 Romanam

2178 2579 2476 2633 Ecclesiam
2508 2578 2798 2648 primatem
2827 2576 3073 2630 omnium
3110 2575 3486 2630 Ecclesiarum
3519 2591 3650 2631 esse
3680 2589 3772 2629 vo-

2179 2672 2417 2727 luerunt.
2455 2671 2516 2724 Et
2548 2673 2692 2725 sicut
2737 2671 2931 2725 beatus
2977 2669 3171 2723 Petrus
3217 2670 3512 2738 apostolus
3560 2671 3772 2739 primus

2180 2762 2281 2817 fuit
2315 2763 2556 2815 onmium
2596 2762 2993 2830 apostolorum,
3038 2761 3113 2814 ita
3155 2768 3210 2814 et
3239 2761 3354 2814 haec
3385 2759 3641 2815 Ecclesia
3672 2773 3774 2814 suo

2179 2852 2400 2906 nomine
2450 2859 2772 2905 consecrata
2824 2850 3058 2905 Domino
3095 2851 3442 2913 instituente,
3489 2853 3676 2922 prima
3719 2861 3776 2905 et

2178 2954 2342 3016 caput
2371 2947 2441 3001 sit
2465 2956 2789 3001 caeterarum
2819 2965 2832 2999 :
2880 2957 2933 3001 et
2964 2947 3032 3000 ad
3059 2962 3200 3002 eam.
3230 2947 3390 3016 quasi
3421 2946 3493 3000 ad
3534 2958 3773 3001 matrem

2179 3043 2341 3106 atque
2383 3036 2616 3106 apicem,
2653 3051 2847 3091 omnes
2887 3037 3126 3105 majores
3169 3034 3434 3090 Ecclesiae
3476 3051 3691 3098 causae,
3721 3045 3772 3088 et

2167 3128 2377 3199 judicia
2418 3128 2804 3197 episcoporum
2842 3135 3154 3189 recurrant,
3189 3126 3425 3196 ejusque
3461 3127 3632 3194 juxta
3667 3135 3779 3180 ter-

2169 3221 2379 3275 minum
2432 3231 2653 3276 sumant
2705 3219 3055 3275 sententiam.
3103 3217 3216 3273 Nec
3248 3227 3408 3273 extra
3452 3217 3776 3272 Romanum

2169 3313 2466 3384 quidquam
2499 3328 2563 3367 ex
2596 3313 2684 3368 his
2713 3311 2913 3366 debere
2941 3310 3168 3365 decerni
3199 3310 3544 3380 pontiﬁcem,
3585 3320 3790 3380 quate-

2165 3421 2270 3460 nus
2310 3420 2419 3458 non
2469 3405 2543 3458 ita
2590 3413 2866 3473 proterve,
2895 3409 2950 3456 et
2996 3417 3095 3471 pro
3140 3403 3300 3456 lihitu
3349 3402 3628 3472 cuiquam
3678 3416 3784 3458 suo

2163 3497 2388 3566 proprio
2453 3495 2685 3548 arbitrio
2733 3494 3046 3564 quibusque
3111 3493 3569 3563 metropolitanis
3631 3495 3782 3548 sicut

2165 3601 2325 3658 agere
2355 3586 2589 3651 solebat,
2623 3587 2786 3641 liceat
2817 3586 3134 3641 inconsulto
3181 3586 3439 3644 Romano
3471 3586 3788 3656 pontifice,

2163 3685 2258 3731 aut
2289 3677 2527 3746 majores
2548 3675 2811 3730 Ecclesiae
2841 3691 3039 3731 causas
3069 3675 3388 3742 deturbare,
3424 3687 3523 3730 aut
3549 3678 3792 3746 episco-

2162 3784 2262 3839 pos
2294 3769 2600 3835 damnare;
2631 3766 2728 3823 sed
2771 3767 3057 3823 communi
3083 3776 3293 3824 sanctae
3317 3768 3608 3824 Romana
3637 3767 3798 3824 sedis

2160 3859 2402 3930 episcopi
2427 3859 2684 3926 consilio,
2716 3870 2769 3915 et
2789 3860 3054 3915 concordi
3085 3861 3326 3927 actione,
3359 3877 3616 3932 quaeque
3660 3869 3796 3916 sunt

2159 3949 2367 4003 Christi
2392 3951 2508 4003 zelo
2533 3949 2765 4019 agenda,
2790 3949 3090 4019 disponant
3114 3949 3479 4015 unanimiter,
3503 3960 3804 4020 recteque

2161 4040 2424 4106 sentiant,
2469 4049 2525 4095 et
2567 4057 2632 4096 ea
2659 4057 2781 4111 qua:
2825 4041 3123 4106 senserint,
3171 4057 3281 4096 non
3335 4042 3504 4098 nobis
3549 4043 3801 4097 sibimet

2158 4131 2544 4202 discrepando,
2580 4132 2676 4188 sed
2702 4132 2815 4188 Deo
2846 4134 3046 4204 placita
3081 4133 3400 4203 perficiant.

2228 4225 2284 4280 5.
2324 4223 2421 4280 Est
2441 4226 2603 4280 etiam
2634 4226 2689 4278 in
2716 4225 2831 4294 jam
2861 4225 2972 4279 fata
3003 4223 3226 4279 Nicaena
3260 4224 3477 4294 synodo
3523 4239 3798 4279 concor-

2157 4317 2300 4372 diter
2318 4325 2605 4382 statutum,
2632 4327 2693 4372 ut
2717 4326 3073 4372 accusatores
3101 4327 3156 4371 et
3181 4319 3620 4382 accusationes,
3653 4333 3802 4386 quas

468 4405 651 4461 Nicaea
681 4409 902 4462 civitate
935 4408 1200 4478 synodus,
1227 4410 1314 4462 cui
1339 4418 1392 4464 et
1415 4423 1515 4478 ego
1546 4410 1662 4476 ipse
1690 4409 2049 4464 conscientiae
2083 4401 2128 4456 D
2158 4409 2343 4464 saeculi
2384 4409 2531 4479 leges
2563 4425 2672 4463 non
2712 4410 3030 4475 admittunt,
3061 4426 3092 4462 a
3126 4411 3467 4465 sacerdotali
3513 4411 3800 4465 funditus

469 4514 605 4553 mete
637 4500 844 4553 cultum
883 4499 1141 4554 decenter
1185 4502 1428 4567 exhibui,
1465 4501 1599 4555 nihil
1649 4503 1796 4556 aliud
1837 4503 2051 4567 volens,

466 4608 633 4661 quam
666 4592 1020 4646 concordiam
1052 4594 1307 4648 omnibus
1353 4593 1644 4658 fabricare,
1675 4605 1729 4649 et
1771 4610 1882 4664 pra:
1917 4611 2055 4650 cun-

465 4684 572 4737 ctis
609 4699 861 4752 arguere,
901 4693 956 4738 et
986 4700 1268 4740 removere
1297 4685 1439 4739 hanc
1471 4686 1852 4741 insidiantium
1883 4689 2052 4744 alter-

464 4774 758 4828 cationem.
793 4774 941 4840 Quas
975 4776 1335 4844 praevidentes
1367 4779 1544 4836 sancti
1580 4778 1774 4834 Patres
1821 4781 2053 4839 insidias

463 4872 520 4919 et
549 4866 956 4930 altercationes,
977 4867 1308 4922 unanimiter
1336 4870 1392 4922 in
1416 4870 1676 4938 praedicta
1693 4870 1910 4926 Nicmna
1940 4881 2055 4926 sta-

466 4965 692 5013 tuerunt
724 4958 954 5029 synodo,
996 4967 1056 5014 ut
1096 4959 1278 5013 nullus
1312 4960 1624 5030 episc0pus,
1662 4962 1771 5017 nisi
1819 4964 1874 5017 in
1918 4965 2052 5034 legi-

465 5050 598 5102 tima
630 5051 856 5120 synodo.
891 5058 944 5104 et
973 5065 1079 5105 suo
1105 5058 1350 5119 tempore
1381 5053 1686 5120 apostolica
1719 5055 2051 5110 auctoritate

465 5149 789 5204 convocata,
825 5157 988 5210 super
1018 5141 1349 5210 quibusdam
1389 5143 1868 5200 criminationibus
1923 5147 2049 5214 pul-

466 5241 621 5286 satus
647 5233 921 5300 audiatur,
950 5233 1005 5287 id
1033 5241 1139 5300 est,
1164 5235 1462 5305 judicetur,
1497 5237 1581 5291 vel
1607 5236 1922 5292 damnetur.
1952 5237 2050 5292 Sin

538 5386 583 5417 ⁷⁰
622 5384 724 5440 Joh
761 5403 923 5452 XXIX,
985 5389 1174 5446 11-17.

1273 5391 1319 5423 τί
1355 5390 1457 5447 Job
1507 5407 1673 5462 sm,
1738 5392 1940 5448 16-18.

465 5452 516 5487 ⁷⁸
553 5453 697 5510 Psal.
733 5472 876 5510 cxxx
902 5499 916 5524 ,
955 5458 1005 5510 1.

546 5630 655 5700 (55)
686 5631 960 5688 lnnocent.
994 5650 1080 5705 ep.
1123 5635 1182 5690 2.

2047 5394 2094 5426 τ’
2134 5390 2154 5446 1
2195 5392 2336 5448 Tim.
2391 5411 2442 5458 ν,
2516 5395 2569 5448 1.

2159 4508 2477 4553 avertantur
2499 4507 2852 4554 nocumento.
2875 4498 3030 4564 Ecce,
3056 4500 3234 4570 inquit
3263 4499 3589 4570 Pi-Opheta,
3627 4520 3800 4572 quam

2159 4589 2350 4644 bonum
2371 4600 2420 4644 et
2436 4607 2594 4660 quam
2608 4591 2908 4660 jucundum
2932 4592 3176 4646 habitare
3200 4592 3401 4661 fratres
3427 4595 3480 4646 in
3513 4613 3711 4650 unum
3729 4598 3796 4648 7'.

2156 4679 2238 4734 Illi
2284 4698 2412 4737 vero
2457 4699 2567 4736 non
2601 4684 2657 4737 in
2700 4699 2871 4738 unum
2911 4684 3185 4748 habitant,
3223 4687 3316 4754 qui
3357 4702 3388 4739 a
3431 4686 3704 4741 fratrum
3743 4705 3801 4742 se

2156 4773 2353 4826 solatio
2375 4775 2727 4838 subtrahunt,
2749 4782 2845 4829 aut
2868 4775 3133 4831 fratribus
3157 4777 3396 4831 insidias
3419 4790 3798 4849 praeparant.

2157 4862 2277 4918 Non
2309 4865 2486 4930 aliter,
2525 4866 2745 4927 fratres,
2780 4881 2878 4922 vos
2918 4868 3207 4937 patiamini
3249 4880 3489 4938 peccato
3527 4876 3794 4941 gravan‘.

2158 4957 2286 5025 quia
2317 4958 2464 5026 quod
2498 4975 2726 5014 necesse
2749 4967 2853 5026 est,
2889 4976 2992 5014 nos
3019 4959 3206 5014 dicere
3240 4977 3546 5028 veremur,
3587 4966 3652 5019 id
3689 4978 3792 5024 est.

2159 5065 2229 5102 nc
2256 5050 2416 5120 cujus
2453 5052 2646 5122 religio
2675 5052 2999 5123 dissipatur,
3042 5053 3352 5121 indignatio
3397 5067 3792 5122 provocetur.

2157 5138 2277 5194 Prae
2317 5143 2492 5197 oculis
2540 5143 2756 5206 habete,
2799 5153 2852 5198 et
2886 5151 2998 5197 tota
3033 5143 3237 5197 mentis
3289 5144 3410 5196 acie
3441 5159 3796 5203 reverenter

2158 5233 2408 5300 aspicite,
2446 5235 2590 5290 beati
2623 5235 2770 5290 Petri
2801 5235 3057 5305 gloriam,
3090 5242 3143 5286 et
3183 5250 3312 5288 cum
3345 5234 3480 5304 ipso
3525 5255 3796 5293 comma-

2706 5393 2752 5424 ⁷³
2792 5389 2986 5444 Matth.
3026 5405 3154 5453 xvi,
3197 5391 3283 5444 18.
3396 5391 3454 5419 7‘
3511 5395 3672 5451 ibid.
3712 5398 3794 5454 '19-

2225 5634 2336 5705 l56)
2371 5634 2426 5688 ln
2457 5633 2721 5691 decretali
2753 5637 2998 5707 epistola
3028 5635 3331 5693 Eleutherii
3376 5653 3602 5712 papae,
