3852 6206
107 306 126 362 l
143 303 237 364 553

1010 298 1277 364 PONTIF.
1318 309 1484 364 non.
1529 309 1615 363 ET
1653 307 2022 363 ATHANASII
2061 294 2458 364 EPIsTOLAi.‘

3217 307 3359 364 1454

104 440 199 480 nes
227 422 468 478 omnium
511 423 882 494 apostolorum
929 439 1185 492 coronas,
1235 437 1673 498 cunctorumque
1701 435 1746 490 Α
1775 438 1881 483 tur.
1913 425 2082 490 Nam,
2109 429 2245 481 sicut
2264 428 2320 480 in
2349 443 2452 480 uno
2483 441 2698 496 corpore
2727 427 2961 480 membra
2997 425 3167 479 multa
3199 426 3360 482 habe-

104 526 396 587 martyrum
442 517 674 585 palmas,
721 517 814 588 qui
869 533 967 588 pro
1017 517 1248 572 fratrum
1293 536 1401 574 non
1450 521 1668 578 destru-

102 608 297 670 ctione,
347 609 443 663 sed
491 604 902 665 confirmatione
953 619 1006 666 et
1059 612 1292 667 veritate
1342 613 1398 667 in
1449 613 1672 670 Christo

104 701 247 769 passi
285 708 436 756 sunt.

171 793 224 846 4.
260 792 368 848 Nos
386 808 534 864 ergo,
558 795 649 863 qui
685 793 896 848 Domini
922 794 1200 866 discipuli,
1229 804 1282 848 et
1311 795 1440 862 dici,
1468 806 1522 851 et
1551 812 1672 852 esse

102 884 373 949 volumus,
405 892 625 954 portare
655 901 872 940 crucem
903 885 1130 951 Christi,
1166 894 1220 942 et
1249 889 1484 957 compati
1517 888 1671 942 fratri

101 973 380 1036 debemus.
435 985 488 1029 et
538 991 646 1030 non
692 977 966 1048 persequi.
998 977 1334 1043 Subtrahitc,
1389 993 1667 1050 rogamus,

101 1074 255 1122 actus
309 1068 777 1138 cogitationesque
806 1084 835 1122 a
861 1069 1060 1124 talibus
1091 1072 1456 1135 nocumentis,
1485 1072 1530 1126 si
1563 1088 1668 1126 non

101 1160 266 1215 vultis
297 1160 468 1230 ipsam
516 1163 793 1230 suscipere
841 1161 898 1214 in
948 1168 1043 1216 vos
1078 1161 1360 1228 ultionem,
1411 1164 1669 1232 quoniam

98 1251 356 1305 talionem
396 1258 656 1314 meretur,
699 1251 793 1322 qui
838 1252 993 1304 fratri
1029 1251 1238 1306 foveam
1276 1261 1570 1322 praeparat.
1605 1253 1671 1308 Et

99 1358 198 1397 vos
231 1344 425 1397 scitote
470 1343 727 1413 deinceps
774 1343 920 1398 hunc
954 1343 1064 1416 ('57)
1115 1343 1340 1413 typh‘um
1387 1360 1498 1399 non
1547 1361 1670 1400 esse

101 1445 383 1498 passuros,
411 1439 469 1484 ut
498 1445 581 1496 ea,
613 1442 734 1501 qua:
767 1432 834 1486 ad
876 1432 1018 1486 hanc
1063 1433 1376 1502 specialiter
1422 1443 1669 1490 sanctam

101 1521 375 1588 pertinent
408 1520 612 1583 sedem,
640 1523 782 1577 sicut
805 1522 1014 1591 judicia
1047 1523 1454 1592 episcoporum,
1479 1535 1531 1579 et
1555 1539 1670 1578 ma»

93 1613 246 1678 jores
270 1627 486 1676 causas,
518 1623 578 1666 nt
608 1615 770 1683 paulo
797 1615 1047 1685 superius
1068 1617 1411 1686 pl‘zBlibalum
1436 1625 1542 1679 est,
1574 1632 1669 1671 vos

96 1703 383 1771 patiamini
415 1705 574 1758 nobis
608 1705 938 1760 inconsultis
969 1706 1227 1761 invadere
1255 1707 1461 1776 absque
1499 1710 1667 1762 vestri

97 1805 281 1851 status
328 1797 591 1866 periculo.
642 1796 748 1852 Sed
796 1798 846 1853 si
893 1797 1017 1868 quis
1057 1799 1126 1853 ab
1177 1799 1442 1854 hodierna
1475 1799 1584 1862 die,
1619 1807 1672 1853 et

96 1889 358 1958 deinceps
379 1889 540 1959 602
577 1889 894 1960 episcOpum
930 1898 1130 1960 praeter
1162 1890 1327 1961 hujus
1356 1901 1558 1945 sanetae
1588 1905 1675 1945 se-

94 1980 185 2034 dis
215 1982 539 2035 sententiam
584 1981 864 2046 damnare,
901 1990 994 2036 aut
1032 1983 1251 2053 propria
1299 1983 1500 2052 pellere
1547 1983 1675 2038 sede

96 2076 532 2142 praesumpserit,
573 2075 713 2128 sciat
757 2089 817 2129 se
857 2075 1361 2144 irrecuperabiliter
1406 2076 1545 2131 esse‘
1576 2078 1674 2130 da-

93 2171 368 2227 mnatum,
405 2171 459 2218 et
489 2166 710 2234 proprio
755 2179 942 2220 carere
981 2166 1243 2235 perpetim
1268 2166 1496 2222 honore.
1532 2166 1664 2224 Eos-

91 2271 207 2326 que
249 2255 344 2325 qui
390 2258 597 2325 absque
647 2256 811 2325 hujus
839 2256 986 2312 sedis
1017 2268 1144 2313 sunt
1179 2259 1337 2328 ejecti
1379 2260 1669 2326 sententia,

90 2349 184 2402 vel
223 2349 466 2402 damnati
499 2349 619 2403 sine
664 2349 828 2417 hujus
869 2356 1074 2404 sanctae
1107 2350 1256 2405 sedis
1303 2353 1668 2416 auctoritate,

91 2439 296 2494 scitote
319 2439 604 2508 pristinam
631 2441 874 2510 recipere
899 2443 1361 2507 communionem,
1391 2451 1446 2498 et
1470 2444 1524 2497 in
1547 2431 1674 2514 pro-

89 2531 236 2600 priis
265 2530 480 2586 restitui
511 2532 752 2588 sedibus.
785 2532 1055 2598 Quoniam
1091 2541 1146 2588 et
1176 2535 1329 2604 prius
1363 2549 1394 2588 a
1424 2542 1670 2606 tempore

89 2625 312 2678 scilicet
339 2625 709 2693 apostolorum
738 2625 852 2682 haec
874 2627 1003 2682 huic
1028 2637 1232 2682 sanctae
1261 2628 1375 2683 sedi
1404 2644 1669 2685 concessa

85 2723 247 2768 sunt.
285 2714 352 2767 Et
381 2723 567 2783 postea
600 2717 654 2769 in
687 2727 983 2772 memorata
1014 2717 1235 2774 Nicaeus
1273 2719 1505 2790 synodo,
1544 2737 1672 2791 pro-

84 2815 223 2878 pter
263 2821 552 2876 pravorum
585 2807 866 2862 hominum
913 2809 1322 2874 infestationes,
1369 2819 1532 2881 atque
1561 2812 1672 2866 ha:-

84 2902 397 2953 reticorum
427 2900 858 2968 persecutiones,
890 2909 944 2955 et
968 2901 1347 2956 insidiantium
1388 2903 1670 2958 molimina

84 2991 360 3055 fratrum,
386 2998 514 3046 sunt
540 2993 886 3048 concorditer
913 2994 983 3048 ab
1005 2996 1264 3051 onmibus
1291 2997 1669 3062 corroborata,

83 3094 156 3137 ut
200 3085 376 3153 magis
409 3083 609 3153 singuli
639 3084 977 3152 provideant,
1019 3102 1088 3141 ne
1121 3087 1249 3141 talia
1279 3088 1517 3142 audeant
1546 3103 1670 3158 per-

1775 537 1912 585 mus,
1945 519 2126 572 omnia
2160 528 2336 573 autem
2362 520 2595 573 membra
2627 535 2727 571 non
2755 518 2995 572 eumdem
3040 528 3218 571 actum
3259 521 3359 574 Ita-

1775 612 1914 675 bent,
1955 613 2030 664 ita
2059 613 2214 665 multi
2245 628 2408 665 unum
2438 628 2628 681 corpus
2655 627 2836 666 sumus
2865 612 2921 666 in
2962 609 3193 666 Christo.
3231 611 3356 667 Sin-

1772 704 1883 774 guli
1914 713 2108 767 autem,
2135 703 2271 757 alter
2293 704 2510 756 alterius
2528 705 2761 757 membra
2783 703 2849 756 ’¹⁶.
2875 702 3164 759 Contextio
3187 707 3354 762 totius

1773 792 2041 861 corporis,
2091 805 2255 845 unam
2304 792 2616 856 sanitatem,
2673 809 2834 846 unam
2887 779 3356 862 pulchritudinem

1773 882 1924 938 facit.
1953 883 2021 936 Et
2045 883 2159 938 haec
2185 882 2408 953 quidem
2443 884 2725 940 contextio
2747 881 3193 954 tctius'corporis
3222 899 3359 939 una-

1773 975 2076 1030 nimitatem
2101 975 2355 1045 requirit,
2386 975 2477 1031 sed
2501 976 2773 1047 praecipue
2792 977 2960 1046 exigit
3003 978 3358 1032 concordiam

1773 1067 2144 1123 sacerdotum.
2191 1067 2406 1133 Quibus
2447 1067 2549 1122 etsi
2595 1068 2830 1138 dignitas
2883 1072 3192 1127 communis
3246 1087 3356 1126 non

1773 1165 1890 1220 est,
1928 1165 2114 1212 tamen
2168 1158 2304 1212 ordo
2348 1157 2619 1228 generalis
2666 1164 2769 1212 est.
2813 1158 3081 1224 Quoniam
3121 1169 3176 1214 et
3217 1161 3359 1216 inter

1774 1248 2119 1304 beatissimos
2157 1250 2459 1320 apostolos,
2493 1249 2548 1304 in
2590 1249 2949 1305 similitudine
2989 1251 3218 1308 honoris
3249 1253 3357 1308 fuit

1775 1341 2020 1407 quaedam
2069 1339 2332 1395 discretio
2362 1342 2670 1411 potestatis,
2706 1350 2758 1399 et
2807 1357 2932 1397 cum
2976 1345 3220 1412 (Iunium
3257 1362 3359 1418 par

1775 1435 1921 1482 esset
1953 1428 2167 1492 electio,
2205 1429 2298 1481 uni
2333 1435 2514 1484 tamen
2540 1427 2726 1483 datum
2758 1437 2818 1482 ut
2847 1431 3061 1486 caeteris
3118 1436 3360 1502 praeeuntis

1776 1526 1950 1572 neret.
1994 1517 2070 1573 De
2105 1534 2212 1589 qua
2243 1519 2416 1574 forma
2448 1519 2856 1589 episcoporum,
2886 1521 3138 1592 quaedam
3167 1535 3357 1580 exorta

1773 1619 1858 1665 est
1891 1611 2204 1674 distinctio,
2235 1617 2290 1665 et
2316 1625 2512 1680 magna
2549 1611 2899 1667 ordinatione
2927 1615 3208 1683 provisum
3247 1626 3354 1682 est,

1775 1718 1845 1758 ne
1890 1718 2082 1758 omnes
2131 1703 2236 1758 sibi
2279 1703 2465 1756 omnia
2522 1702 2890 1770 vindicarent,
2929 1705 3025 1760 sed
3063 1715 3249 1762 essent
3298 1710 3355 1764 in

1707 1816 1745 1869 Β
1775 1794 2007 1864 singulis
2063 1794 2363 1863 provinciis
2405 1793 2626 1864 singuli.
2677 1793 2922 1860 Quorum
2978 1798 3122 1852 inter
3160 1797 3358 1856 fratres

1776 1880 2067 1940 haberetur
2084 1885 2260 1956 prima
2287 1885 2584 1950 sententia,
2607 1895 2660 1940 et
2677 1901 2898 1942 rursum
2921 1889 3142 1958 quidam
3171 1891 3228 1944 in
3251 1907 3360 1946 mas

1769 1978 1984 2048 joribus
2011 1978 2240 2035 urbibus
2263 1978 2570 2046 constituti,
2595 1979 3016 2036 sollicitudinem
3040 1982 3160 2051 ejus
3191 1985 3360 2041 suscia

1773 2079 1965 2141 perent
2007 2071 2348 2141 ampliorem,
2395 2087 2491 2142 per
2531 2088 2670 2142 quos
2707 2071 2776 2127 ad
2815 2088 2980 2128 unam
3023 2075 3167 2130 beati
3207 2075 3358 2132 Petri

1773 2165 1991 2230 sedem,
2045 2164 2375 2221 universalis
2432 2164 2694 2220 Ecclesiae
2745 2182 2879 2221 cura
2930 2168 3250 2236 conflueret,
3301 2181 3360 2226 et

1773 2257 1910 2312 nihil
1940 2273 2174 2328 usquam
2207 2275 2236 2312 a
2273 2273 2375 2313 suo
2404 2260 2584 2328 capite
2623 2259 2937 2315 dissideret.
2971 2261 3074 2327 Qui
3100 2279 3230 2334 ergo
3253 2266 3358 2318 scit

1773 2361 1834 2402 se
1873 2347 2201 2417 quibusdam
2248 2349 2624 2418 praepositum,
2658 2365 2769 2403 non
2808 2351 3038 2405 moleste
3082 2351 3220 2406 ferat
3257 2354 3358 2406 ali-

1772 2453 1935 2509 quem
1979 2439 2083 2494 sibi
2117 2454 2240 2495 esse
2271 2441 2581 2510 praelatum,
2632 2441 2726 2496 sed
2761 2441 3146 2508 obedientiam,
3191 2459 3358 2514 quam

1779 2529 1972 2598 exigit,
2016 2528 2180 2583 etiam
2231 2529 2349 2600 ipse
2386 2529 2668 2599 rependat.
2713 2529 2898 2585 Nolite
2942 2532 3120 2602 itaque
3153 2549 3358 2596 errare,

1774 2624 1969 2691 fratres
1997 2623 2098 2676 mei
2131 2621 2503 2686 dilectissimi;
2535 2621 2788 2676 doctrinis
2819 2625 2982 2677 variis
3009 2634 3057 2678 et
3087 2627 3356 2678 extraneis

1774 2715 1934 2768 nolite
1969 2714 2163 2768 abduci
2191 2715 2262 2779 "",
2293 2722 2348 2768 at
2401 2714 2653 2768 instituta
2704 2715 3076 2784 apostolorum
3119 2723 3175 2770 et
3225 2731 3357 2786 apo-

1775 2806 2103 2862 stolicorum
2144 2805 2425 2870 virorum,
2481 2819 2831 2875 canonesque
2900 2806 3199 2871 habentes,
3269 2807 3356 2864 his

1772 2894 2057 2961 fruamini,
2104 2895 2191 2949 his
2231 2893 2671 2962 circumdemini,
2727 2896 2814 2950 his
2853 2896 3220 2961 delectemini,
3267 2899 3354 2953 his

1771 2987 2082 3050 armemini,
2123 2996 2185 3041 ut
2221 2987 2307 3042 his
2348 2987 2508 3056 freti,
2551 2988 2910 3057 circumdati,
2947 2988 3218 3052 delectati,
3266 3005 3358 3043 ara

1773 3081 1927 3144 mali,
1966 3087 2159 3134 contra
2207 3090 2405 3136 cuncta
2480 3082 2831 3137 inimicorum
2874 3082 3056 3151 jacula
3098 3082 3360 3136 resistere

79 3184 346 3244 pen-are;
391 3182 445 3229 et
488 3183 735 3241 caveant,
777 3176 824 3232 si
875 3192 983 3231 non
1031 3185 1255 3248 propter
1291 3176 1582 3232 Dominum
1614 3186 1668 3234 ει
1698 3172 1742 3232 C
1774 3171 2020 3226 valeatis.
2067 3169 2212 3226 Satis
2254 3173 2399 3227 enim
2438 3173 2722 3244 indignum
2765 3179 2850 3229 est
2891 3189 3220 3243 quemquam
3269 3173 3353 3227 vel

78 3281 346 3322 amorem
394 3265 648 3332 fratrum,
693 3275 874 3324 tamen
915 3279 1138 3339 prepter
1175 3270 1529 3340 opprobrium
1568 3271 1668 3324 ho-

74 3359 310 3414 minum
337 3358 592 3414 ruborem
622 3374 803 3424 suum,
839 3367 1002 3430 atque
1027 3364 1348 3417 canonicam
1379 3362 1666 3426 ultionem,

73 3451 296 3505 saltem
327 3449 441 3505 hac
477 3450 672 3505 timore
709 3459 763 3505 et
801 3451 1130 3506 verecundia
1156 3466 1470 3521 compressa
1497 3452 1668 3507 silen-

69 3543 172 3594 tio
239 3541 692 3609 comprimantur,
745 3548 1026 3610 amputato
1081 3541 1293 3596 scilicet
1343 3542 1512 3596 totius
1552 3541 1670 3612 (58)

70 3631 476 3702 usurpationis
497 3646 747 3687 excessu.
768 3631 906 3698 Quia
931 3633 1120 3687 nullus
1150 3632 1308 3687 debet
1341 3647 1670 3701 praetimere

67 3735 220 3794 quae
256 3720 362 3776 sibi
397 3735 506 3775 non
554 3721 809 3776 videntur
847 3736 971 3778 esse
1011 3736 1297 3778 concessa.
1345 3721 1521 3788 Quam
1552 3722 1671 3776 cul-

61 3825 226 3886 pain
259 3811 578 3882 potuissetis
611 3811 762 3866 nullo
787 3812 950 3867 modo
981 3812 1238 3876 incidere,
1275 3812 1322 3868 si
1351 3811 1496 3869 unde
1534 3827 1668 3868 con-

56 3904 462 3962 Secrationem
508 3904 733 3958 honoris
776 3903 1046 3974 accipitis,
1094 3903 1222 3959 inde
1272 3904 1442 3975 legem
1497 3905 1668 3960 totius

56 3995 461 4051 observantia:
481 3994 793 4049 sumeretis.
816 3993 880 4046 Et
894 3994 1039 4048 beati
1064 3993 1208 4048 Petri
1231 3991 1463 4062 apostoli
1485 3991 1663 4056 sedes,

55 4103 220 4158 quas
247 4086 406 4141 vobis
453 4085 815 4142 sacerdotalis
840 4094 1015 4140 mater
1057 4094 1142 4140 est
1171 4085 1472 4156 dignitatis,
1518 4091 1667 4140 esset

49 4180 488 4238 ecclesiasticae
541 4180 804 4250 magistra
847 4179 1095 4233 rationis.
1161 4176 1336 4242 Unde,
1372 4177 1516 4233 sicut
1565 4192 1667 4232 nos

53 4275 330 4330 multum
369 4287 434 4328 ea
461 4287 582 4343 quae
612 4271 766 4327 vobis
804 4271 893 4341 pie
938 4279 1193 4341 recteque
1236 4276 1364 4324 sunt
1394 4278 1539 4334 acta,
1572 4270 1667 4324 la:-

50 4369 333 4428 tilicant,
369 4367 444 4419 ita
489 4365 718 4418 nimium
756 4380 822 4420 ea
859 4381 980 4436 quae
1011 4373 1142 4421 sunt
1183 4379 1466 4434 perperam
1491 4373 1666 4432 gesta,

46 4457 450 4515 contristant.
492 4455 762 4522 Quoniam
795 4471 1021 4511 necesse
1047 4463 1150 4520 est,
1206 4463 1328 4524 post
1373 4454 1669 4508 multarum

39 4550 292 4609 talium
353 4549 726 4619 experimenta
770 4563 1082 4611 causarum,
1127 4547 1243 4600 haec
1287 4546 1342 4599 in
1387 4553 1667 4615 posterum

41 4640 390 4703 sollicitius
414 4641 674 4709 prospici,
704 4648 759 4695 et
777 4641 1093 4710 diligentius
1119 4642 1437 4709 praecaveri,
1474 4647 1667 4710 quate-

41 4751 198 4795 nus
251 4748 316 4788 ea
344 4750 466 4804 quae
511 4746 640 4789 sunt
684 4736 752 4789 ab
796 4735 1057 4805 apostolis
1098 4748 1400 4802 eorumque
1443 4746 1668 4788 succes-

34 4829 317 4891 soribus
362 4836 587 4893 statuta,
637 4829 786 4883 nulla
835 4828 1045 4883 desidia
1099 4827 1465 4896 negligantur,
1518 4825 1666 4879 nulla

33 4922 445 4983 dissensione
473 4922 768 4986 violentur,
817 4921 968 4975 nulla
1001 4919 1412 4975 concertatione
1437 4917 1664 4972 turben-

1770 3261 2113 3331 pontiﬁcum,
2141 3263 2223 3317 vel
2247 3263 2504 3318 ordinum
2532 3265 2984 3335 subsequentinm
3019 3265 3162 3319 hanc
3197 3279 3357 3334 regu-

1769 3351 1878 3405 lam
1902 3351 2160 3416 refutare,
2180 3369 2342 3424 quam
2377 3355 2523 3410 beati
2550 3355 2695 3410 Petri
2724 3355 2883 3412 fidem
2903 3357 3080 3412 valeat
3108 3365 3163 3412 et
3193 3358 3349 3428 sequi

1769 3452 1821 3496 et
1853 3442 2070 3498 docere.
2116 3443 2341 3516 Multum
2381 3447 2525 3501 enim
2567 3448 2819 3503 convenit
2847 3457 2906 3502 ut
2936 3455 3108 3504 totum
3144 3465 3347 3519 corpus

1769 3532 2025 3590 Ecclesiae
2065 3535 2122 3590 in
2162 3536 2264 3591 hac
2307 3537 2526 3593 sibimet
2568 3540 2955 3595 observatione
3015 3540 3349 3605 concordet,

1768 3640 1894 3694 quas
1931 3627 2057 3682 inde
2101 3629 2486 3684 auctoritatem
2522 3630 2708 3697 habet,»
2741 3631 2832 3686 ubi
2875 3630 3139 3688 Dominus
3169 3621 3354 3687 Eccle-

1768 3717 1865 3772 siae
1897 3717 2065 3773 totius
2106 3722 2290 3790 posuit
2321 3722 2710 3792 principatum,
2754 3723 2973 3780 dicente
3013 3723 3298 3794 Scriptura
3335 3743 3352 3778 :-

1772 3808 2049 3866 Ordinavit
2097 3810 2155 3864 in
2199 3827 2280 3866 me
2329 3812 2649 3871 charitatem
2682 3813 2756 3868 ".-
2797 3814 2864 3869 Et
2919 3815 3048 3871 item
3097 3831 3110 3867 :
3159 3815 3353 3871 Omnia

1769 3917 1889 3956 cum
1941 3901 2130 3957 ordine
2173 3905 2308 3973 ﬁant
2347 3906 2416 3959 τ’.
2469 3905 2780 3980 lterumqtte
2815 3906 3110 3963 Psalmista
3150 3908 3351 3979 praedi-

1770 4002 1931 4048 cante
1992 4012 2006 4049 :
2056 3993 2396 4051 Circumdate
2455 3997 2585 4054 Sion
2636 4009 2688 4056 et
2741 4000 3150 4069 complectimini
3209 4017 3353 4066 eam,-

1770 4096 1988 4140 narrate
2035 4087 2092 4139 in
2149 4087 2383 4143 turribus
2431 4090 2570 4158 ejus.
2620 4090 2811 4146 Ponite
2863 4093 3026 4146 corda
3070 4103 3244 4148 vestra
3297 4095 3353 4149 iu

1769 4179 1960 4232 virtute
1999 4177 2136 4247 ejus,
2164 4190 2224 4233 ut
2255 4185 2514 4238 enarretis
2555 4185 2610 4238 in
2638 4185 2906 4254 progenies
2938 4185 3134 4240 alteras
3173 4202 3191 4239 :
3221 4204 3353 4258 quo-

1771 4271 1915 4324 niam
1953 4270 2036 4323 Itic
2077 4282 2154 4324 est
2195 4271 2453 4328 Dominus
2489 4274 2631 4331 Deus
2673 4285 2850 4330 noster
2894 4278 2948 4330 in
2994 4286 3272 4336 wternum.
3301 4289 3351 4334 et

1771 4365 1882 4432 ipse
1911 4372 2046 4432 reget
2079 4379 2173 4418 nos
2211 4365 2263 4417 in
2298 4366 2494 4419 saecula
2522 4367 2590 4420 ⁸ο.
2618 4364 2790 4422 Oﬂicii
2831 4369 2977 4423 enim
3006 4371 3183 4425 nostri
3217 4385 3354 4426 con-

1773 4454 2141 4520 sideratione,
2188 4471 2300 4510 non
2357 4465 2442 4512 est
2491 4459 2649 4514 nobis
2690 4459 3059 4527 dissimulare,
3099 4479 3210 4518 non
3266 4473 3352 4520 est

1704 4531 1748 4585 1)
1773 4553 1958 4601 tacere
1998 4547 2263 4613 liberum,
2303 4550 2504 4619 quibus
2542 4551 2716 4621 major
2767 4553 2985 4610 cunctis
3027 4553 3353 4612 Christianae

1775 4638 2059 4708 religionis
2106 4641 2256 4697 zelus
2303 4641 2600 4708 incumbit,
2640 4659 2709 4699 ne
2751 4661 2848 4715 per
2885 4647 3353 4715 taciturnitatem,

1772 4743 1869 4788 aut
1916 4734 2120 4799 favere,
2165 4744 2259 4789 aut
2306 4739 2620 4794 consentire
2667 4739 2950 4795 videamur
2990 4741 3218 4798 fratrum
3251 4760 3351 4798 no-

1770 4827 2061 4882 cumentis.
2102 4825 2297 4882 Datum
2340 4828 2599 4887 Kalendis
2656 4829 2936 4898 Octobris,
2981 4832 3258 4890 Felieiano
3295 4842 3351 4889 et

1771 4917 2122 4985 Maximiano,
2157 4921 2290 4976 viris
2320 4922 2666 4992 clarissimis,
2697 4926 3040 4982 consulibus.

141 5146 204 5179 7‘
245 5146 404 5201 Rom.
442 5158 550 5208 xu,
580 5141 650 5210 4,
687 5141 741 5197 5.
815 5133 863 5173 ⁷⁷
896 5137 1056 5194 He‘hr’.
1096 5150 1194 5192 nn
1219 5180 1234 5204 ,
1269 5140 1322 5194 9.
1398 5137 1448 5171 ⁷⁸
1485 5136 1640 5193 Cant.
1680 5141 1752 5211 n,
1788 5142 1840 5198 4.
1914 5144 1959 5175 τ’
1999 5143 2018 5196 1
2054 5142 2180 5199 Cor“.
2218 5152 2330 5210 xiv,
2366 5146 2454 5202 40.
2531 5148 2578 5182 9°
2615 5146 2759 5205 Psal.
2796 5165 2966 5218 nvu,
3004 5152 3194 5210 lS—h‘i.

133 5367 275 5440 (37)
306 5363 551 5421 Africani
577 5329 680 5420 PP.
710 5365 767 5421 in
793 5379 880 5436 ep.
905 5365 970 5420 ad
1001 5362 1363 5418 Bonifacium.

1835 5359 1946 5434 (.38)
1986 5363 2044 5422 S.
2073 5364 2202 5432 Leo,
2237 5382 2324 5437 ep.
2363 5367 2450 5424 84.
