3852 6206
506 272 644 332 “55

1704 265 1762 322 S.
1811 261 2277 321 ATIIANASIUS.
2320 294 2384 301 —
2421 257 2696 317 SPURIA.‘

3623 261 3730 317 H55

573 436 815 509 Epistola
848 431 1204 489 Orientalium
1237 430 1305 482 ad
1351 428 1560 482 Iulium
1592 443 1788 496 papam
1845 426 2210 509 causantiurn‘
2249 423 2387 494 quod
2424 426 2473 477 in
2507 424 2925 509 communionem
2972 424 3221 493 receperit
3254 423 3614 491 Athanasium,
3639 436 3681 480 et

1637 495 1853 552 ctcteros
1885 514 2015 567 quos
2050 498 2151 565 ipsi
2177 495 2586 550 damnaverant.

573 625 806 682 Domino
853 622 1203 686 beatissimo,
1248 627 1304 675 et
1351 617 1662 674 honorabili
1714 617 1868 673 Patri
1918 615 2086 681 Julio,
2119 630 2165 679 Α
2192 615 2418 685 eligitis,
2456 622 2589 670 tunc
2636 616 2825 686 liquet,
2860 614 3006 685 quod
3056 629 3158 669 nos
3215 614 3446 685 perdere
3489 619 3660 680 vultis.
3699 627 3746 676 et

503 720 820 790 apostolica:
875 715 1022 771 sedis
1073 713 1372 768 venerabili
1431 713 1729 784 episcopo,
1789 709 2086 773 Eusebius,

507 806 1028 882 Theogonius,(59)
1081 804 1429 868 Theodorus,
1482 813 1536 860 et
1594 802 1924 868 Berinthus,
1980 817 2088 855 una

503 920 630 958 cum
675 901 902 972 reliquis
950 898 1214 952 fratribus
1262 906 1317 952 et
1366 896 1712 966 coepiscopis
1763 895 1971 950 nostris
2034 895 2089 948 in

501 995 792 1050 Antiochia
825 989 1192 1061 congregatis.
1833 1043 1844 1055 ,

573 1085 683 1156 (40)
740 1083 894 1138 Licet
943 1081 1091 1135 circa
1145 1095 1336 1135 omnes
1405 1077 1706 1133 Ecclesium
1785 1074 2087 1132 Romanam

502 1180 748 1234 sciamus
794 1191 918 1232 esse
959 1174 1302 1238 muniﬁcam,
1361 1181 1414 1226 et
1469 1171 1828 1242 apostolicam
1885 1169 2090 1225 habere

501 1285 716 1334 curam,
750 1276 804 1323 et
829 1277 1058 1323 matrem
1089 1281 1305 1335 semper
1331 1263 1602 1320 exsistere
1631 1263 1873 1334 pietatis,
1913 1276 2094 1332 quan-

501 1380 666 1433 quam
733 1364 803 1418 ab
852 1362 1078 1416 Oriente
1127 1360 1195 1414 ad
1250 1374 1372 1413 eam
1420 1356 1810 1428 praedicatores
1867 1355 2088 1426 pietatis

502 1457 863 1518 advenerunt,
899 1463 1084 1509 tamen
1133 1462 1447 1523 Optaremus
1475 1467 1574 1506 vos
1617 1450 1906 1506 nobiscum
1950 1463 2082 1504 con-

503 1549 764 1611 cordare,
805 1557 861 1603 et
903 1562 1045 1617 quos
1086 1560 1114 1598 a
1155 1543 1546 1598 communione
1597 1541 2010 1611 suspendimus,
2056 1554 2088 1593 a

509 1639 660 1693 vobis
685 1654 811 1694 esse
836 1652 1160 1708 suspensos.
1187 1635 1252 1688 Et
1279 1650 1418 1704 quos
1459 1634 1512 1687 in
1557 1633 1751 1688 ordine
1796 1631 2089 1686 conﬁrma-

503 1749 625 1788 mus
653 1733 1057 1804 episcoporum,
1089 1746 1120 1785 a
1153 1730 1308 1786 vobis
1336 1743 1460 1784 esse
1499 1725 1822 1791 ﬁrmandos,
1856 1740 1957 1781 nec
1987 1739 2089 1780 nos

503 1825 751 1880 secundo
809 1825 932 1879 loco
983 1822 1266 1877 habendos
1308 1836 1432 1874 cum
1466 1819 1534 1875 iis
1576 1819 1668 1889 qui
1709 1834 1776 1873 ex
1815 1818 1901 1873 his
1963 1832 2090 1888 par—

502 1918 650 1970 tibus
695 1917 762 1970 ad
801 1932 899 1972 vos
938 1931 1113 1986 usque
1146 1914 1582 1984 dogmatizanles
1618 1911 1851 1982 apostoli
1899 1924 2086 1981 perveo

2197 722 2306 760 non
2348 714 2406 760 ut
2440 717 2594 777 pater
2645 706 2786 761 ﬁlios
2845 706 3048 762 fovere.
3106 705 3305 762 Dicunt
3354 708 3499 762 enim
3527 720 3574 764 et
3620 712 3746 764 allir-

2198 806 2370 861 mant.
2403 807 2515 853 tam
2549 799 2700 855 cives
2739 799 2994 862 istorum,
3037 813 3201 869 quam
3233 801 3643 857 consacerdotes
3670 819 3750 857 eo-

2200 905 2342 953 rum,
2390 889 2492 946 hos
2542 889 2727 946 fovere
2770 907 2868 946 vos
2913 892 3071 957 velle,
3127 891 3454 956 homicidas,
3495 909 3750 949 sacrorum

2196 983 2522 1052 templorum
2554 998 2860 1048 eversores.
2891 984 3162 1055 virginum
3195 993 3555 1057 stupratores,
3587 1003 3754 1042 sacro-

2197 1090 2318 1128 rum
2369 1075 2638 1130 lihrorum
2679 1077 3023 1140 incensores,
3054 1091 3450 1148 sacrorumque
3497 1094 3750 1144 vasorum,

2195 1173 2249 1220 et
2279 1175 2601 1220 cazterorum
2633 1181 2918 1223 sacrorum
2947 1167 3377 1223 ministeriorum
3409 1168 3750 1236 iraudatores,

2195 1257 2496 1313 ciliciorum
2536 1258 2901 1329 neglectores,
2943 1260 3337 1330 imperatorum
3392 1262 3601 1324 inlidos.
3638 1281 3754 1334 gen-

2195 1349 2269 1407 tis
2298 1358 2352 1405 et
2385 1351 2576 1421 patria:
2605 1350 2937 1420 proditores,
2975 1362 3031 1408 et
3068 1353 3213 1408 inter
3242 1354 3552 1411 sacerdotes
3595 1358 3754 1412 maxi-

2195 1457 2340 1496 mam
2375 1451 2701 1514 generantes
2740 1443 3098 1510 discordiam,
3134 1460 3199 1500 eo
3250 1446 3400 1515 quod
3440 1448 3754 1503 substantia-

2195 1533 2367 1590 litatis
2403 1550 2614 1599 vocem,
2659 1551 2782 1606 quae
2830 1537 3037 1607 scripta
3085 1553 3194 1591 non
3247 1538 3524 1594 invenitur
3564 1541 3613 1594 in
3645 1541 3759 1596 ﬁdei

2195 1626 2470 1691 doctrina,
2519 1635 2844 1698 posuerunt.
2905 1627 3045 1695 Quid
3098 1630 3254 1699 plura
3304 1647 3620 1689 enumerare
3671 1649 3761 1688 ue-

2197 1735 2352 1776 eesse
2379 1729 2484 1788 est,
2521 1736 2646 1776 cum
2682 1729 2905 1792 propter
2935 1738 3034 1778 eos
3065 1724 3245 1788 nobis,
3275 1731 3331 1779 et
3357 1727 3568 1782 cunctis
3595 1729 3762 1798 regio-

2197 1815 2284 1868 nis
2309 1813 2475 1883 hujus
2496 1813 2904 1872 habitatoribus
2938 1816 3260 1879 scientibus,
3289 1825 3442 1872 tanta
3474 1822 3644 1876 caedes
3680 1823 3764 1876 bo-

2196 1906 2408 1961 minum
2439 1908 2512 1962 sit
2553 1918 2884 1978 perpetrata,
2925 1917 2986 1963 ut
3016 1911 3252 1980 amplius
3287 1929 3452 1982 quam
3487 1914 3631 1968 mille
3675 1914 3764 1966 ho-

504 2012 708 2065 nerint,
751 2009 861 2065 Nec
883 2010 1028 2065 enim
1052 2026 1152 2063 nos
1174 2009 1330 2063 vobis
1365 2005 1623 2062 reluctati
1658 2019 1871 2066 sumus,
1898 2017 2094 2072 quam-
2120 1988 2167 2049 Β
2196 1999 2374 2054 mines
2423 2001 2536 2054 sint
2570 2001 2876 2070 prostrati?
2917 2000 3143 2056 Talibus
3175 2014 3354 2058 autem
3389 2004 3589 2071 favere,
3644 2007 3768 2076 quid

504 2103 586 2157 vis
625 2104 729 2156 hoc
778 2117 937 2172 agere
980 2102 1373 2170 potuissemus,
1408 2095 1631 2168 quando
1676 2095 2013 2151 Novatianus
2056 2109 2088 2148 a

505 2196 753 2249 Romana
794 2195 987 2266 pulsus
1027 2204 1111 2248 est
1146 2193 1412 2248 Ecclesia.
1458 2190 1764 2256 Quoniam,
1813 2188 1891 2242 uti
1929 2189 2088 2257 juxta

501 2291 780 2360 vulgarem
861 2287 1317 2344 consuetudinem
1389 2285 1717 2354 loquamur,
1776 2283 2086 2336 inimicitias

501 2383 690 2453 quazrit
737 2382 909 2436 omnis
955 2379 1189 2450 quivult
1240 2378 1481 2432 recedere
1525 2377 1589 2430 ab
1642 2375 1813 2430 amico
1866 2373 1934 2428 ⁸⁸.
1978 2372 2089 2428 Nec

501 2477 733 2529 crimine
775 2489 965 2528 carere
992 2479 1194 2543 potest,
1242 2472 1336 2542 qui
1374 2471 1604 2525 alterius
1641 2467 2089 2524 excommunica-

501 2577 615 2622 tum
659 2566 866 2636 absque
907 2565 1028 2633 ejus
1077 2563 1317 2624 licentia,
1353 2578 1382 2615 a
1423 2578 1533 2632 quo
1577 2561 1966 2616 communione
2005 2568 2090 2614 est

502 2660 773 2729 privatus,
814 2658 869 2711 in
895 2656 1336 2711 communionem
1398 2653 1736 2723 susceperit,
1783 2652 2090 2706 canonibus

504 2751 670 2805 semel
711 2749 1072 2819 jubentibus,
1122 2747 1634 2802 excommunicatus
1688 2745 1757 2798 ah
1807 2745 1964 2811 aliis,
2023 2743 2092 2797 ab

503 2846 626 2900 aliis
696 2860 804 2898 non
843 2841 1199 2909 suscipiatur,
1258 2838 1566 2893 viventibus
1623 2837 1772 2899 illis,
1815 2852 1843 2889 a
1889 2835 2089 2906 quibus

503 2936 890 2992 communione
923 2934 1171 3004 privatus
1199 2946 1321 2986 esse
1367 2931 1730 3002 dignoscitur.
1767 2928 1877 2984 Nec
1909 2930 2088 2984 solum

504 3031 558 3084 in
589 3029 674 3083 his
705 3027 864 3082 nobis
885 3024 1272 3080 contumeliam
1298 3022 1573 3091 irrogatis,
1596 3020 1691 3076 sed
1720 3022 1884 3074 etiam
1917 3020 1972 3073 in
2001 3020 2086 3074 his

503 3120 752 3190 quaedam
784 3117 1015 3172 consilia
1051 3123 1239 3169 nostra
1267 3112 1594 3176 dissolvitis,
1627 3127 1803 3181 neque
1834 3126 1897 3167 ea
1941 3119 2091 3166 recte

503 3213 742 3268 deﬁnitis
779 3225 921 3266 esse.
956 3209 1097 3263 Sunt
1129 3223 1365 3278 namque
1408 3221 1438 3260 a
1475 3206 1655 3271 nobis,
1693 3211 1747 3260 et
1789 3204 2026 3257 maxime
2059 3218 2091 3256 a

503 3307 676 3358 totius
729 3301 970 3357 Orientis
1046 3298 1321 3368 episcOpis
1384 3296 1666 3360 damnati,
1752 3294 2089 3348 Athanasius

503 3394 931 3458 Alexandrinus,
948 3364 1153 3445 Paulus
1176 3364 1839 3458 constantinOpolitanus,
1859 3384 2089 3439 Marcel-
2117 3364 2163 3427 (ἶ

507 3490 592 3542 lus
613 3486 856 3548 Ancirae,
892 3483 1178 3553 Asclepius
1209 3482 1397 3546 Gazae,
1423 3479 1808 3548 Lucianusque
1836 3476 2088 3550 [Lucius]

509 3572 986 3642 Adrianopolites,
1059 3585 1162 3640 pro
1225 3571 1392 3625 certis
1468 3568 1831 3632 criminibus,
1889 3567 2092 3636 quibus

507 3661 808 3716 adversarii
838 3669 966 3715 sunt
1005 3660 1152 3730 apud
1198 3675 1296 3714 nos
1347 3659 1620 3730 inscripti,
1665 3674 1786 3728 qua:
1821 3673 1920 3728 per
1954 3673 2095 3727 prte—

507 3766 691 3809 sentes
762 3754 928 3822 hujus
979 3754 1226 3823 epistolae
1286 3753 1488 3807 latores
1537 3751 1724 3805 omnia
1781 3751 1885 3804 sub
1940 3760 2091 3804 certa

506 3847 770 3900 relatione
799 3855 997 3900 vestrae
1022 3847 1364 3900 innotescere
1400 3861 1506 3899 non
1541 3844 1847 3898 omittimus
1881 3845 2090 3897 sancti-

504 3941 628 3995 tati.
661 3939 873 4004 Quibus
906 3941 1130 4010 agnitis,
1168 3940 1212 3994 si
1244 3938 1451 3993 nostris
1482 3937 1699 4008 placitis
1729 3936 1902 4005 magis
1925 3949 2090 4006 quam

502 4047 695 4088 eorum
731 4033 1226 4087 machinationibus
1251 4029 1518 4085 assentire
1537 4069 1553 4093 ,
1579 4038 1632 4083 et
1657 4029 1939 4084 ordinatos
1976 4027 2092 4097 epi-

507 4139 705 4195 scopos
734 4125 792 4178 in
824 4123 1208 4179 damnatorum
1245 4124 1368 4177 loco
1401 4122 1620 4175 ﬁrmare
1652 4121 1875 4197 eligitis,
1899 4134 2089 4190 pacem

505 4214 813 4276 vobiscum,
855 4221 911 4267 et
959 4213 1404 4267 communionem
1453 4210 1658 4265 habere
1700 4211 1978 4264 volumus.
2031 4207 2090 4263 Si

506 4320 639 4359 vero
663 4306 821 4358 aliter
843 4305 1088 4374 egeritis,
1116 4313 1170 4359 et
1208 4305 1287 4359 eis
1324 4304 1559 4372 amplius
1580 4317 1743 4372 quam
1772 4303 1932 4357 nobis
1957 4317 2093 4358 con-

505 4397 711 4450 sentire
734 4396 896 4466 603
933 4395 1336 4466 judicaveritis,
1363 4396 1641 4449 contraria
1666 4394 2088 4460 celebrabimus,

506 4497 561 4542 et
611 4489 892 4542 vobiscum
929 4488 1188 4556 deinceps
1238 4504 1339 4542 nec
1390 4488 1734 4558 congregari,
1785 4503 1887 4543 nec
1933 4488 2091 4542 vobis

506 4584 749 4647 obedire,
789 4599 891 4638 nec
920 4584 1074 4638 vobis
1108 4584 1416 4652 vestrisque
1461 4582 1642 4638 favere
1688 4583 1962 4646 volumus,
1993 4581 2090 4637 sed

2197 2091 2342 2145 aliud
2367 2100 2474 2154 est,
2508 2107 2672 2162 quam
2705 2094 3008 2150 sceleribus
3040 2110 3228 2150 eorum
3261 2098 3609 2152 consentire?
3642 2100 3773 2155 Cum

2193 2198 2350 2238 sacra
2376 2182 2659 2256 Scriptura
2695 2187 2812 2241 haec
2839 2187 3147 2257 prohibeat,
3183 2189 3373 2244 dicens
3405 2209 3418 2244 :
3453 2189 3573 2244 Non
3607 2194 3775 2246 solum

2190 2277 2280 2346 qui
2313 2277 2516 2346 faciunt
2551 2278 2840 2347 culpabiles
2872 2282 3158 2345 exsistunt,
3208 2283 3300 2335 sed
3340 2284 3503 2336 etiam
3540 2287 3631 2353 qui
3658 2302 3776 2338 con-

2192 2371 2424 2424 sentiunt
2459 2371 2783 2440 facientibus
2819 2373 2885 2427 3'.
2925 2371 3155 2428 Talibus
3193 2375 3340 2429 enim
3379 2391 3479 2431 vos
3509 2377 3778 2432 obsistere

2192 2463 2324 2518 totis
2352 2464 2565 2520 viribus
2597 2467 2888 2535 optimum,
2921 2482 2989 2521 ne
3012 2467 3370 2522 involvamini
3404 2471 3652 2538 peccatis
3686 2487 3778 2525 eo-

2193 2571 2338 2621 rum,
2387 2573 2458 2612 ne
2514 2558 3144 2614 excommunicationem
3197 2576 3389 2615 eorum
3439 2563 3777 2634 suscipiatis.

2194 2649 2354 2703 Tales
2392 2649 2538 2704 enim
2568 2663 2599 2701 a
2623 2650 2778 2704 vobis
2811 2651 2999 2720 procul
3031 2652 3271 2722 abjicite,
3305 2669 3376 2707 ne
3413 2663 3637 2724 propter
3668 2658 3780 2710 ani-

2194 2741 2504 2796 mositatem
2542 2743 2747 2812 p0puli,
2783 2743 3050 2813 sacrilega
3066 2744 3416 2800 dissensione
3439 2745 3778 2816 dispeream,

2195 2833 2379 2902 itaque
2409 2833 2675 2902 optimum
2706 2849 2802 2890 vos
2836 2835 3101 2904 improbis
3129 2837 3301 2905 probe
3330 2838 3617 2894 resistere.
3647 2837 3782 2904 Qua-

2195 2933 2416 2994 propter
2459 2924 2504 2979 si
2558 2925 2912 2996 neglexeritis
2943 2926 3238 2980 deturbare
3263 2943 3583 2997 perversos,
3616 2930 3781 2998 liquet

2192 3017 2338 3086 quod
2391 3032 2584 3072 eorum
2636 3017 2938 3088 protegatis
2985 3033 3251 3074 errorem.
3296 3017 3410 3074 Nec
3464 3035 3596 3074 vero
3641 3030 3781 3075 caret

2194 3110 2454 3179 scrupulo
2488 3110 2766 3165 societatis
2791 3110 3043 3174 occultae,
3075 3112 3170 3181 qui
3195 3111 3489 3168 manifeste
3517 3111 3783 3167 facinori-

2193 3201 2298 3257 bus
2325 3201 2528 3256 desinit
2565 3202 2809 3257 obviare.
2841 3207 3002 3257 Decet
3031 3204 3179 3257 enim
3211 3220 3310 3260 vos
3346 3204 3414 3258 ad
3450 3204 3785 3275 arguendam

2195 3295 2524 3365 proterviam
2568 3310 2782 3357 eorum,
2825 3296 3064 3366 linguam
3099 3306 3340 3351 vestram
3389 3313 3689 3362 exacuere,
3741 3309 3792 3351 et

2194 3383 2341 3438 velut
2384 3399 2692 3440 venenosos
2741 3400 2772 3439 a
2826 3388 2981 3442 vobis
3024 3389 3311 3458 repellere,
3364 3404 3434 3443 ne
3471 3405 3672 3444 eorum
3705 3406 3792 3442 ve-

2195 3489 2338 3528 neno
2366 3489 2486 3540 vos,
2518 3477 2800 3546 vestrique
2826 3479 2882 3532 in
2913 3480 3098 3550 aliquo
3119 3483 3469 3538 sauciemini.
3503 3482 3792 3538 Suﬂiciant

2196 3567 2278 3622 ba:
2305 3568 2465 3624 vobis
2512 3570 2876 3640 querimonias
2910 3581 3105 3626 contra
3139 3589 3236 3628 eos
3263 3574 3481 3638 delatae,
3522 3578 3792 3645 quoniam

2194 3663 2532 3734 derelinquet
2555 3681 2657 3720 nos
2683 3673 2923 3736 tempus,
2951 3668 3254 3722 secundum
3275 3669 3423 3738 quod
3447 3670 3526 3722 ait
3551 3671 3794 3741 Aposto-

2197 3757 2304 3818 lus.
2342 3757 2388 3812 si
2439 3757 2780 3813 voluerimus
2817 3760 3066 3813 omnium
3116 3761 3536 3832 obloquentium
3577 3764 3800 3818 oblatas

2195 3858 2387 3904 contra
2432 3865 2529 3905 eos
2578 3850 2883 3920 producere
2913 3851 3186 3921 querelas.
3220 3853 3460 3907 maxime
3492 3869 3632 3907 cum
3689 3856 3802 3907 haec

2194 3942 2356 3997 nobis
2403 3941 2695 4007 suiliciant,
2732 3958 2854 4012 quae
2879 3944 3133 4013 superius
3168 3944 3315 3998 dicta
3346 3951 3499 4000 sunt.
3549 3943 3673 4000 Nec
3703 3961 3809 3998 uo-

2195 4033 2281 4088 bis
2332 4048 2562 4089 necesse
2615 4035 2814 4090 iterum
2868 4050 3060 4091 eorum
3113 4035 3398 4106 divulgare
3447 4040 3630 4104 mala,
3678 4055 3811 4092 eum

2193 4127 2312 4198 ipsa
2351 4143 2448 4198 per
2488 4143 2549 4183 se
2588 4128 2878 4198 prodeant,
2912 4137 2967 4184 et
2994 4129 3230 4185 maxime
3259 4145 3456 4186 omnes
3488 4134 3810 4187 orientales

2194 4228 2363 4275 testes
2395 4235 2560 4291 super
2603 4235 2794 4274 eorum
2830 4221 2993 4276 malis
3039 4222 3333 4276 exsistant.
3385 4221 3453 4274 In
3483 4239 3584 4277 ore
3637 4224 3806 4282 enim,

2188 4310 2348 4381 juxta
2377 4311 2524 4381 quod
2558 4312 2828 4382 scriptum
2860 4320 2966 4378 est,
2998 4313 3227 4366 duorum
3257 4315 3337 4367 rel
3369 4317 3537 4367 trium
3589 4317 3807 4369 testium

2193 4400 2356 4456 stabit
2407 4417 2560 4456 omne
2592 4401 2803 4455 uerbum
2849 4401 2916 4457 ⁸³.
2956 4401 3174 4467 Quanto
3206 4405 3382 4473 magis
3433 4405 3487 4458 in
3544 4406 3808 4458 multitu-

2191 4493 2321 4549 dine
2365 4500 2645 4548 tantorum
2697 4493 3067 4560 sacerdotum,
3102 4497 3460 4567 populorum,
3505 4498 3808 4556 abbatum.

2191 4587 2280 4641 vel
2309 4587 2728 4651 monachorum,
2761 4597 2816 4642 et
2843 4590 3053 4657 scripto
3091 4597 3146 4642 et
3184 4603 3322 4643 voce
3361 4597 3574 4644 contra
3611 4592 3811 4644 horam

506 4692 602 4746 per
637 4691 740 4730 nos
772 4674 1039 4744 quidquid
1069 4677 1266 4730 melius
1295 4676 1622 4746 elegerimus
1658 4690 1818 4745 agere
1862 4675 2088 4730 conabi-
2119 4707 2164 4761 ι)
2193 4678 2522 4748 pravitatem
2560 4678 2808 4748 quotidie
2843 4680 3312 4734 acclamantium?
3361 4681 3476 4736 Nos
3534 4699 3684 4737 vero
3721 4682 3811 4736 dia

504 4789 648 4826 mur.
685 4772 819 4825 Nam
854 4772 1038 4825 nullus
1075 4781 1159 4826 est
1191 4773 1246 4826 in
1266 4773 1368 4825 hac
1402 4780 1557 4841 parte
1584 4779 1852 4826 ten'arum
1873 4779 2088 4826 aetatem

501 4866 734 4928 habens,
771 4866 865 4936 qui
901 4865 1114 4936 ignoret
1167 4866 1556 4936 praedictorum
1602 4864 1884 4919 volumina
1919 4864 2088 4919 sedu-

500 4968 737 5012 ctorum.
769 4956 999 5027 Propter
1021 4973 1117 5012 eos
1141 4959 1286 5012 enim
1311 4959 1486 5010 multa
1517 4967 1644 5013 sunt
1672 4959 1811 5010 mala
1843 4965 2087 5026 peracta,

502 5049 675 5102 multa
713 5050 947 5103 concilia
989 5048 1227 5103 diversis
1269 5056 1324 5102 et
1363 5048 1576 5118 asperis
1628 5049 1966 5119 temporibus
1998 5064 2089 5104 ce-

502 5142 734 5204 lebrata,
769 5142 955 5196 multae
991 5141 1364 5207 seductiones,
1401 5141 1588 5196 multae
1627 5141 2080 5204 machinationes,

503 5237 674 5289 multa
713 5236 874 5289 nobis
921 5235 1214 5305 opprobria
1253 5235 1425 5298 illata,
1475 5242 1529 5290 et
1579 5234 1685 5288 alia
1731 5235 1924 5298 multa,
1965 5249 2086 5304 qua:

502 5343 825 5384 enumerare
870 5331 1192 5400 perlongum
1227 5336 1330 5383 est.
1375 5327 1536 5392 Nam,
1561 5327 1608 5383 si
1648 5327 1733 5384 his
1771 5328 2085 5384 consentire

575 5509 620 5541 ³⁸
658 5508 818 5563 Prov.
854 5525 1024 5572 xvm,
1060 5510 1110 5563 Ι.
1186 5513 1231 5543 ⁸¹
1271 5508 1427 5563 Rom.
1467 5525 1516 5574 I,
1552 5509 1640 5564 52.

581 5682 690 5746 (39)
730 5682 1051 5741 Theodorus
1073 5685 1407 5742 Perintbius.

2193 4771 2637 4840 exspectavimus
2677 4787 2794 4834 eos,
2836 4788 2933 4842 per
2969 4775 3198 4827 multam
3233 4775 3599 4844 patientiam,
3638 4785 3704 4827 ut
3740 4774 3811 4827 ia-

2192 4870 2380 4917 cerent
2409 4878 2570 4926 uvas,
2591 4862 2688 4918 sed
2715 4864 2794 4917 illi
2815 4880 2848 4919 e
2873 4866 3156 4920 contrario
3191 4864 3446 4921 iecerunt
3476 4867 3806 4922 labrusca;

2193 4955 2306 5012 Vos
2361 4972 2492 5028 ergo
2537 4973 2647 5011 non
2695 4959 2963 5029 Optimum
3017 4958 3086 5013 de
3133 4967 3336 5013 caetero
3373 4961 3704 5032 negligere,
3769 4968 3810 5011 et

2191 5047 2414 5104 differre
2458 5050 2619 5116 tales,
2653 5066 2721 5106 ne
2767 5049 2932 5122 (quod
2965 5050 3174 5121 absit!)
3209 5065 3524 5108 memorata
3576 5052 3811 5107 crimina

2193 5155 2384 5195 eorum
2415 5141 2812 5196 subimitemini
2855 5141 3314 5199 irrationabiliter
3353 5145 3677 5214 episc0pos
3727 5159 3812 5212 po-

2192 5242 2408 5290 nentes.
2450 5232 2558 5305 lpsi
2585 5235 2754 5300 enim,
2789 5234 2898 5289 nisi
2928 5234 3039 5288 cito
3066 5235 3438 5305 corrigentur,
3459 5236 3639 5304 juxta
3668 5233 3811 5303 quia-ﬁ

2193 5327 2387 5383 beatus
2440 5328 2739 5397 Apostolus
2782 5334 3144 5397 protestatur,
3199 5326 3519 5382 Secundum
3547 5328 3812 5381 duritia:

1746 5507 1765 5539 ³
1805 5507 1993 5563 Matth.
2037 5523 2204 5571 xvm,
2241 5507 2327 5563 lG.

2265 5682 2374 5749 (40)
2409 5681 2533 5739 llaec
2563 5699 2628 5740 ex
2674 5681 2916 5737 Historia
2959 5682 3260 5745 tripartito.
