3852 6206
211 288 236 340 Ι
247 286 349 340 437

1133 280 1404 359 PONTIF.
1449 281 1614 336 ROM.
1658 279 1748 336 ET
1786 279 2158 334 ATHANASII
2197 278 2580 334 EPISTOL/E.‘

3316 278 3457 336 ηδε

194 415 400 462 eorum,
434 407 485 451 et
517 413 606 450 cor
643 397 968 464 impwnitens
1018 395 1378 449 tltesaurizant
1415 397 1516 450 sibi
1559 397 1692 448 iram
1725 395 1776 447 in
1808 400 1850 455 Α
1885 401 2106 464 propter
2140 409 2264 447 eum
2296 393 2406 446 sint
2435 399 2677 463 peracta,
2714 392 2806 447 sed
2848 392 3010 446 etiam
3041 391 3256 462 quidem
3288 409 3317 447 a
3343 395 3455 463 jam

193 491 281 546 die
314 492 430 552 ire,
462 498 512 543 et
543 487 875 542 reuelationis
913 487 1054 556 justi
1071 485 1266 554 judicii
1315 486 1432 548 Dei,
1480 487 1568 557 qui
1598 485 1774 540 reddet

191 583 474 652 unicuique
521 580 808 636 secundum
839 594 997 649 opera
1025 579 1138 648 ejus
1192 580 1258 636 ⁸⁸.
1307 579 1410 646 Qui
1440 579 1772 652 (corrigendi

192 680 345 737 sunt,
381 688 476 742 per
508 671 862 741 temporalem
905 668 1343 734 delectationem,
1391 677 1444 725 et
1492 686 1586 740 per
1631 686 1778 725 men—

189 765 371 828 dacia,
394 770 557 833 atque
579 764 831 833 ﬁgmenta
866 777 987 826 sua,
1018 761 1174 818 vobis
1208 763 1289 817 eis
1319 776 1605 817 assensum
1637 777 1775 832 prte-

192 855 475 918 bentibus,
516 860 718 908 aeterna
764 851 993 922 perdent
1026 851 1267 922 praemia,
1298 867 1419 922 qua:
1450 867 1547 922 per
1589 867 1772 906 veram

193 947 576 1018 paenitentiam
605 945 868 1014 consequi
898 951 1148 1014 possunt.
1186 941 1296 997 Nec
1336 944 1449 997 haec
1477 958 1596 1014 quae
1640 958 1776 1012 preco

191 1039 338 1093 dicta
392 1045 521 1092 sunt
572 1037 918 1092 solummodo
991 1034 1292 1090 Athanasio
1340 1042 1396 1090 et
1445 1035 1774 1106 sequacibus

191 1125 313 1196 ejus
346 1126 674 1196 irrogamus,
721 1125 820 1180 sed
870 1123 1059 1192 etiam,
1089 1123 1236 1193 quod
1285 1131 1479 1179 contra
1526 1124 1771 1198 regulam

191 1218 384 1288 egerit,
421 1232 584 1288 quam
614 1232 718 1272 nos
744 1216 1187 1272 decreveramus.
1225 1215 1364 1283 Quia
1410 1231 1520 1270 non
1549 1216 1772 1271 decreto

192 1311 502 1364 communis
551 1309 770 1363 concilii
816 1309 1198 1380 episcoporum
1263 1307 1469 1378 recepit
1517 1306 1774 1362 sacerdo-

192 1402 352 1464 tium,
401 1400 496 1457 sed
535 1401 753 1457 sibimet
801 1400 1128 1472 arrogando,
1182 1400 1483 1456 Ecclesiam
1532 1398 1637 1454 fuit
1687 1399 1772 1454 in-

192 1507 442 1561 gressus,
477 1499 532 1548 et
572 1494 627 1548 in
661 1494 788 1549 sede
833 1493 1060 1557 resedit,
1095 1509 1220 1548 cum
1249 1493 1455 1548 dudum
1488 1493 1769 1548 decretum

194 1583 391 1640 fuisset
426 1585 636 1638 nullum
669 1600 698 1638 a
728 1584 986 1655 pauciore
1021 1599 1252 1640 numero
1287 1585 1502 1640 restitui
1550 1584 1767 1647 debere,

192 1688 357 1743 quem
383 1673 687 1744 depositum
721 1674 891 1730 fuisse
919 1681 1217 1730 constaret.
1259 1673 1486 1737 Deinde,
1510 1673 1767 1744 quoniam

1879 484 2027 538 dicto
2058 483 2359 538 Athanasio
2397 485 2544 544 caesi,
2571 483 2849 552 judicibus
2878 483 3136 536 dicuntur
3163 499 3288 538 esse
3325 500 3456 538 con-

1877 575 2085 630 traditi.
2143 574 2302 642 llaec,
2343 583 2396 629 et
2451 575 2556 628 alia
2617 573 3034 640 innumerabilia
3093 581 3220 629 sunt
3275 575 3343 629 ab
3392 591 3457 630 eo

1878 665 2105 735 suisque
2152 664 2482 733 sequacibus
2531 663 2873 733 impudenter
2916 671 3266 733 perpetrata,
3316 680 3457 734 quos

1877 756 2408 820 excommunicatos,
2441 755 2837 820 communioni,
2872 763 2932 809 tit
2961 756 3289 818 audivimus.
3317 773 3453 811 con-

1875 855 1961 900 tra
2009 847 2254 918 regulam
2293 847 2347 900 in
2398 847 2784 902 contumeliam
2817 847 3064 900 omnium
3095 845 3454 900 Orientalium

1876 938 2150 993 sociastis.
2189 937 2424 992 Praefato
2450 938 2632 1007 itaque
2667 937 2863 992 debita:
2894 937 3244 992 salutationis
3277 937 3454 992 olIicio

1876 1038 2104 1098 propter
2123 1027 2266 1082 beati
2297 1026 2444 1082 Petri
2478 1028 2764 1092 honorem,
2801 1028 3049 1097 impense
3086 1029 3450 1098 postulamus,

1876 1129 1936 1173 ut
1963 1121 2222 1190 deinceps
2253 1121 2319 1174 ad
2371 1129 2579 1175 vestras
2629 1119 2759 1174 hinc
2807 1119 3090 1174 venientes
3141 1134 3300 1176 aures
3342 1135 3453 1174 non

1873 1221 1982 1266 tam
2017 1211 2174 1266 facile
2225 1210 2546 1265 admittatis.
2580 1210 2766 1281 Neque
2815 1226 2845 1264 a
2889 1211 3050 1266 nobis
3079 1212 3456 1266 excommuni-

1874 1315 2027 1363 catos
2054 1307 2195 1360 ultra
2232 1305 2408 1360 velitis
2442 1306 2718 1376 excipere,
2752 1322 2819 1361 ne
2848 1321 3118 1360 canonum
3145 1314 3452 1377 transgres-

1875 1413 2028 1454 sores
2063 1397 2440 1460 inveniamini,
2475 1396 2568 1452 sed
2605 1397 2775 1467 magis
2804 1397 2951 1452 salva
2990 1396 3229 1451 fraterna
3271 1398 3454 1452 chari-

1875 1496 2008 1552 tate,
2043 1497 2287 1544 erratum
2324 1489 2426 1542 hoc
2466 1489 2520 1542 in
2574 1496 2854 1560 posterum
2889 1489 3113 1543 minime
3145 1489 3447 1560 patiamini.

1874 1579 1941 1634 Et
1985 1579 2321 1649 subscriptio
2355 1577 2651 1634 :Orantem
2707 1594 2807 1648 pro
2861 1579 3021 1635 nobis
3086 1581 3449 1650 apostolatum

1875 1679 2117 1726 vestrum
2166 1669 2428 1726 Dominus
2478 1685 2593 1724 τενο
2633 1669 2909 1725 custodiat
2956 1671 3218 1742 longiore,
3251 1671 3452 1726 beatis-

192 1741 316 1832 ejus
351 1741 583 1819 adventu
626 1765 697 1819 sit
739 1765 897 1820 turba
928 1772 1220 1831 commota,
1250 1741 1581 1835 plurimique
1627 1764 1772 1818 sedi-
1803 1741 1844 1798 θ
1877 1763 2015 1818 sime
2043 1761 2225 1818 Pater.
2261 1767 2455 1817 Amen.

194 1851 346 1907 tione
396 1853 507 1908 sint
536 1853 758 1920 mortui,
803 1862 858 1908 et
908 1868 1018 1907 non
1052 1854 1231 1908 solum
1265 1854 1378 1908 haec
1429 1869 1524 1924 per
1564 1869 1686 1908 eum
1717 1859 1772 1907 et

789 1969 1118 2040 Rescriptum
1148 1970 1286 2024 Julii
1334 1985 1485 2040 papa:
1515 1977 1702 2024 contra
1743 1969 2041 2027 Orientales
2079 1987 2175 2041 pro
2206 1973 2500 2028 Athanasio
2531 1985 2580 2030 et
2620 1977 2846 2030 cwteris.

262 2078 440 2138 Julius
489 2091 693 2137 sanctae
737 2082 996 2139 Romana:
1044 2092 1098 2140 et
1143 2085 1460 2155 apostolica
1509 2084 1767 2142 Ecclesiae

194 2167 505 2242 episcopus,
541 2172 797 2238 Eusebio,
829 2172 1168 2244 Theogonio,
1219 2174 1529 2240 Theodoro,
1573 2174 1765 2230 Berin-

196 2263 312 2328 tho,
349 2269 402 2317 et
432 2250 643 2317 czeteris
672 2262 1046 2319 Orientalibus
1072 2265 1366 2337 episcopis.

267 2353 380 2424 (41)
425 2351 688 2408 Decuerat
731 2367 828 2408 vos
863 2354 1126 2410 adversus
1173 2362 1418 2409 sanctam
1471 2353 1769 2409 Romanam

194 2453 250 2500 et
281 2447 632 2515 apostolicam
685 2445 1009 2511 Ecclesiam,
1063 2447 1266 2510 limale,
1297 2453 1352 2502 et
1401 2463 1511 2502 non
1565 2447 1772 2502 ironice

196 2537 366 2607 loqui.
429 2535 696 2602 Quoniam
759 2545 813 2593 et
871 2539 987 2609 ipse
1043 2537 1307 2593 Dominus
1368 2546 1556 2593 noster
1609 2537 1771 2593 Jesus

193 2628 450 2683 Christus
485 2644 604 2682 eam
654 2629 916 2684 decenter
964 2630 1255 2694 allocutus,
1305 2631 1421 2684 ait:
1459 2631 1538 2683 Tu
1577 2647 1654 2693 es,
1688 2631 1772 2683 in-

197 2719 339 2790 quit,
371 2719 582 2783 Petrus,
612 2730 662 2774 et
694 2737 849 2789 super
875 2720 1008 2774 hanc
1035 2721 1550 2791 petrampwdiﬁcabo
1585 2720 1770 2775 Eccle-

196 2811 335 2864 siam
374 2827 564 2877 meam,
596 2821 644 2866 et
675 2822 841 2880 porta:
870 2813 1028 2882 inferi
1069 2829 1172 2867 non
1200 2813 1558 2882 pra’valebunt
1587 2814 1771 2868 adver-

197 2917 290 2954 sus
323 2917 460 2965 eam,
489 2911 539 2954 et
574 2901 667 2956 tibi
697 2902 833 2957 dabo
866 2904 1036 2959 claues
1071 2908 1218 2975 regni
1263 2905 1512 2960 caelorum
1543 2905 1612 2961 ⁸⁸.
1666 2905 1772 2960 Ha-

197 2993 291 3047 bet
361 2993 504 3046 enim
584 3001 908 3063 potestatem
976 2996 1242 3066 singulari
1311 2997 1594 3068 privilegio
1665 2998 1770 3053 sibi

198 3099 553 3148 concessam,
608 3088 823 3157 aperire
872 3097 924 3143 et
975 3089 1232 3145 claudere
1278 3091 1480 3158 januas
1531 3091 1772 3146 caelestis

197 3177 372 3245 regni,
423 3179 622 3248 quibus
674 3180 923 3236 voluerit.
965 3180 1100 3235 Nam
1131 3180 1178 3236 si
1213 3182 1262 3236 ei
1311 3183 1773 3254 detrahere,.quze

196 3266 416 3323 Domini
465 3286 560 3327 ore
613 3280 846 3339 sacrata,
904 3282 1068 3344 atque
1113 3275 1349 3345 desuper
1379 3276 1613 3331 exaltata
1668 3286 1769 3345 est,

199 3376 308 3414 non
355 3364 637 3428 timuistis,
670 3380 771 3419 nec
808 3366 1006 3420 mirum
1043 3367 1090 3422 si
1121 3366 1384 3423 fratribus
1416 3369 1658 3440 irrogare
1687 3370 1771 3424 in-

189 3451 372 3519 jurias
408 3453 630 3509 minime
659 3458 909 3511 cessatis.
937 3456 1092 3513 Unde
1131 3458 1242 3527 jam
1277 3459 1495 3515 silentio
1535 3476 1646 3516 non
1693 3470 1773 3516 te-

196 3548 424 3609 guntur,
451 3557 572 3611 quae
603 3552 787 3598 vestro
812 3547 1048 3601 concilio
1078 3550 1414 3615 turbulento,
1448 3559 1613 3621 atque
1648 3568 1773 3607 cum

197 3635 470 3698 potestate
515 3633 732 3688 decreta
792 3635 922 3691 sint.
979 3637 1219 3708 Apparet
1280 3641 1462 3706 enim,
1514 3643 1775 3712 quoniam

195 3719 436 3788 quadam
497 3724 837 3780 tumultuosa
889 3725 1389 3798 indisciplinatione
1437 3731 1640 3786 veritas
1693 3739 1778 3787 est

197 3823 483 3877 oppressa.
536 3812 647 3882 (42)
681 3812 850 3870 Vobis
893 3817 1094 3886 quippe
1139 3833 1246 3872 non
1295 3820 1774 3877 considerantibus

198 3913 322 3966 quas
355 3900 570 3968 placent
595 3901 720 3966 Deo,
746 3915 965 3974 propter
989 3907 1193 3978 jurgia,
1219 3923 1340 3979 quae
1367 3917 1560 3964 contra
1589 3911 1773 3980 proxi-

198 4007 322 4048 nios
354 4004 566 4052 vestros
606 3997 838 4062 habetis,
889 4009 1013 4055 vota
1054 4011 1232 4059 vestra
1284 4006 1616 4061 inevitabilia
1650 4023 1772 4063 esse

197 4085 550 4144 contenditis.
611 4088 718 4145 Sed
773 4093 880 4146 erit
937 4109 1075 4163 opus
1132 4095 1331 4151 divina:
1393 4099 1767 4167 providentiae,

197 4185 473 4245 quatenus
517 4196 547 4233 c
599 4182 874 4237 contrario
906 4197 936 4235 a
969 4192 1122 4253 parte
1172 4187 1512 4262 deprehensa
1558 4188 1772 4258 possint

196 4272 474 4326 evacuari.
519 4272 582 4327 Et
619 4275 882 4345 quidquid
915 4277 1027 4332 illic
1059 4282 1470 4346 convenientes,
1505 4282 1622 4337 sine
1660 4283 1772 4337 ulla

198 4362 441 4428 qualibet
469 4365 666 4434 gratia,
697 4368 842 4432 odio,
876 4377 969 4424 aut
1003 4369 1415 4426 inimicitiarum
1445 4388 1612 4428 causa
1646 4390 1768 4444 ges-

197 4453 373 4516 sistis,
407 4453 654 4512 funditus
675 4460 882 4530 repelli.
912 4460 1276 4532 QuaprOpter,
1297 4479 1420 4518 cum
1439 4468 1587 4519 omni
1613 4464 1768 4520 festi-

194 4544 422 4600 natione
448 4562 544 4602 vos
570 4563 760 4605 omnes
802 4551 870 4606 ad
900 4553 1066 4622 hujus
1105 4563 1307 4610 sanctae
1337 4556 1488 4612 sedis
1519 4571 1774 4612 reveren-

195 4633 331 4688 tiam
364 4637 487 4690 volo
517 4653 864 4704 concurrere,
898 4651 1171 4713 quatenus
1201 4651 1478 4716 gestorum
1507 4647 1651 4716 apud
1676 4663 1771 4702 vos

195 4725 565 4796 integritatem
601 4745 695 4798 per
727 4747 824 4788 vos
859 4733 1008 4804 ipsos
1040 4736 1266 4804 possitis
1297 4737 1608 4793 ostendere.
1635 4737 1769 4793 Nam

194 4831 304 4871 nec
352 4817 602 4874 dubitare
655 4837 752 4876 vos
795 4824 958 4880 credo
1005 4826 1382 4893 Athanasium,
1427 4843 1598 4883 sacrae
1642 4829 1774 4899 legis
1805 4807 1850 4862 θ

195 4908 502 4976 doctorem,
535 4929 644 4966 non
679 4916 854 4972 solum
885 4932 914 4970 a
942 4919 1124 4982 nobis,
1161 4919 1256 4974 sed
1294 4921 1459 4975 etiam
1495 4935 1524 4974 a
1552 4920 1770 4976 Nicaena

196 5000 431 5070 synodo,
497 5019 635 5058 verae
703 5005 826 5062 ﬁdei
888 5009 1052 5080 θοῇ
1112 5011 1377 5065 cultorem
1441 5027 1563 5067 esse
1618 5028 1768 5068 com-

200 5091 507 5161 probatum.
539 5095 642 5161 Qui
671 5097 928 5154 defuncto
962 5101 1270 5158 Alexandro
1321 5103 1560 5158 mirabili
1611 5120 1762 5169 sene,

197 5181 296 5250 qui
318 5181 432 5237 Arii
493 5194 866 5256 prostraverat
917 5191 1302 5261 blasphemias,
1362 5203 1486 5265 post
1531 5197 1770 5266 quinque

196 5291 422 5334 menses
449 5278 652 5337 Niczeni
684 5284 922 5352 concilii,
975 5287 1466 5343 Alexandrinorum
1516 5287 1771 5345 Ecclesiae

273 5435 318 5465 ⁸³
359 5433 515 5494 Rom.
553 5456 626 5504 tt,
660 5443 726 5505 5,
763 5443 818 5496 6.
896 5445 940 5476 ⁸⁵
985 5445 1172 5501 Matth.
1211 5462 1320 5509 xw,
1361 5448 1461 5514 18,
1500 5449 1587 5504 19.

419 5599 542 5659 Hice
564 5620 628 5658 ex
660 5603 901 5658 Historia
960 5607 1228 5674 tripartito
1286 5609 1412 5666 hinc
1445 5618 1499 5666 et
1521 5611 1645 5664 inde
1675 5627 1769 5666 ex.

1874 2086 2117 2155 suscepit
2137 2087 2508 2154 praesulatum.
2530 2089 2810 2144 Adversus
2835 2101 2994 2156 quem
3021 2085 3249 2155 ejusque
3272 2092 3448 2140 secta-

1875 2182 2044 2238 tores,
2097 2175 2267 2228 multa
2318 2177 2603 2231 mendacia
2651 2185 2919 2240 texentes,
2973 2184 3026 2231 et
3067 2175 3244 2231 nudas
3291 2178 3447 2230 valde

1872 2266 2197 2330 calumnias,
2233 2268 2391 2336 quasi
2421 2283 2577 2322 veras
2611 2269 2992 2323 accusationes
3034 2278 3444 2337 componentes.

1874 2357 2035 2412 nobis
2066 2358 2362 2412 multorum
2399 2359 2663 2411 malorum
2700 2373 2823 2412 cum
2858 2373 3102 2421 causam,
3139 2365 3254 2412 tum
3286 2365 3448 2427 caput

1873 2464 1995 2504 esse
2031 2449 2408 2518 perhibuistis.
2468 2449 2530 2502 Et
2569 2436 2684 2503 hon
2730 2448 2907 2504 soluat
2943 2448 3088 2518 apud
3124 2446 3446 2519 Egyptum,

1874 2537 1968 2592 sed
2009 2537 2172 2592 etiam
2223 2537 2366 2608 apud
2419 2535 2766 2592 Palaestinam
2829 2545 2883 2592 et
2936 2536 3274 2602 Pbmnicem,
3307 2538 3446 2592 vici-

1874 2644 2082 2700 nasque
2135 2641 2324 2699 gentes
2367 2631 2589 2700 scriptis
2631 2629 2830 2686 vestris
2884 2629 3031 2682 illam
3079 2630 3450 2698 perturbatio-

1874 2735 1997 2776 nem
2046 2735 2167 2776 essc
2221 2721 2592 2790 signiticastis.
2643 2719 2761 2785 Qua
2809 2719 2877 2773 de
2909 2734 2967 2773 re
3013 2719 3447 2773 ecclesiasticam

1874 2820 2167 2882 sequentes
2201 2813 2468 2881 regulam,
2499 2827 2596 2866 vos
2629 2821 2682 2865 et
2729 2812 2872 2874 illos,
2909 2809 3094 2864 Romae
3126 2810 3450 2880 regulariter

1873 2903 1942 2958 ad
1971 2903 2240 2971 judicium
2273 2904 2361 2957 die
2391 2911 2616 2968 statuta,
2649 2918 2756 2957 non
2791 2903 2895 2957 sub
2925 2910 3158 2972 angusto
3189 2905 3448 2972 temporis

1873 2994 2074 3064 spatio,
2112 3001 2173 3048 ut
2199 2997 2484 3050 excusatio
2513 2995 2689 3048 locum
2720 3009 2830 3048 non
2866 2993 3126 3057 inveniat,
3169 2993 3367 3049 litteris
3394 3003 3449 3049 et

1875 3087 2248 3157 apocrisiariis
2285 3087 2656 3142 evocavimus.
2704 3087 2895 3158 Illique
2937 3087 3221 3142 vocatione
3261 3103 3450 3143 susce-

1877 3186 1988 3246 pta,
2042 3178 2110 3232 ad
2166 3177 2309 3232 diem
2355 3178 2718 3247 praestitutum
2778 3191 2996 3232 venere.
3057 3177 3162 3232 Sed
3208 3193 3330 3242 vos,
3380 3194 3450 3233 ne

1875 3271 2074 3326 vestris
2122 3269 2423 3325 mendaciis
2455 3271 2808 3341 caperemini,
2849 3280 3141 3341 vestraque
3174 3272 3450 3326 calumnia

1875 3362 2228 3426 euudaretur,
2262 3365 2452 3419 venire
2478 3363 2796 3419 distulistis.
2828 3363 2941 3419 Nec
2972 3364 3056 3419 his
3091 3364 3451 3418 machinatio-

1875 3455 2038 3511 nibus
2069 3457 2413 3511 solummodo
2443 3458 2684 3512 coutenti
2715 3457 2871 3521 estis,
2919 3456 3013 3512 sed
3045 3457 3210 3512 etiam
3260 3455 3450 3510 viden-

1877 3555 1959 3604 tes
1993 3564 2122 3604 oves
2169 3550 2485 3620 pastoribus
2523 3549 2819 3615 desolatas,
2872 3551 3028 3620 lupos
3081 3565 3178 3620 pro
3210 3550 3449 3620 pastori-

1875 3641 1979 3697 bus
2010 3656 2175 3710 super
2207 3657 2303 3696 eos
2332 3641 2617 3711 posuistis.
2673 3641 2938 3696 Decuerat
2977 3657 3108 3712 ergo
3148 3655 3207 3696 ut
3254 3643 3322 3696 ad
3362 3658 3450 3696 re-

1875 3735 2120 3804 gularem
2156 3734 2417 3789 veniretis
2467 3734 2940 3799 convocationem,
3000 3749 3109 3804 quo
3155 3734 3223 3790 de
3271 3735 3356 3789 bis
3397 3741 3451 3788 et

1877 3825 1946 3881 de
1980 3825 2104 3880 aliis
2129 3826 2331 3881 vestris
2359 3826 2879 3895 praasumptionibus
2933 3827 3236 3882 redderetis
3280 3827 3452 3881 ratio-

1878 3932 2022 3971 nem.
2042 3917 2308 3983 Quoniam
2344 3927 2657 3973 occurreret
2692 3919 2916 3983 veritas,
2947 3920 2994 3974 si
3024 3919 3232 3976 falsitas
3259 3920 3452 3989 displi-

1876 4015 2042 4063 ceret.
2085 4007 2151 4062 Et
2195 4009 2381 4066 nullus
2421 4009 2637 4063 dubitat
2675 4010 2822 4079 quod
2851 4011 2925 4064 ita
2943 4011 3214 4080 judicium
3243 4027 3450 4067 nocens

1878 4100 2228 4172 subterfugit,
2264 4102 2722 4172 quemadmodum
2770 4103 2863 4172 qui
2907 4112 2992 4158 est
3046 4104 3335 4168 innocens,
3389 4113 3450 4158 ut

1876 4193 2222 4259 absolvatur,
2281 4195 2532 4264 requirit.
2585 4195 2697 4251 Nec
2759 4197 3074 4266 suspicione
3127 4205 3312 4261 caret,
3354 4199 3449 4267 qui

1882 4285 2046 4338 alium
2082 4286 2369 4341 calumniis
2387 4287 2637 4358 obiurgat
2664 4287 2798 4344 falsa
2827 4290 3050 4353 dixisse,
3075 4305 3199 4344 cum
3237 4291 3352 4360 ipse
3380 4289 3450 4344 ad

1873 4376 2164 4445 judicium,
2217 4387 2275 4431 ιιι
2325 4380 2518 4448 probet
2559 4395 2680 4449 qua:
2733 4380 2938 4444 intulit,
2971 4391 3232 4438 evocatus
3265 4383 3452 4437 venire

1883 4465 2176 4523 distulerit.
2209 4466 2413 4524 Vellem
2449 4473 2592 4526 enim
2638 4486 2735 4527 vos
2780 4474 2954 4543 magis
2980 4473 3049 4527 ad
3089 4472 3199 4541 jam
3247 4473 3450 4528 dictam

1881 4555 2172 4611 convenire
2198 4558 2556 4621 vocationem,
2579 4566 2640 4612 ut
2669 4573 2853 4613 coram
2889 4559 3184 4615 universali
3214 4557 3450 4613 concilio

1879 4654 2180 4711 redderetis
2210 4657 2498 4722 rationem,
2531 4673 2630 4712 cur
2673 4658 2941 4729 synodum
2990 4657 3058 4712 ad
3097 4664 3299 4712 statum
3347 4653 3448 4710 Ec-

1879 4745 2170 4800 clesiarum
2202 4754 2255 4801 et
2301 4746 2530 4802 fratrum
2580 4750 2633 4802 in
2683 4748 2970 4804 Antiochia
2999 4746 3444 4809 subvertendum,

1880 4844 1934 4891 et
1987 4836 2191 4892 Nicaeni
2248 4839 2429 4908 magni
2471 4839 2692 4894 concilii
2741 4840 3169 4894 destructionem
3218 4835 3446 4902 fecistis,

1879 4933 1974 4979 aut
2006 4941 2107 4980 cur
2156 4928 2316 4983 nobis
2346 4929 2672 4984 inconsultis
2725 4930 3016 4999 episcopos
3058 4927 3128 4982 ad
3156 4941 3278 4982 eam
3309 4941 3446 4982 con-

1878 5018 2138 5083 vocastis,
2167 5020 2234 5074 ad
2283 5035 2446 5090 quam
2482 5036 2583 5076 nec
2612 5019 2880 5076 Maximus
2922 5019 3447 5091 Hierosolymitanus

1879 5109 2055 5172 venit,
2112 5125 2215 5166 nec
2277 5120 2467 5166 nostra
2542 5109 2790 5164 interfuit
2855 5110 3072 5180 legatio.
3128 5110 3447 5166 Canonibus

1877 5201 2075 5270 quippe
2119 5202 2175 5255 in
2221 5200 2438 5256 Niceena
2473 5201 2683 5272 synodo
2719 5201 3058 5272 iubentibus,
3092 5216 3200 5256 non
3249 5199 3448 5256 debere

1879 5301 2072 5362 praeter
2128 5295 2454 5350 sententiam
2503 5293 2732 5349 Romani
2788 5293 3085 5363 pontiﬁcis,
3129 5293 3241 5347 ullo
3283 5291 3445 5347 modo

1951 5608 2063 5679 (62)
2107 5609 2229 5665 Haec
2284 5610 2394 5668 fere
2443 5611 2509 5665 ad
2561 5611 2783 5666 verbum
2837 5611 2889 5664 in
2956 5625 3040 5680 ep.
3101 5603 3446 5661 Constantini

1883 5681 2025 5744 apud
2057 5680 2256 5736 Athan.
