3852 6206
449 349 586 411 “5'9

1556 351 1613 404 8.
1658 347 2118 405 ATHANAblU-S.
2156 378 2227 392 —
2264 348 2534 405 SPURIA.

3569 345 3708 400 1460

447 470 681 525 concilia
708 469 995 531 celebrari,
1028 484 1129 524 nec
1154 471 1446 540 episcopos
1483 471 1751 526 damnari.
1787 472 1896 526 Aut
1925 489 2025 526 cur
2053 477 2099 533 A
2128 483 2265 538 tum,
2305 489 2413 527 non
2451 471 2679 527 moleste
2725 469 2861 525 ferat
2913 469 3150 538 aliquem
3201 468 3302 524 sibi
3337 481 3464 523 esse
3507 467 3707 538 praela-

448 563 502 618 in
541 561 921 630 praadictorum
959 563 1078 616 loco
1131 561 1361 616 fratrum
1416 563 1556 618 alios
1597 564 1875 619 adulteros
1916 580 2016 634 po-

445 653 671 717 suistis,
729 661 1018 723 antequam
1068 668 1234 721 penes
1285 668 1421 715 nos,
1480 663 1574 706 aut
1627 654 2016 724 apocrisiarios

445 756 690 810 nostros,
725 759 912 799 eorum
957 760 1125 803 causa
1182 745 1448 799 canonice
1494 752 1640 806 esset
1685 746 2012 810 examinata,

447 839 717 908 finemque
745 837 1046 906 perciperet
1075 843 1306 897 rectum.
1343 836 1435 892 lsti
1470 836 1639 897 enim,
1681 836 1775 902 qui
1804 837 1868 890 ad
1905 852 2016 890 Ine-

446 937 713 983 moratam
779 929 1020 998 rcgulam
1071 943 1305 991 venere,
1383 929 1721 984 vocationem
1771 927 2016 985 videntes

443 1037 543 1083 vos
589 1036 618 1073 a
672 1019 945 1090 praedictis
994 1019 1315 1076 subtrahere
1362 1018 1674 1085 calumniis,
1717 1019 1888 1073 multa
1921 1013 2019 1080 ad-

445 1129 638 1168 versus
669 1127 764 1166 vos
815 1110 1186 1181 lacrymabilia
1236 1117 1290 1164 et
1352 1110 1636 1167 doloribus
1672 1110 1829 1178 plena
1874 1108 2017 1164 refe,

445 1211 591 1258 runt.
637 1204 974 1258 Accusantes
1001 1216 1097 1256 vos
1128 1210 1182 1255 et
1209 1199 1476 1264 dicentes,
1510 1201 1676 1262 multa
1712 1216 1771 1255 se
1813 1200 2018 1269 import

444 1295 629 1351 tabilia
682 1309 711 1347 a
758 1293 910 1348 vobis
942 1308 1064 1348 esse
1105 1307 1317 1362 passos.
1347 1291 1458 1348 Vos
1500 1307 1632 1361 ergo
1678 1290 2015 1363 refugientes

441 1385 660 1446 venire,
719 1383 950 1452 illosque
1005 1392 1421 1452 perseverantes
1477 1381 1533 1444 in
1597 1399 1719 1437 vera
1781 1383 2012 1453 ratione,

442 1486 679 1544 suasque
722 1473 1027 1536 calumnias
1075 1473 1458 1535 reclamantes,
1508 1489 1672 1542 super
1721 1474 1921 1546 quibus
1961 1481 2015 1530 et

444 1567 819 1637 (Egyptiorum
879 1565 1124 1635 episcopi
1173 1565 1374 1620 litteris
1442 1562 1598 1620 nobis
1652 1565 1835 1619 missis
1884 1581 2013 1636 pro-

442 1665 711 1722 testantur
737 1657 874 1719 suis,
915 1655 1053 1718 falsa
1073 1672 1217 1721 esse,
1252 1672 1372 1727 qua;
1397 1662 1591 1718 contra
1623 1653 2010 1729 Athanasium,

442 1761 682 1819 suosque
728 1749 1028 1804 sectatores
1059 1749 1465 1814 machinantur,
1499 1752 1806 1824 cunctaque
1849 1747 2012 1812 Aria-

2125 574 2261 629 tum,
2293 565 2388 620 sed
2437 564 2942 634 obtemperantiam,
2979 576 3142 630 quam
3177 561 3246 615 ab
3283 561 3404 615 aliis
3444 561 3705 630 requirit,

2125 659 2294 728 gratis
2339 647 2417 710 et"
2449 657 2563 726 ipse
2613 656 2896 725 rependat.
2959 654 3300 724 Quapropter
3361 654 3707 723 increpando

2123 735 2279 800 vobis
2313 746 2514 801 scribo.
2549 745 2687 810 Quia
2723 759 2831 798 non
2867 752 3013 799 recte
3043 744 3320 798 tractastis
3343 744 3493 796 viros
3523 744 3702 796 incul-

2123 845 2299 917 patos.
2339 847 2393 892 et
2427 853 2456 890 a
2506 838 2662 892 nobis
2691 837 2914 890 minime
2945 837 3287 891 examinatos
3327 835 3393 890 de
3445 836 3570 889 suis
3603 835 3694 889 Ec-

2123 929 2306 984 clI-siis
2360 930 2744 983 communione
2793 928 3032 998 privatos
3084 929 3366 998 pollentes,
3415 936 3468 980 et
3517 926 3702 979 eccle-

2124 1021 2360 1076 siasticm
2405 1020 2710 1089 disciplinae.
2760 1021 3014 1088 injuriam
3050 1019 3377 1088 irrogantes,
3422 1019 3701 1071 constitu-

2124 1119 2348 1184 tumque
2400 1112 2601 1166 Nicarni
2655 1111 2872 1166 concilii
2925 1110 3148 1164 minime
3198 1120 3515 1171 servantes,
3569 1108 3701 1160 talia

2125 1203 2532 1274 indisciplinate
2555 1219 2710 1274 agere
2754 1218 2858 1256 non
2898 1201 3252 1256 formidastis.
3289 1199 3523 1261 Idcirco,
3557 1215 3702 1268 quo.

2121 1295 2265 1350 niam
2297 1297 2500 1350 dudum
2530 1297 2714 1350 venire
2749 1297 2924 1348 vocati
2967 1293 3245 1354 renuistis,
3276 1292 3440 1346 modo
3471 1291 3539 1344 ad
3573 1306 3696 1344 cer-

2121 1395 2236 1447 tum
2283 1387 2446 1452 diem,
2484 1388 2536 1441 id
2584 1395 2690 1451 est,
2725 1405 2793 1442 xv
2822 1387 2942 1442 Kal.
2977 1385 3321 1447 Novembris,
3353 1399 3454 1438 vos
3491 1385 3695 1437 iterum

2120 1477 2446 1552 regulariter
2479 1477 2687 1535 litteris.
2724 1477 3014 1546 missisque
3045 1489 3359 1537 evocamus,
3391 1483 3451 1527 ut
3499 1489 3692 1528 coram

2119 1565 2275 1621 vobls
2334 1566 2687 1620 ostendamus
2743 1581 2845 1620 nos
2887 1566 3090 1635 justam
3144 1565 3197 1620 in
3249 1580 3343 1620 eos
3391 1566 3696 1635 protulisse

2120 1654 2468 1720 sententiam,
2498 1663 2551 1710 et
2587 1655 2655 1710 de
2687 1664 2884 1710 caetero
2920 1671 3028 1710 non
3071 1656 3199 1709 talia
3230 1672 3350 1712 esse
3394 1671 3687 1726 passuros.

2121 1745 2215 1806 Est
2247 1747 2446 1800 etenim
2487 1747 2540 1802 in
2569 1748 2809 1817 antiquis
2847 1747 3100 1804 Ecclesiae
3129 1749 3348 1803 statutis
3382 1749 3688 1808 decretum,

443 1858 639 1904 norum
693 1842 1003 1898 machinata
1052 1842 1430 1912 blaSphemiis.
1497 1842 1721 1900 Talibus
1777 1840 2087 1915 namqueB
2119 1844 2177 1900 ut
2211 1838 2304 1906 qui
2353 1838 2530 1892 aliena
2583 1838 2813 1904 invadit,
2867 1854 2976 1892 non
3026 1846 3180 1893 exeat
3226 1838 3548 1907 impunitus,
3592 1839 3688 1894 sed

442 1931 713 2002 ﬁgmentis
749 1932 918 2002 liquet
948 1947 1042 1988 eos
1073 1947 1195 1998 esse
1239 1932 1622 2003 inculpabiles,
1656 1951 1861 2006 vosque
1889 1937 2010 1990 cul-

443 2023 648 2093 pabiles
683 2039 698 2078 :
735 2024 862 2093 quia
914 2023 961 2078 si
1016 2024 1083 2078 de
1131 2039 1257 2078 vera
1293 2022 2006 2092 conflderetisinnocentia,

441 2097 593 2168 nullo
624 2099 786 2169 modo
816 2130 846 2168 a
865 2115 976 2184 jam
1009 2114 1155 2169 dicta
1194 2131 1293 2171 vos
1323 2116 1585 2171 canonica
1615 2117 2008 2174 subtraheretis

437 2207 776 2270 evocatione,
820 2223 941 2277 quae
985 2223 1096 2262 non
1138 2209 1344 2271 subito,
1402 2209 1497 2265 sed
1528 2211 1762 2278 spatiose
1797 2211 2008 2265 denun-

437 2294 571 2355 tiata
617 2302 701 2348 est
745 2312 758 2348 τ
797 2295 891 2348 sed
946 2297 1096 2349 omni
1147 2296 1412 2350 subducta
1466 2298 1742 2368 apologia.
1801 2300 2008 2369 absque

437 2385 748 2439 tardatione
795 2387 999 2452 venire,
1046 2395 1100 2440 et
1141 2403 1339 2444 causas
1374 2389 1601 2444 reddere
1650 2390 2004 2448 festinaretis.

436 2470 647 2536 Quibus
676 2471 751 2525 ita
784 2473 976 2543 gestis,
1014 2475 1212 2544 scrip'si
1244 2477 1422 2539 vobis,
1457 2484 1511 2530 et
1535 2479 1792 2534 omnibus
1821 2481 1912 2550 qui
1949 2483 2005 2536 in

434 2562 723 2616 Antiochia
755 2572 946 2618 contra
979 2567 1333 2635 apostolicam
1379 2571 1810 2643 canonicamque
1843 2589 2004 2644 regu-

434 2653 542 2705 lam
565 2652 721 2706 nobis
744 2651 1066 2710 inconsultis
1095 2655 1341 2723 fueratis,
1388 2673 1622 2731 arguens
1647 2679 1743 2718 vos
1769 2665 2002 2733 primum

433 2740 502 2803 de
554 2740 771 2809 injuriis
834 2743 1169 2808 litterarum,
1235 2746 1452 2802 demum
1499 2764 1599 2803 cur
1645 2750 2001 2810 Athanasium

435 2845 674 2900 mosque
719 2842 1124 2890 consectatores
1155 2836 1222 2890 ad
1263 2845 1504 2892 vestrum
1543 2841 1836 2895 concilium
1871 2859 2004 2897 conv

433 2921 769 2989 vocassetis;
827 2925 1134 2980 canonibus
1170 2930 1338 2982 semel
1371 2931 1833 3001 praecipientibus,
1867 2935 2003 2990 nihil

431 3019 586 3067 extra
646 3011 949 3069 Romanum
1001 3016 1222 3072 decerni
1278 3021 1620 3090 pontificem;
1651 3026 1740 3078 cui
1775 3026 1910 3091 haec,
1950 3036 2003 3083 et

433 3103 640 3173 majora
669 3103 1038 3161 Ecclesiarum
1067 3111 1303 3178 negotia,
1341 3120 1453 3166 tam
1495 3114 1565 3169 ab
1599 3115 1718 3184 ipso
1748 3116 1998 3185 Domino,

2118 1944 2243 1983 cum
2291 1929 2744 1999 multiplicatione
2774 1931 3048 1985 restituat.
3090 1929 3240 1984 Unde
3271 1937 3326 1984 et
3354 1932 3409 1984 in
3444 1930 3688 2000 Evange-

2121 2020 2192 2072 lio
2228 2021 2491 2090 scriptum
2524 2028 2609 2076 est
2637 2041 2650 2076 :
2680 2020 2833 2086 Quod
2861 2023 2908 2076 si
2933 2021 3134 2092 aliquid
3165 2021 3495 2090 defraudavi,
3525 2022 3688 2076 reddo

2115 2111 2470 2181 quadruplum
2501 2113 2567 2165 ⁸⁸.
2606 2113 2664 2166 In
2697 2114 2812 2182 lege
2843 2129 3058 2184 quoque
3099 2125 3319 2169 cantum
3351 2123 3434 2174 est
3463 2134 3476 2168 :
3513 2113 3690 2169 Hale-

2115 2203 2285 2258 dictus
2319 2205 2510 2268 omnis,
2541 2205 2631 2274 qui
2663 2204 2919 2273 transfert
2952 2207 3201 2259 terminos
3229 2207 3459 2274 proximi
3501 2207 3607 2267 sui,
3635 2215 3686 2259 et

2113 2295 2247 2346 dicet
2284 2296 2453 2348 omnis
2486 2296 2707 2364 populus
2736 2295 2802 2347 ⁸⁷.
2828 2297 3005 2350 Amen.
3042 2296 3223 2363 Quare
3256 2298 3426 2351 miror
3453 2312 3551 2352 vos
3569 2305 3686 2359 tam

2114 2386 2350 2441 audaces
2383 2401 2525 2449 esse,
2556 2395 2609 2439 et
2648 2397 2754 2438 tam
2789 2386 3160 2455 imprudenter
3186 2388 3385 2457 egisse,
3415 2394 3468 2440 et
3495 2387 3686 2440 termi-

2112 2490 2236 2537 nos,
2269 2490 2332 2528 ac
2361 2475 2484 2544 jura
2520 2476 2662 2537 beati
2691 2474 2838 2534 Petri
2883 2478 3252 2546 apostolorum
3299 2477 3564 2546 principis
3597 2479 3684 2532 in-

2112 2568 2340 2622 vasisse.
2379 2565 2476 2621 Sui
2510 2569 2676 2632 enim,
2703 2574 2760 2621 ut
2794 2569 2954 2636 paulo
2987 2570 3240 2638 superius
3265 2570 3681 2638 comprobatum

2110 2668 2215 2724 est,
2252 2660 2395 2726 juris
2425 2668 2562 2723 erat,
2591 2668 2650 2713 ut
2679 2659 2886 2730 absque
2917 2659 3037 2729 ejus
3066 2669 3268 2714 sanctae
3314 2661 3458 2718 sedis
3491 2668 3681 2714 aucto-

2113 2751 2274 2805 ritate
2332 2750 2515 2804 nullus
2559 2749 2784 2804 deberet
2827 2757 2921 2803 aut
2966 2750 3197 2802 concilia
3242 2750 3540 2814 celebrare,
3587 2755 3679 2801 aut

2111 2845 2396 2914 episcopos
2455 2843 2522 2897 ad
2579 2843 2846 2912 synodum
2893 2857 3228 2906 convocare,
3284 2842 3366 2896 vel
3419 2841 3677 2897 damnare

2110 2951 2228 2999 eos,
2271 2945 2365 2989 aut
2400 2935 2636 3004 propriis
2681 2935 2881 3003 pellere
2913 2934 3155 2998 sedibus,
3190 2944 3282 2988 aut
3322 2933 3458 2988 alios
3489 2933 3542 2986 in
3588 2949 3678 2987 eo-

2111 3043 2231 3081 rum
2283 3027 2405 3080 loco
2447 3025 2722 3088 ordinare,
2758 3040 2876 3094 quae
2916 3025 3098 3078 omnia
3137 3040 3236 3080 vos
3271 3031 3537 3079 temerare
3567 3041 3678 3080 non

2111 3120 2390 3174 timuistis.
2447 3117 2585 3184 Quid
2635 3133 2762 3187 ergo
2808 3117 2954 3172 aliud
2998 3125 3082 3171 est
3134 3117 3260 3172 talis
3303 3118 3674 3188 przesumptio,

432 3210 596 3264 quam
617 3195 686 3251 ab
701 3197 955 3253 omnibus
979 3199 1352 3255 universorum
1369 3205 1722 3260 conciliorum
1751 3207 2003 3266 Patribus
2033 3185 2074 3240 θ
2110 3210 2228 3274 nisi.
2271 3209 2416 3280 quod
2471 3209 2837 3279 apostolorum
2907 3224 3242 3278 suorumque
3291 3224 3672 3264 successorum

433 3288 655 3358 speciali
684 3295 832 3355 sunt,
874 3299 934 3343 ut
956 3291 1068 3360 jam
1103 3293 1307 3347 dictum
1333 3303 1436 3358 est,
1471 3298 1750 3370 privilegio
1781 3303 2000 3358 tradita.

434 3380 602 3441 Vobis
642 3397 772 3452 ergo
824 3382 1242 3454 refugientibus,
1291 3395 1346 3442 et
1393 3372 1468 3444 ad
1509 3392 1803 3446 concilium
1840 3396 2003 3453 toties

429 3474 743 3529 convocatis
778 3473 971 3530 adesse
1010 3477 1342 3542 nolentibus,
1394 3480 1502 3535 illis
1532 3497 1748 3552 quoque
1795 3485 1849 3540 iII
1903 3503 2002 3542 sua

431 3565 836 3630 reclamatione,
871 3574 924 3630 et
969 3567 1119 3637 justa
1169 3569 1382 3625 ratione
1431 3574 1872 3642 persistentibus,
1906 3595 2000 3633 ve-

428 3662 652 3725 straque
695 3667 1090 3726 cognoscentes
1133 3661 1386 3726 crimina,
1434 3671 1488 3718 et
1530 3665 1747 3720 illorum
1793 3668 1999 3733 justam

426 3751 805 3806 examinantos
835 3751 1120 3816 rationem,
1150 3768 1448 3825 omnesque
1475 3772 1569 3812 eos
1609 3757 1829 3814 Nicaeno
1860 3777 1998 3815 con-

426 3841 553 3901 cilio
581 3850 959 3911 cooperantes,
990 3853 1044 3899 et
1071 3845 1275 3899 nostris
1307 3849 1626 3916 apostolicis
1653 3849 1997 3919 jussionibus

423 3934 882 4003 obtemperantes,
914 3936 1093 3990 visum
1139 3945 1224 3991 est
1254 3939 1432 4002 nobis,
1479 3954 1544 3994 ac
1577 3943 1834 3998 universo
1864 3959 1997 3998 con-

423 4023 572 4084 cilio,
608 4031 668 4076 ut
711 4039 812 4079 nos
843 4025 1046 4081 divinis
1085 4027 1391 4096 praeceptis,
1426 4036 1479 4083 et
1514 4031 1832 4098 apostolicis
1879 4047 1995 4086 mo-

423 4113 552 4180 IIitis
580 4115 882 4180 informati,
913 4118 1007 4188 qui
1037 4132 1135 4187 pro
1169 4118 1412 4173 omnium
1454 4119 1821 4184 Ecclesiarum
1849 4130 1992 4177 statu

421 4207 655 4277 itnpigro
695 4209 920 4279 vigilare
957 4210 1220 4266 debemus
1249 4211 1466 4277 effectu,
1503 4212 1548 4266 si
1583 4213 1877 4283 quidquam
1907 4231 1994 4270 re-

419 4299 774 4380 prehensioni
829 4317 1060 4371 usquam
1116 4302 1393 4357 invenitur
1443 4305 1778 4372 obnoxium,
1829 4307 1992 4362 celeri

419 4389 786 4445 sollicitudine
833 4392 902 4446 ab
937 4393 1258 4462 ignorantiae
1303 4395 1574 4465 imperitia
1629 4405 1724 4452 aut
1774 4413 1804 4450 a
1852 4414 1993 4468 pra:-

417 4482 746 4552 smnptionis
778 4485 1132 4553 usurpatione
1164 4501 1510 4542 revocemus.

490 4573 540 4627 1.
561 4572 658 4629 His
675 4573 857 4629 taliter
872 4575 1233 4631 consideratis
1251 4584 1414 4646 atque
1434 4577 1706 4641 discretis,
1724 4586 1980 4650 tanquam

415 4665 658 4725 omnium
687 4680 872 4720 curam
903 4674 1172 4735 gerentes,
1201 4677 1423 4738 pr0pter
1459 4669 1605 4724 sedis
1645 4671 1879 4740 prOprize
1901 4672 1985 4729 di-

413 4757 696 4826 gnitatem,
719 4754 1061 4824 suscepimus
1085 4770 1180 4811 eos
1205 4757 1259 4810 in
1290 4757 1613 4821 orationem,
1645 4759 1983 4829 singulisque

414 4863 538 4910 eum
568 4846 894 4901 auctoritate
923 4846 1088 4916 hujus
1113 4855 1316 4903 sancta:
1348 4849 1494 4904 sedis
1523 4850 1705 4916 rebus,
1731 4851 1980 4919 proprias

414 4939 749 4994 reddidimus
785 4937 1082 5003 Ecclesias,
1139 4939 1252 5010 (45)
1308 4941 1568 5010 quoniam
1611 4941 1738 4995 huic
1779 4952 1981 5000 sancta:

414 5028 553 5092 sedi,
588 5034 810 5097 propter
864 5029 1204 5097 privatorum
1261 5029 1538 5084 hominum
1574 5029 1822 5093 insidias,
1861 5031 1980 5100 ipso

415 5117 641 5182 Domino
671 5118 1011 5184 instituente,
1050 5125 1105 5174 et
1138 5121 1343 5176 sanctis
1372 5119 1653 5188 apostolis,
1680 5135 1979 5190 eorumque

415 5209 826 5266 successoribus
875 5226 972 5280 per
1021 5213 1234 5282 singula
1289 5213 1518 5268 concilia
1568 5214 1973 5279 roborantibus,

415 5313 514 5357 hoc
543 5317 758 5373 semper
792 5303 965 5367 licuit,
997 5304 1309 5373 licebitque,
1329 5304 1558 5364 Domino
1584 5306 1901 5371 auxiliante,
1921 5306 1974 5361 in

417 5406 753 5478 perpetuum.
800 5395 975 5464 Unde,
1018 5402 1111 5470 qui
1143 5405 1248 5458 scit
1282 5418 1340 5457 se
1379 5402 1502 5458 aliis
1547 5419 1670 5460 esse
1718 5405 1976 5476 praeposi-

478 5552 523 5580 ⁸³
564 5550 697 5604 Luc.
741 5567 867 5616 xix,
906 5555 960 5608 8.
1034 5555 1080 5590 ’ν
1121 5554 1276 5614 Deut.
1311 5571 1493 5621 xvaI,
1533 5557 1614 5613 -l7.

2105 3301 2318 3355 decreta
2344 3299 2674 3369 transgredi,
2704 3307 2756 3354 et
2781 3299 3212 3353 maledictioncm
3249 3300 3499 3369 superius
3526 3315 3674 3354 coms

2106 3393 2453 3462 prehensam,
2505 3393 2559 3446 in
2590 3393 2705 3461 lege
2755 3390 2922 3446 semel
2966 3400 3204 3454 cautam,
3239 3407 3400 3461 quam
3443 3392 3673 3460 populus

2104 3501 2212 3538 uno
2235 3499 2350 3546 ore,
2387 3499 2734 3554 consonaque
2762 3483 3120 3553 responsione
3150 3499 3244 3552 per
3271 3500 3445 3544 amen.
3493 3483 3548 3536 id
3589 3491 3672 3537 est

2104 3577 2215 3638 fiat,
2244 3574 2607 3641 conﬁrmavit,
2639 3575 2916 3644 suscipere
2950 3590 3054 3628 non
3083 3574 3381 3628 timuistis?
3423 3572 3667 3637 Necnon,

2102 3679 2160 3723 ut
2211 3684 2357 3730 reor,
2420 3668 2620 3728 talibus
2676 3667 3175 3737 transgressionum
3235 3665 3491 3721 funiculis
3538 3681 3671 3720 con-

2101 3760 2299 3824 stricti,
2353 3767 2640 3823 nostrum,
2695 3774 2763 3814 ne
2815 3765 2993 3814 vestra
3050 3759 3409 3828 proderentur
3445 3759 3667 3828 ﬂagitia,

2098 3867 2328 3906 examen
2355 3851 2692 3916 declinastis,
2722 3857 2776 3903 et
2810 3849 2877 3903 ad
2917 3849 3285 3919 supradictam
3327 3849 3666 3902 vocationem

2099 3944 2285 3998 venire
2314 3943 2631 4003 distulistis.
2684 3940 2826 3999 Sane
2855 3941 3204 3996 manifestum
3248 3949 3351 4001 est,
3385 3956 3546 3995 suum
3574 3955 3668 3994 eos

2098 4037 2347 4091 conliteri
2381 4036 2611 4098 crimen,
2645 4036 2737 4105 qui
2765 4035 2928 4090 toties
2962 4033 3170 4089 evocati
3206 4033 3413 4103 absque
3441 4033 3666 4086 inevita-

2095 4127 2192 4182 bili
2226 4142 2390 4181 causa
2419 4126 2605 4181 venire
2625 4125 2976 4190 distulerunt,
3002 4132 3056 4179 et
3085 4123 3352 4194 purgandi
3382 4138 3442 4178 se
3474 4123 3665 4176 volun-

2097 4225 2209 4271 tate
2243 4233 2350 4272 non
2380 4225 2626 4271 utuntur.
2655 4215 2788 4269 Nam
2823 4215 2870 4273 si
2905 4215 2972 4269 de
3005 4215 3202 4270 vestris
3225 4214 3390 4268 dictis
3421 4211 3662 4266 confide-

2095 4307 2246 4369 retis,
2279 4307 2442 4368 etiam
2496 4307 2551 4359 in
2605 4304 2799 4359 faciem
2854 4305 3084 4374 probare
3127 4319 3234 4358 non
3283 4303 3659 4358 distulissetis.

2095 4397 2255 4457 Tales
2304 4397 2653 4452 insidiatores
2711 4396 2906 4467 spiritu
2953 4395 3312 4466 przevidentes
3349 4394 3531 4447 sancti
3561 4392 3662 4445 Pa-

2019 4525 2062 4578 D
2094 4497 2206 4544 tres
2251 4492 2306 4545 in
2345 4487 2520 4543 Nicaea
2570 4487 2906 4558 congregati,
2960 4487 3104 4556 leges
3148 4493 3477 4544 statuerunt,
3527 4498 3662 4553 quas

2090 4599 2192 4638 nos
2227 4596 2469 4636 canones
2503 4580 2856 4650 appellamus,
2894 4592 2960 4631 ne
2991 4576 3146 4636 facile
3171 4575 3326 4645 probi
3356 4576 3428 4629 ab
3457 4576 3660 4645 impro-

2090 4675 2174 4730 bis
2220 4673 2636 4730 damnarentur.
2692 4670 2960 4741 Equibus
3013 4668 3305 4722 nonnullas
3359 4669 3659 4723 sententias

2087 4766 2177 4820 hic
2206 4765 2376 4821 inseri
2403 4763 2792 4834 judicavimus,
2818 4771 2877 4822 ut
2911 4770 3186 4821 tantorum
3217 4759 3443 4814 Patrum
3473 4768 3660 4814 aucto-

2088 4861 2281 4922 ritate,
2335 4867 2526 4919 nostra
2554 4858 2906 4914 roboraretur
2948 4857 3213 4928 epistola,
3260 4863 3424 4924 atque
3471 4869 3656 4909 omnes

2085 4948 2388 5005 Orientales
2433 4950 2548 5004 sive
2592 4949 2926 5019 reliquarum
2970 4947 3205 5017 partium
3246 4946 3515 5015 episcopi,
3549 4945 3655 4998 haec

2085 5039 2391 5099 audientes,
2430 5038 2493 5092 in
2549 5045 2754 5092 tantam
2810 5038 3020 5094 foveam
3078 5052 3186 5090 non
3253 5035 3535 5096 incidant,
3590 5048 3655 5087 ne

2081 5128 2486 5184 damnationem
2558 5144 2589 5184 a
2654 5127 2908 5184 Patribus
2983 5127 3256 5181 decretam
3330 5126 3648 5195 percipiant.

2082 5219 2399 5288 Sequuntur
2462 5221 2606 5276 enim
2671 5236 2736 5276 ex
2813 5219 3071 5290 przedicto
3141 5217 3378 5272 concilio
3441 5215 3652 5270 Niceno

2083 5311 2245 5382 605
2306 5313 2577 5383 capitula,
2636 5312 2686 5366 id
2738 5321 2853 5374 est,
2911 5327 3080 5375 XVIII,
3131 5327 3247 5366 XIX.
3304 5325 3436 5372 XXI,
3497 5324 3646 5363 nm.

2085 5420 2246 5471 χχιιι,
2310 5422 2495 5471 xxVII,
2541 5420 2743 5470 xvaII,
2792 5420 2990 5469 χχχιιι,
3043 5419 3171 5466 xu,
3225 5409 3386 5466 etv,
3449 5414 3561 5465 vn,
3600 5406 3647 5451 et

479 5724 595 5799 (45)
634 5724 880 5794 Canones
914 5731 1305 5806 subsequentes
1347 5749 1410 5790 cx
1445 5732 1860 5796 Sardicensibus
1899 5746 1948 5792 ct
1981 5751 2042 5798 ex
2079 5735 2198 5796 aliis
2233 5735 2598 5798 consarcinati
2632 5745 2778 5794 sunt.
