3852 6206
254 322 389 378 “(il

1123 316 1394 374 PONTIF.
1437 317 1603 376 80M.
1645 317 1731 372 ET
1770 317 2148 374 ATHANASII
2189 319 2569 376 ΕΡΙΞΤΟῙΑΕ.

3364 321 3501 377 “6‘2

250 454 368 503 vni,
431 451 494 491 ac
536 452 609 500 ιι,
656 449 751 498 ιιι,
787 415 1048 500 uu,i.tv,
1094 449 1184 501 Lv,
1220 452 1354 501 LVII,
1388 451 1541 501 mn,
1574 452 1687 500 nx,
1730 451 1822 500 ιι,
1851 437 1900 494 Α
1931 434 2192 489 tuendum
2225 436 2372 504 quod
2412 437 2528 506 ipse
2557 435 2705 505 juste
2743 435 3036 491 censuerit.
3067 433 3134 488 Et
3161 449 3370 503 omnes,
3407 438 3500 505 qui

250 546 358 589 LXI,
393 539 526 590 LXII,
557 541 726 580 LXVII.

319 619 373 676 2.
408 618 472 672 Ει
498 633 688 672 omnes
728 617 968 686 episcopi
1005 617 1097 686 qui
1121 617 1175 670 in
1203 617 1526 687 quibusdam
1558 616 1826 688 graviori-

250 711 355 764 bus
404 708 712 778 pulsantur,
745 708 829 761 vel
866 707 1227 761 criminantur
1268 709 1471 772 causis,
1495 708 1708 777 quoties
1730 723 1826 762 ne-

249 814 406 854 cesse
440 798 624 861 fuerit,
676 797 844 852 libere
898 797 1254 866 apostolicam
1292 799 1565 865 appellent
1617 797 1826 851 sedem.

247 891 424 959 Atque
453 889 520 942 ad
547 904 666 943 eam
715 887 873 957 quasi
907 887 974 941 ad
1025 894 1254 941 matrem
1293 887 1630 958 confugiant,
1666 894 1726 941 ut
1758 887 1826 942 ab

247 998 332 1046 ea,
366 983 510 1038 sicut
559 996 775 1050 semper
802 980 922 1044 fuit,
959 983 1048 1050 pie
1080 979 1397 1044 fulciantur,
1442 978 1825 1044 defendantur,

246 1081 303 1126 et
335 1073 657 1128 liberentur.
683 1071 856 1140 Cujus
887 1071 1233 1141 dispositioni
1262 1086 1453 1126 omnes
1478 1071 1713 1141 majores
1734 1086 1827 1126 ec-

249 1162 590 1220 clesiasticas
621 1177 834 1226 causas,
867 1169 920 1216 et
947 1163 1327 1233 episcoporum
1350 1161 1825 1232 judicia,.antiqua

249 1257 646 1328 apostolorum,
682 1271 979 1325 eorumque
1013 1271 1415 1318 successorum,
1449 1265 1612 1325 atque
1659 1271 1824 1310 cano-

249 1364 381 1403 num
412 1348 712 1402 auctoritas
742 1347 1060 1403 reservavit.
1095 1346 1364 1412 Quoniam
1399 1347 1692 1416 culpantur
1710 1348 1827 1416 epi-

249 1440 403 1510 sc0pi
445 1440 538 1510 qui
573 1440 732 1493 aliter
752 1454 880 1507 erga
914 1437 1109 1494 fratres
1146 1439 1356 1510 egerint
1388 1455 1550 1510 quam
1580 1439 1825 1509 ejusdem

249 1532 399 1588 sedis
427 1545 579 1602 papa:
612 1530 727 1585 ﬁeri
758 1531 1044 1600 placuerit.

317 1623 373 1677 3.
404 1622 612 1678 Placuit
654 1629 714 1676 ut
754 1633 1046 1678 accusatus
1079 1623 1166 1678 vel
1191 1623 1475 1694 judicatus
1511 1639 1541 1678 a
1572 1639 1828 1696 compro-

246 1715 576 1770 vincialibus
615 1716 670 1770 in
711 1715 897 1786 aliqua
935 1730 1103 1771 causa
1126 1716 1441 1788 episc0pus,
1475 1717 1702 1772 licenter
1730 1732 1828 1788 ap-
1855 1769 1900 1826 Β

248 1807 432 1876 pellet,
458 1817 512 1862 et
537 1807 696 1862 adeat
724 1809 1036 1879 apostolica:
1063 1809 1210 1864 sedis
1237 1807 1568 1879 pontificem.
1602 1809 1703 1874 Qui
1727 1820 1822 1863 aut

248 1915 348 1972 per
375 1915 452 1964 se,
488 1907 581 1954 aut
613 1916 710 1970 per
739 1901 973 1956 vicarios
1003 1916 1154 1965 suos,
1193 1901 1312 1971 ejus
1336 1902 1621 1956 retractari
1654 1917 1822 1972 nego-

249 1992 383 2046 tium
413 2003 688 2062 procuret.
719 1992 784 2046 Et
805 1992 932 2046 dum
971 1993 1167 2048 iterato
1187 1992 1397 2063 judicio
1425 1993 1666 2062 pontifex
1693 2008 1827 2047 cau-

249 2097 368 2138 sam
392 2083 523 2152 agit,
553 2084 738 2138 nullus
767 2084 908 2138 alius
943 2084 996 2137 in
1027 2084 1148 2152 ejus
1172 2084 1294 2138 loco
1328 2093 1584 2154 ponatur,
1617 2091 1712 2139 aut
1733 2101 1825 2139 or—

246 2173 467 2230 dinetur
494 2174 808 2246 episcopus.
830 2175 1120 2242 Quoniam,
1139 2191 1446 2247 quanquam
1481 2179 1827 2247 comprovin-

246 2267 481 2321 cialibus
512 2267 788 2338 episcopis
812 2269 1056 2323 accusati
1109 2284 1292 2323 coram
1324 2269 1528 2324 eisdem
1555 2270 1827 2339 pontiﬁci-

246 2358 355 2414 bus
408 2365 531 2412 acta
562 2360 794 2415 scrutari
819 2361 1002 2425 liceat,
1036 2377 1143 2415 non
1177 2368 1354 2416 tamen
1377 2361 1605 2417 definire
1635 2363 1826 2417 incon-

248 2450 395 2504 sulto
420 2449 666 2505 Romano
707 2451 964 2522 pontifice
993 2453 1320 2522 permissum
1369 2461 1472 2508 est.
1505 2453 1638 2508 Cum
1669 2455 1825 2509 beato

246 2538 412 2594 Petro
454 2542 700 2610 apostolo
731 2556 838 2596 non
889 2543 957 2596 ab
1007 2543 1114 2596 alio
1161 2557 1324 2612 quam
1367 2544 1434 2598 ab
1467 2544 1586 2613 ipso
1619 2545 1824 2600 dictum

248 2631 324 2685 sit
382 2630 649 2687 Domino:
708 2633 1038 2704 Quaecunque
1096 2635 1340 2705 ligaveris
1394 2653 1550 2706 super
1597 2646 1822 2702 terram,

247 2732 400 2775 erunt
425 2722 588 2792 ligata
613 2734 662 2778 et
696 2726 748 2778 in
781 2726 965 2790 caelis;
995 2736 1047 2780 et
1074 2743 1394 2798 quaecunque
1417 2728 1634 2783 solveris
1670 2746 1825 2800 super

248 2824 468 2878 terram,
500 2827 654 2870 erant
685 2818 861 2871 soluta
894 2829 944 2870 et
976 2821 1028 2872 in
1053 2821 1196 2874 caelis
1231 2821 1297 2875 ⁸⁸.
1759 2837 1762 2842 ·

319 2907 372 2961 4.
409 2908 462 2960 Si
499 2909 624 2977 quis
658 2909 930 2978 putaverit
972 2926 1030 2966 se
1063 2926 1094 2965 a
1135 2913 1559 2984 metrOpolitano
1585 2913 1821 2984 gravari,

251 2999 394 3070 apud
437 3001 724 3068 primatem
771 3001 1095 3068 dioeceseos,
1145 3013 1240 3058 aut
1288 3019 1456 3074 penes
1498 3006 1823 3060 universalis

249 3096 561 3162 apostolicae
589 3094 846 3152 Ecclesiae
867 3112 1060 3166 papam
1089 3097 1386 3166 judicetur.

319 3187 369 3242 5.
399 3187 782 3252 Accusatores,
808 3197 861 3242 et
906 3188 1310 3254 accusationes,
1353 3205 1492 3260 quas
1522 3190 1670 3260 leges
1718 3206 1822 3245 sa:-

249 3279 358 3334 culi
389 3294 497 3333 non
523 3279 824 3344 asciscunt,
849 3288 902 3335 et
930 3295 1030 3335 nos
1059 3281 1390 3336 unanimiter
1414 3281 1820 3352 submovemus,

249 3387 321 3427 ne
352 3371 444 3424 fiat
491 3372 802 3427 indistricta
843 3373 1166 3442 probatione
1206 3373 1481 3444 impietas,
1517 3389 1641 3429 cum
1672 3385 1823 3431 recta

249 3466 528 3537 sitjudicii
561 3469 614 3521 in
645 3468 912 3522 electione
940 3467 1234 3522 sententia.

323 3559 376 3614 6.
403 3558 596 3613 Nullus
621 3559 914 3628 episcopus
944 3559 1168 3614 alterius
1197 3559 1588 3629 parochianum
1619 3575 1823 3630 praesu-

251 3658 367 3704 mat
388 3652 643 3714 retinere,
680 3657 774 3704 aut
814 3651 1092 3715 ordinare,
1124 3651 1332 3721 absque
1364 3651 1482 3721 ejus
1524 3653 1819 3718 voluntate,

252 3743 338 3797 vel
379 3723 648 3813 judicare,
693 3743 843 3798 salva
894 3749 1074 3797 tamen
1118 3743 1175 3797 in
1229 3744 1485 3798 omnibus
1525 3745 1822 3814 apostolica

253 3833 608 3899 auctoritate;
633 3833 780 3903 quia,
799 3833 942 3889 sicut
973 3833 1126 3888 irrita
1155 3834 1259 3888 erit
1282 3834 1399 3903 ejus
1425 3835 1718 3899 ordinatio,
1749 3837 1822 3890 ita

251 3932 307 3980 et
348 3925 700 3994 dijudicatio;
735 3925 993 3994 quoniam
1041 3940 1329 3980 censemus
1361 3925 1560 3978 nullam
1597 3927 1821 3982 alterius

251 4016 473 4087 iudicis,
499 4016 601 4071 nisi
644 4015 728 4070 sui
754 4017 1021 4071 sententia
1055 4017 1225 4071 teneri
1261 4033 1274 4069 :
1311 4031 1432 4069 nam
1459 4017 1549 4087 qui
1579 4032 1700 4071 eum
1732 4033 1823 4072 or-

251 4107 442 4161 dinare
474 4121 581 4159 non
616 4105 808 4175 potuit,
836 4120 935 4159 nec
954 4105 1201 4173 judicare
1237 4105 1510 4158 ullatenus
1533 4107 1748 4173 poterit.
1795 4125 1811 4143 κ

325 4197 376 4250 7.
412 4196 469 4250 Si
503 4197 626 4266 quis
669 4211 793 4265 erga
828 4196 1145 4266 episcopum
1193 4196 1276 4250 vel
1320 4205 1534 4251 actores
1567 4193 1656 4250 Ett

252 4306 310 4347 se
337 4289 615 4361 proprium
644 4289 840 4343 habere
864 4288 1155 4343 crediderit
1186 4289 1487 4358 negotium,
1535 4303 1643 4343 non
1673 4303 1819 4355 prius

252 4384 410 4438 adeat
436 4382 670 4452 judiccs,
701 4396 861 4450 quam
894 4379 960 4434 ad
994 4395 1089 4436 eos
1117 4389 1383 4445 recurrat,
1407 4379 1692 4434 eharitatis
1714 4387 1822 4432 stu-

1933 524 2198 581 adversus
2228 525 2420 582 Patres
2447 535 2752 592 armantur,
2787 525 3019 580 infames
3047 541 3170 582 esse
3192 541 3500 583 censemus.

1931 613 2118 686 Neque
2161 633 2254 673 eos
2288 619 2531 688 quicum
2566 617 2806 672 inimicis
2833 623 3138 682 morantur,
3180 618 3248 672 ad
3275 632 3503 674 accusa-

1930 705 2132 761 tionem
2167 707 2250 760 vel
2291 707 2359 761 ad
2394 707 2766 762 testimonium
2799 707 3161 776 recipiendos.

2006 798 2090 850 11.
2124 796 2335 852 Placuit
2367 806 2428 852 ut
2451 813 2665 868 semper
2694 799 2749 853 in
2771 799 3122 853 accusatione
3153 798 3499 866 clericorum,

1929 890 2107 959 primo
2149 905 2406 960 persona,
2441 890 2592 955 fides,
2617 891 2727 945 vita
2769 897 2824 945 et
2865 890 3207 945 conversatio
3231 891 3501 960 blasphe-

1929 980 2197 1033 mantium
2223 987 2616 1050 perscrutetur.
2653 979 2788 1034 Nam
2822 979 2953 1034 fides
3002 995 3191 1035 omnes
3213 989 3370 1035 actus
3399 982 3502 1036 ho-

1929 1072 2094 1126 minis
2137 1071 2443 1142 praecedere
2481 1072 2641 1127 debet
2672 1090 2685 1126 :
2719 1071 2847 1140 quia
2886 1072 3108 1139 dubius,
3140 1071 3375 1128 infidelis
3397 1081 3500 1138 est,

1927 1177 2028 1216 nec
2049 1163 2131 1218 eis
2161 1164 2385 1218 omnino
2412 1179 2534 1219 esse
2565 1161 2922 1229 credendum,
2953 1165 3045 1233 qui
3071 1165 3319 1221 veritatis
3343 1164 3501 1219 fidem

1926 1256 2203 1326 ignorant,
2245 1271 2346 1311 nec
2396 1264 2546 1310 recte
2577 1257 3010 1311 conversationis
3042 1257 3209 1311 vitam
3253 1257 3500 1323 ducunt;

1928 1347 2191 1418 quoniam
2233 1349 2394 1413 tales,
2445 1357 2499 1404 et
2543 1348 2723 1413 facile,
2755 1357 2811 1404 et
2854 1347 3227 1404 indifferenter
3259 1349 3503 1403 lacerant

1926 1448 1980 1496 et
2017 1441 2379 1496 criminantur
2425 1453 2574 1497 recte
2603 1451 2657 1497 et
2696 1441 2782 1510 pie
2815 1441 3076 1497 viventes.
3108 1439 3234 1496 Ideo
3260 1441 3502 1510 suspicio

1927 1548 2119 1588 eorum
2153 1533 2497 1590 discutienda
2534 1543 2619 1590 est
2647 1535 2824 1605 primo
2852 1542 2907 1589 et
2936 1532 3279 1604 corrigenda.
3315 1533 3500 1603 Neque

1928 1626 2346 1682 accusatoribus
2395 1628 2693 1696 suspectis,
2734 1635 2788 1683 et
2833 1627 2902 1682 de
2947 1627 3290 1682 inimicorum
3335 1625 3500 1680 domo

1927 1717 2324 1788 prodeuntibus
2351 1718 2706 1774 credendum.

2002 1807 2090 1862 12.
2122 1807 2277 1875 Quod
2326 1825 2435 1865 non
2468 1811 2588 1866 alia:
2639 1809 3072 1882 metropolitanaa
3106 1807 3384 1873 Ecclesiae,
3413 1807 3498 1861 vel

1925 1901 2183 1969 primates
2211 1901 2342 1968 sint,
2371 1901 2478 1956 nisi
2509 1902 2608 1968 illi,
2643 1903 2735 1972 qui
2769 1903 2922 1972 prius
2951 1901 3210 1971 primates
3237 1905 3412 1964 erant,
3446 1905 3501 1952 et

1926 1992 2267 2062 postChristi
2292 1993 2584 2049 adventum
2603 1997 2925 2050 auctoritate
2950 1993 3247 2064 apostolica
3259 2000 3314 2048 et
3337 2007 3501 2062 syno-

1925 2087 2060 2151 dali,
2123 2086 2420 2156 primatum
2475 2086 2678 2141 habere
2720 2093 3057 2141 meruerunt.
3101 2083 3343 2154 Reliquae
3389 2098 3499 2136 non

1925 2177 2207 2247 primates,
2239 2177 2334 2233 sed
2368 2177 2696 2246 metropoles
2727 2183 3012 2241 vocentur,
3055 2189 3354 2244 eorumque
3379 2174 3500 2243 cpi--

1927 2272 2081 2341 scopi
2133 2285 2244 2326 non
2296 2272 2610 2342 primatum,
2647 2270 2742 2325 sed
2789 2277 2881 2324 aut
2929 2269 3496 2339 metropolitanorum,

1928 2373 2028 2418 aut
2053 2363 2595 2434 archiepiscoporum
2622 2362 2843 2418 nomine
2870 2361 3143 2416 fruantur.

1997 2455 2083 2509 15.
2119 2453 2351 2510 lnfames
2370 2470 2494 2510 esse
2522 2469 2811 2510 censemus
2837 2467 3048 2514 omnes,
3075 2452 3167 2522 qui
3197 2466 3352 2506 suam
3405 2457 3499 2504 aut

1925 2547 2294 2602 Christianam
2334 2533 2763 2614 praevaricantur
2809 2543 3003 2612 legem,
3040 2549 3137 2595 aut
3177 2542 3503 2596 canonicam

1926 2642 2258 2707 postponunt
2295 2634 2696 2688 auctoritatem.

1998 2729 2088 2782 14.
2121 2726 2283 2781 Salvo
2328 2727 2380 2779 in
2427 2725 2683 2780 omnibus
2716 2722 2975 2778 Romanae
3024 2723 3281 2779 Ecclesiae
3325 2723 3499 2793 priviu

1926 2816 2088 2887 legio,
2150 2817 2335 2871 nullus
2391 2814 2847 2884 metropolitanus
2905 2815 3112 2883 absque
3172 2821 3494 2869 caaterorum

1926 2908 2167 2964 omnium
2221 2905 2760 2976 comprovincialium
2811 2905 3188 2975 episcoporum
3239 2906 3496 2966 astantia,

1929 3000 2234 3069 aliquorum
2269 3014 2336 3053 ex
2361 2997 2467 3052 illis
2491 3011 2705 3060 causas,
2736 2997 2862 3066 quia
2894 2996 3061 3052 irrita:
3101 3003 3282 3063 erunt,
3312 2997 3420 3051 imo
3443 3005 3498 3051 et

1853 3107 1895 3166 ο
1930 3103 2153 3146 causam
2181 3090 2236 3143 in
2267 3088 2476 3160 synodo
2498 3103 2596 3157 pro
2629 3086 2774 3142 facto
2797 3087 2968 3142 dabit.

2001 3181 2088 3234 15.
2123 3179 2331 3234 Alienis
2359 3177 2641 3233 erroribus
2659 3177 2959 3239 sociatum,
2995 3175 3079 3230 vel
3118 3191 3146 3229 a
3178 3177 3263 3231 sui
3299 3191 3499 3246 propo-

1931 3273 2022 3330 siti
2056 3273 2277 3327 tramite
2309 3271 2676 3337 recedentem,
2708 3277 2800 3323 aut
2853 3269 3027 3324 sacris
3066 3269 3369 3323 eanonibus
3411 3269 3493 3330 ia-

1929 3363 2292 3427 obedientem,
2317 3363 2598 3432 suscipere
2629 3375 2737 3415 non
2761 3375 3073 3431 possumus.
3108 3358 3218 3414 Nec
3242 3361 3500 3429 impetere

1928 3463 2078 3510 recte
2105 3453 2410 3519 credentes,
2436 3453 2521 3508 vel
2543 3458 2856 3506 sanctorum
2877 3449 3098 3504 Patrum
3123 3450 3500 3506 sanctionibus

1930 3548 2373 3616 obtemperantes
2405 3545 2791 3616 permittimus.

2001 3638 2093 3692 16.
2147 3637 2443 3707 Peregrina
2483 3637 2688 3706 judicia
2729 3635 2967 3706 generali
2995 3635 3278 3690 sanctione
3312 3635 3500 3705 prohi-

1929 3728 2141 3784 bemus.
2177 3727 2316 3793 Quia
2367 3728 2648 3798 indignum
2681 3735 2766 3782 est
2795 3736 2856 3781 ut
2883 3727 2951 3782 ab
2973 3729 3176 3782 exteris
3198 3727 3498 3796 judicetur.

1929 3822 2023 3891 qui
2073 3821 2438 3891 provinciales
2477 3830 2532 3877 et
2561 3837 2592 3875 a
2635 3838 2696 3878 se
2733 3823 2938 3877 electos
2979 3820 3137 3877 debet
3179 3822 3382 3878 habere
3410 3821 3499 3891 jco

1928 3913 2097 3968 dices.

2002 4004 2089 4058 17.
2126 4003 2287 4059 Salva
2315 4005 2629 4075 apostolicae
2661 4003 2919 4060 Ecclesiae
2939 4005 3284 4068 auctoritate,
3314 4005 3499 4060 nullus

1928 4097 2218 4168 episc0pus
2242 4106 2395 4153 extra
2418 4113 2572 4154 suam
2602 4098 2932 4166 provinciam
2957 4097 3025 4152 ad
3043 4097 3308 4167 judicium
3334 4098 3500 4153 devo-

1929 4200 2105 4253 cetur,
2131 4187 2225 4244 sed
2252 4199 2444 4243 vocato
2466 4204 2530 4242 eo
2559 4189 2841 4254 canonice,
2870 4189 2923 4242 in
2951 4189 3072 4243 loco
3093 4189 3347 4244 omnibus
3368 4203 3502 4242 con-

1933 4295 2090 4350 gruo,
2141 4290 2385 4351 tempore
2433 4281 2703 4352 synodali,
2740 4281 2808 4336 ab
2853 4280 3110 4336 omnibus
3148 4280 3498 4351 comprovin-

1929 4375 2162 4431 cialibus
2211 4377 2487 4446 episcopis
2532 4376 2806 4440 audiatur,
2849 4375 2942 4445 qui
2992 4373 3284 4428 concilium
3336 4389 3503 4442 super

250 4474 363 4537 dio,
396 4480 454 4527 ut
483 4471 737 4526 familiari
773 4472 1045 4541 colloquio
1065 4472 1384 4526 commoniti
1415 4487 1477 4526 ea
1505 4487 1702 4528 sanare
1727 4472 1821 4527 de-
1852 4467 1898 4522 D
1927 4482 2074 4532 eum,
2127 4469 2558 4537 canonicamque
2613 4466 2860 4535 proferre
2901 4466 3104 4521 debent
3149 4467 3498 4522 sententiam.

251 4567 434 4631 beant,
472 4581 593 4635 qme
638 4565 694 4618 in
738 4564 1136 4634 querimoniam
1185 4563 1548 4617 deducuntur.
1586 4563 1740 4630 Quod
1773 4565 1821 4619 si

251 4659 410 4712 aliter
440 4658 631 4729 egerit,
663 4657 1044 4712 communione
1067 4657 1329 4726 privetur.

319 4753 375 4808 8.
411 4751 581 4806 Nemo
602 4750 917 4821 pontificum
952 4749 1210 4819 deinceps
1239 4751 1472 4820 aliquem
1502 4749 1818 4819 episcopum

249 4841 369 4898 suis
395 4841 758 4911 exspoliatum
784 4840 969 4905 rebus,
993 4846 1084 4892 aut
1117 4854 1146 4892 a
1178 4838 1305 4893 sede
1332 4839 1567 4908 pulsum,
1599 4853 1820 4892 excom-

251 4935 534 4988 municare
557 4939 650 4986 aut
673 4932 918 5002 judicare
950 4937 1260 5000 praesumat,
1297 4931 1424 5001 quia
1455 4947 1561 4985 non
1588 4938 1671 4986 est
1710 4931 1822 5001 pri-

249 5026 505 5096 vilegium
529 5041 638 5096 quo
661 5026 884 5095 spoliari
921 5025 1094 5095 possit
1123 5022 1234 5092 jam
1262 5021 1542 5077 nudatus.‘

319 5116 371 5170 9.
404 5114 531 5168 Pari
576 5121 765 5170 tenore
819 5114 1186 5175 decernimus,
1239 5126 1346 5165 non
1391 5112 1540 5166 credi
1594 5126 1821 5166 accusa-

251 5209 381 5270 tori,
407 5207 499 5277 qui
528 5207 754 5262 absente
779 5206 1093 5260 adversario
1120 5219 1342 5259 causam
1374 5205 1634 5274 suggerit,
1660 5215 1822 5274 atque

253 5299 541 5366 utriusque
591 5297 762 5365 partis
813 5295 1236 5359 discussionem,
1295 5310 1394 5349 nec
1449 5304 1818 5360 accusatores,

254 5389 333 5440 \‘el
372 5395 540 5441 testes
571 5385 801 5454 suscipi,
831 5384 922 5453 qui
952 5400 1058 5438 non
1091 5393 1219 5437 sunt
1245 5383 1444 5438 idonei.

325 5480 413 5533 10.
449 5477 680 5538 Placuit,
721 5486 780 5530 ut
829 5478 875 5530 si
932 5484 1222 5529 accusatus
1254 5473 1335 5527 vel
1383 5473 1674 5529 damnatus
1707 5475 1821 5544 epi-

255 5588 454 5642 Scoptls
497 5571 845 5642 appellaverit
889 5568 1191 5624 Romanum
1235 5568 1564 5641 pontificem,
1619 5566 1669 5621 id
1715 5575 1825 5626 sta-

327 5754 372 5784 "
414 5754 598 5808 Matth.
636 5769 757 5818 va,
799 5752 882 5806 l9.

1929 4559 2202 4626 Quoniam
2236 4559 2283 4612 si
2324 4559 2427 4612 hoc
2456 4559 2781 4623 minoribus,
2807 4569 2914 4614 tam
2947 4558 3162 4614 clericis
3203 4573 3366 4628 quam
3401 4559 3501 4611 lai-

1927 4651 2028 4714 cis,
2054 4665 2377 4705 concessum
2404 4657 2508 4713 est,
2533 4656 2739 4720 quanto
2769 4649 2945 4720 magis
2977 4648 3044 4704 de
3077 4649 3347 4720 episcopis
3379 4663 3496 4703 ser-

1929 4742 2043 4796 vari
2072 4743 2356 4795 convenit!
2390 4739 2524 4794 Nam
2551 4741 2595 4795 si
2622 4741 2739 4810 ipse
2767 4741 3269 4810 metropolitanum,
3301 4739 3501 4808 autju~

1927 4835 2079 4888 dices
2125 4843 2410 4902 suspectos
2459 4833 2738 4898 habuerit,
2798 4841 2891 4887 aut
2947 4832 3190 4886 infensos
3242 4831 3496 4895 senserit,

1928 4925 2073 4994 apud
2105 4925 2369 4993 primates
2390 4924 2715 4988 diteceseos,
2749 4931 2844 4977 aut
2876 4924 3018 4994 apud
3056 4921 3313 4977 Romani:
3351 4922 3497 4978 sedis

1927 5015 2211 5086 pontifices
2236 5014 2538 5083 judicetur..

2002 5109 2090 5164 18.
2123 5107 2337 5161 Nemini
2361 5108 2428 5162 de
2450 5122 2508 5162 se
2538 5106 2791 5161 confesso
2821 5105 2968 5160 credi
2996 5113 3171 5174 potest
3203 5120 3369 5174 super
3387 5106 3497 5160 cri-

1927 5214 2050 5253 men
2094 5198 2351 5251 alienum.
2390 5195 2657 5260 Quoniam
2690 5195 2812 5263 ejus
2840 5202 3001 5262 atque
3039 5193 3218 5248 omnis
3249 5193 3326 5247 rei
3371 5209 3496 5263 pro-

1928 5289 2096 5344 fessio
2155 5289 2482 5358 periculosa,
2530 5297 2584 5342 et
2637 5285 2852 5340 admitti
2896 5284 3160 5340 adversus
3204 5285 3496 5354 quemlibet

1929 5399 2035 5438 non
2061 5382 2241 5437 debet.

2000 5476 2087 5531 19.
2133 5475 2344 5531 Incerta
2390 5489 2550 5529 nemo
2596 5488 2836 5544 unquam
2888 5467 3206 5542 pontificum
3253 5467 3500 5538 judicare

1931 5575 2246 5642 praesumat.
2272 5567 2408 5635 Quia
2441 5566 2689 5638 quamvis
2718 5579 2844 5621 vera
2875 5563 3012 5630 sint,
3045 5577 3154 5617 non
3179 5568 3357 5615 tamen
3383 5575 3430 5614 Ci
3449 5576 3498 5614 θ
