3852 6206
380 242 498 303 αδδ

1490 250 1545 304 S.
1590 249 2054 311 ATHANASIUS.
2089 285 2157 296 -—
2199 255 2474 313 SI’URIA.

3475 259 3637 319 1464

364 363 552 427 :lenda,
584 365 689 420 nisi
723 380 845 435 qua:
872 365 1176 423 manifestis
1205 366 1427 438 judiciis
1474 369 1924 439 comprobantur,
1959 374 2001 429 Α
2096 372 2185 425 28.
2212 372 2583 436 Detractorcs,
2611 375 2704 444 qui
2729 374 2911 429 divina
2937 375 3260 433 auctoritate
3284 375 3634 431 eradicandi

362 454 465 513 nisi
493 471 614 524 qua:
641 457 935 513 manifesto
976 459 1184 528 judicio
1215 460 1636 527 convincuntur,
1668 461 1774 516 nisi
1804 478 1925 531 qua:

366 549 645 611 iudiciario
673 551 868 605 ordine
899 552 1261 620 publicantur.

426 641 515 694 ‘20.
550 641 974 698 Criminationes
1027 645 1295 712 majorum
1355 653 1482 699 natu
1538 660 1638 715 per
1679 646 1814 700 alios
1857 661 1928 701 ne

361 731 512 794 fiant,
547 734 649 787 nisi
675 749 772 804 per
800 736 947 803 ipsos
968 736 1059 804 qui
1079 736 1311 790 crimina
1333 737 1642 803 intendunt,
1668 738 1713 793 si
1744 746 1926 792 tamen

364 820 460 888 ipsi
501 821 648 891 digiti
679 829 735 877 et
764 823 1271 892 irreprehensibiles
1300 827 1673 896 apparuerint,
1703 834 1757 882 et
1790 829 1929 883 actis

363 913 646 969 docuerint
673 915 908 983 publicis
931 917 1176 970 omnium
1203 933 1263 972 se
1283 932 1472 974 carere
1497 918 1814 988 suspicione
1845 926 1930 972 at-

360 1021 467 1074 que
510 1006 818 1075 inimicitia,
862 1017 917 1065 et
970 1010 1718 1081 inreprehensibilem-Iidem
1765 1021 1930 1084 atque

359 1098 832 1151 conversationem
861 1098 1083 1152 ducere.

428 1186 518 1242 21.
548 1187 613 1241 Et
659 1190 1010 1258 provincialis
1060 1189 1304 1261 synodus
1352 1201 1677 1247 retractetur
1721 1208 1819 1262 per
1851 1194 1932 1248 vi-

359 1281 538 1337 carios
564 1282 716 1337 urbis
739 1281 925 1336 Romae
949 1283 1214 1352 episCOpi,
1245 1285 1292 1338 si
1322 1283 1440 1353 ipse
1465 1285 1786 1340 decreverit.

429 1371 517 1424 22.
564 1370 776 1430 Placuit
812 1381 870 1425 ut
914 1388 942 1426 a
978 1373 1400 1443 quibuscunque
1434 1375 1714 1445 judicibus
1757 1376 1933 1431 eccle—

361 1461 598 1521 siasticis
635 1463 701 1517 ad
737 1464 874 1519 alios
899 1464 1113 1533 judices
1145 1466 1566 1531 ecclesiasticos,
1605 1467 1694 1521 ubi
1725 1476 1807 1522 est
1831 1483 1933 1521 au-

360 1552 590 1610 ctoritas
629 1553 827 1623 major,
880 1552 1046 1611 fuerit
1091 1564 1469 1625 provocatum,
1502 1556 1777 1611 audientia
1824 1571 1932 1609 non

359 1654 606 1713 negetur.

2028 474 2176 527 sunt,
2213 473 2267 520 et
2294 464 2534 520 fautores
2559 467 2926 527 inimicorum.
2961 467 3030 521 ab
3050 467 3346 538 episcopali
3379 470 3637 523 submo-

2026 572 2218 612 vemus
2250 558 2623 613 accusatione.
2662 558 2926 612 Similiter
2962 575 3031 614 ne
3070 574 3412 614 summorum
3450 561 3631 628 quis-

2027 649 2172 718 piam
2229 649 2501 704 minorum
2535 651 2978 707 accusationibus
3035 651 3327 719 impetatur
3367 659 3464 705 aut
3494 652 3634 706 dis-

2028 747 2234 809 pereat,
2281 754 2458 809 neque
2501 739 2556 792 in
2604 755 2662 794 re
2689 739 2853 794 dubia
2890 746 3035 795 certa
3080 739 3241 796 detur
3308 740 3630 802 sententia,

2027 844 2132 883 nec
2182 830 2352 885 ullum
2407 829 2698 901 judicium,
2744 831 2850 886 nisi
2893 830 3187 900 prudenter
3242 830 3497 885 habitum
3529 839 3632 885 te-

2029 930 2247 980 neatur.

2101 1015 2190 1074 29.
2221 1014 2385 1070 Plura
2409 1015 2477 1070 de
2502 1014 2591 1070 bis
2623 1014 2745 1072 ideo
2769 1013 2860 1068 bic
2884 1029 2994 1068 non
3026 1014 3380 1079 inseruimus,
3415 1029 3487 1067 ne
3515 1027 3631 1066 va-

2028 1119 2216 1169 cuare,
2250 1106 2480 1160 vilemve
2513 1104 2695 1160 facere
2723 1103 3035 1174 praedictam
3075 1104 3342 1174 synodum
3381 1103 3622 1158 videre—

2030 1213 2174 1259 mur,
2206 1204 2299 1251 aut
2348 1196 2630 1253 fastidium
2664 1197 2967 1263 legentibus
2995 1194 3453 1266 audientibusque
3483 1210 3626 1264 pro—

2031 1288 2138 1343 lixa
2171 1288 2375 1344 faceret
2401 1289 2651 1359 epistola.
2685 1286 2740 1342 Si
2771 1287 2898 1357 quis
2929 1296 3109 1341 autem
3135 1286 3204 1341 de
3231 1287 3316 1340 his
3339 1287 3624 1354 ampliora

2031 1388 2195 1449 atque
2235 1363 2637 1436 abundantiora
2669 1379 2811 1434 scire
2848 1377 3100 1444 voluerit,
3137 1377 3191 1431 in
3227 1360 3626 1432 sacronostro

2032 1473 2180 1526 sedis
2211 1470 2466 1526 Ecclesiae
2499 1471 2727 1536 scrinio,
2763 1477 2817 1524 et
2849 1484 2912 1525 ea
2946 1486 3067 1540 quae
3106 1470 3480 1540 praediximus,
3520 1471 3625 1524 in...

2031 1561 2219 1616 venire
2254 1562 2453 1632 poterit
2489 1580 2502 1615 :
2534 1575 2721 1614 verum
2756 1575 2843 1614 me
2865 1560 3070 1622 dicere,
3107 1561 3261 1614 tcstis
3285 1568 3371 1614 est
3401 1558 3626 1612 Divini-

2033 1662 2136 1709 tas.
2175 1653 2250 1708 De
2283 1653 2592 1724 receptione
2638 1667 2769 1707 vero
2798 1652 2966 1714 sedis,
2996 1659 3051 1705 et
3095 1652 3406 1715 sacerdotii,
3443 1661 3626 1722 atque

429 1735 517 1789 25.
549 1733 604 1789 Si
640 1736 765 1806 quis
813 1737 1266 1808 metropolitanus
1307 1739 1620 1810 episcopus,
1657 1738 1760 1796 nisi
1786 1739 1928 1810 quod
1963 1718 2004 1778 Β
2035 1748 2280 1814 honoris,
2314 1718 2436 1820 qua:
2484 1746 2703 1805 dixistis
2735 1745 3094 1802 Athanasium
3133 1746 3343 1816 absque
3384 1718 3623 1800 concilii

361 1827 427 1887 ad
456 1844 608 1883 suam
646 1829 990 1884 solummodo
1021 1831 1294 1900 pr0priam
1329 1833 1564 1900 pertinet
1590 1835 1928 1902 parochiam,

361 1921 482 1983 sine
527 1921 760 1976 consilio
807 1931 859 1976 et
891 1923 1167 1977 voluntate
1203 1924 1448 1977 omnium
1499 1924 1932 1994 comprovincia.

361 2012 494 2074 lium
526 2013 908 2084 episcoporum
947 2014 1152 2083 aliquid
1181 2030 1343 2085 agere
1385 2016 1698 2077 tentaverit,
1730 2015 1933 2085 gradus

360 2105 446 2161 sui
477 2105 721 2176 periculo
748 2106 1075 2175 subjacebit,
1106 2115 1160 2162 et
1186 2109 1331 2177 quod
1355 2109 1548 2177 egerit,
1582 2109 1796 2162 irritum
1829 2108 1934 2162 erit

359 2206 416 2257 et
440 2213 691 2254 vacuum.
727 2198 833 2254 Sed
866 2199 1129 2269 quidquid
1154 2199 1223 2254 de
1255 2199 1794 2269 comprovincialium
1820 2199 1936 2268 cpi.

362 2305 652 2360 sc0porum
698 2293 902 2355 causis,
935 2308 1270 2363 suarumque
1315 2293 1704 2358 Ecclesiarum,
1736 2301 1790 2347 et
1819 2291 1932 2346 cle-

363 2383 621 2445 ricorum,
648 2389 812 2453 atque
838 2384 1181 2438 saecularium
1207 2383 1628 2440 necessitatibus
1655 2397 1814 2453 agere
1842 2389 1935 2434 aut

362 2476 652 2544 disponere
673 2490 897 2530 necesse
921 2477 1104 2540 fuerit,
1129 2476 1230 2530 hoc
1249 2491 1373 2529 cum
1391 2477 1634 2528 omnium
1661 2489 1934 2529 consensu

363 2567 911 2638 comprovincialium
964 2575 1156 2638 agatur
1203 2567 1540 2635 pontificum.
1591 2565 1712 2620 Non
1753 2567 1936 2635 aliquo

362 2657 754 2717 dominationis
782 2657 948 2724 fastu,
981 2658 1074 2714 sed
1122 2658 1425 2714 humillima
1467 2665 1523 2716 et
1550 2657 1809 2713 concordi
1840 2657 1937 2710 ad~

365 2749 789 2816 ministratione,
824 2753 966 2808 sicut
1019 2751 1281 2806 Dominus
1323 2752 1399 2804 ait
1432 2771 1445 2806 :
1482 2749 1604 2804 Non
1644 2751 1756 2804 veni
1781 2749 1936 2802 mini-

365 2841 550 2905 strati,
583 2840 749 2912 606
780 2839 870 2894 sed
901 2841 1208 2894 ministrare
1240 2842 1307 2894 ³³.
1336 2839 1400 2893 Et
1429 2839 1560 2894 alibi
1595 2858 1608 2893 :
1637 2839 1741 2905 Qui
1764 2838 1938 2906 major

363 2943 441 2987 est
472 2943 722 2995 vestrum,
748 2934 847 2987 erit
873 2933 1110 2986 minister
1134 2942 1298 2987 vester
1330 2933 1395 2999 “,
1430 2939 1482 2988 et
1512 2933 1742 3002 reliqua.
1777 2929 1938 2985 Simi-

365 3027 491 3085 liter
515 3032 568 3080 et
600 3025 701 3096 ipsi
723 3026 1209 3094 comprovinciales
1239 3025 1480 3094 cpisc0pi
1511 3040 1634 3079 cum
1663 3026 1781 3094 ejus
1805 3039 1938 3078 con—

366 3116 514 3178 cilio,
543 3116 651 3172 nisi
683 3124 945 3186 quantum
978 3117 1045 3171 ad
1078 3119 1329 3187 proprias
1367 3116 1598 3185 pertinet
1626 3115 1936 3184 parochias,

368 3214 532 3279 agant
559 3207 716 3277 juxta
753 3215 1067 3265 sanctorum
1118 3209 1416 3264 constituta
1463 3207 1705 3273 Patrum,
1737 3217 1789 3261 et
1831 3221 1940 3262 uno

369 3300 572 3365 animo,
602 3316 711 3363 uno
741 3315 856 3365 ore,
880 3302 1225 3363 concorditer
1251 3307 1440 3359 sancta
1465 3299 1798 3370 glorificetur
1819 3296 1942 3352 Tri-

369 3391 518 3457 nitas
542 3392 597 3446 in
626 3392 849 3446 saecula.

439 3480 531 3544 24.
563 3481 803 3542 Caveant
830 3481 1044 3550 judices
1066 3480 1345 3544 Ecclesiae,
1376 3495 1444 3536 ne
1474 3480 1701 3536 absente
1728 3494 1794 3535 eo
1839 3493 1941 3534 cu-

367 3574 461 3652 jus
515 3589 682 3629 causa
735 3576 1028 3630 ventilatur
1086 3574 1412 3630 sententiam
1465 3573 1764 3644 proferant,
1811 3572 1942 3642 quia

373 3666 528 3728 irrita
553 3667 677 3730 erit,
697 3675 751 3721 et
782 3667 1046 3724 rationem
1079 3681 1176 3736 pro
1206 3666 1419 3721 actione
1443 3664 1671 3720 reddent
1695 3667 1748 3718 in
1780 3679 1945 3734 syno—

373 3759 466 3823 do,
518 3767 592 3821 et,
642 3766 702 3813 ut
747 3759 1044 3828 proditoris
1094 3757 1390 3822 calumnia,
1457 3772 1558 3811 nec
1609 3771 1798 3811 eorum
1849 3771 1945 3824 po-

375 3859 490 3915 stea
532 3867 632 3905 vox
678 3852 950 3906 audiatur.
983 3851 1151 3914 Nemo
1192 3850 1337 3908 enim
1377 3849 1675 3904 debitorem
1710 3848 1945 3917 amplius

374 3952 555 4022 potest
583 3958 934 4014 cognoscere.
975 3957 1138 4012 quam
1175 3941 1266 4002 ille
1301 3941 1394 4013 qui
1425 3922 1682 4012 iniuriam
1717 3939 1948 4012 ejusque

376 4037 644 4100 sustinuit
673 4035 994 4104 nequitiam,

445 4127 530 4182 25.
561 4126 616 4180 Si
653 4128 776 4197 quis
801 4141 963 4191 super
986 4123 1320 4194 quibuslibet
1343 4123 1664 4178 criminibus
1689 4123 1944 4176 clericum

376 4219 705 4287 pulsandum
737 4215 1031 4272 crediderit
1054 4215 1108 4268 in
1139 4215 1440 4284 provincia,
1482 4214 1538 4268 in
1565 4230 1670 4284 qua
1708 4215 1797 4269 ille
1816 4229 1950 4268 con-

377 4313 523 4374 sistit
559 4311 652 4380 qui
699 4311 970 4379 pulsatur,
1005 4324 1134 4364 suas
1179 4313 1430 4362 exerceat
1467 4307 1804 4364 exactiones.
1836 4306 1947 4361 Nec

2030 1842 2250 1897 decreto
2310 1840 2609 1908 suscipere,
2662 1853 2767 1892 non
2796 1839 2870 1890 ita
2921 1839 3228 1892 invenimus
3271 1838 3414 1890 sicut
3456 1836 3622 1889 calu-

2030 1934 2220 1988 mniati
2253 1934 2406 1988 estis.
2437 1931 2540 1987 Sed
2563 1931 2926 2000 quorumdam
2959 1930 3337 2000 episcoporum
3368 1929 3625 1982 concilio

2032 2035 2196 2098 atque
2220 2025 2442 2080 decreto
2459 2025 2665 2094 recepit
2686 2039 2865 2086 suum,
2885 2023 3030 2092 quod
3050 2021 3252 2090 injuste
3274 2019 3622 2092 perdiderat,

2033 2118 2422 2182 sacerdotium,
2449 2131 2514 2171 ac
2546 2116 2750 2170 resedit
2780 2116 2834 2169 in
2866 2115 3014 2170 sede.
3045 2113 3201 2178 Quod
3233 2129 3358 2166 cum
3387 2113 3626 2183 scripsi-

2033 2208 2154 2271 8tis,
2179 2222 2285 2261 non
2319 2222 2481 2276 posse
2505 2221 2631 2260 eum
2651 2221 2681 2258 a
2699 2205 2957 2274 pauciore
2979 2217 3207 2257 numero
3225 2203 3622 2272 episcoporum

2034 2298 2270 2363 restitui,
2327 2313 2489 2368 quam
2527 2297 2812 2368 depositus
2860 2295 3057 2357 fuerat,
3101 2311 3210 2348 non
3263 2296 3336 2348 ita
3367 2301 3472 2348 est.
3504 2292 3624 2347 Nec

2035 2391 2150 2445 haec
2187 2391 2374 2460 regula
2409 2388 2843 2442 orthodoxorum
2873 2394 3078 2442 sanctae
3099 2384 3358 2440 Ecclesiae
3389 2393 3475 2439 est
3497 2386 3626 2453 cpia

2035 2494 2351 2548 scoporum,
2381 2478 2477 2534 sed
2522 2479 2870 2539 Arianorum,
2915 2478 3192 2532 sociorum
3241 2476 3497 2531 videlicet
3524 2490 3626 2529 ve-

2037 2579 2278 2626 strorum
2321 2571 2435 2624 haec
2464 2569 2798 2632 adinventio,
2839 2569 2904 2623 ad
2941 2569 3308 2638 perditionem
3353 2565 3624 2620 orthodo-

2041 2677 2231 2717 xorutn
2279 2663 2659 2732 episcoporum
2699 2667 2951 2714 contexta
2987 2666 3091 2714 est.
3125 2656 3282 2723 Nam,
3307 2665 3368 2709 ιιι
3407 2656 3621 2709 vobisa

2037 2754 2323 2808 veracibus
2366 2759 2450 2807 est
2481 2751 2715 2806 testibus
2760 2751 3013 2815 relatum,
3056 2747 3281 2818 quando
3313 2745 3624 2800 Antiochia:

2041 2863 2137 2916 pro
2165 2845 2516 2901 damnatione
2562 2845 2684 2899 tidei
2715 2843 2782 2898 de
2807 2841 3379 2898 consubstantialitate
3404 2840 3623 2910 prolata

2041 2938 2225 2994 fuistis
2248 2937 2586 3008 congregati,
2618 2938 2746 2991 odio
2774 2935 3020 3006 praedicti
3049 2933 3333 2987 Athanasii
3359 2933 3501 2985 hanc
3531 2945 3625 2984 re-

1965 3058 2006 3116 c
2041 3032 2222 3100 gulam
2255 3029 2582 3100 protulistis,
2614 3043 2736 3098 qua:
2779 3027 2958 3082 nullas
2987 3026 3149 3079 habet
3177 3025 3342 3088 vires,
3379 3038 3480 3078 nec
3515 3022 3617 3074 ha-

2042 3121 2169 3178 bere
2202 3121 2421 3191 poterit.
2457 3119 2726 3189 Quoniam
2756 3134 2858 3174 nec
2887 3119 2956 3170 ab
2989 3117 3312 3172 ortbodoxis
3345 3115 3624 3184 episcopis

2039 3212 2145 3266 hoc
2181 3211 2474 3265 concilium
2497 3217 2678 3262 actum
2701 3215 2805 3274 est,
2835 3223 2939 3261 nec
2965 3204 3224 3262 Romamn
3253 3203 3516 3258 Ecclesia:
3540 3203 3622 3256 Ie-

2040 3302 2188 3374 gatio
2221 3301 2485 3362 interfuit,
2518 3299 2836 3355 Canonibus
2863 3295 3328 3367 praecipientibus,
3359 3295 3481 3348 sine
3500 3293 3626 3361 ejus

2041 3392 2368 3450 auctoritate
2392 3389 2624 3444 concilia
2665 3387 2781 3444 ﬁeri
2807 3403 2916 3442 non
2946 3388 3171 3450 debere,
3201 3401 3302 3440 nec
3335 3385 3509 3438 ullum
3534 3399 3626 3436 ra-

2043 3495 2160 3540 tum
2190 3495 2270 3540 est
2295 3491 2389 3538 aut
2419 3485 2524 3538 erit
2569 3497 2813 3552 unquam
2843 3481 3163 3546 concilium,
3199 3479 3344 3550 quod
3380 3494 3492 3534 non
3522 3476 3628 3533 fulv»

2044 3589 2158 3634 tum
2192 3577 2358 3632 fuerit
2394 3575 2513 3646 ejus
2543 3575 2889 3630 auctoritate.

2115 3672 2204 3728 ιο.
2241 3670 2411 3741 Igitur
2434 3673 2505 3727 de
2532 3670 2678 3742 fuga,
2713 3684 2881 3740 super
2908 3682 3017 3737 qua
3043 3666 3403 3722 Athanasium
3437 3678 3624 3734 repre»

2044 3764 2306 3826 benditis,
2340 3779 2450 3818 non
2481 3772 2630 3818 recte
2660 3762 2842 3833 agitis,
2872 3775 2995 3814 cum
3035 3758 3153 3828 ipse
3182 3755 3450 3810 Dominus
3478 3770 3628 3808 man.-

2045 3855 2232 3914 datum
2263 3856 2368 3909 hoc
2391 3854 2548 3909 nobis
2580 3853 2793 3908 dederit
2826 3873 2838 3908 :
2868 3851 3001 3906 Cum
3030 3851 3288 3919 persecuti
3315 3865 3403 3902 vos
3431 3847 3624 3916 fuerint

2046 3949 2100 4005 in
2128 3965 2234 4001 una
2262 3948 2494 4010 civitate,
2527 3945 2694 4017 fugite
2722 3947 2776 4000 in
2806 3945 2973 3998 aliam
2992 3944 3083 3997 °°'.
3107 3941 3174 3997 Et
3211 3941 3332 4011 ipse
3363 3939 3624 3993 Dominus

2046 4055 2143 4110 per
2165 4040 2516 4107 semetipsum
2539 4037 2846 4106 exemplum
2871 4035 3028 4089 nobis
3050 4031 3469 4088 demonstravit.
3494 4027 3627 4082 Pha-

2047 4127 2191 4181 risaei
2221 4126 2512 4180 concilium
2541 4124 2789 4179 fecerunt
2820 4121 3082 4177 adversus
3118 4136 3266 4184 eum,
3295 4126 3354 4173 ut
3385 4133 3507 4173 eum
3529 4132 3622 4171 oc-

2049 4220 2296 4274 ciderent
2331 4241 2342 4273 :
2372 4217 2554 4273 Sciens
2597 4228 2770 4271 autem
2808 4215 2986 4280 Iesus,
3027 4216 3272 4268 discessit
3310 4212 3434 4267 inde
3456 4214 3518 4268 ⁹¹.
3556 4211 3624 4274 Et

2051 4311 2179 4365 alibi
2214 4330 2225 4363 :
2259 4310 2514 4363 Tulerunt
2544 4308 2741 4376 lapides
2772 4305 2972 4371 Judazi,
3011 4315 3066 4358 ut
3102 4306 3370 4358 mitterent
3403 4305 3459 4356 in
3487 4319 3620 4357 eum.

376 4404 651 4459 existimet
693 4402 787 4470 qui
832 4400 1084 4456 eumdem
1129 4407 1375 4464 accusat,
1405 4399 1558 4463 alibi,
1607 4407 1701 4452 aut
1733 4399 1948 4469 longius
1981 4397 2024 4453 D
2051 4401 2208 4456 Jesus
2242 4411 2416 4455 autent
2451 4398 2726 4454 abscondit
2753 4415 2828 4459 se,
2855 4409 2904 4451 et
2932 4397 3091 4453 exivit
3114 4398 3177 4450 de
3207 4397 3398 4462 templo
3422 4396 3488 4449 ”.
3519 4394 3621 4448 Et:

377 4493 808 4564 protrahendum
842 4493 910 4546 ad
959 4492 1247 4561 judicium.
1280 4492 1362 4545 llli
1393 4506 1525 4545 vero
1566 4492 1659 4562 qui
1699 4491 1948 4560 pulsatus

379 4587 562 4652 fuerit,
612 4584 660 4648 si
685 4583 900 4655 judices
928 4591 1214 4657 suspectos
1259 4583 1531 4648 habuerit,
1563 4584 1726 4641 liceat
1763 4584 1948 4654 appqu

377 4681 512 4742 lare.

446 4771 539 4825 23.
565 4769 834 4825 Primates
877 4774 1195 4823 accusatum
1230 4766 1586 4822 discutientes
1607 4768 1947 4837 episcopum,

375 4881 489 4926 non
523 4871 649 4919 ante
675 4861 1004 4920 sententiam
1050 4858 1330 4928 proferant
1361 4859 1752 4925 damnationis,
1783 4875 1947 4929 quam

379 4957 682 5036 apostolica
728 4955 850 5011 freti
890 4954 1236 5015 auctoritate,
1274 4962 1367 5006 aut
1406 4967 1533 5006 reus
1567 4966 1664 5020 per
1688 4951 1949 5018 seipsum,

381 5056 474 5109 aut
501 5063 596 5118 per
618 5048 938 5103 innocentes
961 5052 1014 5099 et
1033 5043 1298 5102 canonice
1325 5042 1666 5100 examinatos
1692 5042 1954 5112 regulari-

379 5149 464 5199 ter
491 5146 662 5195 testes
699 5137 1080 5191 convincatur.

448 5231 538 5285 27.
575 5229 784 5284 lrritam
827 5243 952 5284 esse
999 5227 1257 5297 injustam
1303 5225 1683 5296 episcoporum
1726 5226 1954 5280 damna-

379 5323 608 5387 tionem,
633 5302 836 5376 idcirco
861 5335 889 5373 a
916 5319 1126 5391 synodo
1155 5316 1502 5373 retractando
1531 5319 1956 5383 retractandum,

383 5415 458 5469 ita
493 5423 552 5468 ut
579 5428 844 5484 oppresso
879 5414 946 5468 ab
973 5412 1232 5467 omnibus
1267 5411 1324 5465 in
1351 5411 1567 5467 cunctis
1606 5411 1958 5467 subveniatur

383 5521 585 5559 CDIISIS.

457 5624 500 5651 ⁸⁸³
541 5623 727 5675 Matth.
766 5641 858 5687 xx,
895 5625 982 5678 28.
1089 5626 1132 5656 ⁹⁰
1174 5624 1361 5679 Matth.
1400 5639 1568 5688 xxnt,
1604 5625 1684 5677 ll.

386 5693 428 5728 ⁸³
466 5690 594 5753 Luc.
635 5708 705 5757 tv,
740 5694 824 5752 50..
904 5696 947 5726 ⁵⁵³
985 5694 1028 5753 ll
1059 5695 1182 5751 Cor.
1221 5711 1307 5761 χι,
1343 5695 1431 5754 53.

1792 5624 1855 5657 ⁸⁸·
1899 5623 2090 5683 Matth.
2123 5642 2178 5693 x,
2210 5624 2298 5683 25.

2056 4494 2342 4554 Transieus
2367 4509 2458 4563 per
2474 4492 2699 4548 medium
2722 4508 2903 4546 eorum
2925 4490 3105 4555 abicit,
3129 4500 3176 4544 et
3204 4490 3280 4542 ita
3301 4488 3539 4542 discessit
3557 4488 3620 4542 ”.

2052 4586 2272 4644 Necnon
2291 4595 2344 4640 et
2373 4585 2628 4655 discipuli
2647 4591 2868 4654 propter
2895 4591 3095 4637 metum
3107 4578 3421 4638 Judaaorum
3455 4594 3626 4633 reces-

2057 4685 2266 4741 serunt,
2291 4677 2532 4731 celantes
2555 4675 2896 4745 semetipsos.
2925 4673 2990 4732 Et
3009 4673 3210 4726 Paulus
3226 4671 3283 4724 iu
3314 4669 3574 4724 Damasco
3593 4684 3623 4722 ι

2057 4769 2302 4838 principe
2334 4768 2596 4838 quazsitus
2627 4769 2822 4837 gentis,
2848 4767 2915 4822 de
2945 4781 3100 4820 muro
3125 4765 3178 4818 in
3206 4772 3393 4833 sporta
3425 4763 3625 4832 positus

2058 4869 2162 4925 est,
2203 4869 2258 4914 et
2285 4875 2481 4915 manus
2506 4859 2806 4928 quaerentis
2827 4857 3017 4926 effugit
3041 4857 3108 4908 “.
3144 4854 3211 4908 Et
3237 4855 3329 4907 alii
3346 4853 3624 4922 quamplu-

2060 4951 2182 5005 rimi
2217 4959 2270 5004 et
2306 4950 2729 5005 innumerabiles
2761 4949 2960 5014 sancti,
3000 4956 3109 5001 tam
3141 4947 3197 5000 in
3229 4945 3415 5000 Veteri
3451 4943 3625 4998 Testa-

2059 5049 2264 5106 mento,
2299 5057 2462 5110 quam
2493 5040 2545 5094 in
2574 5039 2746 5108 Novo,
2773 5038 2974 5108 fugisse
3009 5039 3289 5108 leguntur.
3321 5034 3379 5088 Si
3409 5050 3534 5103 ergo
3555 5032 3624 5088 fu-

2059 5147 2180 5203 gam
2244 5134 2626 5203 improperatis
2678 5131 3034 5202 fugientibus,
3092 5128 3406 5183 erubescite
3458 5127 3624 5195 potius

2060 5223 2337 5292 persequi,
2369 5229 2422 5276 et
2450 5223 2715 5292 quiescite
2743 5221 3013 5282 insidiari,
3046 5219 3444 5288 quiescentque
3464 5215 3624 5269 conti-

2060 5329 2170 5368 nuo
2205 5313 2495 5384 fugientes.
2519 5313 2654 5368 Nam
2680 5314 2795 5370 sive
2826 5313 3109 5383 perimatis
3135 5327 3252 5373 eos,
3279 5324 3430 5364 mors
3451 5317 3623 5362 contra

2062 5426 2160 5466 vos
2191 5425 2405 5480 semper
2428 5411 2699 5465 exclamat
2725 5428 2738 5463 :
2775 5408 2893 5462 sive
2923 5422 3117 5461 rursus
3147 5405 3342 5459 exsilia
3377 5415 3621 5472 superpo-

2063 5504 2228 5569 natis,
2259 5504 2460 5573 ubique
2483 5503 2538 5556 in
2568 5516 2664 5557 vos
2683 5501 2809 5555 mali
2827 5499 3143 5554 memoriam
3161 5495 3442 5551 destinare
3465 5493 3622 5547 nosci-

2408 5624 2448 5655 “
2490 5621 2678 5680 Matth.
2728 5634 2840 5690 ιιι,
2876 5618 2959 5675 15.
3072 5617 3116 5647 ⁸³³
3155 5613 3311 5672 Joan.
3351 5627 3484 5676 vnt,
3542 5607 3618 5666 59.
