3852 6206
196 323 328 380 I465

1142 335 1408 394 PONTIF.
1452 339 1618 397 ROM.
1663 343 1749 398 ET
1791 345 2159 404 ATUANASII
2198 349 2585 411 EPISTOLAS.

3308 364 3447 419 1466

193 451 402 549 manet
425 444 500 549 illi
528 448 780 549 patiendo
803 451 906 507 sibi
938 453 1250 524 proliciunt,
1270 461 1413 516 unde
1434 468 1487 516 et
1511 461 1773 521 Dominus
1802 476 1846 532 Α
1877 469 2037 538 plena
2072 471 2433 541 inquisitione
2471 476 2766 531 discutere.
2797 475 2908 532 Nec
2956 478 3024 534 de
3065 478 3174 535 illis
3205 496 3327 549 qua:
3362 482 3447 535 iu-

194 535 268 590 .iit
299 555 312 590 :
348 535 528 591 Nolite
557 541 738 595 timere
770 558 856 597 eos
893 545 985 613 qui
1017 548 1260 604 occidunt
1293 568 1501 619 corpus,
1531 556 1763 610 animam

191 635 365 680 autem
394 645 499 683 non
527 642 747 698 possunt
791 636 1064 701 occidere;
1095 639 1186 692 sed
1215 644 1389 708 potius
1428 660 1546 698 eum
1595 647 1766 700 timete

189 721 278 789 qui
303 731 471 788 potest
501 741 690 795 corpus
717 738 766 782 et
790 731 1025 785 animam
1055 733 1268 800 perdere
1293 737 1346 789 in
1379 737 1660 806 gehennam
1694 742 1789 794 °”.‘

189 813 388 870 Multos
420 817 566 871 enim
597 823 956 891 cognovimus
986 826 1238 893 pessimis
1269 827 1764 884 machinationibus

187 904 394 973 injuste
432 908 733 978 depositos.
785 912 911 969 Ideo
950 931 1294 985 summopere
1332 919 1486 983 mihi,
1529 921 1616 974 cui
1650 921 1784 988 ιίρθ,

186 999 560 1065 apostolorum
618 1004 882 1075 principis
941 1009 1272 1065 universalis
1321 1009 1580 1066 Ecclesia:
1631 1027 1762 1066 cura

183 1090 481 1146 commissa
511 1100 618 1157 est,
645 1096 1060 1164 providendum,
1083 1100 1379 1157 auxiliante
1401 1101 1520 1172 ipso
1550 1117 1764 1156 summo

186 1182 458 1249 apostolo,
489 1199 558 1239 ne
580 1184 840 1258 deinceps
867 1189 992 1243 talia
1014 1189 1162 1248 ﬁant.
1188 1193 1389 1264 Nempe
1411 1194 1537 1249 huic
1561 1204 1765 1253 sancta;

185 1270 303 1324 sedi
351 1270 574 1342 praafata
615 1277 896 1349 privilegia
949 1281 1072 1337 ideo
1106 1284 1419 1353 specialiter
1455 1295 1582 1341 sunt
1631 1303 1764 1342 con-
1827 1291 1834 1295 ’

184 1377 366 1428 cessa,
390 1365 458 1420 de
473 1372 872 1440 congregandis
901 1374 1172 1437 conciliis,
1194 1382 1302 1430 tam
1333 1376 1400 1432 de
1422 1378 1646 1448 judiciis
1699 1395 1764 1436 ac

183 1455 626 1514 restitutiouibus
647 1461 1051 1532 episcoporum.
1070 1482 1232 1536 quam
1247 1468 1313 1523 de
1329 1471 1558 1525 summis
1579 1470 1764 1527 Eccle-

184 1546 393 1600 siarum
422 1550 676 1619 negotiis,
707 1559 766 1606 ut
797 1554 866 1633 ab
893 1569 957 1610 ea
985 1570 1178 1613 omnes
1207 1561 1454 1629 Oppressi
1476 1562 1760 1626 auxilium,

182 1645 240 1692 ct
268 1637 468 1706 injuste
495 1641 736 1698 damnati
762 1646 1166 1703 restitutionem
1200 1660 1440 1716 sumant,
1463 1663 1516 1707 et
1546 1654 1673 1706 talia
1697 1655 1764 1708 ab

185 1730 473 1798 improbis,
534 1748 602 1788 ne
662 1746 1066 1803 praasumantur
1121 1741 1330 1810 absque
1381 1743 1610 1807 ultione,
1662 1760 1763 1799 nec

1872 575 2134 616 concessa
2168 572 2318 627 sunt,
2357 566 2468 620 ullo
2502 568 2664 622 modo
2687 568 2952 637 judicium
2988 586 3338 639 prazsumere,
3366 577 3452 627 in-

1871 655 2184 722 terrogandi
2208 671 2271 710 ac
2294 661 2629 728 proponendi
2651 661 3015 730 audiendique
3037 665 3294 733 patientia
3322 681 3452 735 pra:-

1871 746 1983 798 bita
2013 746 2175 818 607
2207 749 2276 802 ab
2316 764 2403 810 eo,
2437 759 2497 804 ut
2531 751 2600 805 ibi
2635 752 2783 805 actio
2829 754 3065 822 partium
3103 755 3332 809 liinitata
3377 757 3449 811 sit

1871 837 2125 904 pleniter.
2167 839 2279 894 Nec
2306 843 2459 911 prius
2499 844 2840 915 litigantibus
2886 842 3147 901 sua‘velit
3178 849 3446 902 sententia

1869 929 2114 995 obviare,
2148 948 2312 1001 quam
2345 934 2421 986 illi
2455 937 2691 1004 peractis
2716 938 2993 1001 omnibus,
3019 937 3130 1007 jam
3162 939 3300 992 nihil
3333 954 3448 991 ain-

1871 1023 2013 1090 plius
2049 1023 2341 1078 habuerint
2371 1025 2425 1079 in
2460 1027 2762 1095 quaestione
2790 1029 2938 1098 quod
2972 1038 3296 1098 proponant.
3338 1028 3450 1084 Nec

1870 1122 2085 1184 oportet
2113 1133 2441 1187 quemquam
2469 1121 2704 1188 judicari
2740 1130 2835 1176 aut
2866 1121 3113 1175 damnari
3156 1130 3447 1192 antequam

1871 1223 2002 1264 suos
2045 1218 2398 1266 accusatores
2439 1219 2740 1281 praesentes
2778 1212 2996 1276 habeat,
3031 1213 3319 1283 locumque
3353 1214 3449 1268 de-

1870 1300 2126 1356 fendendi
2167 1303 2404 1371 accipiat
2437 1303 2742 1372 spatiosum
2775 1303 2843 1358 ad
2891 1304 3164 1358 abluenda
3193 1305 3446 1358 crimina.

1937 1392 2027 1447 5‘2.
2071 1390 2260 1447 Simile
2301 1393 2354 1446 in
2380 1392 2492 1463 jam
2527 1393 2639 1448 fata
2683 1393 2894 1465 synodo
2939 1402 3202 1448 statutum
3240 1401 3348 1460 est,
3389 1403 3451 1450 ut

1872 1482 2017 1536 ultra
2061 1481 2359 1551 provincia:
2403 1482 2667 1538 terminos
2717 1483 3017 1538 accusandi
3071 1484 3288 1538 licentia
3337 1499 3448 1539 non

1871 1575 2274 1646 progrediatur,
2307 1575 2414 1631 nisi
2457 1576 2525 1630 ad
2556 1576 2701 1630 hanc
2753 1576 3108 1646 apostolicam
3147 1575 3312 1630 fuerit
3357 1591 3449 1630 se-

1869 1667 1994 1723 dem
2040 1679 2420 1738 provocatum.
2461 1668 2543 1723 Ad
2577 1684 2741 1739 quam
2783 1685 2974 1724 omnes
3014 1669 3107 1738 qui
3152 1668 3446 1732 voluerint,

1871 1761 2041 1817 libere
2082 1770 2136 1817 et
2178 1761 2384 1831 absque
2425 1762 2540 1816 ullo
2586 1760 2974 1831 impedimento
3027 1761 3083 1815 in
3119 1760 3448 1831 quibusdam

183 1833 547 1878 exerceantur
568 1824 777 1895 absque
801 1843 900 1881 sua
924 1829 1294 1888 damnatione.
1325 1831 1442 1887 Non
1467 1850 1596 1904 ergo
1619 1842 1766 1891 recte
1798 1837 1838 1892 Β
1869 1854 2093 1924 agendis
2123 1824 2400 1908 ροηίιιίυιιθ
2430 1853 2653 1908 debent,

183 1913 398 1984 egistis,
422 1916 568 1985 quod
606 1919 896 1987 praedictos
917 1919 1114 1977 fratres
1148 1925 1465 1979 calumniati
1494 1927 1649 1989 estis,
1680 1927 1764 1980 di-

183 2011 345 2060 cente
373 2004 605 2062 Domino
636 2028 648 2065 :
680 2008 803 2064 Non
833 2011 998 2080 facies
1029 2014 1355 2069 calumniam
1382 2018 1622 2085 proximo
1649 2027 1762 2082 tuo,

183 2114 278 2152 nec
309 2099 355 2152 vi
382 2101 639 2168 opprimes
661 2119 778 2155 eum
808 2105 874 2159 9‘.
900 2103 1017 2159 Non
1042 2114 1187 2162 recte
1215 2108 1403 2178 egistis
1427 2109 1574 2180 quod
1605 2111 1763 2165 nobis

183 2192 514 2250 inconsultis
545 2197 840 2251 concilium
874 2199 1216 2264 celebrastis,
1244 2217 1445 2272 eosque
1477 2203 1544 2256 ad
1575 2203 1759 2257 concio

184 2282 316 2336 lium
348 2285 609 2350 vocastis,
645 2293 700 2341 et
747 2287 1010 2344 damnare
1061 2292 1507 2362 prmsumpsistis,
1534 2292 1762 2347 canoni-

183 2370 308 2436 bus,
362 2381 422 2427 ut
463 2375 804 2443 praemissum
855 2384 960 2440 est,
1013 2378 1332 2447 jubentibus
1381 2382 1518 2436 nihil
1561 2397 1627 2436 ex
1679 2383 1761 2439 his

180 2465 390 2534 absque
424 2466 590 2536 hujus
623 2477 828 2522 sancta:
863 2469 1010 2525 sedis
1041 2473 1366 2528 auctoritate
1398 2473 1514 2528 ﬁeri
1541 2472 1758 2530 debere.

179 2554 301 2611 Non
329 2564 477 2612 recte
505 2559 718 2629 egistis,
749 2560 893 2630 quod
935 2563 1258 2633 regulariter
1286 2580 1316 2618 a
1346 2565 1504 2620 nobis
1534 2566 1600 2620 ad
1622 2582 1758 2622 con-

179 2645 368 2700 cilium
403 2650 578 2702 vocati
605 2650 920 2707 distulistis.
948 2651 1068 2707 Non
1102 2663 1248 2710 recte
1268 2656 1479 2726 egistis,
1515 2657 1661 2727 quod
1693 2658 1761 2715 de

181 2737 269 2794 his
302 2740 569 2794 rationem
603 2741 848 2809 reddere,
886 2751 946 2798 ut
974 2755 1153 2800 vestra
1185 2763 1313 2814 erga
1355 2763 1472 2814 eos,
1501 2757 1596 2803 aut
1630 2766 1761 2820 pro-

181 2831 403 2886 baretur
428 2841 572 2888 recta
593 2836 884 2901 sententia,
911 2845 1005 2892 aut
1027 2838 1447 2908 improbaretur,
1473 2857 1581 2895 non
1609 2843 1761 2896 veni-

181 2925 303 2979 stis.
323 2923 432 2979 Nec
449 2927 767 2982 rationalem
789 2930 1090 2985 mandastis
1108 2946 1328 2987 causam
1353 2942 1575 3003 propter
1596 2951 1758 3005 quam

185 3016 300 3072 hinc
333 3017 613 3072 renuistis.
661 3018 756 3076 His
787 3035 918 3091 ergo
946 3022 1201 3078 omnibus
1243 3026 1548 3095 perpensis,
1582 3029 1761 3083 mani-

180 3106 382 3164 festum
407 3116 492 3163 est
520 3123 616 3164 vos
640 3125 763 3166 reos
786 3113 1071 3178 exsistere,
1100 3121 1154 3168 et
1177 3115 1299 3170 illos
1329 3117 1648 3174 innocentes
1677 3134 1750 3175 re-

181 3213 425 3262 manere,
445 3207 499 3254 et
527 3214 622 3254 vos
642 3209 789 3256 recte
813 3205 1338 3270 excommunicatos,
1367 3208 1597 3278 illosque
1617 3209 1764 3279 juste
1792 3202 1832 3257 C

180 3290 425 3347 liberari.
461 3290 645 3346 Noluit
675 3308 912 3362 namque
943 3293 1207 3352 Dominus
1252 3305 1363 3352 tam
1404 3300 1597 3368 leviter
1630 3317 1760 3358 suos

182 3384 402 3438 tractari
452 3385 754 3448 ministros,
800 3387 943 3441 sicut
999 3385 1201 3452 facitis,
1247 3396 1342 3444 aut
1389 3405 1420 3444 a
1457 3392 1611 3448 vobis
1665 3393 1762 3448 da-

182 3475 360 3528 mnari
384 3495 397 3530 :
417 3476 533 3540 sed,
554 3477 696 3532 sicut
713 3487 1070 3533 memoratum
1085 3486 1189 3545 est,
1206 3482 1392 3551 abjhac
1405 3493 1593 3538 sancta
1609 3484 1758 3550 sede,

180 3567 271 3621 cui
313 3569 595 3624 commissi
639 3578 790 3633 sunt,
829 3577 922 3624 aut
955 3586 1057 3626 suo
1091 3573 1362 3628 reservari
1410 3574 1638 3644 judicio.
1673 3577 1762 3630 Ait

179 3660 330 3719 enim
364 3678 378 3714 :
414 3660 518 3725 Qui
546 3679 634 3716 vos
663 3663 1017 3728 contristabit,
1051 3681 1132 3720 me
1181 3667 1514 3721 contristabit
1549 3668 1614 3719 ⁸⁷.
1655 3667 1760 3734 Qui

178 3751 366 3822 fecerit
412 3753 553 3806 vobis
599 3753 874 3824 injuriam,
917 3757 1128 3826 recipiet
1161 3757 1214 3811 id
1255 3759 1394 3831 quod
1435 3760 1610 3828 inique
1647 3776 1761 3830 ges-

181 3844 253 3897 sit
287 3846 353 3898 9”.
386 3843 452 3898 Et
497 3857 702 3916 quanta
740 3861 903 3918 paena
952 3857 1231 3918 exspectet
1276 3865 1370 3905 eos
1408 3851 1502 3919 qui
1547 3849 1759 3905 Domini

179 3936 561 3993 seandalizant
591 3940 912 4010 discipulos,
948 3941 1293 4013 Evangelium
1325 3943 1654 4002 sufﬁcienter
1673 3961 1762 4000 ex-

181 4031 356 4103 ponit,
391 4032 482 4086 ubi
513 4031 582 4087 de
629 4035 1128 4093 scandalizantibus
1161 4037 1462 4109 discipulos
1494 4039 1754 4109 loquitur.

177 4122 318 4178 Nam
349 4125 495 4194 quod
524 4141 554 4178 a
585 4125 738 4181 vobis
781 4143 886 4181 non
916 4129 1026 4184 sint
1065 4130 1386 4196 damnandi,
1429 4133 1523 4188 sed
1561 4141 1656 4188 aut
1689 4135 1760 4191 ab

181 4218 284 4272 hac
320 4230 532 4282 sancta,
555 4225 615 4273 ut
653 4220 940 4291 praefatum
980 4230 1085 4288 est,
1125 4223 1273 4290 sede,
1305 4232 1400 4279 aut
1430 4227 1533 4280 sibi
1582 4243 1759 4284 reser-

178 4309 370 4376 vandi,
412 4311 527 4381 ipse
561 4312 850 4369 manifeste
881 4313 975 4368 dat
1008 4317 1337 4386 exemplum,
1374 4320 1594 4388 quando
1633 4337 1758 4390 pec-

177 4413 369 4457 cantes
407 4404 744 4469 sacerdotes,
778 4421 1009 4475 quorum
1051 4409 1230 4463 locum
1278 4411 1440 4465 modo
1474 4412 1530 4465 in
1565 4420 1754 4468 sancta

177 4491 424 4552 Ecclesia
453 4494 694 4564 episc0pi
738 4504 944 4561 tenent,
975 4513 1085 4551 non
1113 4514 1207 4568 per
1229 4499 1418 4566 alium,
1449 4501 1538 4555 sed
1562 4519 1654 4572 per
1675 4520 1756 4558 se-

175 4587 458 4654 metipsum
483 4587 756 4641 uendentes
799 4598 848 4643 et
889 4599 1114 4648 ementes
1143 4593 1295 4661 ejecit
1345 4595 1409 4647 de
1454 4597 1663 4664 templo,
1705 4608 1756 4650 et

173 4693 388 4733 mensas
420 4679 901 4738 nummulariorum
922 4685 1090 4752 primo
1115 4687 1293 4740 euertit
1315 4687 1552 4758 ﬂagello,
1580 4699 1629 4742 et
1654 4689 1759 4759 eje-

172 4769 245 4824 cit
267 4767 333 4822 de
359 4769 550 4838 templo
580 4772 646 4826 θ’.
683 4771 746 4826 Ει
779 4772 896 4842 ipse
927 4776 1055 4830 alibi
1090 4777 1168 4830 ait
1195 4799 1206 4831 :
1239 4778 1499 4833 Dominus
1531 4783 1671 4835 stetit
1704 4784 1758 4836 in

174 4858 460 4932 Synagoga
487 4863 727 4927 deorum,
757 4865 812 4918 in
840 4866 1010 4924 medio
1053 4878 1227 4923 autem
1267 4871 1391 4925 deos
1431 4872 1682 4929 discernit
1717 4877 1753 4928 '.

171 4951 238 5006 Et
279 4953 491 5023 reliqua
523 4955 674 5020 talia,
716 4955 915 5027 hisque
947 4959 1169 5013 similia.
1205 4961 1268 5014 Et
1298 4963 1425 5016 alibi
1461 4963 1601 5019 idem
1642 4964 1758 5033 ipse

171 5047 286 5100 ait:
325 5045 510 5101 Nolite
528 5048 797 5118 judicare,
832 5061 891 5105 ut
927 5069 1030 5106 non
1045 5053 1382 5122 judicemini.
1421 5055 1602 5111 Nolite
1628 5073 1756 5111 con-

170 5138 443 5204 demnare,
475 5150 532 5192 ut
566 5157 669 5194 non
702 5142 1141 5202 condemnemini.
1177 5145 1243 5200 In
1273 5164 1374 5216 quo
1397 5150 1534 5202 enim
1549 5148 1757 5220 judicio

161 5230 555 5301 judicaveritis,
577 5233 954 5302 judicabimini
988 5239 1028 5292 ’.

239 5324 331 5379 51.
357 5323 704 5396 Quapropter
738 5343 848 5382 non
895 5337 1010 5384 tam
1055 5339 1278 5396 temere,
1319 5340 1379 5387 ut
1413 5350 1508 5390 vos
1552 5334 1754 5402 facitis,

165 5418 461 5488 quisquam
491 5433 646 5473 suam
675 5430 968 5490 praesumat
997 5425 1630 5497 evomereiniquitatem,
1658 5429 1749 5485 sed

158 5507 502 5580 iudicantem
525 5521 738 5584 oportet
765 5521 963 5570 cuncta
995 5516 1272 5584 rimari,ct
1298 5521 1545 5576 ordinem
1572 5539 1744 5582 reruni

237 5667 284 5699 ”
327 5665 744 5751 Matth._x_._28.
821 5673 868 5703 ³⁸
909 5671 1240 5751 Le_vit._xut,
1280 5677 1365 5732 15.
1443 5681 1485 5712 9⁷
1520 5677 1651 5736 Luc.
1693 5697 1758 5748 Χ,

1870 5723 1880 5734 .
1961 5683 2005 5716 ⁹⁸
2044 5684 2257 5743 Coloss.
2298 5702 2394 5751 ni,
2428 5687 2520 5744 23.

167 5751 368 5800 Lxm.
409 5739 456 5792 l.
536 5743 555 5771 ²
596 5739 782 5801 Matth.
822 5759 930 5804 vn.
974 5744 1034 5808 l,
1073 5746 1124 5804 2.

1939 1945 2029 2000 55.
2074 1943 2416 2026 δίιηίιὶιειὶη
2443 1943 2663 2012 praeﬁxa
2698 1943 2908 2014 synodo
2942 1949 3027 1998 est
3049 1941 3350 2006 decretum,
3381 1955 3451 1996 ne

1869 2039 2134 2109 suspecti,
2163 2037 2418 2102 infames,
2452 2039 2536 2092 vel
2580 2039 2888 2101 eriminosi,
2939 2046 3034 2090 aut
3073 2037 3319 2106 gratiosi,
3355 2043 3450 2090 aut

1866 2131 2320 2197 calumniatores,
2355 2131 2439 2186 vel
2473 2131 2684 2195 amnes,
2715 2138 2810 2184 aut
2854 2130 3128 2194 scelerati,
3166 2138 3260 2183 aut
3290 2128 3450 2184 l'atile

1868 2224 2146 2294 litigantes
2201 2221 2576 2292 suscipiantur
2605 2229 2979 2286 accusatores,
3036 2220 3133 2275 sed
3178 2220 3317 2274 tales
3354 2219 3448 2288 qui

1869 2313 2020 2368 omni
2061 2324 2288 2367 careant
2317 2312 2654 2382 suspicione.
2691 2311 2830 2383 Quia
2859 2311 3144 2365 columnas
3177 2325 3306 2364 suas
3341 2307 3450 2362 Do-

1869 2407 2052 2461 minus
2094 2406 2323 2461 tirmiter
2371 2411 2520 2460 stare
2564 2405 2758 2467 voluit,
2808 2418 2910 2457 nec
2955 2417 2984 2455 a
3029 2403 3452 2471 quibuscunque

1868 2498 2087 2570 agitari.

1937 2591 2025 2645 '54.
2069 2590 2336 2645 Similiter
2387 2587 2497 2642 fata
2541 2588 2733 2644 statuit
2785 2590 3064 2658 synodus,
3127 2595 3186 2639 ut
3235 2586 3446 2639 nullum

1869 2682 2144 2738 sententia
2180 2697 2287 2736 non
2319 2696 2349 2733 a
2379 2696 2480 2735 suo
2507 2680 2694 2748 judice
2720 2678 2866 2733 dicta
2897 2677 3257 2748 constringat.
3293 2675 3449 2732 Judi-

1866 2790 1960 2832 ces
1991 2784 2172 2830 autem
2207 2775 2297 2827 alii
2326 2789 2450 2829 esse
2490 2788 2598 2826 non
2633 2773 2856 2833 debent,
2888 2771 2993 2824 nisi
3021 2784 3163 2840 quos
3206 2769 3319 2838 ipse
3353 2767 3448 2838 qui

1867 2871 2150 2942 impetitur
2179 2871 2424 2941 elegerit,
2451 2877 2545 2923 aut
2573 2884 2712 2940 quos
2739 2883 2839 2923 suo
2866 2881 2991 2921 cum
3023 2881 3294 2922 consensu
3332 2864 3449 2918 bare

1866 2973 2058 3020 sancta
2097 2962 2279 3026 sedes,
2318 2971 2411 3015 aut
2441 2962 2562 3030 ejus
2600 2961 2888 3032 primates,
2918 2957 3246 3012 auctoritate
3279 2955 3447 3024 hujus

1867 3067 2070 3112 sanctae
2111 3055 2260 3111 sedis
2299 3055 2689 3124 delegaverint.
2738 3053 2794 3106 ln
2837 3053 2924 3108 his
2968 3062 3150 3105 autem
3197 3055 3252 3104 et
3298 3048 3444 3112 aliis,

1866 3164 1988 3219 qua:
2023 3158 2130 3202 tam
2169 3154 2222 3202 in
2262 3148 2366 3200 hac
2394 3154 2583 3202 sancta
2616 3148 2766 3209 sede,
2800 3160 2962 3214 quam
3000 3151 3053 3196 et
3083 3142 3152 3195 ab
3183 3140 3446 3210 apostolis

1864 3257 2166 3311 eorumque
2198 3239 2616 3296 successoribus
2645 3244 2776 3293 sunt
2821 3243 3047 3294 statuta.
3086 3231 3222 3286 nihil
3249 3229 3446 3302 praefa~

1865 3335 1936 3388 tis
1965 3333 2243 3404 episcopis
2288 3331 2669 3396 concessistis,
2703 3329 2797 3385 sed
2834 3329 2944 3382 vim
2995 3327 3076 3380 eis
3121 3323 3441 3387 inferentes,

1864 3427 2196 3497 injusteque,
2251 3433 2310 3480 ut
2354 3425 2609 3495 superius
2659 3426 3147 3478 commemoratum
3197 3425 3303 3481 est,
3347 3431 3444 3470 eos

1863 3521 2211 3584 damnantes,
2250 3520 2465 3589 aliquos
2505 3519 2761 3571 absentes
2791 3514 3101 3584 expulistis,
3129 3509 3273 3579 quod
3293 3509 3442 3566 omni

1861 3608 2188 3664 Christianae
2222 3608 2472 3677 religioni
2517 3616 2601 3662 est
2653 3605 2960 3659 inimicum.
3004 3602 3062 3656 In
3093 3600 3295 3670 quibus
3347 3613 3446 3667 ap-

1863 3709 2015 3771 paret
2059 3702 2208 3771 quod
2250 3716 2351 3755 nec
2393 3700 2622 3755 Domino
2679 3713 2779 3754 sua
2831 3695 3096 3754 servastis
3140 3693 3289 3762 jura,
3339 3707 3442 3746 nec

1865 3791 1991 3845 huic
2034 3798 2240 3845 sancta:
2267 3789 2429 3843 matri
2467 3798 2521 3844 et
2544 3788 2860 3858 apostolica
2893 3787 3177 3852 Ecclesiae,
3207 3803 3347 3858 quae,
3383 3794 3442 3838 ut

1861 3882 2242 3952 praescriptum
2283 3890 2388 3944 est,
2432 3897 2533 3937 suo
2559 3879 2786 3950 judicio,
2819 3888 2913 3934 aut
2945 3880 3074 3934 huic
3117 3880 3235 3936 sedi
3267 3879 3441 3933 voluit

1861 3974 2155 4038 reservari,
2193 3988 2264 4028 ne
2291 3988 2323 4026 a
2363 3980 2472 4026 tam
2511 3973 2715 4042 pravis,
2749 3972 2892 4027 sicut
2931 3971 3088 4033 estis,
3126 3969 3441 4026 hominibus

1860 4062 2252 4120 damnarentur
2297 4073 2392 4119 aut
2435 4063 2787 4134 ejicerentur.
2823 4064 2880 4117 In
2931 4064 3016 4117 his
3061 4063 3315 4116 omnibus
3343 4078 3441 4116 vos

1859 4159 2056 4213 stultos
2102 4167 2157 4213 et
2194 4159 2644 4228 praevaricatores
2689 4154 3109 4224 Evangeliorum
3156 4162 3212 4208 et
3271 4169 3438 4208 cano-

1859 4268 1988 4307 num
2021 4266 2164 4314 esse,
2214 4251 2348 4305 nulli
2383 4266 2516 4306 sane
2550 4249 2855 4318 sapientum
2906 4257 2989 4301 est
3031 4247 3436 4304 absconditum.

1927 4343 2017 4398 55.
2059 4341 2170 4397 Nec
2210 4342 2296 4396 his
2341 4341 2582 4395 contenti
2625 4340 2761 4396 estis
2791 4339 2846 4392 in
2877 4345 3058 4393 vestra
3102 4338 3432 4408 praevarica.

1858 4437 2029 4500 tione,
2061 4437 2156 4490 sed
2183 4435 2347 4489 etiam
2382 4438 2534 4501 prius
2566 4433 2826 4503 expulsos
2867 4448 2962 4487 eos
2997 4438 3050 4487 et
3090 4431 3205 4486 SlliS
3235 4445 3432 4499 exspo-

1788 4547 1831 4600 ο
1863 4526 2022 4580 liatos
2059 4526 2224 4579 rebus
2260 4524 2498 4579 vocastis
2529 4531 2692 4592 atque
2721 4523 3048 4585 damnastis,
3078 4537 3201 4575 cum
3247 4521 3435 4576 nullus

1857 4618 2184 4688 regulariter
2211 4617 2558 4673 damnandus
2575 4617 2668 4680 sit,
2703 4617 2812 4672 nisi
2841 4616 3006 4670 fuerit
3038 4617 3350 4672 restitutus.
3383 4623 3437 4672 et

1855 4723 1954 4763 sua
1995 4709 2177 4762 omnia
2232 4708 2283 4764 ei
2335 4707 2545 4778 legibus
2599 4708 2712 4763 sint
2757 4707 3111 4776 integerrime
3158 4706 3431 4762 restituta.

1853 4797 1949 4853 Est
1995 4813 2233 4867 namque
2266 4798 2322 4852 in
2361 4814 2505 4869 saepe
2541 4798 2648 4868 jam
2699 4799 2847 4853 dicta
2895 4807 3082 4853 sancta
3113 4797 3322 4868 synodo
3365 4798 3436 4851 ab

1851 4889 2106 4944 omnibus
2148 4890 2484 4946 unanimiter
2511 4893 2817 4955 decretum,
2854 4899 2910 4944 et
2938 4895 3266 4943 auctoritate
3305 4901 3434 4956 apo.

1853 4981 2047 5034 stolica
2107 4981 2446 5044 roboratum,
2499 4992 2560 5037 ut
2606 4984 2652 5038 si
2699 4986 2822 5052 quis
2875 4984 3258 5052 episcoporum
3316 4981 3432 5035 suis

1853 5069 2019 5124 fuerit
2056 5072 2220 5126 rebus
2256 5073 2618 5142 eXSpoliatus,
2667 5080 2718 5126 et
2751 5073 2805 5126 in
2856 5074 3210 5128 accnsatione
3240 5073 3432 5143 pulsa-

1853 5160 2355 5223 tus,_ordinalione
2409 5164 2725 5232 pontiﬁcum
2775 5173 2991 5232 oportet
3029 5174 3082 5218 et
3108 5162 3264 5218 decet
3311 5178 3436 5219 san.

1852 5258 2000 5306 ctum
2053 5254 2392 5323 propositum
2430 5258 2603 5326 prima
2652 5256 2832 5311 fronte
2867 5266 3112 5324 certare;
3154 5265 3212 5310 ut
3249 5257 3432 5315 omnia.

1853 5359 1974 5413 quae
2000 5359 2098 5414 per
2139 5347 2521 5417 suggestiones
2565 5347 2916 5402 inimicorum
2963 5364 3188 5403 suorum
3233 5350 3435 5402 amiseo

1852 5445 1957 5500 rat,
2014 5437 2262 5508 legaliter
2305 5440 2482 5509 primo
2527 5441 2781 5509 potestati
2827 5441 2950 5511 ejus
2997 5441 3067 5495 ab
3124 5441 3432 5497 bonorabiii

1851 5527 2089 5582 concilio
2117 5528 2583 5601 redintegrentur,
2616 5539 2669 5612 et
2703 5533 2901 5602 praesul
2927 5533 3254 5604 regulariter
3281 5535 3432 5603 prius

2598 5687 2849 5745 99Matth.
2888 5689 3112 5757 “512.
3225 5693 3236 5723 '
3281 5691 3425 5750 Psal.
