3852 6206
433 344 572 403 1467

1531 337 1598 393 S.
1636 331 2104 390 ATHANASIUS.
2144 361 2213 373 —-
2254 330 2527 386 SPURIA.

3557 327 3677 381 HCS

433 463 602 519 statui
634 461 870 532 pristino
919 458 1203 522 reddatur,
1233 467 1288 513 et
1329 459 1446 528 ipse
1476 455 1747 526 depositis
1787 454 2008 510 ordina«
2036 461 2084 516 Α
2112 458 2226 506 stra
2252 451 2502 504 consulta
2537 448 2990 512 rescriberemns,
3023 446 3077 498 in
3108 453 3321 498 tantum
3353 451 3414 497 ut
3453 444 3501 499 si
3529 445 3675 498 etiam

433 561 611 625 ti-Jque
638 554 803 608 rebus
834 552 972 614 suis,
1009 559 1142 603 tunc
1187 550 1254 604 ad
1298 557 1515 618 tempus
1544 547 1727 602 veniat
1765 546 1834 599 ad
1872 559 2008 598 cau-

430 660 570 702 sam.
615 643 680 697 Et
717 645 763 698 si
795 649 868 697 ita
901 643 1048 712 juste
1075 641 1309 703 videiur,
1345 639 1726 694 accusantium
1757 634 2009 706 proposi-

430 737 671 790 tionibus
711 735 1058 802 respondeat.
1103 732 1282 798 Quare
1325 747 1456 801 ergo
1503 728 1841 798 transgressi
1871 726 2008 781 estis

431 829 694 881 terminos
744 826 992 889 Patrum,
1062 825 1372 894 judicantes
1431 829 1485 876 et
1532 821 1854 876 damnantes
1911 832 2007 872 eos

429 933 572 988 quos
643 934 752 972 non
806 916 1116 972 debuistis?
1167 914 1345 978 Quare
1389 911 1679 981 judicastis
1725 925 1821 965 eos
1870 923 2006 979 quos

427 1021 536 1060 non
556 1006 874 1076 regulariter
896 1004 1262 1074 approbastis,
1278 1002 1423 1072 quod
1447 1002 1501 1056 in
1529 1000 1840 1071 Regnorum
1866 1000 2007 1054 libro

427 1099 691 1168 scriptum
721 1109 803 1152 est
829 1117 841 1151 :
875 1095 996 1149 Non
1019 1095 1280 1167 quomodo
1303 1094 1441 1149 videt
1469 1100 1644 1159 homo,
1683 1093 1818 1146 videt
1842 1091 2004 1156 Deus,

423 1191 550 1259 quia
569 1191 722 1242 homo
746 1189 880 1242 videt
908 1191 961 1242 in
983 1189 1140 1258 facie,
1169 1187 1310 1242 Deus
1334 1195 1509 1240 autem
1542 1187 1595 1239 in
1625 1184 1780 1240 corde
1810 1183 1947 1238 videt
1963 1184 2002 1238 ³.

425 1280 491 1334 Et
519 1282 575 1334 in
619 1281 1053 1348 Paralipomenis
1077 1299 1090 1334 :
1119 1279 1313 1334 Omnia
1341 1275 1506 1332 corda
1539 1285 1810 1330 scrutatur
1839 1276 2002 1339 Deus,

421 1381 472 1426 et
527 1388 730 1426 onmem
777 1373 1149 1441 cogitationem
1196 1369 1401 1424 novit".
1457 1369 1524 1422 Et
1566 1369 1694 1423 alibi
1737 1370 2002 1438 scriptum

422 1474 506 1519 est
538 1483 550 1517 :
581 1461 703 1516 Non
725 1473 896 1532 potest
928 1465 1157 1516 humano
1193 1461 1533 1517 condemnari
1564 1463 1826 1523 examine,
1853 1477 2004 1530 quem

422 1554 563 1608 Deus
593 1570 688 1608 suo
723 1563 953 1608 reservat
967 1553 1172 1622 judicio
1190 1553 1233 1604 ⁵.
1271 1551 1398 1606 Haec
1428 1551 1612 1606 omnia
1644 1566 1995 1621 summopere

419 1646 778 1716 praecavenda
803 1653 954 1710 sunt,
982 1659 1082 1700 nec
1114 1643 1394 1698 accusatio
1425 1643 1810 1712 episcoporum
1845 1641 2005 1698 facile

419 1745 504 1793 e~t
535 1737 869 1807 recipienda,
902 1737 1118 1792 dicente
1150 1735 1377 1790 Domino
1404 1753 1417 1788 :
1447 1733 1571 1788 Non
1615 1735 1874 1803 suscipias
1913 1751 2003 1788 uo-

2109 542 2406 613 quidquam
2459 555 2625 611 grave
2697 538 3215 607 intolerandumque
3260 537 3675 594 commisissent,

2110 641 2297 688 nostra
2320 632 2690 703 exspectanda
2721 644 2956 685 censura
2974 669 2988 692 ,
3008 638 3063 683 et
3089 630 3221 683 nihil
3250 630 3403 700 prius
3428 637 3523 681 aut
3543 629 3676 682 aliud

2109 729 2428 795 decernere,
2459 743 2623 799 quam
2653 729 2798 798 quod
2827 728 2988 782 nobis
3021 727 3238 796 placere
3263 727 3676 798 cognovissetis,

2109 818 2182 874 ita
2221 827 2280 873 ut
2325 835 2354 872 a
2399 819 2600 887 regulis
2629 818 2947 887 praestitutis
3005 817 3154 870 nulla
3197 825 3291 870 aut
3356 818 3675 888 negligentia

2110 921 2204 966 aut
2257 911 2683 982 praesumptione
2735 910 3082 964 recederetis.
3127 909 3321 965 Cesset
3371 910 3675 979 bujusmodi

2111 1017 2299 1073 pressa
2331 1003 2660 1057 auctoritate
2696 1002 3070 1071 praesumptio,
3101 1003 3342 1056 vitentur
3372 1002 3676 1071 hujusmodi

2111 1099 2460 1158 nocumenta,
2506 1093 2638 1162 quia
2677 1107 3020 1161 nequaquam
3072 1092 3199 1145 talia
3247 1092 3516 1162 patienter
3546 1093 3679 1148 ferre

2109 1199 2404 1254 possumus
2457 1184 2918 1238 machinamenta.
2966 1184 3234 1249 Quoniam
3288 1185 3542 1238 convenit
3582 1201 3677 1240 nos

2109 1282 2458 1344 paternarum
2509 1273 2856 1328 sanctionum
2899 1272 3184 1344 diligentes
3225 1290 3349 1329 esse
3391 1269 3672 1328 'custodes.

2108 1363 2304 1419 Merito
2333 1379 2569 1434 namque
2599 1379 2700 1419 uos
2745 1379 2912 1418 causa
2964 1366 3205 1434 respicit,
3254 1367 3301 1419 si
3343 1366 3563 1421 silentio
3598 1366 3676 1420 fa-

2106 1469 2330 1509 veamus
2360 1453 2556 1507 errori.

2175 1547 2264 1600 56.
2306 1545 2402 1600 Est
2448 1546 2673 1616 insuper
2706 1547 2760 1601 in
2790 1548 3051 1617 pra‘dicta
3098 1555 3288 1602 sancta
3335 1547 3551 1602 Nicena
3592 1565 3677 1620 sy-

2104 1637 2250 1691 nodo
2280 1644 2566 1700 statutum,
2597 1645 2658 1691 ut
2696 1654 2856 1693 nemo
2886 1640 3172 1693 anathema
3203 1640 3257 1692 in
3289 1649 3478 1695 nostra
3510 1642 3681 1694 susci-

2106 1731 2289 1800 piatur
2325 1731 2696 1794 accusatione,
2733 1745 2834 1784 nec
2874 1731 2950 1784 illi
3013 1731 3107 1800 qui
3141 1745 3242 1784 nos
3269 1732 3324 1784 in
3355 1745 3454 1785 sua
3491 1731 3680 1784 nolunt

419 1844 529 1881 cem
552 1826 812 1880 mendacii
836 1829 877 1881 ‘.
907 1827 973 1880 Et
991 1829 1282 1897 Apostolus
1316 1829 1546 1898 tnquit’,
1576 1827 1847 1884 adversus
1870 1843 1996 1897 pre-
2034 1816 2074 1870 Β
2106 1822 2350 1890 ι’θείβετθ
2383 1816 2607 1891 (ιυετειει
2649 1821 2734 1876 νει
2783 1823 3137 1876 accusatione
3167 1841 3180 1876 ³
3215 1837 3341 1876 cum
3381 1837 3485 1876 ηοε
3520 1838 3680 1894 sup"

419 1919 698 1988 sbyterum
750 1920 1160 1989 inscriptionem
1212 1936 1321 1974 non
1372 1919 1738 1998 recipiendam
1791 1919 1998 1989 absque.

419 2010 635 2066 duobus
684 2012 770 2065 vel
805 2012 982 2067 tribus
1014 2013 1228 2068 idoneis
1259 2013 1514 2068 testibus.
1551 2013 1609 2066 Si
1642 2014 1756 2068 haec
1784 2012 1851 2066 de
1873 2027 1999 2082 pre-

420 2103 680 2174 sbyteris,
735 2105 819 2157 vel
874 2105 1090 2159 caeteris
1138 2104 1392 2160 ﬁdelibus
1443 2116 1573 2161 sunt
1617 2105 1994 2176 praecavenda,

418 2203 624 2263 quanto
654 2197 827 2263 magis
854 2196 918 2249 de
947 2196 1253 2266 episcOpis?
1283 2196 1497 2262 Quibus
1526 2199 1784 2265 cognitis,
1824 2197 1996 2266 magis

419 2301 518 2342 vos
547 2285 815 2341 dominari
848 2288 987 2342 velle
1033 2289 1379 2344 manifestum
1425 2297 1530 2354 est,
1581 2305 1744 2359 quam
1793 2297 1998 2343 con'su-

420 2377 536 2431 lere
600 2376 875 2442 Iidelibus,
913 2387 1008 2433 aut
1044 2387 1356 2435 sustentare
1385 2396 1500 2436 eos.
1535 2381 1672 2446 Quia
1707 2381 1884 2435 honor
1910 2382 1996 2434 in-

419 2468 512 2522 ﬁat
543 2469 608 2523 ad
633 2471 944 2539 superbiam
980 2479 1034 2526 et
1065 2473 1211 2542 quod
1247 2473 1527 2542 provisum
1560 2484 1642 2528 est
1670 2473 1736 2526 ad
1764 2488 1996 2527 concor-

416 2561 586 2625 diam,
620 2561 792 2615 tendit
813 2562 880 2615 ad
905 2578 1125 2618 noxam.
1162 2563 1428 2618 Dccuerat
1457 2579 1693 2633 namque
1722 2579 1817 2618 vos
1839 2564 1994 2631 juxta

419 2649 674 2718 praefatas
711 2652 948 2720 regulas,
999 2654 1044 2706 si
1083 2651 1289 2721 aliquid
1319 2653 1559 2722 egissent
1603 2662 1796 2707 contra
1831 2668 1991 2706 suum

419 2739 689 2806 ordinem,
721 2741 981 2798 mandare
1007 2743 1164 2799 nobis
1196 2753 1250 2799 et
1275 2753 1597 2815 exspectare
1627 2743 1758 2815 quid
1791 2743 1860 2796 ad
1895 2757 1990 2797 ve—

2105 1913 2231 1968 illos
2263 1913 2506 1967 sciamus
2529 1928 2560 1967 a
2586 1911 2816 1969 Domino
2840 1923 3193 1980 constitutos,
3221 1931 3332 1970 non
3364 1916 3490 1972 illos
3521 1933 3681 1986 super

2103 2021 2226 2061 nos.
2263 2004 2327 2059 Et
2364 2005 2509 2060 sicut
2541 2005 2714 2075 major
2745 2020 2855 2059 non
2885 2013 3069 2075 potest
3111 2023 3142 2060 a
3187 2007 3401 2061 minore
3421 2007 3678 2076 judicari,

2103 2112 2206 2151 nec
2247 2099 2319 2150 ita
2351 2097 2622 2166 colligari,
2655 2099 2783 2166 quia
2831 2106 3011 2151 ratum
3065 2106 3147 2153 est
3180 2113 3344 2154 omne
3373 2099 3524 2168 quod
3572 2115 3682 2152 ma-

2101 2206 2268 2262 gnum
2309 2197 2411 2244 est.
2446 2191 2741 2245 Portamus
2797 2205 2967 2244 onera
3009 2191 3252 2244 omnium
3301 2192 3396 2261 qui
3461 2208 3681 2262 gravan-

2101 2291 2223 2350 tur;
2271 2284 2518 2354 quinimo
2556 2285 2671 2338 hac
2701 2291 2880 2351 portat
2911 2283 2964 2338 in
2987 2285 3145 2339 nobis
3173 2285 3367 2339 beatus
3398 2287 3681 2355 apostolus

2097 2372 2315 2438 Petrus,
2352 2373 2513 2442 cujus
2535 2374 2654 2430 vice
2686 2373 2967 2444 fungimur
3000 2375 3290 2445 legatione,
3321 2385 3384 2430 et
3408 2378 3573 2446 cujus
3599 2394 3682 2432 re-

2094 2465 2220 2535 gula
2272 2465 2656 2528 informamur,
2705 2471 2979 2533 quatenus
3018 2465 3142 2534 ejus
3188 2465 3311 2519 fulti
3345 2469 3574 2531 auxilio,
3617 2469 3681 2520 ab

2095 2556 2351 2611 omnibus
2392 2571 2539 2609 nunc
2586 2564 2640 2610 et
2692 2555 2748 2608 in
2800 2564 3064 2625 perpetuo
3110 2565 3364 2612 tueamur
3412 2560 3677 2613 adversis.

2098 2647 2235 2700 Data
2263 2647 2382 2700 Kal.
2417 2645 2766 2710 Novembris,
2804 2645 3083 2704 Feliciano
3110 2657 3166 2705 et
3197 2649 3530 2706 Maximiano
3547 2651 3678 2707 viris

2097 2740 2426 2796 clarissimis
2456 2741 2801 2798 consulibus.

705 2857 717 2863 -
772 2881 1010 2951 Eptstola
1037 2883 1321 2938 Athanasii
1352 2894 1402 2939 et
1428 2882 1803 2956 Egyptiorum
1833 2887 1904 2938 ad
1928 2883 2169 2940 eumdem
2203 2899 2397 2953 papam
2428 2883 2490 2938 de
2522 2887 2950 2954 oppressionibus
2977 2887 3324 2941 Arianorum.

491 3020 718 3078 Domino
765 3023 1104 3090 beatissimo,
1150 3033 1205 3081 et
1250 3026 1561 3080 honorabili
1613 3035 1802 3082 sancto
1836 3027 1988 3080 Patri

416 3110 631 3169 Liberio
663 3131 832 3186 papae,
856 3117 1214 3184 Athanasius,
1250 3127 1304 3174 et
1335 3119 1572 3174 universi
1605 3117 1988 3189 Egyptiorum

2098 3026 2418 3096 Apostolus,
2465 3024 2554 3078 sed
2586 3024 2813 3093 factores
2863 3027 2991 3096 legis
3015 3026 3517 3096 justiﬁcabuntur".
3570 3027 3682 3086 Nos

2097 3118 2241 3171 enim
2278 3117 2391 3171 hac
2435 3117 2685 3171 meditari
2725 3118 3032 3186 cupientes,
3062 3125 3118 3172 et
3165 3135 3230 3174 ea
3263 3135 3387 3188 qua:
3415 3135 3445 3173 a
3487 3134 3680 3175 sancta

414 3205 694 3274 episcopi,
755 3206 811 3259 in
872 3222 1041 3260 unum
1095 3208 1358 3279 synodice
1406 3210 1550 3279 apud
1603 3209 1990 3265 Alexandriam
2019 3193 2064 3253 (ἶ
2095 3206 2225 3261 sede
2264 3213 2468 3269 vestra,
2517 3207 2892 3276 apostolorum
2942 3223 3244 3277 eorumque
3296 3223 3681 3264 successorum

413 3296 749 3364 congregati.

483 3385 597 3457 (tt)
638 3385 846 3441 Vestra:
893 3387 1222 3446 beatissima;
1267 3392 1615 3460 paternitatis
1653 3392 1780 3462 jura
1827 3409 1992 3463 penes

414 3473 585 3530 Deum
615 3477 726 3531 sint
751 3479 1065 3544 manifesta,
1097 3482 1225 3536 dum
1257 3482 1742 3551 praedicationibus
1784 3485 1994 3540 scilicet

413 3571 771 3639 apostolicis,
825 3581 880 3627 et
921 3573 1189 3630 doctrinis
1240 3591 1383 3631 verae
1431 3575 1553 3632 ﬁdei
1607 3577 1821 3632 cultura
1879 3579 1996 3633 uni-

412 3677 572 3716 versa
617 3665 824 3734 repleta
858 3665 930 3720 sit
971 3674 1142 3722 terra.
1172 3669 1278 3722 Per
1305 3668 1613 3724 divinorum
1645 3677 1827 3725 tamen
1867 3687 1994 3727 eru-

411 3753 674 3810 ditionem
727 3758 1092 3828 eloquiorum,
1152 3768 1337 3816 vestra
1397 3762 1700 3818 instruente
1743 3764 1992 3818 admoni-

413 3840 562 3895 tione
590 3843 985 3910 exhortatoria,
1014 3848 1480 3916 superatdificatur
1501 3851 1810 3907 orthodoxa
1832 3852 1990 3907 Chri-

411 3931 481 3984 sti
510 3930 778 3999 Ecclesia,
805 3937 1105 4004 apostolica
1135 3937 1482 3995 institutione
1509 3941 1754 4008 fundata,
1785 3953 1840 3998 et
1864 3959 1894 3997 a
1927 3943 1991 3996 ﬁ-

409 4023 625 4080 delibus
678 4028 936 4084 Patribus
985 4029 1298 4086 ﬁrmissime
1348 4034 1624 4089 roborata.
1686 4037 1766 4092 Ad
1825 4053 1989 4107 quam

408 4130 600 4170 omnes
624 4116 928 4173 beatissimi
963 4123 1220 4190 apostoli,
1257 4125 1375 4192 pari
1419 4125 1643 4180 honoris
1664 4133 1718 4181 et
1744 4135 1988 4196 potesta-

410 4207 482 4259 tis
515 4209 798 4264 consortio
838 4211 1074 4280 praediti,
1134 4216 1457 4284 populorum
1498 4218 1717 4286 agmina
1766 4233 1989 4273 conver-

409 4307 609 4364 tentes,
658 4302 748 4371 pie
791 4313 1093 4375 sancteque
1145 4308 1214 4362 de
1263 4309 1506 4363 tenebris
1551 4309 1620 4363 ad
1668 4311 1874 4372 lumen,
1920 4311 1988 4366 de

409 4395 565 4462 lapsu
597 4396 664 4449 ad
697 4413 880 4451 veram
927 4399 1109 4466 fidem,
1141 4400 1207 4456 de
1236 4410 1411 4456 morte
1435 4401 1502 4454 ad
1540 4405 1706 4457 vitam
1736 4403 1985 4461 homines

407 4483 607 4538 divina:
636 4487 1139 4554 praedestinationis
1179 4491 1352 4560 gratia
1388 4494 1692 4561 prazscitos,
1723 4493 1985 4547 salutari-

408 4573 512 4628 bus
558 4578 844 4646 praeeeptis
897 4592 962 4630 ac
1012 4579 1239 4635 monitis
1292 4581 1686 4650 perduxerunt.
1741 4583 1986 4650 Quorum

409 4670 724 4719 sanctorum
779 4668 1157 4736 apostolorum
1212 4678 1395 4724 vestra
1443 4671 1764 4730 fraternitas
1814 4674 1986 4729 hono-

409 4756 582 4811 randa
615 4773 853 4826 sequens
884 4759 1099 4824 merita,
1131 4767 1184 4815 et
1208 4760 1504 4829 perfectius
1536 4763 1769 4833 implens
1796 4782 1987 4822 exem-

409 4849 520 4920 pla,
566 4848 866 4905 Ecclesiam
907 4849 1003 4906 Dei
1055 4867 1270 4906 morum
1323 4853 1597 4922 probitate
1653 4864 1709 4910 et
1760 4867 1986 4914 actuum

409 4941 702 4997 sanctitate
752 4942 1104 5010 condecorat,
1146 4953 1201 5000 et
1250 4945 1354 5000 ﬁde
1402 4961 1583 5010 sacra,
1621 4947 1986 5008 Christianis-

409 5046 518 5099 que
549 5031 795 5086 moribus
829 5048 1056 5102 augens,
1093 5048 1214 5103 quae
1263 5033 1380 5088 fieri
1413 5030 1522 5088 Deo
1551 5036 1748 5104 placita
1795 5038 1988 5106 ιιι·ωεί-

412 5123 511 5191 pit,
546 5123 746 5177 studiis
779 5124 1187 5193 pontificalibus
1218 5123 1589 5180 indesinenter
1642 5135 1904 5196 operatur
1933 5137 1988 5184 et

413 5211 644 5282 perficit,
678 5228 902 5268 servans
936 5213 1071 5282 legis
1121 5211 1318 5268 divinae
1366 5216 1623 5268 mandata
1656 5216 1836 5281 :Quia
1881 5235 1985 5272 non

410 5302 540 5374 legis
582 5303 872 5369 auditores,
891 5305 1030 5372 justi
1057 5315 1180 5358 sunt
1217 5305 1356 5375 apud
1404 5306 1590 5371 Deum,
1627 5308 1770 5364 sicut
1797 5318 1986 5363 narrat

484 5476 506 5507 ⁸
533 5476 891 5552 _l_Reg._xvt,
932 5481 982 5533 7.
1060 5482 1080 5513 ⁸
1119 5481 1138 5534 l
1177 5481 1354 5540 Paral.
1388 5501 1593 5552 xxvm,
1629 5488 1684 5542 9.

415 5559 492 5607 tt,
527 5547 613 5598 17).
685 5547 706 5579 ⁵
745 5547 934 5604 Matth.
970 5567 1119 5615 xXIv,
1156 5553 1239 5606 12.

1767 5489 1786 5518 ⁵
1827 5487 1844 5540 l
1877 5486 2007 5542 Cor.
2046 5503 2118 5555 tv,
2156 5493 2207 5546 5.

2095 3298 2488 3368 praedicatione
2516 3299 2682 3370 608
2712 3299 3080 3368 suscepimus,
3121 3307 3287 3369 atque
3317 3317 3439 3370 quae
3485 3303 3540 3354 in
3591 3302 3685 3356 Ni-

2094 3405 2246 3444 caena
2286 3390 2497 3462 synodo
2549 3390 2808 3444 roborata
2850 3392 3214 3460 cognovimus
3259 3392 3583 3462 przedicare,
3631 3406 3685 3448 et

2093 3480 2427 3535 Arianorum
2479 3481 2871 3550 blaspbentias,
2918 3489 3084 3551 atque
3127 3483 3359 3536 aliorum
3397 3483 3682 3538 haeretico-

2095 3587 2216 3625 rum
2248 3571 2546 3642 repellere:
2575 3571 2671 3640 qui
2699 3570 2947 3641 quotidie
2972 3572 3040 3624 ab
3072 3571 3162 3628 his
3189 3573 3601 3644 persequimur,
3632 3589 3686 3629 et

2093 3661 2431 3716 damnationi
2461 3661 2754 3726 tradimur,
2779 3669 2943 3731 atque
2967 3664 3136 3716 morti
3162 3664 3532 3719 destinantur.
3563 3665 3682 3731 Qua

2093 3752 2162 3807 de
2185 3769 2245 3808 re
2273 3769 2584 3824 precamur,
2617 3761 2678 3807 ut
2703 3755 2903 3808 vestris
2923 3757 3425 3819 exhortationibus,
3451 3763 3565 3810 tam
3592 3775 3687 3827 per

2092 3859 2189 3899 vos
2217 3860 2380 3914 quam
2422 3854 2477 3899 et
2520 3845 2913 3915 apocrisiarios
2947 3855 3166 3902 vestros
3207 3849 3556 3917 adjuvemur,
3593 3865 3686 3913 ne,

2091 3937 2219 3992 dum
2258 3937 2334 3990 illi
2369 3945 2626 3992 crescunt
2675 3946 2732 3992 et
2769 3953 2870 3993 nos
2915 3940 3237 4001 minuimur,
3267 3957 3396 3994 vera
3425 3939 3563 3996 ﬁdes
3588 3941 3690 3995 de-

2092 4039 2360 4096 struatur,
2405 4039 2696 4086 et-eorum
2748 4032 2976 4086 haeresis
3023 4033 3167 4087 ultra
3221 4033 3384 4089 fidem
3431 4045 3684 4090 nostram

2091 4132 2326 4178 crescat.
2358 4123 2628 4190 Quoniam
2657 4126 2822 4178 timeo
2861 4132 2940 4188 ut,
2979 4133 3270 4194 postquam
3313 4127 3685 4181 abundaverit

2089 4213 2373 4283 iniquitas,
2409 4213 2735 4283 refrigescat
2767 4215 3012 4270 charitas
3048 4217 3347 4270 multorum
3373 4218 3414 4269 θ.
3441 4216 3551 4271 Pro
3571 4235 3681 4288 qua

2088 4321 2168 4368 re,
2208 4307 2378 4360 multa
2419 4315 2613 4361 vestrae
2645 4321 2817 4362 sacrae
2846 4306 3130 4370 doctrinm,
3163 4314 3273 4360 tam
3307 4309 3452 4378 apud
3509 4309 3679 4364 Deum

2087 4412 2250 4465 quam
2278 4397 2421 4465 apud
2451 4404 2684 4450 cunctos
2721 4397 2928 4459 ﬁdeles,
2960 4413 3174 4452 merces
3202 4407 3257 4452 et
3290 4399 3411 4454 laus
3439 4402 3681 4470 reposita

2093 4495 2198 4548 est.
2229 4488 2275 4542 si
2308 4496 2490 4543 vestra
2518 4501 2838 4544 resecentur
2869 4492 3215 4546 auctoritate.
3248 4490 3505 4546 Nostram
3531 4494 3680 4547 enim

2098 4581 2281 4646 ﬁdem,
2307 4597 2471 4649 quam
2512 4597 2541 4634 a
2571 4584 2778 4638 sanctis
2810 4582 3066 4639 Patribus
3097 4585 3412 4653 accepimus
3436 4594 3493 4640 et
3525 4594 3681 4640 tene-

2096 4687 2242 4734 ntus,
2275 4680 2440 4740 atque
2473 4672 2756 4738 docemus,
2788 4676 2976 4730 subter
3005 4676 3360 4731 inseruimns.
3398 4675 3467 4730 Ut
3499 4679 3543 4731 si
3577 4678 3679 4730 ali-

2095 4764 2220 4832 quis
2255 4765 2412 4820 vobis
2438 4765 2598 4819 aliter
2643 4782 2743 4821 nos
2772 4766 3017 4831 credere,
3056 4776 3150 4820 aut
3197 4772 3418 4832 docere,
3457 4779 3552 4821 aut
3586 4784 3680 4821 ac-

2095 4856 2362 4920 cusando,
2405 4865 2499 4911 aut
2549 4860 2894 4914 mussitando
2929 4861 3198 4922 retulerit,
3220 4861 3306 4913 vel
3339 4861 3678 4915 detrahendo

2089 4949 2310 5018 scriptis
2361 4949 2726 5014 mandaverit,
2772 4967 2870 5021 per
2917 4951 3058 5004 banc
3110 4951 3405 5007 manifeste
3458 4969 3558 5008 nos
3603 4954 3678 5007 ita

2089 5039 2315 5093 credere
2343 5049 2396 5094 et
2434 5041 2634 5096 docere
2663 5043 2998 5112 agnoscatis.
3030 5041 3320 5098 Credimus
3358 5059 3594 5115 namque
3624 5046 3677 5097 in

2090 5145 2258 5184 unum
2282 5129 2450 5186 Deum
2477 5130 2696 5188 Patrem
2728 5134 3187 5203 omnipotentem,
3216 5138 3466 5188 omnium
3495 5137 3682 5189 visibi-

2086 5221 2244 5285 lium,
2299 5238 2510 5276 necnon
2568 5231 2623 5277 ct
2673 5223 3032 5278 invisibilium
3089 5226 3460 5281 conditorem.
3513 5226 3575 5278 Et
3623 5229 3678 5279 in

2091 5329 2259 5366 unum
2307 5313 2598 5368 Dominum
2643 5325 2890 5370 nostrum
2924 5315 3110 5372 Jesum
3165 5317 3444 5373 Christum
3477 5317 3674 5372 Filium

2288 5495 2308 5525 ⁸
2347 5493 2518 5550 Exod.
2560 5511 2730 5562 χχιιι,
2773 5497 2820 5549 l.
2900 5497 2918 5525 ν
2959 5493 2978 5548 l
3013 5495 3158 5548 Tim.
3195 5512 3250 5560 ν,
3288 5495 3375 5551 l9.
3451 5497 3474 5529 ⁸
3510 5493 3672 5548 Rom.

488 5697 600 5764 (Η)
629 5699 762 5756 Vide
790 5702 1023 5760 Victoris
1047 5706 1494 5779 Carthaginiensis
1526 5712 1684 5782 epist.
1717 5713 1782 5768 ad
1816 5713 2164 5769 Theodorum
2197 5730 2411 5786 papam.
