  <div class='ocr_page' id='page_1' title='image "/cluster/home/n/w/nwhite01/storage/ocr_20150623/28/nnc1.0046978690/828.png"; bbox 0 0 3852 6206; ppageno 0'>
   <div class='ocr_carea' id='block_1_1' title="bbox 231 364 370 422">
    <p class='ocr_par' dir='ltr' id='par_1_1' title="bbox 231 364 370 422">
     <span class='ocr_line' id='line_1_1' title="bbox 231 364 370 422; baseline 0.029 -4"><span class='ocrx_word' id='word_1_1' title='bbox 231 364 254 418; x_wconf 79' lang='lat' dir='ltr'><strong>i</strong></span> <span class='ocrx_word' id='word_1_2' title='bbox 264 365 370 422; x_wconf 64' lang='lat'><strong>469</strong></span> 
     </span>
    </p>
   </div>
   <div class='ocr_carea' id='block_1_2' title="bbox 1147 365 2582 427">
    <p class='ocr_par' dir='ltr' id='par_1_2' title="bbox 1147 365 2582 427">
     <span class='ocr_line' id='line_1_2' title="bbox 1147 365 2582 427; baseline 0.003 -6"><span class='ocrx_word' id='word_1_3' title='bbox 1147 365 1419 424; x_wconf 84' lang='lat' dir='ltr'><strong>PONTIF.</strong></span> <span class='ocrx_word' id='word_1_4' title='bbox 1461 365 1627 425; x_wconf 81' lang='lat' dir='ltr'><strong>ROM.</strong></span> <span class='ocrx_word' id='word_1_5' title='bbox 1667 367 1756 423; x_wconf 88' lang='lat' dir='ltr'><strong>ET</strong></span> <span class='ocrx_word' id='word_1_6' title='bbox 1793 367 2162 424; x_wconf 72' lang='lat' dir='ltr'><strong>ATHANASII</strong></span> <span class='ocrx_word' id='word_1_7' title='bbox 2204 367 2582 427; x_wconf 60' lang='lat' dir='ltr'><strong>EPISTOLZE.</strong></span> 
     </span>
    </p>
   </div>
   <div class='ocr_carea' id='block_1_3' title="bbox 3346 373 3486 430">
    <p class='ocr_par' dir='ltr' id='par_1_3' title="bbox 3346 373 3486 430">
     <span class='ocr_line' id='line_1_3' title="bbox 3346 373 3486 430; baseline 0.014 -3"><span class='ocrx_word' id='word_1_8' title='bbox 3346 373 3486 430; x_wconf 74' lang='lat'><strong>“70</strong></span> 
     </span>
    </p>
   </div>
   <div class='ocr_carea' id='block_1_4' title="bbox 231 477 3485 557">
    <p class='ocr_par' dir='ltr' id='par_1_4' title="bbox 231 477 3485 557">
     <span class='ocr_line' id='line_1_4' title="bbox 231 477 3485 557; baseline 0.004 -26"><span class='ocrx_word' id='word_1_9' title='bbox 231 479 324 532; x_wconf 87' lang='lat' dir='ltr'><strong>Dei</strong></span> <span class='ocrx_word' id='word_1_10' title='bbox 369 485 554 532; x_wconf 89' lang='lat' dir='ltr'><strong>natum</strong></span> <span class='ocrx_word' id='word_1_11' title='bbox 596 494 660 533; x_wconf 76' lang='lat' dir='ltr'><strong>cx</strong></span> <span class='ocrx_word' id='word_1_12' title='bbox 693 477 857 536; x_wconf 88' lang='lat' dir='ltr'><strong>Patre</strong></span> <span class='ocrx_word' id='word_1_13' title='bbox 897 481 1260 553; x_wconf 86' lang='lat' dir='ltr'><strong>unigenitum,</strong></span> <span class='ocrx_word' id='word_1_14' title='bbox 1293 484 1396 539; x_wconf 85' lang='lat' dir='ltr'><strong>hoc</strong></span> <span class='ocrx_word' id='word_1_15' title='bbox 1426 492 1530 549; x_wconf 90' lang='lat' dir='ltr'><strong>est,</strong></span> <span class='ocrx_word' id='word_1_16' title='bbox 1569 500 1633 540; x_wconf 85' lang='lat' dir='ltr'><strong>ex</strong></span> <span class='ocrx_word' id='word_1_17' title='bbox 1680 485 1812 539; x_wconf 91' lang='lat' dir='ltr'><strong>sub-</strong></span> <span class='ocrx_word' id='word_1_18' title='bbox 1842 494 1885 548; x_wconf 84' lang='grc' dir='ltr'><strong>Α</strong></span> <span class='ocrx_word' id='word_1_19' title='bbox 1916 488 1981 540; x_wconf 87' lang='lat' dir='ltr'><strong>tis</strong></span> <span class='ocrx_word' id='word_1_20' title='bbox 2012 488 2102 556; x_wconf 80' lang='lat' dir='ltr'><strong>qui</strong></span> <span class='ocrx_word' id='word_1_21' title='bbox 2120 487 2432 557; x_wconf 80' lang='lat' dir='ltr'><strong>prophetam</strong></span> <span class='ocrx_word' id='word_1_22' title='bbox 2466 489 2523 542; x_wconf 89' lang='lat' dir='ltr'><strong>in</strong></span> <span class='ocrx_word' id='word_1_23' title='bbox 2551 487 2759 542; x_wconf 79' lang='lat' dir='ltr'><strong>nomine</strong></span> <span class='ocrx_word' id='word_1_24' title='bbox 2787 503 2898 542; x_wconf 86' lang='lat' dir='ltr'><strong>meo</strong></span> <span class='ocrx_word' id='word_1_25' title='bbox 2931 487 3259 542; x_wconf 73' lang='lat' dir='ltr'><strong>mendacium</strong></span> <span class='ocrx_word' id='word_1_26' title='bbox 3286 504 3304 542; x_wconf 92' lang='lat'><strong><em>:</em></strong></span> <span class='ocrx_word' id='word_1_27' title='bbox 3329 499 3485 544; x_wconf 84' lang='lat' dir='ltr'><strong>erunt</strong></span> 
     </span>
    </p>
   </div>
   <div class='ocr_carea' id='block_1_5' title="bbox 227 571 1800 642">
    <p class='ocr_par' dir='ltr' id='par_1_5' title="bbox 227 571 1800 642">
     <span class='ocr_line' id='line_1_5' title="bbox 227 571 1800 642; baseline 0.006 -18"><span class='ocrx_word' id='word_1_28' title='bbox 227 571 429 624; x_wconf 76' lang='lat' dir='ltr'><strong>stantia</strong></span> <span class='ocrx_word' id='word_1_29' title='bbox 477 572 656 625; x_wconf 87' lang='lat' dir='ltr'><strong>Patris</strong></span> <span class='ocrx_word' id='word_1_30' title='bbox 698 572 912 628; x_wconf 90' lang='lat' dir='ltr'><strong>:Deum</strong></span> <span class='ocrx_word' id='word_1_31' title='bbox 966 591 1033 629; x_wconf 77' lang='lat' dir='ltr'><strong>ex</strong></span> <span class='ocrx_word' id='word_1_32' title='bbox 1079 575 1208 640; x_wconf 91' lang='lat' dir='ltr'><strong>Deo,</strong></span> <span class='ocrx_word' id='word_1_33' title='bbox 1241 577 1428 632; x_wconf 87' lang='lat' dir='ltr'><strong>lumen</strong></span> <span class='ocrx_word' id='word_1_34' title='bbox 1469 579 1534 632; x_wconf 90' lang='lat' dir='ltr'><strong>de</strong></span> <span class='ocrx_word' id='word_1_35' title='bbox 1576 579 1800 642; x_wconf 84' lang='lat' dir='ltr'><strong>lumine,</strong></span> 
     </span>
    </p>
   </div>
   <div class='ocr_carea' id='block_1_6' title="bbox 224 661 1802 732">
    <p class='ocr_par' dir='ltr' id='par_1_6' title="bbox 224 661 1802 732">
     <span class='ocr_line' id='line_1_6' title="bbox 224 661 1802 732; baseline 0.004 -17"><span class='ocrx_word' id='word_1_36' title='bbox 224 661 393 717; x_wconf 88' lang='lat' dir='ltr'><strong>Deum</strong></span> <span class='ocrx_word' id='word_1_37' title='bbox 441 678 628 716; x_wconf 88' lang='lat' dir='ltr'><strong>verum</strong></span> <span class='ocrx_word' id='word_1_38' title='bbox 682 679 746 717; x_wconf 83' lang='lat' dir='ltr'><strong>ex</strong></span> <span class='ocrx_word' id='word_1_39' title='bbox 789 665 898 718; x_wconf 86' lang='lat' dir='ltr'><strong>Deo</strong></span> <span class='ocrx_word' id='word_1_40' title='bbox 946 681 1096 730; x_wconf 89' lang='lat' dir='ltr'><strong>vero,</strong></span> <span class='ocrx_word' id='word_1_41' title='bbox 1143 676 1332 722; x_wconf 91' lang='lat' dir='ltr'><strong>natum</strong></span> <span class='ocrx_word' id='word_1_42' title='bbox 1384 685 1492 722; x_wconf 91' lang='lat' dir='ltr'><strong>non</strong></span> <span class='ocrx_word' id='word_1_43' title='bbox 1536 678 1802 732; x_wconf 83' lang='lat' dir='ltr'><strong>creatum,</strong></span> 
     </span>
    </p>
   </div>
   <div class='ocr_carea' id='block_1_7' title="bbox 228 753 1804 826">
    <p class='ocr_par' dir='ltr' id='par_1_7' title="bbox 228 753 1804 826">
     <span class='ocr_line' id='line_1_7' title="bbox 228 753 1804 826; baseline 0.006 -20"><span class='ocrx_word' id='word_1_44' title='bbox 228 753 577 816; x_wconf 90' lang='lat' dir='ltr'><strong>homousion,</strong></span> <span class='ocrx_word' id='word_1_45' title='bbox 613 754 716 809; x_wconf 90' lang='lat' dir='ltr'><strong>hoc</strong></span> <span class='ocrx_word' id='word_1_46' title='bbox 747 763 850 820; x_wconf 88' lang='lat' dir='ltr'><strong>est,</strong></span> <span class='ocrx_word' id='word_1_47' title='bbox 889 757 1134 826; x_wconf 84' lang='lat' dir='ltr'><strong>ejusdem</strong></span> <span class='ocrx_word' id='word_1_48' title='bbox 1174 774 1296 813; x_wconf 91' lang='lat' dir='ltr'><strong>cum</strong></span> <span class='ocrx_word' id='word_1_49' title='bbox 1333 759 1496 816; x_wconf 83' lang='lat' dir='ltr'><strong>Patre</strong></span> <span class='ocrx_word' id='word_1_50' title='bbox 1548 763 1804 816; x_wconf 71' lang='lat' dir='ltr'><strong>substan~</strong></span> 
     </span>
    </p>
   </div>
   <div class='ocr_carea' id='block_1_8' title="bbox 225 845 1806 917">
    <p class='ocr_par' dir='ltr' id='par_1_8' title="bbox 225 845 1806 917">
     <span class='ocr_line' id='line_1_8' title="bbox 225 845 1806 917; baseline 0.006 -20"><span class='ocrx_word' id='word_1_51' title='bbox 225 847 336 898; x_wconf 68' lang='lat' dir='ltr'><strong>tiae.</strong></span> <span class='ocrx_word' id='word_1_52' title='bbox 365 845 468 900; x_wconf 87' lang='lat' dir='ltr'><strong>Per</strong></span> <span class='ocrx_word' id='word_1_53' title='bbox 493 862 653 916; x_wconf 84' lang='lat' dir='ltr'><strong>quem</strong></span> <span class='ocrx_word' id='word_1_54' title='bbox 685 849 868 901; x_wconf 81' lang='lat' dir='ltr'><strong>omnia</strong></span> <span class='ocrx_word' id='word_1_55' title='bbox 903 848 1045 903; x_wconf 85' lang='lat' dir='ltr'><strong>facta</strong></span> <span class='ocrx_word' id='word_1_56' title='bbox 1085 859 1234 917; x_wconf 91' lang='lat' dir='ltr'><strong>sunt,</strong></span> <span class='ocrx_word' id='word_1_57' title='bbox 1266 851 1510 906; x_wconf 67' lang='lat' dir='ltr'><strong>caelestia</strong></span> <span class='ocrx_word' id='word_1_58' title='bbox 1550 859 1604 906; x_wconf 89' lang='lat' dir='ltr'><strong>et</strong></span> <span class='ocrx_word' id='word_1_59' title='bbox 1634 858 1806 907; x_wconf 89' lang='lat' dir='ltr'><strong>terre-</strong></span> 
     </span>
    </p>
   </div>
   <div class='ocr_carea' id='block_1_9' title="bbox 225 936 1804 1012">
    <p class='ocr_par' dir='ltr' id='par_1_9' title="bbox 225 936 1804 1012">
     <span class='ocr_line' id='line_1_9' title="bbox 225 936 1804 1012; baseline 0.004 -22"><span class='ocrx_word' id='word_1_60' title='bbox 225 936 384 990; x_wconf 73' lang='lat' dir='ltr'><strong>stria.</strong></span> <span class='ocrx_word' id='word_1_61' title='bbox 418 936 522 1002; x_wconf 85' lang='lat' dir='ltr'><strong>Qui</strong></span> <span class='ocrx_word' id='word_1_62' title='bbox 555 945 778 1008; x_wconf 89' lang='lat' dir='ltr'><strong>propter</strong></span> <span class='ocrx_word' id='word_1_63' title='bbox 806 955 906 992; x_wconf 89' lang='lat' dir='ltr'><strong>nos</strong></span> <span class='ocrx_word' id='word_1_64' title='bbox 933 941 1204 1006; x_wconf 84' lang='lat' dir='ltr'><strong>homines,</strong></span> <span class='ocrx_word' id='word_1_65' title='bbox 1237 951 1289 997; x_wconf 92' lang='lat' dir='ltr'><strong>et</strong></span> <span class='ocrx_word' id='word_1_66' title='bbox 1313 951 1536 1012; x_wconf 90' lang='lat' dir='ltr'><strong>propter</strong></span> <span class='ocrx_word' id='word_1_67' title='bbox 1561 953 1804 997; x_wconf 89' lang='lat' dir='ltr'><strong>nostram</strong></span> 
     </span>
    </p>
   </div>
   <div class='ocr_carea' id='block_1_10' title="bbox 225 1027 1806 1096">
    <p class='ocr_par' dir='ltr' id='par_1_10' title="bbox 225 1027 1806 1096">
     <span class='ocr_line' id='line_1_10' title="bbox 225 1027 1806 1096; baseline 0.006 -17"><span class='ocrx_word' id='word_1_68' title='bbox 225 1027 460 1081; x_wconf 79' lang='lat' dir='ltr'><strong>salutem</strong></span> <span class='ocrx_word' id='word_1_69' title='bbox 506 1027 790 1082; x_wconf 83' lang='lat' dir='ltr'><strong>descendit</strong></span> <span class='ocrx_word' id='word_1_70' title='bbox 820 1029 886 1084; x_wconf 92' lang='lat' dir='ltr'><strong>de</strong></span> <span class='ocrx_word' id='word_1_71' title='bbox 929 1031 1107 1087; x_wconf 76' lang='lat' dir='ltr'><strong>ccelis.</strong></span> <span class='ocrx_word' id='word_1_72' title='bbox 1147 1030 1210 1086; x_wconf 87' lang='lat' dir='ltr'><strong>Et</strong></span> <span class='ocrx_word' id='word_1_73' title='bbox 1256 1035 1576 1088; x_wconf 88' lang='lat' dir='ltr'><strong>incarnatus</strong></span> <span class='ocrx_word' id='word_1_74' title='bbox 1601 1043 1702 1096; x_wconf 83' lang='lat' dir='ltr'><strong>est,</strong></span> <span class='ocrx_word' id='word_1_75' title='bbox 1752 1043 1806 1089; x_wconf 91' lang='lat' dir='ltr'><strong>et</strong></span> 
     </span>
    </p>
   </div>
   <div class='ocr_carea' id='block_1_11' title="bbox 227 1119 1800 1190">
    <p class='ocr_par' dir='ltr' id='par_1_11' title="bbox 227 1119 1800 1190">
     <span class='ocr_line' id='line_1_11' title="bbox 227 1119 1800 1190; baseline 0.005 -18"><span class='ocrx_word' id='word_1_76' title='bbox 227 1120 392 1173; x_wconf 89' lang='lat' dir='ltr'><strong>homo</strong></span> <span class='ocrx_word' id='word_1_77' title='bbox 423 1119 621 1181; x_wconf 81' lang='lat' dir='ltr'><strong>factus,</strong></span> <span class='ocrx_word' id='word_1_78' title='bbox 659 1135 857 1190; x_wconf 88' lang='lat' dir='ltr'><strong>passus</strong></span> <span class='ocrx_word' id='word_1_79' title='bbox 888 1132 991 1187; x_wconf 88' lang='lat' dir='ltr'><strong>est,</strong></span> <span class='ocrx_word' id='word_1_80' title='bbox 1045 1131 1099 1180; x_wconf 91' lang='lat' dir='ltr'><strong>et</strong></span> <span class='ocrx_word' id='word_1_81' title='bbox 1147 1129 1448 1182; x_wconf 81' lang='lat' dir='ltr'><strong>resurrexit</strong></span> <span class='ocrx_word' id='word_1_82' title='bbox 1496 1128 1653 1183; x_wconf 82' lang='lat' dir='ltr'><strong>tertia</strong></span> <span class='ocrx_word' id='word_1_83' title='bbox 1696 1129 1800 1182; x_wconf 89' lang='lat' dir='ltr'><strong>die.</strong></span> 
     </span>
    </p>
   </div>
   <div class='ocr_carea' id='block_1_12' title="bbox 225 1211 1804 1287">
    <p class='ocr_par' dir='ltr' id='par_1_12' title="bbox 225 1211 1804 1287">
     <span class='ocr_line' id='line_1_12' title="bbox 225 1211 1804 1287; baseline 0.007 -24"><span class='ocrx_word' id='word_1_84' title='bbox 225 1211 487 1265; x_wconf 82' lang='lat' dir='ltr'><strong>Ascendit</strong></span> <span class='ocrx_word' id='word_1_85' title='bbox 513 1213 569 1266; x_wconf 91' lang='lat' dir='ltr'><strong>in</strong></span> <span class='ocrx_word' id='word_1_86' title='bbox 599 1213 822 1274; x_wconf 74' lang='lat' dir='ltr'><strong>ccelum,</strong></span> <span class='ocrx_word' id='word_1_87' title='bbox 856 1214 980 1270; x_wconf 91' lang='lat' dir='ltr'><strong>inde</strong></span> <span class='ocrx_word' id='word_1_88' title='bbox 1009 1224 1274 1272; x_wconf 84' lang='lat' dir='ltr'><strong>venturus</strong></span> <span class='ocrx_word' id='word_1_89' title='bbox 1298 1217 1550 1287; x_wconf 88' lang='lat' dir='ltr'><strong>judicare</strong></span> <span class='ocrx_word' id='word_1_90' title='bbox 1573 1221 1725 1275; x_wconf 92' lang='lat' dir='ltr'><strong>vivos</strong></span> <span class='ocrx_word' id='word_1_91' title='bbox 1749 1227 1804 1274; x_wconf 90' lang='lat' dir='ltr'><strong>et</strong></span> 
     </span>
    </p>
   </div>
   <div class='ocr_carea' id='block_1_13' title="bbox 227 1303 1805 1380">
    <p class='ocr_par' dir='ltr' id='par_1_13' title="bbox 227 1303 1805 1380">
     <span class='ocr_line' id='line_1_13' title="bbox 227 1303 1805 1380; baseline 0.006 -26"><span class='ocrx_word' id='word_1_92' title='bbox 227 1311 494 1358; x_wconf 90' lang='lat' dir='ltr'><strong>mortuos.</strong></span> <span class='ocrx_word' id='word_1_93' title='bbox 529 1303 594 1356; x_wconf 90' lang='lat' dir='ltr'><strong>Et</strong></span> <span class='ocrx_word' id='word_1_94' title='bbox 643 1305 699 1358; x_wconf 90' lang='lat' dir='ltr'><strong>in</strong></span> <span class='ocrx_word' id='word_1_95' title='bbox 731 1303 994 1374; x_wconf 86' lang='lat' dir='ltr'><strong>Spiritum</strong></span> <span class='ocrx_word' id='word_1_96' title='bbox 1033 1316 1306 1363; x_wconf 88' lang='lat' dir='ltr'><strong>sanctum.</strong></span> <span class='ocrx_word' id='word_1_97' title='bbox 1353 1309 1461 1365; x_wconf 86' lang='lat' dir='ltr'><strong>Eos</strong></span> <span class='ocrx_word' id='word_1_98' title='bbox 1499 1319 1678 1364; x_wconf 84' lang='lat' dir='ltr'><strong>autem</strong></span> <span class='ocrx_word' id='word_1_99' title='bbox 1711 1311 1805 1380; x_wconf 87' lang='lat' dir='ltr'><strong>qui</strong></span> 
     </span>
    </p>
   </div>
   <div class='ocr_carea' id='block_1_14' title="bbox 225 1391 1803 1466">
    <p class='ocr_par' dir='ltr' id='par_1_14' title="bbox 225 1391 1803 1466">
     <span class='ocr_line' id='line_1_14' title="bbox 225 1391 1803 1466; baseline 0.007 -21"><span class='ocrx_word' id='word_1_100' title='bbox 225 1391 440 1457; x_wconf 87' lang='lat' dir='ltr'><strong>dicunt,</strong></span> <span class='ocrx_word' id='word_1_101' title='bbox 479 1392 609 1448; x_wconf 87' lang='lat' dir='ltr'><strong>Erat</strong></span> <span class='ocrx_word' id='word_1_102' title='bbox 640 1403 852 1466; x_wconf 92' lang='lat' dir='ltr'><strong>tempus</strong></span> <span class='ocrx_word' id='word_1_103' title='bbox 893 1398 1116 1466; x_wconf 77' lang='lat' dir='ltr'><strong>quando</strong></span> <span class='ocrx_word' id='word_1_104' title='bbox 1153 1415 1262 1454; x_wconf 90' lang='lat' dir='ltr'><strong>non</strong></span> <span class='ocrx_word' id='word_1_105' title='bbox 1314 1409 1432 1454; x_wconf 88' lang='lat' dir='ltr'><strong>erat</strong></span> <span class='ocrx_word' id='word_1_106' title='bbox 1465 1421 1478 1456; x_wconf 88' lang='lat'>:</span> <span class='ocrx_word' id='word_1_107' title='bbox 1508 1409 1584 1463; x_wconf 85' lang='lat' dir='ltr'><strong>et,</strong></span> <span class='ocrx_word' id='word_1_108' title='bbox 1613 1401 1803 1456; x_wconf 88' lang='lat' dir='ltr'><strong>Prius-</strong></span> 
     </span>
    </p>
   </div>
   <div class='ocr_carea' id='block_1_15' title="bbox 227 1491 1807 1558">
    <p class='ocr_par' dir='ltr' id='par_1_15' title="bbox 227 1491 1807 1558">
     <span class='ocr_line' id='line_1_15' title="bbox 227 1491 1807 1558; baseline 0.007 -21"><span class='ocrx_word' id='word_1_109' title='bbox 227 1500 393 1554; x_wconf 87' lang='lat' dir='ltr'><strong>quam</strong></span> <span class='ocrx_word' id='word_1_110' title='bbox 427 1494 748 1540; x_wconf 84' lang='lat' dir='ltr'><strong>nasceretur</strong></span> <span class='ocrx_word' id='word_1_111' title='bbox 778 1503 884 1543; x_wconf 90' lang='lat' dir='ltr'><strong>non</strong></span> <span class='ocrx_word' id='word_1_112' title='bbox 916 1499 1034 1544; x_wconf 89' lang='lat' dir='ltr'><strong>erat</strong></span> <span class='ocrx_word' id='word_1_113' title='bbox 1060 1509 1074 1544; x_wconf 90' lang='lat'><strong>:</strong></span> <span class='ocrx_word' id='word_1_114' title='bbox 1101 1498 1176 1552; x_wconf 89' lang='lat' dir='ltr'><strong>et,</strong></span> <span class='ocrx_word' id='word_1_115' title='bbox 1211 1491 1349 1558; x_wconf 83' lang='lat' dir='ltr'><strong>Quia</strong></span> <span class='ocrx_word' id='word_1_116' title='bbox 1383 1508 1448 1548; x_wconf 72' lang='lat' dir='ltr'><strong>ex</strong></span> <span class='ocrx_word' id='word_1_117' title='bbox 1478 1493 1642 1548; x_wconf 90' lang='lat' dir='ltr'><strong>nullis</strong></span> <span class='ocrx_word' id='word_1_118' title='bbox 1675 1494 1807 1548; x_wconf 87' lang='lat' dir='ltr'><strong>sub-</strong></span> 
     </span>
    </p>
   </div>
   <div class='ocr_carea' id='block_1_16' title="bbox 227 1576 1807 1644">
    <p class='ocr_par' dir='ltr' id='par_1_16' title="bbox 227 1576 1807 1644">
     <span class='ocr_line' id='line_1_16' title="bbox 227 1576 1807 1644; baseline 0.006 -13"><span class='ocrx_word' id='word_1_119' title='bbox 227 1576 553 1631; x_wconf 88' lang='lat' dir='ltr'><strong>sistentibus</strong></span> <span class='ocrx_word' id='word_1_120' title='bbox 583 1576 760 1634; x_wconf 80' lang='lat' dir='ltr'><strong>factus</strong></span> <span class='ocrx_word' id='word_1_121' title='bbox 783 1588 888 1644; x_wconf 90' lang='lat' dir='ltr'><strong>est,</strong></span> <span class='ocrx_word' id='word_1_122' title='bbox 921 1590 1014 1634; x_wconf 89' lang='lat' dir='ltr'><strong>aut</strong></span> <span class='ocrx_word' id='word_1_123' title='bbox 1041 1597 1108 1635; x_wconf 83' lang='lat' dir='ltr'><strong>ex</strong></span> <span class='ocrx_word' id='word_1_124' title='bbox 1141 1582 1245 1635; x_wconf 87' lang='lat' dir='ltr'><strong>alia</strong></span> <span class='ocrx_word' id='word_1_125' title='bbox 1271 1583 1580 1638; x_wconf 87' lang='lat' dir='ltr'><strong>substantia</strong></span> <span class='ocrx_word' id='word_1_126' title='bbox 1605 1584 1686 1638; x_wconf 88' lang='lat' dir='ltr'><strong>vel</strong></span> <span class='ocrx_word' id='word_1_127' title='bbox 1717 1600 1807 1640; x_wconf 87' lang='lat' dir='ltr'><strong>es-</strong></span> 
     </span>
    </p>
   </div>
   <div class='ocr_carea' id='block_1_17' title="bbox 225 1666 1806 1742">
    <p class='ocr_par' dir='ltr' id='par_1_17' title="bbox 225 1666 1806 1742">
     <span class='ocr_line' id='line_1_17' title="bbox 225 1666 1806 1742; baseline 0.005 -22"><span class='ocrx_word' id='word_1_128' title='bbox 225 1667 422 1730; x_wconf 87' lang='lat' dir='ltr'><strong>sentia,</strong></span> <span class='ocrx_word' id='word_1_129' title='bbox 447 1666 638 1722; x_wconf 90' lang='lat' dir='ltr'><strong>dicunt</strong></span> <span class='ocrx_word' id='word_1_130' title='bbox 668 1683 790 1725; x_wconf 89' lang='lat' dir='ltr'><strong>esse</strong></span> <span class='ocrx_word' id='word_1_131' title='bbox 818 1671 1253 1736; x_wconf 87' lang='lat' dir='ltr'><strong>convertibilem,</strong></span> <span class='ocrx_word' id='word_1_132' title='bbox 1287 1680 1452 1742; x_wconf 87' lang='lat' dir='ltr'><strong>atque</strong></span> <span class='ocrx_word' id='word_1_133' title='bbox 1485 1675 1806 1729; x_wconf 87' lang='lat' dir='ltr'><strong>mutabilem</strong></span> 
     </span>
    </p>
   </div>
   <div class='ocr_carea' id='block_1_18' title="bbox 225 1753 1807 1834">
    <p class='ocr_par' dir='ltr' id='par_1_18' title="bbox 225 1753 1807 1834">
     <span class='ocr_line' id='line_1_18' title="bbox 225 1753 1807 1834; baseline 0.007 -27"><span class='ocrx_word' id='word_1_134' title='bbox 225 1753 426 1809; x_wconf 82' lang='lat' dir='ltr'><strong>Filium</strong></span> <span class='ocrx_word' id='word_1_135' title='bbox 476 1756 608 1811; x_wconf 88' lang='lat' dir='ltr'><strong>Dei:</strong></span> <span class='ocrx_word' id='word_1_136' title='bbox 637 1757 739 1812; x_wconf 90' lang='lat' dir='ltr'><strong>hos</strong></span> <span class='ocrx_word' id='word_1_137' title='bbox 779 1760 1203 1815; x_wconf 87' lang='lat' dir='ltr'><strong>anathematizat</strong></span> <span class='ocrx_word' id='word_1_138' title='bbox 1243 1763 1513 1817; x_wconf 86' lang='lat' dir='ltr'><strong>catholica</strong></span> <span class='ocrx_word' id='word_1_139' title='bbox 1563 1772 1618 1819; x_wconf 89' lang='lat' dir='ltr'><strong>et</strong></span> <span class='ocrx_word' id='word_1_140' title='bbox 1674 1779 1807 1834; x_wconf 84' lang='lat' dir='ltr'><strong>apo-</strong></span> 
     </span>
    </p>
   </div>
   <div class='ocr_carea' id='block_1_19' title="bbox 1913 579 3486 652">
    <p class='ocr_par' dir='ltr' id='par_1_19' title="bbox 1913 579 3486 652">
     <span class='ocr_line' id='line_1_19' title="bbox 1913 579 3486 652; baseline 0.001 -20"><span class='ocrx_word' id='word_1_141' title='bbox 1913 580 2132 648; x_wconf 86' lang='lat' dir='ltr'><strong>projecti</strong></span> <span class='ocrx_word' id='word_1_142' title='bbox 2172 581 2225 632; x_wconf 88' lang='lat' dir='ltr'><strong>in</strong></span> <span class='ocrx_word' id='word_1_143' title='bbox 2248 581 2342 634; x_wconf 81' lang='lat' dir='ltr'><strong>viis</strong></span> <span class='ocrx_word' id='word_1_144' title='bbox 2380 579 2704 647; x_wconf 78' lang='lat' dir='ltr'><strong>Jerusalem,</strong></span> <span class='ocrx_word' id='word_1_145' title='bbox 2729 588 2779 634; x_wconf 87' lang='lat' dir='ltr'><strong>et</strong></span> <span class='ocrx_word' id='word_1_146' title='bbox 2802 580 3130 634; x_wconf 86' lang='lat' dir='ltr'><strong>conculcatio</strong></span> <span class='ocrx_word' id='word_1_147' title='bbox 3147 581 3376 634; x_wconf 89' lang='lat' dir='ltr'><strong>omnium</strong></span> <span class='ocrx_word' id='word_1_148' title='bbox 3389 582 3486 652; x_wconf 86' lang='lat' dir='ltr'><strong>.pic</strong></span> 
     </span>
    </p>
   </div>
   <div class='ocr_carea' id='block_1_20' title="bbox 1907 671 3479 740">
    <p class='ocr_par' dir='ltr' id='par_1_20' title="bbox 1907 671 3479 740">
     <span class='ocr_line' id='line_1_20' title="bbox 1907 671 3479 740; baseline 0.001 -16"><span class='ocrx_word' id='word_1_149' title='bbox 1907 671 2267 740; x_wconf 80' lang='lat' dir='ltr'><strong>conﬁtentium</strong></span> <span class='ocrx_word' id='word_1_150' title='bbox 2321 687 2422 731; x_wconf 86' lang='lat' dir='ltr'><strong>me.</strong></span> <span class='ocrx_word' id='word_1_151' title='bbox 2467 680 2517 724; x_wconf 85' lang='lat' dir='ltr'><strong>et</strong></span> <span class='ocrx_word' id='word_1_152' title='bbox 2572 687 2674 724; x_wconf 88' lang='lat' dir='ltr'><strong>non</strong></span> <span class='ocrx_word' id='word_1_153' title='bbox 2731 671 2831 723; x_wconf 88' lang='lat' dir='ltr'><strong>erit</strong></span> <span class='ocrx_word' id='word_1_154' title='bbox 2874 671 2964 740; x_wconf 89' lang='lat' dir='ltr'><strong>qui</strong></span> <span class='ocrx_word' id='word_1_155' title='bbox 3029 671 3246 739; x_wconf 85' lang='lat' dir='ltr'><strong>sepeliat</strong></span> <span class='ocrx_word' id='word_1_156' title='bbox 3303 687 3389 725; x_wconf 90' lang='lat' dir='ltr'><strong>eos</strong></span> <span class='ocrx_word' id='word_1_157' title='bbox 3414 673 3479 726; x_wconf 81' lang='lat'><strong>&quot;.</strong></span> 
     </span>
    </p>
   </div>
   <div class='ocr_carea' id='block_1_21' title="bbox 1905 761 3482 832">
    <p class='ocr_par' dir='ltr' id='par_1_21' title="bbox 1905 761 3482 832">
     <span class='ocr_line' id='line_1_21' title="bbox 1905 761 3482 832; baseline 0.002 -17"><span class='ocrx_word' id='word_1_158' title='bbox 1905 761 2076 816; x_wconf 84' lang='lat' dir='ltr'><strong>Nemo</strong></span> <span class='ocrx_word' id='word_1_159' title='bbox 2115 765 2261 816; x_wconf 90' lang='lat' dir='ltr'><strong>enim</strong></span> <span class='ocrx_word' id='word_1_160' title='bbox 2315 763 2652 817; x_wconf 86' lang='lat' dir='ltr'><strong>abscondere</strong></span> <span class='ocrx_word' id='word_1_161' title='bbox 2698 768 2877 832; x_wconf 86' lang='lat' dir='ltr'><strong>potest</strong></span> <span class='ocrx_word' id='word_1_162' title='bbox 2920 763 3245 831; x_wconf 89' lang='lat' dir='ltr'><strong>quibusdam</strong></span> <span class='ocrx_word' id='word_1_163' title='bbox 3288 763 3482 818; x_wconf 85' lang='lat' dir='ltr'><strong>subre-</strong></span> 
     </span>
    </p>
   </div>
   <div class='ocr_carea' id='block_1_22' title="bbox 1908 852 3482 923">
    <p class='ocr_par' dir='ltr' id='par_1_22' title="bbox 1908 852 3482 923">
     <span class='ocr_line' id='line_1_22' title="bbox 1908 852 3482 923; baseline 0.002 -18"><span class='ocrx_word' id='word_1_164' title='bbox 1908 854 2188 923; x_wconf 90' lang='lat' dir='ltr'><strong>ptionibus</strong></span> <span class='ocrx_word' id='word_1_165' title='bbox 2211 853 2692 915; x_wconf 86' lang='lat' dir='ltr'><strong>commendatitiis,</strong></span> <span class='ocrx_word' id='word_1_166' title='bbox 2725 853 2868 906; x_wconf 91' lang='lat' dir='ltr'><strong>sicut</strong></span> <span class='ocrx_word' id='word_1_167' title='bbox 2895 868 2996 908; x_wconf 91' lang='lat' dir='ltr'><strong>nec</strong></span> <span class='ocrx_word' id='word_1_168' title='bbox 3030 852 3174 908; x_wconf 83' lang='lat' dir='ltr'><strong>foliis</strong></span> <span class='ocrx_word' id='word_1_169' title='bbox 3217 853 3301 908; x_wconf 91' lang='lat' dir='ltr'><strong>ﬁci</strong></span> <span class='ocrx_word' id='word_1_170' title='bbox 3339 855 3482 910; x_wconf 79' lang='lat' dir='ltr'><strong>anti-</strong></span> 
     </span>
    </p>
   </div>
   <div class='ocr_carea' id='block_1_23' title="bbox 1905 942 3482 1013">
    <p class='ocr_par' dir='ltr' id='par_1_23' title="bbox 1905 942 3482 1013">
     <span class='ocr_line' id='line_1_23' title="bbox 1905 942 3482 1013; baseline -0.002 -16"><span class='ocrx_word' id='word_1_171' title='bbox 1905 958 2050 1013; x_wconf 92' lang='lat' dir='ltr'><strong>quus</strong></span> <span class='ocrx_word' id='word_1_172' title='bbox 2085 952 2464 1012; x_wconf 85' lang='lat' dir='ltr'><strong>transgressor</strong></span> <span class='ocrx_word' id='word_1_173' title='bbox 2516 944 2772 1012; x_wconf 62' lang='lat' dir='ltr'><strong>praecepti</strong></span> <span class='ocrx_word' id='word_1_174' title='bbox 2813 942 2984 996; x_wconf 82' lang='lat' dir='ltr'><strong>Adam</strong></span> <span class='ocrx_word' id='word_1_175' title='bbox 3017 943 3214 1012; x_wconf 91' lang='lat' dir='ltr'><strong>potuit,</strong></span> <span class='ocrx_word' id='word_1_176' title='bbox 3262 947 3353 1011; x_wconf 91' lang='lat' dir='ltr'><strong>qui</strong></span> <span class='ocrx_word' id='word_1_177' title='bbox 3385 958 3482 1011; x_wconf 89' lang='lat' dir='ltr'><strong>per</strong></span> 
     </span>
    </p>
   </div>
   <div class='ocr_carea' id='block_1_24' title="bbox 1908 1034 3480 1104">
    <p class='ocr_par' dir='ltr' id='par_1_24' title="bbox 1908 1034 3480 1104">
     <span class='ocr_line' id='line_1_24' title="bbox 1908 1034 3480 1104; baseline 0 -18"><span class='ocrx_word' id='word_1_178' title='bbox 1908 1035 2182 1104; x_wconf 85' lang='lat' dir='ltr'><strong>propriam</strong></span> <span class='ocrx_word' id='word_1_179' title='bbox 2229 1035 2465 1104; x_wconf 75' lang='lat' dir='ltr'><strong>linguam</strong></span> <span class='ocrx_word' id='word_1_180' title='bbox 2517 1035 2884 1089; x_wconf 80' lang='lat' dir='ltr'><strong>inverecunde</strong></span> <span class='ocrx_word' id='word_1_181' title='bbox 2937 1034 3480 1104; x_wconf 81' lang='lat' dir='ltr'><strong>nudaturzLaqueus</strong></span> 
     </span>
    </p>
   </div>
   <div class='ocr_carea' id='block_1_25' title="bbox 1905 1123 3484 1193">
    <p class='ocr_par' dir='ltr' id='par_1_25' title="bbox 1905 1123 3484 1193">
     <span class='ocr_line' id='line_1_25' title="bbox 1905 1123 3484 1193; baseline 0 -15"><span class='ocrx_word' id='word_1_182' title='bbox 1905 1125 2043 1178; x_wconf 86' lang='lat' dir='ltr'><strong>enim</strong></span> <span class='ocrx_word' id='word_1_183' title='bbox 2072 1124 2227 1193; x_wconf 82' lang='lat' dir='ltr'><strong>{ortis</strong></span> <span class='ocrx_word' id='word_1_184' title='bbox 2255 1126 2363 1178; x_wconf 88' lang='lat' dir='ltr'><strong>viro</strong></span> <span class='ocrx_word' id='word_1_185' title='bbox 2391 1123 2534 1177; x_wconf 88' lang='lat' dir='ltr'><strong>labia</strong></span> <span class='ocrx_word' id='word_1_186' title='bbox 2557 1123 2693 1192; x_wconf 86' lang='lat' dir='ltr'><strong>ejus,</strong></span> <span class='ocrx_word' id='word_1_187' title='bbox 2723 1133 2773 1178; x_wconf 88' lang='lat' dir='ltr'><strong>et</strong></span> <span class='ocrx_word' id='word_1_188' title='bbox 2811 1134 2993 1191; x_wconf 85' lang='lat' dir='ltr'><strong>captus</strong></span> <span class='ocrx_word' id='word_1_189' title='bbox 3017 1125 3243 1193; x_wconf 79' lang='lat' dir='ltr'><strong>propriis</strong></span> <span class='ocrx_word' id='word_1_190' title='bbox 3281 1141 3484 1183; x_wconf 86' lang='lat' dir='ltr'><strong>sermo-</strong></span> 
     </span>
    </p>
   </div>
   <div class='ocr_carea' id='block_1_26' title="bbox 1907 1215 3481 1285">
    <p class='ocr_par' dir='ltr' id='par_1_26' title="bbox 1907 1215 3481 1285">
     <span class='ocr_line' id='line_1_26' title="bbox 1907 1215 3481 1285; baseline 0.001 -15"><span class='ocrx_word' id='word_1_191' title='bbox 1907 1217 2080 1277; x_wconf 83' lang='lat' dir='ltr'><strong>nibus,</strong></span> <span class='ocrx_word' id='word_1_192' title='bbox 2112 1226 2160 1270; x_wconf 89' lang='lat' dir='ltr'><strong>et</strong></span> <span class='ocrx_word' id='word_1_193' title='bbox 2185 1233 2339 1285; x_wconf 85' lang='lat' dir='ltr'><strong>opera</strong></span> <span class='ocrx_word' id='word_1_194' title='bbox 2369 1232 2619 1268; x_wconf 86' lang='lat' dir='ltr'><strong>manuum</strong></span> <span class='ocrx_word' id='word_1_195' title='bbox 2646 1215 2782 1280; x_wconf 83' lang='lat' dir='ltr'><strong>eius,</strong></span> <span class='ocrx_word' id='word_1_196' title='bbox 2812 1215 3082 1268; x_wconf 82' lang='lat' dir='ltr'><strong>retributio</strong></span> <span class='ocrx_word' id='word_1_197' title='bbox 3121 1228 3296 1271; x_wconf 84' lang='lat' dir='ltr'><strong>autem</strong></span> <span class='ocrx_word' id='word_1_198' title='bbox 3325 1217 3481 1272; x_wconf 74' lang='lat' dir='ltr'><strong>laba-</strong></span> 
     </span>
    </p>
   </div>
   <div class='ocr_carea' id='block_1_27' title="bbox 1908 1307 3475 1377">
    <p class='ocr_par' dir='ltr' id='par_1_27' title="bbox 1908 1307 3475 1377">
     <span class='ocr_line' id='line_1_27' title="bbox 1908 1307 3475 1377; baseline 0.001 -15"><span class='ocrx_word' id='word_1_199' title='bbox 1908 1326 2024 1362; x_wconf 86' lang='lat' dir='ltr'><strong>rum</strong></span> <span class='ocrx_word' id='word_1_200' title='bbox 2071 1309 2183 1377; x_wconf 88' lang='lat' dir='ltr'><strong>ejus</strong></span> <span class='ocrx_word' id='word_1_201' title='bbox 2226 1308 2440 1361; x_wconf 85' lang='lat' dir='ltr'><strong>dabitur</strong></span> <span class='ocrx_word' id='word_1_202' title='bbox 2487 1309 2554 1373; x_wconf 86' lang='lat' dir='ltr'><strong>ei,</strong></span> <span class='ocrx_word' id='word_1_203' title='bbox 2616 1316 2664 1360; x_wconf 88' lang='lat' dir='ltr'><strong>et</strong></span> <span class='ocrx_word' id='word_1_204' title='bbox 2711 1307 2999 1374; x_wconf 79' lang='lat' dir='ltr'><strong>impietatis</strong></span> <span class='ocrx_word' id='word_1_205' title='bbox 3052 1307 3475 1376; x_wconf 71' lang='lat' dir='ltr'><strong>reprehensio&quot;.</strong></span> 
     </span>
    </p>
   </div>
   <div class='ocr_carea' id='block_1_28' title="bbox 1907 1397 3477 1467">
    <p class='ocr_par' dir='ltr' id='par_1_28' title="bbox 1907 1397 3477 1467">
     <span class='ocr_line' id='line_1_28' title="bbox 1907 1397 3477 1467; baseline 0.001 -17"><span class='ocrx_word' id='word_1_206' title='bbox 1907 1398 2138 1467; x_wconf 83' lang='lat' dir='ltr'><strong>Arguam</strong></span> <span class='ocrx_word' id='word_1_207' title='bbox 2170 1406 2237 1458; x_wconf 86' lang='lat' dir='ltr'><strong>te,</strong></span> <span class='ocrx_word' id='word_1_208' title='bbox 2273 1397 2471 1466; x_wconf 82' lang='lat' dir='ltr'><strong>inquit,</strong></span> <span class='ocrx_word' id='word_1_209' title='bbox 2503 1405 2551 1451; x_wconf 87' lang='lat' dir='ltr'><strong>et</strong></span> <span class='ocrx_word' id='word_1_210' title='bbox 2581 1406 2818 1450; x_wconf 84' lang='lat' dir='ltr'><strong>statuam</strong></span> <span class='ocrx_word' id='word_1_211' title='bbox 2864 1406 3049 1449; x_wconf 85' lang='lat' dir='ltr'><strong>contra</strong></span> <span class='ocrx_word' id='word_1_212' title='bbox 3086 1397 3275 1465; x_wconf 77' lang='lat' dir='ltr'><strong>faciem</strong></span> <span class='ocrx_word' id='word_1_213' title='bbox 3309 1408 3477 1461; x_wconf 87' lang='lat' dir='ltr'><strong>tuam,</strong></span> 
     </span>
    </p>
   </div>
   <div class='ocr_carea' id='block_1_29' title="bbox 1905 1486 3482 1558">
    <p class='ocr_par' dir='ltr' id='par_1_29' title="bbox 1905 1486 3482 1558">
     <span class='ocr_line' id='line_1_29' title="bbox 1905 1486 3482 1558; baseline 0.001 -16"><span class='ocrx_word' id='word_1_214' title='bbox 1905 1489 2227 1542; x_wconf 70' lang='lat' dir='ltr'><strong>existimasti</strong></span> <span class='ocrx_word' id='word_1_215' title='bbox 2266 1489 2462 1558; x_wconf 86' lang='lat' dir='ltr'><strong>inique,</strong></span> <span class='ocrx_word' id='word_1_216' title='bbox 2494 1486 2630 1558; x_wconf 88' lang='lat' dir='ltr'><strong>quod</strong></span> <span class='ocrx_word' id='word_1_217' title='bbox 2680 1503 2844 1541; x_wconf 87' lang='lat' dir='ltr'><strong>essem</strong></span> <span class='ocrx_word' id='word_1_218' title='bbox 2895 1486 2988 1539; x_wconf 89' lang='lat' dir='ltr'><strong>tibi</strong></span> <span class='ocrx_word' id='word_1_219' title='bbox 3033 1488 3223 1542; x_wconf 84' lang='lat' dir='ltr'><strong>similis</strong></span> <span class='ocrx_word' id='word_1_220' title='bbox 3251 1489 3310 1543; x_wconf 64' lang='grc' dir='ltr'><strong>η.</strong></span> <span class='ocrx_word' id='word_1_221' title='bbox 3343 1489 3482 1544; x_wconf 85' lang='lat' dir='ltr'><strong>Pro-</strong></span> 
     </span>
    </p>
   </div>
   <div class='ocr_carea' id='block_1_30' title="bbox 1905 1575 3478 1648">
    <p class='ocr_par' dir='ltr' id='par_1_30' title="bbox 1905 1575 3478 1648">
     <span class='ocr_line' id='line_1_30' title="bbox 1905 1575 3478 1648; baseline 0.001 -18"><span class='ocrx_word' id='word_1_222' title='bbox 1905 1587 2104 1648; x_wconf 89' lang='lat' dir='ltr'><strong>pterea,</strong></span> <span class='ocrx_word' id='word_1_223' title='bbox 2136 1577 2282 1632; x_wconf 87' lang='lat' dir='ltr'><strong>sicut</strong></span> <span class='ocrx_word' id='word_1_224' title='bbox 2313 1576 2446 1631; x_wconf 87' lang='lat' dir='ltr'><strong>dicit</strong></span> <span class='ocrx_word' id='word_1_225' title='bbox 2480 1576 2744 1633; x_wconf 87' lang='lat' dir='ltr'><strong>Dominus</strong></span> <span class='ocrx_word' id='word_1_226' title='bbox 2772 1577 2838 1631; x_wconf 90' lang='lat' dir='ltr'><strong>ad</strong></span> <span class='ocrx_word' id='word_1_227' title='bbox 2868 1575 3110 1638; x_wconf 84' lang='lat' dir='ltr'><strong>Gedeon,</strong></span> <span class='ocrx_word' id='word_1_228' title='bbox 3155 1576 3478 1645; x_wconf 85' lang='lat' dir='ltr'><strong>deponantus</strong></span> 
     </span>
    </p>
   </div>
   <div class='ocr_carea' id='block_1_31' title="bbox 1906 1667 3477 1737">
    <p class='ocr_par' dir='ltr' id='par_1_31' title="bbox 1906 1667 3477 1737">
     <span class='ocr_line' id='line_1_31' title="bbox 1906 1667 3477 1737; baseline 0.001 -14"><span class='ocrx_word' id='word_1_229' title='bbox 1906 1685 1993 1723; x_wconf 83' lang='lat' dir='ltr'><strong>eos</strong></span> <span class='ocrx_word' id='word_1_230' title='bbox 2023 1670 2092 1722; x_wconf 90' lang='lat' dir='ltr'><strong>ad</strong></span> <span class='ocrx_word' id='word_1_231' title='bbox 2127 1683 2318 1736; x_wconf 87' lang='lat' dir='ltr'><strong>aquam</strong></span> <span class='ocrx_word' id='word_1_232' title='bbox 2349 1683 2482 1722; x_wconf 75' lang='lat' dir='ltr'><strong>cera:</strong></span> <span class='ocrx_word' id='word_1_233' title='bbox 2512 1667 2864 1730; x_wconf 85' lang='lat' dir='ltr'><strong>discretionis,</strong></span> <span class='ocrx_word' id='word_1_234' title='bbox 2897 1678 2946 1722; x_wconf 90' lang='lat' dir='ltr'><strong>et</strong></span> <span class='ocrx_word' id='word_1_235' title='bbox 2976 1667 3252 1737; x_wconf 87' lang='lat' dir='ltr'><strong>probemus</strong></span> <span class='ocrx_word' id='word_1_236' title='bbox 3284 1685 3372 1724; x_wconf 91' lang='lat' dir='ltr'><strong>eos</strong></span> <span class='ocrx_word' id='word_1_237' title='bbox 3404 1670 3477 1724; x_wconf 87' lang='lat' dir='ltr'><strong>ibi</strong></span> 
     </span>
    </p>
   </div>
   <div class='ocr_carea' id='block_1_32' title="bbox 1908 1759 3480 1830">
    <p class='ocr_par' dir='ltr' id='par_1_32' title="bbox 1908 1759 3480 1830">
     <span class='ocr_line' id='line_1_32' title="bbox 1908 1759 3480 1830; baseline 0.001 -17"><span class='ocrx_word' id='word_1_238' title='bbox 1908 1759 2142 1830; x_wconf 78' lang='lat' dir='ltr'><strong>regulari</strong></span> <span class='ocrx_word' id='word_1_239' title='bbox 2187 1759 2577 1814; x_wconf 65' lang='lat' dir='ltr'><strong>examinatione</strong></span> <span class='ocrx_word' id='word_1_240' title='bbox 2625 1762 2681 1814; x_wconf 88' lang='lat' dir='ltr'><strong>in</strong></span> <span class='ocrx_word' id='word_1_241' title='bbox 2717 1759 2947 1829; x_wconf 88' lang='lat' dir='ltr'><strong>idipsum</strong></span> <span class='ocrx_word' id='word_1_242' title='bbox 2994 1776 3184 1829; x_wconf 88' lang='lat' dir='ltr'><strong>pronos</strong></span> <span class='ocrx_word' id='word_1_243' title='bbox 3233 1776 3480 1816; x_wconf 88' lang='lat' dir='ltr'><strong>corruen-</strong></span> 
     </span>
    </p>
   </div>
   <div class='ocr_carea' id='block_1_33' title="bbox 225 1828 3476 1921">
    <p class='ocr_par' dir='ltr' id='par_1_33' title="bbox 225 1828 3476 1921">
     <span class='ocr_line' id='line_1_33' title="bbox 225 1828 3476 1921; baseline 0.005 -21"><span class='ocrx_word' id='word_1_244' title='bbox 225 1847 422 1900; x_wconf 90' lang='lat' dir='ltr'><strong>stolica</strong></span> <span class='ocrx_word' id='word_1_245' title='bbox 474 1845 739 1904; x_wconf 87' lang='lat' dir='ltr'><strong>Ecclesia.</strong></span> <span class='ocrx_word' id='word_1_246' title='bbox 789 1848 941 1906; x_wconf 82' lang='lat' dir='ltr'><strong>Hanc</strong></span> <span class='ocrx_word' id='word_1_247' title='bbox 978 1853 1344 1908; x_wconf 80' lang='lat' dir='ltr'><strong>venerabilem</strong></span> <span class='ocrx_word' id='word_1_248' title='bbox 1379 1853 1538 1908; x_wconf 89' lang='lat' dir='ltr'><strong>ﬁdem</strong></span> <span class='ocrx_word' id='word_1_249' title='bbox 1575 1828 1810 1910; x_wconf 69' lang='lat' dir='ltr'><strong>trecenti</strong></span> <span class='ocrx_word' id='word_1_250' title='bbox 1838 1828 1881 1883; x_wconf 77' lang='grc' dir='ltr'>Β</span> <span class='ocrx_word' id='word_1_251' title='bbox 1911 1828 2077 1916; x_wconf 55' lang='grc' dir='ltr'>ἰδέη,</span> <span class='ocrx_word' id='word_1_252' title='bbox 2131 1866 2226 1921; x_wconf 77' lang='lat' dir='ltr'><strong>per</strong></span> <span class='ocrx_word' id='word_1_253' title='bbox 2273 1850 2641 1906; x_wconf 72' lang='lat' dir='ltr'><strong>OSleIISiODem</strong></span> <span class='ocrx_word' id='word_1_254' title='bbox 2704 1851 2858 1920; x_wconf 74' lang='lat' dir='ltr'><strong>PraVi</strong></span> <span class='ocrx_word' id='word_1_255' title='bbox 2900 1851 3209 1906; x_wconf 71' lang='grc' dir='ltr'><strong>ἱιιιθιιθεῐιιε</strong></span> <span class='ocrx_word' id='word_1_256' title='bbox 3264 1867 3476 1915; x_wconf 76' lang='lat' dir='ltr'><strong>eorum.</strong></span> 
     </span>
    </p>
   </div>
   <div class='ocr_carea' id='block_1_34' title="bbox 225 1936 1804 2016">
    <p class='ocr_par' dir='ltr' id='par_1_34' title="bbox 225 1936 1804 2016">
     <span class='ocr_line' id='line_1_34' title="bbox 225 1936 1804 2016; baseline 0.006 -26"><span class='ocrx_word' id='word_1_257' title='bbox 225 1936 446 2005; x_wconf 89' lang='lat' dir='ltr'><strong>quidem</strong></span> <span class='ocrx_word' id='word_1_258' title='bbox 475 1937 663 1993; x_wconf 89' lang='lat' dir='ltr'><strong>decem</strong></span> <span class='ocrx_word' id='word_1_259' title='bbox 711 1948 766 1995; x_wconf 90' lang='lat' dir='ltr'><strong>et</strong></span> <span class='ocrx_word' id='word_1_260' title='bbox 799 1949 945 2005; x_wconf 87' lang='lat' dir='ltr'><strong>octo,</strong></span> <span class='ocrx_word' id='word_1_261' title='bbox 989 1950 1043 1996; x_wconf 92' lang='lat' dir='ltr'><strong>et</strong></span> <span class='ocrx_word' id='word_1_262' title='bbox 1075 1953 1450 2015; x_wconf 87' lang='lat' dir='ltr'><strong>cognoverunt</strong></span> <span class='ocrx_word' id='word_1_263' title='bbox 1483 1953 1536 2000; x_wconf 91' lang='lat' dir='ltr'><strong>et</strong></span> <span class='ocrx_word' id='word_1_264' title='bbox 1569 1946 1804 2016; x_wconf 83' lang='lat' dir='ltr'><strong>amplexi</strong></span> 
     </span>
    </p>
   </div>
   <div class='ocr_carea' id='block_1_35' title="bbox 227 2034 1807 2106">
    <p class='ocr_par' dir='ltr' id='par_1_35' title="bbox 227 2034 1807 2106">
     <span class='ocr_line' id='line_1_35' title="bbox 227 2034 1807 2106; baseline 0.005 -24"><span class='ocrx_word' id='word_1_265' title='bbox 227 2035 376 2089; x_wconf 84' lang='lat' dir='ltr'><strong>sunt,</strong></span> <span class='ocrx_word' id='word_1_266' title='bbox 409 2037 462 2082; x_wconf 89' lang='lat' dir='ltr'><strong>et</strong></span> <span class='ocrx_word' id='word_1_267' title='bbox 486 2038 854 2085; x_wconf 82' lang='lat' dir='ltr'><strong>consonantes</strong></span> <span class='ocrx_word' id='word_1_268' title='bbox 876 2039 929 2086; x_wconf 90' lang='lat' dir='ltr'><strong>et</strong></span> <span class='ocrx_word' id='word_1_269' title='bbox 965 2035 1257 2090; x_wconf 82' lang='lat' dir='ltr'><strong>unanimes</strong></span> <span class='ocrx_word' id='word_1_270' title='bbox 1281 2034 1504 2106; x_wconf 87' lang='lat' dir='ltr'><strong>scriptis</strong></span> <span class='ocrx_word' id='word_1_271' title='bbox 1537 2037 1807 2091; x_wconf 82' lang='lat' dir='ltr'><strong>exclama-</strong></span> 
     </span>
    </p>
   </div>
   <div class='ocr_carea' id='block_1_36' title="bbox 226 2119 1805 2194">
    <p class='ocr_par' dir='ltr' id='par_1_36' title="bbox 226 2119 1805 2194">
     <span class='ocr_line' id='line_1_36' title="bbox 226 2119 1805 2194; baseline 0.009 -23"><span class='ocrx_word' id='word_1_272' title='bbox 226 2126 442 2173; x_wconf 80' lang='lat' dir='ltr'><strong>verunt.</strong></span> <span class='ocrx_word' id='word_1_273' title='bbox 479 2119 584 2176; x_wconf 88' lang='lat' dir='ltr'><strong>Sed</strong></span> <span class='ocrx_word' id='word_1_274' title='bbox 624 2123 808 2188; x_wconf 91' lang='lat' dir='ltr'><strong>modo,</strong></span> <span class='ocrx_word' id='word_1_275' title='bbox 838 2127 1094 2194; x_wconf 88' lang='lat' dir='ltr'><strong>quoniam</strong></span> <span class='ocrx_word' id='word_1_276' title='bbox 1140 2139 1327 2182; x_wconf 85' lang='lat' dir='ltr'><strong>contra</strong></span> <span class='ocrx_word' id='word_1_277' title='bbox 1358 2129 1471 2182; x_wconf 73' lang='lat' dir='ltr'><strong>haec</strong></span> <span class='ocrx_word' id='word_1_278' title='bbox 1511 2145 1576 2182; x_wconf 82' lang='lat' dir='ltr'><strong>ex</strong></span> <span class='ocrx_word' id='word_1_279' title='bbox 1604 2131 1805 2185; x_wconf 89' lang='lat' dir='ltr'><strong>nostris</strong></span> 
     </span>
    </p>
   </div>
   <div class='ocr_carea' id='block_1_37' title="bbox 227 2211 1802 2286">
    <p class='ocr_par' dir='ltr' id='par_1_37' title="bbox 227 2211 1802 2286">
     <span class='ocr_line' id='line_1_37' title="bbox 227 2211 1802 2286; baseline 0.006 -23"><span class='ocrx_word' id='word_1_280' title='bbox 227 2211 356 2264; x_wconf 88' lang='lat' dir='ltr'><strong>talia</strong></span> <span class='ocrx_word' id='word_1_281' title='bbox 396 2223 718 2284; x_wconf 79' lang='lat' dir='ltr'><strong>exsurgunt,</strong></span> <span class='ocrx_word' id='word_1_282' title='bbox 749 2218 929 2286; x_wconf 85' lang='lat' dir='ltr'><strong>qualia</strong></span> <span class='ocrx_word' id='word_1_283' title='bbox 971 2234 1077 2272; x_wconf 92' lang='lat' dir='ltr'><strong>non</strong></span> <span class='ocrx_word' id='word_1_284' title='bbox 1113 2218 1330 2277; x_wconf 88' lang='lat' dir='ltr'><strong>debent.</strong></span> <span class='ocrx_word' id='word_1_285' title='bbox 1377 2221 1557 2276; x_wconf 89' lang='lat' dir='ltr'><strong>venite</strong></span> <span class='ocrx_word' id='word_1_286' title='bbox 1588 2229 1651 2276; x_wconf 89' lang='lat' dir='ltr'><strong>et</strong></span> <span class='ocrx_word' id='word_1_287' title='bbox 1686 2237 1802 2286; x_wconf 75' lang='lat' dir='ltr'><strong>vos,</strong></span> 
     </span>
    </p>
   </div>
   <div class='ocr_carea' id='block_1_38' title="bbox 227 2301 1805 2371">
    <p class='ocr_par' dir='ltr' id='par_1_38' title="bbox 227 2301 1805 2371">
     <span class='ocr_line' id='line_1_38' title="bbox 227 2301 1805 2371; baseline 0.006 -15"><span class='ocrx_word' id='word_1_288' title='bbox 227 2301 577 2357; x_wconf 84' lang='lat' dir='ltr'><strong>dilectissimi</strong></span> <span class='ocrx_word' id='word_1_289' title='bbox 621 2303 842 2371; x_wconf 84' lang='lat' dir='ltr'><strong>fratres,</strong></span> <span class='ocrx_word' id='word_1_290' title='bbox 887 2323 1011 2360; x_wconf 86' lang='lat' dir='ltr'><strong>cum</strong></span> <span class='ocrx_word' id='word_1_291' title='bbox 1055 2306 1184 2371; x_wconf 89' lang='lat' dir='ltr'><strong>Deo,</strong></span> <span class='ocrx_word' id='word_1_292' title='bbox 1221 2318 1276 2362; x_wconf 91' lang='lat' dir='ltr'><strong>et</strong></span> <span class='ocrx_word' id='word_1_293' title='bbox 1308 2309 1707 2365; x_wconf 89' lang='lat' dir='ltr'><strong>descendamus</strong></span> <span class='ocrx_word' id='word_1_294' title='bbox 1737 2310 1805 2365; x_wconf 88' lang='lat' dir='ltr'><strong>ad</strong></span> 
     </span>
    </p>
   </div>
   <div class='ocr_carea' id='block_1_39' title="bbox 227 2392 1807 2467">
    <p class='ocr_par' dir='ltr' id='par_1_39' title="bbox 227 2392 1807 2467">
     <span class='ocr_line' id='line_1_39' title="bbox 227 2392 1807 2467; baseline 0.008 -22"><span class='ocrx_word' id='word_1_295' title='bbox 227 2392 618 2462; x_wconf 80' lang='lat' dir='ltr'><strong>visitationem,</strong></span> <span class='ocrx_word' id='word_1_296' title='bbox 673 2396 726 2449; x_wconf 89' lang='lat' dir='ltr'><strong>id</strong></span> <span class='ocrx_word' id='word_1_297' title='bbox 758 2405 865 2460; x_wconf 90' lang='lat' dir='ltr'><strong>est,</strong></span> <span class='ocrx_word' id='word_1_298' title='bbox 904 2397 1320 2467; x_wconf 88' lang='lat' dir='ltr'><strong>inquisitionem</strong></span> <span class='ocrx_word' id='word_1_299' title='bbox 1367 2416 1678 2456; x_wconf 88' lang='lat' dir='ltr'><strong>sermonum</strong></span> <span class='ocrx_word' id='word_1_300' title='bbox 1713 2418 1807 2458; x_wconf 60' lang='lat' dir='ltr'><strong>eoo</strong></span> 
     </span>
    </p>
   </div>
   <div class='ocr_carea' id='block_1_40' title="bbox 225 2485 1806 2558">
    <p class='ocr_par' dir='ltr' id='par_1_40' title="bbox 225 2485 1806 2558">
     <span class='ocr_line' id='line_1_40' title="bbox 225 2485 1806 2558; baseline 0.007 -23"><span class='ocrx_word' id='word_1_301' title='bbox 225 2497 371 2546; x_wconf 88' lang='lat' dir='ltr'><strong>rum,</strong></span> <span class='ocrx_word' id='word_1_302' title='bbox 421 2491 475 2537; x_wconf 90' lang='lat' dir='ltr'><strong>et</strong></span> <span class='ocrx_word' id='word_1_303' title='bbox 505 2485 911 2542; x_wconf 81' lang='lat' dir='ltr'><strong>confundamus</strong></span> <span class='ocrx_word' id='word_1_304' title='bbox 947 2504 1042 2557; x_wconf 92' lang='lat' dir='ltr'><strong>per</strong></span> <span class='ocrx_word' id='word_1_305' title='bbox 1081 2491 1530 2558; x_wconf 85' lang='lat' dir='ltr'><strong>approbationem</strong></span> <span class='ocrx_word' id='word_1_306' title='bbox 1577 2492 1806 2546; x_wconf 58' lang='lat' dir='ltr'><strong>verissio</strong></span> 
     </span>
    </p>
   </div>
   <div class='ocr_carea' id='block_1_41' title="bbox 227 2574 1809 2644">
    <p class='ocr_par' dir='ltr' id='par_1_41' title="bbox 227 2574 1809 2644">
     <span class='ocr_line' id='line_1_41' title="bbox 227 2574 1809 2644; baseline 0.006 -19"><span class='ocrx_word' id='word_1_307' title='bbox 227 2588 370 2626; x_wconf 90' lang='lat' dir='ltr'><strong>mam</strong></span> <span class='ocrx_word' id='word_1_308' title='bbox 403 2574 602 2629; x_wconf 83' lang='lat' dir='ltr'><strong>ibidem</strong></span> <span class='ocrx_word' id='word_1_309' title='bbox 637 2577 848 2644; x_wconf 81' lang='lat' dir='ltr'><strong>linguas</strong></span> <span class='ocrx_word' id='word_1_310' title='bbox 897 2592 1089 2631; x_wconf 87' lang='lat' dir='ltr'><strong>eorum</strong></span> <span class='ocrx_word' id='word_1_311' title='bbox 1133 2579 1374 2634; x_wconf 83' lang='lat' dir='ltr'><strong>elevatas</strong></span> <span class='ocrx_word' id='word_1_312' title='bbox 1405 2589 1593 2634; x_wconf 86' lang='lat' dir='ltr'><strong>contra</strong></span> <span class='ocrx_word' id='word_1_313' title='bbox 1631 2582 1809 2635; x_wconf 82' lang='lat' dir='ltr'><strong>scien-</strong></span> 
     </span>
    </p>
   </div>
   <div class='ocr_carea' id='block_1_42' title="bbox 227 2663 1802 2736">
    <p class='ocr_par' dir='ltr' id='par_1_42' title="bbox 227 2663 1802 2736">
     <span class='ocr_line' id='line_1_42' title="bbox 227 2663 1802 2736; baseline 0.005 -21"><span class='ocrx_word' id='word_1_314' title='bbox 227 2663 359 2716; x_wconf 87' lang='lat' dir='ltr'><strong>tiam</strong></span> <span class='ocrx_word' id='word_1_315' title='bbox 401 2665 663 2732; x_wconf 80' lang='lat' dir='ltr'><strong>unigeniti</strong></span> <span class='ocrx_word' id='word_1_316' title='bbox 697 2665 818 2719; x_wconf 89' lang='lat' dir='ltr'><strong>Filii</strong></span> <span class='ocrx_word' id='word_1_317' title='bbox 853 2665 972 2729; x_wconf 86' lang='lat' dir='ltr'><strong>Dei,</strong></span> <span class='ocrx_word' id='word_1_318' title='bbox 1006 2666 1347 2736; x_wconf 89' lang='lat' dir='ltr'><strong>iniquitatem</strong></span> <span class='ocrx_word' id='word_1_319' title='bbox 1377 2669 1430 2722; x_wconf 91' lang='lat' dir='ltr'><strong>in</strong></span> <span class='ocrx_word' id='word_1_320' title='bbox 1465 2670 1802 2724; x_wconf 85' lang='lat' dir='ltr'><strong>altitudinem</strong></span> 
     </span>
    </p>
   </div>
   <div class='ocr_carea' id='block_1_43' title="bbox 227 2753 1805 2828">
    <p class='ocr_par' dir='ltr' id='par_1_43' title="bbox 227 2753 1805 2828">
     <span class='ocr_line' id='line_1_43' title="bbox 227 2753 1805 2828; baseline 0.006 -23"><span class='ocrx_word' id='word_1_321' title='bbox 227 2753 587 2810; x_wconf 88' lang='lat' dir='ltr'><strong>humanitatis</strong></span> <span class='ocrx_word' id='word_1_322' title='bbox 634 2757 754 2825; x_wconf 85' lang='lat' dir='ltr'><strong>ejus</strong></span> <span class='ocrx_word' id='word_1_323' title='bbox 807 2757 1092 2826; x_wconf 86' lang='lat' dir='ltr'><strong>loquentes</strong></span> <span class='ocrx_word' id='word_1_324' title='bbox 1125 2759 1540 2828; x_wconf 85' lang='lat' dir='ltr'><strong>:Dirumpamus</strong></span> <span class='ocrx_word' id='word_1_325' title='bbox 1595 2762 1805 2814; x_wconf 84' lang='lat' dir='ltr'><strong>vincula</strong></span> 
     </span>
    </p>
   </div>
   <div class='ocr_carea' id='block_1_44' title="bbox 229 2846 1803 2920">
    <p class='ocr_par' dir='ltr' id='par_1_44' title="bbox 229 2846 1803 2920">
     <span class='ocr_line' id='line_1_44' title="bbox 229 2846 1803 2920; baseline 0.005 -24"><span class='ocrx_word' id='word_1_326' title='bbox 229 2859 435 2907; x_wconf 89' lang='lat' dir='ltr'><strong>eorum,</strong></span> <span class='ocrx_word' id='word_1_327' title='bbox 466 2861 563 2914; x_wconf 91' lang='lat' dir='ltr'><strong>per</strong></span> <span class='ocrx_word' id='word_1_328' title='bbox 595 2846 834 2915; x_wconf 80' lang='lat' dir='ltr'><strong>gladium</strong></span> <span class='ocrx_word' id='word_1_329' title='bbox 867 2848 1230 2918; x_wconf 89' lang='lat' dir='ltr'><strong>spiritualem,</strong></span> <span class='ocrx_word' id='word_1_330' title='bbox 1271 2851 1414 2920; x_wconf 90' lang='lat' dir='ltr'><strong>quod</strong></span> <span class='ocrx_word' id='word_1_331' title='bbox 1458 2859 1540 2906; x_wconf 91' lang='lat' dir='ltr'><strong>est</strong></span> <span class='ocrx_word' id='word_1_332' title='bbox 1569 2849 1803 2906; x_wconf 83' lang='lat' dir='ltr'><strong>Verbum</strong></span> 
     </span>
    </p>
   </div>
   <div class='ocr_carea' id='block_1_45' title="bbox 228 2933 1804 3012">
    <p class='ocr_par' dir='ltr' id='par_1_45' title="bbox 228 2933 1804 3012">
     <span class='ocr_line' id='line_1_45' title="bbox 228 2933 1804 3012; baseline 0.004 -24"><span class='ocrx_word' id='word_1_333' title='bbox 228 2933 345 2998; x_wconf 88' lang='lat' dir='ltr'><strong>Dei,</strong></span> <span class='ocrx_word' id='word_1_334' title='bbox 399 2945 450 2990; x_wconf 88' lang='lat' dir='ltr'><strong>et</strong></span> <span class='ocrx_word' id='word_1_335' title='bbox 477 2937 818 3006; x_wconf 83' lang='lat' dir='ltr'><strong>projiciamus</strong></span> <span class='ocrx_word' id='word_1_336' title='bbox 853 2957 885 2992; x_wconf 88' lang='lat' dir='ltr'><strong>a</strong></span> <span class='ocrx_word' id='word_1_337' title='bbox 925 2940 1072 2994; x_wconf 85' lang='lat' dir='ltr'><strong>nobis</strong></span> <span class='ocrx_word' id='word_1_338' title='bbox 1105 2939 1294 3010; x_wconf 85' lang='lat' dir='ltr'><strong>jugum</strong></span> <span class='ocrx_word' id='word_1_339' title='bbox 1341 2943 1575 3011; x_wconf 83' lang='lat' dir='ltr'><strong>ipsorum</strong></span> <span class='ocrx_word' id='word_1_340' title='bbox 1602 2942 1669 3006; x_wconf 77' lang='grc' dir='ltr'><strong>³ο,</strong></span> <span class='ocrx_word' id='word_1_341' title='bbox 1709 2959 1804 3012; x_wconf 87' lang='lat' dir='ltr'><strong>per</strong></span> 
     </span>
    </p>
   </div>
   <div class='ocr_carea' id='block_1_46' title="bbox 229 3029 1804 3100">
    <p class='ocr_par' dir='ltr' id='par_1_46' title="bbox 229 3029 1804 3100">
     <span class='ocr_line' id='line_1_46' title="bbox 229 3029 1804 3100; baseline 0.004 -20"><span class='ocrx_word' id='word_1_342' title='bbox 229 3029 684 3098; x_wconf 84' lang='lat' dir='ltr'><strong>expugnationem</strong></span> <span class='ocrx_word' id='word_1_343' title='bbox 710 3029 924 3100; x_wconf 85' lang='lat' dir='ltr'><strong>profani</strong></span> <span class='ocrx_word' id='word_1_344' title='bbox 948 3047 1143 3088; x_wconf 83' lang='lat' dir='ltr'><strong>sensus</strong></span> <span class='ocrx_word' id='word_1_345' title='bbox 1163 3033 1397 3087; x_wconf 84' lang='lat' dir='ltr'><strong>illorum.</strong></span> <span class='ocrx_word' id='word_1_346' title='bbox 1427 3031 1580 3087; x_wconf 90' lang='lat' dir='ltr'><strong>Tunc</strong></span> <span class='ocrx_word' id='word_1_347' title='bbox 1604 3035 1804 3089; x_wconf 89' lang='lat' dir='ltr'><strong>etenim</strong></span> 
     </span>
    </p>
   </div>
   <div class='ocr_carea' id='block_1_47' title="bbox 230 3117 1802 3190">
    <p class='ocr_par' dir='ltr' id='par_1_47' title="bbox 230 3117 1802 3190">
     <span class='ocr_line' id='line_1_47' title="bbox 230 3117 1802 3190; baseline 0.004 -19"><span class='ocrx_word' id='word_1_348' title='bbox 230 3117 349 3188; x_wconf 89' lang='lat' dir='ltr'><strong>ipse</strong></span> <span class='ocrx_word' id='word_1_349' title='bbox 391 3135 607 3190; x_wconf 89' lang='lat' dir='ltr'><strong>quoque</strong></span> <span class='ocrx_word' id='word_1_350' title='bbox 634 3120 892 3176; x_wconf 87' lang='lat' dir='ltr'><strong>Dominus</strong></span> <span class='ocrx_word' id='word_1_351' title='bbox 923 3122 1162 3177; x_wconf 79' lang='lat' dir='ltr'><strong>irridebit</strong></span> <span class='ocrx_word' id='word_1_352' title='bbox 1204 3140 1311 3188; x_wconf 90' lang='lat' dir='ltr'><strong>eos,</strong></span> <span class='ocrx_word' id='word_1_353' title='bbox 1357 3133 1406 3178; x_wconf 91' lang='lat' dir='ltr'><strong>et</strong></span> <span class='ocrx_word' id='word_1_354' title='bbox 1438 3123 1802 3189; x_wconf 88' lang='lat' dir='ltr'><strong>subsannabit,</strong></span> 
     </span>
    </p>
   </div>
   <div class='ocr_carea' id='block_1_48' title="bbox 227 3209 1805 3283">
    <p class='ocr_par' dir='ltr' id='par_1_48' title="bbox 227 3209 1805 3283">
     <span class='ocr_line' id='line_1_48' title="bbox 227 3209 1805 3283; baseline 0.005 -22"><span class='ocrx_word' id='word_1_355' title='bbox 227 3217 279 3262; x_wconf 80' lang='lat' dir='ltr'><strong>et</strong></span> <span class='ocrx_word' id='word_1_356' title='bbox 335 3219 457 3263; x_wconf 85' lang='lat' dir='ltr'><strong>tunc</strong></span> <span class='ocrx_word' id='word_1_357' title='bbox 481 3209 719 3281; x_wconf 83' lang='lat' dir='ltr'><strong>loquetur</strong></span> <span class='ocrx_word' id='word_1_358' title='bbox 752 3212 820 3266; x_wconf 89' lang='lat' dir='ltr'><strong>ad</strong></span> <span class='ocrx_word' id='word_1_359' title='bbox 861 3230 946 3268; x_wconf 89' lang='lat' dir='ltr'><strong>eos</strong></span> <span class='ocrx_word' id='word_1_360' title='bbox 981 3214 1036 3266; x_wconf 91' lang='lat' dir='ltr'><strong>in</strong></span> <span class='ocrx_word' id='word_1_361' title='bbox 1069 3215 1154 3267; x_wconf 91' lang='lat' dir='ltr'><strong>ira</strong></span> <span class='ocrx_word' id='word_1_362' title='bbox 1186 3231 1305 3278; x_wconf 85' lang='lat' dir='ltr'><strong>sua,</strong></span> <span class='ocrx_word' id='word_1_363' title='bbox 1339 3223 1388 3268; x_wconf 91' lang='lat' dir='ltr'><strong>et</strong></span> <span class='ocrx_word' id='word_1_364' title='bbox 1417 3215 1470 3268; x_wconf 91' lang='lat' dir='ltr'><strong>in</strong></span> <span class='ocrx_word' id='word_1_365' title='bbox 1499 3215 1675 3283; x_wconf 82' lang='lat' dir='ltr'><strong>furore</strong></span> <span class='ocrx_word' id='word_1_366' title='bbox 1711 3231 1805 3269; x_wconf 82' lang='lat' dir='ltr'><strong>suo</strong></span> 
     </span>
    </p>
   </div>
   <div class='ocr_carea' id='block_1_49' title="bbox 230 3300 1810 3368">
    <p class='ocr_par' dir='ltr' id='par_1_49' title="bbox 230 3300 1810 3368">
     <span class='ocr_line' id='line_1_49' title="bbox 230 3300 1810 3368; baseline 0.004 -16"><span class='ocrx_word' id='word_1_367' title='bbox 230 3300 562 3354; x_wconf 86' lang='lat' dir='ltr'><strong>conturbabit</strong></span> <span class='ocrx_word' id='word_1_368' title='bbox 589 3319 674 3356; x_wconf 86' lang='lat' dir='ltr'><strong>eos</strong></span> <span class='ocrx_word' id='word_1_369' title='bbox 699 3304 761 3366; x_wconf 85' lang='lat'><strong>“;</strong></span> <span class='ocrx_word' id='word_1_370' title='bbox 798 3305 1099 3358; x_wconf 92' lang='lat' dir='ltr'><strong>secundum</strong></span> <span class='ocrx_word' id='word_1_371' title='bbox 1131 3305 1348 3359; x_wconf 89' lang='lat' dir='ltr'><strong>beatum</strong></span> <span class='ocrx_word' id='word_1_372' title='bbox 1374 3303 1686 3368; x_wconf 87' lang='lat' dir='ltr'><strong>Jeremiam,</strong></span> <span class='ocrx_word' id='word_1_373' title='bbox 1723 3305 1810 3358; x_wconf 87' lang='lat' dir='ltr'><strong>di—</strong></span> 
     </span>
    </p>
   </div>
   <div class='ocr_carea' id='block_1_50' title="bbox 227 3392 1808 3464">
    <p class='ocr_par' dir='ltr' id='par_1_50' title="bbox 227 3392 1808 3464">
     <span class='ocr_line' id='line_1_50' title="bbox 227 3392 1808 3464; baseline 0.003 -18"><span class='ocrx_word' id='word_1_374' title='bbox 227 3407 402 3448; x_wconf 82' lang='lat' dir='ltr'><strong>cens:</strong></span> <span class='ocrx_word' id='word_1_375' title='bbox 438 3392 604 3447; x_wconf 82' lang='lat' dir='ltr'><strong>Falso</strong></span> <span class='ocrx_word' id='word_1_376' title='bbox 647 3397 914 3464; x_wconf 75' lang='lat' dir='ltr'><strong>propheta:</strong></span> <span class='ocrx_word' id='word_1_377' title='bbox 959 3397 1051 3450; x_wconf 86' lang='lat' dir='ltr'><strong>isti</strong></span> <span class='ocrx_word' id='word_1_378' title='bbox 1092 3397 1449 3451; x_wconf 78' lang='lat' dir='ltr'><strong>oaticinantur</strong></span> <span class='ocrx_word' id='word_1_379' title='bbox 1492 3398 1546 3450; x_wconf 85' lang='lat' dir='ltr'><strong>in</strong></span> <span class='ocrx_word' id='word_1_380' title='bbox 1599 3398 1808 3450; x_wconf 84' lang='lat' dir='ltr'><strong>nomine</strong></span> 
     </span>
    </p>
   </div>
   <div class='ocr_carea' id='block_1_51' title="bbox 228 3481 1807 3556">
    <p class='ocr_par' dir='ltr' id='par_1_51' title="bbox 228 3481 1807 3556">
     <span class='ocr_line' id='line_1_51' title="bbox 228 3481 1807 3556; baseline 0.003 -21"><span class='ocrx_word' id='word_1_381' title='bbox 228 3498 365 3537; x_wconf 85' lang='lat' dir='ltr'><strong>meo.</strong></span> <span class='ocrx_word' id='word_1_382' title='bbox 397 3481 521 3536; x_wconf 87' lang='lat' dir='ltr'><strong>Non</strong></span> <span class='ocrx_word' id='word_1_383' title='bbox 562 3485 700 3537; x_wconf 87' lang='lat' dir='ltr'><strong>enim</strong></span> <span class='ocrx_word' id='word_1_384' title='bbox 742 3485 863 3539; x_wconf 84' lang='lat' dir='ltr'><strong>misi</strong></span> <span class='ocrx_word' id='word_1_385' title='bbox 893 3503 1000 3552; x_wconf 81' lang='lat' dir='ltr'><strong>eos,</strong></span> <span class='ocrx_word' id='word_1_386' title='bbox 1034 3497 1084 3540; x_wconf 89' lang='lat' dir='ltr'><strong>et</strong></span> <span class='ocrx_word' id='word_1_387' title='bbox 1119 3504 1223 3540; x_wconf 89' lang='lat' dir='ltr'><strong>non</strong></span> <span class='ocrx_word' id='word_1_388' title='bbox 1265 3488 1486 3556; x_wconf 78' lang='lat' dir='ltr'><strong>prtecepi</strong></span> <span class='ocrx_word' id='word_1_389' title='bbox 1516 3489 1612 3550; x_wconf 88' lang='lat' dir='ltr'><strong>eis,</strong></span> <span class='ocrx_word' id='word_1_390' title='bbox 1645 3503 1807 3556; x_wconf 86' lang='lat' dir='ltr'><strong>neque</strong></span> 
     </span>
    </p>
   </div>
   <div class='ocr_carea' id='block_1_52' title="bbox 231 3575 1805 3643">
    <p class='ocr_par' dir='ltr' id='par_1_52' title="bbox 231 3575 1805 3643">
     <span class='ocr_line' id='line_1_52' title="bbox 231 3575 1805 3643; baseline 0.003 -15"><span class='ocrx_word' id='word_1_391' title='bbox 231 3575 439 3629; x_wconf 86' lang='lat' dir='ltr'><strong>locutus</strong></span> <span class='ocrx_word' id='word_1_392' title='bbox 464 3593 581 3631; x_wconf 88' lang='lat' dir='ltr'><strong>sum</strong></span> <span class='ocrx_word' id='word_1_393' title='bbox 610 3578 679 3631; x_wconf 90' lang='lat' dir='ltr'><strong>ad</strong></span> <span class='ocrx_word' id='word_1_394' title='bbox 712 3595 798 3632; x_wconf 83' lang='lat' dir='ltr'><strong>eos</strong></span> <span class='ocrx_word' id='word_1_395' title='bbox 824 3593 844 3631; x_wconf 90' lang='lat'><strong><em>:</em></strong></span> <span class='ocrx_word' id='word_1_396' title='bbox 877 3580 1129 3633; x_wconf 75' lang='lat' dir='ltr'><strong>visionem</strong></span> <span class='ocrx_word' id='word_1_397' title='bbox 1164 3579 1484 3643; x_wconf 81' lang='lat' dir='ltr'><strong>mendacem,</strong></span> <span class='ocrx_word' id='word_1_398' title='bbox 1517 3589 1565 3633; x_wconf 89' lang='lat' dir='ltr'><strong>et</strong></span> <span class='ocrx_word' id='word_1_399' title='bbox 1608 3580 1805 3633; x_wconf 85' lang='lat' dir='ltr'><strong>divina-</strong></span> 
     </span>
    </p>
   </div>
   <div class='ocr_carea' id='block_1_53' title="bbox 231 3669 1805 3738">
    <p class='ocr_par' dir='ltr' id='par_1_53' title="bbox 231 3669 1805 3738">
     <span class='ocr_line' id='line_1_53' title="bbox 231 3669 1805 3738; baseline 0.003 -18"><span class='ocrx_word' id='word_1_400' title='bbox 231 3669 446 3731; x_wconf 82' lang='lat' dir='ltr'><strong>tionem,</strong></span> <span class='ocrx_word' id='word_1_401' title='bbox 480 3679 528 3723; x_wconf 92' lang='lat' dir='ltr'><strong>et</strong></span> <span class='ocrx_word' id='word_1_402' title='bbox 557 3670 996 3738; x_wconf 76' lang='lat' dir='ltr'><strong>fraudulentiam,</strong></span> <span class='ocrx_word' id='word_1_403' title='bbox 1040 3681 1089 3724; x_wconf 87' lang='lat' dir='ltr'><strong>et</strong></span> <span class='ocrx_word' id='word_1_404' title='bbox 1121 3671 1474 3726; x_wconf 89' lang='lat' dir='ltr'><strong>seductionem</strong></span> <span class='ocrx_word' id='word_1_405' title='bbox 1512 3671 1687 3725; x_wconf 83' lang='lat' dir='ltr'><strong>cordis</strong></span> <span class='ocrx_word' id='word_1_406' title='bbox 1721 3673 1805 3726; x_wconf 88' lang='lat' dir='ltr'><strong>sui</strong></span> 
     </span>
    </p>
   </div>
   <div class='ocr_carea' id='block_1_54' title="bbox 229 3759 1806 3830">
    <p class='ocr_par' dir='ltr' id='par_1_54' title="bbox 229 3759 1806 3830">
     <span class='ocr_line' id='line_1_54' title="bbox 229 3759 1806 3830; baseline 0.001 -18"><span class='ocrx_word' id='word_1_407' title='bbox 229 3760 541 3830; x_wconf 84' lang='lat' dir='ltr'><strong>prop/tetant</strong></span> <span class='ocrx_word' id='word_1_408' title='bbox 565 3760 727 3815; x_wconf 83' lang='lat' dir='ltr'><strong>vobis.</strong></span> <span class='ocrx_word' id='word_1_409' title='bbox 761 3759 889 3815; x_wconf 89' lang='lat' dir='ltr'><strong>Ideo</strong></span> <span class='ocrx_word' id='word_1_410' title='bbox 918 3761 1027 3815; x_wconf 67' lang='lat' dir='ltr'><strong>luet:</strong></span> <span class='ocrx_word' id='word_1_411' title='bbox 1051 3762 1181 3814; x_wconf 86' lang='lat' dir='ltr'><strong>dicit</strong></span> <span class='ocrx_word' id='word_1_412' title='bbox 1213 3761 1470 3814; x_wconf 83' lang='lat' dir='ltr'><strong>Dominus</strong></span> <span class='ocrx_word' id='word_1_413' title='bbox 1493 3759 1557 3814; x_wconf 89' lang='lat' dir='ltr'><strong>de</strong></span> <span class='ocrx_word' id='word_1_414' title='bbox 1588 3761 1806 3828; x_wconf 84' lang='lat' dir='ltr'><strong>prophe-</strong></span> 
     </span>
    </p>
   </div>
   <div class='ocr_carea' id='block_1_55' title="bbox 1909 1941 3478 2012">
    <p class='ocr_par' dir='ltr' id='par_1_55' title="bbox 1909 1941 3478 2012">
     <span class='ocr_line' id='line_1_55' title="bbox 1909 1941 3478 2012; baseline 0 -16"><span class='ocrx_word' id='word_1_415' title='bbox 1909 1951 2089 1997; x_wconf 88' lang='lat' dir='ltr'><strong>utrum</strong></span> <span class='ocrx_word' id='word_1_416' title='bbox 2125 1958 2194 1997; x_wconf 91' lang='lat' dir='ltr'><strong>ne</strong></span> <span class='ocrx_word' id='word_1_417' title='bbox 2220 1942 2330 1996; x_wconf 84' lang='lat' dir='ltr'><strong>sint</strong></span> <span class='ocrx_word' id='word_1_418' title='bbox 2353 1941 2498 2012; x_wconf 90' lang='lat' dir='ltr'><strong>apud</strong></span> <span class='ocrx_word' id='word_1_419' title='bbox 2530 1957 2590 1996; x_wconf 86' lang='lat' dir='ltr'><strong>se</strong></span> <span class='ocrx_word' id='word_1_420' title='bbox 2619 1943 2894 2011; x_wconf 86' lang='lat' dir='ltr'><strong>sapientes</strong></span> <span class='ocrx_word' id='word_1_421' title='bbox 2932 1943 3102 1996; x_wconf 85' lang='lat' dir='ltr'><strong>divini</strong></span> <span class='ocrx_word' id='word_1_422' title='bbox 3126 1943 3276 1997; x_wconf 81' lang='lat' dir='ltr'><strong>verbi</strong></span> <span class='ocrx_word' id='word_1_423' title='bbox 3300 1944 3478 1998; x_wconf 85' lang='lat' dir='ltr'><strong>scien-</strong></span> 
     </span>
    </p>
   </div>
   <div class='ocr_carea' id='block_1_56' title="bbox 1905 2032 3482 2103">
    <p class='ocr_par' dir='ltr' id='par_1_56' title="bbox 1905 2032 3482 2103">
     <span class='ocr_line' id='line_1_56' title="bbox 1905 2032 3482 2103; baseline 0.001 -17"><span class='ocrx_word' id='word_1_424' title='bbox 1905 2034 2036 2086; x_wconf 88' lang='lat' dir='ltr'><strong>tiam</strong></span> <span class='ocrx_word' id='word_1_425' title='bbox 2076 2033 2410 2103; x_wconf 80' lang='lat' dir='ltr'><strong>ignorantes.</strong></span> <span class='ocrx_word' id='word_1_426' title='bbox 2443 2032 2708 2099; x_wconf 82' lang='lat' dir='ltr'><strong>Quoniam</strong></span> <span class='ocrx_word' id='word_1_427' title='bbox 2743 2032 2987 2089; x_wconf 90' lang='lat' dir='ltr'><strong>dicentes</strong></span> <span class='ocrx_word' id='word_1_428' title='bbox 3019 2049 3078 2089; x_wconf 91' lang='lat' dir='ltr'><strong>se</strong></span> <span class='ocrx_word' id='word_1_429' title='bbox 3121 2049 3242 2089; x_wconf 90' lang='lat' dir='ltr'><strong>esse</strong></span> <span class='ocrx_word' id='word_1_430' title='bbox 3273 2035 3482 2103; x_wconf 88' lang='lat' dir='ltr'><strong>sapien-</strong></span> 
     </span>
    </p>
   </div>
   <div class='ocr_carea' id='block_1_57' title="bbox 1907 2125 3472 2196">
    <p class='ocr_par' dir='ltr' id='par_1_57' title="bbox 1907 2125 3472 2196">
     <span class='ocr_line' id='line_1_57' title="bbox 1907 2125 3472 2196; baseline 0.001 -18"><span class='ocrx_word' id='word_1_431' title='bbox 1907 2134 2010 2188; x_wconf 86' lang='lat' dir='ltr'><strong>tes,</strong></span> <span class='ocrx_word' id='word_1_432' title='bbox 2047 2125 2198 2179; x_wconf 91' lang='lat' dir='ltr'><strong>stulti</strong></span> <span class='ocrx_word' id='word_1_433' title='bbox 2229 2125 2356 2179; x_wconf 81' lang='lat' dir='ltr'><strong>facti</strong></span> <span class='ocrx_word' id='word_1_434' title='bbox 2400 2133 2548 2188; x_wconf 89' lang='lat' dir='ltr'><strong>sunt,</strong></span> <span class='ocrx_word' id='word_1_435' title='bbox 2596 2135 2650 2180; x_wconf 89' lang='lat' dir='ltr'><strong>et</strong></span> <span class='ocrx_word' id='word_1_436' title='bbox 2679 2133 3029 2180; x_wconf 88' lang='lat' dir='ltr'><strong>mutaverunt</strong></span> <span class='ocrx_word' id='word_1_437' title='bbox 3064 2127 3291 2196; x_wconf 78' lang='lat' dir='ltr'><strong>gloriam</strong></span> <span class='ocrx_word' id='word_1_438' title='bbox 3317 2127 3362 2158; x_wconf 81' lang='lat'>“</span> <span class='ocrx_word' id='word_1_439' title='bbox 3388 2141 3472 2182; x_wconf 84' lang='lat' dir='ltr'><strong>ca-</strong></span> 
     </span>
    </p>
   </div>
   <div class='ocr_carea' id='block_1_58' title="bbox 1908 2215 3481 2288">
    <p class='ocr_par' dir='ltr' id='par_1_58' title="bbox 1908 2215 3481 2288">
     <span class='ocr_line' id='line_1_58' title="bbox 1908 2215 3481 2288; baseline 0.002 -18"><span class='ocrx_word' id='word_1_440' title='bbox 1908 2217 2122 2271; x_wconf 73' lang='lat' dir='ltr'><strong>tholica:</strong></span> <span class='ocrx_word' id='word_1_441' title='bbox 2149 2215 2404 2270; x_wconf 70' lang='lat' dir='ltr'><strong>Ecclesiae</strong></span> <span class='ocrx_word' id='word_1_442' title='bbox 2434 2216 2653 2286; x_wconf 84' lang='lat' dir='ltr'><strong>prepria</strong></span> <span class='ocrx_word' id='word_1_443' title='bbox 2676 2217 2934 2283; x_wconf 89' lang='lat' dir='ltr'><strong>novitate,</strong></span> <span class='ocrx_word' id='word_1_444' title='bbox 2965 2218 3080 2274; x_wconf 84' lang='lat' dir='ltr'><strong>sive</strong></span> <span class='ocrx_word' id='word_1_445' title='bbox 3109 2233 3203 2287; x_wconf 87' lang='lat' dir='ltr'><strong>per</strong></span> <span class='ocrx_word' id='word_1_446' title='bbox 3233 2233 3297 2273; x_wconf 86' lang='lat' dir='ltr'><strong>ea</strong></span> <span class='ocrx_word' id='word_1_447' title='bbox 3361 2234 3481 2288; x_wconf 74' lang='lat' dir='ltr'><strong>qua:</strong></span> 
     </span>
    </p>
   </div>
   <div class='ocr_carea' id='block_1_59' title="bbox 1905 2305 3478 2377">
    <p class='ocr_par' dir='ltr' id='par_1_59' title="bbox 1905 2305 3478 2377">
     <span class='ocr_line' id='line_1_59' title="bbox 1905 2305 3478 2377; baseline -0.003 -15"><span class='ocrx_word' id='word_1_448' title='bbox 1905 2309 2097 2362; x_wconf 91' lang='lat' dir='ltr'><strong>illicite</strong></span> <span class='ocrx_word' id='word_1_449' title='bbox 2143 2307 2200 2361; x_wconf 90' lang='lat' dir='ltr'><strong>in</strong></span> <span class='ocrx_word' id='word_1_450' title='bbox 2245 2307 2365 2374; x_wconf 87' lang='lat' dir='ltr'><strong>ejus</strong></span> <span class='ocrx_word' id='word_1_451' title='bbox 2402 2305 2717 2362; x_wconf 75' lang='lat' dir='ltr'><strong>defensione</strong></span> <span class='ocrx_word' id='word_1_452' title='bbox 2764 2315 2918 2377; x_wconf 86' lang='lat' dir='ltr'><strong>gesta</strong></span> <span class='ocrx_word' id='word_1_453' title='bbox 2983 2315 3139 2369; x_wconf 59' lang='lat' dir='ltr'><strong>sunt;</strong></span> <span class='ocrx_word' id='word_1_454' title='bbox 3170 2308 3478 2363; x_wconf 68' lang='lat' dir='ltr'><strong>haereticam</strong></span> 
     </span>
    </p>
   </div>
   <div class='ocr_carea' id='block_1_60' title="bbox 1906 2397 3479 2466">
    <p class='ocr_par' dir='ltr' id='par_1_60' title="bbox 1906 2397 3479 2466">
     <span class='ocr_line' id='line_1_60' title="bbox 1906 2397 3479 2466; baseline -0.002 -14"><span class='ocrx_word' id='word_1_455' title='bbox 1906 2397 2292 2452; x_wconf 88' lang='lat' dir='ltr'><strong>turbulentiam</strong></span> <span class='ocrx_word' id='word_1_456' title='bbox 2344 2397 2778 2461; x_wconf 89' lang='lat' dir='ltr'><strong>introducentes,</strong></span> <span class='ocrx_word' id='word_1_457' title='bbox 2815 2397 2949 2451; x_wconf 92' lang='lat' dir='ltr'><strong>illud</strong></span> <span class='ocrx_word' id='word_1_458' title='bbox 2998 2403 3373 2466; x_wconf 87' lang='lat' dir='ltr'><strong>competenter</strong></span> <span class='ocrx_word' id='word_1_459' title='bbox 3413 2397 3479 2450; x_wconf 89' lang='lat' dir='ltr'><strong>ad</strong></span> 
     </span>
    </p>
   </div>
   <div class='ocr_carea' id='block_1_61' title="bbox 1905 2486 3478 2560">
    <p class='ocr_par' dir='ltr' id='par_1_61' title="bbox 1905 2486 3478 2560">
     <span class='ocr_line' id='line_1_61' title="bbox 1905 2486 3478 2560; baseline -0.001 -18"><span class='ocrx_word' id='word_1_460' title='bbox 1905 2505 2005 2544; x_wconf 89' lang='lat' dir='ltr'><strong>nos</strong></span> <span class='ocrx_word' id='word_1_461' title='bbox 2035 2490 2351 2547; x_wconf 88' lang='lat' dir='ltr'><strong>retinentes.</strong></span> <span class='ocrx_word' id='word_1_462' title='bbox 2381 2489 2525 2560; x_wconf 91' lang='lat' dir='ltr'><strong>quod</strong></span> <span class='ocrx_word' id='word_1_463' title='bbox 2557 2489 2694 2543; x_wconf 85' lang='lat' dir='ltr'><strong>bene</strong></span> <span class='ocrx_word' id='word_1_464' title='bbox 2729 2488 2797 2542; x_wconf 89' lang='lat' dir='ltr'><strong>ad</strong></span> <span class='ocrx_word' id='word_1_465' title='bbox 2826 2486 3012 2544; x_wconf 84' lang='lat' dir='ltr'><strong>Jesum</strong></span> <span class='ocrx_word' id='word_1_466' title='bbox 3041 2488 3235 2542; x_wconf 86' lang='lat' dir='ltr'><strong>Filium</strong></span> <span class='ocrx_word' id='word_1_467' title='bbox 3266 2488 3478 2544; x_wconf 89' lang='lat' dir='ltr'><strong>Siracbi</strong></span> 
     </span>
    </p>
   </div>
   <div class='ocr_carea' id='block_1_62' title="bbox 1904 2577 3482 2650">
    <p class='ocr_par' dir='ltr' id='par_1_62' title="bbox 1904 2577 3482 2650">
     <span class='ocr_line' id='line_1_62' title="bbox 1904 2577 3482 2650; baseline -0.001 -17"><span class='ocrx_word' id='word_1_468' title='bbox 1904 2580 2109 2634; x_wconf 89' lang='lat' dir='ltr'><strong>dictum</strong></span> <span class='ocrx_word' id='word_1_469' title='bbox 2153 2588 2274 2634; x_wconf 89' lang='lat' dir='ltr'><strong>est:</strong></span> <span class='ocrx_word' id='word_1_470' title='bbox 2306 2577 2478 2650; x_wconf 83' lang='lat' dir='ltr'><strong>Usque</strong></span> <span class='ocrx_word' id='word_1_471' title='bbox 2503 2579 2570 2634; x_wconf 89' lang='lat' dir='ltr'><strong>ad</strong></span> <span class='ocrx_word' id='word_1_472' title='bbox 2607 2589 2826 2632; x_wconf 85' lang='lat' dir='ltr'><strong>mortem</strong></span> <span class='ocrx_word' id='word_1_473' title='bbox 2858 2587 3000 2632; x_wconf 88' lang='lat' dir='ltr'><strong>certa</strong></span> <span class='ocrx_word' id='word_1_474' title='bbox 3028 2595 3124 2648; x_wconf 90' lang='lat' dir='ltr'><strong>pro</strong></span> <span class='ocrx_word' id='word_1_475' title='bbox 3166 2579 3401 2641; x_wconf 71' lang='lat' dir='ltr'><strong>veritate,</strong></span> <span class='ocrx_word' id='word_1_476' title='bbox 3433 2588 3482 2632; x_wconf 90' lang='lat' dir='ltr'><strong>et</strong></span> 
     </span>
    </p>
   </div>
   <div class='ocr_carea' id='block_1_63' title="bbox 1906 2668 3483 2739">
    <p class='ocr_par' dir='ltr' id='par_1_63' title="bbox 1906 2668 3483 2739">
     <span class='ocr_line' id='line_1_63' title="bbox 1906 2668 3483 2739; baseline 0 -17"><span class='ocrx_word' id='word_1_477' title='bbox 1906 2669 2160 2724; x_wconf 87' lang='lat' dir='ltr'><strong>Dominus</strong></span> <span class='ocrx_word' id='word_1_478' title='bbox 2204 2669 2454 2738; x_wconf 84' lang='lat' dir='ltr'><strong>pugnabit</strong></span> <span class='ocrx_word' id='word_1_479' title='bbox 2488 2685 2581 2738; x_wconf 88' lang='lat' dir='ltr'><strong>pro</strong></span> <span class='ocrx_word' id='word_1_480' title='bbox 2625 2679 2671 2724; x_wconf 88' lang='lat' dir='ltr'><strong>te</strong></span> <span class='ocrx_word' id='word_1_481' title='bbox 2695 2670 2759 2724; x_wconf 88' lang='grc'><strong>¹⁷.</strong></span> <span class='ocrx_word' id='word_1_482' title='bbox 2790 2668 2963 2738; x_wconf 87' lang='lat' dir='ltr'><strong>liujus</strong></span> <span class='ocrx_word' id='word_1_483' title='bbox 3004 2669 3082 2722; x_wconf 91' lang='lat' dir='ltr'><strong>rei</strong></span> <span class='ocrx_word' id='word_1_484' title='bbox 3133 2671 3305 2739; x_wconf 89' lang='lat' dir='ltr'><strong>gratia</strong></span> <span class='ocrx_word' id='word_1_485' title='bbox 3357 2670 3483 2723; x_wconf 88' lang='lat' dir='ltr'><strong>uni-</strong></span> 
     </span>
    </p>
   </div>
   <div class='ocr_carea' id='block_1_64' title="bbox 1904 2759 3482 2816">
    <p class='ocr_par' dir='ltr' id='par_1_64' title="bbox 1904 2759 3482 2816">
     <span class='ocr_line' id='line_1_64' title="bbox 1904 2759 3482 2816; baseline 0 -2"><span class='ocrx_word' id='word_1_486' title='bbox 1904 2762 2132 2816; x_wconf 87' lang='lat' dir='ltr'><strong>versalis</strong></span> <span class='ocrx_word' id='word_1_487' title='bbox 2167 2761 2322 2816; x_wconf 89' lang='lat' dir='ltr'><strong>vobis</strong></span> <span class='ocrx_word' id='word_1_488' title='bbox 2367 2775 2398 2812; x_wconf 90' lang='lat' dir='ltr'><strong>a</strong></span> <span class='ocrx_word' id='word_1_489' title='bbox 2443 2759 2665 2816; x_wconf 88' lang='lat' dir='ltr'><strong>Christo</strong></span> <span class='ocrx_word' id='word_1_490' title='bbox 2690 2759 2820 2814; x_wconf 89' lang='lat' dir='ltr'><strong>Jcsu</strong></span> <span class='ocrx_word' id='word_1_491' title='bbox 2851 2762 3146 2814; x_wconf 89' lang='lat' dir='ltr'><strong>commissa</strong></span> <span class='ocrx_word' id='word_1_492' title='bbox 3183 2768 3268 2815; x_wconf 90' lang='lat' dir='ltr'><strong>est</strong></span> <span class='ocrx_word' id='word_1_493' title='bbox 3297 2759 3482 2814; x_wconf 63' lang='lat' dir='ltr'><strong>Eccle~</strong></span> 
     </span>
    </p>
   </div>
   <div class='ocr_carea' id='block_1_65' title="bbox 1906 2850 3483 2921">
    <p class='ocr_par' dir='ltr' id='par_1_65' title="bbox 1906 2850 3483 2921">
     <span class='ocr_line' id='line_1_65' title="bbox 1906 2850 3483 2921; baseline 0 -15"><span class='ocrx_word' id='word_1_494' title='bbox 1906 2852 2008 2914; x_wconf 90' lang='lat' dir='ltr'><strong>sia,</strong></span> <span class='ocrx_word' id='word_1_495' title='bbox 2042 2860 2099 2905; x_wconf 91' lang='lat' dir='ltr'><strong>ut</strong></span> <span class='ocrx_word' id='word_1_496' title='bbox 2123 2867 2220 2920; x_wconf 89' lang='lat' dir='ltr'><strong>pro</strong></span> <span class='ocrx_word' id='word_1_497' title='bbox 2247 2851 2500 2906; x_wconf 86' lang='lat' dir='ltr'><strong>omnibus</strong></span> <span class='ocrx_word' id='word_1_498' title='bbox 2527 2851 2803 2913; x_wconf 89' lang='lat' dir='ltr'><strong>laboretis,</strong></span> <span class='ocrx_word' id='word_1_499' title='bbox 2837 2858 2892 2905; x_wconf 90' lang='lat' dir='ltr'><strong>et</strong></span> <span class='ocrx_word' id='word_1_500' title='bbox 2919 2851 3137 2905; x_wconf 90' lang='lat' dir='ltr'><strong>cunctis</strong></span> <span class='ocrx_word' id='word_1_501' title='bbox 3159 2866 3314 2921; x_wconf 89' lang='lat' dir='ltr'><strong>opem</strong></span> <span class='ocrx_word' id='word_1_502' title='bbox 3342 2850 3483 2906; x_wconf 80' lang='lat' dir='ltr'><strong>ferre</strong></span> 
     </span>
    </p>
   </div>
   <div class='ocr_carea' id='block_1_66' title="bbox 1905 2941 3482 3012">
    <p class='ocr_par' dir='ltr' id='par_1_66' title="bbox 1905 2941 3482 3012">
     <span class='ocr_line' id='line_1_66' title="bbox 1905 2941 3482 3012; baseline -0.003 -16"><span class='ocrx_word' id='word_1_503' title='bbox 1905 2958 2014 2996; x_wconf 82' lang='lat' dir='ltr'><strong>non</strong></span> <span class='ocrx_word' id='word_1_504' title='bbox 2063 2943 2350 3012; x_wconf 85' lang='lat' dir='ltr'><strong>negligatis</strong></span> <span class='ocrx_word' id='word_1_505' title='bbox 2377 2961 2390 2996; x_wconf 91' lang='lat'><strong>:</strong></span> <span class='ocrx_word' id='word_1_506' title='bbox 2416 2941 2576 3008; x_wconf 84' lang='lat' dir='ltr'><strong>Quia,</strong></span> <span class='ocrx_word' id='word_1_507' title='bbox 2603 2941 2726 2995; x_wconf 88' lang='lat' dir='ltr'><strong>dum</strong></span> <span class='ocrx_word' id='word_1_508' title='bbox 2759 2942 2914 3011; x_wconf 80' lang='lat' dir='ltr'><strong>[ortis</strong></span> <span class='ocrx_word' id='word_1_509' title='bbox 2949 2951 3188 2996; x_wconf 87' lang='lat' dir='ltr'><strong>armatus</strong></span> <span class='ocrx_word' id='word_1_510' title='bbox 3243 2941 3482 2996; x_wconf 80' lang='lat' dir='ltr'><strong>custodit</strong></span> 
     </span>
    </p>
   </div>
   <div class='ocr_carea' id='block_1_67' title="bbox 1907 3034 3458 3104">
    <p class='ocr_par' dir='ltr' id='par_1_67' title="bbox 1907 3034 3458 3104">
     <span class='ocr_line' id='line_1_67' title="bbox 1907 3034 3458 3104; baseline -0.001 -17"><span class='ocrx_word' id='word_1_511' title='bbox 1907 3037 2103 3088; x_wconf 88' lang='lat' dir='ltr'><strong>atrium</strong></span> <span class='ocrx_word' id='word_1_512' title='bbox 2148 3050 2324 3097; x_wconf 88' lang='lat' dir='ltr'><strong>suum,</strong></span> <span class='ocrx_word' id='word_1_513' title='bbox 2361 3035 2417 3087; x_wconf 90' lang='lat' dir='ltr'><strong>in</strong></span> <span class='ocrx_word' id='word_1_514' title='bbox 2464 3049 2592 3102; x_wconf 69' lang='lat' dir='ltr'><strong>pare</strong></span> <span class='ocrx_word' id='word_1_515' title='bbox 2645 3043 2766 3088; x_wconf 87' lang='lat' dir='ltr'><strong>sunt</strong></span> <span class='ocrx_word' id='word_1_516' title='bbox 2800 3035 2978 3086; x_wconf 86' lang='lat' dir='ltr'><strong>omnia</strong></span> <span class='ocrx_word' id='word_1_517' title='bbox 3009 3049 3123 3104; x_wconf 76' lang='lat' dir='ltr'><strong>qua:</strong></span> <span class='ocrx_word' id='word_1_518' title='bbox 3157 3034 3387 3103; x_wconf 87' lang='lat' dir='ltr'><strong>possidet</strong></span> <span class='ocrx_word' id='word_1_519' title='bbox 3416 3035 3458 3064; x_wconf 75' lang='lat'><strong>“</strong></span> 
     </span>
    </p>
   </div>
   <div class='ocr_carea' id='block_1_68' title="bbox 1908 3124 3483 3193">
    <p class='ocr_par' dir='ltr' id='par_1_68' title="bbox 1908 3124 3483 3193">
     <span class='ocr_line' id='line_1_68' title="bbox 1908 3124 3483 3193; baseline -0.001 -17"><span class='ocrx_word' id='word_1_520' title='bbox 1908 3124 2138 3193; x_wconf 88' lang='lat' dir='ltr'><strong>Ideoque</strong></span> <span class='ocrx_word' id='word_1_521' title='bbox 2161 3131 2311 3177; x_wconf 91' lang='lat' dir='ltr'><strong>tanta</strong></span> <span class='ocrx_word' id='word_1_522' title='bbox 2344 3134 2566 3193; x_wconf 84' lang='lat' dir='ltr'><strong>urgente</strong></span> <span class='ocrx_word' id='word_1_523' title='bbox 2591 3124 2939 3185; x_wconf 89' lang='lat' dir='ltr'><strong>necessitate,</strong></span> <span class='ocrx_word' id='word_1_524' title='bbox 2971 3137 3314 3192; x_wconf 88' lang='lat' dir='ltr'><strong>summopere</strong></span> <span class='ocrx_word' id='word_1_525' title='bbox 3335 3138 3483 3176; x_wconf 28' lang='lat' dir='ltr'><strong>coms</strong></span> 
     </span>
    </p>
   </div>
   <div class='ocr_carea' id='block_1_69' title="bbox 1913 3212 3484 3285">
    <p class='ocr_par' dir='ltr' id='par_1_69' title="bbox 1913 3212 3484 3285">
     <span class='ocr_line' id='line_1_69' title="bbox 1913 3212 3484 3285; baseline 0 -17"><span class='ocrx_word' id='word_1_526' title='bbox 1913 3215 2134 3285; x_wconf 91' lang='lat' dir='ltr'><strong>primite</strong></span> <span class='ocrx_word' id='word_1_527' title='bbox 2164 3222 2346 3270; x_wconf 88' lang='lat' dir='ltr'><strong>vestra</strong></span> <span class='ocrx_word' id='word_1_528' title='bbox 2379 3229 2590 3269; x_wconf 87' lang='lat' dir='ltr'><strong>summa</strong></span> <span class='ocrx_word' id='word_1_529' title='bbox 2618 3214 2945 3268; x_wconf 88' lang='lat' dir='ltr'><strong>auctoritate</strong></span> <span class='ocrx_word' id='word_1_530' title='bbox 2974 3212 3224 3276; x_wconf 79' lang='lat' dir='ltr'><strong>infestos,</strong></span> <span class='ocrx_word' id='word_1_531' title='bbox 3249 3213 3484 3268; x_wconf 66' lang='lat' dir='ltr'><strong>relevate</strong></span> 
     </span>
    </p>
   </div>
   <div class='ocr_carea' id='block_1_70' title="bbox 1913 3305 3482 3377">
    <p class='ocr_par' dir='ltr' id='par_1_70' title="bbox 1913 3305 3482 3377">
     <span class='ocr_line' id='line_1_70' title="bbox 1913 3305 3482 3377; baseline -0.003 -16"><span class='ocrx_word' id='word_1_532' title='bbox 1913 3323 2228 3377; x_wconf 89' lang='lat' dir='ltr'><strong>oppressos,</strong></span> <span class='ocrx_word' id='word_1_533' title='bbox 2259 3317 2316 3361; x_wconf 91' lang='lat' dir='ltr'><strong>ut</strong></span> <span class='ocrx_word' id='word_1_534' title='bbox 2344 3307 2549 3375; x_wconf 88' lang='lat' dir='ltr'><strong>absque</strong></span> <span class='ocrx_word' id='word_1_535' title='bbox 2579 3307 2750 3376; x_wconf 87' lang='lat' dir='ltr'><strong>gravi,</strong></span> <span class='ocrx_word' id='word_1_536' title='bbox 2778 3305 3007 3359; x_wconf 91' lang='lat' dir='ltr'><strong>Domino</strong></span> <span class='ocrx_word' id='word_1_537' title='bbox 3031 3305 3352 3374; x_wconf 89' lang='lat' dir='ltr'><strong>opitulante,</strong></span> <span class='ocrx_word' id='word_1_538' title='bbox 3379 3305 3482 3359; x_wconf 74' lang='lat' dir='ltr'><strong>dil&#39;o</strong></span> 
     </span>
    </p>
   </div>
   <div class='ocr_carea' id='block_1_71' title="bbox 1914 3396 3485 3467">
    <p class='ocr_par' dir='ltr' id='par_1_71' title="bbox 1914 3396 3485 3467">
     <span class='ocr_line' id='line_1_71' title="bbox 1914 3396 3485 3467; baseline -0.001 -15"><span class='ocrx_word' id='word_1_539' title='bbox 1914 3397 2175 3460; x_wconf 89' lang='lat' dir='ltr'><strong>ﬁcultate,</strong></span> <span class='ocrx_word' id='word_1_540' title='bbox 2224 3398 2328 3467; x_wconf 87' lang='lat' dir='ltr'><strong>ipsi</strong></span> <span class='ocrx_word' id='word_1_541' title='bbox 2374 3405 2653 3467; x_wconf 88' lang='lat' dir='ltr'><strong>gratanter</strong></span> <span class='ocrx_word' id='word_1_542' title='bbox 2692 3399 2841 3450; x_wconf 93' lang='lat' dir='ltr'><strong>omni</strong></span> <span class='ocrx_word' id='word_1_543' title='bbox 2887 3404 3130 3466; x_wconf 87' lang='lat' dir='ltr'><strong>tempore</strong></span> <span class='ocrx_word' id='word_1_544' title='bbox 3174 3396 3485 3452; x_wconf 79' lang='lat' dir='ltr'><strong>sacriﬁcare</strong></span> 
     </span>
    </p>
   </div>
   <div class='ocr_carea' id='block_1_72' title="bbox 1913 3488 3484 3558">
    <p class='ocr_par' dir='ltr' id='par_1_72' title="bbox 1913 3488 3484 3558">
     <span class='ocr_line' id='line_1_72' title="bbox 1913 3488 3484 3558; baseline 0 -17"><span class='ocrx_word' id='word_1_545' title='bbox 1913 3504 2221 3544; x_wconf 90' lang='lat' dir='ltr'><strong>mereamur</strong></span> <span class='ocrx_word' id='word_1_546' title='bbox 2249 3489 2420 3544; x_wconf 70' lang='lat' dir='ltr'><strong>illaesi.</strong></span> <span class='ocrx_word' id='word_1_547' title='bbox 2462 3489 2526 3541; x_wconf 90' lang='lat' dir='ltr'><strong>Et</strong></span> <span class='ocrx_word' id='word_1_548' title='bbox 2557 3489 2889 3558; x_wconf 77' lang='lat' dir='ltr'><strong>subscriptio</strong></span> <span class='ocrx_word' id='word_1_549' title='bbox 2919 3507 2932 3542; x_wconf 92' lang='lat'>:</span> <span class='ocrx_word' id='word_1_550' title='bbox 2962 3488 3190 3547; x_wconf 64' lang='lat' dir='ltr'><strong>Aiterna</strong></span> <span class='ocrx_word' id='word_1_551' title='bbox 3226 3498 3276 3542; x_wconf 93' lang='lat' dir='ltr'><strong>te</strong></span> <span class='ocrx_word' id='word_1_552' title='bbox 3302 3497 3484 3542; x_wconf 88' lang='lat' dir='ltr'><strong>servet</strong></span> 
     </span>
    </p>
   </div>
   <div class='ocr_carea' id='block_1_73' title="bbox 1912 3577 3484 3648">
    <p class='ocr_par' dir='ltr' id='par_1_73' title="bbox 1912 3577 3484 3648">
     <span class='ocr_line' id='line_1_73' title="bbox 1912 3577 3484 3648; baseline 0 -17"><span class='ocrx_word' id='word_1_553' title='bbox 1912 3579 2198 3645; x_wconf 88' lang='lat' dir='ltr'><strong>Divinitas,</strong></span> <span class='ocrx_word' id='word_1_554' title='bbox 2247 3594 2340 3648; x_wconf 89' lang='lat' dir='ltr'><strong>per</strong></span> <span class='ocrx_word' id='word_1_555' title='bbox 2387 3579 2590 3634; x_wconf 88' lang='lat' dir='ltr'><strong>multos</strong></span> <span class='ocrx_word' id='word_1_556' title='bbox 2623 3594 2818 3642; x_wconf 87' lang='lat' dir='ltr'><strong>annos,</strong></span> <span class='ocrx_word' id='word_1_557' title='bbox 2874 3579 3221 3633; x_wconf 88' lang='lat' dir='ltr'><strong>sanctissime</strong></span> <span class='ocrx_word' id='word_1_558' title='bbox 3263 3577 3484 3631; x_wconf 81' lang='lat' dir='ltr'><strong>Patrutn</strong></span> 
     </span>
    </p>
   </div>
   <div class='ocr_carea' id='block_1_74' title="bbox 1910 3668 2324 3724">
    <p class='ocr_par' dir='ltr' id='par_1_74' title="bbox 1910 3668 2324 3724">
     <span class='ocr_line' id='line_1_74' title="bbox 1910 3668 2324 3724; baseline 0.002 -1"><span class='ocrx_word' id='word_1_559' title='bbox 1910 3668 2094 3724; x_wconf 89' lang='lat' dir='ltr'><strong>Pater.</strong></span> <span class='ocrx_word' id='word_1_560' title='bbox 2131 3669 2324 3724; x_wconf 87' lang='lat' dir='ltr'><strong>Amen.</strong></span> 
     </span>
    </p>
   </div>
   <div class='ocr_carea' id='block_1_75' title="bbox 1281 3870 2363 3940">
    <p class='ocr_par' dir='ltr' id='par_1_75' title="bbox 1281 3870 2363 3940">
     <span class='ocr_line' id='line_1_75' title="bbox 1281 3870 2363 3940; baseline 0.001 -15"><span class='ocrx_word' id='word_1_561' title='bbox 1281 3871 1609 3938; x_wconf 85' lang='lat' dir='ltr'><strong>Rescriptum</strong></span> <span class='ocrx_word' id='word_1_562' title='bbox 1641 3871 1836 3926; x_wconf 89' lang='lat' dir='ltr'><strong>Liberii</strong></span> <span class='ocrx_word' id='word_1_563' title='bbox 1859 3886 2008 3940; x_wconf 76' lang='lat' dir='ltr'><strong>papa:</strong></span> <span class='ocrx_word' id='word_1_564' title='bbox 2035 3871 2104 3924; x_wconf 89' lang='lat' dir='ltr'><strong>ad</strong></span> <span class='ocrx_word' id='word_1_565' title='bbox 2133 3870 2363 3926; x_wconf 87' lang='lat' dir='ltr'><strong>eosdem.</strong></span> 
     </span>
    </p>
   </div>
   <div class='ocr_carea' id='block_1_76' title="bbox 301 3987 1803 4052">
    <p class='ocr_par' dir='ltr' id='par_1_76' title="bbox 301 3987 1803 4052">
     <span class='ocr_line' id='line_1_76' title="bbox 301 3987 1803 4052; baseline -0.001 -11"><span class='ocrx_word' id='word_1_566' title='bbox 301 3987 667 4044; x_wconf 90' lang='lat' dir='ltr'><strong>Dilectissimo</strong></span> <span class='ocrx_word' id='word_1_567' title='bbox 697 3987 808 4043; x_wconf 91' lang='lat' dir='ltr'><strong>ﬁlio</strong></span> <span class='ocrx_word' id='word_1_568' title='bbox 830 3987 1152 4052; x_wconf 87' lang='lat' dir='ltr'><strong>Athanasio,</strong></span> <span class='ocrx_word' id='word_1_569' title='bbox 1180 3997 1232 4043; x_wconf 92' lang='lat' dir='ltr'><strong>et</strong></span> <span class='ocrx_word' id='word_1_570' title='bbox 1259 3987 1516 4042; x_wconf 90' lang='lat' dir='ltr'><strong>omnibus</strong></span> <span class='ocrx_word' id='word_1_571' title='bbox 1547 3988 1604 4041; x_wconf 92' lang='lat' dir='ltr'><strong>in</strong></span> <span class='ocrx_word' id='word_1_572' title='bbox 1637 4003 1803 4041; x_wconf 92' lang='lat' dir='ltr'><strong>unum</strong></span> 
     </span>
    </p>
   </div>
   <div class='ocr_carea' id='block_1_77' title="bbox 231 4079 1806 4154">
    <p class='ocr_par' dir='ltr' id='par_1_77' title="bbox 231 4079 1806 4154">
     <span class='ocr_line' id='line_1_77' title="bbox 231 4079 1806 4154; baseline -0.003 -15"><span class='ocrx_word' id='word_1_573' title='bbox 231 4082 599 4154; x_wconf 80' lang='lat' dir='ltr'><strong>congregatis,</strong></span> <span class='ocrx_word' id='word_1_574' title='bbox 633 4087 689 4137; x_wconf 90' lang='lat' dir='ltr'><strong>et</strong></span> <span class='ocrx_word' id='word_1_575' title='bbox 717 4081 785 4136; x_wconf 91' lang='lat' dir='ltr'><strong>de</strong></span> <span class='ocrx_word' id='word_1_576' title='bbox 815 4079 1103 4136; x_wconf 86' lang='lat' dir='ltr'><strong>Trinitatis</strong></span> <span class='ocrx_word' id='word_1_577' title='bbox 1135 4079 1240 4135; x_wconf 91' lang='lat' dir='ltr'><strong>ﬁde</strong></span> <span class='ocrx_word' id='word_1_578' title='bbox 1270 4087 1416 4136; x_wconf 90' lang='lat' dir='ltr'><strong>recte</strong></span> <span class='ocrx_word' id='word_1_579' title='bbox 1445 4079 1806 4135; x_wconf 87' lang='lat' dir='ltr'><strong>sentientibus</strong></span> 
     </span>
    </p>
   </div>
   <div class='ocr_carea' id='block_1_78' title="bbox 234 4170 1408 4245">
    <p class='ocr_par' dir='ltr' id='par_1_78' title="bbox 234 4170 1408 4245">
     <span class='ocr_line' id='line_1_78' title="bbox 234 4170 1408 4245; baseline -0.003 -18"><span class='ocrx_word' id='word_1_580' title='bbox 234 4171 612 4244; x_wconf 61' lang='lat' dir='ltr'><strong>Egyptiorum</strong></span> <span class='ocrx_word' id='word_1_581' title='bbox 644 4173 934 4243; x_wconf 87' lang='lat' dir='ltr'><strong>episc0pis.</strong></span> <span class='ocrx_word' id='word_1_582' title='bbox 967 4170 1219 4228; x_wconf 90' lang='lat' dir='ltr'><strong>Liberius</strong></span> <span class='ocrx_word' id='word_1_583' title='bbox 1251 4187 1408 4245; x_wconf 90' lang='lat' dir='ltr'><strong>papa.</strong></span> 
     </span>
    </p>
   </div>
   <div class='ocr_carea' id='block_1_79' title="bbox 306 4261 1804 4336">
    <p class='ocr_par' dir='ltr' id='par_1_79' title="bbox 306 4261 1804 4336">
     <span class='ocr_line' id='line_1_79' title="bbox 306 4261 1804 4336; baseline -0.003 -17"><span class='ocrx_word' id='word_1_584' title='bbox 306 4264 418 4336; x_wconf 66' lang='lat' dir='ltr'><strong>(i5)</strong></span> <span class='ocrx_word' id='word_1_585' title='bbox 461 4265 601 4319; x_wconf 91' lang='lat' dir='ltr'><strong>Olim</strong></span> <span class='ocrx_word' id='word_1_586' title='bbox 633 4272 686 4324; x_wconf 88' lang='lat' dir='ltr'><strong>et</strong></span> <span class='ocrx_word' id='word_1_587' title='bbox 712 4264 779 4318; x_wconf 90' lang='lat' dir='ltr'><strong>ab</strong></span> <span class='ocrx_word' id='word_1_588' title='bbox 802 4264 956 4317; x_wconf 90' lang='lat' dir='ltr'><strong>initio</strong></span> <span class='ocrx_word' id='word_1_589' title='bbox 978 4270 1184 4316; x_wconf 89' lang='lat' dir='ltr'><strong>tantam</strong></span> <span class='ocrx_word' id='word_1_590' title='bbox 1206 4261 1547 4332; x_wconf 88' lang='lat' dir='ltr'><strong>percepimus</strong></span> <span class='ocrx_word' id='word_1_591' title='bbox 1581 4277 1610 4316; x_wconf 90' lang='lat' dir='ltr'><strong>a</strong></span> <span class='ocrx_word' id='word_1_592' title='bbox 1646 4261 1804 4318; x_wconf 83' lang='lat' dir='ltr'><strong>beato</strong></span> 
     </span>
    </p>
   </div>
   <div class='ocr_carea' id='block_1_80' title="bbox 233 4353 1805 4427">
    <p class='ocr_par' dir='ltr' id='par_1_80' title="bbox 233 4353 1805 4427">
     <span class='ocr_line' id='line_1_80' title="bbox 233 4353 1805 4427; baseline -0.001 -17"><span class='ocrx_word' id='word_1_593' title='bbox 233 4353 396 4411; x_wconf 87' lang='lat' dir='ltr'><strong>Petro</strong></span> <span class='ocrx_word' id='word_1_594' title='bbox 429 4357 797 4427; x_wconf 87' lang='lat' dir='ltr'><strong>apostolorum</strong></span> <span class='ocrx_word' id='word_1_595' title='bbox 829 4356 1076 4426; x_wconf 89' lang='lat' dir='ltr'><strong>principe</strong></span> <span class='ocrx_word' id='word_1_596' title='bbox 1110 4354 1385 4418; x_wconf 88' lang='lat' dir='ltr'><strong>ﬁduciam,</strong></span> <span class='ocrx_word' id='word_1_597' title='bbox 1420 4361 1477 4407; x_wconf 91' lang='lat' dir='ltr'><strong>ut</strong></span> <span class='ocrx_word' id='word_1_598' title='bbox 1510 4353 1805 4408; x_wconf 85' lang='lat' dir='ltr'><strong>habeamus</strong></span> 
     </span>
    </p>
   </div>
   <div class='ocr_carea' id='block_1_81' title="bbox 232 4443 1804 4524">
    <p class='ocr_par' dir='ltr' id='par_1_81' title="bbox 232 4443 1804 4524">
     <span class='ocr_line' id='line_1_81' title="bbox 232 4443 1804 4524; baseline -0.004 -20"><span class='ocrx_word' id='word_1_599' title='bbox 232 4449 618 4512; x_wconf 81' lang='lat' dir='ltr'><strong>auctoritatem</strong></span> <span class='ocrx_word' id='word_1_600' title='bbox 652 4463 750 4524; x_wconf 90' lang='lat' dir='ltr'><strong>pro</strong></span> <span class='ocrx_word' id='word_1_601' title='bbox 789 4447 1085 4501; x_wconf 88' lang='lat' dir='ltr'><strong>universali</strong></span> <span class='ocrx_word' id='word_1_602' title='bbox 1115 4445 1358 4501; x_wconf 88' lang='lat' dir='ltr'><strong>Ecclesia</strong></span> <span class='ocrx_word' id='word_1_603' title='bbox 1381 4445 1448 4500; x_wconf 91' lang='lat' dir='ltr'><strong>ad</strong></span> <span class='ocrx_word' id='word_1_604' title='bbox 1474 4452 1675 4500; x_wconf 91' lang='lat' dir='ltr'><strong>rectam</strong></span> <span class='ocrx_word' id='word_1_605' title='bbox 1708 4443 1804 4498; x_wconf 77' lang='lat' dir='ltr'><strong>de-</strong></span> 
     </span>
    </p>
   </div>
   <div class='ocr_carea' id='block_1_82' title="bbox 1913 3985 3486 4058">
    <p class='ocr_par' dir='ltr' id='par_1_82' title="bbox 1913 3985 3486 4058">
     <span class='ocr_line' id='line_1_82' title="bbox 1913 3985 3486 4058; baseline 0 -16"><span class='ocrx_word' id='word_1_606' title='bbox 1913 4003 2076 4058; x_wconf 91' lang='lat' dir='ltr'><strong>super</strong></span> <span class='ocrx_word' id='word_1_607' title='bbox 2097 4001 2203 4056; x_wconf 86' lang='lat' dir='ltr'><strong>qua</strong></span> <span class='ocrx_word' id='word_1_608' title='bbox 2223 3995 2278 4042; x_wconf 88' lang='lat' dir='ltr'><strong>et</strong></span> <span class='ocrx_word' id='word_1_609' title='bbox 2312 3985 2423 4041; x_wconf 90' lang='lat' dir='ltr'><strong>Deo</strong></span> <span class='ocrx_word' id='word_1_610' title='bbox 2453 3987 2658 4056; x_wconf 89' lang='lat' dir='ltr'><strong>gratias</strong></span> <span class='ocrx_word' id='word_1_611' title='bbox 2688 3987 2994 4042; x_wconf 85' lang='lat' dir='ltr'><strong>uberrimas</strong></span> <span class='ocrx_word' id='word_1_612' title='bbox 3040 3987 3349 4043; x_wconf 86' lang='lat' dir='ltr'><strong>retulimus.</strong></span> <span class='ocrx_word' id='word_1_613' title='bbox 3377 3985 3486 4042; x_wconf 90' lang='lat' dir='ltr'><strong>Pro</strong></span> 
     </span>
    </p>
   </div>
   <div class='ocr_carea' id='block_1_83' title="bbox 1912 4079 3482 4152">
    <p class='ocr_par' dir='ltr' id='par_1_83' title="bbox 1912 4079 3482 4152">
     <span class='ocr_line' id='line_1_83' title="bbox 1912 4079 3482 4152; baseline 0.001 -19"><span class='ocrx_word' id='word_1_614' title='bbox 1912 4095 2017 4150; x_wconf 89' lang='lat' dir='ltr'><strong>qua</strong></span> <span class='ocrx_word' id='word_1_615' title='bbox 2039 4095 2148 4134; x_wconf 90' lang='lat' dir='ltr'><strong>non</strong></span> <span class='ocrx_word' id='word_1_616' title='bbox 2171 4079 2514 4134; x_wconf 86' lang='lat' dir='ltr'><strong>solummodo</strong></span> <span class='ocrx_word' id='word_1_617' title='bbox 2544 4081 2952 4152; x_wconf 88' lang='lat' dir='ltr'><strong>persecutiones</strong></span> <span class='ocrx_word' id='word_1_618' title='bbox 2995 4089 3046 4134; x_wconf 90' lang='lat' dir='ltr'><strong>et</strong></span> <span class='ocrx_word' id='word_1_619' title='bbox 3089 4079 3370 4148; x_wconf 90' lang='lat' dir='ltr'><strong>passiones</strong></span> <span class='ocrx_word' id='word_1_620' title='bbox 3393 4096 3482 4134; x_wconf 77' lang='lat' dir='ltr'><strong>su-</strong></span> 
     </span>
    </p>
   </div>
   <div class='ocr_carea' id='block_1_84' title="bbox 1911 4169 3486 4240">
    <p class='ocr_par' dir='ltr' id='par_1_84' title="bbox 1911 4169 3486 4240">
     <span class='ocr_line' id='line_1_84' title="bbox 1911 4169 3486 4240; baseline 0 -15"><span class='ocrx_word' id='word_1_621' title='bbox 1911 4171 2115 4225; x_wconf 91' lang='lat' dir='ltr'><strong>stinere</strong></span> <span class='ocrx_word' id='word_1_622' title='bbox 2137 4171 2421 4226; x_wconf 89' lang='lat' dir='ltr'><strong>vobiscum</strong></span> <span class='ocrx_word' id='word_1_623' title='bbox 2445 4172 2617 4240; x_wconf 88' lang='lat' dir='ltr'><strong>parati</strong></span> <span class='ocrx_word' id='word_1_624' title='bbox 2643 4186 2854 4231; x_wconf 89' lang='lat' dir='ltr'><strong>sumus,</strong></span> <span class='ocrx_word' id='word_1_625' title='bbox 2879 4170 2972 4225; x_wconf 90' lang='lat' dir='ltr'><strong>sed</strong></span> <span class='ocrx_word' id='word_1_626' title='bbox 3005 4171 3165 4223; x_wconf 88' lang='lat' dir='ltr'><strong>etiam</strong></span> <span class='ocrx_word' id='word_1_627' title='bbox 3191 4169 3236 4223; x_wconf 91' lang='lat' dir='ltr'><strong>si</strong></span> <span class='ocrx_word' id='word_1_628' title='bbox 3261 4185 3486 4225; x_wconf 85' lang='lat' dir='ltr'><strong>necesse</strong></span> 
     </span>
    </p>
   </div>
   <div class='ocr_carea' id='block_1_85' title="bbox 1912 4262 3485 4333">
    <p class='ocr_par' dir='ltr' id='par_1_85' title="bbox 1912 4262 3485 4333">
     <span class='ocr_line' id='line_1_85' title="bbox 1912 4262 3485 4333; baseline -0.001 -17"><span class='ocrx_word' id='word_1_629' title='bbox 1912 4262 2098 4324; x_wconf 83' lang='lat' dir='ltr'><strong>fuerit,</strong></span> <span class='ocrx_word' id='word_1_630' title='bbox 2126 4263 2264 4318; x_wconf 90' lang='lat' dir='ltr'><strong>mori</strong></span> <span class='ocrx_word' id='word_1_631' title='bbox 2297 4278 2393 4333; x_wconf 89' lang='lat' dir='ltr'><strong>pro</strong></span> <span class='ocrx_word' id='word_1_632' title='bbox 2417 4263 2620 4317; x_wconf 89' lang='lat' dir='ltr'><strong>Christi</strong></span> <span class='ocrx_word' id='word_1_633' title='bbox 2649 4262 2894 4326; x_wconf 88' lang='lat' dir='ltr'><strong>nomine,</strong></span> <span class='ocrx_word' id='word_1_634' title='bbox 2926 4262 2978 4314; x_wconf 91' lang='lat' dir='ltr'><strong>in</strong></span> <span class='ocrx_word' id='word_1_635' title='bbox 3009 4268 3271 4330; x_wconf 83' lang='lat' dir='ltr'><strong>quantum</strong></span> <span class='ocrx_word' id='word_1_636' title='bbox 3299 4269 3485 4332; x_wconf 85' lang='lat' dir='ltr'><strong>nostra</strong></span> 
     </span>
    </p>
   </div>
   <div class='ocr_carea' id='block_1_86' title="bbox 1913 4352 3541 4425">
    <p class='ocr_par' dir='ltr' id='par_1_86' title="bbox 1913 4352 3541 4425">
     <span class='ocr_line' id='line_1_86' title="bbox 1913 4352 3541 4425; baseline -0.002 -15"><span class='ocrx_word' id='word_1_637' title='bbox 1913 4355 2381 4424; x_wconf 82' lang='lat' dir='ltr'><strong>sinit-fragilitas,</strong></span> <span class='ocrx_word' id='word_1_638' title='bbox 2425 4370 2534 4408; x_wconf 92' lang='lat' dir='ltr'><strong>non</strong></span> <span class='ocrx_word' id='word_1_639' title='bbox 2586 4355 2916 4424; x_wconf 91' lang='lat' dir='ltr'><strong>respuimus.</strong></span> <span class='ocrx_word' id='word_1_640' title='bbox 2955 4352 3124 4425; x_wconf 87' lang='lat' dir='ltr'><strong>Igitur</strong></span> <span class='ocrx_word' id='word_1_641' title='bbox 3168 4353 3484 4423; x_wconf 69' lang='lat' dir='ltr'><strong>praedictum</strong></span> <span class='ocrx_word' id='word_1_642' title='bbox 3535 4376 3541 4381; x_wconf 83' lang='lat'><strong><em>-</em></strong></span> 
     </span>
    </p>
   </div>
   <div class='ocr_carea' id='block_1_87' title="bbox 1913 4443 3483 4515">
    <p class='ocr_par' dir='ltr' id='par_1_87' title="bbox 1913 4443 3483 4515">
     <span class='ocr_line' id='line_1_87' title="bbox 1913 4443 3483 4515; baseline -0.002 -14"><span class='ocrx_word' id='word_1_643' title='bbox 1913 4455 2187 4511; x_wconf 86' lang='lat' dir='ltr'><strong>sanctum,</strong></span> <span class='ocrx_word' id='word_1_644' title='bbox 2215 4455 2273 4498; x_wconf 88' lang='lat' dir='ltr'><strong>ut</strong></span> <span class='ocrx_word' id='word_1_645' title='bbox 2305 4447 2552 4515; x_wconf 84' lang='lat' dir='ltr'><strong>legimus,</strong></span> <span class='ocrx_word' id='word_1_646' title='bbox 2590 4445 2886 4498; x_wconf 82' lang='lat' dir='ltr'><strong>concilium</strong></span> <span class='ocrx_word' id='word_1_647' title='bbox 2915 4443 3159 4498; x_wconf 89' lang='lat' dir='ltr'><strong>deﬁnivit</strong></span> <span class='ocrx_word' id='word_1_648' title='bbox 3179 4443 3483 4508; x_wconf 65' lang='lat' dir='ltr'><strong>Nicaanum,</strong></span> 
     </span>
    </p>
   </div>
   <div class='ocr_carea' id='block_1_88' title="bbox 234 4519 3484 4611">
    <p class='ocr_par' dir='ltr' id='par_1_88' title="bbox 234 4519 3484 4611">
     <span class='ocr_line' id='line_1_88' title="bbox 234 4519 3484 4611; baseline -0.003 -10"><span class='ocrx_word' id='word_1_649' title='bbox 234 4545 562 4602; x_wconf 84' lang='lat' dir='ltr'><strong>fendendam</strong></span> <span class='ocrx_word' id='word_1_650' title='bbox 598 4519 778 4604; x_wconf 85' lang='lat' dir='ltr'><strong>ﬁdem,</strong></span> <span class='ocrx_word' id='word_1_651' title='bbox 810 4549 1082 4611; x_wconf 85' lang='lat' dir='ltr'><strong>quatenus</strong></span> <span class='ocrx_word' id='word_1_652' title='bbox 1099 4539 1232 4593; x_wconf 90' lang='lat' dir='ltr'><strong>nulli</strong></span> <span class='ocrx_word' id='word_1_653' title='bbox 1265 4539 1426 4594; x_wconf 87' lang='lat' dir='ltr'><strong>liceat</strong></span> <span class='ocrx_word' id='word_1_654' title='bbox 1453 4545 1655 4593; x_wconf 89' lang='lat' dir='ltr'><strong>statum</strong></span> <span class='ocrx_word' id='word_1_655' title='bbox 1679 4552 1804 4592; x_wconf 77' lang='lat' dir='ltr'><strong>san-</strong></span> <span class='ocrx_word' id='word_1_656' title='bbox 1839 4519 1882 4573; x_wconf 80' lang='grc' dir='ltr'><strong>Ῑ)</strong></span> <span class='ocrx_word' id='word_1_657' title='bbox 1913 4538 2029 4608; x_wconf 76' lang='grc'><strong>(46)</strong></span> <span class='ocrx_word' id='word_1_658' title='bbox 2057 4538 2216 4590; x_wconf 89' lang='lat' dir='ltr'><strong>aliam</strong></span> <span class='ocrx_word' id='word_1_659' title='bbox 2268 4539 2423 4592; x_wconf 89' lang='lat' dir='ltr'><strong>ﬁdem</strong></span> <span class='ocrx_word' id='word_1_660' title='bbox 2473 4540 2606 4593; x_wconf 89' lang='lat' dir='ltr'><strong>nulli</strong></span> <span class='ocrx_word' id='word_1_661' title='bbox 2638 4539 2802 4593; x_wconf 89' lang='lat' dir='ltr'><strong>licere</strong></span> <span class='ocrx_word' id='word_1_662' title='bbox 2835 4536 3081 4608; x_wconf 77' lang='lat' dir='ltr'><strong>proferre</strong></span> <span class='ocrx_word' id='word_1_663' title='bbox 3113 4543 3206 4590; x_wconf 89' lang='lat' dir='ltr'><strong>aut</strong></span> <span class='ocrx_word' id='word_1_664' title='bbox 3233 4536 3484 4592; x_wconf 85' lang='lat' dir='ltr'><strong>conscri-</strong></span> 
     </span>
    </p>
   </div>
   <div class='ocr_carea' id='block_1_89' title="bbox 231 4630 1807 4690">
    <p class='ocr_par' dir='ltr' id='par_1_89' title="bbox 231 4630 1807 4690">
     <span class='ocr_line' id='line_1_89' title="bbox 231 4630 1807 4690; baseline -0.005 0"><span class='ocrx_word' id='word_1_665' title='bbox 231 4642 335 4690; x_wconf 64' lang='grc' dir='ltr'><strong>σιω</strong></span> <span class='ocrx_word' id='word_1_666' title='bbox 374 4631 630 4688; x_wconf 76' lang='lat' dir='ltr'><strong>Ecclesia:</strong></span> <span class='ocrx_word' id='word_1_667' title='bbox 681 4644 1024 4684; x_wconf 87' lang='lat' dir='ltr'><strong>commovere</strong></span> <span class='ocrx_word' id='word_1_668' title='bbox 1062 4630 1128 4684; x_wconf 90' lang='lat' dir='ltr'><strong>ad</strong></span> <span class='ocrx_word' id='word_1_669' title='bbox 1182 4630 1456 4683; x_wconf 66' lang='lat' dir='ltr'><strong>laesionem</strong></span> <span class='ocrx_word' id='word_1_670' title='bbox 1501 4635 1646 4682; x_wconf 88' lang='lat' dir='ltr'><strong>recte</strong></span> <span class='ocrx_word' id='word_1_671' title='bbox 1687 4643 1807 4683; x_wconf 86' lang='lat' dir='ltr'><strong>cre-</strong></span> 
     </span>
    </p>
   </div>
   <div class='ocr_carea' id='block_1_90' title="bbox 231 4718 1805 4791">
    <p class='ocr_par' dir='ltr' id='par_1_90' title="bbox 231 4718 1805 4791">
     <span class='ocr_line' id='line_1_90' title="bbox 231 4718 1805 4791; baseline -0.004 -11"><span class='ocrx_word' id='word_1_672' title='bbox 231 4726 500 4790; x_wconf 87' lang='lat' dir='ltr'><strong>dentium,</strong></span> <span class='ocrx_word' id='word_1_673' title='bbox 548 4723 754 4791; x_wconf 88' lang='lat' dir='ltr'><strong>absque</strong></span> <span class='ocrx_word' id='word_1_674' title='bbox 793 4720 877 4775; x_wconf 91' lang='lat' dir='ltr'><strong>sui</strong></span> <span class='ocrx_word' id='word_1_675' title='bbox 919 4719 1163 4790; x_wconf 87' lang='lat' dir='ltr'><strong>periculo</strong></span> <span class='ocrx_word' id='word_1_676' title='bbox 1196 4719 1441 4773; x_wconf 88' lang='lat' dir='ltr'><strong>honoris.</strong></span> <span class='ocrx_word' id='word_1_677' title='bbox 1501 4718 1805 4788; x_wconf 89' lang='lat' dir='ltr'><strong>Epistolam</strong></span> 
     </span>
    </p>
   </div>
   <div class='ocr_carea' id='block_1_91' title="bbox 233 4811 1854 4888">
    <p class='ocr_par' dir='ltr' id='par_1_91' title="bbox 233 4811 1854 4888">
     <span class='ocr_line' id='line_1_91' title="bbox 233 4811 1854 4888; baseline -0.008 -13"><span class='ocrx_word' id='word_1_678' title='bbox 233 4817 504 4888; x_wconf 90' lang='lat' dir='ltr'><strong>siquidem</strong></span> <span class='ocrx_word' id='word_1_679' title='bbox 530 4825 769 4871; x_wconf 90' lang='lat' dir='ltr'><strong>vestram</strong></span> <span class='ocrx_word' id='word_1_680' title='bbox 794 4813 1063 4884; x_wconf 88' lang='lat' dir='ltr'><strong>nobisque</strong></span> <span class='ocrx_word' id='word_1_681' title='bbox 1096 4811 1386 4874; x_wconf 89' lang='lat' dir='ltr'><strong>directam,</strong></span> <span class='ocrx_word' id='word_1_682' title='bbox 1429 4818 1554 4865; x_wconf 87' lang='lat' dir='ltr'><strong>ante</strong></span> <span class='ocrx_word' id='word_1_683' title='bbox 1584 4827 1685 4866; x_wconf 85' lang='lat' dir='ltr'><strong>nos</strong></span> <span class='ocrx_word' id='word_1_684' title='bbox 1721 4825 1796 4864; x_wconf 86' lang='lat' dir='ltr'><strong>re-</strong></span> <span class='ocrx_word' id='word_1_685' title='bbox 1845 4851 1854 4862; x_wconf 92' lang='lat'><strong>.</strong></span> 
     </span>
    </p>
   </div>
   <div class='ocr_carea' id='block_1_92' title="bbox 232 4903 1807 4975">
    <p class='ocr_par' dir='ltr' id='par_1_92' title="bbox 232 4903 1807 4975">
     <span class='ocr_line' id='line_1_92' title="bbox 232 4903 1807 4975; baseline -0.006 -9"><span class='ocrx_word' id='word_1_686' title='bbox 232 4909 390 4966; x_wconf 86' lang='lat' dir='ltr'><strong>citari</strong></span> <span class='ocrx_word' id='word_1_687' title='bbox 419 4907 668 4969; x_wconf 81' lang='lat' dir='ltr'><strong>fecimus,</strong></span> <span class='ocrx_word' id='word_1_688' title='bbox 705 4904 1088 4960; x_wconf 87' lang='lat' dir='ltr'><strong>tribulationes</strong></span> <span class='ocrx_word' id='word_1_689' title='bbox 1118 4910 1172 4958; x_wconf 90' lang='lat' dir='ltr'><strong>et</strong></span> <span class='ocrx_word' id='word_1_690' title='bbox 1202 4903 1632 4975; x_wconf 90' lang='lat' dir='ltr'><strong>persecutiones,</strong></span> <span class='ocrx_word' id='word_1_691' title='bbox 1669 4917 1807 4972; x_wconf 89' lang='lat' dir='ltr'><strong>quas</strong></span> 
     </span>
    </p>
   </div>
   <div class='ocr_carea' id='block_1_93' title="bbox 231 4993 1806 5076">
    <p class='ocr_par' dir='ltr' id='par_1_93' title="bbox 231 4993 1806 5076">
     <span class='ocr_line' id='line_1_93' title="bbox 231 4993 1806 5076; baseline -0.004 -22"><span class='ocrx_word' id='word_1_692' title='bbox 231 5016 333 5076; x_wconf 83' lang='lat' dir='ltr'><strong>pr,o</strong></span> <span class='ocrx_word' id='word_1_693' title='bbox 366 5007 516 5054; x_wconf 89' lang='lat' dir='ltr'><strong>recta</strong></span> <span class='ocrx_word' id='word_1_694' title='bbox 546 4996 650 5051; x_wconf 91' lang='lat' dir='ltr'><strong>ﬁde</strong></span> <span class='ocrx_word' id='word_1_695' title='bbox 675 4995 946 5066; x_wconf 90' lang='lat' dir='ltr'><strong>patimini,</strong></span> <span class='ocrx_word' id='word_1_696' title='bbox 979 4995 1367 5050; x_wconf 80' lang='lat' dir='ltr'><strong>intelleximus.</strong></span> <span class='ocrx_word' id='word_1_697' title='bbox 1404 4993 1579 5064; x_wconf 87' lang='lat' dir='ltr'><strong>Super</strong></span> <span class='ocrx_word' id='word_1_698' title='bbox 1605 4994 1806 5063; x_wconf 88' lang='lat' dir='ltr'><strong>quibus</strong></span> 
     </span>
    </p>
   </div>
   <div class='ocr_carea' id='block_1_94' title="bbox 229 5087 1808 5156">
    <p class='ocr_par' dir='ltr' id='par_1_94' title="bbox 229 5087 1808 5156">
     <span class='ocr_line' id='line_1_94' title="bbox 229 5087 1808 5156; baseline -0.006 -7"><span class='ocrx_word' id='word_1_699' title='bbox 229 5102 286 5155; x_wconf 83' lang='lat' dir='ltr'><strong>et</strong></span> <span class='ocrx_word' id='word_1_700' title='bbox 307 5109 409 5148; x_wconf 89' lang='lat' dir='ltr'><strong>nos</strong></span> <span class='ocrx_word' id='word_1_701' title='bbox 433 5107 540 5146; x_wconf 89' lang='lat' dir='ltr'><strong>una</strong></span> <span class='ocrx_word' id='word_1_702' title='bbox 559 5089 839 5145; x_wconf 89' lang='lat' dir='ltr'><strong>vobiscum</strong></span> <span class='ocrx_word' id='word_1_703' title='bbox 860 5087 1238 5151; x_wconf 89' lang='lat' dir='ltr'><strong>condolemus,</strong></span> <span class='ocrx_word' id='word_1_704' title='bbox 1256 5095 1310 5143; x_wconf 90' lang='lat' dir='ltr'><strong>et</strong></span> <span class='ocrx_word' id='word_1_705' title='bbox 1335 5087 1584 5142; x_wconf 88' lang='lat' dir='ltr'><strong>laborare</strong></span> <span class='ocrx_word' id='word_1_706' title='bbox 1603 5101 1700 5156; x_wconf 89' lang='lat' dir='ltr'><strong>pro</strong></span> <span class='ocrx_word' id='word_1_707' title='bbox 1723 5101 1808 5140; x_wconf 86' lang='lat' dir='ltr'><strong>vo-</strong></span> 
     </span>
    </p>
   </div>
   <div class='ocr_carea' id='block_1_95' title="bbox 233 5178 1806 5254">
    <p class='ocr_par' dir='ltr' id='par_1_95' title="bbox 233 5178 1806 5254">
     <span class='ocr_line' id='line_1_95' title="bbox 233 5178 1806 5254; baseline -0.005 -15"><span class='ocrx_word' id='word_1_708' title='bbox 233 5186 340 5251; x_wconf 81' lang='lat' dir='ltr'><strong>bis,</strong></span> <span class='ocrx_word' id='word_1_709' title='bbox 376 5191 436 5239; x_wconf 91' lang='lat' dir='ltr'><strong>ut</strong></span> <span class='ocrx_word' id='word_1_710' title='bbox 468 5191 622 5254; x_wconf 86' lang='lat' dir='ltr'><strong>pater</strong></span> <span class='ocrx_word' id='word_1_711' title='bbox 649 5196 748 5252; x_wconf 90' lang='lat' dir='ltr'><strong>pro</strong></span> <span class='ocrx_word' id='word_1_712' title='bbox 797 5179 943 5244; x_wconf 89' lang='lat' dir='ltr'><strong>ﬁliis,</strong></span> <span class='ocrx_word' id='word_1_713' title='bbox 991 5181 1162 5254; x_wconf 89' lang='lat' dir='ltr'><strong>parati</strong></span> <span class='ocrx_word' id='word_1_714' title='bbox 1197 5197 1406 5236; x_wconf 91' lang='lat' dir='ltr'><strong>sumus.</strong></span> <span class='ocrx_word' id='word_1_715' title='bbox 1456 5178 1642 5233; x_wconf 89' lang='lat' dir='ltr'><strong>Fidem</strong></span> <span class='ocrx_word' id='word_1_716' title='bbox 1675 5194 1806 5232; x_wconf 84' lang='lat' dir='ltr'><strong>vero</strong></span> 
     </span>
    </p>
   </div>
   <div class='ocr_carea' id='block_1_96' title="bbox 230 5271 1805 5344">
    <p class='ocr_par' dir='ltr' id='par_1_96' title="bbox 230 5271 1805 5344">
     <span class='ocr_line' id='line_1_96' title="bbox 230 5271 1805 5344; baseline -0.006 -10"><span class='ocrx_word' id='word_1_717' title='bbox 230 5275 440 5334; x_wconf 75' lang='lat' dir='ltr'><strong>Nicami</strong></span> <span class='ocrx_word' id='word_1_718' title='bbox 460 5276 680 5343; x_wconf 77' lang='lat' dir='ltr'><strong>concilii</strong></span> <span class='ocrx_word' id='word_1_719' title='bbox 702 5274 756 5328; x_wconf 90' lang='lat' dir='ltr'><strong>in</strong></span> <span class='ocrx_word' id='word_1_720' title='bbox 779 5271 968 5329; x_wconf 89' lang='lat' dir='ltr'><strong>eadem</strong></span> <span class='ocrx_word' id='word_1_721' title='bbox 989 5274 1219 5344; x_wconf 86' lang='lat' dir='ltr'><strong>epistola</strong></span> <span class='ocrx_word' id='word_1_722' title='bbox 1250 5281 1455 5330; x_wconf 88' lang='lat' dir='ltr'><strong>rectam</strong></span> <span class='ocrx_word' id='word_1_723' title='bbox 1482 5273 1805 5342; x_wconf 88' lang='lat' dir='ltr'><strong>reperimus,</strong></span> 
     </span>
    </p>
   </div>
   <div class='ocr_carea' id='block_1_97' title="bbox 896 5495 1281 5552">
    <p class='ocr_par' dir='ltr' id='par_1_97' title="bbox 896 5495 1281 5552">
     <span class='ocr_line' id='line_1_97' title="bbox 896 5495 1281 5552; baseline -0.005 0"><span class='ocrx_word' id='word_1_724' title='bbox 896 5499 935 5530; x_wconf 84' lang='lat'>“</span> <span class='ocrx_word' id='word_1_725' title='bbox 980 5497 1108 5552; x_wconf 87' lang='lat' dir='ltr'><strong>ibid.</strong></span> <span class='ocrx_word' id='word_1_726' title='bbox 1140 5497 1172 5550; x_wconf 75' lang='grc' dir='ltr'><strong>ιι</strong></span> <span class='ocrx_word' id='word_1_727' title='bbox 1193 5537 1204 5550; x_wconf 90' lang='grc'><em>.</em></span> 
     </span>
    </p>
   </div>
   <div class='ocr_carea' id='block_1_98' title="bbox 809 5567 1398 5635">
    <p class='ocr_par' dir='ltr' id='par_1_98' title="bbox 809 5567 1398 5635">
     <span class='ocr_line' id='line_1_98' title="bbox 809 5567 1398 5635; baseline -0.012 -9"><span class='ocrx_word' id='word_1_728' title='bbox 809 5570 851 5600; x_wconf 81' lang='grc'><strong>¹⁶</strong></span> <span class='ocrx_word' id='word_1_729' title='bbox 894 5568 1048 5624; x_wconf 67' lang='grc' dir='ltr'><strong>Ιέοιιι.</strong></span> <span class='ocrx_word' id='word_1_730' title='bbox 1089 5584 1137 5635; x_wconf 84' lang='grc' dir='ltr'>ι,</span> <span class='ocrx_word' id='word_1_731' title='bbox 1173 5567 1273 5629; x_wconf 71' lang='lat'><strong>‘22,</strong></span> <span class='ocrx_word' id='word_1_732' title='bbox 1309 5567 1398 5621; x_wconf 76' lang='lat'><strong>‘25.</strong></span> 
     </span>
    </p>
   </div>
   <div class='ocr_carea' id='block_1_99' title="bbox 321 5499 787 5558">
    <p class='ocr_par' dir='ltr' id='par_1_99' title="bbox 321 5499 787 5558">
     <span class='ocr_line' id='line_1_99' title="bbox 321 5499 787 5558; baseline 0 -4"><span class='ocrx_word' id='word_1_733' title='bbox 321 5499 368 5533; x_wconf 80' lang='lat'>“</span> <span class='ocrx_word' id='word_1_734' title='bbox 420 5499 564 5556; x_wconf 85' lang='lat' dir='ltr'><strong>Psal.</strong></span> <span class='ocrx_word' id='word_1_735' title='bbox 622 5518 682 5558; x_wconf 80' lang='lat' dir='ltr'><strong>li.</strong></span> <span class='ocrx_word' id='word_1_736' title='bbox 735 5501 787 5554; x_wconf 79' lang='grc'><strong>5.</strong></span> 
     </span>
    </p>
   </div>
   <div class='ocr_carea' id='block_1_100' title="bbox 231 5569 726 5631">
    <p class='ocr_par' dir='ltr' id='par_1_100' title="bbox 231 5569 726 5631">
     <span class='ocr_line' id='line_1_100' title="bbox 231 5569 726 5631; baseline -0.006 -4"><span class='ocrx_word' id='word_1_737' title='bbox 231 5569 280 5606; x_wconf 80' lang='grc'>¹⁸</span> <span class='ocrx_word' id='word_1_738' title='bbox 315 5569 498 5629; x_wconf 74' lang='lat' dir='ltr'><strong>Judic.</strong></span> <span class='ocrx_word' id='word_1_739' title='bbox 535 5589 606 5626; x_wconf 87' lang='lat' dir='ltr'><strong>vu</strong></span> <span class='ocrx_word' id='word_1_740' title='bbox 629 5609 643 5631; x_wconf 91' lang='lat'><strong>,</strong></span> <span class='ocrx_word' id='word_1_741' title='bbox 673 5571 726 5625; x_wconf 75' lang='grc'><strong>4.</strong></span> 
     </span>
    </p>
   </div>
   <div class='ocr_carea' id='block_1_101' title="bbox 304 5727 885 5800">
    <p class='ocr_par' dir='ltr' id='par_1_101' title="bbox 304 5727 885 5800">
     <span class='ocr_line' id='line_1_101' title="bbox 304 5727 885 5800; baseline -0.029 -9"><span class='ocrx_word' id='word_1_742' title='bbox 304 5728 419 5796; x_wconf 64' lang='grc' dir='ltr'><strong>(ὦῦ)</strong></span> <span class='ocrx_word' id='word_1_743' title='bbox 454 5729 581 5794; x_wconf 83' lang='lat' dir='ltr'><strong>Leo,</strong></span> <span class='ocrx_word' id='word_1_744' title='bbox 606 5729 764 5800; x_wconf 75' lang='lat' dir='ltr'><strong>epist.</strong></span> <span class='ocrx_word' id='word_1_745' title='bbox 798 5727 885 5788; x_wconf 62' lang='grc'><strong>24.</strong></span> 
     </span>
    </p>
   </div>
   <div class='ocr_carea' id='block_1_102' title="bbox 1373 5492 2028 5554">
    <p class='ocr_par' dir='ltr' id='par_1_102' title="bbox 1373 5492 2028 5554">
     <span class='ocr_line' id='line_1_102' title="bbox 1373 5492 2028 5554; baseline -0.003 -4"><span class='ocrx_word' id='word_1_746' title='bbox 1373 5497 1415 5530; x_wconf 80' lang='grc'>¹¹</span> <span class='ocrx_word' id='word_1_747' title='bbox 1454 5493 1650 5554; x_wconf 84' lang='lat' dir='ltr'><strong>Jerem.</strong></span> <span class='ocrx_word' id='word_1_748' title='bbox 1695 5508 1804 5554; x_wconf 80' lang='lat' dir='ltr'><strong>xw,</strong></span> <span class='ocrx_word' id='word_1_749' title='bbox 1843 5492 2028 5548; x_wconf 70' lang='grc'><strong>14-16.</strong></span> 
     </span>
    </p>
   </div>
   <div class='ocr_carea' id='block_1_103' title="bbox 1479 5563 1951 5629">
    <p class='ocr_par' dir='ltr' id='par_1_103' title="bbox 1479 5563 1951 5629">
     <span class='ocr_line' id='line_1_103' title="bbox 1479 5563 1951 5629; baseline 0.013 -14"><span class='ocrx_word' id='word_1_750' title='bbox 1479 5565 1518 5596; x_wconf 83' lang='grc'><strong>¹⁷</strong></span> <span class='ocrx_word' id='word_1_751' title='bbox 1562 5563 1724 5618; x_wconf 88' lang='lat' dir='ltr'><strong>Eccli.</strong></span> <span class='ocrx_word' id='word_1_752' title='bbox 1764 5580 1836 5629; x_wconf 84' lang='lat' dir='ltr'><strong>Iv,</strong></span> <span class='ocrx_word' id='word_1_753' title='bbox 1870 5565 1951 5621; x_wconf 69' lang='grc' dir='ltr'><strong>ὅδε</strong></span> 
     </span>
    </p>
   </div>
   <div class='ocr_carea' id='block_1_104' title="bbox 1911 4627 3482 4700">
    <p class='ocr_par' dir='ltr' id='par_1_104' title="bbox 1911 4627 3482 4700">
     <span class='ocr_line' id='line_1_104' title="bbox 1911 4627 3482 4700; baseline -0.003 -16"><span class='ocrx_word' id='word_1_754' title='bbox 1911 4630 2062 4693; x_wconf 88' lang='lat' dir='ltr'><strong>bere,</strong></span> <span class='ocrx_word' id='word_1_755' title='bbox 2088 4631 2172 4684; x_wconf 85' lang='lat' dir='ltr'><strong>vel</strong></span> <span class='ocrx_word' id='word_1_756' title='bbox 2207 4645 2555 4700; x_wconf 86' lang='lat' dir='ltr'><strong>componere,</strong></span> <span class='ocrx_word' id='word_1_757' title='bbox 2589 4638 2684 4683; x_wconf 89' lang='lat' dir='ltr'><strong>aut</strong></span> <span class='ocrx_word' id='word_1_758' title='bbox 2715 4644 2928 4699; x_wconf 88' lang='lat' dir='ltr'><strong>sapere,</strong></span> <span class='ocrx_word' id='word_1_759' title='bbox 2965 4629 3048 4682; x_wconf 87' lang='lat' dir='ltr'><strong>vel</strong></span> <span class='ocrx_word' id='word_1_760' title='bbox 3079 4629 3276 4682; x_wconf 88' lang='lat' dir='ltr'><strong>docere</strong></span> <span class='ocrx_word' id='word_1_761' title='bbox 3306 4627 3482 4689; x_wconf 89' lang='lat' dir='ltr'><strong>aliter,</strong></span> 
     </span>
    </p>
   </div>
   <div class='ocr_carea' id='block_1_105' title="bbox 1913 4713 3486 4788">
    <p class='ocr_par' dir='ltr' id='par_1_105' title="bbox 1913 4713 3486 4788">
     <span class='ocr_line' id='line_1_105' title="bbox 1913 4713 3486 4788; baseline -0.004 -16"><span class='ocrx_word' id='word_1_762' title='bbox 1913 4735 2012 4773; x_wconf 88' lang='lat' dir='ltr'><strong>nec</strong></span> <span class='ocrx_word' id='word_1_763' title='bbox 2046 4717 2343 4788; x_wconf 83' lang='lat' dir='ltr'><strong>quidquam</strong></span> <span class='ocrx_word' id='word_1_764' title='bbox 2379 4719 2433 4771; x_wconf 91' lang='lat' dir='ltr'><strong>in</strong></span> <span class='ocrx_word' id='word_1_765' title='bbox 2459 4718 2561 4772; x_wconf 89' lang='lat' dir='ltr'><strong>lide</strong></span> <span class='ocrx_word' id='word_1_766' title='bbox 2586 4718 2791 4773; x_wconf 88' lang='lat' dir='ltr'><strong>sentire</strong></span> <span class='ocrx_word' id='word_1_767' title='bbox 2816 4724 2910 4770; x_wconf 89' lang='lat' dir='ltr'><strong>aut</strong></span> <span class='ocrx_word' id='word_1_768' title='bbox 2937 4713 3200 4784; x_wconf 81' lang='lat' dir='ltr'><strong>proferre,</strong></span> <span class='ocrx_word' id='word_1_769' title='bbox 3233 4713 3377 4782; x_wconf 89' lang='lat' dir='ltr'><strong>quod</strong></span> <span class='ocrx_word' id='word_1_770' title='bbox 3402 4713 3486 4767; x_wconf 92' lang='lat' dir='ltr'><strong>his</strong></span> 
     </span>
    </p>
   </div>
   <div class='ocr_carea' id='block_1_106' title="bbox 1911 4808 3484 4880">
    <p class='ocr_par' dir='ltr' id='par_1_106' title="bbox 1911 4808 3484 4880">
     <span class='ocr_line' id='line_1_106' title="bbox 1911 4808 3484 4880; baseline -0.004 -16"><span class='ocrx_word' id='word_1_771' title='bbox 1911 4808 2132 4864; x_wconf 86' lang='lat' dir='ltr'><strong>Patrum</strong></span> <span class='ocrx_word' id='word_1_772' title='bbox 2160 4811 2360 4880; x_wconf 78' lang='lat' dir='ltr'><strong>regulis</strong></span> <span class='ocrx_word' id='word_1_773' title='bbox 2398 4811 2572 4880; x_wconf 89' lang='lat' dir='ltr'><strong>possit</strong></span> <span class='ocrx_word' id='word_1_774' title='bbox 2602 4809 2844 4863; x_wconf 89' lang='lat' dir='ltr'><strong>obviare.</strong></span> <span class='ocrx_word' id='word_1_775' title='bbox 2871 4808 2974 4874; x_wconf 88' lang='lat' dir='ltr'><strong>Qui</strong></span> <span class='ocrx_word' id='word_1_776' title='bbox 3007 4815 3184 4860; x_wconf 91' lang='lat' dir='ltr'><strong>autem</strong></span> <span class='ocrx_word' id='word_1_777' title='bbox 3226 4820 3484 4874; x_wconf 62' lang='lat' dir='ltr'><strong>praesum-</strong></span> 
     </span>
    </p>
   </div>
   <div class='ocr_carea' id='block_1_107' title="bbox 1914 4895 3488 4972">
    <p class='ocr_par' dir='ltr' id='par_1_107' title="bbox 1914 4895 3488 4972">
     <span class='ocr_line' id='line_1_107' title="bbox 1914 4895 3488 4972; baseline -0.007 -14"><span class='ocrx_word' id='word_1_778' title='bbox 1914 4902 2086 4972; x_wconf 89' lang='lat' dir='ltr'><strong>pserit</strong></span> <span class='ocrx_word' id='word_1_779' title='bbox 2113 4903 2272 4955; x_wconf 90' lang='lat' dir='ltr'><strong>aliam</strong></span> <span class='ocrx_word' id='word_1_780' title='bbox 2309 4901 2468 4956; x_wconf 89' lang='lat' dir='ltr'><strong>ﬁdem</strong></span> <span class='ocrx_word' id='word_1_781' title='bbox 2491 4916 2840 4971; x_wconf 87' lang='lat' dir='ltr'><strong>componere.</strong></span> <span class='ocrx_word' id='word_1_782' title='bbox 2871 4907 2964 4952; x_wconf 89' lang='lat' dir='ltr'><strong>aut</strong></span> <span class='ocrx_word' id='word_1_783' title='bbox 2995 4897 3256 4967; x_wconf 81' lang='lat' dir='ltr'><strong>proferre,</strong></span> <span class='ocrx_word' id='word_1_784' title='bbox 3280 4896 3362 4949; x_wconf 90' lang='lat' dir='ltr'><strong>vel</strong></span> <span class='ocrx_word' id='word_1_785' title='bbox 3389 4895 3488 4947; x_wconf 71' lang='lat' dir='ltr'><strong>do~</strong></span> 
     </span>
    </p>
   </div>
   <div class='ocr_carea' id='block_1_108' title="bbox 1913 4985 3486 5063">
    <p class='ocr_par' dir='ltr' id='par_1_108' title="bbox 1913 4985 3486 5063">
     <span class='ocr_line' id='line_1_108' title="bbox 1913 4985 3486 5063; baseline -0.005 -16"><span class='ocrx_word' id='word_1_786' title='bbox 1913 5011 2056 5057; x_wconf 87' lang='lat' dir='ltr'><strong>cere,</strong></span> <span class='ocrx_word' id='word_1_787' title='bbox 2081 5000 2173 5046; x_wconf 89' lang='lat' dir='ltr'><strong>aut</strong></span> <span class='ocrx_word' id='word_1_788' title='bbox 2194 4993 2410 5046; x_wconf 88' lang='lat' dir='ltr'><strong>tradere</strong></span> <span class='ocrx_word' id='word_1_789' title='bbox 2433 4992 2578 5046; x_wconf 90' lang='lat' dir='ltr'><strong>aliud</strong></span> <span class='ocrx_word' id='word_1_790' title='bbox 2612 4992 2938 5063; x_wconf 72' lang='lat' dir='ltr'><strong>symbolum,</strong></span> <span class='ocrx_word' id='word_1_791' title='bbox 2965 4988 3032 5042; x_wconf 90' lang='lat' dir='ltr'><strong>ad</strong></span> <span class='ocrx_word' id='word_1_792' title='bbox 3073 4986 3214 5038; x_wconf 88' lang='lat' dir='ltr'><strong>viam</strong></span> <span class='ocrx_word' id='word_1_793' title='bbox 3239 4985 3486 5039; x_wconf 89' lang='lat' dir='ltr'><strong>veritatis</strong></span> 
     </span>
    </p>
   </div>
   <div class='ocr_carea' id='block_1_109' title="bbox 1913 5074 3485 5150">
    <p class='ocr_par' dir='ltr' id='par_1_109' title="bbox 1913 5074 3485 5150">
     <span class='ocr_line' id='line_1_109' title="bbox 1913 5074 3485 5150; baseline -0.006 -13"><span class='ocrx_word' id='word_1_794' title='bbox 1913 5085 2157 5138; x_wconf 81' lang='lat' dir='ltr'><strong>converti</strong></span> <span class='ocrx_word' id='word_1_795' title='bbox 2195 5083 2635 5138; x_wconf 87' lang='lat' dir='ltr'><strong>desiderantibus</strong></span> <span class='ocrx_word' id='word_1_796' title='bbox 2684 5082 2750 5136; x_wconf 92' lang='lat' dir='ltr'><strong>de</strong></span> <span class='ocrx_word' id='word_1_797' title='bbox 2797 5093 3122 5150; x_wconf 88' lang='lat' dir='ltr'><strong>quacunque</strong></span> <span class='ocrx_word' id='word_1_798' title='bbox 3152 5075 3368 5137; x_wconf 56' lang='lat' dir='ltr'><strong>haeresi,</strong></span> <span class='ocrx_word' id='word_1_799' title='bbox 3399 5074 3485 5128; x_wconf 83' lang='lat' dir='ltr'><strong>vel</strong></span> 
     </span>
    </p>
   </div>
   <div class='ocr_carea' id='block_1_110' title="bbox 1896 5165 3478 5245">
    <p class='ocr_par' dir='ltr' id='par_1_110' title="bbox 1896 5165 3478 5245">
     <span class='ocr_line' id='line_1_110' title="bbox 1896 5165 3478 5245; baseline -0.009 -14"><span class='ocrx_word' id='word_1_800' title='bbox 1896 5193 1978 5241; x_wconf 33' lang='lat' dir='ltr'><strong>lex</strong></span> <span class='ocrx_word' id='word_1_801' title='bbox 2014 5175 2218 5230; x_wconf 61' lang='lat' dir='ltr'><strong>Iudaeis</strong></span> <span class='ocrx_word' id='word_1_802' title='bbox 2257 5183 2350 5229; x_wconf 88' lang='lat' dir='ltr'><strong>aut</strong></span> <span class='ocrx_word' id='word_1_803' title='bbox 2375 5175 2601 5245; x_wconf 83' lang='lat' dir='ltr'><strong>paganis</strong></span> <span class='ocrx_word' id='word_1_804' title='bbox 2632 5174 2977 5228; x_wconf 84' lang='lat' dir='ltr'><strong>Christianos</strong></span> <span class='ocrx_word' id='word_1_805' title='bbox 3013 5185 3073 5224; x_wconf 88' lang='lat' dir='ltr'><strong>se</strong></span> <span class='ocrx_word' id='word_1_806' title='bbox 3116 5167 3229 5220; x_wconf 86' lang='lat' dir='ltr'><strong>ﬁeri</strong></span> <span class='ocrx_word' id='word_1_807' title='bbox 3259 5165 3478 5219; x_wconf 85' lang='lat' dir='ltr'><strong>volenti-</strong></span> 
     </span>
    </p>
   </div>
   <div class='ocr_carea' id='block_1_111' title="bbox 1914 5259 3477 5338">
    <p class='ocr_par' dir='ltr' id='par_1_111' title="bbox 1914 5259 3477 5338">
     <span class='ocr_line' id='line_1_111' title="bbox 1914 5259 3477 5338; baseline -0.006 -15"><span class='ocrx_word' id='word_1_808' title='bbox 1914 5270 2049 5338; x_wconf 41' lang='lat' dir='ltr'><strong>busz;</strong></span> <span class='ocrx_word' id='word_1_809' title='bbox 2071 5269 2128 5322; x_wconf 89' lang='lat' dir='ltr'><strong>bi</strong></span> <span class='ocrx_word' id='word_1_810' title='bbox 2161 5269 2205 5322; x_wconf 90' lang='lat' dir='ltr'><strong>si</strong></span> <span class='ocrx_word' id='word_1_811' title='bbox 2232 5267 2474 5337; x_wconf 83' lang='lat' dir='ltr'><strong>episcopi</strong></span> <span class='ocrx_word' id='word_1_812' title='bbox 2499 5265 2702 5320; x_wconf 81' lang='lat' dir='ltr'><strong>fuerint</strong></span> <span class='ocrx_word' id='word_1_813' title='bbox 2725 5272 2817 5319; x_wconf 90' lang='lat' dir='ltr'><strong>aut</strong></span> <span class='ocrx_word' id='word_1_814' title='bbox 2843 5264 3050 5326; x_wconf 84' lang='lat' dir='ltr'><strong>clerici,</strong></span> <span class='ocrx_word' id='word_1_815' title='bbox 3085 5262 3349 5315; x_wconf 86' lang='lat' dir='ltr'><strong>alienatos</strong></span> <span class='ocrx_word' id='word_1_816' title='bbox 3372 5259 3477 5330; x_wconf 83' lang='lat' dir='ltr'><strong>qui-</strong></span> 
     </span>
    </p>
   </div>
   <div class='ocr_carea' id='block_1_112' title="bbox 2145 5481 3476 5555">
    <p class='ocr_par' dir='ltr' id='par_1_112' title="bbox 2145 5481 3476 5555">
     <span class='ocr_line' id='line_1_112' title="bbox 2145 5481 3476 5555; baseline 0.001 -12"><span class='ocrx_word' id='word_1_817' title='bbox 2145 5491 2186 5522; x_wconf 82' lang='grc'>¹³</span> <span class='ocrx_word' id='word_1_818' title='bbox 2244 5491 2401 5544; x_wconf 86' lang='lat' dir='ltr'><strong>Prov.</strong></span> <span class='ocrx_word' id='word_1_819' title='bbox 2462 5505 2548 5555; x_wconf 85' lang='lat' dir='ltr'><strong>vi,</strong></span> <span class='ocrx_word' id='word_1_820' title='bbox 2605 5489 2757 5552; x_wconf 70' lang='lat'><strong>2,5.</strong></span> <span class='ocrx_word' id='word_1_821' title='bbox 2887 5489 2929 5519; x_wconf 76' lang='lat'>”</span> <span class='ocrx_word' id='word_1_822' title='bbox 2971 5486 3116 5543; x_wconf 83' lang='lat' dir='ltr'><strong>Psal.</strong></span> <span class='ocrx_word' id='word_1_823' title='bbox 3182 5503 3347 5553; x_wconf 68' lang='lat' dir='ltr'><strong>XLIX,</strong></span> <span class='ocrx_word' id='word_1_824' title='bbox 3381 5481 3476 5544; x_wconf 63' lang='lat' dir='ltr'><strong>Si.</strong></span> 
     </span>
    </p>
   </div>
   <div class='ocr_carea' id='block_1_113' title="bbox 2054 5561 2501 5624">
    <p class='ocr_par' dir='ltr' id='par_1_113' title="bbox 2054 5561 2501 5624">
     <span class='ocr_line' id='line_1_113' title="bbox 2054 5561 2501 5624; baseline 0 -10"><span class='ocrx_word' id='word_1_825' title='bbox 2054 5562 2095 5593; x_wconf 79' lang='grc'><strong>¹⁸</strong></span> <span class='ocrx_word' id='word_1_826' title='bbox 2136 5561 2264 5615; x_wconf 89' lang='lat' dir='ltr'><strong>Luc.</strong></span> <span class='ocrx_word' id='word_1_827' title='bbox 2304 5577 2377 5624; x_wconf 74' lang='lat' dir='ltr'><strong>xu,</strong></span> <span class='ocrx_word' id='word_1_828' title='bbox 2413 5562 2501 5614; x_wconf 61' lang='lat'><strong>“3|.</strong></span> 
     </span>
    </p>
   </div>
   <div class='ocr_carea' id='block_1_114' title="bbox 1987 5717 3248 5795">
    <p class='ocr_par' dir='ltr' id='par_1_114' title="bbox 1987 5717 3248 5795">
     <span class='ocr_line' id='line_1_114' title="bbox 1987 5717 3248 5795; baseline -0.009 -14"><span class='ocrx_word' id='word_1_829' title='bbox 1987 5722 2098 5795; x_wconf 75' lang='grc' dir='ltr'><strong>(ιδ)</strong></span> <span class='ocrx_word' id='word_1_830' title='bbox 2133 5723 2206 5779; x_wconf 65' lang='lat' dir='ltr'><strong>Ex</strong></span> <span class='ocrx_word' id='word_1_831' title='bbox 2237 5738 2394 5780; x_wconf 86' lang='lat' dir='ltr'><strong>conc.</strong></span> <span class='ocrx_word' id='word_1_832' title='bbox 2432 5720 2686 5777; x_wconf 75' lang='lat' dir='ltr'><strong>Lateran.</strong></span> <span class='ocrx_word' id='word_1_833' title='bbox 2731 5734 2873 5776; x_wconf 87' lang='lat' dir='ltr'><strong>anno</strong></span> <span class='ocrx_word' id='word_1_834' title='bbox 2903 5717 3026 5783; x_wconf 74' lang='lat'><strong>649,</strong></span> <span class='ocrx_word' id='word_1_835' title='bbox 3059 5717 3248 5773; x_wconf 84' lang='lat' dir='ltr'><strong>multa.</strong></span> 
     </span>
    </p>
   </div>
  </div>
