3852 6206
335 345 468 406 N71
1432 325 1489 380 S.
1535 314 2002 378 ATHANASlUS.
2037 339 2110 353 -—
2145 306 2417 366 SPURIA.
3460 287 3602 341 “72

334 461 459 516 dem
499 455 788 526 episcopos
815 451 884 504 ab
924 449 1262 518 episcOpatu,
1291 443 1523 499 clericos
1571 456 1602 494 a
1645 439 1814 492 clero.
1855 431 1912 488 Si
1946 442 1991 494 Α
2022 435 2172 490 sunt.
2213 423 2500 526 Scriptum.
2531 423 2616 474 est
2655 413 2799 526 enim
2831 412 2886 465 in
2933 405 3213 510 Ieremia:
3250 399 3605 526 Probat‘erim

335 492 459 516 usus
499 492 788 526 υγιῠυνγυυ
815 492 884 504 -ν
925 492 1262 518 νιν-υννιι---ν
1297 492 1520 499 ---η---
1595 492 1600 494 .
1947 492 1986 494 η
3567 493 3579 502 .

335 550 501 621 609
524 562 653 602 vero
687 541 964 606 monachi,
999 548 1093 594 aut
1127 536 1249 592 laici
1297 535 1532 595 fuerint,
1569 531 1914 586 anathemate
2022 521 2145 575 dedi
2177 529 2225 573 te
2254 518 2307 570 in
2341 513 2668 621 papam-meo
2701 505 2997 566 robustum,
3031 500 3245 621 efﬁcies
3273 506 3327 550 et
3352 492 3606 621 probabit

2061 612 2071 621 '
2406 604 2448 621 '"
2567 615 2592 621 -·
2623 609 2668 621 ι’-
2711 609 2943 621 “AnAn-In
2987 607 3054 621 nn
3098 602 3140 621 να
3173 598 3488 621 ηοηοαεση-ια
3522 598 3582 621 ne

529 584 653 602 νυ.-
687 584 964 606 ....,.........,
999 584 1093 594 ...η
1128 584 1249 592 .-.--
1297 584 1496 590 -,_-_-__
1519 584 1532 595 ,
3440 584 3451 594 ι

547 639 893 689 Protcstatur
935 630 1082 685 enim
1122 628 1314 682 beatus
1345 623 1659 694 Apostolus,
1689 621 1910 674 dicens:
2022 612 2162 665 viam
2193 621 2374 660 eorum
2406 604 2472 655 η.
2509 599 2674 653 Multa
2711 609 2944 663 namque
2985 590 3143 694 nobis
3173 598 3491 690 necessaria
3522 589 3611 637 est

341 730 400 783 Si
427 727 543 796 quis
597 733 798 785 certat,
825 738 928 776 non
981 727 1286 782 coronatur,
1335 715 1436 768 nisi
1489 713 1716 783 legitime
1751 719 1916 764 certa-
2022 700 2328 771 vigilantia,
2358 703 2412 749 et
2463 701 2615 747 tanta
2647 689 2848 742 divinas
2889 678 3456 796 sapientiaz'rimatio,
3487 688 3614 796 thla

341 767 469 873 verit
501 819 565 872 ‘9.
599 817 664 870 Et
697 816 894 870 iterum
949 811 1210 865 Dominus
1244 810 1358 861 ait:
1398 806 1502 872 Qui
1529 814 1702 857 autem
1744 818 1918 870 perse-
2025 793 2243 848 occulta
2292 787 2648 844 tenebrarum
2689 780 2896 834 revelat
2939 775 3007 828 ad
3044 770 3464 842 requisitionem
3507 767 3611 819 bu-

343 910 594 964 seraverit
619 923 781 976 usque
809 907 864 959 in
886 905 1066 973 ﬁnem,
1097 902 1180 954 hic
1219 898 1392 953 salvus
1417 898 1518 951 erit
1553 897 1618 948 ²⁰.
1654 893 1919 948 Videlicet
2021 885 2265 958 jusmodi
2286 886 2386 947 rei,
2412 891 2464 935 et
2486 877 3035 976 scrutationetn,qu':e
3061 859 3611 976 la‘tetquqdammodo

345 955 592 964 --._--.--
621 955 776 976 ---νη
1053 955 1065 964 ,
2023 955 2038 958 _

342 997 737 1054 certaminibus
762 994 934 1049 sacris
954 990 1245 1062 propositis
1266 988 1444 1052 nobis,
1479 1002 1575 1056 pro
1604 985 1921 1040 defensione
2026 985 2080 1032 et
2103 971 2480 1034 absconditur,
2514 968 2715 1035 vixque
2755 956 3256 1031 comprehenditur,
3288 955 3482 1008 dolosa
3502 968 3612 1062 ἒξ-

343 1091 627 1146 catholica:
659 1087 935 1148 Ecclesiae,
963 1099 1265 1156 magnaque
1289 1083 1463 1135 salute
1481 1096 1546 1134 ex
1578 1079 1681 1133 hoc
1703 1085 1920 1148 Sperata
2029 1069 2232 1124 sistens
2283 1061 2513 1124 malitia,
2552 1074 2652 1130 pro
2689 1071 2756 1111 eo
2787 1053 2931 1124 quod
2968 1051 3072 1154 sibi
3109 1050 3365 1118 pietatem
3410 1042 3617 1156 callide

345 1183 414 1236 ab
442 1183 686 1236 omnium
715 1180 980 1232 bonorum
1003 1136 1192 1231 da'tore‘
1214 1174 1343 1237 Deo,
1378 1188 1490 1228 non
1519 1136 1774 1226 deﬁciant
1803 1184 1922 1224 ma-
2030 1157 2366 1219 blandiatur,
2407 1161 2466 1206 ut
2502 1151 2678 1204 valeat
2717 1143 3083 1202 scrutantium
3125 1148 3363 1194 mentem
3410 1136 3612 1188 latere.

347 1288 453 1327 nus
478 1279 703 1334 nostrae,
730 1267 1071 1323 dilectissimi
1095 1265 1314 1329 fratres,
1340 1279 1435 1334 per
1458 1263 1802 1318 occasionem
1827 1277 1925 1315 eu-
2030 1249 2186 1318 Quod
2213 1249 2400 1316 utique
2423 1244 2605 1298 sciens
2633 1242 2825 1294 beatus
2852 1233 3169 1306 Apostolus,
3189 1231 3266 1334 ait
3291 1225 3483 1334 :“Nam
3512 1226 3616 1334 hu-

343 1363 572 1433 juslibet
605 1317 832 1416 desidia:
883 1359 1200 1420 dissolutae,
1233 1317 1360 1411 sed‘
1385 1354 1585 1410 fratres
1628 1354 1926 1410 eilieiamur
2022 1343 2266 1416 jusmodi
2293 1335 2740 1411 pseudoapostoli,
2784 1341 2833 1386 et
2861 1328 3113 1433 operarii“
3133 1324 3364 1433 subdoli,
3391 1317 3616 1424 transﬁ-

349 1414 447 1525 per
468 1454 699 1526 gratiam
723 1450 960 1513 Domini,
990 1458 1154 1519 atque
1183 1450 1436 1504 virtutem
1472 1447 1727 1517 potentiae
1759 1447 1880 1515 ejus
1908 1463 1920 1498 :
2025 1414 2228 1508 parant
2258 1451 2313 1490 se
2363 1433 2418 1486 in
2450 1427 2718 1498 apostolos
2749 1423 2951 1479 Christi
2985 1421 3052 1475 ’⁸.
3082 1417 3191 1472 Sed
3225 1414 3613 1526 non'mirum,

351 1504 619 1612 Quoitiam
641 1544 856 1614 perfecit
881 1545 1030 1614 pedes
1079 1554 1289 1598 nostros
1343 1550 1597 1610 tanquam
1626 1555 1925 1602 cervorum,
2034 1525 2296 1596 quoniam
2334 1529 2386 1577 ει
2412 1522 2522 1590 iPw
2552 1517 2786 1573 δαίαηαδ
2822 1511 3171 1581 "amﬁgu'a‘
3198 1523 3252 1561 ³⁸
3281 1504 3420 1609 id.“
3455 1518 3618 1606 fw?"

349 1650 399 1694 et
431 1654 587 1708 super
610 1638 817 1692 excelsa
847 1637 1057 1692 tlrmius
1111 1634 1304 1690 statuit
1336 1633 1382 1665 “
1404 1672 1419 1695 ,
1459 1647 1555 1702 per
1589 1631 1868 1686 intellectu

2096 1636 2117 1672 s
2146 1617 2279 1670 lucis
2308 1617 2377 1667 η.
2411 1611 2477 1664 Et
2509 1610 2630 1664 ideo
2661 1623 2768 1662 non
2787 1606 2988 1660 mirum
3014 1603 3061 1657 si
3089 1615 3197 1655 non
3230 1597 3468 1652 ministri
3491 1595 3617 1663 ejus

351 1685 397 1694 ν-
431 1685 571 1708 --τν
611 1685 815 1692 νην-π
847 1685 1054 1692 ---μ-η-
1407 1685 1419 1695 .
1461 1685 1476 1702 .
1503 1685 1517 1686 κ

351 1746 577 1787 summae
592 1730 713 1799 ejus
748 1728 1104 1782 humanitatis
1139 1733 1362 1796 propter
1393 1734 1638 1780 nostram
1672 1724 1872 1778 salutev

2098 1707 2522 1777 ansﬁgurantur,
2575 1700 2722 1755 velut
2777 1694 3012 1750 ministri
3065 1691 3316 1762 justitim,
3352 1685 3619 1758 quoniam

353 1776 713 1799 υ-υ---ηννν-
749 1776 1101 1782 --ηπ-ηψπ-
1140 1776 1350 1796 τητκμ
1593 1776 1602 1777 κ
1674 1776 1692 1778 -
1828 1776 1840 1778 -
1915 1776 1925 1786 ,
2247 1776 2252 1777 κ

353 1821 589 1875 maxime
631 1827 810 1875 tamen
842 1819 1106 1872 habentes
1155 1815 1462 1885 impositam
1508 1824 1823 1870 sanctorum
1853 1822 1934 1869 te-
1966 1784 2005 1838 Β
2038 1803 2161 1856 linis
2217 1797 2518 1854 secundum
2553 1806 2716 1862 opera
2761 1802 2972 1843 eorum.
3009 1783 3116 1838 Sed
3159 1790 3234 1885 et,
3267 1776 3620 1885 Dominus'in

353 1913 521 1968 stium
545 1912 742 1966 nubem
767 1929 780 1964 :
810 1910 1130 1977 Deponentes
1161 1867 1282 1977 ergro
1317 1922 1466 1960 omne
1487 1899 1714 1973 pondus,
1744 1913 1792 1956 et
1823 1905 1931 1957 cir-
2034 1893 2137 1946 hoc
2163 1886 2530 1959 Ριέθωυιιίθηδ
2560 1898 2685 1948 1105,
2717 1880 2792 1933 ait
2819 1876 3118 1932 εΑιίεηάίίε
3151 1890 3182 1924 α
3209 1871 3364 1940 {aliis
3394 1867 3622 1970 Pro-Phe'

353 2013 702 2058 cumstantem
727 2001 1153 2055 adversariorum
1177 2000 1482 2058 novitatem,
1507 2013 1596 2065 per
1622 1997 1874 2066 patientia

2102 2004 2126 2045 ι,
2151 1982 2242 2052 qui
2263 1979 2475 2033 veniunt
2498 1975 2567 2029 ad
2602 1991 2689 2028 vos
2725 1972 2782 2024 in
2813 1971 3117 2024 vestimento
3147 1965 3341 2029 ovium,
3363 1961 3623 2015 intrinse-

355 2109 633 2147 curramus
664 2094 970 2160 aspicientes
1003 2093 1054 2145 in
1105 2101 1372 2146 auctorem
1425 2091 1570 2159 ﬁdei,
1603 2074 1651 2143 et
1687 2105 1876 2142 consum

2104 2093 2127 2128 s
2153 2082 2329 2126 autem
2362 2077 2485 2124 sunt
2514 2066 2623 2135 lupi
2656 2078 2895 2132 rapaces.
2920 2061 2961 2113 A
3001 2057 3261 2128 fructibus
3292 2070 3476 2109 eorum
3525 2067 3623 2106 co-

355 2194 615 2238 matorth
651 2183 916 2243 Jesum”.
941 2185 1058 2253 qui,
1089 2183 1370 2253 proposito
1385 2143 1542 2236 nebis
1565 2190 1785 2250 propter
1809 2195 1932 2234 eum
2035 2164 2297 2238 gnoscetis
2327 2178 2415 2216 eos
2441 2161 2507 2213 ³⁰.
2538 2157 2678 2227 Ergo
2705 2157 2759 2208 in
2790 2155 3025 2223 idipsum
3055 2166 3119 2204 ex
3162 2155 3276 2202 toto
3306 2145 3473 2200 corde
3536 2143 3622 2198 fe-

357 2277 596 2347 ncgotio,
622 2275 886 2346 Spiritum
923 2290 1036 2330 suae
1059 2274 1304 2331 veritatis
1331 2273 1601 2328 condonet
1629 2274 1933 2341 loquentem
2039 2266 2222 2313 renles
2249 2260 2375 2308 ante
2404 2251 2588 2305 omnia
2634 2262 2800 2318 super
2829 2245 2923 2298 tali
2949 2242 3252 2314 quaestione
3280 2237 3627 2307 deprecatio-

358 2331 678 2431 inunobis:
714 2377 877 2436 atque
933 2367 1310 2436 pel-bibentem
1353 2365 1621 2434 magnalia
1665 2331 1808 2425 (iugi,
1843 2376 1938 2430 per
2039 2365 2187 2411 nem,
2212 2355 2265 2401 et
2318 2345 2566 2399 dicentes
2601 2356 2726 2395 cum
2763 2336 2966 2390 David:
3017 2332 3206 2388 Revela
3240 2331 3422 2384 oculos
3456 2345 3623 2391 meos,

358 2457 668 2512 doctrinam
703 2465 1018 2512 sanctorum
1055 2455 1300 2515 Patrum,
1342 2468 1482 2522 quos
1522 2450 1819 2504 adversarii
1852 2465 1939 2503 ca-
2035 2451 2087 2496 et
2115 2435 2460 2493 considerabo
2485 2431 2759 2487 mirabilia
2792 2431 2855 2482 de
2900 2429 3007 2497 lege
3043 2436 3156 2479 tua.
3190 2423 3429 2478 Lucerna
3477 2422 3628 2474 enim

361 2546 698 2600 lumniantur
726 2546 987 2616 quotidie.
1009 2549 1064 2597 In
1089 2513 1376 2614 prophetis
1393 2558 1628 2611 namque
1663 2542 1892 2594 habetur
1920 2563 1929 2594 :
2036 2534 2252 2603 pedibus
2285 2531 2412 2584 meis
2453 2527 2662 2582 verbum
2695 2534 2863 2587 tuum,
2885 2520 3124 2580 Domine,
3147 2528 3195 2572 et
3225 2517 3398 2569 lumen
3422 2513 3628 2568 semitis

360 2635 582 2704 Propter
607 2603 865 2690 Sion-non
903 2603 1107 2696 tacebo:
1159 2603 1210 2688 et
1274 2643 1484 2702 propter
1515 2603 1812 2686 Jerusalem
1835 2648 1938 2684 non
2042 2627 2167 2680 meis
2197 2625 2262 2689 δι,
2297 2621 2559 2692 quoniam
2610 2618 2785 2687 ipsius
2815 2623 2928 2678 est,
2963 2619 3108 2666 sicut
3144 2611 3220 2662 ait
3268 2611 3466 2662 beatus
3501 2603 3628 2657 Da—

359 2699 646 2795 quiécam,
676 2723 837 2776 donec
872 2723 1174 2793 egrediatur
1213 2699 1543 2790 ut-splendor
1578 2719 1768 2773 Justus
1800 2721 1936 2788 ejus,
2041 2718 2150 2772 niel
2181 2715 2482 2786 pr0pheta:
2517 2709 2791 2779 Sapientia
2820 2716 2868 2760 et
2907 2702 3164 2773 fortitudo
3189 2701 3280 2754 dat
3307 2699 3627 2767 sapientiam

360 2791 409 2870 et
451 2812 703 2868 Salvator
750 2815 863 2881 ejus
904 2791 961 2866 ut
999 2814 1202 2879 lampas
1230 2810 1551 2865 accendatur
1580 2811 1645 2863 ".
1685 2809 1939 2864 Profecto
2041 2807 2393 2877 sapientibus,
2425 2815 2475 2858 et
2505 2802 2782 2857 scientiam
2819 2794 3232 2866 intelligentibus
3261 2791 3624 2859 disciplinam.

363 2905 633 2959 catholica
664 2905 929 2966 Ecclesia,
960 2920 1081 2974 quin
1105 2918 1229 2958 vera
1259 2904 1513 2957 consistit
1539 2900 1692 2968 Sion,
1722 2909 1775 2955 et
1808 2902 1942 2956 civi-
2045 2901 2166 2969 Ipse
2194 2899 2388 2953 revelat
2417 2892 2685 2967 profunda
2709 2900 2759 2946 et
2789 2888 3124 2951 abscondita,
3153 2896 3200 2938 et
3233 2884 3369 2936 novit
3402 2883 3455 2934 in
3487 2889 3630 2933 tene-

365 3007 448 3053 tas
473 2998 678 3051 Christi
716 2999 981 3051 etelorum
1017 2997 1184 3066 regis,
1215 3011 1311 3065 per
1331 3009 1599 3048 annorum
1648 2994 1822 3062 spatia
1854 3007 1942 3045 ex-
2043 2993 2150 3046 bris
2180 2991 2488 3051 constituta,
2513 2996 2560 3041 et
2587 2987 2677 3038 lux
2712 3001 2831 3037 cum
2865 2999 2924 3036 eo
2957 2989 3055 3034 est.
3103 2977 3242 3044 Quia
3289 2973 3630 3042 sapientiam,

363 3097 601 3160 pugnata
645 3089 715 3144 ab
762 3063 1180 3142 adversantibus
1215 3063 1396 3141 verbo
1452 3084 1713 3154 ﬁdei,qui
1763 3099 1941 3152 neque
1969 3129 2010 3185 C
2046 3084 2246 3151 inquit,
2281 3090 2330 3134 et
2382 3077 2750 3148 fortitudinem
2801 3074 2994 3127 dedisti
3050 3069 3215 3131 mihi,
3256 3078 3305 3120 et
3351 3063 3633 3119 ostendisti

367 3180 536 3239 Deum
566 3182 776 3241 timent,
812 3195 990 3250 neque
1042 3179 1316 3233 hominem
1349 3185 1689 3239 reverentur,
1727 3175 1822 3230 sed
1857 3175 1941 3227 in-
1969 3157 2010 3185 υ
2047 3177 2194 3239 mihi,
2226 3190 2342 3243 quae
2370 3171 2547 3242 rogavi
2581 3180 2631 3224 te
2666 3169 2732 3222 ³³.
2759 3168 2895 3221 Cum
2933 3179 3036 3234 ope
3053 3161 3237 3216 divina
3274 3157 3636 3224 uniuscujus-

366 3287 584 3327 cassum
640 3269 1065 3340 perducentibus
1120 3269 1236 3336 pias
1288 3277 1340 3322 et
1363 3267 1660 3322 canonicas
1714 3265 1783 3319 de
1839 3265 1942 3319 hoc
2045 3282 2151 3336 que
2211 3279 2457 3334 persome
2505 3260 2806 3328 descripta,
2858 3270 3048 3310 eorum
3084 3253 3174 3322 qui
3223 3266 3320 3320 pro
3366 3248 3635 3302 novitatis

369 3361 532 3415 Verbo
565 3360 869 3426 doctrinas,
905 3358 1034 3412 dum
1070 3358 1360 3412 adiversis
1393 3356 1671 3425 tantisque
1715 3354 1940 3424 scripto,
2046 3367 2354 3411 commento
2405 3352 2650 3410 accusati
2704 3351 2772 3404 de
2821 3346 3117 3402 venerabili
3175 3354 3366 3398 nostro
3427 3341 3638 3396 scrinio

365 3460 421 3507 ει
449 3452 568 3507 Sine
624 3451 872 3521 εετίριο,
926 3449 1418 3505 εοηιθδιίιῑὶοηίὺιιε
1457 3447 1665 3501 ἰιινίιίιιί
1714 3445 1946 3502 fuissent
2047 3446 2582 3508 obsecundantibus,
2617 3450 2672 3498 et
2719 3441 2878 3496 nobis
2926 3436 3305 3493 ordinabiliter
3357 3431 3638 3487 offerenti-

367 3544 645 3614 corrigere
669 3544 946 3614 prepriam
979 3551 1032 3597 et
1060 3558 1089 3595 a
1117 3557 1174 3597 se
1209 3541 1411 3610 pellere
1459 3539 1731 3594 haeresim.
1762 3538 1940 3594 Sicuti
2049 3541 2173 3602 bus,
2233 3536 2490 3592 solertius
2538 3533 2913 3594 intendamus,
2964 3530 3039 3582 ita
3090 3538 3148 3580 ut
3197 3527 3289 3596 qui
3341 3528 3461 3579 haec
3499 3540 3640 3594 prae-

368 3645 423 3690 et
466 3651 562 3705 per
591 3635 921 3691 anteriorem
956 3634 1326 3704 cognitionem
1357 3631 1696 3686 luculentius
1723 3631 1948 3684 demon-
2050 3631 2384 3701 sumpserint
2443 3625 2815 3698 prtevaricati,
2877 3622 3116 3693 primum
3179 3619 3399 3689 quidem
3448 3617 3640 3684 subja-

371 3740 602 3785 stratum
625 3740 730 3792 est,
761 3736 870 3781 tam
900 3743 996 3796 per
1031 3726 1263 3792 libellos,
1299 3740 1464 3794 quam
1510 3740 1605 3794 per
1644 3723 1950 3793 suggestio-
2051 3733 2212 3779 ceant
2253 3722 2464 3792 judicio
2523 3717 2758 3775 terribili
2826 3711 3220 3783 omnipotentis
3267 3709 3384 3772 Dei,
3438 3707 3640 3762 deinde

371 3837 469 3876 nes
510 3819 1094 3876 reverendissimorum
1144 3817 1524 3882 sacerdotum,
1567 3826 1621 3871 et
1659 3816 1948 3870 venerabi-
2053 3824 2232 3869 autem
2281 3813 2724 3884 qualemcunque
2757 3806 2996 3876 regalem
3026 3803 3453 3873 indignationem
3484 3815 3641 3854 revo-

371 3913 504 3973 lium
559 3912 840 3976 abbatum,
876 3910 1139 3980 Apostolo
1172 3920 1509 3979 proteStante
1550 3907 1729 3972 nobis,
1772 3916 1827 3960 ut
1857 3906 1952 3960 ho-
2052 3912 2298 3960 reantur.
2334 3901 2435 3955 Per
2477 3913 2642 3970 quam
2677 3895 2951 3965 siquidem
2998 3889 3265 3960 episc0pi,
3311 3896 3407 3942 aut
3448 3887 3637 3941 clerici
3727 3905 3734 3908 ·

373 4006 566 4064 minem
588 4003 911 4066 hwreticum,
937 4013 1051 4072 post
1085 4003 1315 4070 primani
1351 4010 1399 4055 et
1432 4000 1717 4055 secundam
1742 4016 1951 4068 correp-
2053 3996 2275 4059 fuerint,
2315 4009 2346 4046 a
2379 3993 2464 4047 sui
2521 3986 2838 4052 sacerdotii,
2886 3984 3003 4038 sive
3047 3997 3078 4035 a
3125 3983 3210 4035 sui
3258 3981 3390 4034 cleri
3445 3978 3640 4034 ordine

375 4100 591 4160 tionem,
622 4099 817 4152 evitare
865 4096 1165 4150 debeamus.
1219 4093 1485 4156 Scientes,
1513 4094 1638 4165 quia
1674 4093 1950 4148 subversas
2056 4091 2236 4146 modis
2265 4088 2522 4143 omnibus
2548 4083 2828 4139 excidant.
2863 4078 2960 4132 Sin
2984 4087 3164 4133 autem
3197 4074 3452 4130 monachi
3487 4083 3634 4134 sunt,

372 4200 450 4251 est
481 4189 807 4258 Iiujusmodi,
837 4199 886 4242 et
922 4188 1141 4258 deliquit
1165 4187 1378 4255 proprio
1403 4164 1610 4254 judicio
1634 4185 1951 4238 condemnu-
2055 4189 2434 4253 segregentur,
2468 4187 2524 4233 et
2566 4176 2729 4230 alieni
2779 4175 2888 4228 sint
2920 4187 2950 4225 a
2983 4171 3100 4227 suis
3128 4168 3284 4222 locis.
3323 4164 3420 4218 Sin
3458 4175 3638 4217 autem

377 4256 740 4336 tusWiNullo
773 4282 934 4334 modo
959 4256 1175 4350 Oportet
1205 4296 1305 4335 nos
1345 4279 1605 4348 deinceps
1636 4284 1816 4331 tacere
1859 4284 1954 4328 aut
2055 4274 2399 4344 dignitatem,
2455 4277 2550 4322 aut
2601 4265 2903 4336 cingulum,
2934 4269 3026 4315 aut
3071 4260 3324 4314 militiam
3374 4256 3635 4312 habeant,

375 4377 678 4443 quiescere,
711 4390 779 4428 ne
819 4388 1039 4443 quoquo
1078 4371 1238 4425 modo
1263 4344 1793 4440 iniquijudicemur,
1833 4369 1952 4423 odi-
2057 4367 2336 4423 nudentur
2376 4363 2477 4418 eis.
2513 4359 2668 4426 Quod
2720 4357 2766 4412 si
2808 4354 3029 4425 privati,
3073 4354 3120 4406 si
3169 4347 3392 4420 quidem
3429 4344 3640 4399 nobiles

377 4465 540 4521 bilem
567 4463 676 4518 Deo
704 4449 917 4532 partem
952 4438 1656 4531 amplectentes.Quoniam
1682 4459 1949 4528 scriptum
1986 4455 2026 4508 Π
2056 4459 2386 4520 consistunt,
2419 4467 2646 4510 suarum
2694 4447 3127 4505 substantiarum
3174 4438 3636 4511 proscriptionem

376 4565 507 4616 est:
557 4554 736 4609 Zelavi
780 4555 837 4607 in
876 4555 1232 4622 peccatoribus
1283 4568 1462 4619 pacem
1501 4561 1834 4620 peccatorum
1884 4551 1960 4604 vi-
2057 4551 2358 4621 patiantur.
2428 4543 2525 4598 Sin
2575 4552 2754 4596 autem
2800 4536 3070 4608 ignobiles
3123 4532 3475 4593 consistunt,
3527 4542 3636 4580 non

376 4649 502 4707 dens
533 4650 598 4703 ⁸⁵.
625 4647 688 4700 Et
718 4648 934 4702 dicatur
956 4647 1116 4700 etiam
1153 4646 1219 4700 de
1260 4646 1419 4700 nobis
1456 4662 1470 4700 :
1507 4641 1818 4698 Sacerdotes
1843 4644 1947 4696 mei
2061 4645 2238 4700 solum
2270 4643 2326 4696 in
2366 4653 2594 4708 corpore
2637 4635 3011 4693 verberentur,
3056 4629 3153 4685 sed
3203 4627 3401 4682 exsilio
3438 4637 3631 4695 perpe-

377 4747 798 4808 cantempserunt
821 4753 989 4790 meam
1019 4736 1200 4805 legem,
1233 4745 1283 4788 et
1312 4735 1616 4802 polluerunt
1649 4732 1956 4786 sanctuaria
2062 4745 2156 4791 tuo
2204 4734 2565 4804 castigentur,
2596 4735 2654 4783 ut
2704 4739 2895 4780 omnes
2930 4723 3127 4775 timore
3166 4717 3262 4771 Dei
3311 4713 3637 4784 compressi.

379 4849 516 4894 mea,
542 4834 678 4885 inter
700 4837 942 4883 sanctum
981 4838 1024 4881 et
1049 4827 1329 4895 profanum
1361 4842 1463 4877 non
1484 4823 1710 4876 habuere
1741 4821 1953 4875 distan-
2061 4835 2116 4882 ει
2159 4824 2494 4880 comminata
2539 4821 2619 4874 eis
2649 4817 2812 4886 digna
2848 4811 3115 4883 supplicia
3156 4814 3504 4870 reverentes,
3537 4805 3638 4857 im-

381 4924 532 4984 tiam,
565 4931 613 4975 et
646 4923 782 4975 inter
827 4919 1090 4989 pollutum
1130 4930 1179 4973 et
1222 4917 1477 4971 mundum
1526 4932 1626 4969 non
1685 4913 1957 4968 intellexe-
2063 4918 2318 4974 mobilem
2351 4922 2406 4969 et
2439 4915 2559 4968 sine
2595 4909 2910 4964 turbatione
2960 4917 3147 4976 pacem
3184 4911 3502 4954 sanctarum
3544 4897 3640 4953 Dei

380 5025 504 5070 runt
534 5016 600 5068 '5.
633 5013 740 5068 Sed
757 5027 1087 5081 consurgere
1114 5026 1214 5065 nos
1233 5009 1490 5065 convenit
1516 5024 1638 5062 cum
1672 5005 1802 5070 Deo,
1827 5021 1901 5059 σοι

2121 5008 2431 5065 :clesiarum
2475 5001 2811 5058 custodiant.
2853 4999 2987 5051 Data
3030 5010 3128 5050 vni
3169 4991 3287 5046 Kal.
3332 4990 3506 5055 Junii,
3541 4990 3642 5043 As-

381 5110 576 5164 sistere
605 5115 876 5178 prompte,
913 5079 1204 5160 induentes
1236 5116 1388 5157 arma
1421 5099 1662 5172 Spiritus
1695 5099 1902 5153 advers:

2116 5099 2238 5169 epio
2286 5107 2364 5162 ,et
2426 5094 2666 5148 Deodato
2720 5085 3120 5144 venerabilibus
3174 5097 3318 5137 coss.
3387 5079 3637 5149 Explicit.

381 5170 998 5272 malignantes-contra
1062 5197 1219 5251 iidem
1271 5196 1428 5264 ejus,
1463 5170 1542 5248 ut
1595 5194 1959 5263 approbemus
2065 5189 2250 5244 Gloria
2307 5186 2528 5242 Christo
2570 5181 2699 5238 Jesu
2749 5179 2980 5235 Domino
3035 5183 3243 5229 nostro.
3291 5171 3402 5225 Pax
3465 5170 3640 5224 vobis.

383 5292 626 5364 Spiritus
658 5293 954 5362 sapienter,
994 5290 1046 5343 id
1073 5296 1181 5351 est,
1217 5290 1385 5343 verba
1414 5303 1627 5349 eorum,
1660 5287 1706 5340 si
1749 5302 1813 5338 ex
1850 5285 1958 5338 Deo
2069 5282 2257 5335 Amen.

458 5515 501 5548 ⁸⁸
541 5513 580 5566 ll
615 5513 758 5566 Tim.
796 5530 830 5566 ιι
860 5555 872 5573 .
910 5514 962 5566 5.
1045 5514 1088 5544 '°
1132 5512 1319 5564 Matth.
1361 5525 1388 5561 κ
1415 5551 1427 5570 ,
1457 5507 1546 5560 9.9..
1653 5509 1693 5537 ²¹
1722 5505 1867 5559 Psal.
1906 5520 1970 5556 xv

2255 5501 2300 5531 ”
2340 5493 2851 5573 Hebr;_xn,_j,__2.n
2899 5494 2944 5526 ³³
2983 5490 3267 5573 halm,
3442 5489 3496 5573 ξς

389 5598 475 5642 ιιι,
511 5556 758 5641 16.311"
797 5556 1031 5636 ’ἰδ’ῐῖέςιι.
1071 5556 1319 5641 ικῖἷξξῗ
1365 5556 1427 5609 ’ἰδ’
1460 5556 1652 5631 ἐξω».
1695 5556 1806 5628 .1...
1831 5556 1910 5635 ,ὲ

2129 5565 2577 5642 Jet'em.Avtj,_2_7.
2637 5556 2700 5594 7"
2725 5556 2781 5615 ἸΙ
2813 5563 2940 5617 Cor.
2980 5580 3059 5625 XI,
3093 5565 3178 5618 i3.
3293 5562 3337 5592 "
3382 5557 3514 5612 ibid.
3552 5556 3640 5615 1-5.

392 5652 436 5685 ³³
466 5637 666 5704 Matth.
703 5666 774 5703 vn
801 5692 813 5713 ,
855 5653 951 5714 15',
997 5655 1079 5704 to’.
1157 5637 1206 5682 3"
1243 5650 1382 5703 Psal.
1422 5664 1607 5706 cxvzn,
1646 5649 1728 5706 l8,
1773 5646 1889 5698 ιυῗὶ.
1968 5644 2009 5674 ³³
2052 5641 2185 5695 Dan.
2223 5655 2298 5704 tt,
2335 5637 2426 5702 2|,
2461 5637 2552 5690 9.2.
