3852 6206
246 277 386 336 M73

1156 258 1419 322 PONTIF.
1461 249 1625 317 ROM.
1668 259 1755 313 ΕΤ
1799 256 2169 313 ATHANASII
2204 255 2586 312 EPISTOUE.

3355 252 3494 308 1474

730 403 970 476 Epistola
998 401 1369 472 Egyptiorum
1398 397 1705 467 pontiﬁcum
1733 394 1800 447 ad
1830 393 2055 448 Felicem
2087 393 2151 447 de
2181 389 2607 462 infestationibus
2642 391 2962 445 Arianorum

320 532 546 588 Domino
599 536 684 583 ter
733 524 1058 582 beatissimo
1083 562 1098 586 ,
1148 528 1203 576 et
1259 516 1570 574 honorabili
1626 522 1818 569 sancto
1846 519 1892 575 Α
1921 527 2022 566 nos
2045 527 2243 583 capere
2265 512 2504 583 possint,
2530 510 2642 564 sint
2669 510 2915 576 incensa,
2952 507 3222 579 nobisque
3257 510 3496 567 sublata.

246 624 397 680 Patri
424 620 595 677 Felici
628 624 833 675 sancta:
881 613 1029 670 sedis
1078 609 1393 682 apostolicae
1434 607 1590 662 urbis
1631 603 1820 658 Romae

244 731 431 789 papa;
476 709 833 774 Athanasius,
856 704 1100 761 universi
1133 701 1541 773 IEgyptiorum,
1576 695 1818 751 Thebaio

246 811 377 863 dum
417 814 472 862 et
536 805 830 875 Libyorum
899 795 1163 868 episcopi,
1212 795 1265 847 in
1317 803 1506 849 sancta
1578 789 1819 845 Alexan-

245 902 404 956 drina
432 897 638 971 synodo
667 895 839 967 gratia
866 892 960 947 Dei
989 885 1321 960 congregati.

317 991 517 1048 Vestro
582 995 771 1043 sancto
822 983 1167 1055 suggerimus
1214 976 1566 1050 apostolatui,
1615 980 1676 1027 ut
1715 987 1821 1027 no-

251 1083 377 1147 stri,
412 1094 566 1136 more
596 1078 778 1141 solito,
818 1072 1244 1131 sollicitudinem
1278 1081 1467 1138 gerere
1497 1060 1818 1135 dignemini,

246 1166 402 1240 juxta
455 1173 694 1222 vestram
742 1160 1232 1235 prudentissimam
1284 1156 1649 1226 sapientiam,
1701 1165 1822 1222 qua:

248 1260 505 1315 omnibus
554 1257 675 1313 luce
714 1256 919 1312 clarius
950 1251 1244 1308 manifesta
1292 1257 1397 1313 est,
1434 1248 1562 1318 quia
1601 1252 1823 1315 apostoo

249 1353 372 1409 licis
421 1361 603 1406 vestra
648 1348 926 1405 beatitudo
968 1344 1273 1400 visceribus
1315 1346 1610 1403 commota,
1660 1351 1823 1406 super

249 1442 606 1498 tribulatione
634 1447 844 1503 nostra,
880 1452 981 1493 nos
1009 1450 1202 1491 omnes
1233 1433 1452 1488 hortata
1486 1438 1573 1485 est
1609 1428 1676 1483 ad
1713 1428 1823 1482 tui-

247 1533 456 1588 tionem
492 1530 776 1584 catholicar
800 1536 854 1584 et
884 1526 1203 1598 apostolicae
1236 1522 1513 1584 Ecclesiae,
1550 1520 1607 1574 in
1649 1534 1822 1573 unum

248 1619 565 1683 convenire,
600 1627 654 1672 et
695 1618 762 1673 de
812 1624 1002 1672 nostra
1047 1614 1313 1670 canonice
1355 1611 1714 1682 oppressione
1768 1615 1823 1663 et

248 1710 581 1766 unanimiter
602 1717 855 1773 tractare,
874 1707 1005 1762 dum
1027 1712 1243 1761 constat
1266 1719 1368 1758 nos
1391 1717 1497 1758 una
1516 1716 1639 1756 cum
1664 1699 1824 1755 beato

249 1803 421 1860 Paulo
445 1801 692 1873 apostolo
723 1800 911 1854 eadem
946 1797 1405 1869 compassibiliter
1435 1795 1619 1849 dicere
1646 1811 1659 1847 :
1692 1790 1822 1857 Quis

1922 602 2039 669 Qua
2093 602 2162 659 de
2209 618 2271 658 re
2323 602 2428 657 hac
2482 603 2703 656 inventa
2757 601 3070 667 occasione,
3128 601 3503 658 indifferenter

1921 694 2073 748 omni
2127 694 2394 749 canonica
2442 700 2498 748 et
2544 693 2844 763 apostolica
2896 693 3201 763 postposita
3259 694 3502 747 auctori-

1921 793 2053 849 tate,
2100 800 2203 840 nos
2255 785 2307 839 vi
2358 800 2388 837 a
2430 784 2690 853 propriis,
2736 782 2894 837 vobis
2931 783 3278 842 inconsultis.
3312 783 3501 838 illicite

1920 876 2201 946 expellunt
2235 875 2483 939 sedibus,
2507 888 2748 943 ovesque
2782 872 2942 928 nobis
2973 888 3002 926 a
3024 872 3247 928 Christo
3270 872 3500 928 Domino

1926 968 2228 1038 apostolica
2276 968 2603 1023 commissas
2654 966 2863 1037 gratia,
2919 965 3206 1031 invadunt,
3241 966 3501 1036 gradibus

1923 1060 2140 1129 privant
2173 1073 2184 1109 :
2217 1064 2272 1112 et
2309 1057 2454 1127 quod
2493 1058 2795 1126 pessimum
2834 1064 2940 1118 est,
2973 1063 3028 1111 et
3063 1056 3320 1112 omnibus
3341 1056 3501 1111 Chri-

1924 1150 2120 1207 stianis
2167 1150 2378 1221 legibus
2452 1149 2777 1213 inimicum,
2844 1148 3151 1204 interﬁcere
3198 1148 3501 1203 decertant.

1929 1240 2035 1298 Vos
2061 1256 2193 1312 ergo
2218 1250 2280 1296 ut
2309 1256 2527 1311 semper
2560 1249 2753 1296 vestrae
2778 1240 2895 1295 sedi
2935 1249 3141 1295 sancta:
3166 1241 3504 1295 consuetudo

1923 1333 2049 1398 fuit,
2088 1332 2529 1405 periclitantibus
2560 1333 2870 1396 subvenite,
2903 1348 3198 1403 oppressos
3224 1332 3500 1394 roborata,

1923 1426 2203 1481 tribulatis
2235 1439 2459 1480 manum
2501 1424 2785 1496 porrigite,
2833 1425 3070 1494 taliaque
3115 1425 3421 1494 prohibete.
3449 1430 3506 1479 et

1927 1520 2074 1583 leges
2104 1518 2389 1588 imponite,
2430 1524 2490 1571 ut
2522 1516 2823 1587 apostolica
2856 1516 3129 1582 doctrina,
3160 1531 3282 1586 quae
3306 1517 3360 1570 in
3395 1515 3505 1570 Deo

1924 1620 2044 1675 est,
2097 1611 2208 1666 cito
2260 1610 2327 1664 ad
2375 1609 2646 1664 victorum
2685 1609 2952 1679 judicium
2987 1607 3287 1678 perducere
3327 1608 3507 1664 valeat

1925 1711 2199 1767 nostrum,
2238 1716 2451 1771 nosque
2477 1700 2853 1771 apostolorum
2882 1699 3130 1769 principe
3173 1698 3509 1770 suil‘ragante

1928 1794 2115 1856 Petro,
2166 1794 2235 1848 ab
2257 1792 2669 1848 imminentibus
2693 1792 2950 1861 periculis
2975 1790 3208 1845 liberare
3236 1790 3372 1859 (48).
3405 1789 3510 1845 N04

248 1895 578 1964 inﬁrmatur,
611 1900 660 1946 et
697 1908 790 1962 ego
837 1906 943 1943 non
983 1889 1227 1959 inﬁrmor
1248 1889 1274 1943 7
1320 1886 1452 1953 Quis
1491 1881 1827 1939 scandaliza-
1861 1875 1903 1930 B
1933 1887 2110 1942 vimus
2146 1900 2380 1955 namque
2418 1884 2476 1938 in
2502 1884 2616 1954 jam
2645 1882 2758 1937 fata
2805 1882 3024 1938 Niemna
3048 1882 3257 1954 synodo
3278 1896 3509 1954 genera-

250 1996 357 2050 tur,
392 1993 441 2039 et
461 2000 552 2055 ego
584 1999 688 2037 non
719 1981 938 2036 uror”?
969 1979 1312 2051 Satagentes,
1347 1992 1416 2032 ne
1440 1977 1621 2047 aliqua
1645 1976 1710 2031 de
1740 1975 1828 2041 iis,

249 2091 371 2146 quae
416 2073 571 2129 vobis
620 2072 843 2129 creditae
887 2077 1017 2126 sunt
1068 2067 1488 2124 rationabilibus
1532 2065 1747 2129 ovibus,
1799 2078 1831 2119 a

248 2169 438 2224 bestiis
471 2167 737 2237 capiatur.
772 2164 919 2228 ldeo,
950 2162 1111 2216 Pater
1136 2159 1478 2222 beatissime,
1508 2157 1637 2228 quia
1687 2170 1831 2211 sem-

248 2275 348 2330 per
378 2267 758 2314 antecessores
787 2254 987 2318 nostri,
1015 2262 1071 2309 et
1104 2268 1208 2308 nos
1233 2267 1264 2305 a
1298 2260 1481 2306 vestra
1529 2248 1830 2318 apostolica

253 2360 444 2409 sancta
492 2351 622 2404 sede
654 2347 920 2409 auxilium
948 2343 1258 2408 hausimus,
1290 2349 1339 2396 et
1373 2339 1550 2395 nostri
1590 2354 1688 2394 vos
1730 2337 1831 2391 ha-

249 2442 384 2498 bere
413 2455 603 2496 curam
647 2440 934 2504 novimus,
968 2434 1251 2507 praefatam
1280 2432 1446 2504 610
1475 2430 1830 2502 apostolicam

251 2544 306 2589 et
351 2547 623 2589 summam
682 2529 1009 2600 expetimus,
1058 2526 1213 2596 juxta
1267 2539 1539 2579 canonum
1588 2522 1829 2585 decreta,

252 2625 460 2690 sedem,
496 2630 558 2677 ut
602 2621 731 2677 inde
775 2618 1040 2674 auxilium
1091 2616 1396 2687 capiamus,
1429 2612 1573 2668 unde
1614 2611 1829 2684 praede-

252 2728 504 2771 cessores
551 2713 727 2768 nostri
777 2710 1158 2765 ordinationes
1211 2713 1266 2762 et
1320 2705 1610 2776 dogmata,
1668 2711 1830 2773 atque

253 2807 658 2864 sublevationes
706 2808 1012 2857 traxerunt.
1047 2799 1129 2855 Ad
1158 2814 1278 2855 eam
1310 2813 1527 2867 quoque
1571 2796 1730 2866 quasi
1762 2794 1832 2849 ad

254 2908 483 2951 matrem
531 2895 892 2954 recnrrimus,
930 2902 987 2944 ut
1033 2891 1155 2960 ejus
1188 2888 1448 2943 uberibus
1498 2887 1827 2951 nutriamur,

254 2987 514 3060 quaniam
541 3000 649 3040 non
676 2993 855 3055 potest
873 2989 1048 3037 mater
1073 2980 1325 3036 oblivisci
1355 2978 1616 3033 infantem
1646 2992 1828 3033 suum.

257 3080 353 3137 Sic
386 3088 442 3135 et
472 3094 568 3134 vos
606 3078 777 3132 nolite
819 3074 1068 3131 oblivisci
1121 3088 1225 3128 nos
1275 3072 1430 3127 vobis
1479 3071 1827 3125 commissos.

256 3172 527 3239 Quoniam
577 3185 689 3224 non
741 3168 1111 3239 levibus,nos
1157 3163 1368 3218 inimici
1415 3161 1594 3216 nostri
1652 3159 1828 3230 impli-

254 3268 512 3326 cuerunt,
535 3268 588 3315 et
604 3257 848 3330 quotidie
878 3256 1057 3311 facere
1079 3256 1382 3311 moliuntur
1415 3252 1826 3316 aﬂlictionibus,

255 3360 311 3409 et
343 3351 786 3423 apprehendere,
816 3364 881 3403 ac
916 3347 1029 3421 (47)
1066 3346 1228 3402 ferris
1258 3362 1359 3401 nos
1387 3344 1693 3414 constringi
1722 3343 1828 3395 mi-

258 3452 480 3510 nantur,
515 3441 625 3499 nisi
657 3456 848 3496 eorum
892 3439 1305 3496 consentiamus
1337 3437 1639 3500 erroribus,
1685 3432 1831 3505 quod

258 3550 602 3606 nequaquam
636 3533 793 3589 vobis
835 3530 1167 3586 inconsultis
1221 3544 1381 3600 agere
1428 3527 1828 3598 pnesumimus.

257 3629 577 3685 Canonihus
610 3626 811 3697 quippe
830 3625 1155 3696 jubentibus
1186 3623 1398 3693 absque
1430 3620 1677 3675 Romano
1705 3634 1836 3688 pon-

259 3721 410 3775 tiﬁce
460 3735 564 3775 nos
592 3718 659 3774 de
697 3716 1000 3788 majoribus
1037 3718 1222 3770 causis
1250 3714 1385 3768 nihil
1423 3713 1621 3768 debere
1651 3712 1836 3766 decer-

258 3826 410 3866 nere.
454 3808 693 3879 ldeoque
739 3808 807 3861 ad
858 3805 1199 3876 pr0positum
1246 3809 1614 3865 recurrentes,
1663 3810 1716 3855 et
1767 3801 1834 3855 ad

259 3902 512 3958 bravium
563 3888 941 3972 properantes,
977 3912 1173 3953 vesme
1208 3896 1520 3967 apostolicae
1558 3894 1704 3949 sedis
1734 3894 1837 3947 im-

261 3994 542 4066 ploramus
586 3991 872 4046 auxilium.
908 3990 1079 4057 Quia,
1122 3995 1181 4043 ut
1227 3989 1522 4047 credimus.
1582 4001 1691 4041 non
1739 3985 1834 4040 de-

261 4082 444 4154 spexit
475 4080 621 4137 Deus
649 4095 843 4151 preces
876 4094 1003 4134 cnm
1036 4078 1293 4150 lacrymis
1338 4078 1442 4133 sibi
1480 4076 1691 4131 oblatas
1721 4091 1837 4130 ser-

262 4189 456 4228 vorum
495 4188 740 4238 suorum,
789 4171 883 4227 sed
939 4171 1011 4226 ob
1058 4171 1113 4227 id
1162 4186 1260 4226 vos
1298 4169 1838 4242 praedecessoresque

261 4274 501 4333 vestros,
542 4264 876 4336 apostolicos
921 4262 1173 4318 videlicet
1217 4263 1479 4333 praesules
1523 4262 1579 4316 in
1612 4263 1840 4317 summi-

261 4359 396 4414 tatis
425 4372 553 4412 arce
596 4355 903 4420 constituit,
947 4356 1300 4425 omniumque
1341 4354 1709 4409 Ecclesiarum
1740 4370 1838 4410 cu-

262 4465 382 4504 ram
409 4448 608 4504 habere
638 4449 916 4518 praecepit,
950 4455 1011 4500 ut
1044 4447 1203 4503 nobis
1228 4447 1589 4512 succurratis,
1626 4463 1839 4518 nosque

1931 1977 2052 2032 liter
2101 1991 2224 2032 esse
2270 1976 2587 2040 decretum,
2630 1980 2692 2028 ut
2738 1976 2924 2030 nullus
2980 1976 3207 2045 passim,
3262 1989 3509 2045 vageque

1929 2070 2236 2140 episcopos,
2268 2076 2362 2122 aut
2391 2067 2779 2137 praesumptive
2809 2068 3074 2132 lacerare,
3102 2075 3197 2120 aut
3225 2080 3508 2130 accusare,

1929 2169 1985 2216 et
2046 2161 2139 2231 qui
2188 2174 2299 2214 non
2346 2166 2477 2216 sunt
2524 2167 2691 2213 rectae
2738 2157 2863 2213 fidei
2904 2158 2989 2212 vel
3031 2157 3190 2212 bona:
3234 2157 3381 2224 vitae,
3423 2157 3511 2212 vel

1930 2252 2095 2306 clarae
2159 2249 2637 2314 conversationis,
2691 2248 2962 2304 infamare
3032 2259 3345 2319 praesumat.
3402 2247 3510 2304 Sed

1931 2342 2089 2413 prius
2119 2344 2165 2399 si
2197 2358 2325 2414 erga
2355 2342 2665 2412 episcopos,
2697 2341 2780 2396 vel
2797 2349 3052 2396 auctores
3077 2342 3334 2397 Ecclesiae
3355 2342 3512 2413 quis-

1929 2451 2095 2508 quam
2141 2450 2367 2490 causam
2407 2432 2682 2496 habuerit,
2734 2448 2831 2489 eos
2880 2447 3005 2487 cum
3055 2434 3324 2489 charitale
3354 2448 3513 2488 man-

1932 2535 2086 2585 suete
2133 2526 2451 2589 conveniat,
2512 2533 2573 2579 ut
2625 2524 2695 2579 ab
2739 2524 2821 2580 eis
2879 2526 3081 2580 vulnus
3130 2526 3275 2581 unde
3313 2527 3510 2597 agitur,

1931 2626 2079 2674 recte
2108 2624 2353 2671 sanetur.
2396 2614 2507 2667 Aut
2552 2613 2689 2682 ipse,
2716 2614 2761 2670 si
2786 2629 2946 2670 secus
2988 2616 3184 2684 egerit,
3221 2624 3515 2671 accusator

1929 2711 2459 2770 excommunicetnr.
2488 2709 2643 2776 Quod
2684 2709 2730 2764 si
2761 2709 2832 2764 ab
2863 2710 2942 2764 eis
2984 2710 3119 2763 nihil
3152 2717 3301 2765 recte
3328 2710 3516 2766 value—

1930 2806 2003 2859 rit
2036 2804 2336 2876 percipere,
2371 2811 2502 2855 tunc
2536 2801 2714 2869 primo
2745 2814 2992 2854 summos
3030 2799 3190 2854 adeat
3225 2799 3510 2870 primates,

1930 2904 1985 2951 et
2024 2896 2127 2965 ipsi
2174 2902 2419 2964 tempore
2464 2904 2708 2961 congruo
2762 2891 3029 2946 canonice
3074 2905 3171 2946 eos
3205 2906 3515 2949 convocare

1931 2987 2228 3044 debebunt.
2260 2982 2363 3051 Qui
2411 2983 2456 3039 si
2493 2990 2589 3038 aut
2639 2982 2755 3038 suis
2793 2981 2962 3037 rebus
3003 2981 3320 3051 exspoliati,
3352 2989 3446 3037 aut
3480 2998 3512 3037 a

1932 3077 2171 3150 propriis
2205 3076 2430 3133 sedibus
2473 3075 2657 3145 ejecti,
2694 3082 2787 3127 aut
2823 3072 3082 3138 exsiliati,
3113 3073 3200 3128 vel
3237 3065 3509 3144 oppressi,

1934 3176 2028 3224 aut
2080 3169 2268 3239 inique
2322 3166 2542 3221 tractati
2598 3164 2823 3229 fuerint,
2875 3163 3054 3234 primo
3109 3175 3395 3228 eruantur,
3457 3171 3514 3220 et

1932 3261 2200 3317 canonice
2248 3260 2634 3321 restituantur,
2689 3263 2855 3327 atque
2909 3255 3094 3311 omnia
3159 3256 3265 3312 sibi
3324 3256 3513 3313 subla-

1933 3351 2150 3425 ta(49)
2179 3351 2528 3421 integerrime
2576 3348 2658 3404 eis
2722 3347 2935 3418 legibus
3004 3346 3325 3401 reddantur.
3367 3348 3519 3414 Quoa

1933 3445 2080 3498 niam
2152 3445 2470 3515 priusquam
2531 3441 2647 3496 haec
2714 3439 2894 3504 fiant,
2968 3449 3029 3494 ut
3118 3441 3176 3496 in
3252 3441 3516 3512 praedicto

1934 3538 2292 3595 constitutum
2334 3544 2420 3592 est
2452 3535 2709 3599 concilio,
2758 3549 2861 3588 nec
2900 3534 3166 3589 canonice
3196 3537 3517 3599 convocari,

1933 3645 2038 3684 nec
2078 3627 2335 3697 distringi
2376 3641 2406 3679 a
2452 3640 2785 3696 quocunque
2827 3631 3078 3693 possunt.
3108 3622 3377 3689 Quoniam
3413 3638 3517 3680 nec

1935 3719 2121 3774 saeculi
2164 3719 2311 3788 leges
2359 3716 2473 3771 haec
2516 3716 2632 3771 fieri
2682 3716 3039 3786 permittunt,
3081 3724 3288 3787 quanto
3331 3717 3518 3774 minus

1935 3811 2364 3868 ecclesiasticis?
2397 3810 2664 3865 Similiter
2710 3818 2767 3865 et
2800 3824 2830 3863 a
2880 3808 3215 3879 supradictis
3257 3807 3520 3866 Patribus

1935 3910 2022 3958 est
2085 3900 2372 3956 definitum
2414 3907 2807 3963 consonanter,
2860 3906 2920 3953 ut
2968 3899 3014 3953 si
3056 3899 3345 3970 quisquam
3399 3902 3519 3970 epi-

1940 4008 2201 4064 scopum,
2233 4000 2328 4047 aut
2356 3993 2973 4063 metropolitanum,aut
3004 3991 3517 4061 comprovinciales,

1935 4088 2024 4141 vel
2061 4085 2279 4157 judices
2321 4092 2614 4154 suspectos
2650 4082 2928 4147 habuerit,
2974 4089 3215 4137 vestram
3265 4090 3515 4138 sanctam

1936 4176 2243 4231 Romanam
2289 4173 2635 4245 interpellent
2668 4173 2876 4236 sedem,
2912 4171 3001 4227 cui
3038 4171 3109 4227 ab
3138 4171 3259 4241 ipso
3285 4171 3521 4227 Domino

1937 4275 2183 4341 potestas
2228 4266 2457 4338 ligandi,
2501 4281 2566 4320 ac
2598 4264 2941 4331 absolvendi,
2993 4263 3218 4336 speciali
3268 4273 3353 4319 est
3406 4264 3517 4335 pri-

1937 4360 2135 4431 vilegio
2167 4374 2333 4430 super
2362 4357 2501 4412 alios
2529 4371 2814 4413 concessa.
2841 4354 2963 4426 Ipsa
3000 4355 3147 4411 enim
3182 4354 3295 4427 (50)
3332 4355 3517 4411 ﬁrma-

1937 4456 2219 4522 mentum:
2250 4467 2283 4506 a
2345 4450 2455 4507 Deo
2523 4450 2691 4504 fixum
2762 4457 2818 4505 et
2902 4449 3184 4504 immobile
3250 4450 3520 4520 percepit,

262 4549 503 4605 tuentes,
557 4540 757 4611 quibus
794 4554 960 4595 omne
1014 4540 1397 4610 episcoporum
1437 4539 1705 4609 judicium
1754 4550 1839 4596 est
1870 4545 2205 4619 unoniam
2259 4544 2434 4614 ipsam
2492 4542 2726 4598 formam
2788 4541 3176 4595 universorum
3233 4541 3519 4595 titulorum

227 4636 660 4700 -commissum,
713 4635 951 4690 liberare
1004 4634 1072 4687 ab
1127 4634 1382 4689 hostibus
1440 4635 1650 4689 nostris
1724 4650 1838 4691 nou

262 4727 570 4797 negligatis.
603 4725 741 4781 Nam
789 4728 998 4781 scimus
1034 4726 1089 4779 in
1132 4725 1355 4781 Niczena
1393 4742 1589 4797 magna
1628 4728 1839 4799 synodo

264 4826 635 4873 trecentorum
668 4819 856 4873 decem
887 4828 942 4873 et
983 4826 1109 4873 octo
1135 4818 1542 4888 episcoporum,
1571 4820 1639 4874 ab
1660 4820 1842 4875 omni-

264 4905 370 4961 bus
400 4907 745 4962 concorditer
766 4923 887 4963 esse
912 4907 1248 4971 roboratum,
1267 4923 1377 4961 non
1407 4908 1605 4963 debere
1634 4909 1840 4979 absque

266 4995 499 5052 Romani
542 4999 816 5069 pontiﬁcis
845 5000 1118 5054 sententia
1148 4999 1383 5054 concilia
1419 5000 1708 5066 celebrari,
1742 5017 1842 5058 nec

268 5088 561 5158 episcopos
595 5088 880 5156 damnare,
913 5089 1042 5143 licet
1068 5088 1183 5143 haec
1211 5097 1266 5143 et
1303 5090 1565 5161 synodica
1600 5091 1842 5161 capitula

271 5180 377 5233 alia
411 5181 692 5251 complura
722 5180 1153 5251 pernecessaria,
1197 5181 1266 5236 ab
1307 5181 1602 5249 haereticis,
1628 5185 1719 5255 qui
1742 5199 1842 5241 nos

273 5272 515 5344 quotidie
558 5271 821 5328 infestant
849 5280 904 5328 et
933 5271 1163 5344 perdere
1211 5273 1577 5343 nituntur,ut
1621 5276 1841 5333 facilius

234 5499 245 5523 .
338 5423 386 5456 ”
422 5422 468 5480 ll
495 5423 622 5480 Cor.
657 5441 746 5491 xl,
778 5427 869 5481 ‘29.
945 5426 991 5458 “
1028 5424 1219 5480 Matth.
1257 5430 1387 5485 xvi,
1422 5426 1512 5482 18.

364 5540 451 5612 47)
490 5540 798 5612 §tephanus
834 5540 1094 5597 Dorensis
1122 5541 1190 5596 ad
1218 5541 1511 5612 Martinum
1550 5555 1763 5612 papam.

364 5609 455 5683 $8)
489 5609 728 5685 Habetur
750 5613 1014 5685 in_epist.;
1041 5615 1249 5670 decret.
1267 5610 1399 5666 Julii
1430 5609 1836 5667 contra’Orien-

274 5683 408 5737 tales
438 5682 537 5750 pro
570 5682 903 5754 Athanasio”

1942 4635 2338 4691 lucidissimam
2423 4632 2689 4689 Dominus
2761 4630 2924 4688 Jesus
2999 4632 3256 4688 Christus
3331 4646 3519 4687 veram

1943 4727 2304 4797 apostolicam
2343 4725 2632 4780 constituit
2662 4724 2870 4780 sedem.
2905 4725 3030 4795 Ipsa
3055 4734 3140 4780 est
3172 4723 3319 4779 enim
3363 4738 3522 4778 sacer

1942 4827 2154 4886 vertex,
2187 4819 2243 4873 in
2272 4834 2383 4888 quo
2417 4832 2609 4873 omnes
2635 4823 2946 4879 vertuntur,
2991 4823 3391 4878 sustentantur,
3438 4815 3518 4867 le-

1941 4918 2162 4973 vantur.
2195 4918 2251 4965 et
2285 4911 2429 4965 sicut
2465 4910 2520 4964 in
2552 4908 2771 4965 Christo
2799 4907 3136 4970 Christiani,
3171 4914 3225 4960 et
3259 4907 3314 4960 in
3340 4913 3517 4976 petra,

1938 5004 1993 5059 id
2023 5012 2107 5060 est
2133 5003 2375 5069 Christo,
2403 5002 2623 5069 Petrus,
2668 5002 2817 5057 Petri
2849 5010 3185 5057 renovantur
3215 4998 3473 5053 Ecclesiae
3502 5017 3515 5052 :

1943 5096 2020 5151 Tu
2081 5090 2366 5158 es‘enim,
2422 5097 2566 5151 sicut
2619 5095 2871 5149 divinum
2949 5093 3219 5147 veraciter
3281 5097 3520 5146 testatur

1940 5187 2242 5257 eloquium,
2275 5185 2468 5241 Petrus
2491 5186 2558 5252 “,
2595 5194 2650 5241 et
2682 5201 2850 5255 super
2899 5183 3316 5238 fundamentum
3361 5189 3518 5236 tuum

1941 5277 2204 5334 Ecclesiae
2236 5279 2513 5347 columna,
2542 5279 2597 5334 id
2629 5288 2735 5345 est,
2779 5275 3045 5349 episcopi,
3079 5276 3173 5345 qui
3219 5274 3520 5331 Ecclesiam

2017 5534 2128 5675 (49)
2165 5534 2298 5591 Adr.
2327 5537 2454 5590 coll.
2486 5537 2576 5592 55.

2017 5606 2107 5675 (50
2156 5606 2381 5675 Sergius
2405 5607 2567 5675 Cypri

2015 5606 2127 5676 (50)
2156 5606 2381 5689 §ergius
2405 5607 2590 5676 Cypri,
2617 5613 2776 5684 epist.
2806 5616 2874 5671 ad
2903 5614 3110 5672 Theod.
3145 5632 3342 5689 papam
3364 5632 3514 5675 cons.

1945 5694 1985 5733 n
2024 5677 2222 5734 concil.
2252 5677 2507 5733 Laterau.
