3852 6206
355 183 493 238 H75

1472 184 1530 239 S.
1572 179 2036 237 ATHANASIUS.
2080 211 2146 220 -—
2183 178 2456 234 SPUBJA.

3502 175 3633 233 1476

354 299 662 362 sustinere,
716 306 770 352 et
825 296 1064 368 propriis
1120 295 1369 352 humeris
1426 305 1650 368 portare
1700 295 1937 360 debent,
1971 292 2218 354 Aeidem
2269 302 2476 347 saneta
2513 289 2632 346 sedi
2671 297 2864 348 vestrae
2918 291 2973 346 in
3018 289 3282 348 honorem
3322 290 3639 346 beatissimi

355 397 484 444 sunt
540 388 874 442 continuati.
943 386 1178 458 Tibique
1235 389 1420 443 claves
1467 389 1620 458 regni
1670 387 1936 440 ('azlerum

357 483 664 545 commisit,
700 490 862 551 atque
894 482 1084 551 ligare,
1113 491 1167 536 et
1191 481 1401 536 solvere
1439 481 1783 552 petestative,
1819 492 1941 548 qua:

356 575 413 628 in
451 581 597 627 terra
649 582 703 626 et
752 588 872 641 qua
925 573 978 626 in
1031 573 1189 628 cwlis
1236 581 1386 634 sunt,
1441 573 1821 642 promulgavit.
1857 569 1940 625 Tu

359 665 710 734 profanarum
745 665 1012 719 haeresum
1034 703 1048 728 ,
1081 673 1136 716 et
1177 665 1549 735 impetiterum
1578 704 1592 728 ,
1632 672 1794 734 atque
1824 677 1942 714 em-

361 757 510 809 nium
558 756 938 822 infestantium
981 755 1285 825 depesiter,
1324 767 1377 810 et
1427 756 1700 826 princeps,
1737 763 1790 808 et
1841 753 1940 807 de-

359 857 500 910 ctor,
549 856 820 918 caputque
874 849 1118 902 omnium
1182 848 1500 902 orthodoxae
1559 848 1819 902 doctrinae
1888 854 1943 900 et

359 940 725 994 immaculata:
798 939 920 994 ﬁdei
982 939 1227 995 cxsistis.
1305 938 1476 1009 Igitur
1538 956 1606 994 ne
1667 939 1942 1008 despicias

359 1028 580 1084 Patrum
625 1042 864 1092 tuorum,
901 1031 1078 1095 Pater,
1114 1032 1388 1102 pietatem,
1424 1033 1732 1101 bonamque
1765 1031 1944 1084 inten-

360 1121 586 1176 tionem.
644 1121 709 1174 Et
772 1123 914 1177 sicut
976 1124 1053 1177 illi
1108 1123 1300 1176 Patres
1371 1131 1425 1177 et
1506 1125 1946 1194 prmdecesseres

359 1223 582 1286 nostros
631 1229 659 1266 a
712 1215 899 1270 multis
964 1215 1335 1272 liberaverunt
1386 1217 1844 1286 oppressionibus
1893 1224 1947 1272 et

360 1305 652 1374 angustiis,
691 1305 764 1357 ita
796 1321 898 1358 nos
928 1305 1165 1360 liberare
1198 1308 1462 1376 digneris.
1504 1305 1638 1359 Nam
1678 1307 1779 1360 fuit
1803 1321 1949 1361 scm-

360 1412 457 1466 per
500 1404 692 1450 vestra:
746 1406 950 1451 sanctae
985 1407 1039 1452 et
1071 1400 1381 1468 apostolicae
1411 1400 1527 1454 sedi
1569 1400 1787 1453 licentia
1816 1440 1830 1463 ,
1866 1399 1949 1452 in-

360 1492 507 1554 juste
562 1487 851 1543 darunates
897 1490 980 1543 vel
1025 1492 1568 1555 excommunicates,
1622 1491 1951 1561 potestative

361 1595 461 1633 sua
508 1581 834 1635 auctoritate
882 1581 1195 1649 restituere,
1237 1590 1291 1637 et
1338 1599 1437 1638 sua
1487 1584 1570 1638 eis
1607 1584 1790 1638 omnia
1821 1582 1950 1637 red-

2040 383 2211 448 Petri,
2240 383 2466 438 Patrum
2510 385 2732 439 decreta
2761 386 3096 456 peculiarem
3130 386 3449 441 decrevisse
3480 397 3638 437 reve-

2043 478 2274 532 rentiam
2325 477 2456 540 Dei,
2499 492 2598 547 pro
2646 479 2812 533 rebus
2853 478 3202 548 inquirendis
3245 485 3414 546 atque
3458 475 3639 530 deter-

2044 571 2341 634 minandis,
2397 584 2538 641 quas
2585 570 2838 624 sollicite
2879 569 3036 625 decet
3092 570 3352 638 justeque
3401 568 3480 623 ab
3521 569 3648 638 ipe

2045 661 2338 731 praesulum
2415 660 2724 714 examinari
2779 659 2985 714 vertice
3067 659 3409 730 apostolico,
3481 659 3642 728 cujus

2047 753 2358 809 sollicitudo
2403 768 2620 824 semper
2677 753 2780 806 fuit
2814 760 2985 808 etest
3021 759 3130 805 tam
3179 751 3321 804 mala
3376 751 3643 804 damnare

2047 863 2209 918 quam
2269 847 2505 918 probare
2565 847 2859 900 laudanda.
2921 844 3193 912 Quoniam
3266 843 3640 898 humillimum

2046 950 2228 995 vestro
2261 939 2576 1009 apostolico
2609 938 2834 996 culmini
2877 937 3253 1006 persolventes
3285 934 3639 1004 obsequium,

2048 1041 2108 1085 ut
2151 1033 2268 1102 ipse
2319 1029 2583 1085 Dominus
2618 1029 2908 1100 praecepit,
2951 1037 3007 1084 et
3050 1037 3370 1084 sanctorum
3415 1025 3642 1080 decreta

2050 1123 2278 1179 Patrum
2363 1130 2707 1186 statuerunt,
2781 1137 2906 1176 cum
2980 1121 3241 1192 lacrymis
3296 1120 3642 1189 suggerimus

2050 1219 2197 1289 quod
2253 1219 2372 1273 sine
2413 1218 2616 1287 gemitu
2677 1215 2862 1272 cordis
2908 1217 3140 1270 reticere
3201 1232 3313 1270 non
3370 1215 3638 1272 valemus.

2051 1310 2187 1364 Nam
2255 1311 2310 1364 in
2386 1318 2599 1362 tantum
2661 1323 2692 1361 a
2752 1307 3202 1378 persecutoribus
3274 1317 3486 1361 sancta:
3546 1305 3638 1362 Dei

2053 1403 2311 1458 Ecclesia:
2379 1403 2699 1472 nostrisque
2773 1399 3015 1455 inimicis
3109 1400 3526 1470 persequimur,
3584 1408 3642 1453 ut

2050 1496 2211 1566 611
2247 1495 2423 1565 magis
2453 1510 2555 1548 nos
2605 1493 2807 1558 vivere,
2843 1507 3006 1562 quam
3047 1496 3183 1547 meri
3229 1493 3448 1547 taedeat.
3494 1490 3645 1546 Unde

2055 1604 2167 1658 pra:
2205 1587 2462 1642 erunibus
2493 1586 2748 1649 fatemur,
2780 1585 2834 1639 in
2864 1593 3080 1639 tantum
3112 1598 3211 1638 cer
3241 1599 3369 1639 esse
3389 1592 3644 1639 nostrum

360 1669 511 1732 dere,
542 1678 596 1724 et
641 1670 763 1725 illos
791 1672 881 1740 qui
911 1686 1006 1726 eos
1035 1672 1559 1739 cendemnaveruut,
1593 1681 1686 1726 aut
1714 1688 1940 1728 excom-
1979 1664 2018 1716 Β
2049 1680 2393 1734 vulneratum
2424 1718 2438 1743 ,
2470 1686 2528 1731 ut
2561 1677 2946 1747 prepheticum
3006 1677 3160 1730 illum
3209 1674 3494 1744 planctum
3524 1687 3650 1728 exo-

365 1763 810 1827 municaverunt,
853 1763 1156 1832 apostolico
1187 1765 1382 1832 punire
1423 1765 1705 1835 privilegio
1746 1782 1759 1818 :
1807 1765 1948 1818 sicut

359 1853 529 1908 etiam
554 1855 760 1909 nostris
807 1864 861 1908 et
905 1855 1347 1910 antecessoribus
1378 1857 1733 1926 cognovimus
1765 1864 1946 1912 actum

363 1948 723 2018 temporibus.
747 1947 920 2003 Porro
957 1958 1011 2004 et
1059 1950 1161 2019 ipsi
1206 1952 1488 2020 primates,
1517 1951 1609 2022 qui
1656 1953 1947 2023 episcepe-

365 2056 488 2094 rum
521 2048 575 2095 et
608 2057 950 2095 summorum
997 2042 1505 2097 ecclesiasticerum
1542 2059 1744 2100 causas
1775 2046 1952 2100 susci-

365 2148 494 2202 pere
563 2133 785 2196 debent,
855 2134 908 2186 in
976 2132 1198 2203 praeﬁxa
1265 2131 1484 2187 Nicazna
1550 2136 1760 2207 synodo
1821 2145 1951 2192 sunt

362 2225 722 2288 dinumerati,
753 2240 821 2278 ne
853 2225 907 2278 in
939 2234 1221 2294 posterum
1265 2241 1328 2280 ex
1380 2227 1484 2280 hee
1523 2228 1814 2282 ceutentio‘
1837 2230 1947 2282 eri-

365 2323 542 2370 retur.
577 2317 689 2387 (Si)
725 2314 770 2370 Ο
813 2317 1163 2372 sanctissime
1205 2316 1367 2373 Pater
1401 2318 1648 2386 Patrum,
1686 2322 1950 2377 abscinde

367 2411 734 2480 blasphemias
781 2418 836 2464 et
883 2411 1203 2480 jactantiam
1250 2413 1668 2483 vaniloquerum
1715 2423 1770 2468 et
1817 2415 1951 2468 insi-

363 2501 637 2554 diantium
719 2487 1145 2563 infestationes,
1200 2515 1301 2555 nos
1354 2509 1408 2556 et
1465 2502 1664 2556 fratres
1725 2513 1949 2557 nostros

368 2592 813 2662 opprimentium,
840 2602 1004 2662 atque
1031 2591 1262 2662 perdere
1283 2594 1605 2657 volentium,
1631 2593 1725 2663 qui
1755 2593 1823 2647 ad
1853 2609 1950 2649 vos

367 2685 522 2751 quasi
560 2684 625 2736 ad
659 2691 823 2753 caput
847 2683 1220 2753 cenfugirnus,
1258 2691 1317 2737 ut
1346 2695 1530 2740 vestro
1559 2685 1766 2740 sutfulti
1792 2686 1951 2738 auxi-

367 2776 442 2829 lio
472 2777 786 2839 liberemur,
821 2785 875 2830 et
897 2777 1056 2832 vobis
1086 2777 1354 2847 nobisque
1389 2777 1592 2833 Christi
1623 2778 1950 2834 commissas

369 2881 500 2920 oves
562 2882 591 2919 a
661 2867 915 2938 luporum
992 2883 1119 2931 ere,
1187 2867 1418 2920 Domine
1485 2867 1947 2932 adminiculante,

369 2965 661 3026 antequam
706 2957 1100 3026 deglutiantur,
1144 2958 1447 3027 rapiamus.
1483 2957 1593 3012 Nec
1641 2959 1785 3012 enim
1836 2958 1949 3027 (ὃῖ)
1981 3006 2020 3027 η

371 3049 455 3105 fas
505 3059 589 3106 est
641 3051 953 3121 supplicum
1003 3051 1316 3121 apostolica-3
1375 3049 1523 3106 sedis
1575 3052 1801 3122 scripto,
1857 3059 1952 3105 aut

369 3143 491 3197 sine
537 3144 766 3213 scripto,
808 3158 998 3213 preces
1033 3143 1243 3197 oblatas
1278 3143 1580 3213 despicere,
1607 3144 1702 3198 sed
1737 3150 1796 3197 ut
1828 3157 1955 3197 cen-

369 3236 548 3302 decet,
594 3245 648 3290 et
683 3224 1027 3305 privilegium
1080 3246 1276 3289 vestra:
1319 3234 1468 3290 sedis
1513 3243 1619 3299 est,
1651 3241 1705 3289 et
1736 3250 1860 3298 nos,
1900 3244 1956 3291 et

369 3327 451 3380 illi
490 3328 887 3381 canenicaliter
937 3341 1328 3392 cenvocemur,
1363 3335 1418 3381 et
1458 3333 1585 3381 ante
1618 3342 1714 3382 vos
1753 3326 1820 3382 de
1849 3343 1953 3382 ne-

369 3421 506 3475 strls
557 3420 962 3488 ebjectieuibus
1006 3419 1269 3473 canonice
1317 3434 1441 3472 cum
1491 3418 1640 3474 omni
1684 3419 1957 3489 probitate

368 3522 779 3566 cencertemus.
841 3509 999 3565 Sicut
1061 3511 1494 3580 praedecessores
1549 3510 1726 3564 nostri
1787 3526 1957 3580 penes

372 3611 588 3658 vestros
622 3602 869 3658 fecerunt
894 3609 1295 3665 antecessores,
1325 3609 1380 3656 et
1419 3602 1562 3658 sicut
1601 3603 1867 3657 canonica
1899 3603 1955 3657 in

372 3695 634 3765 praedicta
698 3703 888 3750 sancta
957 3695 1168 3765 synodo
1229 3695 1428 3751 docent
1495 3697 1832 3764 constituta,
1901 3706 1958 3753 et.

372 3788 542 3841 veluti
613 3786 811 3856 paleati
879 3785 1029 3842 verbi
1105 3802 1202 3858 per
1253 3787 1615 3842 ventilabrum
1682 3791 1958 3845 canonica:

370 3878 792 3933 examinationis
851 3877 1067 3948 plenam
1118 3879 1522 3949 purgationem,
1570 3879 1628 3934 in
1677 3883 1957 3937 communi

369 3973 741 4028 consistentes
782 3972 1074 4036 auditorio,
1114 3972 1180 4026 de
1227 3973 1458 4028 maturis
1497 3983 1550 4027 et
1587 3973 1958 4030 nutrientibus

371 4065 656 4120 catholicae
716 4064 976 4121 Ecclesiae
1037 4065 1418 4135 dogmatibus,
1459 4080 1584 4136 quae
1631 4065 1959 4121 conﬁrmant

369 4170 468 4208 cer
493 4155 753 4219 hominis,
792 4171 889 4225 per
924 4155 1397 4224 participationem
1433 4162 1786 4224 paternarum
1820 4172 1957 4210 cen-

373 4263 672 4316 sequamur
711 4247 1151 4302 institutionum.
1179 4247 1288 4318 (55)
1319 4246 1574 4316 Antiquis
1609 4247 1754 4302 enim
1800 4264 1959 4319 regu-

2049 1776 2290 1837 ptemus,
2321 1767 2566 1821 dicentes
2596 1784 2608 1820 :
2641 1766 2774 1832 Quis
2800 1765 2948 1818 dabit
2987 1765 3150 1833 capiti
3175 1781 3286 1818 meo
3319 1773 3650 1833 aquam,aut

2054 1860 2223 1915 oculis
2254 1860 2450 1914 nostris
2493 1858 2693 1927 fontem
2750 1858 3132 1928 lacrymarum,
3168 1866 3226 1909 ut
3254 1856 3493 1910 sedentes
3537 1857 3651 1924 plo-

2049 1970 2222 2007 remus
2256 1952 2340 2006 die
2361 1969 2422 2006 ac
2449 1962 2597 2005 nocte
2617 1951 2660 1982 ³⁵
2683 1953 2708 2003 ‘!
2765 1949 2906 2004 Ecce
2946 1950 3094 2004 enim
3125 1964 3277 2013 oves,
3309 1964 3435 2019 qua:
3487 1949 3655 2003 nimis

2049 2045 2401 2113 infestantur,
2426 2052 2591 2114 atque
2613 2059 2643 2097 a
2688 2045 2876 2114 pravis
2907 2043 3151 2098 amoveri
3190 2043 3514 2098 hominibus
3553 2045 3654 2097 im-

2050 2138 2351 2209 pelluntur.
2406 2136 2851 2192 Christianorum
2911 2151 3042 2192 vero
3076 2151 3242 2192 voces
3300 2152 3366 2191 ac
3417 2136 3652 2207 gemitus

2049 2230 2432 2300 episcoporum
2471 2230 2632 2300 longe
2664 2228 2898 2299 lateque
2923 2235 3210 2292 rrsenant,
3259 2228 3540 2283 novitates
3569 2230 3649 2283 in-

2051 2327 2305 2390 surgunt,
2354 2318 2643 2374 calumniae
2671 2326 2951 2385 crescunt,
2986 2318 3303 2388 persecutio
3333 2326 3648 2388 grassatur,

2050 2415 2287 2484 perditio
2319 2414 2377 2468 ﬁt
2409 2414 2760 2484 populorum.
2815 2410 3074 2466 Vestrum
3121 2420 3206 2465 est
3237 2410 3401 2465 nobis
3431 2426 3652 2465 manum

2052 2508 2351 2576 porrigere.
2408 2507 2564 2561 vobis
2611 2506 2758 2561 enim
2817 2505 3100 2559 commissi
3142 2519 3357 2568 sumus,
3406 2514 3650 2558 vestrum

2051 2612 2136 2658 est
2185 2619 2287 2657 nos
2331 2601 2626 2657 defendere
2656 2610 2821 2670 atque
2854 2599 3114 2664 liberare,
3156 2606 3526 2670 nostrumque
3574 2598 3654 2652 est

2052 2709 2082 2746 a
2116 2693 2269 2748 vobis
2301 2693 2567 2746 auvilium
2604 2699 2884 2761 espetere,
2920 2697 2975 2744 et
2997 2689 3194 2744 vestris
3225 2703 3420 2758 parere
3447 2687 3652 2756 jussie-

2052 2787 2235 2841 nibus.
2278 2785 2386 2840 Pro
2416 2786 2586 2841 nimie
2649 2802 2781 2856 ergo
2827 2784 3038 2846 delere,
3089 2791 3257 2851 atque
3279 2780 3489 2851 gemitu
3541 2791 3653 2833 am-

2053 2881 2202 2933 nium
2276 2895 2399 2950 quae
2459 2894 2559 2934 nos
2626 2879 2888 2933 infestant
2955 2875 3272 2932 necessarie
3353 2872 3650 2935 recordari,

2055 2971 2320 3041 vobisque
2366 2970 2684 3040 signiﬁcare
2738 2969 3055 3040 nequimus.
3114 2967 3243 3022 Ideo
3298 2968 3513 3021 almum
3561 2981 3654 3020 ve-

2055 3071 2231 3117 strum
2259 3075 2555 3116 exoramus
2587 3060 2978 3130 apostolatum,
3014 3065 3075 3112 ut
3110 3071 3279 3126 super
3323 3056 3413 3112 his
3463 3057 3651 3128 legem,

2053 3168 2176 3224 qua:
2214 3151 2272 3206 in
2316 3159 2622 3207 memorata
2651 3151 2873 3207 Nicaena
2904 3151 3114 3222 synodo
3140 3157 3226 3205 est
3272 3150 3646 3221 promulgata,

2054 3241 2306 3312 quamvis
2328 3241 2717 3312 praedictorum
2741 3241 3153 3305 insidiatorum,
3185 3248 3240 3294 et
3269 3239 3512 3293 alierum
3544 3252 3660 3293 ma-

2061 3335 2239 3389 lorum
2271 3334 2553 3388 hominum
2573 3374 2591 3402 ,
2619 3351 2729 3404 quo
2769 3333 2986 3388 facilius
3031 3335 3323 3404 episcepes
3353 3331 3451 3387 Dei
3493 3332 3656 3385 mini-

2057 3432 2204 3480 stres
2256 3425 2471 3478 valeant
2501 3424 2822 3494 illaqueare,
2867 3432 2952 3479 est
2996 3422 3285 3485 suﬁ‘ocata,
3345 3424 3653 3493 reparetis:

2055 3528 2110 3574 et
2137 3533 2259 3589 quae
2304 3521 2619 3574 necessaria
2643 3518 2760 3573 fere
2806 3517 3169 3587 cognoscitis,
3216 3524 3420 3572 vestrae
3449 3526 3657 3572 sancta:

2055 3610 2204 3669 sedis
2242 3613 2570 3667 auctoritate
2598 3627 2699 3667 nos
2730 3621 3074 3682 cunctosque
3101 3610 3302 3665 fratres
3328 3609 3659 3673 infermetis,

2057 3713 2117 3758 ut
2161 3704 2428 3758 malorum
2461 3703 2689 3760 insidias
2725 3704 3034 3770 hominum,
3067 3712 3255 3758 vestra
3305 3699 3433 3757 fulti
3463 3711 3658 3756 aucte-

2057 3793 2218 3849 ritate
2261 3793 2437 3859 illazsi,
2473 3791 2702 3847 Domino
2724 3792 3052 3865 epitu’lante,
3083 3791 3318 3846 evadere
3355 3789 3656 3847 valeamus.

2057 3887 2186 3956 quia
2235 3885 2466 3940 insidias
2495 3885 2751 3954 luporum
2780 3884 3110 3954 praevidere,
3153 3897 3265 3938 non
3311 3880 3655 3951 evium(5-l).

2059 3977 2153 4032 sed
2183 3984 2464 4048 pastorum
2499 3986 2606 4032 est.
2643 3975 2863 4030 Scimus
2893 3976 3040 4030 enim
3066 3973 3213 4044 quod
3242 3973 3297 4028 id
3329 3988 3550 4043 semper
3579 3987 3660 4026 ve-

2059 4081 2184 4124 stra:
2216 4069 2362 4124 sedis
2391 4069 2678 4139 praesules,
2701 4069 2882 4141 primo
2915 4067 3175 4137 apostoli,
3213 4065 3417 4121 deinde
3443 4079 3660 4120 succes-

2060 4177 2214 4216 seres
2228 4177 2417 4216 eorum
2447 4159 2716 4216 fecerunt.
2743 4159 2860 4230 (55)
2891 4157 3003 4214 Vos
3025 4157 3360 4212 universalis
3383 4155 3658 4219 Ecclesiae,

2060 4260 2116 4305 et
2145 4253 2382 4306 maxime
2437 4253 2826 4322 episcoporum
2890 4251 2985 4320 qui
3015 4249 3162 4303 eculi
3194 4247 3412 4302 Domini
3441 4254 3660 4318 propter

373 4339 442 4394 iis
468 4339 739 4394 sancitum
775 4346 879 4404 est,
912 4351 970 4393 ut
1003 4339 1294 4409 quidquid,
1355 4339 1607 4408 quamvis
1639 4339 1694 4393 in
1737 4341 1959 4395 remotis
1993 4357 2040 4416 ι)
2064 4343 2578 4413 contemplationem
2609 4351 2664 4399 et
2679 4343 3113 4413 speculationem
3146 4351 3443 4405 vocantur,
3477 4351 3658 4395 curam

369 4439 468 4484 aut
497 4430 552 4483 in
596 4429 912 4499 longinquis
941 4431 1140 4500 positis
1182 4430 1503 4500 provinciis,
1546 4445 1711 4500 super
1745 4432 1958 4500 episco-

375 4536 567 4590 porum
606 4521 845 4589 querelis
889 4529 985 4574 aut
1035 4521 1484 4576 accusationibus
1523 4530 1796 4591 ageretur,
1847 4538 1955 4576 non

374 4614 527 4684 prius
558 4613 903 4667 tractandum
938 4613 1025 4668 vel
1058 4613 1434 4683 accipiendum
1481 4622 1652 4675 esset,
1691 4627 1852 4682 quam
1892 4614 1959 4667 ad

374 4707 625 4760 notitiam
676 4707 832 4760 almae
878 4705 1028 4760 sedis
1080 4716 1283 4760 vestrae
1341 4705 1536 4760 fuisset
1583 4706 1963 4775 pronuntiatio

374 4798 554 4862 facta,
606 4813 714 4868 qua
760 4797 1154 4860 inﬁrmaretur,
1197 4806 1289 4850 aut
1328 4797 1657 4854 ﬁrmaretur.
1719 4797 1958 4868 Indeque

373 4899 656 4946 sumerent
693 4906 965 4955 normam,
1000 4890 1146 4944 unde
1175 4889 1434 4944 Ecclesiae
1477 4904 1761 4958 sumpsere
1795 4906 1957 4944 exer-

371 4983 523 5036 dium
570 4981 1003 5053 praedicationis,
1051 4997 1121 5036 ne
1172 4981 1376 5051 passim
1426 4981 1495 5034 ab
1543 4981 1957 5038 insidiatoribus

373 5077 642 5131 columnae
672 5083 1049 5131 evertereutur
1081 5073 1359 5130 Ecclesiae.
1406 5071 1624 5128 Certum
1675 5082 1760 5129 est
1807 5075 1954 5129 enim

444 5230 490 5263 "
525 5227 726 5286 Jerem.
765 5246 854 5296 Ix,
892 5232 941 5284 l.
1021 5231 1066 5262 ³⁸
1100 5228 1246 5287 Psal.
1283 5245 1335 5293 ι,
1371 5227 1425 5282 2.

446 5392 556 5464 (Si)
582 5394 726 5448 Idem
760 5391 1004 5463 Sergius.

446 5465 557 5532 (ΒΞ)
591 5465 856 5534 Martinus
891 5479 1048 5534 papa,
1074 5463 1296 5518 ibidem.

450 5535 558 5600 :55)
591 5533 696 5587 PP.
729 5532 906 5604 Africi.—
940 5532 994 5588 iii
1035 5551 1121 5604 ep.
1169 5537 1236 5591 ad
1275 5533 1483 5590 Theed.
1537 5549 1729 5604 papam
1787 5545 1944 5586 conc.

378 5600 630 5656 Lateran.
667 5618 798 5658 ann.
831 5603 958 5658 649.

2059 4452 2266 4507 gerere,
2315 4451 2382 4491 ac
2427 4435 2495 4490 de
2529 4435 2865 4490 revelatione
2925 4442 2981 4490 et
3036 4434 3156 4504 lege
3202 4441 3397 4487 nostra
3441 4432 3659 4487 assidue

2060 4529 2305 4600 cogitare
2334 4527 2569 4592 debetis,
2602 4527 2748 4582 sicut
2774 4526 3039 4596 scriptum
3068 4535 3153 4580 est
3183 4541 3197 4577 :
3222 4523 3424 4578 Beatus
3455 4525 3659 4592 quime-

2059 4617 2264 4670 ditatur
2287 4618 2341 4671 in
2370 4617 2475 4688 lege
2512 4617 2723 4671 Domini
2753 4617 2840 4670 die
2880 4628 2947 4669 ac’
2973 4626 3123 4670 nocte
3153 4616 3217 4667 ³⁸.
3260 4614 3396 4682 Quae
3430 4616 3657 4670 medita-

2059 4710 2160 4772 tio,
2212 4723 2322 4762 non
2375 4708 2610 4764 lectione
2655 4724 2754 4779 per
2801 4707 3033 4778 ﬁguram
3086 4707 3400 4761 litterarum
3451 4716 3656 4762 tantum

2065 4811 2386 4870 conspecta,
2441 4799 2538 4856 sed
2579 4801 2848 4855 uberante
2874 4801 2929 4854 in
2976 4800 3134 4854 vobis
3163 4799 3374 4854 Christi
3403 4800 3583 4871 gratia
3607 4801 3655 4852 iu

2063 4902 2248 4948 vestra
2295 4893 2648 4964 cognoscitur
2676 4894 3020 4949 conscientia
3054 4893 3422 4948 immebiliter
3474 4892 3652 4952 insita.

2062 4996 2117 5039 et
2138 4987 2451 5042 nullatenus
2499 4985 2568 5041 de
2610 4995 2796 5042 vestro
2819 4987 2985 5042 corde
3017 4985 3309 5041 recedente
3357 4987 3480 5056 lege
3505 4985 3655 5041 Chri-

2063 5076 2134 5132 sti
2166 5075 2256 5132 Dei
2300 5089 2679 5143 sacresancta,
2711 5079 2858 5135 sicut
2890 5079 2945 5133 in
2988 5077 3227 5136 Psalmis
3261 5079 3399 5136 dicit
3421 5075 3654 5149 Prophe-

2143 5389 2254 5463 ("5!)
2285 5387 2458 5463 gone.
2489 5390 2742 5463 rnBem.
2787 5393 2890 5448 sub
2921 5392 3273 5463 Symmacho.

2131 5461 2245 5536 (55)
2274 5459 2493 5536 _Victor.
2540 5462 2732 5518 Carth.
2770 5480 2858 5534 ep.
2903 5459 2972 5520 ad
3005 5463 3214 5521 Theod.
3253 5479 3486 5536 papam,
3519 5467 3649 5523 nLle

2057 5532 2232 5587 multa
2274 5533 2381 5587 huc
2416 5532 2634 5590 invecta
2663 5532 2815 5591 sunt.
