3852 6206
230 246 375 300 16ῗῖ

1166 243 1436 301 PONTIF.
1471 243 1639 299 ROM.
1681 243 1768 296 ET
1806 240 2179 297 ATIIANASII
2218 237 2600 295 EPISTOLIE.

3357 239 3490 294 M78

229 375 316 418 ta:
345 361 416 418 0s
464 363 600 432 justi
631 363 973 418 meditabitur
1005 365 1338 433 sapientiam,
1389 373 1436 418 et
1477 364 1660 433 lingua
1689 362 1803 432 ejus
1835 367 1882 422 Α
1908 375 2120 426 versos,
2151 359 2283 412 nihil
2317 359 2461 412 aliud
2491 369 2574 414 est
2598 372 2758 429 quam
2788 357 2990 413 fovere.
3029 357 3138 414 Nec
3160 367 3311 415 caret
3341 375 3470 416 seru

225 457 465 524 loquetur
501 454 787 524 judicium,
847 457 930 509 lea:
966 455 1061 509 Dei
1099 457 1214 524 ejus
1262 458 1317 510 in
1358 456 1513 509 corde
1555 456 1719 523 ipsius
1737 455 1804 518 ³⁷,

225 564 333 602 non
364 554 689 612 atramento,
742 547 839 603 sed
867 547 1065 616 spiritu
1100 545 1196 602 Dei
1229 547 1340 601 vivi
1377 547 1578 601 vestris
1616 546 1672 599 in
1716 560 1808 598 ar-

225 641 378 694 canis
412 640 743 710 conscripta,
799 654 975 708 neque
1009 639 1063 692 in
1105 637 1305 694 tabulis
1333 639 1582 709 lapideis,
1625 637 1718 692 sed
1751 638 1806 690 in

224 732 426 786 tabulis
472 731 657 785 cordis
689 731 1024 795 carnalibus,
1060 730 1204 784 sicut
1235 728 1538 784 beatissimi
1571 726 1806 798 apostoli

224 819 377 874 Pauli
415 819 482 873 ad
512 819 825 875 Corinthios
853 821 1019 874 missa
1056 834 1158 874 nos
1191 819 1348 873 docet
1381 817 1643 888 Epistola.
1673 817 1801 882 Qui-

223 912 325 967 bus
357 912 654 982 praamissis
686 911 1062 980 significamus
1093 909 1201 965 Deo
1232 910 1443 979 placitae
1474 909 1803 964 fraternitati

223 1011 418 1058 vestrm
445 1002 529 1056 die
561 1001 794 1070 septimo
823 999 1190 1056 Kalendarum
1216 998 1606 1070 Augustarum,
1664 997 1806 1051 indi-

222 1094 420 1149 ctionis
447 1101 676 1164 quartis,
697 1100 944 1148 nostram
981 1091 1344 1146 humilitatem
1383 1091 1567 1145 divina
1603 1090 1800 1160 gratia,

223 1201 326 1241 suo
372 1193 430 1240 ut
467 1185 722 1255 praecepit
773 1199 1001 1238 munere
1030 1183 1418 1252 praeveniente,
1451 1182 1649 1236 vestris
1677 1196 1804 1234 san-

222 1280 328 1333 ctis
354 1293 416 1332 ac
445 1276 553 1331 Deo
577 1275 758 1346 dignis
790 1274 1070 1345 precibus,
1111 1273 1166 1326 in
1201 1280 1389 1327 sancta
1420 1269 1663 1323 Romana
1701 1268 1804 1322 Ec-

221 1367 391 1422 clesia
445 1365 775 1437 pontificalis
819 1364 1045 1418 honoris
1091 1363 1372 1431 accepisse
1425 1361 1802 1415 consecratio-

221 1477 346 1516 nem
375 1468 428 1514 et
456 1459 670 1521 stolam,
704 1457 758 1511 in
786 1473 894 1527 quo
916 1454 1196 1529 dignitatis
1221 1453 1440 1524 fastigio
1477 1459 1537 1506 ut
1562 1452 1669 1505 Deo
1689 1465 1801 1506 om-

221 1554 501 1622 nipotente
565 1549 836 1603 altissimo
903 1561 1179 1617 regamur,
1238 1552 1292 1599 et
1340 1559 1370 1597 a
1428 1543 1586 1596 malis
1624 1541 1802 1596 omni-

221 1644 326 1697 bus
369 1641 688 1695 liberemur.
741 1636 810 1692 Ut
839 1653 949 1691 non
980 1634 1321 1692 sacerdotale
1350 1648 1542 1688 nomen
1566 1642 1796 1695 tantum,

1912 453 2040 522 pulo
2068 452 2348 507 societatis
2389 453 2636 515 occultae,
2681 452 2774 522 qui
2814 451 3105 506 manifesto
3135 452 3365 507 facinori
3395 455 3464 509 de

1909 546 2040 601 sinit
2076 545 2316 599 obviare.
2384 543 2672 600 Manifesta
2712 553 2818 608 est,
2867 544 3068 600 Doctor
3114 546 3466 601 sanctissime

1906 649 2177 690 venenosa
2220 643 2532 703 serpentum
2575 635 2694 689 sine
2726 635 3075 705 simplicitate
3101 638 3322 700 astutia,
3356 636 3477 690 dun

1907 723 2198 779 manifesta
2247 733 2332 780 est
2364 725 2556 780 dolosa
2590 726 2938 780 inimicorum
2971 726 3205 781 fallacia.
3249 728 3474 783 Succur-

1905 815 2031 877 rite,
2081 831 2421 885 qumsumus,
2457 819 2759 887 oppressis,
2787 818 3011 873 liberate
3059 835 3161 874 nos
3210 819 3277 874 de
3318 835 3481 873 manu

1906 911 2373 976 persequentium,
2403 916 2461 962 ut
2495 925 2621 962 cum
2655 909 2814 964 beato
2860 908 2961 964 Job
2991 911 3222 964 cantctis
3263 929 3276 964 :
3313 910 3481 964 Bene-

1904 999 2064 1052 dictio
2094 1002 2315 1069 perituri
2345 1018 2499 1070 super
2536 1019 2619 1057 me
2637 1003 2894 1066 veniebat,
2941 1013 2990 1056 et
3035 1019 3125 1056 cor
3157 1003 3328 1057 vidua:
3357 1020 3480 1057 con-

1902 1089 2104 1143 solatus
2129 1107 2268 1153 sum,
2291 1092 2508 1158 justitia
2532 1093 2750 1146 indutus
2781 1110 2918 1155 sum,
2939 1103 2989 1146 et
3025 1094 3205 1147 uestiui
3241 1111 3340 1158 me,
3375 1096 3482 1148 sic-

1902 1188 1960 1231 ut
1989 1183 2290 1234 cestimento
2313 1192 2359 1235 et
2382 1183 2701 1249 diademate,
2741 1183 2946 1253 judicio
2975 1202 3108 1238 meo.
3147 1185 3345 1241 Oculus
3405 1186 3483 1251 lui

1900 1287 2057 1336 σαῖσι),
2087 1281 2135 1325 et
2160 1288 2246 1340 pes
2280 1273 2492 1329 claudo.
2522 1274 2686 1328 Pater
2715 1291 2862 1328 eram
2886 1291 3198 1344 pauperum,
3229 1293 3482 1331 causam-

1900 1379 1997 1432 que
2009 1381 2163 1434 quam
2185 1365 2496 1429 nesciebam,
2516 1365 2910 1436 diligentissime
2926 1366 3317 1437 inuestigabam.
3337 1368 3482 1423 Con-

1903 1455 2128 1509 terebam
2147 1456 2315 1509 malas
2348 1457 2538 1526 iniqui,
2557 1466 2605 1510 et
2628 1456 2692 1511 de
2718 1457 2958 1511 dentibus
2981 1475 3160 1512 eorum
3179 1459 3481 1528 auferebam

1898 1545 2133 1613 prtedam
2155 1547 2221 1610 ³⁸,
2251 1555 2303 1600 et
2333 1547 2560 1616 reliqua.
2588 1545 2698 1601 Nos
2731 1547 2897 1610 enim,
2933 1563 3071 1616 quos
3100 1555 3193 1602 tua
3243 1548 3482 1604 maxima

1899 1637 2183 1698 exspectat
2219 1645 2373 1694 cura,
2401 1631 2454 1684 id
2487 1638 2592 1694 est,
2659 1632 2902 1701 episcopi
2938 1647 3151 1698 omnes,
3209 1633 3480 1702 praecipue

222 1735 318 1790 sed
344 1734 542 1789 Christi
575 1732 788 1786 Domini
824 1732 999 1786 nostri
1035 1729 1127 1784 Dei
1158 1735 1476 1799 protegente
1507 1727 1712 1782 auxilio
1737 1734 1791 1780 et
1822 1719 1864 1774 Β
1893 1726 2047 1773 tuum
2103 1721 2366 1777 debemus
2396 1725 2591 1778 mereri
2621 1723 2918 1793 judicium,
2965 1731 3018 1778 et
3074 1739 3181 1778 non
3227 1725 3296 1779 ab
3354 1724 3481 1780 aliis

220 1828 480 1882 meritum
510 1825 828 1887 habeamus,
869 1822 1068 1876 vestris
1101 1821 1308 1876 sanctis
1355 1834 1418 1873 ac
1476 1819 1586 1874 Deo
1637 1834 1794 1873 acce-

219 1917 516 1987 ptabilibus
545 1930 646 1970 nos
667 1913 1111 1968 commendantes
1132 1911 1490 1974 orationibus,
1517 1911 1794 1980 poscimus

219 2019 488 2078 quatenus
543 2017 597 2061 et
621 2006 824 2062 vestris
873 2004 1352 2075 deprecationibus
1394 2018 1494 2074 pro
1533 2003 1691 2057 nobis
1726 2003 1794 2057 ad

219 2101 392 2156 Deum
447 2100 634 2155 effusis
684 2100 904 2163 muniti,
955 2107 1010 2154 et
1064 2098 1469 2152 eruditionibus
1503 2097 1664 2152 bonis
1709 2097 1794 2151 in-

220 2192 441 2256 structi,
477 2192 627 2263 digni
684 2190 980 2246 eﬂiciamur
1019 2205 1143 2244 cum
1193 2189 1342 2242 omni
1387 2189 1546 2243 nobis
1594 2189 1796 2259 populo

219 2281 536 2335 Christiano
583 2280 880 2334 commisso
916 2278 1094 2342 illaesi,
1131 2276 1342 2347 protegi
1374 2277 1680 2330 velamento
1711 2275 1794 2329 di-

219 2373 369 2425 vino.
405 2370 485 2424 Ad
520 2369 905 2424 salutationem
929 2383 1060 2436 ergo
1087 2376 1286 2421 vestra:
1315 2373 1516 2420 sancta:
1543 2374 1597 2420 et
1624 2366 1794 2419 hono-

222 2462 406 2517 randae
439 2461 819 2524 fraternitatis,
848 2460 966 2514 vice
1001 2467 1216 2522 nostra,
1241 2458 1590 2512 Benedictum
1618 2457 1798 2510 humi-

220 2555 324 2609 lem
351 2562 601 2609 nostrum
617 2553 840 2606 fratrem
866 2559 1113 2606 vestrum
1132 2551 1470 2620 episcopum,
1495 2557 1547 2604 et
1569 2550 1798 2604 Alexan-

219 2645 379 2699 drum
420 2645 819 2715 presbyterum,
866 2641 1181 2710 Crispinum
1213 2655 1432 2711 quoque
1479 2640 1792 2706 diaconum,

218 2745 434 2790 vestros
470 2736 703 2789 famulos
734 2733 1151 2788 destinavimus.
1182 2731 1410 2801 Propter
1440 2748 1576 2802 quos
1609 2739 1798 2802 postu-

221 2832 401 2882 lamus
431 2828 664 2883 celerius
695 2827 855 2881 nobis
887 2841 916 2879 a
951 2833 1133 2880 vestra
1160 2824 1497 2880 beatitudine
1537 2823 1793 2894 persolvi,

223 2928 282 2973 ut
321 2920 520 2974 vestris
549 2918 1020 2972 cohortationibus
1049 2916 1312 2980 roborati,
1345 2915 1539 2970 vestris
1569 2914 1792 2984 regulis,

222 3012 460 3069 inimicis
505 3011 756 3067 videlicet
800 3010 1151 3079 compressis,
1207 3008 1506 3072 informati,
1554 3008 1621 3062 ad
1668 3023 1794 3077 pro-

221 3107 370 3174 prias
394 3106 686 3175 prudenter
723 3103 990 3158 consolati
1038 3104 1321 3158 valeamus
1375 3101 1638 3156 ecclesias
1672 3108 1797 3152 ante

220 3197 454 3251 hiemem
505 3194 733 3264 Domino
789 3193 1026 3263 propitio
1081 3207 1347 3246 remeare.
1400 3191 1652 3246 Vestrum
1718 3197 1802 3246 est

217 3288 440 3357 quippe,
494 3285 656 3340 Pater
704 3285 1078 3347 sanctissime,
1119 3282 1386 3336 canonica
1434 3281 1801 3336 instructione

218 3380 452 3434 sollicite
485 3377 871 3432 ecclesiastica:
914 3375 1110 3445 regula:
1139 3372 1574 3432 adversantibus,
1607 3379 1660 3425 et
1690 3370 1803 3422 fra-

216 3482 365 3526 trum
396 3468 810 3524 insidiatoribus
835 3467 1076 3530 obviare,
1112 3479 1212 3519 nec
1246 3463 1560 3534 permittere
1585 3460 1800 3516 noviter

217 3561 332 3616 dici
390 3559 534 3630 quod
569 3557 790 3612 Patrum
819 3555 1209 3612 venerabilinm
1231 3554 1532 3609 auctoritas
1575 3551 1799 3606 omnino

218 3665 332 3705 non
370 3648 604 3704 censuit.
657 3646 770 3702 Nos
797 3646 943 3702 enim
975 3645 1207 3701 humiles
1263 3645 1448 3710 corde,
1499 3644 1794 3713 sapientes,

215 3741 508 3812 adjuvante
535 3739 784 3802 Domino,
811 3752 932 3808 quae
953 3747 1100 3792 recta
1131 3744 1260 3792 sunt
1289 3751 1398 3790 uno
1424 3736 1644 3791 vinculo
1669 3736 1798 3790 cha-

216 3833 402 3888 ritatis
441 3832 722 3886 vobiscum
747 3845 945 3885 sumus
965 3829 1276 3894 constricti,
1304 3844 1490 3883 veram
1520 3827 1679 3882 fidem
1730 3842 1795 3882 ac

216 3924 539 3993 religionem
601 3921 930 3976 catholicam
977 3920 1031 3974 in
1063 3919 1319 3975 omnibus
1357 3919 1569 3974 fortiter
1605 3919 1794 3974 defen-

224 4025 434 4070 santes.
516 4014 829 4067 Studiosius
881 4013 1066 4081 itaque
1098 4026 1128 4064 a
1172 4009 1467 4066 Catholicis
1531 4011 1792 4082 improbis

217 4107 388 4176 probe
425 4107 682 4160 resistere
716 4103 997 4158 nitendum
1048 4110 1153 4166 est,
1189 4117 1257 4156 ne
1292 4110 1589 4171 torpentes,
1646 4103 1794 4158 desi-

216 4199 307 4252 dia
328 4199 596 4266 oppressi,
615 4197 787 4264 culpae
811 4194 1202 4248 taciturnitatis
1224 4200 1510 4246 teneamur
1539 4193 1785 4258 obnoxii,

215 4303 270 4346 ct
327 4289 484 4360 quasi
533 4288 770 4342 favorem
826 4287 1198 4355 impendentes
1246 4285 1575 4354 judicemur.
1637 4285 1790 4342 Unde

217 4383 424 4437 dictum
453 4387 537 4436 est
567 4396 582 4433 :
617 4378 918 4449 Negligere,
962 4392 1087 4431 cum
1132 4377 1313 4448 possis
1341 4377 1636 4432 deturbare
1664 4393 1788 4448 per-

1897 1809 2163 1865 devorari.
2229 1805 2424 1867 Merito
2445 1829 2573 1884 ergo
2603 1829 2702 1870 nos
2728 1814 3040 1877 sacerdotes
3063 1814 3276 1870 Domini
3311 1831 3476 1872 causa

1896 1903 2139 1972 respicit,
2169 1903 2215 1958 si
2245 1904 2464 1959 silentio
2495 1905 2605 1976 (56)
2635 1907 2916 1961 faveamus
2956 1908 3152 1962 errori.
3174 1906 3230 1961 Si
3257 1907 3480 1978 quidem

1895 1993 2263 2065 corripiantur
2290 1995 2626 2066 hujusmodi,
2654 2013 2753 2053 nec
2785 1999 2856 2054 sit
2888 1998 3123 2054 liberum
3149 1999 3230 2054 eis
3260 2014 3360 2070 pro
3390 2013 3480 2054 vo—

1895 2085 2102 2142 luntate
2126 2087 2328 2144 habere
2362 2087 2653 2158 judicium,
2686 2089 3010 2160 desinatque
3052 2091 3267 2145 novitas
3296 2091 3478 2146 inces-

1895 2193 2016 2234 sere
2045 2187 2396 2243 vetustatem,
2447 2180 2660 2235 desinat
2691 2182 3058 2236 Ecclesiarum
3107 2183 3344 2253 quietem
3395 2183 3479 2236 in-

1895 2270 2158 2340 quietudo
2205 2271 2448 2326 turbare.
2487 2270 2624 2325 Nam
2667 2287 2860 2328 omnes
2916 2276 3346 2345 metropolitani,
3391 2277 3479 2330 vel

1895 2360 2093 2429 reliqui
2122 2361 2390 2430 episcopi,
2421 2376 2520 2416 sua
2554 2361 2678 2416 odia
2707 2369 2800 2415 aut
2825 2363 3099 2418 vindictas
3127 2365 3182 2418 in
3233 2365 3476 2434 reliquos

1896 2453 2183 2523 episcopos
2206 2468 2462 2508 exercere
2492 2469 2602 2508 non
2629 2455 2868 2509 valeant.
2903 2453 3028 2510 Ideo
3065 2456 3386 2510 nominatim
3418 2457 3477 2510 in

1898 2545 2114 2599 Nicaena
2145 2546 2354 2616 synodo
2401 2547 2649 2616 expressi
2686 2555 2815 2601 sunt
2855 2547 3140 2616 primates,
3202 2548 3296 2618 qui
3346 2548 3480 2602 reli-

1897 2651 2034 2704 quos
2064 2637 2350 2706 episcopos
2381 2637 2571 2692 audire
2596 2645 2649 2692 et
2683 2637 2932 2707 judicare
2977 2639 3233 2704 debeant,
3265 2655 3335 2694 ne
3362 2640 3476 2693 ulla

1898 2725 2050 2782 fraus
2105 2729 2160 2782 in
2208 2727 2418 2797 judicio
2455 2730 2838 2798 episcoporum
2873 2729 3050 2799 possit
3085 2730 3315 2786 irruere.
3368 2729 3477 2785 Vos

1896 2833 2026 2887 ergo
2062 2820 2153 2887 qui
2201 2820 2255 2872 in
2286 2835 2500 2873 summo
2535 2820 2761 2889 speculo
2791 2821 2981 2890 gratiae
3004 2820 3097 2874 Dei
3129 2821 3266 2876 estis
3308 2820 3478 2891 depo-

1897 2909 2010 2973 siti,
2043 2910 2323 2964 attendere
2345 2925 2465 2972 eos,
2497 2918 2551 2965 et
2577 2911 2886 2980 opprimere
2907 2919 3138 2980 oportet,
3171 2913 3263 2981 qui
3293 2912 3348 2966 in
3373 2913 3478 2966 fra-

1898 3009 2011 3056 tres
2064 3001 2367 3058 seditiones
2419 3001 2532 3074 (57)
2566 3013 2618 3057 et
2649 3003 2903 3058 scandala
2941 3002 3206 3056 excitant.
3241 3001 3478 3074 Ideoque

1901 3108 2209 3159 exoramus,
2267 3103 2326 3149 ut
2385 3095 2607 3150 minime
2657 3094 2972 3164 despiciatis
3021 3095 3345 3152 humilitatis
3375 3111 3478 3152 no-

1901 3199 2048 3251 strae,
2079 3195 2133 3241 et
2159 3189 2403 3242 omnium
2445 3187 2806 3244 Orientalium
2835 3189 3262 3245 orthodoxorum
3293 3206 3478 3258 sacer-

1899 3276 2106 3341 domm,
2163 3285 2217 3333 et
2271 3280 2594 3348 populorum
2639 3278 2958 3336 aillictiones
2991 3288 3046 3335 et
3072 3281 3471 3346 damnationes,

1899 3382 2023 3422 cum
2060 3369 2317 3440 lacrymis
2342 3371 2572 3426 oblatas.
2600 3364 2702 3426 Sed
2735 3373 2878 3428 sicut
2898 3373 3188 3426 luminaria
3220 3375 3480 3430 universo

1899 3459 2124 3523 mundo,
2157 3460 2379 3514 verbum
2409 3462 2531 3516 vita:
2554 3463 2870 3528 retinentes,
2895 3463 3238 3519 introductas
3260 3464 3474 3519 exstin-

1898 3553 2045 3622 guite
2065 3554 2317 3609 tenebras
2347 3553 2872 3610 nefandissimorum
2894 3555 3301 3624 insidiatorum,
3336 3565 3473 3612 tem-

1895 3647 2125 3718 poribus
2155 3647 2318 3702 etiam
2343 3648 2548 3702 nostris
2582 3637 2894 3717 procaciter
2931 3647 3264 3717 germinatas
3291 3667 3304 3702 :
3337 3663 3474 3720 qua-

1895 3749 2056 3795 tenus
2104 3738 2350 3794 funditus
2389 3742 2658 3795 exstincta
2700 3740 3017 3810 hujusmodi
3043 3741 3295 3811 caligine,
3336 3741 3472 3796 luci-

1895 3829 1978 3886 fer
2001 3831 2160 3886 nobis
2195 3831 2538 3901 resplendeat
2570 3847 2666 3902 per
2686 3847 2805 3898 vos,
2832 3833 3180 3888 sanctissime
3213 3832 3394 3900 Pater,
3416 3842 3470 3890 et

1893 3921 2204 3991 dogmatica
2246 3920 2489 3975 definitio
2520 3923 2723 3992 ubique
2770 3937 2963 3978 omnes
2995 3923 3296 3987 laetifieans,
3362 3939 3470 3994 qua

1891 4012 2115 4084 gloriosi
2145 4012 2318 4067 saneti
2347 4010 2538 4066 Patres
2576 4028 2671 4082 per
2701 4013 2919 4083 propria
2950 4014 3196 4083 piissime
3218 4015 3470 4084 dogmata

1891 4109 1948 4162 in
1982 4114 2193 4158 aeternae
2223 4104 2345 4157 vitae
2384 4102 2596 4156 firmam
2623 4103 2988 4159 haereditatem
3021 4104 3347 4173 praedicasse
3371 4120 3470 4159 no-

1893 4205 2145 4252 scuntur.
2166 4194 2231 4250 Et
2259 4197 2590 4266 subscriptio
2627 4215 2640 4250 :
2674 4195 3004 4251 Incolumem
3043 4206 3182 4258 te,et
3209 4197 3470 4267 benepla-

1889 4291 2057 4343 citum
2112 4289 2244 4352 Deo,
2295 4289 2642 4346 sanctissime
2699 4287 2859 4342 Pater
2918 4286 3168 4350 Patrum,
3225 4297 3456 4346 orantett

1889 4396 1988 4450 pro
2012 4380 2172 4436 nobis
2197 4380 2462 4436 Dominus
2493 4379 2766 4435 custodiat
2801 4380 2856 4434 in
2881 4395 3075 4435 aevum.
3105 4382 3304 4436 Amen.

1283 4493 1608 4562 Rescriptum
1640 4493 1832 4550 Felicis
1858 4512 2007 4567 papa:
2046 4496 2117 4551 ad
2139 4497 2368 4552 eosdem.

286 4611 450 4683 612
488 4609 976 4665 Reverendissimis
1013 4618 1175 4678 atque
1206 4609 1572 4663 dilectissimis
1603 4609 1788 4664 fratri-
1821 4620 1865 4675 1)
1895 4614 2024 4667 tiam
2055 4613 2291 4684 Spiritus
2318 4614 2520 4679 sancti,
2549 4621 2603 4669 et
2642 4612 2750 4669 Deo
2785 4613 3047 4684 placitum
3069 4614 3308 4668 studium
3337 4628 3468 4678 con-

217 4705 322 4757 bus
353 4703 676 4767 Athanasio,
717 4711 770 4756 et
824 4702 1094 4756 universis
1123 4695 1525 4770 IEgyptiorum,
1558 4701 1793 4756 Thebai—

216 4797 368 4859 dam,
416 4793 818 4864 Libyorumque
847 4795 1117 4862 episcopis
1159 4794 1214 4846 in
1245 4803 1432 4846 sancta
1468 4791 1790 4847 Alexandri-

216 4904 287 4942 na
323 4887 529 4958 synodo
577 4885 938 4956 congregatis,
972 4884 1123 4939 Felix
1159 4884 1314 4938 alma:
1342 4881 1602 4938 Romanae
1636 4885 1790 4940 urbis

214 4991 269 5036 et
309 4979 634 5034 universalis
685 4979 938 5032 Ecclesia:
971 4977 1283 5046 cpiscopus,
1314 4985 1369 5031 et
1409 4987 1598 5032 sancta
1627 4993 1792 5047 syno-

212 5075 339 5134 dus,
387 5086 507 5141 qua:
538 5073 593 5124 in
636 5071 824 5124 urbem
863 5068 1091 5123 Romam
1149 5068 1423 5132 convenit,
1469 5070 1523 5123 in
1555 5069 1786 5124 Domino

211 5165 469 5218 salutem.

285 5255 506 5308 Sacram
553 5261 792 5308 vestram
840 5249 1154 5324 synodicam
1199 5253 1482 5323 epistolam
1528 5268 1625 5322 per
1661 5268 1784 5322 gra-

282 5411 325 5443 ³⁷
365 5409 510 5466 Psal.
549 5427 747 5476 xxxvr,
787 5410 888 5476 50,
921 5409 1010 5463 51.

283 5563 394 5635 (56)
428 5564 500 5635 ljlx
531 5565 694 5634 epist.
721 5563 750 5635 lg
786 5561 1114 5635 Caelestinil
1150 5561 1214 5616 ad
1251 5559 1458 5635 G_allos_.

1893 4707 2177 4776 scriptam.
2202 4717 2394 4761 vestrae
2427 4724 2454 4760 a
2484 4707 2592 4762 Deo
2626 4706 2958 4762 honoranda:
3007 4707 3315 4761 sanctitatis
3348 4721 3470 4774 gra-

1893 4797 1967 4850 tia
1997 4799 2234 4852 libenter
2286 4799 2650 4868 suscepimus,
2683 4805 2846 4867 atque
2877 4798 3146 4851 instanter
3173 4805 3361 4848 nostra
3411 4795 3467 4848 in

1893 4889 2102 4960 synodo
2153 4889 2385 4944 recitare
2420 4906 2516 4959 per
2573 4891 2786 4959 singula
2824 4890 3115 4958 jussimus,
3168 4899 3222 4940 et
3275 4901 3466 4942 omnes

1894 4979 2098 5032 intente
2147 4979 2267 5048 ejus
2298 4980 2553 5050 colligere
2614 4981 2781 5034 verba
2842 4981 3220 5050 praecepimus.
3285 4975 3464 5046 Super

1891 5085 2014 5139 quae
2061 5071 2190 5124 dum
2226 5072 2395 5126 laetari
2443 5072 2798 5142 sperabamus
2823 5079 2878 5126 et
2914 5071 3288 5142 cupiebamus,
3316 5084 3468 5123 versa

1883 5162 2044 5217 estin
2079 5161 2278 5214 luctum
2323 5162 2532 5216 cithara
2584 5173 2766 5216 nostra
2787 5163 2852 5228 ’9,
2900 5170 2953 5217 et
2975 5163 3216 5216 cantatio
3246 5163 3301 5215 in
3346 5161 3464 5231 plo—
3549 5165 3554 5168 ’

1884 5257 2170 5317 rationem,
2204 5261 2257 5308 et
2288 5255 2512 5309 omnino
2543 5255 2710 5311 totius
2741 5255 2932 5326 synodi
2963 5254 3219 5326 gaudium
3241 5255 3299 5309 in
3326 5263 3468 5312 me»

1086 5409 1131 5440 ³⁸
1166 5407 1270 5464 Job
1306 5424 1470 5474 xxrx,
1509 5407 1694 5462 l5-l7.
1771 5407 1816 5440 ³⁸
1856 5406 1959 5462 Job
1991 5423 2094 5462 xxx
2120 5447 2134 5472 ,
2172 5409 2261 5462 51.

281 5625 403 5705 (57)-
427 5625 690 5705 Stephan.
723 5633 1001 5696 Dorensis,
1035 5632 1101 5686 ad
1131 5632 1397 5703 synodum
1431 5630 1850 5688 Lateranensem
1889 5641 2034 5686 anno
2069 5625 2190 5682 649.
