3852 6206
382 209 518 265 “79

1535 203 1590 258 S.
1621 201 2084 256 ATIIANASIUS.
2116 231 2184 241 —-
2227 201 2500 252 SPLHIA.

3511 200 3641 256 MSS

380 339 553 379 rorem
619 320 943 375 translatum
995 326 1098 381 est,
1163 317 1290 389 quia
1344 334 1448 372 non
1479 317 1761 380 decuerat,
1818 327 1876 372 ut
1923 319 1958 371 ii
1995 327 2036 380 Α
2068 317 2123 370 in
2155 317 2410 368 volumen
2455 313 2760 366 litterarum
2795 317 3100 366 vestrarum
3144 311 3518 380 comperimus
3564 331 3646 370 re-

380 414 468 485 qui
499 427 701 481 corpus
736 411 849 482 (58)
894 410 1101 464 Christi
1134 409 1377 479 quotidie
1412 408 1632 477 proprio
1667 408 1966 461 conficiunt

379 520 491 568 ore,
546 511 755 556 tantum
805 509 1123 572 paterentur
1174 499 1631 568 persecutionem.
1697 496 1966 562 Quoniam

381 595 643 648 Dominus
689 592 830 647 Deus
884 600 1072 645 noster
1129 592 1360 645 salutem
1417 589 1713 659 providens
1748 589 1966 658 generis

380 688 628 750 humani,
668 685 943 739 mandavit
996 682 1406 754 persecutiones
1442 695 1551 734 non
1595 681 1732 742 fieri,
1787 696 1968 748 neque

379 775 760 829 flm:tuatioues
812 773 1023 836 inferri,
1057 781 1150 824 aut
1209 772 1435 824 invideri
1489 771 1863 825 laborantibus
1911 772 1963 824 iu

378 881 510 936 agro
573 863 806 928 Domini,
864 879 1038 932 neque
1100 864 1510 932 dispensatores
1573 863 1754 929 magni
1800 861 1965 930 ltegis

379 955 582 1018 vexari,
624 961 716 1005 aut
747 953 960 1020 expelli.
991 952 1286 1016 ριιίρδιςίιρ,
1316 952 1491 1019 inquit
1545 959 1734 1004 sancta
1770 967 1964 1018 magna

379 1045 596 1099 Niczena
641 1044 907 1114 synodus,
951 1050 1006 1094 et
1049 1043 1218 1095 nolite
1263 1041 1518 1110 persequi
1576 1056 1671 1094 eos
1713 1039 1806 1107 qui
1855 1039 1965 1094 Deo

379 1139 621 1209 perfecte
679 1135 1015 1195 ministrant,
1067 1144 1120 1187 et
1161 1133 1375 1186 sincera
1420 1134 1702 1185 voluntate
1737 1132 1963 1200 superni

379 1231 475 1286 Dei
510 1228 767 1283 mandata
798 1225 1139 1287 custodiunt,
1190 1234 1244 1278 et
1276 1225 1480 1278 nostris
1513 1225 1722 1293 legibus
1773 1223 1963 1291 subju-

379 1331 602 1393 gantur.
639 1319 777 1386 Quia
832 1332 933 1372 nec
979 1317 1134 1371 decet
1185 1331 1286 1369 nec
1331 1316 1466 1369 ordo
1500 1316 1727 1384 patitur,
1770 1322 1828 1367 ut
1857 1314 1960 1367 ini-

377 1416 470 1485 qui
506 1421 559 1468 et
595 1411 845 1466 carnales
906 1409 1220 1478 spirituales
1278 1414 1713 1477 persequantur.
1772 1405 1963 1458 Omnis

378 1505 522 1559 enim
576 1503 667 1571 qui
703 1501 909 1554 resistit
941 1500 1125 1560 alicui,
1178 1514 1325 1551 nunc
1383 1496 1664 1560 vertendo,
1699 1511 1843 1550 nunc
1871 1511 1960 1548 ce~

380 1594 542 1646 lando
589 1591 892 1651 veritatem,
955 1590 1215 1643 mentitur
1273 1589 1542 1644 adversus
1587 1604 1710 1642 eum
1768 1597 1958 1641 contra

2069 416 2392 469 tractemus,
2457 415 2512 460 et
2569 405 2673 458 alia
2734 406 2999 458 nonnulla
3062 405 3322 458 instantis
3389 410 3652 477 temporis

2065 501 2376 557 necessaria
2427 507 2588 568 prout
2642 498 2824 568 petitis
2867 509 3154 566 ponamus.

2139 593 2250 664 (62)
2289 595 2337 646 l.
2374 591 2467 646 Est
2498 605 2734 660 namque
2762 588 3039 660 synodicis
3055 592 3336 644 decretum
3360 591 3655 655 institutis,

2066 692 2127 738 ut
2153 699 2314 738 nemo
2361 682 2684 751 episcopum
2731 695 2899 750 penes
2953 681 3242 735 szeculares
3280 681 3525 738 arbitros
3563 697 3660 737 ac-

2066 784 2243 838 cuset,
2277 775 2373 829 sed
2401 773 2466 827 ad
2508 788 2756 828 summos
2794 773 3078 842 primates.

2135 867 2189 920 2.
2232 863 2290 919 Si
2329 866 2455 934 quis
2501 865 2767 918 adversus
2812 864 3129 935 episcopum
3173 878 3401 920 causam
3441 865 3660 920 habue-

2066 958 2154 1021 rit,
2198 972 2306 1010 non
2338 956 2492 1026 prius
2530 955 2669 1010 alios
2702 955 2993 1025 episcopos
3022 954 3204 1018 adeat,
3238 968 3298 1010 ut
3327 972 3455 1011 eum
3489 973 3664 1011 accu-

2066 1055 2170 1111 set,
2215 1034 2381 1117 quam
2435 1045 2781 1100 familiariter
2817 1045 2865 1099 ei
2909 1060 3064 1099 suam
3105 1045 3306 1100 indicet
3343 1047 3658 1115 querelam,

2063 1149 2119 1192 et
2155 1138 2224 1191 ab
2261 1153 2326 1193 eo
2351 1137 2556 1206 justam
2594 1136 3036 1192 emendationem
3063 1175 3079 1198 ,
3121 1144 3218 1190 aut
3264 1137 3658 1192 rationabilem

2067 1229 2335 1299 percipiat
2372 1229 2812 1291 excusationem,
2861 1228 2982 1297 ipsa
3033 1243 3132 1282 nos
3171 1229 3481 1283 instruente
3510 1229 3661 1282 veri—

2064 1329 2174 1374 tate
2206 1341 2218 1375 :
2256 1320 2313 1375 Si
2347 1323 2634 1388 peccaverit
2666 1322 2792 1374 inte
2825 1321 2995 1390 frater
3036 1330 3180 1384 tuus,
3211 1319 3342 1374 vade
3366 1329 3416 1373 et
3446 1321 3662 1389 corripe

2063 1427 2179 1466 eum
2213 1417 2348 1467 inter
2380 1424 2427 1467 te
2459 1424 2506 1468 et
2537 1416 2710 1483 ipsum
2737 1416 2928 1468 solum.
2961 1413 3022 1468 Si
3053 1423 3102 1466 te
3122 1429 3226 1466 non
3265 1412 3521 1472 audierit,
3558 1414 3663 1465 ad-

2062 1505 2177 1558 hibe
2205 1505 2337 1559 duos
2369 1508 2447 1558 vel
2471 1517 2574 1559 tres
2610 1516 2798 1560 tecum.
2833 1505 2901 1558 Et
2945 1505 3116 1558 sinon
3158 1504 3410 1567 audierit,
3447 1505 3533 1556 dic
3562 1502 3662 1557 Ec-

2063 1595 2237 1650 clesia:
2261 1597 2330 1660 ",
2365 1596 2415 1650 id
2443 1605 2548 1657 est,
2586 1612 2788 1652 accusa
2812 1613 2936 1651 eum
2969 1597 3210 1666 publice,
3241 1603 3296 1649 et
3323 1610 3434 1649 non
3469 1596 3661 1665 priva-

379 1701 542 1755 quem
569 1685 763 1753 litigat.
807 1683 872 1735 Et
907 1681 997 1750 qui
1043 1680 1276 1734 infestus
1298 1692 1380 1735 est
1411 1682 1593 1743 alicui,
1636 1680 1819 1734 omnia
1849 1679 1959 1734 sic-
1991 1673 2032 1730 Β
2063 1686 2183 1748 tim,
2207 1695 2258 1740 ει
2288 1687 2517 1755 reliqua,

381 1785 439 1830 ut
495 1776 668 1829 hostis
720 1775 850 1844 agit,
909 1783 963 1827 et
1037 1775 1258 1841 insuper
1301 1773 1448 1842 loqui
1505 1772 1803 1827 contendit.
1857 1769 1965 1826 Vos

379 1869 527 1922 enim
581 1882 869 1920 monemus
904 1865 1100 1918 fratres
1136 1865 1187 1918 iu
1224 1865 1466 1934 speculis
1497 1880 1619 1919 esse
1649 1864 1866 1928 debere,
1907 1875 1966 1917 ut

379 1963 434 2015 in
465 1968 733 2031 quantum
766 1974 890 2013 esse
921 1959 1149 2028 potestis
1185 1966 1240 2010 et
1283 1956 1548 2012 Dominus
1577 1958 1839 2012 auxilium
1871 1957 1969 2010 de-

378 2053 546 2118 derit,
577 2054 780 2106 talibus
815 2064 1000 2106 nostra
1042 2051 1343 2120 apostolica
1392 2059 1686 2120 vestraque
1724 2051 1966 2104 auctori-

379 2153 489 2199 tate
535 2144 824 2203 resistatis,
887 2159 987 2195 nec
1039 2144 1330 2213 quisquam
1393 2150 1636 2196 vestrum
1689 2156 1719 2194 a
1775 2140 1963 2194 fratris

381 2233 588 2287 auxilio
632 2248 692 2286 se
741 2232 1065 2296 subtrahat,
1120 2231 1214 2285 sed
1272 2245 1372 2300 pro
1411 2230 1617 2283 viribus
1665 2229 1968 2281 adminicu-

381 2328 490 2381 lum
511 2332 748 2396 praastet.
777 2324 1214 2390 Quoniamlieet
1245 2324 1402 2393 pauci
1432 2321 1573 2384 sitis,
1606 2323 1650 2374 si
1680 2323 1968 2374 unanimes

382 2419 620 2485 fueritis,
659 2419 996 2476 nullatenus,
1041 2417 1256 2484 justitia
1312 2415 1668 2483 suffragante.
1736 2412 1968 2466 Domino

378 2526 599 2582 quoque
637 2525 793 2580 opem
827 2509 1056 2570 ferente,
1087 2506 1480 2576 superabimini
1521 2523 1534 2557 :
1581 2502 1721 2569 Quia
1761 2503 1970 2564 funicu-

382 2606 464 2660 lus
501 2603 694 2670 triplex
726 2600 955 2669 difﬁcile
993 2599 1342 2668 rumpitur".
1379 2595 1510 2650 Nam
1551 2599 1597 2650 si
1637 2595 1829 2648 ollieiis
1868 2610 1970 2648 sae-

380 2696 667 2751 cularibus
707 2692 822 2764 (59)
873 2691 1111 2746 humana
1167 2690 1248 2742 lex
1286 2689 1560 2753 subvenit,
1600 2695 1806 2757 quanto
1855 2701 1971 2739 ma-

382 2789 466 2857 gis
487 2786 902 2848 ecclesiasticis,
937 2791 991 2838 et
1019 2781 1234 2836 Domini
1265 2781 1668 2840 sacerdotibus,
1708 2781 1971 2832 maxime-

381 2895 489 2949 que
546 2876 918 2948 pontificibus,
975 2875 1070 2945 qui
1129 2873 1349 2945 pupilhe
1407 2873 1693 2925 oculorum
1754 2871 1971 2926 Domini

383 2971 750 3042 appellantur,
806 2968 989 3022 divina
1039 2975 1201 3036 atque
1233 2965 1499 3019 canonica
1543 2965 1625 3018 lex
1683 2964 1970 3034 suffragari

382 3063 589 3117 debet?
634 3060 725 3114 Ait
770 3059 914 3115 enim
946 3058 1193 3113 divinum
1225 3056 1293 3111 de
1323 3056 1602 3125 episcopis
1648 3057 1924 3125 eloquium
1953 3074 1965 3109 :

385 3154 495 3230 Qui
537 3171 624 3208 vos
681 3153 871 3223 tangit,
905 3152 1070 3220 tangit
1109 3149 1363 3218 pupillam
1411 3148 1551 3200 oculi
1590 3148 1690 3200 mei
1717 3147 1779 3201 λ’.
1813 3147 1876 3200 Et
1923 3147 1971 3201 si

384 3247 676 3303 saeculares
703 3245 956 3299 homines
1008 3243 1246 3295 ltumana
1279 3239 1660 3308 multipliciter
1679 3241 1973 3310 exploran-

384 3347 475 3392 tur
513 3338 649 3407 lege,
696 3342 750 3390 et
792 3333 1181 3403 requisitiones
1217 3343 1380 3399 atque
1419 3329 1656 3384 iuducize
1679 3331 1788 3384 illis
1831 3330 1972 3383 mul-

383 3437 564 3483 torum
599 3427 871 3482 mensium
921 3423 1318 3484 conceduntur,
1360 3438 1429 3477 ne
1471 3423 1670 3492 injuste
1706 3423 1972 3477 damnen-

385 3531 515 3588 tur;
544 3527 750 3590 quanto
776 3517 950 3587 magis
978 3515 1272 3585 episeopis,
1307 3516 1397 3584 qui
1447 3515 1806 3585 proximiores
1843 3521 1972 3570 sunt

386 3611 518 3675 Deo,
573 3620 626 3666 et
681 3625 846 3677 super
901 3623 997 3663 eos
1048 3617 1177 3664 sunt
1235 3608 1541 3671 constituti,
1595 3609 1868 3677 positique
1915 3609 1970 3661 in

385 3704 597 3758 cmlesti
652 3701 868 3765 militia,
923 3716 1044 3769 quae
1095 3700 1399 3768 impensius
1464 3699 1816 3768 ponderanda
1863 3709 1967 3764 est,

387 3804 744 3866 temporaque
795 3801 926 3848 sunt
977 3791 1325 3848 concedenda
1360 3791 1532 3844 multo
1571 3791 1858 3860 ampliora,
1902 3806 1971 3845 ne

387 3903 416 3941 a
449 3887 778 3957 quibusdam
820 3894 1118 3955 graventur
1174 3891 1269 3937 aut
1305 3883 1711 3952 opprimantur,
1758 3881 1843 3936 vel
1877 3897 1971 3935 su-

387 3981 504 4036 bito
551 3980 899 4035 damnentur.
938 3976 1049 4048 (60)
1082 3975 1445 4046 Inspiciamus
1481 3989 1633 4044 ergo,
1675 3973 1970 4043 adjuvante

388 4073 500 4127 Deo
539 4082 594 4128 et
633 4081 824 4128 sancto
863 4071 1114 4138 apostolo
1147 4067 1330 4130 Petro,
1381 4083 1477 4137 per
1531 4083 1692 4137 quem
1747 4076 1800 4122 et
1837 4082 1970 4135 apo-

391 4165 625 4219 stolatus
665 4175 716 4218 et
755 4164 1105 4232 episcopatus
1128 4161 1182 4214 in
1210 4159 1431 4213 Christo
1462 4158 1629 4228 cmpit
1655 4158 1966 4220 exordium,

389 4272 553 4328 quam
587 4258 768 4326 plures
801 4269 942 4322 saepe
978 4260 1322 4308 emerserunt
1351 4267 1554 4313 causae,
1588 4265 1709 4320 qua:
1754 4251 1808 4303 in
1840 4252 1967 4320 qui-

2103 1776 2154 1829 5.
2194 1773 2250 1829 Si
2291 1777 2416 1846 quis
2473 1775 2791 1847 episcopum
2832 1775 3060 1846 posthac
3099 1775 3323 1846 elegerit
3363 1788 3660 1838 accusare,

2066 1868 2296 1924 summis
2324 1867 2653 1937 primatibus
2681 1870 3062 1938 episcoporum
3097 1882 3252 1922 suam
3287 1867 3494 1920 indicet
3525 1881 3664 1920 cau-

2067 1977 2206 2024 sam,
2235 1970 2289 2016 et
2318 1975 2427 2016 non
2461 1961 2854 2027 saecularibus,
2896 1960 2990 2031 qui
3027 1961 3197 2030 magis
3223 1959 3291 2012 ad
3326 1974 3518 2030 pacem
3537 1959 3661 2026 (65)

2067 2071 2229 2126 quam
2282 2054 2348 2108 ad
2400 2054 2670 2123 judicium
2722 2067 2820 2108 eos
2875 2060 3158 2114 revocent,
3201 2059 3261 2103 ut
3307 2053 3556 2104 eharitas
3602 2050 3660 2102 in

2065 2147 2323 2201 omnibus
2377 2153 2432 2200 et
2486 2146 2556 2200 ab
2609 2145 2870 2199 omnibus
2924 2143 3290 2198 custodiatur.
3351 2141 3407 2195 Si
3443 2143 3661 2211 prima-

2069 2245 2151 2292 tes
2206 2247 2556 2290 accusatores
2597 2236 2982 2304 episcoporum
3047 2250 3171 2287 cum
3225 2235 3308 2288 eis
3361 2235 3662 2302 pacificare

2070 2327 2414 2381 familiariter
2469 2327 2692 2382 minime
2745 2327 3044 2396 potuerint,
3107 2331 3238 2377 tunc
3281 2331 3529 2392 tempore
3579 2323 3661 2377 le-

2069 2417 2260 2486 gitimo
2297 2431 2395 2469 eos
2428 2417 2494 2469 ad
2525 2416 2794 2485 synodum
2825 2415 3088 2468 canonice
3125 2423 3510 2476 convocatam,
3540 2428 3657 2467 non

2069 2505 2210 2559 infra
2245 2515 2478 2575 angusta
2524 2515 2768 2574 tempora
2803 2506 3068 2560 canonice
3098 2515 3427 2569 convocent,
3460 2515 3514 2559 et
3541 2521 3653 2560 non

2069 2597 2387 2665 priusquam
2420 2598 2500 2651 eis
2531 2613 2626 2667 per
2659 2597 2866 2666 scripta
2893 2597 3202 2668 significent
3243 2597 3375 2667 quid
3418 2598 3654 2668 opponi-

2071 2697 2180 2753 tur,
2215 2698 2273 2741 ut
2297 2690 2362 2742 ad
2400 2689 2815 2758 responsionem
2846 2689 3137 2758 prazparati
3170 2688 3486 2742 adveniant.
3517 2688 3656 2742 Nam

2072 2781 2116 2834 si
2145 2788 2237 2832 aut
2275 2779 2350 2843 vi,
2393 2787 2487 2833 aut
2522 2781 2718 2834 timore
2744 2780 2926 2850 ejecti,
2975 2788 3070 2833 aut
3095 2780 3213 2834 suis
3253 2781 3418 2834 rebus
3456 2795 3657 2850 exspoa

2072 2874 2184 2927 liati
2246 2873 2489 2937 fuerint,
2549 2889 2650 2927 nec
2683 2871 2950 2927 canonice
2995 2859 3212 2927 evocari
3265 2871 3333 2925 ad
3382 2872 3653 2942 synodum

1997 3007 2039 3062 ε
2074 2973 2340 3036 possunt,
2402 2981 2503 3019 nec
2561 2965 2894 3035 respondere
2945 2966 3158 3020 aemulis
3207 2963 3433 3026 debent,
3484 2972 3661 3016 ante—

2073 3070 2235 3124 quam
2285 3054 2550 3109 canonice
2607 3055 2986 3121 restituantur,
3015 3063 3071 3110 et
3105 3071 3206 3110 sua
3237 3056 3320 3110 eis
3360 3055 3543 3110 omnia
3575 3054 3659 3108 le-

2073 3146 2263 3217 galiter
2301 3145 2619 3200 reddantur.

2145 3239 2201 3292 4.
2246 3236 2302 3291 Si
2340 3239 2464 3307 quis
2509 3238 2890 3308 episcoporum
2934 3237 3050 3293 suis
3101 3236 3268 3291 fuerit
3336 3239 3506 3293 rcLus
3559 3253 3659 3292 ex-

2073 3330 2364 3400 spoliatus,
2399 3340 2492 3383 aut
2534 3346 2563 3382 a
2600 3344 2699 3384 sua
2748 3330 2993 3384 Ecclesia
3023 3331 3074 3383 vi
3112 3340 3202 3383 aut
3233 3331 3432 3385 timore
3469 3333 3660 3400 expuls

2073 3440 2188 3490 sus,
2241 3425 2386 3494 quod
2437 3425 2585 3493 omni
2628 3424 2941 3478 Christiano
2979 3425 3186 3479 nomini
3219 3433 3304 3480 est
3345 3425 3654 3486 inimicum,

2071 3526 2285 3588 oportet
2322 3529 2376 3573 et
2417 3519 2575 3573 decet
2621 3519 3004 3588 episc0porum
3046 3521 3399 3588 pmpositum
3443 3533 3658 3588 semper

2073 3611 2247 3679 prima
2290 3610 2468 3665 fronte
2511 3610 2804 3665 sollicitum
2834 3626 2979 3674 esse,
3008 3618 3066 3663 ut
3096 3611 3302 3674 omnia,
3343 3626 3466 3679 qua:
3484 3613 3532 3665 ei
3564 3613 3660 3666 ab-

2072 3702 2181 3756 lata
2228 3711 2394 3767 sunt,
2450 3703 2705 3771 potestati
2759 3702 2881 3771 ejus
2930 3701 3178 3770 legaliter
3224 3702 3552 3766 reddantur,
3603 3711 3660 3757 et

2072 3794 2274 3863 prtesul
2294 3794 2448 3862 prius
2481 3795 2824 3849 restituatur.
2856 3792 2924 3846 Et
2959 3802 3145 3864 postea
3180 3809 3293 3848 non
3319 3796 3532 3858 statim,
3559 3796 3660 3850 sed

2071 3885 2164 3940 diu
2196 3894 2249 3940 et
2283 3902 2378 3956 per
2413 3887 2654 3956 spatiosa
2687 3897 2951 3955 tempora,
2985 3886 3102 3942 suis
3143 3888 3472 3955 potestative
3498 3889 3660 3957 depo-

2071 3979 2215 4042 sitis,
2249 3987 2304 4032 et
2337 3979 2404 4032 ad
2440 3995 2594 4033 suam
2630 3979 3013 4033 necessitatem
3056 3983 3402 4050 praeparatis,
3438 3983 3504 4036 ad
3527 3993 3658 4037 tem-

2072 4086 2175 4140 pus
2215 4071 2398 4125 veniat
2438 4069 2504 4123 ad
2542 4085 2788 4124 causam.
2842 4069 2908 4123 Et
2949 4071 2996 4126 si
3038 4072 3193 4142 juste
3237 4075 3418 4130 visunt
3471 4075 3652 4136 fuerit,

2070 4163 2487 4219 accusatoribus
2513 4163 2841 4231 respondeat
2879 4164 3018 4219 suis.

2145 4254 2199 4308 5.
2242 4253 2386 4308 Nulli
2444 4254 2632 4308 infami
2672 4253 2784 4324 (64)
2821 4262 2984 4325 atque
3015 4257 3283 4326 sacrilego
3311 4256 3378 4314 de
3411 4273 3656 4326 quocun-

392 4348 620 4402 busdam
663 4362 772 4400 non
817 4355 974 4400 erant
1019 4358 1220 4407 causae,
1257 4343 1353 4398 sed
1383 4342 1635 4396 crimina.
1681 4340 1819 4406 Quia
1851 4355 1967 4394 ma-
1999 4358 2042 4412 υ
2072 4359 2179 4414 que
2224 4345 2386 4400 liceat
2423 4344 2662 4415 negotio,
2704 4345 2968 4402 adversus
3011 4348 3332 4418 religiosum
3382 4349 3657 4403 Christia-

393 4441 494 4510 gis,
530 4446 590 4492 ut
623 4439 1013 4507 comperimus.
1049 4437 1352 4506 iniquitate
1393 4435 1661 4490 fratribus
1701 4443 1833 4490 sunt
1865 4436 1996 4514 im-_

393 4531 609 4601 positae,
651 4544 814 4598 quam
849 4529 1136 4582 charitate.
1191 4527 1258 4581 Et
1292 4538 1350 4582 ut
1385 4528 1451 4582 de
1509 4536 1707 4581 cietero
1765 4527 1971 4582 sollici-

391 4622 523 4676 tudo
551 4622 643 4686 sit,
674 4637 742 4674 ne
774 4621 901 4674 talia
941 4621 1256 4684 deveniant,
1279 4620 1517 4689 capitula
1553 4619 1823 4687 qumdam,
1848 4636 1970 4688 qua:

391 4731 421 4768 a
453 4715 660 4770 sanctis
700 4712 978 4776 Patribus,
1035 4721 1146 4764 tam
1184 4712 1238 4764 in
1277 4709 1498 4765 Nicaena
1528 4711 1758 4782 synodo,
1801 4726 1966 4780 quam

391 4808 447 4862 in
483 4808 584 4862 hac
611 4807 738 4862 sede
771 4805 1068 4860 constituta
1098 4811 1247 4869 sunt,
1278 4819 1569 4873 ponamus.
1608 4804 1819 4869 Quibus
1859 4804 1965 4857 fra-

393 4908 503 4954 tres
533 4907 588 4953 et
625 4898 933 4967 coepiscopi
975 4895 1148 4950 nostri
1185 4895 1322 4960 fulti,
1359 4894 1588 4948 insidias
1620 4895 1962 4949 inimicorum

391 4993 622 5047 Domino
647 4992 792 5045 auxil
817 4999 944 5044 ante
987 4989 1204 5044 valeant
1233 4987 1484 5050 evadere,
1511 4995 1565 5041 et
1596 4994 1757 5056 prout
1782 4985 1967 5040 Domi-

294 5128 308 5140 .
394 5103 499 5140 nus
526 5086 736 5140 dederit
760 5099 938 5154 posse,
971 5081 1322 5152 paucioribus
1338 5079 1452 5149 (6|)
1482 5086 1760 5131 tantorum
1789 5078 1964 5130 malo-

396 5191 514 5231 rum
546 5176 726 5231 verbis
759 5177 1038 5229 imitemur
1067 5172 1470 5243 compendium,
1511 5179 1566 5225 ct
1592 5171 1821 5226 strictim
1846 5184 1967 5240 qua:

467 5331 513 5363 ‘°
553 5331 734 5385 Eccle.
758 5340 842 5393 ‘tv,
881 5331 970 5384 12.
1045 5331 1087 5362 “
1126 5327 1354 5383 Zachar.
1391 5339 1470 5388 ιι,
1503 5325 1556 5378 8.

490 5442 578 5508 58)
611 5442 925 5513 Ilieronym.
953 5443 1113 5513 epist.
1147 5441 1209 5495 ad
1241 5438 1626 5510 Nepotianum.

493 5514 581 5575 59)
615 5513 668 5564 S.
710 5513 870 5581 (ξι-(ις.
894 5529 976 5581 ep.
1013 5513 1128 5575 1‘20,
1159 5514 1193 5564 1.
1224 5528 1318 5565 vn.

492 5581 579 5644 60)
617 5581 800 5633 luuoc.
838 5600 921 5649 cp.
955 5585 1006 5637 ‘2.

473 5653 583 5711 (bl)
616 5650 794 5702 lunoc.
827 5669 911 5715 ep.
940 5653 987 5704 7.

2070 4454 2224 4500 num,
2258 4439 2510 4507 quamvis
2545 4438 2768 4494 humilis
2802 4439 3130 4509 Servilisque
3157 4450 3392 4510 persona
3445 4443 3538 4505 sit,
3575 4452 3654 4495 te-

2069 4529 2392 4583 stimonium
2423 4528 2628 4592 dicere,
2662 4546 2764 4584 nec
2797 4530 2864 4585 de
2911 4531 3155 4598 qualibet
3188 4532 3406 4586 actione
3446 4534 3530 4588 vel
3574 4535 3655 4588 in-

2067 4622 2366 4690 scriptione
2397 4621 2773 4676 Christianum
2807 4623 3086 4691 impetere.

2135 4709 2188 4762 6.
2228 4708 2285 4762 Si
2323 4711 2444 4778 quis
2478 4711 2775 4780 episcopus
2812 4711 3052 4780 legitime
3092 4720 3413 4778 accusatus,
3465 4722 3522 4769 et
3561 4730 3651 4768 su-

2065 4800 2316 4870 pradicto
2348 4801 2541 4856 ordine
2573 4801 2638 4855 ad
2673 4803 2968 4856 concilium
3000 4803 3266 4857 canonice
3319 4817 3654 4860 convocatus

2068 4891 2252 4957 fuerit,
2319 4894 2525 4964 absque
2574 4895 2938 4964 trepidatione
2995 4896 3076 4950 ire
3106 4895 3350 4952 debebit.
3401 4895 3470 4951 Et
3498 4899 3544 4953 si
3578 4899 3651 4954 ire

2067 4999 2177 5037 non
2205 4987 2442 5056 potuerit
2473 4985 2608 5057 (65),
2645 5002 2743 5056 pro
2765 5001 2826 5043 se
2848 4987 3088 5057 legatum
3129 4987 3199 5041 ad
3237 4988 3510 5058 synodum
3534 4992 3648 5042 mit-

2064 5082 2166 5129 tat.

2143 5169 2194 5225 7.
2229 5168 2403 5224 Nullae
2427 5183 2610 5224 causa;
2639 5184 2669 5222 a
2699 5168 2980 5239 judicibus
3007 5171 3403 5228 ecclesiasticis
3431 5173 3638 5228 audian-

1637 5325 1680 5355 "
1723 5323 1912 5378 Matth.
1950 5339 2123 5387 xvm,
2165 5323 2358 5379 15-17.

2149 5437 2261 5508 (62)
2292 5437 2480 5494 Carth.
2509 5453 2593 5503 Ill,
2626 5454 2676 5492 c.
2705 5437 2760 5492 9.

2140 5508 2250 5574 (63)
2281 5509 2467 5563 Carth.
2501 5525 2574 5574 tv,
2601 5526 2652 5564 c.
2687 5509 2778 5563 26.

2150 5579 2260 5646 (64)
2297 5581 2370 5630 lix
2401 5579 2629 5634 Aniano.

2150 5648 2263 5717 (63)
2307 5649 2432 5702 Adr.
2466 5665 2518 5705 c.
2546 5650 2578 5703 5
2609 5657 2664 5704 ct
2695 5650 2776 5703 ll.
