3852 6206
183 356 314 410 1481

1123 357 1326 416 PONT.
1369 359 1536 416 ROM.
1573 359 1659 415 ET
1697 358 2066 415 ATIIANASII
2103 357 2487 416 EPISTOLAS.

3287 362 3428 418 1452

173 477 285 533 tur,
343 485 464 540 quae
493 469 702 541 legibus
734 485 844 527 non
874 472 1241 540 continentur,
1279 477 1362 531 vel
1397 492 1517 546 qua:
1555 476 1742 547 prolii—
1775 482 1817 537 Α
1847 475 1987 529 dicta
2020 474 2234 529 Nicatna
2266 475 2474 546 synodo
2509 482 2637 528 sunt
2669 473 2972 529 constituti.
3011 472 3226 544 Reliqui
3272 489 3422 539 vero,

171 564 296 616 bitae
328 578 449 617 esse
484 570 804 617 noscuntur.

242 654 295 707 8.
336 652 392 708 Si
426 655 551 724 quis
584 655 744 709 aliter
781 671 891 710 non
936 658 1289 728 acquieverit,
1317 659 1420 715 nisi
1443 666 1502 713 ut
1537 659 1749 728 episco-

176 761 306 814 pum
349 755 591 812 accuset,
642 764 806 818 supra
843 757 1024 804 taxato
1056 751 1159 806 hoc
1183 759 1368 806 tenore
1401 765 1560 821 agere
1585 751 1749 806 debe-

171 839 275 904 bit,
311 841 438 910 quia
471 840 627 896 aliter
655 850 773 896 rata
801 858 910 896 non
957 850 1133 912 potest
1161 843 1437 898 accusatio
1463 843 1744 898 exsistere.

171 929 329 984 Tunc
381 931 559 1001 primo
595 934 837 987 accusati
875 949 1099 988 causam
1131 941 1419 990 accusator
1460 933 1570 1004 (66)
1605 936 1747 1005 apud

169 1022 432 1092 primates
455 1025 719 1080 canonice
747 1025 972 1082 deferat.
1002 1024 1134 1081 Nam
1159 1041 1189 1080 a
1219 1027 1600 1082 communione
1622 1043 1748 1099 pro-

170 1115 424 1169 hibeatur
455 1125 768 1182 accusatus,
801 1119 906 1172 nisi
936 1117 1002 1172 ad
1035 1118 1331 1174 electorum
1357 1117 1623 1188 judicium
1653 1132 1749 1170 ca-

169 1207 370 1262 nonice
403 1221 736 1264 convocatus
776 1211 917 1263 infra
968 1217 1081 1266 tres
1112 1219 1207 1264 aut
1248 1225 1365 1274 sex,
1425 1211 1510 1265 vel
1558 1210 1746 1280 plures

169 1309 386 1351 menses
414 1311 514 1366 pro
555 1299 670 1353 suis
697 1300 964 1355 rationem
1005 1300 1324 1355 redditurus
1350 1301 1535 1355 venire
1567 1301 1744 1356 distu-

169 1385 313 1440 lerit.
347 1385 502 1452 Quod
545 1389 590 1443 si
637 1390 870 1457 probare
899 1391 1134 1459 potuerit
1172 1390 1316 1461 quod
1352 1391 1600 1454 voluerit,
1649 1392 1745 1447 sed

171 1490 280 1529 non
336 1479 572 1547 potuerit
619 1480 782 1550 613
828 1481 1038 1546 venire,
1090 1479 1224 1534 nihil
1266 1479 1316 1534 ei
1369 1482 1606 1538 nocebit.
1653 1481 1744 1537 Ille

169 1582 320 1631 vero,
358 1569 449 1638 qui
478 1569 550 1632 vi,
582 1579 675 1623 aut
709 1572 902 1625 timore
933 1585 962 1623 a
989 1571 1116 1626 sede
1145 1570 1356 1640 pulsus,
1395 1582 1487 1626 aut
1515 1575 1630 1628 suis
1658 1590 1745 1628 rc-

169 1658 277 1712 bus
326 1661 666 1728 cxspoliatus
705 1661 888 1727 fuerit,
919 1677 1027 1715 non
1055 1661 1207 1731 prius
1226 1660 1452 1716 vocetur
1479 1663 1544 1717 ad
1581 1679 1743 1735 syno-

166 1749 322 1813 dum,
351 1765 512 1821 quam
547 1752 596 1806 ci
627 1752 810 1806 omnia
835 1754 1045 1824 legibus
1064 1757 1496 1829 redintegrentur
1515 1755 1648 1827 (67).
1677 1757 1742 1812 Et

1849 567 1942 636 qui
1970 567 2419 638 mctr0politanas
2446 565 2560 637 (71)
2604 574 2789 620 tenent
2814 569 2994 632 sedes,
3021 566 3425 638 archiepiscopi

1850 666 2132 722 vocantur,
2160 664 2213 711 et
2256 673 2361 710 non
2403 658 2681 725 primates,
2713 658 2862 712 salva
2910 660 2966 712 in
2997 659 3250 715 omnibus
3302 673 3427 730 apo.

1850 749 2057 802 stolicaa
2094 747 2239 803 sedis
2260 747 2544 818 dignitate,
2576 765 2696 818 qua:
2735 749 2784 804 ei
2825 750 2893 804 ab
2925 751 3042 819 ipso
3075 750 3306 806 Domino
3340 758 3427 807 est

1849 851 2131 900 concessa,
2160 844 2214 891 et
2242 847 2425 907 postea
2456 854 2484 891 a
2516 840 2723 894 sanctis
2755 838 3011 896 Patribus
3039 843 3314 897 roborata.

1921 925 2007 980 15.
2045 924 2228 979 Primo
2258 940 2471 996 Semper
2497 927 2551 981 in
2580 929 2727 982 omni
2765 931 3151 1000 episc0porum
3190 945 3422 986 accusa-

1848 1016 2029 1080 tione,
2080 1031 2333 1086 persona.
2383 1017 2493 1073 vita
2540 1027 2594 1073 et
2651 1021 2993 1076 conversatio
3043 1022 3418 1076 accusantium

1845 1107 2174 1162 enuclea‘tim
2216 1107 2544 1174 inquiratur,
2575 1115 2629 1162 et
2664 1109 3009 1178 postmodum
3044 1125 3108 1164 ea
3135 1125 3256 1179 quae
3281 1109 3421 1178 obji-

1845 1198 2086 1263 ciuntur,
2119 1198 2347 1253 ﬁdeliter
2393 1210 2809 1269 pcrtractentur.
2846 1200 3110 1267 Quoniam
3140 1202 3276 1256 nihil
3319 1202 3419 1254 alio

1845 1298 1930 1342 ter
1964 1289 2079 1344 ﬁeri
2128 1291 2307 1356 debet,
2343 1292 2449 1347 nisi
2493 1291 2859 1361 impetitorum
2905 1294 3057 1362 prius
3107 1294 3418 1364 requiratur

1846 1379 2002 1445 ﬁdes,
2035 1396 2302 1450 personae,
2324 1383 2434 1436 vita
2473 1389 2527 1435 et
2550 1389 2703 1436 actus
2731 1381 3124 1450 discutiantur,
3152 1384 3278 1452 quia
3307 1399 3417 1438 non

1844 1474 2002 1529 debet
2030 1490 2322 1545 pravorum
2347 1483 2438 1529 aut
2464 1475 2835 1530 insidiantium
2864 1475 3141 1529 hominum
3177 1477 3416 1544 pernicie

1842 1566 1953 1619 vita
1985 1567 2214 1621 lacerari
2243 1567 2632 1621 innocentium.
2681 1566 2822 1621 Sane
2854 1565 3152 1634 saepissime
3205 1567 3330 1621 boni
3383 1582 3414 1620 a

1844 1657 2003 1712 malis
2047 1667 2472 1728 persequuntur,
2507 1659 2597 1728 qui
2633 1673 2739 1713 non
2779 1668 3000 1713 cessant
3047 1658 3160 1713 suis
3190 1657 3414 1710 calami-

1844 1746 2050 1800 tatibus
2087 1747 2208 1801 aliis
2241 1749 2522 1818 derogare.
2577 1746 2702 1802 Ideo
2741 1762 3086 1818 summopere
3113 1747 3412 1818 praeviden-

167 1842 357 1897 tandiu
390 1845 444 1897 in
478 1845 607 1901 sede
642 1848 862 1916 propria
894 1823 1122 1916 paciﬁce
1155 1859 1208 1903 et
1249 1823 1576 1920 potestative
1597 1823 1740 1904 cun-
1774 1823 1814 1878 Β
1841 1835 1968 1891 dum
1997 1845 2097 1901 εει,
2128 1853 2195 1892 ne
2229 1838 2342 1892 11390
2368 1839 2518 1895 ﬁam-

165 1943 255 1987 cta
291 1934 591 2005 diSponens
635 1936 892 2002 resideat,
934 1939 1178 2008 quandiu
1214 1942 1501 2012 expulsus,
1530 1941 1613 1996 vel
1646 1957 1743 1997 ex-

165 2025 434 2094 spoliatus
481 2042 670 2083 carere
720 2028 873 2084 visus
926 2036 1009 2085 est
1058 2031 1240 2087 rebus.
1295 2033 1428 2087 Cum
1456 2042 1634 2088 autem
1676 2034 1742 2090 ad

158 2117 433 2188 judicium
462 2120 693 2183 venerit,
725 2121 770 2177 si
810 2122 1046 2176 voluerit
1082 2130 1136 2178 et
1169 2140 1398 2182 necesse
1435 2125 1621 2193 fuerit,
1655 2128 1741 2182 in-

162 2209 337 2264 ducite
377 2210 426 2266 ei
470 2213 674 2281 petenti
715 2227 745 2265 a
779 2213 1028 2270 Patribus
1059 2217 1368 2272 constitutae
1393 2219 1599 2289 absque
1641 2219 1742 2274 im-

162 2302 478 2370 pedimento
518 2303 913 2368 concedantur,
946 2315 1001 2362 et
1043 2307 1259 2377 judices
1293 2325 1323 2362 a
1363 2325 1422 2365 se
1455 2310 1612 2365 electi
1645 2313 1742 2366 tri-

161 2393 421 2458 buantur,
453 2401 512 2448 ut
543 2397 598 2448 in
625 2396 742 2451 loco
773 2397 914 2452 unde
934 2408 1016 2454 est
1045 2401 1136 2456 ille
1174 2399 1266 2471 qui
1299 2409 1612 2465 accusatur,
1648 2412 1742 2457 aut

159 2485 209 2539 si
243 2486 375 2541 alibi
432 2486 683 2556 alicujus
718 2491 1018 2546 temeraria:
1057 2492 1422 2548 multitudinis
1478 2493 1588 2548 vim
1627 2510 1741 2549 me-

161 2577 350 2641 tuerit,
396 2577 577 2632 locum
618 2579 722 2634 sibi
741 2594 1042 2648 congruum
1082 2583 1264 2654 eligat,
1297 2598 1406 2654 quo
1433 2584 1640 2656 absque
1675 2587 1742 2641 ti-

163 2682 316 2724 more
339 2683 488 2735 suos,
513 2669 558 2724 si
581 2671 884 2726 necessitas
909 2675 1491 2743 expoposcerit,testes
1517 2677 1737 2743 habere,

159 2764 216 2812 et
251 2759 458 2830 absque
506 2759 894 2830 impedimento
939 2778 1095 2819 suam
1129 2766 1392 2821 canonice
1416 2767 1739 2822 sententiam

163 2850 322 2906 ﬁnire
349 2851 548 2907 valeat.

231 2940 288 2996 9.
326 2940 463 3007 Quia
493 2943 660 2996 multa
711 2957 808 3012 per
837 2942 1246 3014 subreptioncm
1278 2944 1498 3001 evenire
1527 2947 1732 3012 solent,

160 3029 276 3101 (68)
305 3030 415 3085 illis
450 3030 773 3087 testiﬁcandi
806 3034 889 3087 vel
921 3035 1215 3089 accusandi
1254 3035 1470 3091 licentia
1508 3036 1740 3108 denege-

159 3130 271 3187 tur,
295 3123 388 3192 qui
407 3121 732 3179 Christiana:
753 3124 1030 3195 religionis
1049 3134 1102 3181 et
1127 3128 1367 3184 nominis
1418 3130 1730 3202 dignitatem
1761 3157 1802 3215 ο

158 3220 216 3267 et
247 3227 360 3268 suae
389 3213 522 3283 legis
562 3216 644 3269 vel
675 3215 759 3269 sui
794 3216 1059 3286 propositi
1096 3232 1364 3285 normam,
1391 3228 1483 3276 aut
1517 3224 1732 3292 regula-

159 3300 295 3354 riter
327 3301 619 3371 proliibita,
654 3305 1010 3376 neglexerint.

233 3392 324 3448 10.
364 3393 590 3449 Multum
627 3396 906 3468 derogatio
945 3401 1221 3470 praevalet,
1248 3402 1469 3473 quando
1501 3403 1731 3476 derOga-

159 3491 218 3538 to
246 3485 507 3540 creditur.
544 3484 666 3542 Ideo
698 3489 864 3545 variis
893 3491 1325 3549 detractionibus
1356 3504 1518 3566 atque
1567 3511 1730 3552 accu-

159 3578 468 3635 sationibus
497 3595 606 3635 non
634 3582 788 3637 decet
822 3583 935 3654 (69)
957 3584 1274 3640 labefactari
1298 3586 1607 3656 primatem,
1635 3588 1730 3644 sed

156 3671 338 3742 magis
363 3671 587 3726 Patrum
620 3675 821 3744 regulis
861 3676 1141 3752 rohorari,
1193 3693 1296 3734 nec
1336 3678 1494 3733 facile
1527 3689 1621 3734 aut
1649 3680 1733 3735 in-

156 3762 474 3820 differenter
525 3767 804 3836 suscipere
853 3769 1233 3826 accusationes
1271 3778 1604 3840 praesumat,
1650 3772 1733 3826 di-

157 3862 319 3912 cente
348 3856 620 3913 Domino:
656 3859 781 3914 Non
831 3863 1090 3932 suscipias
1143 3879 1318 3917 vocem
1371 3864 1727 3932 mendacii”;

155 3945 257 4001 sed
288 3947 443 4016 prius
473 3948 707 4018 probare
743 3951 903 4006 debet
953 3953 1320 4024 suspicionem
1365 3965 1419 4010 et
1464 3971 1688 4011 causam
1713 3997 1728 4022 ,

157 4043 258 4090 aut
279 4053 388 4107 quo
419 4041 600 4094 animo
634 4041 739 4096 hoc
771 4042 936 4097 faciat
962 4051 1017 4099 et
1043 4047 1393 4115 postmodum
1422 4049 1728 4119 suscipere,

156 4130 288 4199 quia
312 4132 555 4188 veritatis
578 4134 992 4203 professionem,
1037 4139 1462 4208 propinquitatis
1490 4180 1505 4204 ,
1553 4141 1732 4194 inimi-

155 4222 321 4284 cntiaa,
347 4223 580 4290 timoris,
607 4226 831 4289 amoris,
876 4226 984 4281 odii
1019 4239 1071 4283 et
1109 4230 1424 4299 cupiditatis
1479 4232 1729 4300 intentio,

156 4312 444 4381 impedire,
475 4322 528 4368 et
561 4316 786 4371 adversa
814 4317 1074 4375 fratribus
1116 4320 1360 4391 irrogare
1393 4323 1554 4378 solet.

230 4401 319 4455 11.
362 4402 475 4474 (70)
504 4402 755 4459 Personae
779 4411 1153 4463 accusantium
1190 4411 1323 4467 tales
1355 4428 1477 4468 csse
1507 4414 1729 4480 debent,

1916 1928 1999 1984 14.
2042 1929 2234 1985 Nullus
2268 1946 2491 1996 servus,
2527 1930 2638 2002 (7‘2)
2683 1932 2865 1987 nullus
2908 1932 3168 1998 libertus,
3229 1932 3412 1988 nullus

1843 2019 2061 2085 inﬁdus,
2091 2022 2274 2077 nullus
2301 2023 2623 2078 criminibus
2657 2023 2900 2079 irretitus
2925 2064 2939 2087 ,
2994 2025 3179 2079 nullus
3207 2025 3414 2080 calum-

1841 2114 2041 2177 uiator,
2068 2115 2250 2168 nullus
2274 2115 2364 2184 qui
2395 2113 2704 2170 inimicitiis
2735 2115 2937 2180 studet,
2967 2117 3154 2172 nullus
3187 2116 3282 2182 qui
3305 2116 3413 2171 fre-

1840 2212 2069 2273 quenter
2098 2203 2288 2274 litigat,
2315 2212 2368 2259 et
2405 2204 2470 2258 ad
2519 2206 2855 2261 causandum
2889 2207 2972 2260 vel
3015 2204 3410 2260 detrahendum

1840 2306 1923 2352 est
1948 2297 2146 2361 facilis,
2173 2298 2318 2352 nulla
2351 2298 2570 2355 infamis
2602 2314 2832 2370 persona
2858 2340 2872 2366 ,
2930 2315 3141 2353 necnon
3192 2306 3246 2354 et
3288 2299 3413 2352 uni-

1841 2390 1983 2446 versi
2011 2405 2150 2460 quos
2190 2391 2256 2446 ad
2286 2393 2562 2446 causanda
2596 2391 2811 2462 publice
2857 2391 3088 2446 crimina
3124 2391 3269 2461 leges
3307 2407 3411 2460 pu-

1839 2482 1980 2537 blice
2008 2498 2116 2537 non
2146 2483 2474 2548 admittunt,
2515 2485 2862 2554 permittatur
2902 2483 3190 2553 episcopos
3247 2498 3414 2537 accu-

1839 2587 1980 2628 sare.
2013 2573 2280 2640 Quoniam
2314 2583 2664 2630 accusatores
2714 2584 2769 2631 et
2819 2576 3224 2639 accusationes,
3272 2591 3410 2646 quas

1840 2665 1986 2735 leges
2011 2665 2192 2720 saeculi
2223 2681 2332 2720 non
2362 2666 2654 2736 recipiunt,
2699 2681 2806 2737 qua
2836 2667 3047 2721 ratione
3091 2667 3410 2722 sacerdota-

1839 2756 1906 2810 lis
1936 2773 2029 2812 eas
2058 2759 2298 2828 recipere
2323 2757 2518 2813 debeat
2547 2757 2680 2812 ordo
2730 2758 2974 2815 invenire
3011 2774 3254 2829 nequeo,
3286 2776 3410 2815 cum

1837 2848 1953 2903 haec
1975 2858 2028 2904 et
2061 2851 2114 2904 in
2137 2849 2354 2904 Nicena
2384 2849 2591 2921 synodo
2613 2849 2885 2920 prohibita
2919 2851 3047 2914 sint,
3063 2859 3116 2906 et
3138 2852 3213 2906 illi
3237 2854 3409 2923 magis

1839 2942 2069 3007 abistis,
2091 2959 2199 2997 non
2236 2944 2324 2999 isti
2357 2943 2424 2997 ab
2445 2943 2550 2997 illis
2570 2942 2801 3012 judicari
2827 2943 3078 3010 debeant,
3117 2959 3239 2998 cum
3272 2945 3412 3016 Apo-

1839 3033 2012 3086 stolus
2042 3033 2224 3087 dicat:
2259 3032 2568 3102 Spiritualis
2599 3035 2809 3103 judicat
2840 3037 3053 3100 omnia,
3093 3039 3202 3106 ipse
3236 3054 3354 3094 vero
3376 3055 3410 3093 a

1841 3125 2042 3178 nemine
2071 3124 2348 3194 judicatur
2383 3125 2448 3157 “'

1903 3216 1990 3271 15.
2032 3216 2304 3283 Haeretici,
2338 3232 2366 3270 a
2397 3217 2598 3287 quibus
2629 3216 2861 3271 nimium
2896 3217 3278 3289 opprimimur,
3306 3234 3406 3276 ex-

1831 3309 2332 3379 communicatique
2351 3348 2364 3372 ,
2393 3309 2678 3363 homicida:
2697 3347 2711 3374 ,
2765 3309 2881 3376 (75)
2911 3310 3176 3376 maleﬁci,
3214 3310 3365 3366 fures
3387 3352 3402 3375 ,

1832 3402 2103 3472 sacrilegi,
2132 3409 2403 3471 raptores,
2433 3399 2678 3462 veneﬁci,
2707 3400 2962 3464 adulteri,
2985 3408 3041 3455 et
3063 3401 3152 3471 qui
3186 3413 3405 3472 raptum

1833 3492 2082 3558 fecerint,
2124 3494 2207 3547 vel
2239 3493 2435 3548 falsum
2466 3491 2838 3548 testimonium
2868 3491 3144 3558 dixerint,
3177 3509 3274 3551 seu
3310 3495 3406 3568 qui

1832 3585 1899 3638 ad
1949 3585 2237 3656 sortilegos
2301 3600 2599 3655 magosque
2663 3601 2721 3640 se
2768 3586 3118 3651 contulerint,
3172 3589 3406 3644 nullate-

1832 3692 1935 3732 nus
1980 3677 2048 3731 ad
2095 3678 2520 3742 accusationem,
2561 3677 2644 3731 vel
2695 3678 2761 3731 ad
2817 3679 3188 3734 testimonium
3243 3688 3406 3736 erunt

1833 3768 2177 3822 admittendi.

1907 3857 1991 3915 16.
2030 3857 2149 3912 Νοη
2206 3858 2281 3912 ita
2329 3858 2384 3912 in
2427 3859 2816 3915 ecclesiasticis
2847 3861 2959 3931 (74)
3012 3861 3278 3932 agendum
3321 3871 3406 3920 est

1833 3947 2064 4018 negotiis
2087 3947 2230 4003 sicut
2266 3947 2319 3999 in
2356 3949 2733 4003 saecularibus.
2773 3947 2906 4002 Nam
2939 3951 2994 4002 in
3027 3951 3401 4019 saecularibus,

1832 4049 2118 4112 postquam
2143 4041 2354 4111 legibus
2380 4048 2630 4104 vocatus,
2664 4048 2718 4095 et
2746 4041 2798 4094 in
2834 4040 2952 4094 foro
2982 4041 3268 4098 decertare
3292 4057 3405 4098 cm-

1833 4135 1911 4204 pit
1940 4135 2136 4203 aliquis
2159 4175 2173 4196 ,
2227 4150 2336 4188 non
2364 4134 2488 4187 licet
2526 4141 2651 4188 ante
2700 4140 2972 4202 peractam
3007 4147 3230 4188 causam
3262 4149 3407 4190 rece-

1832 4225 1979 4280 dere.
2010 4223 2067 4277 In
2109 4224 2499 4279 ecclesiasticis
2545 4239 2708 4290 vero,
2760 4223 2905 4278 dicta
2943 4238 3109 4278 causa
3151 4225 3406 4280 recedere

1833 4315 1977 4376 licet,
2003 4315 2298 4369 si‘necesse
2325 4313 2510 4381 fuerit,
2533 4323 2627 4367 aut
2661 4315 2705 4368 si
2737 4328 2795 4368 se
2826 4315 3152 4383 praegravari
3183 4315 3400 4369 viderit.

1901 4407 1990 4460 17.
2031 4406 2473 4475 Quotiescunque
2522 4405 2636 4476 (75)
2689 4405 2980 4475 episc0pus
3031 4420 3198 4476 super
3238 4408 3405 4462 certis

153 4506 391 4562 quarunt
427 4494 558 4551 ﬁdes
587 4505 641 4550 et
675 4500 1019 4554 conversatio
1051 4509 1106 4554 et
1139 4502 1250 4556 vita
1306 4504 1634 4573 probabilis,
1675 4512 1730 4560 et
1762 4487 1808 4542 D
1834 4509 2127 4554 accusatur
2149 4498 2492 4562 criminibus,
2527 4499 2571 4553 si
2597 4499 2732 4552 tales
2768 4497 2972 4552 fuerint
3004 4506 3358 4554 accusatores
3385 4538 3400 4562 ,

154 4585 365 4654 absque
407 4587 832 4656 reprehensione
885 4590 993 4655 sit,
1037 4601 1090 4646 et
1135 4608 1255 4662 quae
1306 4594 1452 4647 omni
1507 4601 1731 4650 careant

152 4675 491 4745 suspicione.
517 4677 652 4744 Quia
680 4679 877 4741 ethoc,
907 4687 962 4734 te
992 4689 1278 4751 praesente,
1308 4690 1366 4735 ut
1392 4684 1526 4737 bene
1561 4685 1727 4750 nosti,

153 4765 212 4820 in
235 4766 452 4822 Nicama
491 4770 721 4840 synodo,
753 4781 975 4842 propter
1016 4772 1284 4826 malorum
1325 4773 1605 4827 hominum
1655 4774 1732 4828 in-

154 4858 501 4915 festationem
543 4862 612 4916 ab
646 4864 903 4919 omnibus
933 4872 1017 4919 est
1040 4862 1344 4926 deﬁnitum,
1380 4864 1506 4918 licet
1534 4880 1730 4934 pravo-

154 4967 278 5006 rum
317 4943 598 5007 hominum
643 4955 859 5012 insidiis
903 4956 1013 5012 sint
1060 4953 1177 5012 hac
1214 4963 1268 5010 et
1314 4955 1418 5009 alia
1448 4957 1729 5026 complura

153 5045 354 5100 deleta.

227 5139 315 5194 I2.
360 5138 626 5196 Primates
663 5140 761 5208 illi,
793 5147 847 5195 et
877 5152 988 5195 non
1023 5136 1118 5194 alii
1145 5149 1293 5203 sunt,
1323 5155 1482 5210 qnam
1509 5140 1562 5195 iu
1600 5156 1731 5212 prat-

225 5302 272 5334 ⁸³
311 5301 484 5356 Exod.
517 5316 683 5367 χχιιι,
723 5300 772 5392 1..
852 5300 897 5331 ⁸⁵
936 5297 1116 5354 lCor.
1155 5299 1230 5364 η’,
1267 5297 1356 5351 15.

225 5478 342 5548 (66)
367 5478 560 5534 Carth.
603 5493 688 5540 ut,
720 5477 776 5533 7.

225 5545 340 5620 (67)
380 5548 540 5603 Rom.
574 5565 628 5612 v,
662 5549 766 5620 sub
796 5545 1145 5620 Symmacho.

225 5611 340 5690 (68)
379 5619 625 5690 Anianus
664 5619 716 5690 in
752 5633 802 5672 c.
837 5611 896 5690 1,
923 5626 979 5690 _t._
1005 5616 1065 5690 ’7,Δ
1089 5618 1126 5669 l.
1167 5614 1269 5683 16,
1305 5613 1428 5672 cod.
1460 5611 1672 5673 Theod.

227 5686 341 5758 (69)
374 5689 594 5744 Damas.
626 5689 786 5758 epist.
821 5687 888 5740 ad
921 5686 1188 5758 Illyricos.

229 5761 342 5830 (78)
377 5760 604 5814 Adrian.
635 5760 669 5813 4
705 5769 759 5814 et
794 5758 880 5813 15.

436 5856 706 5918 PATROL.
743 5856 857 5916 Gn.
887 5853 1178 5916 XXVIII.

1831 4587 1925 4658 qui
1964 4588 2112 4654 juste
2158 4593 2214 4641 et
2242 4586 2504 4640 canonice
2534 4586 2704 4656 recipi
2735 4587 3005 4650 debeant,
3065 4587 3304 4658 legitima
3348 4588 3402 4641 in

1832 4678 2039 4752 synodo
2075 4694 2176 4733 suo
2232 4680 2286 4733 in
2347 4687 2587 4747 tempore
2621 4685 2982 4748 congregata,
3024 4679 3092 4733 ab
3147 4678 3434 4733 omnibus

1831 4773 2096 4828 canonice
2134 4773 2405 4837 audiatur,
2441 4773 2533 4842 qui
2566 4781 2694 4828 sunt
2729 4774 2782 4825 in
2815 4772 3112 4840 provinciis
3138 4771 3399 4839 episc0pi.

1831 4865 1986 4932 Quod
2021 4866 2066 4920 si
2108 4866 2332 4936 legitimi
2365 4881 2472 4919 non
2509 4863 2707 4919 fuerint
2733 4871 3101 4928 accusatores,
3138 4879 3244 4917 non
3278 4861 3402 4915 fati-

1831 4967 1989 5028 getur
2016 4958 2331 5028 episcopus,
2354 4958 2482 5028 quia
2529 4958 2844 5012 sacerdotes
2875 4956 2943 5010 ad
2983 4953 3398 5011 sacriﬁcandum

1830 5063 2025 5102 vacare
2068 5049 2305 5110 debent,
2353 5063 2461 5100 non
2513 5047 2577 5100 ad
2619 5046 2958 5117 litigandum.
3011 5043 3121 5098 Nec
3170 5044 3271 5108 illi,
3307 5045 3402 5113 qui

1829 5141 2014 5194 throni
2064 5139 2159 5195 Dei
2192 5147 2475 5203 vocantur,
2516 5154 2807 5209 pravorum
2857 5136 3138 5192 hominum
3184 5133 3402 5191 insidiis

1898 5468 2011 5538 (71)
2051 5467 2279 5538 Adrian.
2315 5465 2420 5520 col.
2454 5464 2525 5538 25
2555 5473 2610 5521 et
2640 5466 2757 5537 15.⁸

1925 5540 2011 5597 ἹΞ)
2045 5537 2235 5591 Carth.
2274 5552 2374 5597 vn,
2407 5552 2456 5592 c.
2499 5536 2554 5592 2.

1925 5541 1990 5591 ’ΤΞ
2045 5540 2235 5591 Carth.
2274 5552 2374 5597 vn,
2407 5552 2429 5590 c

1921 5540 2011 5741 73$
2047 5607 2178 5666 Adr.
2210 5607 2316 5660 col.
2341 5606 2429 5660 63.

1921 5679 1986 5730 74
2043 5676 2172 5741 Leo,
2204 5692 2290 5741 ep.
2327 5676 2413 5732 54.

1921 5676 2007 5741 74)
2043 5676 2172 5741 Leo,
2204 5692 2290 5744 ep.
2327 5676 2413 5732 54.

1921 5683 2007 5741 74)
2043 5683 2172 5741 Leo,
2204 5692 2290 5744 ep.

1896 5683 2008 5821 (75)
2042 5747 2172 5801 Adr.
2211 5747 2301 5800 27.
