3852 6206
61 432 209 488 “85

1192 415 1350 478 VlTA
1379 421 1674 478 SANCTIE
1716 416 2189 476 SYNCLETICIE.

3180 412 3320 471 1486

62 548 286 612 fratres,
312 553 404 600 aut
433 560 528 601 eos
561 553 760 600 temere
799 542 1149 614 judicamus?
1195 558 1318 596 cum
1351 541 1642 612 praedictus
1674 545 1714 602 Α
1745 541 1890 595 enim
1943 539 2080 593 hanc
2136 536 2543 607 praeterierunt,
2601 549 2710 590 non
2751 539 2960 587 tantum
3003 531 3114 586 lmsi
3168 532 3321 586 deci-

61 640 215 694 dicat
244 637 538 712 Apostolus
569 627 802 691 :‘Nolite
837 634 1084 704 judicare
1116 634 1332 687 invicem
1358 671 1373 696 ,
1429 631 1518 685 sed
1546 631 1643 683 hoc

60 731 236 801 magis
261 729 522 798 judicate,
552 745 615 782 ne
663 727 874 796 ponatis
923 724 1297 794 o/j‘endiculum
1343 724 1504 792 fratri
1561 722 1638 776 vel

61 819 380 874 scandalum
403 819 469 874 ⁸⁸.
510 817 643 872 Nam
681 819 727 872 si
769 817 846 871 illi
879 817 972 886 qui
1007 815 1207 870 fratres
1255 814 1526 884 diligunt,
1577 829 1644 866 ex

56 909 181 966 .Deo
208 911 320 964 nati
352 909 781 986 sunt,.etvident
805 906 1092 960 Dominum
1123 923 1137 971 ;
1170 905 1298 975 quid
1327 920 1458 974 ergo
1485 912 1646 959 erunt

63 1003 148 1056 illi
171 1003 265 1072 qui
299 1017 393 1057 eos
432 1008 857 1072 persequuntur,
889 1004 943 1052 et
986 1011 1084 1052 eos
1113 994 1488 1061 detrahendo,
1533 1011 1647 1048 ma—

62 1093 375 1157 chinando,
425 1091 770 1156 accusando,
826 1089 1170 1152 infestando,
1230 1089 1491 1143 damnare
1529 1103 1648 1141 mo-

63 1185 310 1240 liuntur?
357 1184 414 1238 Si
468 1184 545 1238 illi
593 1183 687 1238 ﬁlii
737 1183 869 1248 Dei,
934 1183 1120 1253 procul
1178 1181 1344 1236 dubio
1391 1181 1486 1235 ﬁlii
1520 1188 1647 1236 sunt

63 1277 296 1342 diaboli,
325 1279 418 1348 qui
455 1285 513 1330 ut
543 1292 757 1346 semper
791 1277 928 1329 sicut
981 1275 1060 1329 leo
1094 1275 1303 1345 rugiens
1359 1275 1642 1340 circumit,

63 1385 306 1438 quwrens
344 1385 495 1438 quem
524 1368 730 1422 devoret
760 1367 825 1431 δ’,
861 1367 934 1420 ita
986 1366 1184 1421 fratres
1245 1368 1643 1437 insequuntur,

62 1466 132 1512 ut
159 1458 410 1528 perdant.
443 1458 546 1524 Qui
598 1474 728 1512 vero
775 1459 1034 1528 adjuvare
1090 1459 1287 1513 fratres
1323 1457 1643 1528 refugiunt,

63 1550 250 1618 majus
281 1557 628 1618 peccatorum
664 1563 804 1604 onus
855 1554 1166 1620 acquirunt,
1199 1558 1252 1605 et
1290 1549 1514 1605 fraterni
1557 1566 1646 1606 so-

63 1642 186 1695 latii
223 1643 297 1697 rei
326 1643 636 1698 exsistunt:
685 1643 808 1707 Var,
851 1644 1028 1714 inquit
1056 1644 1326 1715 Propheta
1351 1685 1366 1709 ,
1423 1647 1516 1714 qui
1549 1661 1643 1714 po-

63 1743 184 1788 tum
219 1735 311 1788 dat
350 1736 520 1789 amico
549 1752 667 1800 suo,
699 1737 920 1790 miscens
953 1737 1024 1805 fel
1051 1753 1206 1790 suum
1234 1737 1306 1789 ⁵⁸⁵.
1342 1736 1409 1790 Et
1444 1737 1643 1792 iterum

63 1825 512 1894 sapientissimus
549 1824 805 1881 Salomon
837 1827 914 1879 ait
943 1846 956 1880 :
989 1826 1252 1892 Quoniam
1293 1828 1383 1898 qui
1412 1827 1644 1898 loquitur

1748 630 1938 685 dentes
1971 645 2002 684 a
2035 628 2478 684 corroboratione
2515 641 2650 688 sua,
2708 624 2804 679 sed
2843 622 3169 692 insipientia!
3206 633 3320 676 sua!

1748 720 2156 788 dereliquerunt
2189 717 2443 772 omnibus
2482 715 2800 770 memoriam
2826 753 2842 778 ,
2878 719 2938 765 ut
2973 711 3080 774 his,
3116 710 3319 780 quibus

1748 819 2146 883 peccaverunt,
2210 809 2433 864 minime
2493 809 2663 864 latere
2722 810 3080 878 potuissent:
3135 810 3317 864 Gloria

1746 906 1884 957 enim
1915 913 1963 956 et
1997 903 2314 956 contumelia
2346 904 2403 955 in
2436 902 2660 973 loquela,
2693 912 2742 956 et
2777 904 2831 956 in
2881 903 3060 974 lingua
3090 904 3315 960 hominis

1747 1013 1900 1050 casus
1951 997 2095 1050 illius
2153 1005 2230 1050 est
2263 996 2330 1050 “.
2395 991 2628 1066 Ideoque
2676 997 3008 1051 conveniens
3057 1005 3141 1052 est
3177 998 3318 1051 hanc

1747 1089 2165 1142 ostentationem
2192 1127 2206 1150 ,
2257 1095 2312 1143 et
2343 1088 2816 1158 reprehensionem
2864 1088 3080 1142 illorum
3113 1089 3320 1145 nostris

1748 1177 1960 1232 actibus
1985 1177 2174 1242 inseri,
2207 1193 2276 1234 ne
2305 1179 2534 1234 ulterius
2574 1179 2687 1248 jam
2713 1179 2836 1233 talia
2861 1180 3142 1249 patiamini
3169 1219 3184 1243 ,
3227 1195 3318 1234 se-

1747 1272 2082 1327 minantibus
2106 1273 2186 1327 eis
2215 1273 2444 1340 zizania,
2479 1281 2532 1327 et
2573 1272 2864 1341 scandala,
2912 1275 3005 1329 sed
3056 1275 3226 1329 laetari
3261 1275 3318 1330 in

1747 1362 1938 1418 olIiciis
1973 1371 2027 1418 et
2048 1363 2392 1434 dogmatibus
2419 1363 2616 1420 vestris
2638 1364 2979 1420 mereamini.
3007 1365 3175 1435 Igitur
3195 1381 3320 1421 eru-

1748 1457 1975 1512 bescant
2003 1456 2155 1522 talia,
2183 1463 2237 1509 et
2265 1455 2582 1524 hujusmodi
2625 1456 2941 1526 blasphema
3001 1456 3320 1512 subtrahere

1750 1549 2028 1614 festinent,
2059 1548 2105 1603 si
2142 1549 2422 1603 noluerint
2453 1563 2483 1601 a
2511 1547 2838 1602 sacerdotali
2867 1555 3058 1603 nostro
3086 1547 3320 1618 collegio

1747 1638 2042 1709 segregari,
2070 1647 2123 1692 et
2159 1653 2190 1692 a
2227 1638 2397 1693 totius
2422 1636 2721 1692 Christiani
2743 1637 2926 1708 populi
2959 1637 3220 1692 societate
3235 1636 3319 1692 di-

1746 1734 1890 1789 velli.
1927 1731 2076 1788 Licet
2106 1747 2341 1803 namque
2363 1731 2432 1786 de
2462 1731 2548 1787 his
2576 1732 2730 1801 plura
2781 1739 2836 1786 et
2886 1732 3315 1802 pernecessaria,

1748 1840 1869 1894 quae
1911 1825 1966 1878 in
1993 1825 2225 1880 decretis
2271 1823 2416 1879 sedis
2470 1823 2803 1894 apostolicae,
2846 1831 2901 1879 et
2948 1826 3015 1880 ab
3057 1824 3321 1895 apostolis

60 1915 255 1984 iniqua
279 1934 381 1971 non
406 1927 573 1986 potest
611 1917 806 1985 latere,
853 1935 944 1972 nec
985 1921 1246 1986 prwteriet
1295 1919 1447 1972 illum
1475 1920 1646 1973 carri-3
1675 1925 1716 1978 Β
1745 1931 2043 1986 eorumque
2071 1916 2485 1972 successoribus
2514 1914 2721 1971 nostris
2744 1915 2968 1971 ubilibet
3017 1917 3321 1988 praedeces-

60 2009 218 2078 piens
242 2008 526 2076 judicium.
578 2009 646 2064 In
697 2010 1106 2080 cogitationibus
1136 2027 1257 2081 ergo
1288 2011 1438 2078 impii
1475 2012 1644 2065 inter-

59 2101 276 2170 rogatio
315 2102 436 2154 erit.
474 2100 787 2156 Sermonunt
831 2111 1004 2156 autem
1039 2102 1184 2156 illius
1213 2102 1281 2155 ad
1319 2102 1482 2156 Deum
1510 2118 1647 2170 prato

62 2192 348 2246 meditatio
374 2233 388 2256 ,
444 2192 512 2246 ad
551 2196 930 2264 correptionem
965 2196 1306 2263 iniquitatunt
1354 2195 1524 2260 illius,
1559 2197 1648 2265 qui

60 2284 294 2338 auribus
325 2284 425 2339 zeli
453 2286 603 2339 audit
649 2287 864 2351 omnia,
911 2297 960 2340 et
1008 2287 1264 2340 tumultus
1307 2302 1648 2340 murmuran-

62 2378 207 2430 tium
237 2394 338 2431 non
382 2377 734 2432 abscondetur
760 2380 827 2432 αι.
868 2377 993 2433 Haec
1020 2379 1164 2433 enim
1201 2379 1247 2434 si
1274 2379 1525 2450 amplecti
1552 2396 1648 2436 vo-

62 2468 324 2532 luissent,
360 2469 582 2538 pr0prio
624 2477 678 2523 et
724 2485 858 2524 sano
885 2485 1073 2534 sensu,
1103 2471 1170 2526 ad
1201 2472 1492 2540 reprobum
1522 2487 1648 2526 sen-

59 2574 195 2613 sum
223 2559 446 2614 mininie
487 2559 821 2625 laberentur,
857 2560 953 2616 sed
993 2576 1090 2630 per
1122 2561 1215 2616 Dei
1255 2563 1505 2618 timorem
1535 2579 1648 2618 ser-

59 2665 298 2705 monum
358 2667 582 2706 suorum
649 2661 1020 2722 praecaventes
1083 2654 1433 2718 custodiam,
1501 2657 1646 2725 piam

60 2751 390 2798 sanctorum
421 2743 644 2799 Patrum
675 2744 1042 2802 definitionem
1073 2749 1194 2804 sine
1223 2747 1459 2817 quadam
1510 2763 1648 2817 prte-

59 2836 386 2905 sumptione
422 2839 734 2892 nocumenti
777 2839 992 2909 utrique
1038 2847 1461 2903 conservarent,
1509 2855 1647 2910 quo-

59 2930 224 2985 niam
287 2929 420 2984 dicit
458 2944 675 2985 sacrum
733 2931 1051 3002 eloquium:
1102 2931 1395 2988 Consilium
1455 2931 1646 2988 bonum

60 3019 398 3074 conservabit
429 3027 508 3084 te,
545 3027 596 3074 et
653 3036 799 3075 mens
850 3021 986 3076 bona
1029 3022 1285 3076 custodiet
1323 3031 1369 3076 te
1420 3023 1486 3077 ⁸⁸.
1525 3022 1645 3079 Non

1749 2009 1968 2064 soribus
2017 2015 2217 2063 statuta
2255 2008 2628 2073 inveniuntur,
2661 2007 2846 2063 dicere
2887 2017 2942 2064 et
2971 2009 3321 2065 conscribere

1747 2101 2148 2172 potuissemus,
2196 2107 2376 2154 tamen
2413 2099 2608 2154 melius
2653 2099 2811 2155 nobis
2855 2099 3030 2155 visum
3089 2108 3174 2157 est
3203 2140 3218 2166 ,
3260 2108 3322 2154 ut

1748 2194 2032 2265 epistolam
2060 2193 2308 2247 oratione
2351 2192 2690 2246 claudamus.
2746 2190 2890 2248 Deus
2935 2192 3318 2263 omnipotens,

1747 2294 1802 2340 et
1835 2300 1978 2339 unus
2007 2284 2322 2355 unigenitus
2370 2282 2541 2338 Filius
2576 2289 2630 2337 et
2659 2283 2914 2338 Salvator
2953 2290 3140 2338 noster
3160 2282 3322 2340 Jesus

1746 2377 2021 2441 Christus,
2052 2377 2206 2432 vobis
2239 2377 2446 2431 tribuat
2477 2376 2886 2431 incitamentum
2907 2415 2924 2439 ,
2961 2383 3020 2430 ut
3067 2375 3321 2431 omnibus

1749 2467 2012 2524 fratribus
2052 2477 2106 2524 ct
2138 2469 2478 2539 coepiscopis
2506 2469 2736 2533 nostris,
2767 2467 3190 2539 quibuscunque
3216 2469 3319 2523 tri-

1747 2562 2118 2617 bulationibus
2167 2562 2583 2627 laborantibus,
2645 2563 2775 2616 totis
2819 2561 3159 2618 succurratis
3191 2562 3317 2617 viri-

1747 2655 1850 2708 bus
1883 2693 1898 2718 ,
1937 2662 1992 2709 et
2030 2669 2152 2707 cum
2185 2654 2265 2709 eis
2315 2654 2710 2723 compatientes
2739 2693 2754 2712 .
2810 2667 3030 2708 crucem
3077 2653 3320 2723 ejusdem

1747 2744 1962 2800 Domini
1999 2745 2298 2798 Salvatoris
2322 2746 2583 2814 portetis,
2623 2751 2682 2796 ut
2707 2744 2821 2798 veri
2855 2743 3028 2812 ipsius
3065 2743 3320 2815 discipuli

1746 2854 1928 2893 coram
1946 2840 2199 2894 omnibus
2216 2839 2541 2909 appareatis.
2565 2837 2631 2892 Ut
2647 2846 2700 2892 et
2723 2852 2838 2903 vos,
2857 2843 2910 2892 et
2927 2837 3018 2906 qui
3038 2838 3320 2894 vobiscum

1747 2939 1898 2996 sunt,
1923 2931 2010 2986 hic
2034 2938 2087 2987 et
2103 2931 2157 2984 in
2185 2931 2368 2985 futuro
2386 2931 2606 2984 meliora
2633 2929 2977 3000 possideatis,
3002 2945 3117 3000 qua:
3138 2933 3321 2983 oculus

1749 3039 1848 3076 non
1877 3021 2036 3086 vidit,
2065 3037 2156 3075 nec
2180 3022 2326 3075 auris
2353 3019 2574 3088 audivit,
2597 3035 2685 3073 nec
2713 3019 2767 3072 in
2791 3035 2878 3071 cor
2896 3018 3120 3073 hominis
3139 3035 3324 3072 ascen-

59 3110 224 3166 enim
255 3110 321 3166 de
357 3109 600 3166 fontibus
632 3112 932 3168 salutiferis
963 3113 1322 3183 spiritualiter
1356 3114 1424 3169 ad
1455 3116 1646 3186 acqui-
1745 3114 1955 3179 derunt,
1978 3131 2094 3184 qua:
2120 3114 2436 3183 praeparavit
2467 3112 2605 3166 Deus
2640 3111 2976 3182 diligentibus
3013 3128 3067 3165 se
3121 3112 3188 3164 ⁸⁵.
3221 3110 3322 3165 Per

59 3203 328 3258 sitionem
359 3211 574 3258 aeterna:
599 3203 723 3258 vita:
755 3205 1074 3274 procedunt,
1103 3205 1238 3260 tales
1270 3213 1640 3275 accusatores,
1683 3271 1710 3276 Δ
1748 3206 2036 3262 Dominum
2086 3215 2333 3262 nostrum
2374 3204 2559 3262 Jesum
2599 3205 2899 3269 Christum,
2934 3219 3030 3276 per
3073 3219 3232 3274 quem
3270 3211 3325 3258 et

59 3299 124 3347 ct
157 3291 514 3357 detractores,
551 3300 714 3363 atque
740 3271 863 3349 ideo
912 3302 1281 3364 competenter
1312 3309 1414 3348 nos
1450 3271 1641 3349 beatus
1671 3271 1711 3328 θ
1745 3313 1868 3352 cum
1919 3311 2026 3368 quo
2070 3297 2428 3368 omnipotenti
2489 3297 2599 3352 Deo
2648 3296 2793 3351 Patri
2826 3271 2998 3369 gloria
3036 3271 3108 3350 in—
3125 3295 3324 3351 saecula

60 3383 284 3438 Paulus
311 3385 590 3454 apostolus
620 3386 939 3453 admonens,
973 3386 1048 3440 ait
1076 3404 1089 3440 :
1127 3384 1250 3439 Non
1295 3384 1478 3440 debere
1524 3385 1644 3454 plus
1743 3390 2087 3445 saeculorum.
2117 3389 2307 3444 Amen.
2337 3388 2530 3446 Valere
2567 3404 2664 3446 vos
2693 3398 2842 3459 Opto,
2879 3388 3076 3443 fratres
3111 3387 3322 3442 charis-

60 3489 285 3543 sapere,
311 3491 469 3545 quam
501 3485 702 3545 oportet
743 3491 945 3544 sapere,
976 3476 1066 3530 sed
1111 3493 1292 3546 sapere
1339 3476 1409 3530 ad
1448 3475 1648 3532 sobrie-
1742 3480 1887 3534 simi.
1946 3478 2077 3532 Data
2117 3477 2296 3534 Idibus
2341 3477 2656 3544 Februarii,
2704 3478 2970 3551 Agatbio,
3009 3476 3320 3540 et’Juliano,

64 3581 241 3626 tatem
292 3570 340 3604 ³³
374 3571 431 3626 in
487 3571 801 3628 definitione
843 3571 1057 3642 pietatis
1117 3571 1498 3641 perdurantes.
1540 3569 1643 3637 Qui
1743 3570 1875 3624 viris
1905 3570 2248 3636 clarissimis,
2284 3570 2617 3626 consulibus.

144 3710 194 3743 ⁸⁸
225 3709 392 3783 Boni.
426 3727 540 3783 xiv,
573 3713 657 3768 l5.
737 3713 780 3746 ⁸⁸
820 3713 840 3767 l
869 3712 986 3767 Pet.
1021 3730 1073 3774 ν,
1105 3713 1160 3767 8.
1235 3713 1281 3744 ⁸ο
1321 3711 1524 3769 Habac.
1561 3729 1598 3768 η
1621 3752 1637 3780 ,

1747 3755 1758 3768 .
1835 3714 1879 3744 σι
1919 3711 2046 3783 Sap.
2084 3728 2139 3779 ι,
2188 3712 2345 3767 8-10.

60 3796 189 3849 xu,
224 3781 279 3836 5.
354 3781 403 3820 ἰ
443 3782 616 3838 Ecrle.
648 3800 702 3850 ν,
737 3784 824 3839 i5.
901 3783 946 3817 ⁵⁸
986 3783 1007 3836 l
1040 3783 1166 3838 Cor.
1206 3799 1264 3849 ιι,
1303 3784 1358 3838 9.

2449 3714 2496 3744 ⁸¹
2544 3711 2706 3766 Prov.
2759 3729 2833 3778 ll,
2887 3713 2975 3765 ll.
3076 3713 3122 3744 ⁸⁸
3161 3709 3320 3768 Pom.

805 4048 966 4120 615
1004 4047 1071 4102 IN
1113 4047 1327 4103 VITAM
1368 4047 1615 4102 ΒΕΑΤΑΞ
1655 4046 2108 4104 SYNCLETICIE
2149 4047 2553 4104 ADMONITIO.

155 4184 340 4240 Vitam
367 4185 530 4240 beate
559 4184 872 4256 Syncletica:
891 4187 1319 4258 antiquissimum
1351 4202 1462 4240 esse
1493 4202 1619 4255 opus
1649 4187 1871 4241 suadent
1901 4186 2037 4242 Vitae
2063 4185 2284 4242 Patrum
2318 4187 2409 4240 lib.
2438 4203 2469 4239 v
2497 4196 2547 4241 et
2579 4203 2656 4252 v1,
2704 4186 2846 4256 apud
2877 4185 3232 4253 Rosweidum,
3273 4199 3326 4243 et

59 4287 204 4352 ipse
224 4299 354 4336 sane
371 4284 778 4353 antiquissimw,
809 4287 951 4340 circa
979 4295 1185 4340 sextum
1205 4286 1456 4340 saeculum
1478 4284 1672 4340 Latine
1696 4287 2014 4352 translatis;
2047 4288 2138 4341 ubi
2179 4289 2460 4358 complura
2505 4289 2724 4343 subinde
2781 4296 3064 4342 occurrunt
3093 4301 3157 4340 ex
3203 4283 3326 4338 Vita

63 4382 246 4440 beatte
271 4374 582 4446 Syncletica:
601 4386 862 4430 mutuata.
898 4375 1028 4444 Ejus
1059 4385 1299 4429 auctores
1329 4376 1466 4429 varii
1491 4375 1860 4445 assignantur,
1889 4393 1955 4430 ea:
1977 4394 2203 4447 quorum
2226 4394 2446 4431 numero
2480 4377 2828 4443 Athanasius,
2847 4379 2937 4448 qui
2963 4386 3020 4429 ut
3048 4377 3098 4430 vi
3115 4383 3165 4428 et
3185 4389 3326 4444 prte-

61 4469 288 4523 stantia
307 4470 535 4523 nominis
569 4469 774 4523 cceteris
807 4471 956 4538 longe
982 4467 1287 4522 antecellit:
1316 4467 1436 4521 inde
1453 4483 1579 4520 sane
1611 4468 1829 4536 contigit
1847 4477 1926 4533 ut,
1957 4469 2202 4538 neglectis
2221 4475 2347 4539 pene
2368 4469 3073 4542 aliis,quibustpotioriforte
3089 4469 3214 4537 jure
3235 4466 3331 4521 hoc

63 4561 392 4633 opusculum
415 4561 746 4625 tribueretur,
779 4579 810 4614 a
832 4561 1011 4615 multis
1033 4577 1124 4614 nec
1147 4558 1461 4630 ignobilibus
1493 4559 1836 4627 scriptoribus
1872 4560 2168 4614 Athanasio
2197 4563 2514 4617 ascribatur.
2544 4561 2656 4617 Nec
2688 4560 3133 4633 prwtermittenda
3167 4557 3331 4612 Nice-

58 4657 232 4726 phori
261 4655 487 4712 Callisti
504 4653 772 4710 verba‘h'b.
800 4671 918 4718 vm,
942 4670 988 4709 c.
1008 4653 1077 4707 40
1102 4671 1115 4706 :
1138 4654 1248 4725 Τὴν
1265 4652 1544 4707 Ἀντωνίου
1567 4652 1645 4721 cpt)

1747 4653 1880 4720 »φίαν
1909 4653 2025 4706 osa
2058 4655 2232 4708 πάντα
2247 4655 2810 4726 ἄριστοςἈθανάσιος,
2844 4655 2936 4708 καὶ
2969 4654 3116 4724 αὐτῴ
3152 4653 3332 4721 διαφε-

66 4752 288 4824 ρόντως
321 4749 659 4820 φιλούμενος,
681 4747 815 4818 πρὸς
848 4747 1356 4816 λεπτὸνηὶστορήσας
1377 4744 1603 4808 ἐξέδωκε
1626 4761 1638 4772 ·
1658 4742 1755 4806 τὰς
1792 4743 1927 4814 μετὰ
1954 4744 2223 4815 δαιμόνων
2254 4745 2429 4808 πάλας
2456 4745 2640 4812 αὑτοῦ,
2685 4746 2780 4799 καὶ
2829 4747 2927 4808 τὰς
2959 4744 3152 4814 ὲξευρη
3163 4742 3329 4812 μένας

59 4843 278 4914 τέχνας
310 4838 457 4910 αὺτῷ
483 4841 601 4893 κατ’
628 4838 826 4905 αὐτῶν,
852 4839 946 4891 καὶ
969 4838 1037 4890 τὰ
1055 4835 1318 4891 λοιπὰτοῦ
1351 4835 1466 4905 βίου
1487 4837 1767 4906 τεράστια,
1791 4837 1885 4888 καὶ
1914 4836 2072 4890 πάνθ’
2109 4836 2315 4892 ἕκαστα
2343 4838 2675 4910 διαγράψας·
2708 4838 2783 4901 ὼς
2819 4839 2941 4910 ὅρον
2981 4833 3120 4890 εἶναι
3160 4851 3326 4904 μονα-

61 4933 240 5002 δικῆς
279 4930 549 4994 πολιτείας
576 4930 636 4983 τὸ
659 4929 1014 5000 σύγγραμμα.
1062 4929 1252 4981 Ὀποία.
1277 4928 1341 4998 δὴ
1377 4929 1406 4980 ὁ
1427 4927 1588 4991 αὐτὸς
1633 4928 1947 4992 Ἀθανάσιος
1974 4930 2075 4982 κάν
2099 4929 2175 4999 τῷ
2216 4930 2314 5000 βίῳ
2371 4929 2745 5000 Συγκλητικῆς
2798 4929 3031 5001 ἔπραξεν
3057 4945 3070 4957 ·
3118 4923 3327 4997 ἀνδρῶν

67 5025 179 5096 μὲν
209 5021 484 5075 πολιτεῖαν
507 5021 778 5085 ἐντεῦθεν,
813 5021 1084 5089 γυναικῶν
1124 5021 1166 5072 δ’
1195 5018 1404 5073 ἐκεῖθεν
1427 5020 1645 5073 ὑποτιθε

1752 5022 1826 5082 ὡς
1847 5022 1905 5074 ἐν
1937 5021 2216 5092 πλάσματι
2248 5023 2569 5094 διηγήσεως.
2604 5021 2670 5075 Id
2698 5033 2795 5090 est,
2823 5023 3040 5078 Antonii
3089 5021 3328 5092 philoso-

65 5117 270 5188 phiam
305 5114 390 5168 vir
415 5115 574 5184 longe
603 5114 1090 5184 praestantissimus
1118 5113 1470 5179 Athanasius,
1497 5114 1588 5183 qui
1611 5114 1774 5168 etiam
1813 5113 1914 5183 ipsi
1951 5113 2054 5168 fuit
2076 5117 2458 5180 charissimus,
2493 5118 2741 5186 pluribus
2771 5117 3100 5186 descriptam
3131 5115 3324 5183 edidit,

65 5203 522 5280 conscripsitque
549 5211 670 5280 ejus
694 5211 981 5266 adversum
1011 5210 1284 5264 daemones
1318 5209 1645 5272 certamina,
1673 5223 1878 5278 quasve
1910 5217 2055 5264 artes
2073 5211 2138 5264 ad
2171 5211 2320 5280 ipsos
2346 5211 2698 5267 debellandos
2731 5211 3092 5276 adinvenerit,
3113 5227 3325 5268 necnon

64 5307 180 5360 alia
223 5303 348 5358 vita:
368 5303 513 5357 illius
544 5303 788 5373 prodigia
820 5302 1126 5356 minutatim
1172 5308 1425 5356 enarrata
1457 5321 1468 5355 :
1502 5301 1638 5356 adeo
1668 5311 1726 5354 ut
1755 5301 1895 5355 liber
1927 5301 2017 5356 ille
2043 5303 2114 5357 sit
2145 5305 2302 5373 quasi
2335 5304 2462 5359 vitae
2508 5307 2825 5360 monasticae
2860 5321 3073 5361 norma.
3123 5306 3324 5376 Cujus-

65 5399 231 5459 modi
252 5401 381 5454 item
404 5408 534 5455 sunt
556 5413 678 5469 qua:
697 5399 840 5452 idem
866 5397 1203 5451 Athanasius
1218 5394 1512 5465 descripsit
1536 5395 1724 5449 invita
1749 5393 2105 5465 Syncleticaz:
2140 5397 2195 5451 in
2224 5398 2406 5468 priore.
2435 5398 2655 5468 quidem
2678 5399 2820 5452 libro
2841 5400 3083 5453 virorum
3111 5399 3325 5454 vivendi

61 5498 388 5562 rationem;
415 5496 470 5549 in
500 5495 748 5564 sequenti
777 5508 906 5547 vero
938 5493 1226 5547 mulierum
1264 5507 1599 5561 proponens,
1627 5492 1785 5560 quasi
1818 5491 1922 5545 sub
1952 5492 2126 5546 forma
2156 5494 2507 5549 narrationis.
2546 5493 2815 5549 Prceterea
2857 5496 2912 5548 in
2965 5496 3142 5550 codice
3178 5495 3330 5550 Vati-

62 5603 216 5644 cana
237 5583 364 5649 8'25,
391 5593 518 5638 teste
549 5582 826 5637 Holstenio
859 5583 914 5635 in
943 5581 1327 5635 animadversis
1351 5580 1419 5634 ad
1446 5579 1889 5650 Martyrologium
1916 5579 2233 5647 Romanum,
2265 5582 2374 5637 ha’c
2399 5583 2504 5637 vita
2537 5584 2822 5639 Athanasii
2846 5601 3032 5639 nomen
3067 5588 3281 5655 prtzI'ert
3307 5621 3326 5657 ε

64 5681 310 5746 itemque
331 5677 385 5729 in
419 5675 742 5729 bibliotheca:
772 5673 1120 5729 Scorialensis
1138 5674 1446 5742 exemplari,
1465 5674 1602 5744 quod
1630 5683 1883 5729 memorat
1913 5675 2212 5731 Alexander
2233 5675 2546 5733 Barvoetius
2570 5681 2622 5733 in
2655 5680 2899 5750 catalogo
2937 5681 3083 5736 illius
3130 5681 3330 5738 Biblio-

68 5777 270 5832 theca’.
299 5769 366 5821 ad
393 5768 544 5837 cujus
570 5767 726 5837 ﬁdem
758 5765 925 5820 David
956 5766 1209 5822 Calvi/lus
1241 5765 1492 5822 Latinam
1541 5769 2023 5838 interpretationem
2049 5786 2201 5823 suam
2250 5770 2552 5837 adornavit,
2601 5773 2793 5828 editam
2831 5793 2861 5828 a
2898 5774 3160 5830 Bollando
3199 5776 3268 5834 at!
3299 5779 3332 5829 5
