3852 6206
492 385 629 442 1.587
1621 380 1682 436 S.
1724 377 2188 435 ATHANASIUS.
2229 407 2301 419 —-
2345 377 2619 435 SPURIA.
3632 382 3751 441 1488

495 504 771 558 Januarii.
822 501 950 559 Ila'c
996 503 1465 576 quantulacunque
1500 501 1607 555 sint
1644 499 1971 565 testimonia,
2008 500 2189 569 exigui
2212 507 2305 552 aut
2341 498 2542 552 nullius
2577 499 2830 552 momenti
2869 498 3185 554 videbuntur
3202 501 3267 554 iis
3297 501 3388 571 qui
3423 501 3501 556 vel
3525 502 3759 571 primoriu

494 596 588 651 bus
624 595 790 652 labris
823 596 1108 651 Athanasii
1130 595 1332 667 stylum
1358 594 1720 665 orationisque
1749 609 1909 664 genus
1940 592 2255 663 attigerint;
2284 600 2494 645 tantum
2522 592 2724 648 scilicet
2755 592 3001 647 abhorret
3022 594 3122 648 hoc
3151 595 3467 665 opusculum
3510 596 3578 650 ab
3611 597 3762 650 Atlio-

492 694 719 749 nasiana
753 694 853 749 illa
875 693 1196 763 eloquentia,
1232 686 1682 762 sale,'gravitate.
1708 689 1793 743 Ad
1830 691 1941 744 haec
1977 689 2157 744 nullus
2194 688 2509 758 assignatur
2558 689 2809 757 scriptor,
2856 689 2927 744 ad
2955 692 3183 762 quinque
3218 707 3372 746 sexve
3420 690 3627 747 saecula
3658 694 3763 761 post

488 786 777 842 Athanasii
809 796 1019 845 (etatem
1051 786 1142 858 qui
1167 785 1223 840 id
1260 786 1432 855 operis
1459 783 1660 838 tribuat
1683 782 2005 838 Athanasio.
2036 782 2227 836 Tradit
2263 791 2438 836 autem
2470 781 2785 839 Ilolstenius
2816 784 2872 838 in
2910 784 3019 838 alio
3049 782 3232 838 codice
3257 785 3627 839 vetustissimo
3652 786 3768 856 Cry-

487 883 866 953 ptaferratensi
891 883 1218 938 bibliothecae
1259 880 1535 936 Vaticana;
1563 896 1711 935 num.
1756 878 1917 945 1589,
1952 894 2073 933 eam
2112 877 2292 933 Vitam
2317 876 2623 949 adjudicari
2648 878 2948 951 Polycarpo
2992 887 3203 935 ascetw.
3236 878 3421 934 Codex
3465 888 3648 933 autem
3677 897 3767 949 quo

488 987 565 1033 est
597 996 724 1032 usus
749 978 1066 1034 Cottelerius
1092 978 1182 1050 qui
1208 988 1348 1031 tomo
1376 975 1407 1030 Ι
1436 976 1919 1031 Monumentorum
1951 974 2204 1030 ecclesiae
2231 972 2437 1029 Graecae.
2461 975 2627 1028 vitam
2658 973 2975 1046 Syncletica:
3002 974 3282 1045 erulgaoit,
3314 974 3528 1028 nullum
3567 973 3769 1041 prafer;

491 1072 727 1124 auctoris
750 1086 958 1123 nomen.
996 1068 1063 1124 In
1104 1068 1328 1125 Schedis
1359 1085 1481 1125 vero
1528 1067 1939 1138 Combeﬁsianis
1977 1084 2209 1139 quarum
2247 1066 2648 1136 perhumaniter
2677 1066 2830 1122 nobis
2853 1067 3061 1137 copiam
3085 1067 3211 1137 fecit
3233 1068 3316 1121 vir
3338 1066 3592 1122 eruditus
3616 1065 3680 1121 Β.
3711 1066 3767 1119 ιι.

489 1160 716 1232 Lequien
758 1178 826 1217 ex
856 1160 1058 1218 Ordine
1089 1161 1520 1217 Prwdicatorum
1546 1161 1615 1216 ad
1642 1162 1842 1216 calcem
1860 1161 2032 1230 operis
2055 1161 2167 1215 haec
2193 1160 2443 1231 leguntur
2469 1176 2488 1214 :
2525 1158 2824 1232 Hucusque
2852 1161 2949 1232 qui
2967 1176 3035 1216 ex
3061 1169 3252 1216 sancta
3284 1160 3654 1233 (Syncletica)
3687 1176 3771 1231 per

489 1259 712 1314 beatum
735 1259 1033 1314 Arsenium
1055 1258 1428 1331 Pegadcnsem
1462 1259 1788 1330 prodierunt
1821 1272 2109 1314 sermones
2146 1276 2160 1310 :
2199 1258 2339 1311 unde
2362 1256 2498 1326 forte
2520 1257 2788 1327 inferatur
2810 1258 3095 1311 Arsenium
3141 1258 3295 1312 illum
3320 1267 3470 1328 gesta
3534 1258 3771 1328 dictaque

492 1347 805 1418 Synclett'ca:
821 1350 1112 1422 collegisse.
1140 1350 1245 1417 Qui
1266 1351 1524 1405 Arsenius
1544 1350 1696 1421 longe
1724 1349 1965 1404 diversus
1996 1364 2111 1403 esse
2141 1348 2349 1402 videtur
2407 1365 2440 1401 a
2469 1349 2643 1418 prisco
2681 1348 2776 1403 illo
2805 1348 3033 1405 Arsenio
3056 1351 3313 1405 monacho
3338 1352 3433 1421 qui
3463 1361 3664 1421 quarto
3684 1367 3775 1404 sa:-

491 1442 611 1497 culo
639 1442 843 1511 ﬂoruit.
870 1442 1132 1498 Caeterum
1157 1444 1325 1498 multa
1356 1444 1435 1498 uti
1461 1444 1697 1498 diximus
1722 1444 1778 1497 in
1807 1459 1842 1497 ν
1864 1450 1914 1497 et
1949 1458 2001 1496 v1
2026 1440 2288 1495 Rosweidi
2317 1441 2457 1496 libro
2509 1457 2575 1496 ex
2608 1441 2704 1495 hoc
2736 1441 2905 1513 Opere
2926 1441 2994 1494 ad
3025 1442 3241 1496 verbum
3295 1454 3550 1513 excerpta
3605 1444 3775 1514 legun-

494 1546 602 1598 tur,
633 1551 751 1606 qute
770 1551 865 1590 nos
890 1535 959 1589 ad
989 1537 1284 1607 marginem
1319 1554 1417 1607 pro
1441 1537 1701 1607 facultate
1730 1537 2056 1590 notavimus.
2087 1533 2352 1590 Similiter
2376 1537 2431 1590 in
2464 1534 3009 1607 Apophthegmatibus
3039 1534 3295 1602 Patrum,
3344 1547 3395 1591 et
3445 1537 3506 1593 in
3554 1534 3773 1593 Scholiis

493 1623 561 1678 ad
583 1621 843 1679 Joannem
866 1622 1163 1681 Climacum
1196 1625 1479 1681 identidem
1512 1627 1771 1681 laudatur
1807 1626 1927 1680 Vita
1956 1634 2157 1680 sancta:
2186 1623 2523 1696 Syncleticre.

504 1849 671 1907 VITA
706 1850 803 1906 ET
834 1849 1064 1907 GESTA
1095 1850 1408 1907 SANCT/E
1462 1851 1889 1918 ΒΕΑΤᾸΞΩΠΕ
1945 1854 2081 1911 MA-

2201 1861 2365 1912 ΒΙΟΣ
2397 1860 2521 1913 KAI
2546 1861 2898 1913 ΠΟΛΙΤΕΙΑ
2941 1862 3081 1914 ΤΗΣ
3109 1862 3334 1915 ΑΓΙΑΣ
3370 1864 3509 1916 ΚΑΙ
3551 1865 3773 1918 MAKA-

884 1920 1178 1977 ϐΙδΤΒίΕ
1208 1922 1724 1980 SYNCLETIC/E.
1756 1920 1772 1923 ’

2276 1933 2455 1983 ΡΙΑΣ
2483 1933 2613 1983 ΚΑΙ
2642 1932 3114 1984 ΔΙΔΑΣΚΑΛΟΥ
3142 1934 3706 1988 ΣΥΓΚΛΗΤΙΚΗΣ.

564 2039 616 2093 1.
644 2036 750 2092 Par
775 2044 923 2093 esset
952 2048 1151 2093 omnes
1170 2035 1423 2093 homines
1447 2038 1716 2093 bonarum
1734 2054 1918 2095 rerum
1951 2056 2076 2098 esse

2260 2042 2309 2095 l.
2338 2043 2486 2096 Ἔδει
2504 2041 2714 2106 πάντας
2739 2043 3064 2115 ἀνθρώπους
3083 2044 3193 2098 τῶν
3209 2045 3392 2099 καλῶν
3412 2046 3492 2119 μὴ
3512 2048 3775 2120 ἀμυήτους

491 2130 720 2202 peritos.
741 2128 819 2183 Ita
848 2129 994 2185 enim
1025 2128 1083 2183 in
1108 2128 1347 2200 negotiis
1364 2131 1672 2196 exercitati,
1694 2131 1863 2185 vitam
1895 2140 2078 2189 trans—

2201 2132 2475 2205 Βπάρχειν.
2494 2132 2650 2187 Οὕτω
2667 2134 2774 2207 γὰρ
2793 2134 2857 2187 ἂν
2880 2136 3389 2208 ἐγγεγυμνασμένοι
3404 2140 3524 2200 τοῖς
3542 2138 3780 2211 πράγμαο

492 2224 703 2292 igerent
764 2221 977 2292 absque
1043 2220 1395 2277 detrimento.
1454 2219 1594 2279 Nam
1647 2223 2081 2295 simplicioribus

2201 2245 2272 2280 τιν
2298 2229 2344 2281 εί
2371 2223 2501 2291 εἷεν,
2520 2227 2580 2280 τὸ
2597 2226 2830 2298 ἀζήμιον
2861 2223 3006 2299 εἶχον
3022 2230 3080 2282 ἐν
3115 2229 3233 2300 βίῳ·
3254 2231 3348 2283 καὶ
3362 2230 3496 2299 γοῦν
3521 2232 3779 2299 rabidus-

491 2313 678 2368 mul-ta:
702 2312 967 2384 perutiles
1013 2326 1103 2369 res
1133 2320 1265 2370 sunt
1303 2313 1555 2380 occultae,
1586 2314 1733 2387 quod
1794 2315 1918 2370 ideo
1971 2316 2082 2371 illis

2201 2319 2503 2392 οαιοτὲρους
2530 2319 2600 2373 τά
2632 2318 2804 2373 πολλὰ
2834 2321 2942 2373 τῶν
2964 2322 3217 2393 χρηστῶν
3237 2322 3508 2378 διέλαθεν.
3535 2324 3707 2379 Τοῦτο
3732 2327 3779 2379 δὲ

490 2407 733 2473 obvenit,
796 2405 942 2477 quod
972 2419 1038 2461 ex
1071 2405 1326 2462 socordia
1362 2406 1642 2463 hebetiore
1697 2408 1811 2463 sint
1869 2418 2078 2464 mente.

2201 2413 2522 2468 πεπόνθασιν
2548 2412 2615 2466 ὲκ
2637 2412 2732 2465 τοῦ
2772 2412 2872 2486 τὴν
2897 2414 3137 2468 διάνοιαν
3171 2415 3354 2480 αὐτοῖς
3384 2416 3778 2489 ἁμϐλυωτέραν

491 2496 784 2553 Enimvero
816 2498 1140 2568 plerumque
1164 2497 1419 2567 pretiosae
1462 2498 1795 2567 margaritae,
1848 2498 1903 2554 in
1944 2515 2081 2571 pau-

2201 2505 2519 2559 ιαθεστάναι
2541 2505 2646 2559 ὑπὸ
2664 2505 2765 2577 τῆς
2794 2506 3075 2576 ἀμελείας.
3097 2506 3368 2591 Πολλάκις
3392 2509 3510 2581 γὰρ
3531 2511 3631 2564 καὶ
3653 2529 3778 2582 μαρ-

1736 1853 1889 1923 QUE
1945 1854 2081 1911 MA-

493 2605 650 2661 peres
682 2590 932 2661 vilesque
963 2589 1114 2646 viros
1148 2589 1483 2657 inciderunt,
1516 2592 1612 2662 qui
1646 2607 1709 2647 ex
1742 2592 1881 2648 artis
1912 2593 2083 2664 impe-

493 2684 644 2748 ritia,
669 2698 765 2740 eas
794 2682 950 2737 nihili
991 2684 1264 2753 naucique
1309 2682 1577 2738 fecerunt.
1607 2682 1718 2740 Nos
1772 2684 1958 2756 itaque
1986 2686 2081 2757 qui

495 2776 680 2830 animo
726 2791 919 2831 sumus
945 2775 1143 2847 puerili
1191 2784 1245 2831 et
1279 2775 1550 2845 imperito,
1586 2791 1711 2830 cum
1788 2777 2081 2833 incidisse-

495 2884 619 2925 mus
646 2869 701 2924 in
732 2870 877 2926 hanc
937 2871 1317 2942 margaritam,
1352 2885 1462 2925 non
1513 2870 1696 2942 magni
1741 2870 2081 2928 faciebamus

499 2963 669 3027 illam,
711 2965 840 3019 dum
878 2964 1052 3019 solam
1088 2963 1328 3034 speciem
1366 2963 1800 3029 attenderemus,
1847 2972 1901 3020 et
1927 2979 1957 3018 a
1985 2980 2082 3020 na-

500 3065 634 3113 tura:
654 3055 1044 3127 dignitatisque
1067 3055 1217 3111 illius
1250 3055 1442 3110 notitia
1473 3057 1705 3110 multum
1730 3057 2080 3114 abessemus:

500 3151 591 3205 ubi
624 3157 805 3205 autem
860 3147 1125 3219 paulatim
1164 3146 1286 3217 ejus
1342 3147 1567 3217 propius
1622 3146 2081 3218 pulchritudinem

2187 2601 2407 2669 γαρῖται
2446 2598 2735 2670 πολύτιμοι
2762 2600 2843 2663 είς
2884 2599 3124 2671 πένητας
3150 2600 3431 2672 παρῆλθον
3460 2604 3691 2675 ἄνδρας.
3720 2607 3775 2657 Ol

2187 2693 2245 2747 δὲ
2277 2691 2640 2763 ἀδοκίμαστον
2677 2692 2777 2764 τὴν
2812 2693 2941 2765 περὶ
2977 2693 3184 2748 τούτων
3214 2694 3413 2766 τέχνην
3442 2694 3689 2766 ἔχοντες,
3710 2697 3777 2758 ὡς

2193 2784 2407 2856 μικρῶν
2433 2802 2595 2839 τινων
2630 2785 2724 2838 καὶ
2762 2784 3071 2855 οὐδαμινῶν
3118 2787 3562 2858 κατεφρόνησαν.
3603 2790 3777 2859 Ἡμεῖς

2190 2876 2342 2947 γοῦν,
2378 2878 2578 2949 νηπίαν
2608 2878 2701 2932 καὶ
2724 2877 3031 2950 ἀνάσκητον
3067 2879 3244 2952 ψυχὴν
3268 2881 3507 2951 ἔχοντες,
3541 2881 3623 2952 τῷ
3649 2898 3777 2952 παρα

2189 2969 2304 3023 όντι
2350 2972 2771 3042 ἐντυγχάνοντες
2810 2972 3147 3045 μαργαρίτῃ,
3190 2973 3343 3028 οὐδὲν
3404 2976 3553 3045 μέγα
3598 2975 3773 3029 τοῦτον

2190 3060 2525 3134 θεωροῦμεν,
2566 3061 2645 3134 τῷ
2681 3064 2923 3134 σχήματι
2960 3064 3107 3135 μόνῳ
3134 3065 3561 3133 ὲνατονίξοντες,
3588 3069 3689 3140 τῆς
3724 3070 3771 3122 δὲ

2190 3151 2407 3223 φύσεως
2434 3153 2621 3217 αὐτοῦ,
2654 3154 2777 3207 ὅσον
2800 3154 2936 3225 πρὸς
2959 3154 3185 3224 γνῶσιν,
3226 3157 3445 3227 μακρὰν
3486 3162 3773 3230 τυγχάνον-

501 3253 832 3317 spectantes,
858 3242 1230 3315 praestantiam
1292 3243 1677 3309 edocebamur,
1713 3241 1899 3297 divino
1953 3258 2083 3316 erga

2201 3260 2301 3307 τες.
2340 3243 2428 3308 Ὠς
2447 3244 2503 3297 δὲ
2523 3246 2643 3297 κατ’
2676 3244 2853 3314 ὀλίγον
2878 3247 2944 3299 ὲκ
2970 3246 3081 3300 τῶν
3116 3246 3285 3311 πέλας
3311 3248 3704 3322 ὲδιδασκόμεθα
3722 3251 3775 3302 τὸ

501 3348 813 3410 perceptam
866 3350 979 3390 rem
1023 3348 1212 3388 amore.
1250 3333 1713 3391 accendebamur.
1747 3332 1884 3406 Ipsa:
1930 3352 2086 3391 nam-

502 3446 608 3502 que
631 3445 718 3485 res
750 3436 989 3483 mentem
1011 3431 1260 3482 nostram
1311 3424 1379 3479 ad
1411 3425 1746 3482 desiderium
1782 3426 2087 3484 inﬂamma-

503 3524 657 3579 bant.
1391 3561 1402 3573 .

573 3614 626 3669 2.
663 3616 939 3681 Quorsum
997 3617 1177 3666 autem
1234 3610 1430 3682 loquar
1460 3609 1527 3665 de
1557 3611 1939 3681 praesentibus,
1993 3618 2087 3665 aut

503 3723 591 3762 me
622 3707 731 3762 illis
763 3706 1137 3769 adnumerem,
1165 3704 1323 3774 quasi
1346 3717 1448 3760 nos
1475 3703 1680 3773 aliquid
1710 3704 1974 3767 sciamus,
1994 3712 2089 3758 aut

504 3802 688 3873 eloqui
722 3802 1003 3859 valeamus
1033 3799 1102 3857 de
1136 3799 1401 3871 praeclara
1435 3805 1491 3853 et
1528 3798 1689 3852 beata
1740 3796 2089 3869 Syncletica?

504 3896 760 3951 Omnium
785 3894 988 3965 quippe
1011 3892 1296 3948 hominum
1323 3898 1600 3955 naturam,
1626 3889 1788 3945 bonis
1811 3890 1931 3958 ejus
1960 3903 2090 3959 ope—

505 3989 657 4044 ribus
684 3986 1037 4043 recensendis
1062 3985 1327 4056 imparem
1345 3982 1605 4038 arbitror.
1629 3980 1787 4048 Quod
1812 3980 1859 4037 si
1875 3982 2002 4051 quis
2025 3981 2092 4037 de

505 4079 598 4133 illa
631 4078 779 4149 loq'ui
813 4076 1184 4150 aggrediatur,
1243 4072 1599 4145 quantumvis
1631 4073 1856 4142 sapiens
1903 4072 1978 4128 sit
2024 4088 2090 4127 ac

502 4172 733 4241 peritus,
766 4169 1087 4243 longissime
1111 4167 1287 4223 aberit
1320 4182 1351 4220 a
1383 4181 1442 4221 re
1469 4165 1752 4236 proposita
1781 4179 2091 4236 exsequen-

503 4265 591 4320 da.
623 4261 1099 4330 Quemadmodum
1116 4261 1261 4316 enim
1285 4260 1380 4330 qui
1416 4259 1588 4316 solem
1624 4257 1891 4312 intentius
1911 4258 2092 4324 respi-

504 4372 629 4412 cere
660 4357 869 4422 volunt,
896 4355 1185 4410 oculorum
1212 4352 1414 4407 damno
1441 4350 1755 4407 alliciuntur
1775 4390 1790 4414 ,
1824 4352 1899 4404 ita
1925 4350 2092 4407 etiam

502 4449 595 4519 qui
625 4448 747 4517 ejus
781 4448 949 4502 vitam
1001 4445 1365 4515 contemplari
1400 4444 1680 4502 nituntur.
1720 4444 1793 4499 ob
1827 4445 2095 4515 praeclare

507 4542 784 4607 gestorum
811 4534 1209 4605 praestantiam,
1227 4532 1396 4605 616
1414 4530 1685 4602 vertigine
1716 4534 1980 4603 correpti,
2000 4548 2095 4588 ce-

2189 3335 2384 3399 κάλλος
2416 3334 2603 3398 αὑτοῦ,
2640 3336 2781 3401 θεῖος
2825 3337 2964 3408 ἔρως
3001 3339 3097 3392 καὶ
3130 3340 3261 3411 ἡμῖν
3305 3341 3630 3410 ὲνεγεννᾶτο
3654 3342 3774 3413 πρὸς

2187 3429 2250 3482 τὸ
2273 3428 2434 3498 ὀφθέν
2455 3446 2468 3460 ο
2497 3429 2593 3482 καὶ
2616 3428 2727 3501 γὰρ
2750 3429 2892 3484 αὐτὰ
2911 3429 2982 3484 τὰ
3007 3432 3310 3502 πράγματα
3331 3432 3615 3506 ὲζωπύρει
3636 3433 3774 3505 ἡμῶν

2191 3523 2331 3595 πρὸς
2359 3522 2452 3575 τὸν
2482 3522 2646 3576 πόθον
2676 3521 2777 3593 τὴν
2802 3521 3064 3577 διάνοιαν.

2263 3614 2319 3667 ‘2.
2355 3613 2420 3666 Τί
2450 3613 2507 3666 δὲ
2529 3613 2672 3681 λέγω
2695 3615 2823 3678 τοὺς
2857 3614 3155 3685 παρόντας,
3183 3615 3216 3686 ἢ
3243 3616 3339 3670 καὶ
3362 3610 3561 3669 ἑαυτὸν
3590 3630 3774 3683 συγκι-

2191 3703 2446 3776 ταριθμῶ
2490 3704 2719 3769 τούτοις,
2744 3704 2820 3767 ὥς
2860 3722 2915 3757 τι
2946 3704 3164 3759 εἰδότων
3203 3705 3362 3777 ἡμῶν
3386 3708 3483 3760 καὶ
3527 3705 3773 3774 λεγόντων

2195 3798 2325 3869 περὶ
2344 3798 2442 3868 τῆς
2463 3798 2709 3868 ἀοιδίμου
2743 3797 2838 3851 καὶ
2876 3798 3158 3869 μακαρίας
3190 3797 3604 3870 Συγκλητικῆςς
3625 3795 3775 3868 Οἶμαι

2194 3887 2305 3960 γὰρ
2336 3889 2520 3941 πᾶσαν
2545 3886 2849 3958 ἀνθρώπων
2879 3886 3042 3957 φύσιν
3063 3884 3349 3939 λείπεσθαι
3381 3886 3521 3956 πρὸς
3541 3887 3776 3956 διήγηειν

2195 3982 2303 4036 τῶν
2325 3980 2541 4052 ἀγαθῶν
2562 3981 2733 4052 αὐτῆς
2748 3979 3021 4053 πράξεων.
3042 3981 3105 4034 El
3120 3980 3178 4033 δὲ
3198 3979 3294 4032 καί
3315 3980 3776 4060 τιςθὲπιχειρήπιε

2196 4072 2378 4142 λέγειν
2409 4090 2462 4126 τι
2494 4072 2621 4144 περὶ
2648 4072 2842 4143 αὐτῆς,
2876 4070 3012 4126 πολὺ
3041 4072 3140 4141 μὲν
3182 4070 3280 4125 καὶ
3310 4070 3542 4142 ἄπειρον
3578 4070 3781 4123 ἀπολει-

2198 4167 2466 4237 φθήσεται
2511 4166 2621 4218 τῶν
2654 4165 3023 4236 ζητουμένων,
3059 4167 3164 4219 κᾶν
3202 4164 3389 4233 σοφὸς,
3425 4163 3534 4218 κᾶν
3568 4166 3780 4232 ἐπιστή-

2200 4277 2317 4331 μων
2359 4260 2624 4330 τυγχάνῃ.
2657 4260 2868 4332 Ὥσπερ
2891 4258 3001 4331 γὰρ
3034 4260 3084 4311 οἱ
3112 4258 3191 4329 τῷ
3223 4257 3363 4330 ἡλίῳ
3403 4259 3654 4312 ἀτενίσαι
3680 4257 3784 4328 βεν-

2197 4350 2415 4422 λόμενοι
2438 4350 2537 4415 τὰς
2567 4351 2719 4421 ὄψεις
2755 4350 3104 4422 βλάπτονται,
3139 4349 3285 4403 οὕτω
3310 4351 3405 4404 καὶ
3435 4352 3486 4404 οἱ
3511 4350 3782 4421 κατοπτρί-

2199 4443 2387 4510 ζεσθαι
2419 4443 2497 4514 τῷ
2532 4443 2632 4514 βίῳ
2655 4443 2859 4514 ταύτης
2890 4441 3245 4515 πειρώμενοι,
3268 4444 3377 4496 ὑπὸ
3405 4443 3503 4496 τοῦ
3534 4443 3778 4515 μεγέθους

2198 4537 2310 4592 τῶν
2344 4536 2790 4610 κατορθωμάτων
2822 4535 3244 4604 ἰλιγγιάσαντες,
3281 4537 3668 4607 ὑπενδόντεςῆ
3698 4536 3778 4589 καὶ

505 4628 697 4683 dentes
728 4625 949 4682 demum
968 4641 1034 4681 ac
1065 4626 1280 4681 viribus
1310 4623 1581 4686 destituti,
1618 4623 1672 4676 in
1700 4625 1901 4681 mentis
1945 4625 2088 4680 inci-

2201 4632 2584 4703 ἀτονήσαντες,
2611 4630 2875 4702 σύγχυσιν
2908 4631 3232 4700 ὑφίστανται
3261 4633 3329 4703 τῇ
3366 4632 3600 4705 διανοίᾳ.

502 4720 641 4775 dunt
665 4717 1161 4789 perturbationem.

573 4812 626 4865 5.
652 4809 766 4866 Nos
802 4815 985 4865 autem
1018 4823 1119 4880 pro
1160 4808 1374 4866 viribus
1428 4812 1636 4868 nostris
1691 4810 1814 4881 ejus
1861 4808 2094 4879 vestigia

503 4903 830 4967 consectati,
866 4908 920 4959 et
950 4902 1020 4958 ab
1041 4901 1164 4974 ejus
1193 4903 1502 4975 aequalibus
1550 4903 1620 4960 de
1679 4903 1939 4974 primteva
1970 4901 2093 4971 ejus

504 5004 664 5054 aetate
690 4996 885 5069 paucis
915 4995 1143 5063 eruditi,
1167 5013 1235 5054 ex
1264 4998 1516 5069 ipsisque
1546 4997 1715 5053 rebus
1776 4997 2096 5068 aliquantu-

504 5090 621 5145 lum
642 5088 936 5157 illustrati,
965 5088 1214 5145 scribere
1241 5088 1609 5160 ingredimur,
1641 5086 1918 5158 nobisque
1946 5085 2089 5156 ipsis

504 5182 804 5238 salutarem
840 5180 1027 5237 cibum
1059 5179 1436 5237 recondimus.
1466 5178 1606 5235 Nam
1662 5195 1764 5251 pro
1819 5179 2093 5250 dignitate

505 5274 656 5329 illius
684 5273 1032 5344 eloqui,‘n0n
1064 5270 1411 5343 impossibile
1461 5272 1628 5328 modo
1660 5273 1823 5345 nobis
1853 5280 1961 5342 est,
1993 5274 2090 5330 sed

502 5364 693 5420 multis
722 5364 845 5419 aliis
887 5362 1224 5435 perarduum
1260 5378 1326 5420 ac
1356 5362 1596 5421 difﬁcile.

573 5540 629 5596 4.
654 5541 788 5608 Quae
812 5542 1052 5605 caelestis
1080 5546 1386 5618 συγκλήτου
1453 5561 1553 5601 seu
1609 5553 1835 5600 senatus
1884 5561 2088 5603 nomen

502 5630 691 5697 habet,
725 5649 789 5686 ex
821 5632 1139 5697 Macedonia
1192 5637 1428 5692 oriunda
1461 5645 1564 5693 est.
1630 5637 1868 5705 Majores
1909 5638 2087 5709 siqui-

504 5721 625 5776 dem
657 5722 775 5789 ejus
827 5725 1013 5779 audito
1068 5727 1571 5784 Alexandrinorum
1624 5745 1754 5803 erga
1812 5730 1981 5787 Deum
2034 5737 2089 5787 et

504 5804 781 5866 Christum
812 5829 1019 5882 amore,
1038 5834 1101 5873 ex
1134 5817 1450 5876 Macedonia
1483 5823 1537 5877 in
1565 5822 1877 5879 Macedonis
1896 5825 2088 5881 urbem

2266 4815 2319 4870 5.
2362 4814 2553 4885 Ἡμεῖς
2573 4813 2633 4868 δὲ
2653 4813 2798 4866 κατὰ
2823 4811 2923 4884 τὴν
2957 4812 3094 4866 ἰδίαν
3115 4813 3349 4884 δύναμιν
3385 4814 3777 4888 lmine-Syre;

2193 4906 2264 4960 τὰ
2305 4907 2427 4961 κατ’
2453 4905 2645 4977 αὐτὴν,
2681 4905 2776 4958 καὶ
2813 4904 2879 4957 ὲκ
2911 4903 3020 4957 τῶν
3065 4904 3373 4977 συνηλίκων
3413 4907 3473 4960 δὲ
3518 4906 3685 4976 αὐτῆς
3720 4904 3775 4955 τὲ

2195 4997 2341 5052 κατά
2367 4997 2459 5051 τὸν
2486 4997 2703 5069 πρῶτον
2729 4996 2843 5067 βίον
2874 4995 3188 5070 ἀκροθιγῶς
3220 4997 3583 5062 ἀκούσαντες,
3607 4997 3697 5052 καὶ
3723 4995 3772 5058 ἐξ

2197 5088 2380 5144 αὐτῶν
2406 5089 2465 5144 δὲ
2493 5089 2603 5143 τῶν
2631 5088 2974 5160 πραγμάτων
3007 5088 3270 5162 ἀμυδρῶς
3297 5090 3769 5161 καταυγασθὲντες.

2199 5184 2296 5237 ἐπὶ
2327 5183 2391 5238 τὸ
2418 5183 2652 5256 γράφειν
2676 5183 2907 5254 ἥκομεν,
2939 5184 3153 5247 ἑαυτοῖς
3177 5183 3391 5254 τροφὰς
3433 5183 3772 5256 σωτηριῶεις

2201 5273 2758 5347 ἀποθησαυρίζοντες.
2795 5275 2869 5328 Τὸ
2904 5275 3002 5346 μὲν
3034 5274 3146 5346 γάρ
3177 5278 3298 5329 κατ’
3329 5276 3492 5342 ἀξίαν
3519 5277 3682 5346 αὐτῆς
3700 5274 3770 5327 λέ-

2201 5386 2318 5438 γειν
2341 5369 2402 5422 οὐ
2433 5368 2595 5440 μόνον
2634 5370 2770 5439 ἡμῖν
2809 5368 3092 5431 ἀδύνατον,
3126 5368 3266 5422 ἀλλά
3299 5370 3401 5423 καὶ
3426 5372 3541 5434 τοῖς
3583 5368 3773 5425 πολλάς

2200 5458 2261 5512 δυ
2268 5476 2359 5529 σχε
2368 5459 2481 5529 ρές.

2269 5550 2325 5605 4.
2343 5552 2405 5604 Ἦ
2426 5551 2526 5622 τῆς
2548 5552 2803 5624 οὐρανίου
2825 5550 3129 5623 συγκλήτου
3157 5549 3469 5622 ὲταῦνυμος,
3498 5549 3678 5621 χώρας
3690 5549 3770 5616 τῆς

2197 5643 2538 5707 Μακεδονίας
2558 5641 2839 5712 τυγχάνει.
2881 5642 3223 5713 Ἀκηκοότων
3242 5642 3356 5716 γὰρ
3386 5644 3497 5698 τῶν
3518 5643 3768 5717 προγόνων

2199 5735 2370 5806 αὐτῆς
2396 5733 2457 5788 τὸ
2477 5733 2723 5804 φιλόθεον
2742 5733 2840 5788 καὶ
2865 5734 3212 5805 φιλόχριστον
3232 5734 3343 5788 τῶν
3382 5734 3767 5806 Ἀλεξανδρέων.

2200 5823 2610 5896 κατελάμϐανον
2641 5825 2704 5878 ὲκ
2734 5823 3077 5888 Μακεδονίας
3102 5824 3200 5896 τὴν
3229 5824 3325 5879 τοῦ
3358 5826 3667 5888 Μακεδόνος
3688 5823 3768 5877 πύ-
