3852 6206
131 278 153 331 l
170 274 268 332 189

1262 280 1421 337 VlTA
1461 282 1753 340 SANCTIE
1796 281 2278 341 SYNCLETICE.

3260 284 3282 336 ί
3295 283 3398 338 491]

125 397 235 451 λιν.
277 389 612 450 Ἐπιῖῗαῖτων
639 395 696 449 δὲ
724 399 900 453 αὐτῶν
927 401 991 470 τῇ
1017 397 1191 470 χώρᾳ,
1216 399 1308 451 καὶ
1336 397 1506 470 μείζω
1534 400 1705 472 εὑρόν-

1821 405 2241 455 concesserunt.
2271 400 2391 463 Quo
2431 412 2556 451 cum
2592 396 2990 466 pervenissent,
3016 410 3081 450 ac
3112 411 3202 453 res
3249 397 3400 467 ipsas

124 508 221 554 τες
242 491 342 560 τῆς
373 491 560 560 φήμης
587 488 655 543 τά
693 490 1011 563 πράγματα,
1045 489 1380 560 φιλοφρόνως
1407 491 1583 561 ᾤκουν
1612 491 1710 546 αύ-

122 584 248 652 τήν.
276 583 352 634 Οὐ
381 580 576 654 πλήθει
604 581 661 635 δὲ
679 581 867 654 δήμων
897 582 1237 654 συνέχαιρον,
1266 580 1389 635 οὔτε
1418 583 1525 654 μὴν
1558 584 1715 655 οἰκη-

127 676 319 746 μάτων
369 673 678 746 ὲθαύμαζον
728 675 988 746 μέγεθος·
1046 677 1226 730 πίστιν
1270 675 1329 729 δὲ
1384 676 1714 749 μονότροπον

123 766 384 838 εὑρόντες
421 768 518 821 σὺν
559 766 840 838 εἰλικρινεῖ
866 768 1078 841 ἀγάπῃ,
1117 766 1374 837 δευτέραν
1405 766 1589 822 ἔθεντο
1616 767 1713 839 τὴν

122 858 337 913 οἰκείαν
364 858 466 929 τῆς
495 859 789 929 μετοικίας.

203 952 258 1007 5.
286 949 395 1006 Ἦν
436 952 495 1005 δὲ
543 951 749 1024 καὶτῷ
789 953 941 1022 γένει
988 951 1352 1024 περίϐλεπτος
1391 955 1425 1024 ή
1465 951 1712 1023 μακαρία

128 1044 498 1117 Συγκλητικὴ,
525 1046 617 1098 καὶ
638 1046 749 1109 τοῖς
790 1045 970 1109 ἀλλοις
1003 1044 1059 1099 δὲ
1083 1047 1194 1109 τοῖς
1223 1043 1362 1098 κατά
1388 1044 1480 1098 τὸν
1507 1042 1710 1114 κόσμον

122 1136 379 1206 τερπνοῖς
420 1134 794 1206 νομιζομένοις
836 1134 1193 1207 ἐκεκόσμητο.
1239 1137 1429 1206 Παρῆν
1475 1128 1532 1188 δὲ
1569 1133 1706 1205 αὐτῇ

124 1227 224 1279 καὶ
270 1225 472 1298 ἀδελφὴ
512 1226 768 1300 όμόφρων
800 1228 938 1299 ἅμα,
970 1227 1063 1281 καὶ
1095 1226 1313 1295 ἀδελφοὶ
1363 1226 1477 1290 δύο,
1514 1242 1708 1295 σεμνο-

124 1320 277 1390 τάτῳ
308 1321 404 1375 καὶ
429 1319 581 1374 αὐτοὶ
612 1319 938 1392 ἀναχθέντες
977 1319 1104 1390 βίῳ·
1132 1312 1209 1373 ὦν
1240 1321 1269 1372 ό
1297 1318 1396 1391 μὲν
1420 1312 1521 1383 εἷς,
1555 1319 1615 1373 ὲν
1640 1320 1707 1389 τῇ

124 1414 353 1486 παιδικῇ
406 1413 592 1487 ἡλικίᾳ
623 1414 929 1485 τυγχάνων,
968 1413 1267 1483 ἀπεγένετο
1286 1429 1301 1445 ·
1331 1414 1360 1466 ὁ
1387 1413 1444 1466 δὲ
1502 1412 1708 1483 ἕτερος,

126 1506 325 1569 ἐπιϐὰς
350 1505 587 1577 πέμπτῳ
633 1506 725 1559 καὶ
750 1504 980 1575 εἰκοστῷ
1017 1504 1148 1569 ἔτει,
1179 1503 1331 1576 παρά
1360 1503 1468 1558 τῶν
1510 1502 1712 1571 γονέων

123 1601 208 1662 εἰς
246 1597 422 1668 γάμον
454 1597 846 1670 παρεκαλεῖτω
882 1597 978 1651 καὶ
1008 1597 1228 1650 πάντων
1260 1596 1398 1668 πρὸς
1430 1595 1491 1648 τὸ
1522 1592 1714 1665 ζητού-

126 1678 289 1758 μενον
332 1686 815 1758 εὐτρεπισθέντων,
849 1687 943 1739 καὶ
983 1684 1089 1739 τῶν
1122 1685 1182 1750 ἐξ
1214 1685 1402 1749 έθνους
1447 1683 1710 1755 συμϐολιο·

123 1778 242 1833 κῶν
285 1778 710 1850 ὲκτελουμένων,
748 1777 970 1849 ἀπέπτη
1009 1778 1037 1831 ό
1069 1777 1188 1841 νέος
1215 1776 1404 1848 ὥσπερ
1435 1776 1620 1849 ὄρνεον
1646 1777 1711 1830 ὲκ
1742 1754 1784 1810 Β

125 1870 358 1942 βῴχων,
383 1867 721 1941 ἀνταλλαγὴν
755 1868 1123 1939 ποιησάμενος
1164 1868 1265 1938 τῆς
1296 1866 1539 1937 ὲπιγείου
1571 1866 1711 1937 νύμ-

123 1979 257 2035 φης,
286 1960 385 2033 τὴν
425 1961 653 2033 ἄμωμον
681 1960 775 2015 καὶ
814 1960 1106 2031 ἐλευθέραν
1138 1960 1246 2013 τῶν
1278 1959 1448 2027 ἁγίων
1474 1958 1717 2031 σύνοδον..

197 2051 253 2108 6.
284 2052 430 2124 Αὕτη
458 2051 515 2104 δὲ
547 2051 628 2106 ἔτι
662 2052 719 2104 ὲν
746 2054 865 2117 ταῖς
898 2052 1179 2124 πατρῴαις
1209 2053 1476 2122 ἀγκάλαις
1513 2054 1714 2124 τυγχά-

120 2161 314 2211 νουσα,
356 2143 599 2217 φιλοθεῖᾳ
627 2145 725 2217 μὲν
763 2145 823 2198 τὸ
864 2144 1077 2217 πρῶτον
1120 2145 1220 2217 τὴν
1241 2145 1312 2215 ψυ
1319 2146 1418 2216 χὴν
1448 2147 1670 2215 ἠσκεῖτο
1695 2163 1709 2176 ·

122 2236 221 2289 καὶ
251 2236 350 2306 οὐχ
372 2233 517 2289 οὕτω
567 2236 666 2297 τὰς
697 2234 789 2287 τοῦ
824 2233 1075 2306 σώματος
1100 2234 1415 2306 ἐπιμελείας
1454 2236 1710 2298 ἐποιεῖτο,

124 2327 207 2391 ὡς
235 2326 331 2390 τάς
362 2326 461 2396 τῆς
490 2325 704 2397 φύσεως
733 2325 911 2398 ὁρμάς
941 2328 1221 2399 ἐπετήρει.

199 2418 254 2474 7.
281 2416 389 2472 Ἦν
409 2418 518 2490 γὰρ
549 2417 809 2472 καὶκατὰ
834 2418 895 2472 τὸ
929 2417 1087 2490 σῶμα
1122 2417 1609 2490 περικαλλεστάτη,
1638 2418 1713 2482 ὡς

122 2510 222 2563 καὶ
273 2508 501 2572 πολλοὺς
548 2509 683 2588 αὐτῇ
727 2508 1043 2581 μνηστῆρας
1097 2510 1377 2581 προσιέναι
1433 2508 1576 2563 κατὰ
1613 2510 1712 2581 τὴν

122 2601 353 2673 πρώτην
387 2601 627 2673 ήλικίαν·
673 2601 831 2655 τοῦτο
872 2601 972 2672 μὲν
1004 2601 1110 2655 ὑπὸ
1143 2602 1241 2673 τῆς
1273 2602 1590 2674 περιουσίας
1629 2602 1713 2656 δε-

120 2693 507 2766 λεαζομένους,
541 2693 698 2749 τοῦτο
729 2694 787 2748 δὲ
832 2694 922 2748 καὶ
949 2694 1054 2748 ὑπὸ
1079 2694 1179 2765 τῆς
1220 2695 1327 2748 τῶν
1370 2696 1571 2765 γονέων
1615 2713 1709 2749 κο-

124 2790 437 2859 σμιότητος,
465 2788 560 2842 καί¹
590 2788 725 2859 πρὸς
745 2788 837 2841 ἐπὶ
861 2786 1071 2850 τούτοις
1101 2787 1191 2840 ὑπ’
1213 2786 1383 2856 αὐτῆς
1412 2787 1511 2857 τῆς
1540 2787 1709 2858 κόρης

120 2877 221 2933 τοῦ
248 2877 476 2942 κάλλους
509 2876 927 2949 ὲξαπτομένους.
962 2876 1072 2931 Καὶ
1100 2875 1230 2946 γοῦν
1259 2877 1309 2930 οἱ
1336 2878 1512 2946 γονεῖς
1538 2876 1708 2947 ἀσμέ-

121 2987 234 3033 νως
274 2969 674 3041 προετρέποντο
715 2966 813 3039 τὴν
859 2966 985 3022 νέαν
1033 2967 1114 3030 είς
1159 2965 1357 3038 γάμον,
1390 2966 1521 3019 αὐτὸ
1551 2965 1709 3020 τοῦτο

122 3058 457 3130 ὲπείγοντες,
482 3058 559 3124 ὡς
582 3056 640 3126 ἐξ
670 3059 840 3130 αὐτῆς
862 3056 959 3129 τὴν
981 3056 1076 3111 τοῦ
1109 3057 1299 3125 γένους
1331 3056 1578 3129 διαδοχὴν
1606 3058 1704 3112 αύ-
1734 3104 1776 3163 C

119 3153 239 3214 τοῖς
265 3149 626 3221 φυλαχθῆναι.
665 3150 746 3205 Ἦ·
762 3150 821 3204 δὲ
845 3148 1076 3222 σώφρων
1110 3149 1204 3202 καὶ
1228 3150 1449 3219 γενναία
1472 3149 1551 3221 τῷ
1571 3167 1703 3222 φρο-

120 3243 346 3314 νήματι,
380 3242 611 3306 οὐδόλως
649 3242 956 3297 συνετίθετο
990 3243 1108 3307 ταῖς
1141 3243 1418 3308 τοιαύταις
1469 3243 1577 3298 τῶν
1610 3261 1706 3314 γο-

120 3332 262 3386 νέων
304 3332 688 3404 συμϐουλίαις⁸
723 3331 860 3387 ἀλλὰ
895 3333 1073 3404 γάμον
1117 3334 1391 3389 ἀκούουσα
1418 3335 1702 3405 κοσμικόν,

118 3424 302 3496 γάμον
353 3424 494 3479 θεῖον
537 3425 904 3495 ὲφαντάζετο·
958 3428 1053 3481 καὶ
1112 3427 1338 3492 πολλοὺς
1389 3428 1704 3500 μνηστῆρας

118 3516 440 3590 παρορῶσα,
479 3518 560 3582 είς
591 3518 751 3589 μόνον
792 3516 884 3573 τὸν
920 3519 1169 3590 οὐράνιον
1200 3518 1432 3590 νυμφίον
1483 3515 1595 3589 εἶχε
1643 3519 1705 3573 τὸ

118 3626 217 3664 νευ
224 3627 322 3681 μα.

192 3701 249 3757 8.
280 3703 391 3757 Kal
414 3697 484 3775 ἦν
513 3703 641 3758 ίδεῖν
668 3704 769 3775 τῆς
808 3704 1093 3777 μακαρίας
1115 3705 1324 3778 Θέκλης
1352 3702 1580 3777 γνησίαν
1610 3721 1706 3777 μα-

116 3794 372 3865 θήτριαν,
401 3795 515 3858 τοῖς
540 3794 723 3860 αὐτοῖς
752 3795 923 3866 αὐτὴν
954 3796 1228 3867 ἑπομένην
1254 3795 1563 3867 διδάγμασι.
1594 3795 1705 3849 Καὶ

113 3883 232 3956 γὰρ
263 3883 372 3938 τῶν
402 3883 495 3938 δύο
517 3879 597 3949 εἷς
625 3887 873 3959 μνηστὴρ
898 3882 965 3959 ἦν
992 3889 1021 3940 ό
1046 3888 1299 3959 Χριστὸς,
1329 3889 1423 3941 καὶ
1452 3888 1615 3951 αὐτὸς
1635 3883 1703 3959 ἦν

113 3976 231 4030 τῶν
263 3977 592 4049 ἀμφοτέρων
636 3980 1001 4049 νυμφαγωγὸς
1042 3980 1276 4043 Παῦλος·
1312 3976 1464 4050 οἶμαι
1506 3980 1562 4033 δὲ
1610 3982 1705 4034 καὶ

113 4066 212 4121 τὸν
251 4067 490 4141 θάλαμον
522 4070 716 4134 αὑταῖς
744 4072 820 4142 μὴ
866 4072 1236 4127 ἐναλλάττειν·
1266 4066 1346 4135 εἷς
1382 4073 1489 4143 γάρ
1514 4073 1703 4136 αὐταῖς

116 4161 329 4226 παστὸς
364 4164 397 4234 ή
443 4162 757 4235 Ἐκκλησία,
784 4165 879 4218 καὶ
916 4166 945 4218 ό
973 4164 1134 4228 αὐτὸς
1161 4164 1324 4218 Δαϐὶδ
1358 4164 1584 4235 μελῳδεῖ
1615 4167 1701 4218 ἐπ’

116 4254 451 4324 ἀμφοτέρων
480 4253 550 4308 τά
594 4254 771 4327 σεμνά
798 4256 893 4310 καὶ
936 4255 1054 4308 θεῖα
1086 4255 1329 4328 ᾅσματα.
1363 4256 1471 4308 Kal.
1502 4255 1611 4326 γὰρ
1646 4256 1703 4308 ὲν

115 4345 420 4418 κυμϐάλοις
455 4348 670 4419 εὐήχοις
699 4349 890 4420 τέρπει
919 4347 1018 4412 τὰς
1060 4348 1178 4419 Θεῷ
1210 4347 1565 4410 ἀνατεθείσας
1600 4346 1698 4416 ψυ-

1820 490 1963 544 i‘ama
1985 490 2221 559 majores
2254 490 2679 558 comperissent,
2714 488 3078 545 libentissime
3111 490 3275 546 isthic
3309 508 3398 547 se-

1817 582 1916 637 des
1949 587 2282 638 statuerunt.
2309 579 2429 634 Non
2457 580 2535 635 illi
2575 580 2644 636 de
2676 581 2864 650 populi
2900 579 3208 651 frequentia
3258 598 3396 654 gau~

1816 672 2040 735 debant,
2078 687 2177 726 nec
2205 670 2404 726 aedium
2435 672 2850 741 amplitudinem
2880 673 3254 741 mirabantur,
3299 675 3396 731 sed

1816 763 2062 817 unanimi
2093 762 2201 816 [ide
2243 764 2569 833 sinceraque
2602 764 2870 821 cbaritatc
2893 774 3132 835 reperta,
3184 766 3393 822 incola-

1815 855 1893 909 tui
1915 856 2147 925 patriam
2178 857 2570 926 posthabuere.

1877 946 1932 1002 5.
1974 945 2101 1000 Erat
2134 962 2301 1019 porro
2331 948 2488 1003 beata
2547 947 2858 1019 Syncletica
2920 964 3046 1003 cum
3076 964 3279 1021 genere
3330 950 3394 1005 il-

1812 1038 2026 1102 lustris,
2048 1048 2162 1094 tum
2196 1040 2322 1095 aliis
2355 1055 2477 1110 quae
2500 1040 2643 1094 inter
2664 1039 2792 1097 vita:
2817 1042 3107 1097 commoda
3166 1057 3397 1116 compu-

1810 1143 1997 1189 tantur
2052 1134 2347 1187 instructa.
2382 1130 2511 1186 Erat
2570 1133 2649 1186 illi
2691 1147 2851 1189 soror
2884 1148 2991 1188 una
3038 1148 3274 1191 concors
3330 1151 3395 1191 ac

1810 1227 2056 1298 ejusdem
2094 1226 2287 1289 animi,
2343 1231 2397 1278 et
2447 1226 2647 1280 fratres
2694 1224 2827 1293 duo,
2862 1226 2966 1296 ipsi
3023 1241 3243 1297 quoque
3285 1227 3395 1282 vita

1812 1316 2209 1373 honestissima
2271 1315 2515 1379 educati,
2548 1331 2785 1386 quorum
2817 1316 2955 1372 alter
2985 1325 3199 1374 aetatem
3228 1332 3395 1389 agens

1813 1410 2077 1480 puerilem
2125 1408 2271 1464 diem
2326 1408 2498 1472 obiit;
2557 1409 2696 1464 alter
2742 1424 2874 1464 vero
2920 1409 3014 1465 ubi
3069 1409 3391 1465 vicesimum

1812 1502 2067 1571 quintum
2113 1498 2292 1569 attigit
2352 1515 2579 1561 annum,
2616 1513 2646 1552 a
2677 1499 2999 1570 parentibus
3052 1500 3121 1556 ad
3171 1502 3395 1572 nuptias

1815 1592 2127 1647 destinatus
2154 1596 2261 1644 est.
2300 1589 2550 1659 Cumque
2571 1597 2758 1645 essent
2783 1589 2970 1645 omnia
3002 1589 3069 1645 ad
3102 1590 3156 1645 id
3189 1591 3394 1662 negotii

1816 1690 2026 1756 parata,
2054 1682 2448 1753 pactionesque
2475 1681 2543 1736 de
2589 1697 2742 1738 more
2769 1689 2958 1740 essent
3006 1680 3182 1747 factae,
3212 1685 3395 1739 evola-

1813 1776 1890 1830 vit
1916 1774 2241 1829 adolescens
2267 1780 2529 1841 tanquam
2554 1771 2672 1827 avis
2700 1787 2765 1827 ex
2785 1772 3019 1843 laqueis,
3045 1780 3102 1829 et
3135 1788 3393 1844 agonisam

1811 1873 2131 1921 terrestrem
2193 1879 2320 1919 cum
2370 1863 2651 1934 inculpato
2725 1862 3010 1935 liberoque
3072 1873 3393 1921 sanctorum

1815 1971 1960 2013 cmtu
1995 1955 2373 2012 commutavit.

1887 2047 1941 2103 6.
1982 2047 2104 2119 Ipsa
2139 2061 2305 2117 porro
2333 2045 2463 2100 dum
2514 2046 2761 2114 paternis
2795 2045 2975 2101 adhuc
3022 2046 3167 2102 ulnis
3220 2045 3393 2102 haere-

1812 2148 1919 2206 ret,
1941 2139 2056 2209 jam
2089 2138 2329 2210 primum
2359 2139 2604 2192 animum
2644 2137 2935 2193 exercebat
2966 2138 3022 2192 in
3052 2153 3238 2194 amore
3262 2137 3390 2205 Dei,

1812 2247 1916 2286 nec
1940 2240 2148 2285 tantam
2199 2228 2450 2300 corporis
2482 2243 2695 2295 curam,
2730 2236 2991 2300 quantam
3015 2229 3186 2286 animi
3234 2231 3395 2285 moti-

1812 2324 1918 2380 bus
1951 2323 2313 2380 observandis
2346 2321 2774 2379 sollicitudinem
2810 2321 3071 2392 ponebat.

1887 2417 1938 2471 7.
1965 2414 2093 2470 Erat
2118 2429 2355 2485 namque
2409 2413 2586 2469 forma
2645 2413 2895 2484 corporis
2945 2412 3389 2485 elegantissima;

1814 2509 1953 2565 adeo
1980 2520 2041 2564 ut.
2072 2507 2176 2565 sub
2206 2507 2437 2578 primam
2493 2506 2917 2561 adolescentiam
2974 2505 3132 2559 multi
3162 2505 3229 2559 ad
3270 2521 3391 2562 eam

1814 2599 2141 2655 accederent
2170 2598 2347 2669 proci,
2377 2599 2573 2669 partim
2611 2597 2831 2668 opibus,
2872 2597 3070 2666 partim
3102 2605 3395 2666 parentum

1812 2689 2082 2759 dignitate
2112 2688 2367 2759 permoti,
2392 2687 2459 2741 ad
2492 2687 2608 2740 haec
2636 2684 2829 2757 puella;-
2865 2687 3267 2756 pulchritudine
3298 2702 3391 2741 ac-

1811 2783 1983 2839 censi.
2021 2781 2131 2852 lpsi
2159 2794 2381 2850 quoque
2408 2787 2669 2850 parentes
2699 2778 2917 2848 placide
2945 2779 3298 2848 juvenculam
3321 2779 3390 2834 ad

1814 2876 2036 2947 nuptias
2088 2872 2497 2928 hortabantur:
2534 2885 2598 2927 ea
2640 2879 2822 2926 mente
2882 2872 3174 2935 instantes,
3228 2880 3294 2925 ιι
3322 2886 3393 2928 cz

1813 2969 1905 3023 illa
1932 2967 2038 3023 sibi
2066 2965 2293 3039 generis
2344 2965 2625 3021 successio
2681 2971 3022 3034 superesset.
3064 2963 3132 3017 At
3160 2963 3252 3017 illa
3288 2979 3391 3034 pu-

1813 3061 1938 3116 dica
1966 3065 2020 3115 et
2049 3058 2233 3113 animo
2271 3071 2559 3127 generosa,
2610 3056 2924 3111 nullatenus
2975 3053 3247 3125 ejusmodi
3291 3068 3389 3125 pa-

1811 3158 2027 3208 rentum
2059 3149 2308 3205 consiliis
2349 3147 2796 3219 obtemperabat;
2861 3146 3111 3218 quinimo
3184 3145 3388 3202 auditis

1810 3241 2106 3299 mundanis
2131 3239 2362 3311 nuptiis,
2396 3239 2614 3294 divinas
2634 3237 2910 3309 cogitabat
2942 3257 2954 3292 :
2991 3252 3056 3293 ac
3085 3237 3288 3294 multos
3316 3238 3388 3292 il-

1810 3337 1894 3391 los
1918 3335 2228 3404 despiciens
2261 3348 2479 3404 procos,
2514 3335 2566 3387 in
2607 3348 2773 3387 unum
2807 3331 3091 3387 ctelestem
3122 3343 3388 3402 sponsum

1811 3437 1950 3486 nutu
1988 3436 2043 3485 et
2079 3429 2265 3483 animo
2296 3427 2690 3499 propendebat.

1878 3699 1930 3754 8.
1968 3697 2169 3755 Videre
2205 3705 2324 3753 erat
2353 3696 2528 3752 beata
2547 3694 2762 3751 Thecla:
2788 3708 3103 3766 germanam
3135 3691 3383 3762 discipu—

1807 3789 1937 3851 lam,
1970 3788 2159 3843 eadem
2192 3802 2356 3858 quam
2384 3786 2474 3840 illa
2502 3785 2834 3840 documenta
2884 3789 3228 3851 sequentem.
3254 3781 3386 3834 Am-

1807 3881 1999 3934 barum
2023 3895 2262 3950 namque
2296 3892 2441 3933 unus
2474 3876 2757 3948 pronubas
2786 3881 2906 3930 erat
2936 3873 3216 3938 Christus,
3239 3871 3384 3926 idem

1806 3972 2090 4025 ambarum
2123 3969 2533 4041 paranymphus
2564 3968 2768 4022 Paulus
2800 3967 2972 4038 :quin
2996 3965 3385 4022 earumthala-

1806 4079 1956 4116 mum
1983 4062 2120 4117 nihil
2151 4063 2435 4118 diversum
2468 4061 2706 4116 arbitror
2738 4079 2750 4114 :
2784 4059 2853 4114 iis
2897 4060 3043 4114 enim
3076 4059 3385 4113 communis

1806 4161 1961 4209 torus
2002 4153 2271 4210 Ecclesia.
2306 4152 2543 4224 Ipseque
2593 4149 2760 4206 David
2796 4148 2866 4205 de
2907 4158 3164 4219 utraque,
3195 4150 3385 4219 gravia

1805 4245 2102 4317 divinaque
2129 4247 2343 4301 cantica
2383 4244 2718 4299 modulatur.
2762 4241 2823 4297 ln
2851 4241 3119 4311 cymbalis
3150 4257 3386 4311 namque

1807 4338 1946 4393 bene
1984 4336 2314 4394 sonantibus
2343 4335 2581 4391 oblectat
2617 4334 2832 4389 animas
2859 4331 2968 4388 Deo
3003 4341 3382 4396 consecratas,

113 4437 243 4509 χάς,
272 4439 367 4493 καὶ
394 4438 452 4492 ἐν
480 4439 782 4512 τυμπάνοις
816 4438 910 4493 καὶ
934 4439 993 4492 ἐν
1016 4438 1359 4510 δεκαχόρδοις
1381 4438 1699 4509 ψαλτηρίοις

1814 4438 1857 4482 et
1883 4429 1937 4482 in
1978 4428 2255 4500 tympanis
2300 4442 2365 4483 ac
2391 4425 2755 4481 decachordis
2787 4423 3068 4495 psalteriis
3100 4423 3385 4494 perfectis-

110 4530 219 4600 τὴν
267 4529 606 4601 τελειοτάτην
646 4530 791 4603 ᾠδὴν
837 4531 1171 4602 ἀναπέμπει.
1205 4530 1441 4603 Μαριὰμ
1481 4530 1539 4584 δὲ
1585 4532 1701 4595 τοῖς

114 4622 287 4693 ἱεροῖς
337 4621 548 4687 τούτοις
590 4623 790 4694 γάμοις
834 4623 933 4686 τάς
972 4622 1294 4694 χορευτρίας
1344 4621 1576 4691 εἰσάγει,
1607 4622 1696 4674 λέ-

111 4728 320 4781 γουσαι
351 4713 624 4783 ’ᾼσωμεν
665 4711 746 4779 τῷ
786 4712 1011 4780 Κυρίῳο
1056 4710 1318 4776 ἐνδόξως
1365 4710 1476 4781 γὰρ
1525 4708 1693 4763 δεδό-

109 4807 355 4871 ξασται.
387 4806 497 4861 Καὶ
521 4806 589 4861 τά
621 4805 728 4876 ὖψα
759 4804 817 4858 δὲ
840 4805 935 4858 τοῦ
969 4804 1115 4858 θείου
1150 4804 1369 4859 δείπνου
1403 4802 1558 4857 κοινὰ
1584 4804 1698 4865 τοῖς

108 4899 495 4969 ἑστιωμένοις*
537 4898 854 4953 Γεύσασθε
894 4895 1024 4970 γάρ,
1072 4896 1172 4952 καὶ
1213 4895 1390 4963 ἴδετε,
1435 4895 1525 4949 ὅτι
1557 4912 1701 4964 χρη-

107 4983 265 5051 στὸς
289 4989 321 5039 ό
347 4987 579 5055 Κύριος.
614 4986 723 5039 Καὶ
765 4987 798 5058 ἡ
826 4985 935 5040 τῶν
980 4984 1266 5057 νυμφικῶν
1297 4984 1355 5039 δὲ
1384 4986 1574 5048 αὐταῖς
1605 5002 1699 5037 πε-

110 5078 469 5150 ριϐλημάτων
519 5081 616 5151 μία
648 5097 731 5145 τις
780 5081 924 5152 ὑφή⁸
956 5082 1129 5135 Ὅσοι
1173 5079 1284 5150 γὰρ
1323 5082 1410 5144 εὶς
1442 5080 1702 5148 Χριστὸν

106 5169 588 5238 ἐϐαπτίσθησαν,
626 5172 887 5241 Χριστὸν
935 5172 1319 5227 ἐνεδύσαντο.
1366 5172 1697 5243 Ὀμότροπος

104 5255 208 5313 οὖν
241 5260 433 5326 αὐταῖς
457 5258 525 5334 ἦν
548 5265 582 5334 ἡ
613 5265 749 5337 πρὸς
776 5263 980 5336 Κύριον
1002 5263 1187 5336 ἀγάπη
1214 5283 1227 5295 ο
1258 5265 1368 5318 τῶν
1386 5263 1494 5334 γάρ
1518 5261 1697 5316 αὐτῶν

104 5349 362 5423 ἠξιοῦντο
394 5354 613 5426 δωρεῶν
630 5373 645 5387 θ
674 5355 810 5410 ἀλλὰ
835 5355 1063 5420 καὶτοῖς
1089 5358 1272 5420 αὐτοῖς
1305 5354 1511 5425 ἀγῶσιν
1529 5354 1693 5427 ἡμιλ-

102 5443 304 5497 λῶντο.
320 5444 401 5499 Τὰ
421 5446 639 5519 μὲνγὰρ
652 5447 755 5519 τῆς
772 5448 1046 5520 μακαρίας
1067 5448 1278 5518 Θέκλης
1293 5448 1472 5502 οὐδενὶ⁸
1489 5447 1689 5518 ἠγνόη-

106 5551 204 5586 ται
242 5535 539 5607 μαρτύρια,
575 5537 652 5602 ὡς
674 5536 761 5591 διά
803 5538 975 5611 πυρὸς
1015 5540 1109 5592 καὶ
1132 5537 1338 5611 θηρίων
1381 5538 1689 5592 ἀτιθάσσων

1802 4521 2006 4576 simum
2055 4520 2263 4575 occinit
2296 4533 2543 4575 carmen.
2610 4516 2782 4572 Maria
2826 4530 2959 4572 vero
3000 4515 3178 4571 sacris
3236 4515 3387 4571 hisce

1802 4621 2009 4692 nuptiis
2042 4621 2275 4676 choreas
2312 4618 2521 4673 inducit
2559 4616 2860 4672 dicentium
2901 4634 2912 4668 :
2947 4612 3233 4670 Cantemus
3274 4611 3385 4665 Do-

1805 4714 1986 4777 mino;
2032 4713 2261 4784 gloriose
2303 4712 2444 4766 enim
2501 4709 2876 4779 magniﬁcatus
2932 4717 3010 4761 est
3038 4705 3107 4761 ⁵⁸.
3154 4704 3383 4759 Fercula

1805 4819 2022 4875 quoque
2061 4803 2259 4857 divinas
2313 4816 2506 4866 edente,
2569 4798 2883 4855 communia
2943 4794 3296 4866 epulantibus
3366 4813 3379 4848 :

1805 4894 2026 4950 Gustata
2055 4895 2226 4957 enim,
2260 4891 2461 4963 inquit,
2513 4900 2563 4945 et
2596 4890 2764 4945 videte
2803 4889 3054 4959 quoniam
3100 4886 3277 4940 suavis
3304 4894 3381 4939 est

1804 4986 2062 5042 Dominus
2094 4985 2161 5036 ⁵⁷.
2208 4983 2480 5039 Praeterea
2528 4980 2867 5052 sponsalith
2932 4977 3380 5031 indumentorum

1799 5094 1909 5135 una
1938 5079 2158 5148 utrique
2191 5085 2406 5132 textura
2436 5083 2555 5130 erat
2583 5094 2594 5128 :
2623 5072 2929 5141 Quicunque
2951 5071 3089 5123 enim
3122 5068 3173 5121 in
3221 5066 3379 5121 Chri-

1797 5179 1879 5223 sto
1911 5169 2171 5238 baptismi
2196 5175 2340 5233 sunt,
2374 5165 2647 5219 Christum
2685 5160 2971 5215 induerunt
3008 5160 3073 5211 ⁵⁸.
3111 5156 3216 5211 Par
3250 5156 3379 5211 item

1796 5262 1907 5317 illis
1933 5277 2061 5332 erga
2087 5260 2379 5314 Dominum
2407 5257 2675 5319 charitas,
2710 5255 2917 5310 eisdem
2948 5253 3149 5324 quippe
3190 5265 3380 5305 mune-

1797 5353 1954 5409 ribus
1988 5362 2198 5407 ornatae
2228 5357 2386 5407 erant
2419 5370 2431 5404 :
2460 5350 2570 5404 imo
2599 5349 2763 5402 etiam
2812 5345 3003 5401 iisdem
3066 5343 3382 5399 certamini-

1798 5444 1901 5501 bus
1929 5443 2351 5500 contendebant.
2385 5441 2448 5496 Et
2476 5440 2699 5509 quidem
2726 5439 2897 5493 beata:
2927 5436 3144 5492 Thecla:
3174 5432 3380 5488 nemini

1797 5537 2043 5608 ignotum
2076 5535 2405 5606 martyrium
2425 5542 2478 5589 et
2504 5532 2805 5598 cruciatus,
2835 5528 2983 5602 quod
3042 5543 3139 5601 per
3196 5527 3377 5597 ignem

185 5693 234 5726 ⁸⁸
272 5694 441 5749 Exod.
479 5711 569 5762 xv,
605 5695 658 5750 ‘l.
733 5694 778 5727 ⁵⁷
817 5693 962 5751 Psal.
1000 5711 1209 5764 xxxni,
1245 5694 1298 5750 9.
1384 5696 1428 5729 ⁵⁸
1468 5692 1643 5749 Galat.
1684 5707 1777 5757 ιιι,
1813 5692 1901 5745 27.
