3852 6206
450 271 582 326 1891

1575 271 1633 329 S.
1678 271 2142 334 ATHANASIIIS.
2182 307 2252 316 —
2292 274 2541 332 SPURIA

3565 279 3686 335 {£99.

452 389 703 456 ferasque
725 385 1019 442 indomitas
1043 385 1398 442 decertaverit
1427 407 1440 441 :
1488 405 1588 444 nec
1611 391 1772 460 hujus
1795 408 2015 461 quoque

2132 395 2285 466 κύτὴν
2329 395 2712 467 ὲνηθληκέναι·
2746 397 2838 449 καὶ
2879 397 3082 469 ταύτης
3119 399 3246 462 τοὺς
3286 401 3575 468 ἐναρετους
3607 403 3696 452 πύ-

451 481 668 534 virtutis
691 493 856 534 causa
882 486 1168 548 susceptos
1199 479 1414 534 labores
1437 481 1796 552 sudoresque,
1837 484 2021 538 multis

452 574 620 627 latere
653 572 928 627 existimo.
961 572 1098 626 Cum
1117 573 1264 628 enim
1291 589 1435 628 unus
1457 575 1537 628 eis
1572 573 1823 630 Salvator
1853 584 2019 640 esset,

450 667 612 734 cujus
638 664 910 720 desiderio
941 664 1262 736 flagrabant,
1305 668 1618 722 necessario
1649 683 1790 723 unus
1807 684 2024 737 quoque

453 759 559 812 illis
583 765 702 811 erat
727 758 1077 813 adversarius
1110 759 1380 814 diabolus.
1417 763 1496 815 Ac
1533 761 1753 830 quidem
1793 762 1848 814 in
1881 759 2025 814 The-

451 851 534 906 cla
566 851 811 904 mitiores
839 851 1001 921 617
1036 849 1209 905 fuisse
1253 852 1469 906 labores
1520 853 1801 908 existimo.
1839 855 2024 924 Expu-

452 951 612 1012 gnata
663 943 864 1012 quippe
907 941 1010 996 fuit
1068 943 1277 996 inimici
1326 944 1552 1005 malitia,
1599 960 1696 1014 per
1749 947 2024 1000 exteriora

453 1049 576 1088 cum
611 1045 674 1087 ea
729 1033 1011 1104 congressi
1042 1050 1054 1085 :
1085 1033 1174 1087 hic
1195 1049 1325 1089 vero
1376 1036 1709 1091 acerbiorem
1761 1032 2025 1105 prodebat

453 1124 741 1188 malitiam,
767 1123 1032 1178 interiore
1062 1140 1248 1195 pugna
1272 1142 1369 1196 per
1424 1127 1688 1183 exitiosas
1735 1129 2024 1199 cogitatio-

452 1232 549 1274 nes
577 1231 929 1287 congressus.

521 1310 575 1364 9.
606 1307 724 1363 Non
767 1307 1056 1364 fascinavit
1085 1309 1274 1366 oculos
1305 1311 1424 1380 ejus
1452 1311 1706 1380 pretiosa:
1722 1311 2023 1367 vestistex-

451 1410 594 1464 tura,
649 1415 825 1470 neque
869 1415 1205 1470 gemmarum
1241 1403 1378 1456 varii
1420 1403 1674 1458 colores:
1709 1417 1820 1457 non
1861 1418 2022 1459 aures

451 1495 570 1562 ejus
592 1493 894 1561 cymbalum
926 1493 1160 1562 decepit,
1192 1509 1369 1562 neque
1401 1495 1534 1548 tibia
1568 1495 1739 1548 animi
1777 1495 2020 1565 vigorem

454 1585 666 1640 solvere
696 1585 872 1655 potuit
905 1604 917 1638 :
946 1599 1055 1638 non
1085 1595 1371 1655 parentum
1405 1586 1804 1657 lacrymaa,non
1823 1603 2023 1657 cogna-

452 1685 632 1730 torum
666 1677 873 1746 quaevis
918 1675 1231 1729 cohortatio
1269 1675 1388 1744 ejus
1435 1676 1700 1730 emollivit
1744 1677 2019 1742 animum;

453 1766 545 1821 sed
577 1766 926 1819 adamantina
954 1776 1132 1821 mente
1163 1766 1814 1838 instructa,nequaquam
1838 1769 2020 1822 animo

454 1856 628 1911 fracta
671 1863 757 1911 est
789 1876 802 1908 :
835 1865 1173 1928 cunctosque
1224 1873 1422 1914 sensus
1469 1873 1620 1923 suos,
1669 1860 1825 1928 quasi
1873 1857 2024 1914 fene—

455 1959 598 2003 stras
618 1949 931 2014 occludens,
964 1965 1086 2004 cum
1129 1950 1346 2018 Sponso
1369 1965 1469 2005 suo
1491 1951 1719 2006 seorsim
1747 1952 2024 2020 colloque-

452 2040 635 2102 ‘mtur,
669 2043 753 2096 his
778 2041 1075 2110 Scriptura:
1117 2042 1296 2096 verbis
1327 2058 1426 2096 usa
1462 2061 1474 2096 :
1508 2042 1620 2113 Ego
1648 2043 1840 2096 dilectu
1886 2058 2022 2106 meo,

453 2144 502 2187 et
519 2133 739 2188 dilectus
760 2151 903 2189 meus
924 2135 1047 2187 mihi
1064 2135 1130 2187 '9.
1148 2135 1215 2188 At
1240 2135 1332 2189 ubi
1354 2134 1582 2190 fumosa:
1606 2137 2025 2206 tenebrosaque

453 2224 924 2281 confabulationes
949 2226 1335 2292 occurrebant,
1362 2241 1454 2281 eas
1490 2226 1818 2298 refugiebat,
1851 2228 1918 2282 ad
1942 2229 2026 2282 in-

452 2325 607 2372 terna
646 2318 813 2372 animi
841 2319 1094 2373 cubicula
1141 2333 1263 2372 sese
1301 2319 1597 2388 recipiens.
1628 2318 1732 2374 Ubi
1775 2334 1907 2374 vero
1944 2319 2026 2372 lu-

453 2409 590 2465 cida:
654 2409 1059 2480 fructuosaeque
1125 2410 1537 2467 adhortationes
1615 2413 2024 2482 comparebant,

452 2509 622 2556 totam
665 2502 939 2572 pandebat
986 2508 1248 2568 mentem,
1293 2510 1353 2556 ut
1411 2502 1593 2556 oblata
1640 2504 1806 2557 verba
1847 2503 2026 2558 susei-

452 2600 625 2661 peret.

525 2772 611 2826 i0.
648 2768 833 2841 Neque
887 2787 1013 2826 vero
1071 2772 1378 2843 negligebat
1427 2773 1720 2828 salutarem
1777 2773 2026 2843 corporis

455 2863 753 2929 medelam;
789 2878 914 2917 nam
953 2864 1028 2918 ita
1057 2863 1248 2933 jejunii
1285 2879 1477 2921 amans
1517 2873 1654 2932 erat,
1689 2873 1746 2920 ut
1786 2882 1854 2921 ex
1885 2881 2026 2934 pra:-

453 2955 702 3010 sentibus
729 2955 864 3009 nihil
899 2956 1002 3026 ipsi
1046 2972 1145 3027 par
1173 2964 1340 3013 esset.
1371 2958 1511 3012 Illud
1551 2974 1745 3029 nempe
1787 2975 1886 3029 pro
1932 2975 2027 3014 cu-

2125 505 2247 551 νους
2273 506 2332 541 τε
2384 489 2476 542 καὶ
2510 488 2737 560 ἱδρῶτας
2779 485 2931 559 οἶμαι
2971 491 3098 552 τοὺς
3140 490 3370 552 πολλοὺς
3400 491 3476 561 μὴ
3514 490 3702 543 λανθά·

2124 598 2256 636 νειν.
2287 582 2350 634 Εἰ
2374 581 2479 652 γάρ
2504 576 2582 644 εἷς
2609 581 2796 652 Σωτὴρ
2820 577 2886 650 ἦν
2910 581 3098 644 αὑταῖς
3114 584 3142 634 ὁ
3171 580 3525 651 ποθούμενος,
3549 583 3703 647 ἀναγο

2125 675 2292 739 καίως
2325 676 2417 728 καὶ
2447 669 2526 738 εἷς
2578 675 2770 737 αὐταῖς
2800 677 2829 727 ὁ
2873 674 3344 744 ἀντιτασσόμενος.
3374 675 3488 727 Καὶ
3513 677 3580 744 τῇ
3609 677 3705 744 μὲν

2124 767 2300 838 Θέκλῃ
2352 767 2691 837 πραῡτέρους
2731 765 3096 836 ὑπολαμϐάνω
3131 767 3256 828 τοὺς
3296 767 3530 829 πόνους·
3573 768 3704 819 καθ-

2123 860 2295 932 ῄρητο
2321 859 2430 931 γάρ
2467 861 2500 930 ἡ
2528 859 2622 912 τοῦ
2656 858 2850 928 ἐχθροῦ
2893 858 3080 918 κακία,
3109 857 3196 910 διὰ
3227 857 3336 910 τῶν
3369 859 3529 921 ἐκτὸς
3569 860 3704 928 αὐτῇ

2125 951 2614 1024 προσομιλοῦντοςο
2645 950 2879 1004 ἐνταῦθα
2918 950 2974 1002 δὲ
3011 950 3342 1020 δριμυτέραν
3370 949 3570 1002 ἑαυτοῦ
3610 952 3707 1019 τὴν

2125 1045 2324 1098 κακίαν
2352 1043 2741 1105 ἐπιδείκνυται,
2788 1044 2852 1095 ὲκ
2875 1042 2984 1095 τῶν
3023 1042 3167 1094 ἔνδον
3195 1041 3282 1094 διά
3312 1041 3421 1093 τῶν
3449 1042 3709 1094 ἐναντίων

2126 1137 2219 1191 καὶ
2246 1135 2502 1207 ὀλεθρίων
2537 1133 2728 1187 ἑαυτοῦ
2751 1132 3025 1202 λογισμῶν
3048 1131 3382 1202 κινούμενος.

2193 1317 2244 1372 9.
2275 1316 2389 1369 Οὐκ
2431 1315 2754 1386 ὲγοήτευσεν
2785 1312 2954 1382 αὐτῆς
2985 1313 3045 1364 τὸ
3086 1313 3238 1382 δμμα
3271 1311 3522 1380 ποικίλης
3548 1310 3713 1380 ἐσθῆ-

2124 1422 2214 1468 τος
2251 1405 2380 1474 ὑφή,
2427 1404 2544 1457 οὐδὲ
2588 1403 2750 1456 λίθων
2790 1401 3093 1454 πολυτελῶν
3131 1402 3362 1472 διάφορα
3395 1401 3672 1472 χρώματα
3695 1419 3709 1431 ·

2123 1498 2223 1550 ούκ
2251 1497 2530 1567 ἠπάτησεν
2558 1497 2730 1566 αὐτῆς
2755 1496 2854 1566 τὴν
2884 1494 3052 1563 ἀκοὴν
3081 1494 3379 1563 κύμϐαλον,
3408 1495 3517 1547 οὐδ’
3551 1495 3715 1557 αὐλὸς

2123 1588 2370 1643 διαλῦσαι
2405 1587 2685 1656 δεδύνηται
2719 1587 2809 1640 τὸν
2840 1587 2941 1655 τῆς
2968 1585 3144 1656 ψυχῆς
3174 1586 3347 1654 αὐτῆς
3383 1586 3558 1640 τόνον.
3601 1588 3716 1640 Οὐκ

2126 1677 2393 1749 ἐμάλαξεν
2425 1677 2594 1748 αὐτὴν
2622 1676 2825 1744 γονέων
2857 1676 3089 1746 δάκρυα,
3115 1676 3235 1728 οὐδὲ
3265 1676 3427 1746 ἑτέρα
3464 1693 3553 1739 τις
3586 1694 3716 1745 συγ-

2122 1767 2295 1838 γενῶν
2330 1768 2647 1839 παραίνεσις
2675 1785 2686 1796 ·
2715 1766 2828 1819 ἀλλ’
2871 1766 3058 1836 ῶσπερ
3105 1765 3384 1836 ἀδάμαντα
3428 1766 3520 1818 τὸν
3570 1766 3718 1833 λογι-

2125 1858 2260 1929 σμὸν
2303 1859 2520 1930 ἔχουσα,
2563 1859 2624 1910 ού
2660 1859 2984 1930 παρετράπη
3029 1857 3118 1910 τὸν
3161 1857 3283 1910 νοῦν
3312 1875 3325 1886 ’
3375 1858 3472 1909 καὶ
3522 1857 3716 1926 ῶσπερ

2124 1951 2344 2022 θυρίδας
2395 1951 2493 2014 τὰς
2534 1951 2713 2014 πάσας
2757 1950 3039 2020 αἰσθήσεις
3087 1949 3255 2019 αὐτῆς
3306 1948 3713 2011 ἀποκλείουσα,

2124 2044 2202 2114 τῷ
2245 2045 2443 2114 ἑαυτῆς
2475 2045 2693 2114 νυμφίῳ
2735 2042 3049 2112 καταμόνας
3092 2041 3446 2113 προσωμίλει,
3476 2041 3539 2094 τὸ
3580 2061 3716 2112 γρα-

2126 2137 2284 2206 φικὸν
2317 2137 2493 2190 ἐκεῖνο
2533 2137 2767 2205 λέγουσα
2792 2152 2807 2166 ·
2856 2136 2950 2200 Ὠς
2979 2134 3093 2204 ἐγὼ
3119 2133 3198 2199 τῷ
3240 2133 3543 2203 ἀδελφιδῷ
3570 2153 3715 2203 μου,

2127 2230 2224 2283 καὶ
2260 2233 2292 2284 ὀ
2335 2229 2660 2297 ἀδελφιδός
2693 2247 2813 2297 μου
2854 2228 3004 2297 ἐμοί.
3040 2226 3144 2280 Καὶ
3184 2229 3232 2279 εὶ
3277 2227 3375 2296 μὲν
3407 2227 3715 2289 καπνώδεις

2127 2323 2221 2375 καὶ
2267 2321 2536 2375 σκοτειναὶ
2576 2321 2784 2391 ὁμιλίαι
2833 2320 3109 2391 παρῆσαν,
3154 2319 3356 2381 ταύτας
3399 2319 3710 2388 ἀπέφευγε,

2126 2417 2238 2478 τοῖς
2285 2413 2430 2467 ένδον
2472 2413 2718 2485 ταμείοις
2760 2413 2860 2482 τῆς
2898 2412 3076 2482 ψυχῆς
3117 2412 3312 2481 ἑαυτὴν
3363 2411 3709 2479 συνάγουσα·

2125 2508 2257 2562 ὅπου
2283 2507 2340 2559 δὲ
2375 2506 2634 2576 φωτειναὶ
2657 2505 2752 2558 καὶ
2776 2503 3072 2572 ὲπωφελεῖς
3099 2501 3455 2572 παραινέσεις
3479 2499 3711 2570 ἐτύγχαο

2127 2616 2234 2662 νον,
2278 2601 2456 2650 πᾶσαν
2485 2596 2684 2665 ἑαυτῆς
2712 2595 2810 2666 τὴν
2840 2595 3075 2648 διάνοιαν
3119 2593 3288 2645 ἔτεινε
3336 2591 3472 2662 πρὸς
3516 2591 3707 2644 ὑποδο-

2129 2689 2226 2762 χὴν
2253 2688 2359 2742 τῶν
2392 2687 2718 2758 λεγομένων.

2202 2782 2288 2834 10.
2325 2781 2437 2833 υύκ
2474 2779 2665 2850 ἡμέλει
2705 2778 2762 2830 δὲ
2801 2777 2895 2831 καὶ
2935 2775 3031 2829 τοῦ
3061 2775 3202 2830 κατά
3233 2775 3293 2827 τὸ
3336 2773 3494 2844 σῶμα
3536 2788 3705 2844 σωτη-

2132 2871 2247 2945 ρίου
2289 2871 2578 2943 φαρμάκου
2597 2886 2609 2899 '
2638 2871 2738 2937 τήν
2765 2885 2823 2920 τε
2847 2867 2956 2938 γὰρ
2982 2867 3237 2936 νηστείαν
3266 2865 3438 2928 οὕτως
3477 2861 3594 2935 εἶχε
3621 2865 3706 2932 φί-

2130 2964 2248 3036 λην,
2281 2964 2355 3026 ὼς
2389 2961 2593 3033 μηδένα
2620 2960 2756 3030 αὐτῇ
2787 2957 2895 3010 τῶν
2939 2957 3222 3028 παρόντων
3253 2956 3366 3009 ἴσον
3400 2956 3705 3024 τυγχάνειν.

453 3048 631 3102 stodia
685 3047 941 3112 habebat,
1006 3056 1060 3104 et
1125 3065 1224 3120 pro
1283 3049 1640 3107 fundamento
1707 3060 2023 3107 cancrorum

2132 3054 2378 3125 Φυλακὴν
2405 3053 2511 3125 γὰρ
2542 3053 2634 3106 καὶ
2661 3050 2908 3121 θεμέλιον
2931 3047 3134 3119 ταύτην
3162 3046 3480 3118 ἡγεῖτο⁶τῶν
3509 3045 3704 3100 ἀλλων.

453 3139 716 3195 omnium.
750 3142 827 3196 Ac
867 3141 913 3196 si
961 3142 1183 3212 quando
1225 3144 1556 3198 necessitate
1595 3152 1824 3213 cogente
1869 3152 2026 3199 extra

455 3240 772 3287 consuetam
806 3233 996 3286 horam
1031 3233 1235 3302 aliquid
1277 3233 1518 3286 alimenti
1552 3244 1813 3298 sumeret,
1869 3250 2026 3290 secus

455 3323 533 3376 illi
587 3338 652 3377 ac
699 3324 1114 3379 comedentibus
1165 3325 1448 3379 accidebat
1490 3343 1503 3379 :
1541 3325 1776 3394 pallebat
1829 3329 2028 3396 quippe

456 3415 660 3477 vultus,
698 3415 1058 3485 corporisque
1091 3416 1262 3470 moles
1310 3417 1681 3472 minuebatur.
1725 3417 1856 3470 Nam
1906 3433 2026 3471 mo-

455 3513 617 3562 vente
646 3509 994 3571 contristato,
1035 3522 1142 3560 una
1189 3508 1506 3562 immutatur
1531 3517 1584 3564 et
1627 3509 1929 3579 languescit
1976 3510 2028 3564 id

457 3601 605 3670 quod
635 3609 922 3667 movetur;
952 3601 1196 3671 quolibet
1229 3601 1372 3656 enim
1399 3602 1561 3655 modo
1590 3602 1918 3672 principium
1948 3603 2028 3656 af-

458 3691 660 3746 fectum
687 3692 870 3756 fuerit,
907 3706 1029 3762 qua:
1053 3708 1115 3746 ex
1144 3691 1236 3746 illo
1257 3693 1491 3762 pendent
1523 3694 1637 3762 pari
1664 3692 1873 3748 ratione
1902 3695 2030 3747 sub-

462 3791 782 3853 sequuntur.
836 3781 1046 3848 Quibus
1091 3798 1325 3851 namque
1367 3783 1583 3838 oblatus
1652 3783 1808 3838 cibus
1873 3785 2027 3837 volu-

463 3874 597 3944 ptati
628 3882 733 3937 est,
766 3875 832 3928 iis
858 3883 1079 3943 vegetus
1111 3875 1357 3944 corporis
1390 3875 1608 3930 habitus
1635 3885 1753 3930 est:
1782 3875 1874 3944 qui
1899 3892 2030 3929 eon-

464 3978 546 4020 tra
577 3965 778 4029 affecti,
809 3965 876 4019 iis
923 3980 1052 4019 caro
1095 3965 1267 4020 macie
1313 3966 1563 4020 confecta
1605 3973 1659 4020 et
1703 3967 1884 4021 tenuis
1922 3974 2025 4020 est.

459 4055 590 4110 Mihi
651 4055 893 4125 loquenti
943 4055 1101 4110 fidem
1166 4055 1373 4110 faciunt
1419 4056 1639 4112 infirmi.
1690 4057 1816 4113 llaec
1864 4059 2030 4129 igitur

459 4149 617 4204 beata
658 4147 824 4218 Virgo
858 4163 981 4202 cum
1027 4149 1316 4218 elanguido
1354 4165 1476 4204 esse
1527 4165 1754 4219 corpore
1790 4159 2028 4216 curaret,

458 4241 654 4294 anima:
681 4241 920 4310 vigorem
950 4240 1295 4309 praeferebat,
1316 4239 1478 4310 idque
1499 4242 1652 4308 juxta
1674 4243 1917 4311 Apostoli
1942 4242 2028 4295 di-

457 4336 604 4382 ctum
637 4349 648 4382 :
678 4330 890 4395 Quanto
923 4331 967 4385 is
998 4333 1088 4399 qui
1123 4331 1255 4400 foris
1287 4343 1361 4384 est
1395 4342 1573 4385 uoster
1603 4333 1756 4386 homo
1789 4351 2028 4387 corrum-

454 4423 621 4490 pitur,
653 4431 802 4476 tanto
835 4424 877 4476 is
919 4423 1008 4492 qui
1041 4423 1180 4476 intus
1211 4434 1310 4487 est,
1348 4434 1626 4477 renovatur
1647 4426 1712 4477 ⁸ο.
1751 4424 1826 4478 lta
1857 4426 2025 4495 igitur

453 4511 724 4580 ejusmodi
759 4520 1037 4567 certamen
1085 4513 1254 4566 inibat
1285 4523 1341 4568 ut
1383 4515 1528 4584 vulgi
1559 4517 1736 4572 oculis
1777 4518 1985 4572 lateret.

526 4603 614 4658 Η.
653 4602 946 4674 Postquam
973 4620 1101 4660 vero
1119 4613 1369 4674 parentes
1394 4606 1514 4675 ejus
1531 4608 1689 4662 finem
1716 4608 1929 4664 vivendi
1950 4607 2028 4664 fe-

452 4704 665 4764 cerant,
684 4697 892 4766 majore
929 4697 1021 4753 Dei
1055 4699 1293 4768 impulsu
1331 4709 1598 4769 permota,
1639 4718 1792 4756 suam
1835 4719 2022 4758 secum

454 4789 622 4844 sumit
643 4802 908 4854 sororem,
932 4805 1053 4860 quae
1081 4799 1197 4845 erat
1222 4806 1418 4860 expers
1447 4795 1727 4848 oculorum
1754 4811 1900 4850 usu.:
1935 4811 2024 4850 re-

453 4882 690 4951 lictaque
727 4889 950 4950 paterna
994 4884 1156 4938 domo
1185 4883 1239 4937 in
1290 4886 1682 4955 consanguinei
1735 4885 2022 4955 cujusdam

452 4981 863 5029 monumentum
895 4973 1197 5044 ingreditur
1226 4977 1294 5030 ab
1318 4977 1449 5030 urbe
1474 4986 1761 5042 remotum,
1787 4992 2024 5046 cumque
2073 4988 2082 4997 '

453 5065 554 5119 sibi
596 5066 786 5120 relicta
816 5067 981 5130 bona,
1013 5067 1229 5120 vendita
1268 5069 1600 5138 pauperibus
1625 5069 2019 5130 distribuisset,

452 5156 626 5210 accito
649 5154 885 5226 quodam
911 5159 1250 5228 presbytero,
1267 5175 1474 5213 comam
1499 5161 1600 5214 sibi
1628 5163 1821 5230 capitis
1841 5169 2024 5216 toton-

451 5245 549 5298 dit.
604 5245 759 5302 Tune
821 5257 1076 5303 ornatum
1123 5266 1338 5305 omnem
1382 5261 1435 5305 et
1483 5252 1747 5306 mundum
1791 5254 2020 5321 abjecit;

453 5337 631 5392 solent
657 5340 803 5394 enim
839 5343 1122 5406 mulieres,
1156 5347 1420 5396 mundum
1460 5344 1732 5413 appellare
1773 5345 2019 5415 capillos.

522 5495 566 5526 ⁵⁹
607 5495 766 5550 Cant.
807 5513 880 5564 ιι,
919 5497 1005 5552 16.
1085 5499 1128 5530 ⁸ο
1170 5497 1210 5552 ΙΙ
1245 5500 1371 5554 Cor.
1411 5515 1484 5564 Iv,
1519 5498 1606 5553 16.

2129 3149 2239 3204 Καὶ
2276 3147 2331 3200 εί
2379 3163 2508 3200 ποτε
2554 3145 2800 3214 ἀνάγκης
2849 3141 3148 3212 γενομένης
3191 3139 3342 3210 παρά
3379 3139 3470 3192 τὸν
3505 3138 3708 3209 συνήθη

2129 3239 2317 3308 καιρὸν
2347 3236 2579 3308 ἐτράφη,
2613 3235 2674 3286 τὸ
2699 3231 2937 3286 ἐναντίον
2970 3231 3229 3299 ὑφίστατο
3254 3232 3369 3293 τοῖς
3403 3229 3672 3282 ἐσθίουσιν
3692 3245 3704 3256 ·

2128 3331 2302 3403 ὠχρία
2330 3329 2436 3401 γὰρ
2465 3329 2634 3398 αὐτῆς
2665 3327 2725 3380 τὸ
2753 3325 3062 3396 πρόσωπον,
3087 3323 3181 3374 καί¹
3210 3321 3539 3374 συνέπιπτεν
3564 3322 3594 3372 ὁ
3618 3318 3706 3371 τοῦ

2131 3423 2381 3493 σώματος
2406 3421 2568 3490 ὄγκος
2586 3437 2598 3450 ·
2633 3419 2727 3473 τοῦ
2763 3418 2869 3488 γὰρ
2903 3416 3175 3477 κινοῦντος
3198 3413 3569 3484 ἀηδισθέντος,
3598 3429 3708 3464 συν-

2129 3513 2433 3568 αλλοιοῦται
2469 3513 2562 3566 καὶ
2593 3512 2654 3564 τὸ
2682 3509 3016 3580 κινούμενον.
3055 3509 3240 3568 Ὅπως
3268 3506 3380 3576 γάρ
3407 3504 3475 3559 ἂν
3503 3508 3537 3576 ἡ
3569 3505 3709 3576 ἀρχὴ

2127 3605 2366 3674 διατεθῇ,
2403 3605 2478 3664 ὡς
2507 3603 2709 3656 ἐπίπαν
2748 3600 3031 3654 ἀκολουθεί
3051 3598 3220 3670 ταύτῃ
3254 3599 3352 3652 καὶ
3381 3599 3451 3650 τὰ
3483 3601 3548 3650 ἐκ
3580 3596 3708 3650 ταύ-

2127 3715 2224 3766 της
2252 3699 2390 3767 ήρτη
2399 3696 2550 3768 μένα.
2579 3690 2672 3758 Οἷς
2708 3695 2806 3765 μὲν
2831 3693 2938 3764 γὰρ
2971 3695 3004 3763 ή
3033 3692 3203 3763 τροφὴ
3231 3692 3325 3744 καὶ
3349 3691 3541 3760 ἡδονὴν
3569 3690 3712 3758 γίνε-

2127 3803 2214 3839 ται
2242 3786 2334 3840 καὶ
2373 3786 2762 3858 προσφέρεται,
2799 3785 3028 3854 εὐθαλὴς
3069 3786 3096 3836 ὁ
3140 3782 3234 3835 τοῦ
3267 3781 3521 3852 σώματος
3549 3781 3709 3849 δγκος

2128 3879 2273 3932 ἐστίν
2301 3896 2312 3908 ’
2357 3875 2439 3942 οἷς
2485 3877 2541 3930 δὲ
2582 3877 2643 3929 τὺ
2686 3877 2924 3930 ἐναντίον
2971 3874 3277 3945 συμϐαίνει,
3328 3874 3569 3944 ἄτροφος
3618 3873 3708 3925 καὶ

2127 3968 2295 4041 λεπτὴ
2326 3972 2358 4040 ἡ
2391 3969 2526 4040 σάρξ
2549 3969 2823 4038 τυγχάνει.
2854 3966 3205 4038 Ἀίαρτυροῦσι
3233 3964 3291 4017 δέ
3320 3982 3422 4034 μου
3457 3963 3534 4033 τῷ
3571 3964 3706 4032 λόγῳ

2127 4064 2177 4116 οἱ
2211 4061 2503 4133 ἄρρωστοι.
2522 4062 2586 4116 Ἦ
2613 4059 2741 4128 γοῦν
2773 4059 3018 4129 μακαρία
3045 4057 3204 4125 αὓτη,
3233 4056 3553 4127 νοσηλεύειν
3588 4073 3703 4106 πει-

2131 4153 2348 4226 ρωμένη
2382 4154 2442 4206 τὸ
2471 4153 2650 4223 σῶμα,
2689 4155 2753 4232 τῇ
2786 4151 2930 4221 ψυχῇ
2974 4151 3033 4202 τὸ
3074 4149 3296 4211 εὐανθὲς
3338 4150 3536 4219 ἔφερε·
3569 4148 3705 4201 κατά

2129 4245 2236 4316 γὰρ
2265 4245 2353 4297 τὸν
2397 4243 2714 4296 Ἀπόστολον
2747 4243 2972 4309 λέγοντα
3003 4241 3265 4312 ἔπραττεν
3289 4257 3302 4269 ·
3344 4242 3505 4307 Ὂσῳ
3531 4240 3640 4310 γὰρ
3674 4243 3704 4291 ὁ

2130 4338 2350 4402 ἔξωθεν
2390 4335 2558 4405 ήμῶν
2585 4335 2891 4403 ἅνθρωπος
2935 4333 3250 4402 φθείρεται,
3280 4332 3473 4401 φησὶν,
3500 4331 3703 4384 τοσοῦ-

2130 4447 2236 4483 τον
2264 4432 2296 4482 ὀ
2324 4428 2503 4482 ἔνδον
2533 4426 2977 4482 ἀνακαινοῦται.
3020 4425 3178 4477 Οὕτω
3231 4424 3329 4493 μὲν
3369 4420 3466 4478 οὖν
3502 4423 3702 4493 ὲνήθλει

2131 4521 2461 4575 λανθάνουσα
2489 4522 2610 4583 τους
2635 4519 2877 4582 πολλούς.

2203 4615 2288 4668 Η.
2327 4615 2454 4667 Ὅτε
2485 4613 2541 4666 δὲ
2570 4614 2616 4665 oi
2656 4614 2830 4680 γονεῖς
2859 4610 3027 4679 αὐτῆς
3069 4609 3222 4671 τέλος
3253 4607 3415 4676 ἔσχον
3447 4607 3543 4660 τοῦ
3575 4606 3698 4675 βίον,

2131 4705 2223 4759 ἐπὶ
2267 4706 2446 4758 πλεῖον
2493 4703 2880 4774 θεοφορηθεῖσα
2921 4702 3032 4772 (77)
3077 4700 3154 4771 τῷ
3199 4699 3330 4768 θείῳ
3377 4699 3696 4768 φρονήματι,

2130 4794 2391 4866 λαμϐάνει
2425 4796 2518 4847 καὶ
2555 4795 2652 4864 τὴν
2680 4791 2910 4863 ἀδελφὴν
2946 4791 3062 4862 μεθ’
3096 4789 3320 4858 ἐαυτῆςο
3353 4784 3420 4857 ἦν
3451 4787 3561 4856 γὰρ
3589 4801 3699 4836 στε-

2133 4886 2354 4957 ρηθείσα
2379 4886 2484 4938 τῶν
2510 4885 2708 4953 ὄψεων·
2738 4885 2832 4937 καὶ
2855 4882 2964 4936 τῶν
2995 4883 3089 4952 μὲν
3119 4880 3389 4950 πατρῴων
3412 4880 3579 4931 οἴκων
3602 4894 3697 4945 χω-

2132 4979 2336 5052 ρίζεται
2357 4997 2368 5008 ·
2408 4981 2484 5041 εἰς
2515 4978 2570 5031 δέ
2598 4994 2742 5031 τινος⁹
2770 4974 3064 5044 συγγενοῦς
3098 4973 3269 5040 αὐτῆς
3309 4973 3548 5040 ήρωεῖον
3599 4968 3695 5020 ἀπ-

2129 5071 2432 5142 ῳκισμένον
2456 5071 2553 5140 τῆς
2588 5069 2792 5130 πόλεως
2837 5067 3135 5133 κατάγεται
3161 5081 3173 5093 ·
3204 5063 3298 5114 καὶ
3316 5061 3695 5129 διαπωλήσασκ

2135 5167 2308 5218 πᾶσαν
2338 5163 2433 5232 τὴν
2477 5161 2929 5230 καταλειφθεῖσαν
2959 5160 3096 5227 αὑτῇ
3126 5155 3338 5216 οὐσίαν,
3370 5154 3468 5206 καὶ
3502 5149 3695 5204 διανεί-

2135 5269 2280 5321 μασα
2313 5255 2423 5316 τοῖς
2455 5251 2669 5322 πένησι,
2715 5246 3199 5319 προσκαλεσαμένη
3247 5243 3374 5298 τινὰ
3420 5244 3531 5297 τῶν
3577 5256 3692 5310 πρε-

2134 5343 2429 5414 σϐυτέρων,
2475 5343 2746 5414 ἀπέτεμεν
2789 5340 2988 5410 ἑαυτῆς
3024 5338 3149 5402 τοὺς
3187 5335 3532 5408 πλοκάμους.
3572 5331 3687 5386 Τίτε

525 5645 636 5715 (77)
685 5648 774 5702 Sic
835 5652 1066 5706 (Zoteler.
1131 5653 1421 5710 Comheﬁs.
1479 5669 1606 5710 vero
1653 5653 2142 5725 xopuézvtza’tsasa.
