  <div class='ocr_page' id='page_1' title='image "/cluster/home/n/w/nwhite01/storage/ocr_20150623/28/nnc1.0046978690/840.png"; bbox 0 0 3852 6206; ppageno 0'>
   <div class='ocr_carea' id='block_1_1' title="bbox 158 315 298 374">
    <p class='ocr_par' dir='ltr' id='par_1_1' title="bbox 158 315 298 374">
     <span class='ocr_line' id='line_1_1' title="bbox 158 315 298 374; baseline 0.014 -2"><span class='ocrx_word' id='word_1_1' title='bbox 158 315 298 374; x_wconf 75' lang='lat' dir='ltr'><strong>M93</strong></span> 
     </span>
    </p>
   </div>
   <div class='ocr_carea' id='block_1_2' title="bbox 1287 315 2296 374">
    <p class='ocr_par' dir='ltr' id='par_1_2' title="bbox 1287 315 2296 374">
     <span class='ocr_line' id='line_1_2' title="bbox 1287 315 2296 374; baseline -0.002 -1"><span class='ocrx_word' id='word_1_2' title='bbox 1287 318 1449 373; x_wconf 78' lang='lat' dir='ltr'><strong>VITA</strong></span> <span class='ocrx_word' id='word_1_3' title='bbox 1481 315 1772 374; x_wconf 62' lang='lat' dir='ltr'><strong>SANL‘TJE</strong></span> <span class='ocrx_word' id='word_1_4' title='bbox 1819 315 2296 372; x_wconf 67' lang='lat' dir='ltr'><strong>SYNCLETICAE.</strong></span> 
     </span>
    </p>
   </div>
   <div class='ocr_carea' id='block_1_3' title="bbox 3269 316 3406 373">
    <p class='ocr_par' dir='ltr' id='par_1_3' title="bbox 3269 316 3406 373">
     <span class='ocr_line' id='line_1_3' title="bbox 3269 316 3406 373; baseline 0.015 -2"><span class='ocrx_word' id='word_1_5' title='bbox 3269 316 3406 373; x_wconf 60' lang='grc'><strong>1894</strong></span> 
     </span>
    </p>
   </div>
   <div class='ocr_carea' id='block_1_4' title="bbox 155 434 1729 510">
    <p class='ocr_par' dir='ltr' id='par_1_4' title="bbox 155 434 1729 510">
     <span class='ocr_line' id='line_1_4' title="bbox 155 434 1729 510; baseline 0.001 -24"><span class='ocrx_word' id='word_1_6' title='bbox 155 434 255 505; x_wconf 83' lang='grc' dir='ltr'>τὴν</span> <span class='ocrx_word' id='word_1_7' title='bbox 286 435 464 488; x_wconf 79' lang='grc' dir='ltr'>πᾶσαν</span> <span class='ocrx_word' id='word_1_8' title='bbox 503 448 771 504; x_wconf 89' lang='grc' dir='ltr'>κοσμησιν</span> <span class='ocrx_word' id='word_1_9' title='bbox 804 434 1034 488; x_wconf 80' lang='grc' dir='ltr'><strong>ἀπέθετο</strong></span> <span class='ocrx_word' id='word_1_10' title='bbox 1057 453 1068 466; x_wconf 73' lang='grc' dir='ltr'><strong><em>ο</em></strong></span> <span class='ocrx_word' id='word_1_11' title='bbox 1101 436 1218 501; x_wconf 76' lang='grc' dir='ltr'>ἔθος</span> <span class='ocrx_word' id='word_1_12' title='bbox 1248 439 1355 510; x_wconf 89' lang='grc' dir='ltr'><strong>γάρ</strong></span> <span class='ocrx_word' id='word_1_13' title='bbox 1379 442 1496 503; x_wconf 89' lang='grc' dir='ltr'>ταῖς</span> <span class='ocrx_word' id='word_1_14' title='bbox 1522 436 1729 508; x_wconf 69' lang='grc' dir='ltr'>γυναιξὶ</span> 
     </span>
    </p>
   </div>
   <div class='ocr_carea' id='block_1_5' title="bbox 1838 434 3410 510">
    <p class='ocr_par' dir='ltr' id='par_1_5' title="bbox 1840 434 3410 508">
     <span class='ocr_line' id='line_1_5' title="bbox 1840 434 3410 508; baseline 0.003 -20"><span class='ocrx_word' id='word_1_15' title='bbox 1840 434 2064 507; x_wconf 78' lang='lat' dir='ltr'><strong>Signum</strong></span> <span class='ocrx_word' id='word_1_16' title='bbox 2104 445 2283 491; x_wconf 87' lang='lat' dir='ltr'><strong>autem</strong></span> <span class='ocrx_word' id='word_1_17' title='bbox 2314 436 2445 490; x_wconf 86' lang='lat' dir='ltr'><strong>illud</strong></span> <span class='ocrx_word' id='word_1_18' title='bbox 2467 444 2603 500; x_wconf 87' lang='lat' dir='ltr'><strong>erat,</strong></span> <span class='ocrx_word' id='word_1_19' title='bbox 2630 437 2871 492; x_wconf 90' lang='lat' dir='ltr'><strong>animum</strong></span> <span class='ocrx_word' id='word_1_20' title='bbox 2897 437 3016 508; x_wconf 86' lang='lat' dir='ltr'><strong>ejus</strong></span> <span class='ocrx_word' id='word_1_21' title='bbox 3036 437 3183 492; x_wconf 89' lang='lat' dir='ltr'><strong>omni</strong></span> <span class='ocrx_word' id='word_1_22' title='bbox 3214 453 3410 508; x_wconf 77' lang='lat' dir='ltr'><strong>super-</strong></span> 
     </span>
    </p>
   </div>
   <div class='ocr_carea' id='block_1_6' title="bbox 155 525 1737 602">
    <p class='ocr_par' dir='ltr' id='par_1_6' title="bbox 155 525 1737 602">
     <span class='ocr_line' id='line_1_6' title="bbox 155 525 1737 602; baseline 0.003 -22"><span class='ocrx_word' id='word_1_23' title='bbox 155 527 360 598; x_wconf 79' lang='grc' dir='ltr'><strong>κόσμον</strong></span> <span class='ocrx_word' id='word_1_24' title='bbox 391 525 575 582; x_wconf 80' lang='grc' dir='ltr'><strong>καλεῖν</strong></span> <span class='ocrx_word' id='word_1_25' title='bbox 601 527 700 598; x_wconf 85' lang='grc' dir='ltr'>τὴν</span> <span class='ocrx_word' id='word_1_26' title='bbox 732 527 914 598; x_wconf 81' lang='grc' dir='ltr'>τρίχα.</span> <span class='ocrx_word' id='word_1_27' title='bbox 956 528 1228 600; x_wconf 74' lang='grc' dir='ltr'>Σύμϐολον</span> <span class='ocrx_word' id='word_1_28' title='bbox 1253 531 1308 583; x_wconf 86' lang='grc' dir='ltr'><strong>δέ</strong></span> <span class='ocrx_word' id='word_1_29' title='bbox 1333 528 1401 602; x_wconf 79' lang='grc' dir='ltr'>ἦν</span> <span class='ocrx_word' id='word_1_30' title='bbox 1424 533 1486 584; x_wconf 87' lang='grc' dir='ltr'><strong>τὸ</strong></span> <span class='ocrx_word' id='word_1_31' title='bbox 1524 533 1737 602; x_wconf 85' lang='grc' dir='ltr'>γινόμε-</span> 
     </span>
    </p>
   </div>
   <div class='ocr_carea' id='block_1_7' title="bbox 153 619 1738 694">
    <p class='ocr_par' dir='ltr' id='par_1_7' title="bbox 153 619 1738 694">
     <span class='ocr_line' id='line_1_7' title="bbox 153 619 1738 694; baseline 0.001 -20"><span class='ocrx_word' id='word_1_32' title='bbox 153 639 246 674; x_wconf 89' lang='grc' dir='ltr'><strong>νον</strong></span> <span class='ocrx_word' id='word_1_33' title='bbox 283 619 380 674; x_wconf 85' lang='grc' dir='ltr'><strong>τοῦ</strong></span> <span class='ocrx_word' id='word_1_34' title='bbox 425 620 716 692; x_wconf 79' lang='grc' dir='ltr'><strong>ἀπέριττον</strong></span> <span class='ocrx_word' id='word_1_35' title='bbox 767 624 862 674; x_wconf 67' lang='lat' dir='ltr'><strong>xui.</strong></span> <span class='ocrx_word' id='word_1_36' title='bbox 908 621 1152 694; x_wconf 84' lang='grc' dir='ltr'>καθαρὰν</span> <span class='ocrx_word' id='word_1_37' title='bbox 1203 623 1300 694; x_wconf 77' lang='grc' dir='ltr'>τὴν</span> <span class='ocrx_word' id='word_1_38' title='bbox 1353 624 1532 694; x_wconf 79' lang='grc' dir='ltr'>ψυχὴν</span> <span class='ocrx_word' id='word_1_39' title='bbox 1569 624 1738 692; x_wconf 81' lang='grc' dir='ltr'>αὐτῆς</span> 
     </span>
    </p>
   </div>
   <div class='ocr_carea' id='block_1_8' title="bbox 154 709 1736 788">
    <p class='ocr_par' dir='ltr' id='par_1_8' title="bbox 154 709 1736 788">
     <span class='ocr_line' id='line_1_8' title="bbox 154 709 1736 788; baseline 0.002 -23"><span class='ocrx_word' id='word_1_40' title='bbox 154 711 506 782; x_wconf 80' lang='grc' dir='ltr'>γεγενῆσθαι.</span> <span class='ocrx_word' id='word_1_41' title='bbox 548 711 678 764; x_wconf 87' lang='grc' dir='ltr'><strong>Τότε</strong></span> <span class='ocrx_word' id='word_1_42' title='bbox 713 713 810 782; x_wconf 82' lang='grc' dir='ltr'>μὲν</span> <span class='ocrx_word' id='word_1_43' title='bbox 839 709 932 768; x_wconf 82' lang='grc' dir='ltr'><strong>οῦν</strong></span> <span class='ocrx_word' id='word_1_44' title='bbox 967 715 1179 786; x_wconf 90' lang='grc' dir='ltr'>πρῶτον</span> <span class='ocrx_word' id='word_1_45' title='bbox 1219 714 1426 788; x_wconf 55' lang='grc' dir='ltr'><strong>⁴Ιγξιώθη</strong></span> <span class='ocrx_word' id='word_1_46' title='bbox 1457 716 1555 785; x_wconf 84' lang='grc' dir='ltr'>τῆς</span> <span class='ocrx_word' id='word_1_47' title='bbox 1597 732 1736 786; x_wconf 62' lang='grc' dir='ltr'>παρ’</span> 
     </span>
    </p>
   </div>
   <div class='ocr_carea' id='block_1_9' title="bbox 154 803 798 876">
    <p class='ocr_par' dir='ltr' id='par_1_9' title="bbox 154 803 798 876">
     <span class='ocr_line' id='line_1_9' title="bbox 154 803 798 876; baseline 0 -19"><span class='ocrx_word' id='word_1_48' title='bbox 154 803 376 874; x_wconf 85' lang='grc' dir='ltr'>θενικῆς</span> <span class='ocrx_word' id='word_1_49' title='bbox 407 805 798 876; x_wconf 84' lang='grc' dir='ltr'><strong>προσηγορίας.</strong></span> 
     </span>
    </p>
   </div>
   <div class='ocr_carea' id='block_1_10' title="bbox 229 893 1735 966">
    <p class='ocr_par' dir='ltr' id='par_1_10' title="bbox 229 893 1735 966">
     <span class='ocr_line' id='line_1_10' title="bbox 229 893 1735 966; baseline 0.001 -18"><span class='ocrx_word' id='word_1_50' title='bbox 229 894 317 948; x_wconf 73' lang='grc'><strong>12.</strong></span> <span class='ocrx_word' id='word_1_51' title='bbox 352 895 538 948; x_wconf 79' lang='grc' dir='ltr'>Πᾶσαν</span> <span class='ocrx_word' id='word_1_52' title='bbox 573 895 630 948; x_wconf 82' lang='grc' dir='ltr'>δὲ</span> <span class='ocrx_word' id='word_1_53' title='bbox 667 895 767 965; x_wconf 82' lang='grc' dir='ltr'>τὴν</span> <span class='ocrx_word' id='word_1_54' title='bbox 803 893 991 946; x_wconf 81' lang='grc' dir='ltr'>οὐσίαν</span> <span class='ocrx_word' id='word_1_55' title='bbox 1021 895 1190 965; x_wconf 83' lang='grc' dir='ltr'>αὐτῆς</span> <span class='ocrx_word' id='word_1_56' title='bbox 1221 897 1334 959; x_wconf 86' lang='grc' dir='ltr'>τοῖς</span> <span class='ocrx_word' id='word_1_57' title='bbox 1361 897 1596 966; x_wconf 86' lang='grc' dir='ltr'><strong>πτωχοῖς</strong></span> <span class='ocrx_word' id='word_1_58' title='bbox 1620 895 1735 949; x_wconf 89' lang='grc' dir='ltr'>δια-</span> 
     </span>
    </p>
   </div>
   <div class='ocr_carea' id='block_1_11' title="bbox 155 985 1736 1059">
    <p class='ocr_par' dir='ltr' id='par_1_11' title="bbox 155 985 1736 1059">
     <span class='ocr_line' id='line_1_11' title="bbox 155 985 1736 1059; baseline 0 -19"><span class='ocrx_word' id='word_1_59' title='bbox 155 987 414 1059; x_wconf 88' lang='grc' dir='ltr'>νείμασα,</span> <span class='ocrx_word' id='word_1_60' title='bbox 444 986 597 1055; x_wconf 71' lang='grc' dir='ltr'>ἔλεγε</span> <span class='ocrx_word' id='word_1_61' title='bbox 621 1003 635 1018; x_wconf 89' lang='grc'><strong>·</strong></span> <span class='ocrx_word' id='word_1_62' title='bbox 670 985 920 1053; x_wconf 83' lang='grc' dir='ltr'><strong>Μεγάλου</strong></span> <span class='ocrx_word' id='word_1_63' title='bbox 954 985 1049 1056; x_wconf 84' lang='grc' dir='ltr'><strong>μὲν</strong></span> <span class='ocrx_word' id='word_1_64' title='bbox 1076 985 1312 1055; x_wconf 72' lang='grc' dir='ltr'>ἠξίωμαι</span> <span class='ocrx_word' id='word_1_65' title='bbox 1350 986 1607 1057; x_wconf 86' lang='grc' dir='ltr'>ὀνόματος</span> <span class='ocrx_word' id='word_1_66' title='bbox 1625 1003 1642 1026; x_wconf 65' lang='grc' dir='ltr'><strong>ε</strong></span> <span class='ocrx_word' id='word_1_67' title='bbox 1671 987 1736 1040; x_wconf 86' lang='grc' dir='ltr'><strong>Τί</strong></span> 
     </span>
    </p>
   </div>
   <div class='ocr_carea' id='block_1_12' title="bbox 115 1073 1732 1147">
    <p class='ocr_par' dir='ltr' id='par_1_12' title="bbox 115 1073 1732 1147">
     <span class='ocr_line' id='line_1_12' title="bbox 115 1073 1732 1147; baseline -0.002 -15"><span class='ocrx_word' id='word_1_68' title='bbox 115 1109 128 1122; x_wconf 80' lang='grc' dir='ltr'><strong>ο</strong></span> <span class='ocrx_word' id='word_1_69' title='bbox 155 1080 215 1132; x_wconf 78' lang='grc' dir='ltr'>δὲ</span> <span class='ocrx_word' id='word_1_70' title='bbox 251 1077 616 1132; x_wconf 82' lang='grc' dir='ltr'><strong>ἀνταποδώσω</strong></span> <span class='ocrx_word' id='word_1_71' title='bbox 663 1073 883 1142; x_wconf 75' lang='grc' dir='ltr'>ἐπάξιον</span> <span class='ocrx_word' id='word_1_72' title='bbox 916 1075 992 1147; x_wconf 79' lang='grc' dir='ltr'><strong>τῷ</strong></span> <span class='ocrx_word' id='word_1_73' title='bbox 1038 1076 1429 1147; x_wconf 82' lang='grc' dir='ltr'><strong>δωρησαμένῳ,</strong></span> <span class='ocrx_word' id='word_1_74' title='bbox 1463 1077 1561 1129; x_wconf 76' lang='grc' dir='ltr'><strong>οὐκ</strong></span> <span class='ocrx_word' id='word_1_75' title='bbox 1607 1076 1732 1147; x_wconf 73' lang='grc' dir='ltr'>ἔχω.</span> 
     </span>
    </p>
   </div>
   <div class='ocr_carea' id='block_1_13' title="bbox 157 1167 1736 1239">
    <p class='ocr_par' dir='ltr' id='par_1_13' title="bbox 157 1167 1736 1239">
     <span class='ocr_line' id='line_1_13' title="bbox 157 1167 1736 1239; baseline 0.001 -18"><span class='ocrx_word' id='word_1_76' title='bbox 157 1170 222 1221; x_wconf 72' lang='lat' dir='ltr'><strong>Et</strong></span> <span class='ocrx_word' id='word_1_77' title='bbox 249 1169 356 1238; x_wconf 86' lang='grc' dir='ltr'>γὰρ</span> <span class='ocrx_word' id='word_1_78' title='bbox 381 1167 474 1221; x_wconf 77' lang='grc' dir='ltr'>ἐπὶ</span> <span class='ocrx_word' id='word_1_79' title='bbox 503 1168 612 1222; x_wconf 91' lang='grc' dir='ltr'><strong>τῶν</strong></span> <span class='ocrx_word' id='word_1_80' title='bbox 641 1167 797 1231; x_wconf 84' lang='grc' dir='ltr'>ἐκτὸς</span> <span class='ocrx_word' id='word_1_81' title='bbox 827 1168 1188 1239; x_wconf 82' lang='grc' dir='ltr'>πραγμάτων,</span> <span class='ocrx_word' id='word_1_82' title='bbox 1209 1169 1395 1222; x_wconf 80' lang='grc' dir='ltr'>’ένεκεν</span> <span class='ocrx_word' id='word_1_83' title='bbox 1426 1167 1736 1236; x_wconf 80' lang='grc' dir='ltr'>ἀξιώματος</span> 
     </span>
    </p>
   </div>
   <div class='ocr_carea' id='block_1_14' title="bbox 159 1257 1737 1332">
    <p class='ocr_par' dir='ltr' id='par_1_14' title="bbox 159 1257 1737 1332">
     <span class='ocr_line' id='line_1_14' title="bbox 159 1257 1737 1332; baseline 0.002 -21"><span class='ocrx_word' id='word_1_84' title='bbox 159 1257 420 1329; x_wconf 88' lang='grc' dir='ltr'>φθαρτοῦ,</span> <span class='ocrx_word' id='word_1_85' title='bbox 440 1260 617 1313; x_wconf 81' lang='grc' dir='ltr'>πᾶσαν</span> <span class='ocrx_word' id='word_1_86' title='bbox 628 1259 836 1317; x_wconf 77' lang='grc' dir='ltr'>ἑαυτῶν</span> <span class='ocrx_word' id='word_1_87' title='bbox 858 1259 956 1332; x_wconf 82' lang='grc' dir='ltr'><strong>τὴν</strong></span> <span class='ocrx_word' id='word_1_88' title='bbox 977 1259 1161 1314; x_wconf 82' lang='grc' dir='ltr'>οὐσίαν</span> <span class='ocrx_word' id='word_1_89' title='bbox 1181 1261 1561 1316; x_wconf 86' lang='grc' dir='ltr'>ἀποϐάλλουσι·</span> <span class='ocrx_word' id='word_1_90' title='bbox 1589 1263 1737 1332; x_wconf 86' lang='grc' dir='ltr'>πόσῳ</span> 
     </span>
    </p>
   </div>
   <div class='ocr_carea' id='block_1_15' title="bbox 163 1349 1736 1422">
    <p class='ocr_par' dir='ltr' id='par_1_15' title="bbox 163 1349 1736 1422">
     <span class='ocr_line' id='line_1_15' title="bbox 163 1349 1736 1422; baseline -0.002 -17"><span class='ocrx_word' id='word_1_91' title='bbox 163 1350 364 1420; x_wconf 78' lang='grc' dir='ltr'>μᾶλλον</span> <span class='ocrx_word' id='word_1_92' title='bbox 396 1349 519 1421; x_wconf 89' lang='grc' dir='ltr'><strong>ἐμέ,</strong></span> <span class='ocrx_word' id='word_1_93' title='bbox 559 1350 825 1421; x_wconf 85' lang='grc' dir='ltr'>τοσαύτης</span> <span class='ocrx_word' id='word_1_94' title='bbox 859 1349 1181 1415; x_wconf 81' lang='grc' dir='ltr'>ἀξιωθεῖσαν</span> <span class='ocrx_word' id='word_1_95' title='bbox 1207 1350 1446 1422; x_wconf 87' lang='grc' dir='ltr'>χάριτος,</span> <span class='ocrx_word' id='word_1_96' title='bbox 1483 1351 1580 1404; x_wconf 83' lang='grc' dir='ltr'><strong>οὐκ</strong></span> <span class='ocrx_word' id='word_1_97' title='bbox 1629 1352 1736 1420; x_wconf 82' lang='grc' dir='ltr'>ἄρα</span> 
     </span>
    </p>
   </div>
   <div class='ocr_carea' id='block_1_16' title="bbox 158 1425 1736 1513">
    <p class='ocr_par' dir='ltr' id='par_1_16' title="bbox 158 1425 1736 1513">
     <span class='ocr_line' id='line_1_16' title="bbox 158 1425 1736 1513; baseline 0 -19"><span class='ocrx_word' id='word_1_98' title='bbox 158 1425 268 1495; x_wconf 70' lang='grc' dir='ltr'>ἔδει</span> <span class='ocrx_word' id='word_1_99' title='bbox 318 1442 454 1511; x_wconf 88' lang='grc' dir='ltr'><strong>μετά</strong></span> <span class='ocrx_word' id='word_1_100' title='bbox 494 1441 602 1496; x_wconf 89' lang='grc' dir='ltr'><strong>τῶν</strong></span> <span class='ocrx_word' id='word_1_101' title='bbox 644 1441 1013 1512; x_wconf 72' lang='grc' dir='ltr'>νομιζομένων</span> <span class='ocrx_word' id='word_1_102' title='bbox 1056 1443 1408 1513; x_wconf 78' lang='grc' dir='ltr'>ὑπαρχόντων</span> <span class='ocrx_word' id='word_1_103' title='bbox 1448 1442 1736 1513; x_wconf 89' lang='grc' dir='ltr'>προδοῦναι</span> 
     </span>
    </p>
   </div>
   <div class='ocr_carea' id='block_1_17' title="bbox 157 1533 1738 1606">
    <p class='ocr_par' dir='ltr' id='par_1_17' title="bbox 157 1533 1738 1606">
     <span class='ocr_line' id='line_1_17' title="bbox 157 1533 1738 1606; baseline -0.002 -18"><span class='ocrx_word' id='word_1_104' title='bbox 157 1537 255 1590; x_wconf 77' lang='grc' dir='ltr'>καὶ</span> <span class='ocrx_word' id='word_1_105' title='bbox 297 1535 357 1589; x_wconf 86' lang='grc' dir='ltr'><strong>τὸ</strong></span> <span class='ocrx_word' id='word_1_106' title='bbox 401 1535 592 1606; x_wconf 87' lang='grc' dir='ltr'>σῶμα;</span> <span class='ocrx_word' id='word_1_107' title='bbox 640 1534 704 1588; x_wconf 90' lang='grc' dir='ltr'><strong>Τί</strong></span> <span class='ocrx_word' id='word_1_108' title='bbox 749 1534 806 1587; x_wconf 88' lang='grc' dir='ltr'><strong>δὲ</strong></span> <span class='ocrx_word' id='word_1_109' title='bbox 852 1535 995 1603; x_wconf 90' lang='grc' dir='ltr'>λέγω</span> <span class='ocrx_word' id='word_1_110' title='bbox 1045 1536 1294 1606; x_wconf 84' lang='grc' dir='ltr'>κτήματα</span> <span class='ocrx_word' id='word_1_111' title='bbox 1342 1536 1374 1605; x_wconf 81' lang='grc' dir='ltr'>ἢ</span> <span class='ocrx_word' id='word_1_112' title='bbox 1418 1535 1575 1605; x_wconf 89' lang='grc' dir='ltr'>σῶμα</span> <span class='ocrx_word' id='word_1_113' title='bbox 1620 1533 1738 1586; x_wconf 87' lang='grc' dir='ltr'>δοῦ-</span> 
     </span>
    </p>
   </div>
   <div class='ocr_carea' id='block_1_18' title="bbox 156 1625 1732 1698">
    <p class='ocr_par' dir='ltr' id='par_1_18' title="bbox 156 1625 1732 1698">
     <span class='ocr_line' id='line_1_18' title="bbox 156 1625 1732 1698; baseline -0.003 -15"><span class='ocrx_word' id='word_1_114' title='bbox 156 1647 269 1693; x_wconf 90' lang='grc' dir='ltr'>ναι,</span> <span class='ocrx_word' id='word_1_115' title='bbox 310 1629 526 1683; x_wconf 84' lang='grc' dir='ltr'>πάντων</span> <span class='ocrx_word' id='word_1_116' title='bbox 568 1627 732 1680; x_wconf 81' lang='grc' dir='ltr'>αὑτοῦ</span> <span class='ocrx_word' id='word_1_117' title='bbox 774 1627 1160 1698; x_wconf 88' lang='grc' dir='ltr'>ὑπαρχόντων;</span> <span class='ocrx_word' id='word_1_118' title='bbox 1216 1626 1325 1680; x_wconf 83' lang='grc' dir='ltr'>Τοῦ</span> <span class='ocrx_word' id='word_1_119' title='bbox 1368 1626 1476 1696; x_wconf 79' lang='grc' dir='ltr'><strong>γὰρ</strong></span> <span class='ocrx_word' id='word_1_120' title='bbox 1511 1625 1732 1692; x_wconf 81' lang='grc' dir='ltr'>Κυρίου</span> 
     </span>
    </p>
   </div>
   <div class='ocr_carea' id='block_1_19' title="bbox 1838 529 3406 602">
    <p class='ocr_par' dir='ltr' id='par_1_19' title="bbox 1838 529 3406 602">
     <span class='ocr_line' id='line_1_19' title="bbox 1838 529 3406 602; baseline 0.006 -20"><span class='ocrx_word' id='word_1_121' title='bbox 1838 529 2048 586; x_wconf 83' lang='lat' dir='ltr'><strong>ﬂuitate</strong></span> <span class='ocrx_word' id='word_1_122' title='bbox 2085 546 2317 586; x_wconf 88' lang='lat' dir='ltr'><strong>vacuum</strong></span> <span class='ocrx_word' id='word_1_123' title='bbox 2361 547 2424 587; x_wconf 92' lang='lat' dir='ltr'><strong>ac</strong></span> <span class='ocrx_word' id='word_1_124' title='bbox 2461 548 2655 602; x_wconf 90' lang='lat' dir='ltr'><strong>purum</strong></span> <span class='ocrx_word' id='word_1_125' title='bbox 2704 532 2956 588; x_wconf 81' lang='lat' dir='ltr'><strong>eﬂ&#39;ectum</strong></span> <span class='ocrx_word' id='word_1_126' title='bbox 3007 533 3200 591; x_wconf 80' lang='lat' dir='ltr'><strong>fuisse.</strong></span> <span class='ocrx_word' id='word_1_127' title='bbox 3250 533 3406 592; x_wconf 86' lang='lat' dir='ltr'><strong>Tunc</strong></span> 
     </span>
    </p>
   </div>
   <div class='ocr_carea' id='block_1_20' title="bbox 1837 626 3329 697">
    <p class='ocr_par' dir='ltr' id='par_1_20' title="bbox 1837 626 3329 697">
     <span class='ocr_line' id='line_1_20' title="bbox 1837 626 3329 697; baseline 0.004 -19"><span class='ocrx_word' id='word_1_128' title='bbox 1837 632 2020 680; x_wconf 88' lang='lat' dir='ltr'><strong>autem</strong></span> <span class='ocrx_word' id='word_1_129' title='bbox 2043 627 2280 696; x_wconf 89' lang='lat' dir='ltr'><strong>primum</strong></span> <span class='ocrx_word' id='word_1_130' title='bbox 2309 626 2537 695; x_wconf 81' lang='lat' dir='ltr'><strong>virginis</strong></span> <span class='ocrx_word' id='word_1_131' title='bbox 2571 626 2934 697; x_wconf 78' lang='lat' dir='ltr'><strong>appellatione</strong></span> <span class='ocrx_word' id='word_1_132' title='bbox 2975 627 3194 697; x_wconf 90' lang='lat' dir='ltr'><strong>dignata</strong></span> <span class='ocrx_word' id='word_1_133' title='bbox 3227 636 3329 684; x_wconf 84' lang='lat' dir='ltr'><strong>est.</strong></span> 
     </span>
    </p>
   </div>
   <div class='ocr_carea' id='block_1_21' title="bbox 1823 874 3405 968">
    <p class='ocr_par' dir='ltr' id='par_1_21' title="bbox 1823 874 3405 968">
     <span class='ocr_line' id='line_1_21' title="bbox 1823 874 3405 968; baseline 0.007 -27"><span class='ocrx_word' id='word_1_134' title='bbox 1823 874 1831 882; x_wconf 76' lang='grc'><em>’</em></span> <span class='ocrx_word' id='word_1_135' title='bbox 1912 888 1999 944; x_wconf 74' lang='grc'><strong>12.</strong></span> <span class='ocrx_word' id='word_1_136' title='bbox 2039 887 2337 960; x_wconf 84' lang='lat' dir='ltr'><strong>Postquam</strong></span> <span class='ocrx_word' id='word_1_137' title='bbox 2368 890 2656 948; x_wconf 82' lang='lat' dir='ltr'><strong>facultates</strong></span> <span class='ocrx_word' id='word_1_138' title='bbox 2689 908 2817 950; x_wconf 91' lang='lat' dir='ltr'><strong>suas</strong></span> <span class='ocrx_word' id='word_1_139' title='bbox 2842 896 3177 966; x_wconf 85' lang='lat' dir='ltr'><strong>pauperibus</strong></span> <span class='ocrx_word' id='word_1_140' title='bbox 3215 911 3405 968; x_wconf 85' lang='lat' dir='ltr'><strong>eroga-</strong></span> 
     </span>
    </p>
   </div>
   <div class='ocr_carea' id='block_1_22' title="bbox 1839 980 3403 1058">
    <p class='ocr_par' dir='ltr' id='par_1_22' title="bbox 1839 980 3403 1058">
     <span class='ocr_line' id='line_1_22' title="bbox 1839 980 3403 1058; baseline 0.008 -29"><span class='ocrx_word' id='word_1_141' title='bbox 1839 985 2011 1044; x_wconf 91' lang='lat' dir='ltr'><strong>verat,</strong></span> <span class='ocrx_word' id='word_1_142' title='bbox 2045 981 2156 1034; x_wconf 90' lang='lat' dir='ltr'><strong>ait:</strong></span> <span class='ocrx_word' id='word_1_143' title='bbox 2192 980 2386 1052; x_wconf 87' lang='lat' dir='ltr'><strong>Magno</strong></span> <span class='ocrx_word' id='word_1_144' title='bbox 2425 983 2783 1039; x_wconf 86' lang='lat' dir='ltr'><strong>cohonestata</strong></span> <span class='ocrx_word' id='word_1_145' title='bbox 2836 1000 2956 1039; x_wconf 91' lang='lat' dir='ltr'><strong>sum</strong></span> <span class='ocrx_word' id='word_1_146' title='bbox 2991 986 3243 1042; x_wconf 89' lang='lat' dir='ltr'><strong>nomine:</strong></span> <span class='ocrx_word' id='word_1_147' title='bbox 3272 988 3403 1058; x_wconf 90' lang='lat' dir='ltr'><strong>quid</strong></span> 
     </span>
    </p>
   </div>
   <div class='ocr_carea' id='block_1_23' title="bbox 1840 1071 3403 1149">
    <p class='ocr_par' dir='ltr' id='par_1_23' title="bbox 1840 1071 3403 1149">
     <span class='ocr_line' id='line_1_23' title="bbox 1840 1071 3403 1149; baseline 0.008 -29"><span class='ocrx_word' id='word_1_148' title='bbox 1840 1074 2020 1122; x_wconf 89' lang='lat' dir='ltr'><strong>autem</strong></span> <span class='ocrx_word' id='word_1_149' title='bbox 2053 1084 2154 1140; x_wconf 89' lang='lat' dir='ltr'><strong>pro</strong></span> <span class='ocrx_word' id='word_1_150' title='bbox 2184 1071 2379 1126; x_wconf 90' lang='lat' dir='ltr'><strong>merito</strong></span> <span class='ocrx_word' id='word_1_151' title='bbox 2420 1072 2753 1129; x_wconf 83' lang='lat' dir='ltr'><strong>benefactori</strong></span> <span class='ocrx_word' id='word_1_152' title='bbox 2795 1075 3086 1145; x_wconf 82' lang='lat' dir='ltr'><strong>rependam</strong></span> <span class='ocrx_word' id='word_1_153' title='bbox 3129 1094 3238 1132; x_wconf 91' lang='lat' dir='ltr'><strong>non</strong></span> <span class='ocrx_word' id='word_1_154' title='bbox 3268 1094 3403 1149; x_wconf 91' lang='lat' dir='ltr'><strong>sup-</strong></span> 
     </span>
    </p>
   </div>
   <div class='ocr_carea' id='block_1_24' title="bbox 1836 1160 3405 1242">
    <p class='ocr_par' dir='ltr' id='par_1_24' title="bbox 1836 1160 3405 1242">
     <span class='ocr_line' id='line_1_24' title="bbox 1836 1160 3405 1242; baseline 0.008 -29"><span class='ocrx_word' id='word_1_155' title='bbox 1836 1160 1990 1228; x_wconf 88' lang='lat' dir='ltr'><strong>petit.</strong></span> <span class='ocrx_word' id='word_1_156' title='bbox 2022 1160 2159 1215; x_wconf 88' lang='lat' dir='ltr'><strong>Nam</strong></span> <span class='ocrx_word' id='word_1_157' title='bbox 2190 1163 2236 1218; x_wconf 92' lang='lat' dir='ltr'><strong>si</strong></span> <span class='ocrx_word' id='word_1_158' title='bbox 2270 1163 2325 1217; x_wconf 95' lang='lat' dir='ltr'><strong>in</strong></span> <span class='ocrx_word' id='word_1_159' title='bbox 2348 1165 2592 1220; x_wconf 87' lang='lat' dir='ltr'><strong>externis</strong></span> <span class='ocrx_word' id='word_1_160' title='bbox 2611 1166 2797 1235; x_wconf 87' lang='lat' dir='ltr'><strong>rebus,</strong></span> <span class='ocrx_word' id='word_1_161' title='bbox 2821 1170 3194 1238; x_wconf 86' lang='lat' dir='ltr'><strong>corruptibilis</strong></span> <span class='ocrx_word' id='word_1_162' title='bbox 3224 1170 3405 1242; x_wconf 85' lang='lat' dir='ltr'><strong>digni-</strong></span> 
     </span>
    </p>
   </div>
   <div class='ocr_carea' id='block_1_25' title="bbox 1838 1252 3406 1332">
    <p class='ocr_par' dir='ltr' id='par_1_25' title="bbox 1838 1252 3406 1332">
     <span class='ocr_line' id='line_1_25' title="bbox 1838 1252 3406 1332; baseline 0.009 -28"><span class='ocrx_word' id='word_1_163' title='bbox 1838 1252 1970 1307; x_wconf 87' lang='lat' dir='ltr'><strong>tatis</strong></span> <span class='ocrx_word' id='word_1_164' title='bbox 2001 1267 2190 1320; x_wconf 89' lang='lat' dir='ltr'><strong>causa,</strong></span> <span class='ocrx_word' id='word_1_165' title='bbox 2217 1253 2454 1311; x_wconf 83' lang='lat' dir='ltr'><strong>fortunae</strong></span> <span class='ocrx_word' id='word_1_166' title='bbox 2479 1272 2668 1312; x_wconf 91' lang='lat' dir='ltr'><strong>omnes</strong></span> <span class='ocrx_word' id='word_1_167' title='bbox 2697 1259 3042 1328; x_wconf 88' lang='lat' dir='ltr'><strong>amittuntur,</strong></span> <span class='ocrx_word' id='word_1_168' title='bbox 3066 1271 3271 1332; x_wconf 89' lang='lat' dir='ltr'><strong>quanto</strong></span> <span class='ocrx_word' id='word_1_169' title='bbox 3288 1280 3406 1318; x_wconf 86' lang='lat' dir='ltr'><strong>ma-</strong></span> 
     </span>
    </p>
   </div>
   <div class='ocr_carea' id='block_1_26' title="bbox 1836 1343 3402 1424">
    <p class='ocr_par' dir='ltr' id='par_1_26' title="bbox 1836 1343 3402 1424">
     <span class='ocr_line' id='line_1_26' title="bbox 1836 1343 3402 1424; baseline 0.009 -28"><span class='ocrx_word' id='word_1_170' title='bbox 1836 1343 1918 1413; x_wconf 84' lang='lat' dir='ltr'><strong>gis</strong></span> <span class='ocrx_word' id='word_1_171' title='bbox 1944 1359 2028 1398; x_wconf 88' lang='lat' dir='ltr'><strong>me</strong></span> <span class='ocrx_word' id='word_1_172' title='bbox 2059 1352 2210 1400; x_wconf 87' lang='lat' dir='ltr'><strong>tanta</strong></span> <span class='ocrx_word' id='word_1_173' title='bbox 2253 1347 2507 1402; x_wconf 91' lang='lat' dir='ltr'><strong>donatam</strong></span> <span class='ocrx_word' id='word_1_174' title='bbox 2537 1349 2731 1418; x_wconf 85' lang='lat' dir='ltr'><strong>gratia,</strong></span> <span class='ocrx_word' id='word_1_175' title='bbox 2767 1351 2924 1406; x_wconf 90' lang='lat' dir='ltr'><strong>decet</strong></span> <span class='ocrx_word' id='word_1_176' title='bbox 2969 1352 3143 1422; x_wconf 88' lang='lat' dir='ltr'><strong>ipsum</strong></span> <span class='ocrx_word' id='word_1_177' title='bbox 3181 1369 3402 1424; x_wconf 88' lang='lat' dir='ltr'><strong>corpus,</strong></span> 
     </span>
    </p>
   </div>
   <div class='ocr_carea' id='block_1_27' title="bbox 1837 1434 3400 1511">
    <p class='ocr_par' dir='ltr' id='par_1_27' title="bbox 1837 1434 3400 1511">
     <span class='ocr_line' id='line_1_27' title="bbox 1837 1434 3400 1511; baseline 0.01 -25"><span class='ocrx_word' id='word_1_178' title='bbox 1837 1448 1959 1487; x_wconf 90' lang='lat' dir='ltr'><strong>cum</strong></span> <span class='ocrx_word' id='word_1_179' title='bbox 1991 1434 2076 1490; x_wconf 92' lang='lat' dir='ltr'><strong>his</strong></span> <span class='ocrx_word' id='word_1_180' title='bbox 2110 1436 2267 1492; x_wconf 87' lang='lat' dir='ltr'><strong>bonis</strong></span> <span class='ocrx_word' id='word_1_181' title='bbox 2298 1436 2381 1510; x_wconf 91' lang='lat' dir='ltr'><strong>(ut</strong></span> <span class='ocrx_word' id='word_1_182' title='bbox 2429 1441 2711 1511; x_wconf 86' lang='lat' dir='ltr'><strong>putantur)</strong></span> <span class='ocrx_word' id='word_1_183' title='bbox 2764 1443 3014 1498; x_wconf 86' lang='lat' dir='ltr'><strong>tradere?</strong></span> <span class='ocrx_word' id='word_1_184' title='bbox 3044 1445 3182 1510; x_wconf 90' lang='lat' dir='ltr'><strong>Quid</strong></span> <span class='ocrx_word' id='word_1_185' title='bbox 3221 1455 3400 1500; x_wconf 85' lang='lat' dir='ltr'><strong>autem</strong></span> 
     </span>
    </p>
   </div>
   <div class='ocr_carea' id='block_1_28' title="bbox 1836 1524 3404 1603">
    <p class='ocr_par' dir='ltr' id='par_1_28' title="bbox 1836 1524 3404 1603">
     <span class='ocr_line' id='line_1_28' title="bbox 1836 1524 3404 1603; baseline 0.01 -25"><span class='ocrx_word' id='word_1_186' title='bbox 1836 1524 1960 1578; x_wconf 91' lang='lat' dir='ltr'><strong>dico</strong></span> <span class='ocrx_word' id='word_1_187' title='bbox 1983 1525 2273 1583; x_wconf 80' lang='lat' dir='ltr'><strong>facultates</strong></span> <span class='ocrx_word' id='word_1_188' title='bbox 2290 1538 2344 1584; x_wconf 91' lang='lat' dir='ltr'><strong>et</strong></span> <span class='ocrx_word' id='word_1_189' title='bbox 2365 1544 2566 1600; x_wconf 91' lang='lat' dir='ltr'><strong>corpus</strong></span> <span class='ocrx_word' id='word_1_190' title='bbox 2584 1531 2838 1602; x_wconf 84' lang='lat' dir='ltr'><strong>ipsidari,</strong></span> <span class='ocrx_word' id='word_1_191' title='bbox 2859 1535 3019 1603; x_wconf 89' lang='lat' dir='ltr'><strong>cujus</strong></span> <span class='ocrx_word' id='word_1_192' title='bbox 3039 1545 3166 1590; x_wconf 90' lang='lat' dir='ltr'><strong>sunt</strong></span> <span class='ocrx_word' id='word_1_193' title='bbox 3185 1538 3404 1593; x_wconf 88' lang='lat' dir='ltr'><strong>omnia?</strong></span> 
     </span>
    </p>
   </div>
   <div class='ocr_carea' id='block_1_29' title="bbox 1836 1615 3403 1699">
    <p class='ocr_par' dir='ltr' id='par_1_29' title="bbox 1836 1615 3403 1699">
     <span class='ocr_line' id='line_1_29' title="bbox 1836 1615 3403 1699; baseline 0.011 -31"><span class='ocrx_word' id='word_1_194' title='bbox 1836 1615 1991 1673; x_wconf 85' lang='lat' dir='ltr'><strong>Nam.</strong></span> <span class='ocrx_word' id='word_1_195' title='bbox 2034 1617 2250 1673; x_wconf 78' lang='lat' dir='ltr'><strong>Domini</strong></span> <span class='ocrx_word' id='word_1_196' title='bbox 2292 1630 2370 1676; x_wconf 83' lang='lat' dir='ltr'><strong>est</strong></span> <span class='ocrx_word' id='word_1_197' title='bbox 2413 1631 2555 1677; x_wconf 86' lang='lat' dir='ltr'><strong>terra</strong></span> <span class='ocrx_word' id='word_1_198' title='bbox 2578 1633 2627 1678; x_wconf 84' lang='lat' dir='ltr'><strong>et</strong></span> <span class='ocrx_word' id='word_1_199' title='bbox 2677 1625 2944 1694; x_wconf 81' lang='lat' dir='ltr'><strong>plenitudo</strong></span> <span class='ocrx_word' id='word_1_200' title='bbox 2971 1627 3082 1698; x_wconf 76' lang='lat' dir='ltr'><strong>ejus</strong></span> <span class='ocrx_word' id='word_1_201' title='bbox 3114 1628 3178 1683; x_wconf 81' lang='grc'><strong>⁶¹.</strong></span> <span class='ocrx_word' id='word_1_202' title='bbox 3227 1630 3403 1699; x_wconf 84' lang='lat' dir='ltr'><strong>Atque</strong></span> 
     </span>
    </p>
   </div>
   <div class='ocr_carea' id='block_1_30' title="bbox 155 1713 1729 1793">
    <p class='ocr_par' dir='ltr' id='par_1_30' title="bbox 155 1713 1729 1790">
     <span class='ocr_line' id='line_1_30' title="bbox 155 1713 1729 1790; baseline -0.006 -14"><span class='ocrx_word' id='word_1_203' title='bbox 155 1723 197 1788; x_wconf 75' lang='grc' dir='ltr'>ἡ</span> <span class='ocrx_word' id='word_1_204' title='bbox 241 1719 317 1790; x_wconf 75' lang='grc' dir='ltr'>γῆ</span> <span class='ocrx_word' id='word_1_205' title='bbox 352 1719 450 1788; x_wconf 76' lang='grc' dir='ltr'>καὶ</span> <span class='ocrx_word' id='word_1_206' title='bbox 482 1718 548 1771; x_wconf 86' lang='grc' dir='ltr'>τὸ</span> <span class='ocrx_word' id='word_1_207' title='bbox 583 1717 872 1787; x_wconf 80' lang='grc' dir='ltr'>πλήρωμα</span> <span class='ocrx_word' id='word_1_208' title='bbox 901 1715 1109 1784; x_wconf 82' lang='grc' dir='ltr'>αὐτῆς.</span> <span class='ocrx_word' id='word_1_209' title='bbox 1137 1715 1234 1768; x_wconf 89' lang='grc' dir='ltr'>Διά</span> <span class='ocrx_word' id='word_1_210' title='bbox 1263 1713 1466 1766; x_wconf 85' lang='grc' dir='ltr'>τούτων</span> <span class='ocrx_word' id='word_1_211' title='bbox 1503 1716 1599 1783; x_wconf 87' lang='grc' dir='ltr'><strong>μὲν</strong></span> <span class='ocrx_word' id='word_1_212' title='bbox 1629 1715 1729 1766; x_wconf 86' lang='grc' dir='ltr'><strong>τῶν</strong></span> 
     </span>
    </p>
   </div>
   <div class='ocr_carea' id='block_1_31' title="bbox 1838 1713 3401 1793">
    <p class='ocr_par' dir='ltr' id='par_1_31' title="bbox 1839 1714 3401 1793">
     <span class='ocr_line' id='line_1_31' title="bbox 1839 1714 3401 1793; baseline 0.01 -27"><span class='ocrx_word' id='word_1_213' title='bbox 1839 1730 1935 1782; x_wconf 90' lang='lat' dir='ltr'><strong>per</strong></span> <span class='ocrx_word' id='word_1_214' title='bbox 1969 1714 2080 1769; x_wconf 82' lang='lat' dir='ltr'><strong>haec</strong></span> <span class='ocrx_word' id='word_1_215' title='bbox 2105 1717 2287 1779; x_wconf 89' lang='lat' dir='ltr'><strong>verba,</strong></span> <span class='ocrx_word' id='word_1_216' title='bbox 2319 1718 2674 1775; x_wconf 77' lang='lat' dir='ltr'><strong>humilitatem</strong></span> <span class='ocrx_word' id='word_1_217' title='bbox 2706 1721 2919 1793; x_wconf 86' lang='lat' dir='ltr'><strong>adepta,</strong></span> <span class='ocrx_word' id='word_1_218' title='bbox 2952 1723 3188 1792; x_wconf 85' lang='lat' dir='ltr'><strong>quieten:</strong></span> <span class='ocrx_word' id='word_1_219' title='bbox 3227 1735 3280 1779; x_wconf 81' lang='lat' dir='ltr'><strong>et</strong></span> <span class='ocrx_word' id='word_1_220' title='bbox 3314 1741 3401 1781; x_wconf 91' lang='lat' dir='ltr'><strong>so-</strong></span> 
     </span>
    </p>
   </div>
   <div class='ocr_carea' id='block_1_32' title="bbox 154 1773 2439 1881">
    <p class='ocr_par' dir='ltr' id='par_1_32' title="bbox 154 1773 2439 1881">
     <span class='ocr_line' id='line_1_32' title="bbox 154 1773 2439 1881; baseline -0.001 -15"><span class='ocrx_word' id='word_1_221' title='bbox 367 1785 470 1880; x_wconf 79' lang='grc' dir='ltr'>τὴν</span> <span class='ocrx_word' id='word_1_222' title='bbox 518 1773 1013 1879; x_wconf 44' lang='grc' dir='ltr'>ταπεινοφροσύνην</span> <span class='ocrx_word' id='word_1_223' title='bbox 1038 1773 1545 1877; x_wconf 36' lang='grc' dir='ltr'>ιέγκομϐωσαμένη,</span> <span class='ocrx_word' id='word_1_224' title='bbox 1590 1805 1721 1876; x_wconf 77' lang='grc' dir='ltr'>ησύ·</span> <span class='ocrx_word' id='word_1_225' title='bbox 1764 1773 1806 1826; x_wconf 76' lang='grc' dir='ltr'><strong>Β</strong></span> <span class='ocrx_word' id='word_1_226' title='bbox 1838 1773 2069 1860; x_wconf 67' lang='grc' dir='ltr'>ίῖιίιιυίδῐη</span> <span class='ocrx_word' id='word_1_227' title='bbox 2102 1809 2213 1879; x_wconf 87' lang='lat' dir='ltr'><strong>egit</strong></span> <span class='ocrx_word' id='word_1_228' title='bbox 2252 1773 2439 1864; x_wconf 80' lang='lat' dir='ltr'><strong>vitam.</strong></span> 
     </span>
    </p>
   </div>
   <div class='ocr_carea' id='block_1_33' title="bbox 152 1904 340 1976">
    <p class='ocr_par' dir='ltr' id='par_1_33' title="bbox 152 1904 340 1976">
     <span class='ocr_line' id='line_1_33' title="bbox 152 1904 340 1976; baseline -0.011 -16"><span class='ocrx_word' id='word_1_229' title='bbox 152 1904 340 1976; x_wconf 75' lang='grc' dir='ltr'>χαζεν.</span> 
     </span>
    </p>
   </div>
   <div class='ocr_carea' id='block_1_34' title="bbox 230 1992 1724 2068">
    <p class='ocr_par' dir='ltr' id='par_1_34' title="bbox 230 1992 1724 2068">
     <span class='ocr_line' id='line_1_34' title="bbox 230 1992 1724 2068; baseline -0.005 -17"><span class='ocrx_word' id='word_1_230' title='bbox 230 1998 316 2054; x_wconf 77' lang='grc'><strong>15.</strong></span> <span class='ocrx_word' id='word_1_231' title='bbox 349 1993 456 2052; x_wconf 86' lang='grc' dir='ltr'>Ἦν</span> <span class='ocrx_word' id='word_1_232' title='bbox 511 1998 607 2068; x_wconf 88' lang='grc' dir='ltr'><strong>μὲν</strong></span> <span class='ocrx_word' id='word_1_233' title='bbox 657 1992 750 2051; x_wconf 84' lang='grc' dir='ltr'><strong>οῦν</strong></span> <span class='ocrx_word' id='word_1_234' title='bbox 795 1996 890 2050; x_wconf 65' lang='grc' dir='ltr'><strong>καὶ⁵</strong></span> <span class='ocrx_word' id='word_1_235' title='bbox 942 1998 1000 2050; x_wconf 83' lang='grc' dir='ltr'><strong>ἐν</strong></span> <span class='ocrx_word' id='word_1_236' title='bbox 1047 1999 1166 2060; x_wconf 88' lang='grc' dir='ltr'>ταῖς</span> <span class='ocrx_word' id='word_1_237' title='bbox 1200 1998 1492 2066; x_wconf 83' lang='grc' dir='ltr'>πατρικαῖς</span> <span class='ocrx_word' id='word_1_238' title='bbox 1537 1993 1724 2055; x_wconf 80' lang='grc' dir='ltr'>αὐλαῖς</span> 
     </span>
    </p>
   </div>
   <div class='ocr_carea' id='block_1_35' title="bbox 157 2085 1724 2161">
    <p class='ocr_par' dir='ltr' id='par_1_35' title="bbox 157 2085 1724 2161">
     <span class='ocr_line' id='line_1_35' title="bbox 157 2085 1724 2161; baseline -0.006 -16"><span class='ocrx_word' id='word_1_239' title='bbox 157 2091 362 2154; x_wconf 79' lang='grc' dir='ltr'>ἱκανῶς</span> <span class='ocrx_word' id='word_1_240' title='bbox 395 2089 871 2161; x_wconf 89' lang='grc' dir='ltr'>προγυμνασθεῖσα</span> <span class='ocrx_word' id='word_1_241' title='bbox 903 2091 1014 2152; x_wconf 86' lang='grc' dir='ltr'>τοῖς</span> <span class='ocrx_word' id='word_1_242' title='bbox 1044 2090 1254 2152; x_wconf 71' lang='grc' dir='ltr'>πόνοιςο</span> <span class='ocrx_word' id='word_1_243' title='bbox 1285 2087 1378 2140; x_wconf 76' lang='grc' dir='ltr'><strong>καὶ</strong></span> <span class='ocrx_word' id='word_1_244' title='bbox 1413 2087 1469 2140; x_wconf 87' lang='grc' dir='ltr'><strong>ἐν</strong></span> <span class='ocrx_word' id='word_1_245' title='bbox 1499 2087 1636 2157; x_wconf 72' lang='grc' dir='ltr'>αὐτῇ</span> <span class='ocrx_word' id='word_1_246' title='bbox 1668 2085 1724 2136; x_wconf 85' lang='grc' dir='ltr'><strong>δέ</strong></span> 
     </span>
    </p>
   </div>
   <div class='ocr_carea' id='block_1_36' title="bbox 154 2179 1726 2254">
    <p class='ocr_par' dir='ltr' id='par_1_36' title="bbox 154 2179 1726 2254">
     <span class='ocr_line' id='line_1_36' title="bbox 154 2179 1726 2254; baseline -0.005 -17"><span class='ocrx_word' id='word_1_247' title='bbox 154 2187 224 2254; x_wconf 84' lang='grc' dir='ltr'>τῇ</span> <span class='ocrx_word' id='word_1_248' title='bbox 268 2183 418 2254; x_wconf 78' lang='grc' dir='ltr'>ἀκμῇ</span> <span class='ocrx_word' id='word_1_249' title='bbox 451 2181 544 2236; x_wconf 87' lang='grc' dir='ltr'><strong>τοῦ</strong></span> <span class='ocrx_word' id='word_1_250' title='bbox 584 2182 792 2236; x_wconf 83' lang='grc' dir='ltr'>σταδίου</span> <span class='ocrx_word' id='word_1_251' title='bbox 828 2181 1074 2252; x_wconf 86' lang='grc' dir='ltr'>ἀχθεῖσα,</span> <span class='ocrx_word' id='word_1_252' title='bbox 1111 2180 1411 2253; x_wconf 86' lang='grc' dir='ltr'>προέκοπτε</span> <span class='ocrx_word' id='word_1_253' title='bbox 1455 2181 1572 2240; x_wconf 87' lang='grc' dir='ltr'>ταῖς</span> <span class='ocrx_word' id='word_1_254' title='bbox 1598 2179 1726 2248; x_wconf 87' lang='grc' dir='ltr'>ἀρε-</span> 
     </span>
    </p>
   </div>
   <div class='ocr_carea' id='block_1_37' title="bbox 156 2270 1728 2345">
    <p class='ocr_par' dir='ltr' id='par_1_37' title="bbox 156 2270 1728 2345">
     <span class='ocr_line' id='line_1_37' title="bbox 156 2270 1728 2345; baseline -0.004 -17"><span class='ocrx_word' id='word_1_255' title='bbox 156 2278 298 2338; x_wconf 85' lang='grc' dir='ltr'>ταῖς.</span> <span class='ocrx_word' id='word_1_256' title='bbox 329 2275 481 2328; x_wconf 84' lang='grc' dir='ltr'>Ὅσοι</span> <span class='ocrx_word' id='word_1_257' title='bbox 515 2275 611 2344; x_wconf 80' lang='grc' dir='ltr'><strong>μὲν</strong></span> <span class='ocrx_word' id='word_1_258' title='bbox 637 2270 728 2328; x_wconf 80' lang='grc' dir='ltr'><strong>οῦν</strong></span> <span class='ocrx_word' id='word_1_259' title='bbox 753 2274 1114 2345; x_wconf 84' lang='grc' dir='ltr'>ἀγυμνάστως</span> <span class='ocrx_word' id='word_1_260' title='bbox 1141 2275 1232 2326; x_wconf 74' lang='grc' dir='ltr'><strong>καὶ</strong></span> <span class='ocrx_word' id='word_1_261' title='bbox 1258 2273 1544 2334; x_wconf 82' lang='grc' dir='ltr'>ἀσκέπτως</span> <span class='ocrx_word' id='word_1_262' title='bbox 1570 2287 1728 2341; x_wconf 87' lang='grc' dir='ltr'>προσ-</span> 
     </span>
    </p>
   </div>
   <div class='ocr_carea' id='block_1_38' title="bbox 160 2359 1728 2433">
    <p class='ocr_par' dir='ltr' id='par_1_38' title="bbox 160 2359 1728 2433">
     <span class='ocr_line' id='line_1_38' title="bbox 160 2359 1728 2433; baseline -0.001 -20"><span class='ocrx_word' id='word_1_263' title='bbox 160 2361 322 2431; x_wconf 84' lang='grc' dir='ltr'>ῆλθον</span> <span class='ocrx_word' id='word_1_264' title='bbox 354 2360 432 2432; x_wconf 85' lang='grc' dir='ltr'>τῷ</span> <span class='ocrx_word' id='word_1_265' title='bbox 477 2362 606 2432; x_wconf 82' lang='grc' dir='ltr'>θείῳ</span> <span class='ocrx_word' id='word_1_266' title='bbox 639 2361 812 2433; x_wconf 81' lang='grc' dir='ltr'>τούτῳ</span> <span class='ocrx_word' id='word_1_267' title='bbox 854 2363 1152 2433; x_wconf 84' lang='grc' dir='ltr'>μυστηρίῳ,</span> <span class='ocrx_word' id='word_1_268' title='bbox 1189 2362 1457 2431; x_wconf 83' lang='grc' dir='ltr'>ἀπέτυχον</span> <span class='ocrx_word' id='word_1_269' title='bbox 1497 2359 1592 2412; x_wconf 92' lang='grc' dir='ltr'><strong>τοῦ</strong></span> <span class='ocrx_word' id='word_1_270' title='bbox 1634 2360 1728 2430; x_wconf 79' lang='grc' dir='ltr'><strong>ζηο</strong></span> 
     </span>
    </p>
   </div>
   <div class='ocr_carea' id='block_1_39' title="bbox 159 2451 1724 2525">
    <p class='ocr_par' dir='ltr' id='par_1_39' title="bbox 159 2451 1724 2525">
     <span class='ocr_line' id='line_1_39' title="bbox 159 2451 1724 2525; baseline -0.001 -20"><span class='ocrx_word' id='word_1_271' title='bbox 159 2453 444 2524; x_wconf 86' lang='grc' dir='ltr'>τουμένου,</span> <span class='ocrx_word' id='word_1_272' title='bbox 499 2453 574 2524; x_wconf 80' lang='grc' dir='ltr'>μὴ</span> <span class='ocrx_word' id='word_1_273' title='bbox 621 2453 1106 2525; x_wconf 84' lang='grc' dir='ltr'>προθεωρήσαντες</span> <span class='ocrx_word' id='word_1_274' title='bbox 1158 2452 1228 2505; x_wconf 89' lang='grc' dir='ltr'><strong>τά</strong></span> <span class='ocrx_word' id='word_1_275' title='bbox 1285 2451 1406 2506; x_wconf 90' lang='grc' dir='ltr'>καθ’</span> <span class='ocrx_word' id='word_1_276' title='bbox 1465 2452 1724 2505; x_wconf 73' lang='grc' dir='ltr'>ἕκαστονο</span> 
     </span>
    </p>
   </div>
   <div class='ocr_carea' id='block_1_40' title="bbox 159 2543 1729 2618">
    <p class='ocr_par' dir='ltr' id='par_1_40' title="bbox 159 2543 1729 2618">
     <span class='ocr_line' id='line_1_40' title="bbox 159 2543 1729 2618; baseline -0.001 -20"><span class='ocrx_word' id='word_1_277' title='bbox 159 2545 350 2617; x_wconf 82' lang='grc' dir='ltr'>ὥσπερ</span> <span class='ocrx_word' id='word_1_278' title='bbox 379 2545 435 2598; x_wconf 82' lang='grc' dir='ltr'>δὲ</span> <span class='ocrx_word' id='word_1_279' title='bbox 464 2547 512 2598; x_wconf 79' lang='grc' dir='ltr'>οἱ</span> <span class='ocrx_word' id='word_1_280' title='bbox 541 2546 838 2618; x_wconf 88' lang='grc' dir='ltr'>ὁδοιπορεῖν</span> <span class='ocrx_word' id='word_1_281' title='bbox 873 2545 1155 2616; x_wconf 86' lang='grc' dir='ltr'>μέλλοντες</span> <span class='ocrx_word' id='word_1_282' title='bbox 1193 2545 1300 2598; x_wconf 91' lang='grc' dir='ltr'><strong>τῶν</strong></span> <span class='ocrx_word' id='word_1_283' title='bbox 1331 2544 1554 2614; x_wconf 77' lang='grc' dir='ltr'>ἐφοδίων</span> <span class='ocrx_word' id='word_1_284' title='bbox 1581 2543 1729 2614; x_wconf 86' lang='grc' dir='ltr'>πρῶ-</span> 
     </span>
    </p>
   </div>
   <div class='ocr_carea' id='block_1_41' title="bbox 161 2633 1731 2706">
    <p class='ocr_par' dir='ltr' id='par_1_41' title="bbox 161 2633 1731 2706">
     <span class='ocr_line' id='line_1_41' title="bbox 161 2633 1731 2706; baseline -0.001 -18"><span class='ocrx_word' id='word_1_285' title='bbox 161 2651 256 2688; x_wconf 90' lang='grc' dir='ltr'><strong>τον</strong></span> <span class='ocrx_word' id='word_1_286' title='bbox 294 2634 697 2706; x_wconf 78' lang='grc' dir='ltr'>φροντίζουσιν,</span> <span class='ocrx_word' id='word_1_287' title='bbox 741 2634 910 2698; x_wconf 76' lang='grc' dir='ltr'>οὕτως</span> <span class='ocrx_word' id='word_1_288' title='bbox 941 2635 1034 2688; x_wconf 76' lang='grc' dir='ltr'>καὶ</span> <span class='ocrx_word' id='word_1_289' title='bbox 1072 2633 1230 2706; x_wconf 78' lang='grc' dir='ltr'>αὕτη,</span> <span class='ocrx_word' id='word_1_290' title='bbox 1273 2634 1459 2705; x_wconf 87' lang='grc' dir='ltr'>ῶσπερ</span> <span class='ocrx_word' id='word_1_291' title='bbox 1501 2634 1731 2703; x_wconf 77' lang='grc' dir='ltr'>ἐφοδίοις</span> 
     </span>
    </p>
   </div>
   <div class='ocr_carea' id='block_1_42' title="bbox 162 2725 1732 2798">
    <p class='ocr_par' dir='ltr' id='par_1_42' title="bbox 162 2725 1732 2798">
     <span class='ocr_line' id='line_1_42' title="bbox 162 2725 1732 2798; baseline -0.001 -18"><span class='ocrx_word' id='word_1_292' title='bbox 162 2728 384 2798; x_wconf 81' lang='grc' dir='ltr'>ἑαυτὴν,</span> <span class='ocrx_word' id='word_1_293' title='bbox 425 2729 538 2790; x_wconf 85' lang='grc' dir='ltr'>τοῖς</span> <span class='ocrx_word' id='word_1_294' title='bbox 582 2725 749 2780; x_wconf 88' lang='grc' dir='ltr'>πάλαι</span> <span class='ocrx_word' id='word_1_295' title='bbox 790 2729 969 2789; x_wconf 85' lang='grc' dir='ltr'>πόνοις</span> <span class='ocrx_word' id='word_1_296' title='bbox 1005 2727 1388 2797; x_wconf 84' lang='grc' dir='ltr'>εὐτρεπίσασα,</span> <span class='ocrx_word' id='word_1_297' title='bbox 1430 2726 1602 2790; x_wconf 83' lang='grc' dir='ltr'>ἀδεῶς</span> <span class='ocrx_word' id='word_1_298' title='bbox 1635 2727 1732 2796; x_wconf 86' lang='grc' dir='ltr'>τὴν</span> 
     </span>
    </p>
   </div>
   <div class='ocr_carea' id='block_1_43' title="bbox 165 2816 1732 2888">
    <p class='ocr_par' dir='ltr' id='par_1_43' title="bbox 165 2816 1732 2888">
     <span class='ocr_line' id='line_1_43' title="bbox 165 2816 1732 2888; baseline -0.001 -18"><span class='ocrx_word' id='word_1_299' title='bbox 165 2819 259 2871; x_wconf 77' lang='grc' dir='ltr'><strong>ἐπὶ</strong></span> <span class='ocrx_word' id='word_1_300' title='bbox 312 2818 381 2871; x_wconf 86' lang='grc' dir='ltr'><strong>τά</strong></span> <span class='ocrx_word' id='word_1_301' title='bbox 430 2817 543 2872; x_wconf 82' lang='grc' dir='ltr'><strong>ἀνω</strong></span> <span class='ocrx_word' id='word_1_302' title='bbox 595 2817 816 2888; x_wconf 85' lang='grc' dir='ltr'>πορείαν</span> <span class='ocrx_word' id='word_1_303' title='bbox 863 2819 1192 2887; x_wconf 73' lang='grc' dir='ltr'>ἐποιήσατοο</span> <span class='ocrx_word' id='word_1_304' title='bbox 1232 2817 1301 2870; x_wconf 83' lang='grc' dir='ltr'>τὰ</span> <span class='ocrx_word' id='word_1_305' title='bbox 1360 2816 1468 2887; x_wconf 86' lang='grc' dir='ltr'>γὰρ</span> <span class='ocrx_word' id='word_1_306' title='bbox 1523 2819 1602 2880; x_wconf 80' lang='grc' dir='ltr'><strong>είς</strong></span> <span class='ocrx_word' id='word_1_307' title='bbox 1642 2816 1732 2869; x_wconf 86' lang='grc' dir='ltr'><strong>τὸν</strong></span> 
     </span>
    </p>
   </div>
   <div class='ocr_carea' id='block_1_44' title="bbox 165 2907 1732 2982">
    <p class='ocr_par' dir='ltr' id='par_1_44' title="bbox 165 2907 1732 2982">
     <span class='ocr_line' id='line_1_44' title="bbox 165 2907 1732 2982; baseline -0.002 -19"><span class='ocrx_word' id='word_1_308' title='bbox 165 2910 509 2982; x_wconf 76' lang='grc' dir='ltr'>ἀπαρτισμὸν</span> <span class='ocrx_word' id='word_1_309' title='bbox 553 2909 655 2980; x_wconf 81' lang='grc' dir='ltr'>τῆς</span> <span class='ocrx_word' id='word_1_310' title='bbox 693 2909 867 2972; x_wconf 86' lang='grc' dir='ltr'>οίκίας</span> <span class='ocrx_word' id='word_1_311' title='bbox 914 2909 1348 2981; x_wconf 87' lang='grc' dir='ltr'>προαποθεμένη,</span> <span class='ocrx_word' id='word_1_312' title='bbox 1395 2907 1732 2978; x_wconf 82' lang='grc' dir='ltr'>ὀχυρώτατον</span> 
     </span>
    </p>
   </div>
   <div class='ocr_carea' id='block_1_45' title="bbox 164 2999 1734 3072">
    <p class='ocr_par' dir='ltr' id='par_1_45' title="bbox 164 2999 1734 3072">
     <span class='ocr_line' id='line_1_45' title="bbox 164 2999 1734 3072; baseline -0.001 -20"><span class='ocrx_word' id='word_1_313' title='bbox 164 3001 257 3053; x_wconf 85' lang='grc' dir='ltr'><strong>τὸν</strong></span> <span class='ocrx_word' id='word_1_314' title='bbox 284 3001 480 3072; x_wconf 80' lang='grc' dir='ltr'>ἑαυτῆς</span> <span class='ocrx_word' id='word_1_315' title='bbox 522 3000 754 3064; x_wconf 84' lang='grc' dir='ltr'>ἐξετέλει</span> <span class='ocrx_word' id='word_1_316' title='bbox 794 3000 1019 3071; x_wconf 89' lang='grc' dir='ltr'>πύργον.</span> <span class='ocrx_word' id='word_1_317' title='bbox 1065 3001 1176 3055; x_wconf 66' lang='grc' dir='ltr'><strong>Κα)⁸</strong></span> <span class='ocrx_word' id='word_1_318' title='bbox 1205 3002 1264 3054; x_wconf 86' lang='grc' dir='ltr'><strong>τὸ</strong></span> <span class='ocrx_word' id='word_1_319' title='bbox 1296 3001 1392 3071; x_wconf 85' lang='grc' dir='ltr'><strong>μὲν</strong></span> <span class='ocrx_word' id='word_1_320' title='bbox 1433 2999 1556 3052; x_wconf 78' lang='grc' dir='ltr'>καθ’</span> <span class='ocrx_word' id='word_1_321' title='bbox 1592 3002 1734 3052; x_wconf 75' lang='grc' dir='ltr'>ἱστο-</span> 
     </span>
    </p>
   </div>
   <div class='ocr_carea' id='block_1_46' title="bbox 168 3093 1804 3178">
    <p class='ocr_par' dir='ltr' id='par_1_46' title="bbox 168 3093 1804 3178">
     <span class='ocr_line' id='line_1_46' title="bbox 168 3093 1804 3178; baseline 0.001 -33"><span class='ocrx_word' id='word_1_322' title='bbox 168 3095 291 3164; x_wconf 83' lang='grc' dir='ltr'>ρίαν</span> <span class='ocrx_word' id='word_1_323' title='bbox 342 3093 450 3147; x_wconf 86' lang='grc' dir='ltr'><strong>τῶν</strong></span> <span class='ocrx_word' id='word_1_324' title='bbox 498 3094 811 3165; x_wconf 80' lang='grc' dir='ltr'>οἰκημάτων</span> <span class='ocrx_word' id='word_1_325' title='bbox 856 3095 1065 3166; x_wconf 89' lang='grc' dir='ltr'>ποίημα</span> <span class='ocrx_word' id='word_1_326' title='bbox 1093 3096 1157 3147; x_wconf 86' lang='grc' dir='ltr'><strong>ἐκ</strong></span> <span class='ocrx_word' id='word_1_327' title='bbox 1204 3095 1311 3148; x_wconf 88' lang='grc' dir='ltr'><strong>τῶν</strong></span> <span class='ocrx_word' id='word_1_328' title='bbox 1354 3093 1550 3160; x_wconf 78' lang='grc' dir='ltr'>ἔξωθεν</span> <span class='ocrx_word' id='word_1_329' title='bbox 1595 3093 1734 3146; x_wconf 83' lang='grc' dir='ltr'>ὑλῶν</span> <span class='ocrx_word' id='word_1_330' title='bbox 1763 3121 1804 3178; x_wconf 77' lang='lat' dir='ltr'>C</span> 
     </span>
    </p>
   </div>
   <div class='ocr_carea' id='block_1_47' title="bbox 165 3186 1729 3258">
    <p class='ocr_par' dir='ltr' id='par_1_47' title="bbox 165 3186 1729 3258">
     <span class='ocr_line' id='line_1_47' title="bbox 165 3186 1729 3258; baseline 0.001 -21"><span class='ocrx_word' id='word_1_331' title='bbox 165 3186 658 3251; x_wconf 78' lang='grc' dir='ltr'>κατασκευάζεται’</span> <span class='ocrx_word' id='word_1_332' title='bbox 685 3186 824 3258; x_wconf 82' lang='grc' dir='ltr'>αῦτη</span> <span class='ocrx_word' id='word_1_333' title='bbox 853 3187 907 3240; x_wconf 88' lang='grc' dir='ltr'>δὲ</span> <span class='ocrx_word' id='word_1_334' title='bbox 939 3187 998 3240; x_wconf 84' lang='grc' dir='ltr'><strong>τὸ</strong></span> <span class='ocrx_word' id='word_1_335' title='bbox 1034 3189 1272 3241; x_wconf 87' lang='grc' dir='ltr'>ἐναντίον</span> <span class='ocrx_word' id='word_1_336' title='bbox 1306 3186 1636 3258; x_wconf 83' lang='grc' dir='ltr'>πεποίηκεν·</span> <span class='ocrx_word' id='word_1_337' title='bbox 1669 3187 1729 3240; x_wconf 83' lang='grc' dir='ltr'><strong>οὑ</strong></span> 
     </span>
    </p>
   </div>
   <div class='ocr_carea' id='block_1_48' title="bbox 166 3277 1733 3351">
    <p class='ocr_par' dir='ltr' id='par_1_48' title="bbox 166 3277 1733 3351">
     <span class='ocr_line' id='line_1_48' title="bbox 166 3277 1733 3351; baseline 0.002 -21"><span class='ocrx_word' id='word_1_338' title='bbox 166 3278 275 3348; x_wconf 88' lang='grc' dir='ltr'><strong>γάρ</strong></span> <span class='ocrx_word' id='word_1_339' title='bbox 312 3278 410 3342; x_wconf 80' lang='grc' dir='ltr'>τὰς</span> <span class='ocrx_word' id='word_1_340' title='bbox 441 3277 639 3343; x_wconf 72' lang='grc' dir='ltr'>ἔξωθεν</span> <span class='ocrx_word' id='word_1_341' title='bbox 679 3279 810 3343; x_wconf 76' lang='grc' dir='ltr'>ὔλας</span> <span class='ocrx_word' id='word_1_342' title='bbox 851 3282 1175 3351; x_wconf 88' lang='grc' dir='ltr'>συνήγαγεν,</span> <span class='ocrx_word' id='word_1_343' title='bbox 1219 3280 1352 3334; x_wconf 89' lang='grc' dir='ltr'><strong>ἀλλά</strong></span> <span class='ocrx_word' id='word_1_344' title='bbox 1392 3281 1590 3350; x_wconf 79' lang='grc' dir='ltr'>μᾶλλον</span> <span class='ocrx_word' id='word_1_345' title='bbox 1636 3279 1733 3344; x_wconf 89' lang='grc' dir='ltr'><strong>τάς</strong></span> 
     </span>
    </p>
   </div>
   <div class='ocr_carea' id='block_1_49' title="bbox 166 3369 1733 3444">
    <p class='ocr_par' dir='ltr' id='par_1_49' title="bbox 166 3369 1733 3444">
     <span class='ocr_line' id='line_1_49' title="bbox 166 3369 1733 3444; baseline 0.002 -23"><span class='ocrx_word' id='word_1_346' title='bbox 166 3369 368 3422; x_wconf 74' lang='grc' dir='ltr'>ἔσωθεν</span> <span class='ocrx_word' id='word_1_347' title='bbox 409 3371 660 3424; x_wconf 87' lang='grc' dir='ltr'>ἐκένωσε.</span> <span class='ocrx_word' id='word_1_348' title='bbox 692 3372 773 3426; x_wconf 87' lang='grc' dir='ltr'><strong>Τά</strong></span> <span class='ocrx_word' id='word_1_349' title='bbox 818 3372 925 3443; x_wconf 89' lang='grc' dir='ltr'><strong>γάρ</strong></span> <span class='ocrx_word' id='word_1_350' title='bbox 957 3373 1212 3444; x_wconf 87' lang='grc' dir='ltr'>χρήματα</span> <span class='ocrx_word' id='word_1_351' title='bbox 1253 3373 1448 3442; x_wconf 79' lang='grc' dir='ltr'>ἑαυτῆς</span> <span class='ocrx_word' id='word_1_352' title='bbox 1482 3372 1733 3427; x_wconf 89' lang='grc' dir='ltr'>διαδοῦσα</span> 
     </span>
    </p>
   </div>
   <div class='ocr_carea' id='block_1_50' title="bbox 163 3463 1730 3537">
    <p class='ocr_par' dir='ltr' id='par_1_50' title="bbox 163 3463 1730 3537">
     <span class='ocr_line' id='line_1_50' title="bbox 163 3463 1730 3537; baseline 0.002 -22"><span class='ocrx_word' id='word_1_353' title='bbox 163 3466 276 3527; x_wconf 89' lang='grc' dir='ltr'>τοῖς</span> <span class='ocrx_word' id='word_1_354' title='bbox 295 3463 508 3535; x_wconf 84' lang='grc' dir='ltr'>πένησι,</span> <span class='ocrx_word' id='word_1_355' title='bbox 534 3464 626 3518; x_wconf 78' lang='grc' dir='ltr'><strong>καὶ</strong></span> <span class='ocrx_word' id='word_1_356' title='bbox 648 3464 1021 3519; x_wconf 90' lang='grc' dir='ltr'>καταλιποῦσα</span> <span class='ocrx_word' id='word_1_357' title='bbox 1043 3465 1209 3537; x_wconf 85' lang='grc' dir='ltr'>ὀργὴν</span> <span class='ocrx_word' id='word_1_358' title='bbox 1229 3466 1322 3520; x_wconf 60' lang='grc' dir='ltr'><strong>κατ⁹</strong></span> <span class='ocrx_word' id='word_1_359' title='bbox 1348 3467 1730 3536; x_wconf 80' lang='grc' dir='ltr'>μνησικακίαν,</span> 
     </span>
    </p>
   </div>
   <div class='ocr_carea' id='block_1_51' title="bbox 165 3554 1732 3626">
    <p class='ocr_par' dir='ltr' id='par_1_51' title="bbox 165 3554 1732 3626">
     <span class='ocr_line' id='line_1_51' title="bbox 165 3554 1732 3626; baseline 0 -20"><span class='ocrx_word' id='word_1_360' title='bbox 165 3554 500 3625; x_wconf 88' lang='grc' dir='ltr'>ἀπωσαμένη</span> <span class='ocrx_word' id='word_1_361' title='bbox 529 3555 585 3608; x_wconf 83' lang='grc' dir='ltr'>δὲ</span> <span class='ocrx_word' id='word_1_362' title='bbox 611 3556 704 3608; x_wconf 73' lang='grc' dir='ltr'><strong>καὶ</strong></span> <span class='ocrx_word' id='word_1_363' title='bbox 736 3555 924 3624; x_wconf 82' lang='grc' dir='ltr'>φθόνον</span> <span class='ocrx_word' id='word_1_364' title='bbox 949 3556 1040 3610; x_wconf 74' lang='grc' dir='ltr'><strong>καὶ</strong></span> <span class='ocrx_word' id='word_1_365' title='bbox 1075 3555 1393 3624; x_wconf 81' lang='grc' dir='ltr'>φιλοδοξίαν,</span> <span class='ocrx_word' id='word_1_366' title='bbox 1417 3555 1732 3626; x_wconf 81' lang='grc' dir='ltr'>ᾠκοδόμησε</span> 
     </span>
    </p>
   </div>
   <div class='ocr_carea' id='block_1_52' title="bbox 163 3639 1733 3718">
    <p class='ocr_par' dir='ltr' id='par_1_52' title="bbox 163 3639 1733 3718">
     <span class='ocr_line' id='line_1_52' title="bbox 163 3639 1733 3718; baseline 0.003 -24"><span class='ocrx_word' id='word_1_367' title='bbox 163 3644 263 3714; x_wconf 81' lang='grc' dir='ltr'>τὴν</span> <span class='ocrx_word' id='word_1_368' title='bbox 289 3644 464 3697; x_wconf 75' lang='grc' dir='ltr'>οἰκίαν</span> <span class='ocrx_word' id='word_1_369' title='bbox 509 3645 704 3716; x_wconf 79' lang='grc' dir='ltr'>ἑαυτῆς</span> <span class='ocrx_word' id='word_1_370' title='bbox 743 3645 834 3698; x_wconf 76' lang='grc' dir='ltr'><strong>ἐπὶ</strong></span> <span class='ocrx_word' id='word_1_371' title='bbox 880 3645 974 3716; x_wconf 82' lang='grc' dir='ltr'><strong>τὴν</strong></span> <span class='ocrx_word' id='word_1_372' title='bbox 1014 3645 1236 3718; x_wconf 85' lang='grc' dir='ltr'>πέτραν,</span> <span class='ocrx_word' id='word_1_373' title='bbox 1271 3639 1337 3716; x_wconf 83' lang='grc' dir='ltr'>ἦς</span> <span class='ocrx_word' id='word_1_374' title='bbox 1380 3645 1681 3715; x_wconf 80' lang='grc' dir='ltr'>περιφανὴς</span> <span class='ocrx_word' id='word_1_375' title='bbox 1705 3647 1733 3698; x_wconf 84' lang='grc' dir='ltr'>ὁ</span> 
     </span>
    </p>
   </div>
   <div class='ocr_carea' id='block_1_53' title="bbox 165 3735 1113 3808">
    <p class='ocr_par' dir='ltr' id='par_1_53' title="bbox 165 3735 1113 3808">
     <span class='ocr_line' id='line_1_53' title="bbox 165 3735 1113 3808; baseline 0.002 -18"><span class='ocrx_word' id='word_1_376' title='bbox 165 3735 374 3807; x_wconf 85' lang='grc' dir='ltr'>πύργος</span> <span class='ocrx_word' id='word_1_377' title='bbox 407 3737 500 3800; x_wconf 71' lang='grc' dir='ltr'><strong>καὶ</strong></span> <span class='ocrx_word' id='word_1_378' title='bbox 524 3737 852 3808; x_wconf 76' lang='grc' dir='ltr'>ἀχείμαστος</span> <span class='ocrx_word' id='word_1_379' title='bbox 880 3739 912 3808; x_wconf 83' lang='grc' dir='ltr'>ἡ</span> <span class='ocrx_word' id='word_1_380' title='bbox 946 3738 1113 3794; x_wconf 78' lang='grc' dir='ltr'>οἰκία.</span> 
     </span>
    </p>
   </div>
   <div class='ocr_carea' id='block_1_54' title="bbox 239 3827 1731 3900">
    <p class='ocr_par' dir='ltr' id='par_1_54' title="bbox 239 3827 1731 3900">
     <span class='ocr_line' id='line_1_54' title="bbox 239 3827 1731 3900; baseline 0 -20"><span class='ocrx_word' id='word_1_381' title='bbox 239 3827 325 3880; x_wconf 72' lang='grc'><strong>14.</strong></span> <span class='ocrx_word' id='word_1_382' title='bbox 365 3829 473 3881; x_wconf 74' lang='grc' dir='ltr'>Καὶ</span> <span class='ocrx_word' id='word_1_383' title='bbox 502 3827 555 3880; x_wconf 90' lang='grc' dir='ltr'><strong>τί</strong></span> <span class='ocrx_word' id='word_1_384' title='bbox 600 3828 767 3881; x_wconf 85' lang='grc' dir='ltr'>πολλὰ</span> <span class='ocrx_word' id='word_1_385' title='bbox 798 3827 977 3896; x_wconf 89' lang='grc' dir='ltr'>λέγω;</span> <span class='ocrx_word' id='word_1_386' title='bbox 1013 3829 1334 3900; x_wconf 81' lang='grc' dir='ltr'>ὑπερέϐαινε</span> <span class='ocrx_word' id='word_1_387' title='bbox 1365 3828 1473 3900; x_wconf 84' lang='grc' dir='ltr'><strong>γὰρ</strong></span> <span class='ocrx_word' id='word_1_388' title='bbox 1511 3829 1597 3883; x_wconf 84' lang='grc' dir='ltr'>διὰ</span> <span class='ocrx_word' id='word_1_389' title='bbox 1625 3828 1731 3881; x_wconf 91' lang='grc' dir='ltr'><strong>τῶν</strong></span> 
     </span>
    </p>
   </div>
   <div class='ocr_carea' id='block_1_55' title="bbox 165 3916 1732 3990">
    <p class='ocr_par' dir='ltr' id='par_1_55' title="bbox 165 3916 1732 3990">
     <span class='ocr_line' id='line_1_55' title="bbox 165 3916 1732 3990; baseline 0.002 -21"><span class='ocrx_word' id='word_1_390' title='bbox 165 3916 348 3987; x_wconf 89' lang='grc' dir='ltr'>ἀρχῶν</span> <span class='ocrx_word' id='word_1_391' title='bbox 377 3918 469 3971; x_wconf 78' lang='grc' dir='ltr'>καὶ</span> <span class='ocrx_word' id='word_1_392' title='bbox 494 3917 592 3982; x_wconf 82' lang='grc' dir='ltr'><strong>τὰς</strong></span> <span class='ocrx_word' id='word_1_393' title='bbox 629 3919 686 3972; x_wconf 88' lang='grc' dir='ltr'><strong>ἐν</strong></span> <span class='ocrx_word' id='word_1_394' title='bbox 709 3919 819 3983; x_wconf 77' lang='grc' dir='ltr'>ἕξει</span> <span class='ocrx_word' id='word_1_395' title='bbox 858 3917 952 3972; x_wconf 92' lang='grc' dir='ltr'><strong>τοῦ</strong></span> <span class='ocrx_word' id='word_1_396' title='bbox 998 3921 1262 3990; x_wconf 84' lang='grc' dir='ltr'>μονήρους</span> <span class='ocrx_word' id='word_1_397' title='bbox 1296 3919 1409 3989; x_wconf 88' lang='grc' dir='ltr'>βίου</span> <span class='ocrx_word' id='word_1_398' title='bbox 1435 3919 1732 3990; x_wconf 86' lang='grc' dir='ltr'>τυγχανού-</span> 
     </span>
    </p>
   </div>
   <div class='ocr_carea' id='block_1_56' title="bbox 163 4009 1729 4081">
    <p class='ocr_par' dir='ltr' id='par_1_56' title="bbox 163 4009 1729 4081">
     <span class='ocr_line' id='line_1_56' title="bbox 163 4009 1729 4081; baseline 0.001 -20"><span class='ocrx_word' id='word_1_399' title='bbox 163 4025 281 4072; x_wconf 90' lang='grc' dir='ltr'>σας.</span> <span class='ocrx_word' id='word_1_400' title='bbox 316 4009 524 4081; x_wconf 84' lang='grc' dir='ltr'>Ὦσπερ</span> <span class='ocrx_word' id='word_1_401' title='bbox 551 4009 657 4081; x_wconf 85' lang='grc' dir='ltr'>γὰρ</span> <span class='ocrx_word' id='word_1_402' title='bbox 687 4009 755 4064; x_wconf 86' lang='grc' dir='ltr'>τὰ</span> <span class='ocrx_word' id='word_1_403' title='bbox 782 4011 1118 4080; x_wconf 78' lang='grc' dir='ltr'>εὐφυέστατα</span> <span class='ocrx_word' id='word_1_404' title='bbox 1149 4010 1256 4063; x_wconf 91' lang='grc' dir='ltr'><strong>τῶν</strong></span> <span class='ocrx_word' id='word_1_405' title='bbox 1285 4010 1530 4073; x_wconf 89' lang='grc' dir='ltr'>παιδίων,</span> <span class='ocrx_word' id='word_1_406' title='bbox 1563 4009 1641 4062; x_wconf 78' lang='grc' dir='ltr'>ἔτι</span> <span class='ocrx_word' id='word_1_407' title='bbox 1673 4012 1729 4062; x_wconf 92' lang='grc' dir='ltr'><strong>ἐν</strong></span> 
     </span>
    </p>
   </div>
   <div class='ocr_carea' id='block_1_57' title="bbox 160 4101 1729 4174">
    <p class='ocr_par' dir='ltr' id='par_1_57' title="bbox 160 4101 1729 4174">
     <span class='ocr_line' id='line_1_57' title="bbox 160 4101 1729 4174; baseline -0.001 -18"><span class='ocrx_word' id='word_1_408' title='bbox 160 4105 280 4167; x_wconf 88' lang='grc' dir='ltr'>ταῖς</span> <span class='ocrx_word' id='word_1_409' title='bbox 311 4101 598 4167; x_wconf 87' lang='grc' dir='ltr'>συλλαϐαῖς</span> <span class='ocrx_word' id='word_1_410' title='bbox 635 4102 782 4167; x_wconf 76' lang='grc' dir='ltr'>ὄντα,</span> <span class='ocrx_word' id='word_1_411' title='bbox 817 4103 1146 4174; x_wconf 84' lang='grc' dir='ltr'>ἁμιλλῶνται</span> <span class='ocrx_word' id='word_1_412' title='bbox 1175 4106 1286 4166; x_wconf 89' lang='grc' dir='ltr'>τοῖς</span> <span class='ocrx_word' id='word_1_413' title='bbox 1323 4104 1380 4156; x_wconf 87' lang='grc' dir='ltr'><strong>ἐν</strong></span> <span class='ocrx_word' id='word_1_414' title='bbox 1421 4103 1605 4174; x_wconf 80' lang='grc' dir='ltr'>ἡλικίᾳ</span> <span class='ocrx_word' id='word_1_415' title='bbox 1635 4104 1729 4157; x_wconf 77' lang='grc' dir='ltr'><strong>καὶ</strong></span> 
     </span>
    </p>
   </div>
   <div class='ocr_carea' id='block_1_58' title="bbox 161 4194 1729 4268">
    <p class='ocr_par' dir='ltr' id='par_1_58' title="bbox 161 4194 1729 4268">
     <span class='ocr_line' id='line_1_58' title="bbox 161 4194 1729 4268; baseline -0.001 -18"><span class='ocrx_word' id='word_1_416' title='bbox 161 4197 332 4250; x_wconf 88' lang='grc' dir='ltr'>πλείω</span> <span class='ocrx_word' id='word_1_417' title='bbox 379 4195 568 4268; x_wconf 90' lang='grc' dir='ltr'>χρόνον</span> <span class='ocrx_word' id='word_1_418' title='bbox 613 4195 792 4266; x_wconf 74' lang='grc' dir='ltr'>ἔχουσι</span> <span class='ocrx_word' id='word_1_419' title='bbox 843 4195 994 4268; x_wconf 87' lang='grc' dir='ltr'><strong>παρά</strong></span> <span class='ocrx_word' id='word_1_420' title='bbox 1031 4199 1142 4260; x_wconf 89' lang='grc' dir='ltr'>τοῖς</span> <span class='ocrx_word' id='word_1_421' title='bbox 1177 4195 1540 4258; x_wconf 83' lang='grc' dir='ltr'>διδασκάλοις·</span> <span class='ocrx_word' id='word_1_422' title='bbox 1589 4194 1729 4248; x_wconf 75' lang='grc' dir='ltr'>οὕτω</span> 
     </span>
    </p>
   </div>
   <div class='ocr_carea' id='block_1_59' title="bbox 161 4288 1728 4360">
    <p class='ocr_par' dir='ltr' id='par_1_59' title="bbox 161 4288 1728 4360">
     <span class='ocr_line' id='line_1_59' title="bbox 161 4288 1728 4360; baseline -0.001 -18"><span class='ocrx_word' id='word_1_423' title='bbox 161 4289 255 4342; x_wconf 76' lang='grc' dir='ltr'><strong>καὶ</strong></span> <span class='ocrx_word' id='word_1_424' title='bbox 288 4289 445 4359; x_wconf 78' lang='grc' dir='ltr'>αῦτη,</span> <span class='ocrx_word' id='word_1_425' title='bbox 481 4288 673 4354; x_wconf 79' lang='grc' dir='ltr'>ζέουσα</span> <span class='ocrx_word' id='word_1_426' title='bbox 713 4288 788 4359; x_wconf 81' lang='grc' dir='ltr'>τῷ</span> <span class='ocrx_word' id='word_1_427' title='bbox 814 4289 1101 4358; x_wconf 83' lang='grc' dir='ltr'>πνεύματι,</span> <span class='ocrx_word' id='word_1_428' title='bbox 1139 4289 1441 4360; x_wconf 83' lang='grc' dir='ltr'>παρέτρεχε</span> <span class='ocrx_word' id='word_1_429' title='bbox 1477 4288 1574 4352; x_wconf 89' lang='grc' dir='ltr'><strong>τάς</strong></span> <span class='ocrx_word' id='word_1_430' title='bbox 1617 4288 1728 4341; x_wconf 61' lang='grc' dir='ltr'>λοι.</span> 
     </span>
    </p>
   </div>
   <div class='ocr_carea' id='block_1_60' title="bbox 160 4379 287 4444">
    <p class='ocr_par' dir='ltr' id='par_1_60' title="bbox 160 4379 287 4444">
     <span class='ocr_line' id='line_1_60' title="bbox 160 4379 287 4444; baseline 0 -11"><span class='ocrx_word' id='word_1_431' title='bbox 160 4379 287 4444; x_wconf 81' lang='grc' dir='ltr'>πάς.</span> 
     </span>
    </p>
   </div>
   <div class='ocr_carea' id='block_1_61' title="bbox 1906 1984 3401 2066">
    <p class='ocr_par' dir='ltr' id='par_1_61' title="bbox 1906 1984 3401 2066">
     <span class='ocr_line' id='line_1_61' title="bbox 1906 1984 3401 2066; baseline 0.008 -28"><span class='ocrx_word' id='word_1_432' title='bbox 1906 1984 1994 2038; x_wconf 69' lang='grc'><strong>15.</strong></span> <span class='ocrx_word' id='word_1_433' title='bbox 2041 1999 2094 2040; x_wconf 82' lang='lat' dir='ltr'><strong>In</strong></span> <span class='ocrx_word' id='word_1_434' title='bbox 2127 1999 2370 2057; x_wconf 61' lang='lat' dir='ltr'><strong>paternis</strong></span> <span class='ocrx_word' id='word_1_435' title='bbox 2403 2005 2534 2047; x_wconf 87' lang='lat' dir='ltr'><strong>sane</strong></span> <span class='ocrx_word' id='word_1_436' title='bbox 2569 1994 2798 2059; x_wconf 70' lang='lat' dir='ltr'><strong>aedibus,</strong></span> <span class='ocrx_word' id='word_1_437' title='bbox 2828 1995 2940 2066; x_wconf 89' lang='lat' dir='ltr'><strong>jam</strong></span> <span class='ocrx_word' id='word_1_438' title='bbox 2975 2004 3101 2051; x_wconf 82' lang='lat' dir='ltr'><strong>ante</strong></span> <span class='ocrx_word' id='word_1_439' title='bbox 3137 2012 3246 2051; x_wconf 91' lang='lat' dir='ltr'><strong>non</strong></span> <span class='ocrx_word' id='word_1_440' title='bbox 3284 2010 3401 2050; x_wconf 87' lang='lat' dir='ltr'><strong>mo-</strong></span> 
     </span>
    </p>
   </div>
   <div class='ocr_carea' id='block_1_62' title="bbox 1834 2076 3402 2158">
    <p class='ocr_par' dir='ltr' id='par_1_62' title="bbox 1834 2076 3402 2158">
     <span class='ocr_line' id='line_1_62' title="bbox 1834 2076 3402 2158; baseline 0.008 -28"><span class='ocrx_word' id='word_1_441' title='bbox 1834 2076 2011 2130; x_wconf 90' lang='lat' dir='ltr'><strong>dicam</strong></span> <span class='ocrx_word' id='word_1_442' title='bbox 2061 2083 2546 2140; x_wconf 70' lang='lat' dir='ltr'><strong>exercitationibus</strong></span> <span class='ocrx_word' id='word_1_443' title='bbox 2592 2103 2813 2157; x_wconf 84' lang='lat' dir='ltr'><strong>operam</strong></span> <span class='ocrx_word' id='word_1_444' title='bbox 2859 2088 3103 2153; x_wconf 88' lang='lat' dir='ltr'><strong>dederat,</strong></span> <span class='ocrx_word' id='word_1_445' title='bbox 3163 2098 3402 2158; x_wconf 88' lang='lat' dir='ltr'><strong>tuncque</strong></span> 
     </span>
    </p>
   </div>
   <div class='ocr_carea' id='block_1_63' title="bbox 1836 2168 3401 2252">
    <p class='ocr_par' dir='ltr' id='par_1_63' title="bbox 1836 2168 3401 2252">
     <span class='ocr_line' id='line_1_63' title="bbox 1836 2168 3401 2252; baseline 0.01 -32"><span class='ocrx_word' id='word_1_446' title='bbox 1836 2168 1890 2223; x_wconf 92' lang='lat' dir='ltr'><strong>in</strong></span> <span class='ocrx_word' id='word_1_447' title='bbox 1925 2172 2087 2226; x_wconf 86' lang='lat' dir='ltr'><strong>stadii</strong></span> <span class='ocrx_word' id='word_1_448' title='bbox 2125 2174 2360 2229; x_wconf 89' lang='lat' dir='ltr'><strong>medium</strong></span> <span class='ocrx_word' id='word_1_449' title='bbox 2387 2184 2529 2243; x_wconf 88' lang='lat' dir='ltr'><strong>acta,</strong></span> <span class='ocrx_word' id='word_1_450' title='bbox 2561 2180 2854 2237; x_wconf 84' lang='lat' dir='ltr'><strong>virtutibus</strong></span> <span class='ocrx_word' id='word_1_451' title='bbox 2879 2182 3216 2252; x_wconf 75' lang='lat' dir='ltr'><strong>proficiebat.</strong></span> <span class='ocrx_word' id='word_1_452' title='bbox 3250 2183 3401 2237; x_wconf 88' lang='lat' dir='ltr'><strong>Con-</strong></span> 
     </span>
    </p>
   </div>
   <div class='ocr_carea' id='block_1_64' title="bbox 1832 2269 3402 2348">
    <p class='ocr_par' dir='ltr' id='par_1_64' title="bbox 1832 2269 3402 2348">
     <span class='ocr_line' id='line_1_64' title="bbox 1832 2269 3402 2348; baseline 0.01 -33"><span class='ocrx_word' id='word_1_453' title='bbox 1832 2269 1916 2316; x_wconf 90' lang='lat' dir='ltr'><strong>tra</strong></span> <span class='ocrx_word' id='word_1_454' title='bbox 1944 2280 2071 2319; x_wconf 88' lang='lat' dir='ltr'><strong>vero</strong></span> <span class='ocrx_word' id='word_1_455' title='bbox 2093 2275 2360 2337; x_wconf 90' lang='lat' dir='ltr'><strong>quotquot</strong></span> <span class='ocrx_word' id='word_1_456' title='bbox 2385 2270 2589 2340; x_wconf 90' lang='lat' dir='ltr'><strong>absque</strong></span> <span class='ocrx_word' id='word_1_457' title='bbox 2607 2273 3000 2330; x_wconf 84' lang='lat' dir='ltr'><strong>exercitatione</strong></span> <span class='ocrx_word' id='word_1_458' title='bbox 3021 2283 3074 2330; x_wconf 92' lang='lat' dir='ltr'><strong>et</strong></span> <span class='ocrx_word' id='word_1_459' title='bbox 3095 2279 3402 2348; x_wconf 79' lang='lat' dir='ltr'><strong>incogitan-</strong></span> 
     </span>
    </p>
   </div>
   <div class='ocr_carea' id='block_1_65' title="bbox 1835 2356 3400 2441">
    <p class='ocr_par' dir='ltr' id='par_1_65' title="bbox 1835 2356 3400 2441">
     <span class='ocr_line' id='line_1_65' title="bbox 1835 2356 3400 2441; baseline 0.012 -35"><span class='ocrx_word' id='word_1_460' title='bbox 1835 2356 1944 2410; x_wconf 90' lang='lat' dir='ltr'><strong>tius</strong></span> <span class='ocrx_word' id='word_1_461' title='bbox 1973 2357 2040 2411; x_wconf 90' lang='lat' dir='ltr'><strong>ad</strong></span> <span class='ocrx_word' id='word_1_462' title='bbox 2072 2358 2174 2413; x_wconf 91' lang='lat' dir='ltr'><strong>hoc</strong></span> <span class='ocrx_word' id='word_1_463' title='bbox 2205 2360 2450 2415; x_wconf 89' lang='lat' dir='ltr'><strong>divinum</strong></span> <span class='ocrx_word' id='word_1_464' title='bbox 2480 2365 2798 2434; x_wconf 83' lang='lat' dir='ltr'><strong>mysterium</strong></span> <span class='ocrx_word' id='word_1_465' title='bbox 2832 2367 3116 2432; x_wconf 84' lang='lat' dir='ltr'><strong>accedunt,</strong></span> <span class='ocrx_word' id='word_1_466' title='bbox 3141 2385 3169 2422; x_wconf 91' lang='lat' dir='ltr'><strong>a</strong></span> <span class='ocrx_word' id='word_1_467' title='bbox 3195 2385 3400 2441; x_wconf 85' lang='lat' dir='ltr'><strong>propo-</strong></span> 
     </span>
    </p>
   </div>
   <div class='ocr_carea' id='block_1_66' title="bbox 1837 2447 3401 2530">
    <p class='ocr_par' dir='ltr' id='par_1_66' title="bbox 1837 2447 3401 2530">
     <span class='ocr_line' id='line_1_66' title="bbox 1837 2447 3401 2530; baseline 0.012 -31"><span class='ocrx_word' id='word_1_468' title='bbox 1837 2447 1942 2500; x_wconf 92' lang='lat' dir='ltr'><strong>sito</strong></span> <span class='ocrx_word' id='word_1_469' title='bbox 1985 2449 2264 2514; x_wconf 80' lang='lat' dir='ltr'><strong>excidunt,</strong></span> <span class='ocrx_word' id='word_1_470' title='bbox 2301 2453 2428 2522; x_wconf 87' lang='lat' dir='ltr'><strong>quia</strong></span> <span class='ocrx_word' id='word_1_471' title='bbox 2473 2455 2658 2510; x_wconf 92' lang='lat' dir='ltr'><strong>animo</strong></span> <span class='ocrx_word' id='word_1_472' title='bbox 2698 2457 2912 2528; x_wconf 83' lang='lat' dir='ltr'><strong>singula</strong></span> <span class='ocrx_word' id='word_1_473' title='bbox 2957 2475 3065 2513; x_wconf 90' lang='lat' dir='ltr'><strong>non</strong></span> <span class='ocrx_word' id='word_1_474' title='bbox 3118 2476 3401 2530; x_wconf 57' lang='lat' dir='ltr'><strong>prospexev</strong></span> 
     </span>
    </p>
   </div>
   <div class='ocr_carea' id='block_1_67' title="bbox 1836 2540 3396 2621">
    <p class='ocr_par' dir='ltr' id='par_1_67' title="bbox 1836 2540 3396 2621">
     <span class='ocr_line' id='line_1_67' title="bbox 1836 2540 3396 2621; baseline 0.011 -32"><span class='ocrx_word' id='word_1_475' title='bbox 1836 2545 1979 2592; x_wconf 89' lang='lat' dir='ltr'><strong>rant.</strong></span> <span class='ocrx_word' id='word_1_476' title='bbox 2031 2540 2100 2594; x_wconf 89' lang='lat' dir='ltr'><strong>At</strong></span> <span class='ocrx_word' id='word_1_477' title='bbox 2142 2541 2254 2607; x_wconf 89' lang='lat' dir='ltr'><strong>illa,</strong></span> <span class='ocrx_word' id='word_1_478' title='bbox 2293 2545 2746 2613; x_wconf 88' lang='lat' dir='ltr'><strong>quemadmodum</strong></span> <span class='ocrx_word' id='word_1_479' title='bbox 2797 2549 2892 2617; x_wconf 83' lang='lat' dir='ltr'><strong>qui</strong></span> <span class='ocrx_word' id='word_1_480' title='bbox 2926 2548 3030 2604; x_wconf 88' lang='lat' dir='ltr'><strong>iter</strong></span> <span class='ocrx_word' id='word_1_481' title='bbox 3069 2552 3396 2621; x_wconf 76' lang='lat' dir='ltr'><strong>suscipiunt,</strong></span> 
     </span>
    </p>
   </div>
   <div class='ocr_carea' id='block_1_68' title="bbox 1839 2629 3401 2712">
    <p class='ocr_par' dir='ltr' id='par_1_68' title="bbox 1839 2629 3401 2712">
     <span class='ocr_line' id='line_1_68' title="bbox 1839 2629 3401 2712; baseline 0.009 -31"><span class='ocrx_word' id='word_1_482' title='bbox 1839 2629 2092 2684; x_wconf 87' lang='lat' dir='ltr'><strong>viaticum</strong></span> <span class='ocrx_word' id='word_1_483' title='bbox 2119 2633 2296 2702; x_wconf 84' lang='lat' dir='ltr'><strong>primo</strong></span> <span class='ocrx_word' id='word_1_484' title='bbox 2321 2635 2421 2690; x_wconf 89' lang='lat' dir='ltr'><strong>sibi</strong></span> <span class='ocrx_word' id='word_1_485' title='bbox 2439 2638 2742 2705; x_wconf 89' lang='lat' dir='ltr'><strong>provident,</strong></span> <span class='ocrx_word' id='word_1_486' title='bbox 2766 2639 2838 2694; x_wconf 87' lang='lat' dir='ltr'><strong>ita</strong></span> <span class='ocrx_word' id='word_1_487' title='bbox 2857 2655 2953 2694; x_wconf 90' lang='lat' dir='ltr'><strong>ceu</strong></span> <span class='ocrx_word' id='word_1_488' title='bbox 2977 2641 3194 2706; x_wconf 87' lang='lat' dir='ltr'><strong>viatico,</strong></span> <span class='ocrx_word' id='word_1_489' title='bbox 3223 2644 3401 2712; x_wconf 90' lang='lat' dir='ltr'><strong>pristi-</strong></span> 
     </span>
    </p>
   </div>
   <div class='ocr_carea' id='block_1_69' title="bbox 1839 2721 3400 2800">
    <p class='ocr_par' dir='ltr' id='par_1_69' title="bbox 1839 2721 3400 2800">
     <span class='ocr_line' id='line_1_69' title="bbox 1839 2721 3400 2800; baseline 0.008 -28"><span class='ocrx_word' id='word_1_490' title='bbox 1839 2721 1923 2776; x_wconf 88' lang='lat' dir='ltr'><strong>nis</strong></span> <span class='ocrx_word' id='word_1_491' title='bbox 1964 2721 2244 2778; x_wconf 89' lang='lat' dir='ltr'><strong>laboribus</strong></span> <span class='ocrx_word' id='word_1_492' title='bbox 2282 2725 2600 2790; x_wconf 78' lang='lat' dir='ltr'><strong>exercitata,</strong></span> <span class='ocrx_word' id='word_1_493' title='bbox 2632 2737 2789 2782; x_wconf 89' lang='lat' dir='ltr'><strong>caute</strong></span> <span class='ocrx_word' id='word_1_494' title='bbox 2817 2729 2984 2800; x_wconf 77' lang='lat'><strong>618</strong></span> <span class='ocrx_word' id='word_1_495' title='bbox 3003 2739 3056 2785; x_wconf 92' lang='lat' dir='ltr'><strong>et</strong></span> <span class='ocrx_word' id='word_1_496' title='bbox 3079 2746 3270 2786; x_wconf 92' lang='lat' dir='ltr'><strong>secure</strong></span> <span class='ocrx_word' id='word_1_497' title='bbox 3299 2734 3400 2786; x_wconf 86' lang='lat' dir='ltr'><strong>iter</strong></span> 
     </span>
    </p>
   </div>
   <div class='ocr_carea' id='block_1_70' title="bbox 1840 2810 3400 2892">
    <p class='ocr_par' dir='ltr' id='par_1_70' title="bbox 1840 2810 3400 2892">
     <span class='ocr_line' id='line_1_70' title="bbox 1840 2810 3400 2892; baseline 0.01 -29"><span class='ocrx_word' id='word_1_498' title='bbox 1840 2810 1906 2864; x_wconf 89' lang='lat' dir='ltr'><strong>ad</strong></span> <span class='ocrx_word' id='word_1_499' title='bbox 1937 2827 2172 2882; x_wconf 90' lang='lat' dir='ltr'><strong>superna</strong></span> <span class='ocrx_word' id='word_1_500' title='bbox 2206 2815 2453 2885; x_wconf 83' lang='lat' dir='ltr'><strong>ingressa</strong></span> <span class='ocrx_word' id='word_1_501' title='bbox 2483 2825 2567 2872; x_wconf 92' lang='lat' dir='ltr'><strong>est</strong></span> <span class='ocrx_word' id='word_1_502' title='bbox 2593 2837 2605 2872; x_wconf 91' lang='lat'>:</span> <span class='ocrx_word' id='word_1_503' title='bbox 2633 2821 2953 2888; x_wconf 63' lang='lat' dir='ltr'><strong>praeparatis</strong></span> <span class='ocrx_word' id='word_1_504' title='bbox 2989 2822 3190 2892; x_wconf 87' lang='lat' dir='ltr'><strong>quippe</strong></span> <span class='ocrx_word' id='word_1_505' title='bbox 3225 2825 3400 2878; x_wconf 89' lang='lat' dir='ltr'><strong>omni-</strong></span> 
     </span>
    </p>
   </div>
   <div class='ocr_carea' id='block_1_71' title="bbox 1839 2901 3400 2978">
    <p class='ocr_par' dir='ltr' id='par_1_71' title="bbox 1839 2901 3400 2978">
     <span class='ocr_line' id='line_1_71' title="bbox 1839 2901 3400 2978; baseline 0.008 -22"><span class='ocrx_word' id='word_1_506' title='bbox 1839 2901 1942 2957; x_wconf 88' lang='lat' dir='ltr'><strong>bus</strong></span> <span class='ocrx_word' id='word_1_507' title='bbox 1963 2919 2082 2973; x_wconf 73' lang='lat' dir='ltr'><strong>quae</strong></span> <span class='ocrx_word' id='word_1_508' title='bbox 2111 2913 2294 2960; x_wconf 90' lang='lat' dir='ltr'><strong>essent</strong></span> <span class='ocrx_word' id='word_1_509' title='bbox 2325 2906 2391 2960; x_wconf 89' lang='lat' dir='ltr'><strong>ad</strong></span> <span class='ocrx_word' id='word_1_510' title='bbox 2420 2910 2805 2964; x_wconf 81' lang='lat' dir='ltr'><strong>exstruendam</strong></span> <span class='ocrx_word' id='word_1_511' title='bbox 2841 2912 3062 2966; x_wconf 91' lang='lat' dir='ltr'><strong>domum</strong></span> <span class='ocrx_word' id='word_1_512' title='bbox 3093 2914 3246 2978; x_wconf 89' lang='lat' dir='ltr'><strong>satis,</strong></span> <span class='ocrx_word' id='word_1_513' title='bbox 3281 2931 3400 2969; x_wconf 87' lang='lat' dir='ltr'><strong>mu-</strong></span> 
     </span>
    </p>
   </div>
   <div class='ocr_carea' id='block_1_72' title="bbox 1841 2994 3398 3076">
    <p class='ocr_par' dir='ltr' id='par_1_72' title="bbox 1841 2994 3398 3076">
     <span class='ocr_line' id='line_1_72' title="bbox 1841 2994 3398 3076; baseline 0.01 -30"><span class='ocrx_word' id='word_1_514' title='bbox 1841 2994 2168 3052; x_wconf 89' lang='lat' dir='ltr'><strong>nitissimam</strong></span> <span class='ocrx_word' id='word_1_515' title='bbox 2197 3000 2389 3053; x_wconf 91' lang='lat' dir='ltr'><strong>turrim</strong></span> <span class='ocrx_word' id='word_1_516' title='bbox 2422 3001 2527 3057; x_wconf 89' lang='lat' dir='ltr'><strong>sibi</strong></span> <span class='ocrx_word' id='word_1_517' title='bbox 2559 3002 2809 3058; x_wconf 88' lang='lat' dir='ltr'><strong>absolvit.</strong></span> <span class='ocrx_word' id='word_1_518' title='bbox 2829 3003 2983 3071; x_wconf 86' lang='lat' dir='ltr'><strong>Quod</strong></span> <span class='ocrx_word' id='word_1_519' title='bbox 3007 3014 3218 3076; x_wconf 84' lang='lat' dir='ltr'><strong>spectat</strong></span> <span class='ocrx_word' id='word_1_520' title='bbox 3253 3010 3398 3062; x_wconf 88' lang='lat' dir='ltr'><strong>enim</strong></span> 
     </span>
    </p>
   </div>
   <div class='ocr_carea' id='block_1_73' title="bbox 1841 3086 3397 3157">
    <p class='ocr_par' dir='ltr' id='par_1_73' title="bbox 1841 3086 3397 3157">
     <span class='ocr_line' id='line_1_73' title="bbox 1841 3086 3397 3157; baseline 0.011 -20"><span class='ocrx_word' id='word_1_521' title='bbox 1841 3086 2035 3140; x_wconf 66' lang='lat' dir='ltr'><strong>mdium</strong></span> <span class='ocrx_word' id='word_1_522' title='bbox 2064 3095 2417 3157; x_wconf 88' lang='lat' dir='ltr'><strong>structuram,</strong></span> <span class='ocrx_word' id='word_1_523' title='bbox 2448 3103 2669 3148; x_wconf 79' lang='lat' dir='ltr'><strong>externa</strong></span> <span class='ocrx_word' id='word_1_524' title='bbox 2700 3095 2804 3150; x_wconf 72' lang='lat' dir='ltr'><strong>illa:</strong></span> <span class='ocrx_word' id='word_1_525' title='bbox 2847 3096 3071 3152; x_wconf 88' lang='lat' dir='ltr'><strong>materia</strong></span> <span class='ocrx_word' id='word_1_526' title='bbox 3099 3098 3397 3153; x_wconf 81' lang='lat' dir='ltr'><strong>conﬁciun-</strong></span> 
     </span>
    </p>
   </div>
   <div class='ocr_carea' id='block_1_74' title="bbox 1839 3182 3398 3257">
    <p class='ocr_par' dir='ltr' id='par_1_74' title="bbox 1839 3182 3398 3257">
     <span class='ocr_line' id='line_1_74' title="bbox 1839 3182 3398 3257; baseline 0.009 -25"><span class='ocrx_word' id='word_1_527' title='bbox 1839 3185 1927 3232; x_wconf 88' lang='lat' dir='ltr'><strong>tur</strong></span> <span class='ocrx_word' id='word_1_528' title='bbox 1960 3189 2053 3234; x_wconf 90' lang='lat' dir='ltr'><strong>:at</strong></span> <span class='ocrx_word' id='word_1_529' title='bbox 2082 3182 2171 3236; x_wconf 88' lang='lat' dir='ltr'><strong>illa</strong></span> <span class='ocrx_word' id='word_1_530' title='bbox 2205 3185 2476 3238; x_wconf 78' lang='lat' dir='ltr'><strong>contraria</strong></span> <span class='ocrx_word' id='word_1_531' title='bbox 2503 3186 2660 3257; x_wconf 89' lang='lat' dir='ltr'><strong>plane</strong></span> <span class='ocrx_word' id='word_1_532' title='bbox 2687 3189 2918 3252; x_wconf 85' lang='lat' dir='ltr'><strong>ratione,</strong></span> <span class='ocrx_word' id='word_1_533' title='bbox 2961 3203 3068 3243; x_wconf 92' lang='lat' dir='ltr'><strong>non</strong></span> <span class='ocrx_word' id='word_1_534' title='bbox 3115 3198 3398 3246; x_wconf 85' lang='lat' dir='ltr'><strong>externam</strong></span> 
     </span>
    </p>
   </div>
   <div class='ocr_carea' id='block_1_75' title="bbox 1836 3274 3397 3350">
    <p class='ocr_par' dir='ltr' id='par_1_75' title="bbox 1836 3274 3397 3350">
     <span class='ocr_line' id='line_1_75' title="bbox 1836 3274 3397 3350; baseline 0.007 -23"><span class='ocrx_word' id='word_1_535' title='bbox 1836 3274 2118 3329; x_wconf 87' lang='lat' dir='ltr'><strong>materiam</strong></span> <span class='ocrx_word' id='word_1_536' title='bbox 2138 3276 2375 3346; x_wconf 81' lang='lat' dir='ltr'><strong>collegit,</strong></span> <span class='ocrx_word' id='word_1_537' title='bbox 2409 3279 2517 3333; x_wconf 88' lang='lat' dir='ltr'><strong>imo</strong></span> <span class='ocrx_word' id='word_1_538' title='bbox 2537 3280 2718 3350; x_wconf 89' lang='lat' dir='ltr'><strong>potius</strong></span> <span class='ocrx_word' id='word_1_539' title='bbox 2741 3279 3012 3336; x_wconf 87' lang='lat' dir='ltr'><strong>internam</strong></span> <span class='ocrx_word' id='word_1_540' title='bbox 3039 3282 3219 3350; x_wconf 83' lang='lat' dir='ltr'><strong>ejecit.</strong></span> <span class='ocrx_word' id='word_1_541' title='bbox 3251 3283 3397 3338; x_wconf 86' lang='lat' dir='ltr'><strong>Bona</strong></span> 
     </span>
    </p>
   </div>
   <div class='ocr_carea' id='block_1_76' title="bbox 1836 3366 3396 3446">
    <p class='ocr_par' dir='ltr' id='par_1_76' title="bbox 1836 3366 3396 3446">
     <span class='ocr_line' id='line_1_76' title="bbox 1836 3366 3396 3446; baseline 0.009 -29"><span class='ocrx_word' id='word_1_542' title='bbox 1836 3366 2036 3435; x_wconf 91' lang='lat' dir='ltr'><strong>quippe</strong></span> <span class='ocrx_word' id='word_1_543' title='bbox 2068 3382 2165 3422; x_wconf 88' lang='lat' dir='ltr'><strong>sua</strong></span> <span class='ocrx_word' id='word_1_544' title='bbox 2189 3369 2413 3439; x_wconf 83' lang='lat' dir='ltr'><strong>elargita</strong></span> <span class='ocrx_word' id='word_1_545' title='bbox 2444 3372 2795 3441; x_wconf 90' lang='lat' dir='ltr'><strong>pauperibus,</strong></span> <span class='ocrx_word' id='word_1_546' title='bbox 2836 3371 3080 3444; x_wconf 88' lang='lat' dir='ltr'><strong>deposita</strong></span> <span class='ocrx_word' id='word_1_547' title='bbox 3118 3376 3218 3441; x_wconf 89' lang='lat' dir='ltr'><strong>ira,</strong></span> <span class='ocrx_word' id='word_1_548' title='bbox 3261 3377 3396 3446; x_wconf 90' lang='lat' dir='ltr'><strong>inju-</strong></span> 
     </span>
    </p>
   </div>
   <div class='ocr_carea' id='block_1_77' title="bbox 1835 3456 3398 3534">
    <p class='ocr_par' dir='ltr' id='par_1_77' title="bbox 1835 3456 3398 3534">
     <span class='ocr_line' id='line_1_77' title="bbox 1835 3456 3398 3534; baseline 0.007 -27"><span class='ocrx_word' id='word_1_549' title='bbox 1835 3456 2150 3526; x_wconf 91' lang='lat' dir='ltr'><strong>riarumque</strong></span> <span class='ocrx_word' id='word_1_550' title='bbox 2183 3460 2466 3524; x_wconf 89' lang='lat' dir='ltr'><strong>memoria,</strong></span> <span class='ocrx_word' id='word_1_551' title='bbox 2500 3460 2724 3530; x_wconf 91' lang='lat' dir='ltr'><strong>depulsa</strong></span> <span class='ocrx_word' id='word_1_552' title='bbox 2759 3462 2963 3516; x_wconf 85' lang='lat' dir='ltr'><strong>invidia</strong></span> <span class='ocrx_word' id='word_1_553' title='bbox 2993 3471 3046 3518; x_wconf 90' lang='lat' dir='ltr'><strong>et</strong></span> <span class='ocrx_word' id='word_1_554' title='bbox 3077 3465 3260 3534; x_wconf 65' lang='lat' dir='ltr'><strong>gloriae</strong></span> <span class='ocrx_word' id='word_1_555' title='bbox 3300 3480 3398 3520; x_wconf 91' lang='lat' dir='ltr'><strong>cu-</strong></span> 
     </span>
    </p>
   </div>
   <div class='ocr_carea' id='block_1_78' title="bbox 1835 3547 3394 3626">
    <p class='ocr_par' dir='ltr' id='par_1_78' title="bbox 1835 3547 3394 3626">
     <span class='ocr_line' id='line_1_78' title="bbox 1835 3547 3394 3626; baseline 0.008 -28"><span class='ocrx_word' id='word_1_556' title='bbox 1835 3547 2076 3615; x_wconf 85' lang='lat' dir='ltr'><strong>piditate,</strong></span> <span class='ocrx_word' id='word_1_557' title='bbox 2131 3549 2351 3604; x_wconf 89' lang='lat' dir='ltr'><strong>domum</strong></span> <span class='ocrx_word' id='word_1_558' title='bbox 2394 3567 2548 3607; x_wconf 90' lang='lat' dir='ltr'><strong>suam</strong></span> <span class='ocrx_word' id='word_1_559' title='bbox 2601 3556 2890 3610; x_wconf 66' lang='lat' dir='ltr'><strong>aediﬁcavit</strong></span> <span class='ocrx_word' id='word_1_560' title='bbox 2939 3571 3106 3626; x_wconf 85' lang='lat' dir='ltr'><strong>supra</strong></span> <span class='ocrx_word' id='word_1_561' title='bbox 3162 3565 3394 3626; x_wconf 90' lang='lat' dir='ltr'><strong>petram,</strong></span> 
     </span>
    </p>
   </div>
   <div class='ocr_carea' id='block_1_79' title="bbox 1833 3637 3396 3716">
    <p class='ocr_par' dir='ltr' id='par_1_79' title="bbox 1833 3637 3396 3716">
     <span class='ocr_line' id='line_1_79' title="bbox 1833 3637 3396 3716; baseline 0.009 -27"><span class='ocrx_word' id='word_1_562' title='bbox 1833 3637 1994 3705; x_wconf 89' lang='lat' dir='ltr'><strong>cujus</strong></span> <span class='ocrx_word' id='word_1_563' title='bbox 2025 3640 2310 3707; x_wconf 83' lang='lat' dir='ltr'><strong>splendida</strong></span> <span class='ocrx_word' id='word_1_564' title='bbox 2343 3643 2513 3698; x_wconf 89' lang='lat' dir='ltr'><strong>turris</strong></span> <span class='ocrx_word' id='word_1_565' title='bbox 2541 3653 2678 3711; x_wconf 91' lang='lat' dir='ltr'><strong>erat,</strong></span> <span class='ocrx_word' id='word_1_566' title='bbox 2703 3655 2756 3700; x_wconf 86' lang='lat' dir='ltr'><strong>et</strong></span> <span class='ocrx_word' id='word_1_567' title='bbox 2779 3646 2944 3701; x_wconf 91' lang='lat' dir='ltr'><strong>nullis</strong></span> <span class='ocrx_word' id='word_1_568' title='bbox 2978 3649 3396 3716; x_wconf 87' lang='lat' dir='ltr'><strong>tempestatibus</strong></span> 
     </span>
    </p>
   </div>
   <div class='ocr_carea' id='block_1_80' title="bbox 1834 3728 2756 3784">
    <p class='ocr_par' dir='ltr' id='par_1_80' title="bbox 1834 3728 2756 3784">
     <span class='ocr_line' id='line_1_80' title="bbox 1834 3728 2756 3784; baseline 0.003 -2"><span class='ocrx_word' id='word_1_569' title='bbox 1834 3728 2087 3784; x_wconf 87' lang='lat' dir='ltr'><strong>obnoxia.</strong></span> <span class='ocrx_word' id='word_1_570' title='bbox 2132 3729 2144 3743; x_wconf 85' lang='lat'><strong>&#39;</strong></span> <span class='ocrx_word' id='word_1_571' title='bbox 2747 3732 2756 3740; x_wconf 77' lang='grc'><strong>”</strong></span> 
     </span>
    </p>
   </div>
   <div class='ocr_carea' id='block_1_81' title="bbox 1907 3820 3395 3900">
    <p class='ocr_par' dir='ltr' id='par_1_81' title="bbox 1907 3820 3395 3900">
     <span class='ocr_line' id='line_1_81' title="bbox 1907 3820 3395 3900; baseline 0.008 -26"><span class='ocrx_word' id='word_1_572' title='bbox 1907 3820 1992 3875; x_wconf 76' lang='grc' dir='ltr'><strong>Η.</strong></span> <span class='ocrx_word' id='word_1_573' title='bbox 2030 3820 2134 3877; x_wconf 92' lang='lat' dir='ltr'><strong>Sed</strong></span> <span class='ocrx_word' id='word_1_574' title='bbox 2169 3824 2300 3893; x_wconf 89' lang='lat' dir='ltr'><strong>quid</strong></span> <span class='ocrx_word' id='word_1_575' title='bbox 2331 3826 2502 3879; x_wconf 91' lang='lat' dir='ltr'><strong>multa</strong></span> <span class='ocrx_word' id='word_1_576' title='bbox 2546 3827 2710 3881; x_wconf 86' lang='lat' dir='ltr'><strong>dico?</strong></span> <span class='ocrx_word' id='word_1_577' title='bbox 2748 3831 3026 3898; x_wconf 88' lang='lat' dir='ltr'><strong>superavit</strong></span> <span class='ocrx_word' id='word_1_578' title='bbox 3067 3831 3268 3900; x_wconf 90' lang='lat' dir='ltr'><strong>quippe</strong></span> <span class='ocrx_word' id='word_1_579' title='bbox 3310 3833 3395 3886; x_wconf 89' lang='lat' dir='ltr'><strong>vel</strong></span> 
     </span>
    </p>
   </div>
   <div class='ocr_carea' id='block_1_82' title="bbox 1832 3911 3390 3986">
    <p class='ocr_par' dir='ltr' id='par_1_82' title="bbox 1832 3911 3390 3986">
     <span class='ocr_line' id='line_1_82' title="bbox 1832 3911 3390 3986; baseline 0.008 -22"><span class='ocrx_word' id='word_1_580' title='bbox 1832 3911 1950 3981; x_wconf 89' lang='lat' dir='ltr'><strong>ipso</strong></span> <span class='ocrx_word' id='word_1_581' title='bbox 1981 3913 2156 3977; x_wconf 88' lang='lat' dir='ltr'><strong>initio,</strong></span> <span class='ocrx_word' id='word_1_582' title='bbox 2189 3931 2283 3971; x_wconf 89' lang='lat' dir='ltr'><strong>eas</strong></span> <span class='ocrx_word' id='word_1_583' title='bbox 2326 3933 2445 3986; x_wconf 71' lang='lat' dir='ltr'><strong>qua:</strong></span> <span class='ocrx_word' id='word_1_584' title='bbox 2486 3921 2800 3976; x_wconf 62' lang='lat' dir='ltr'><strong>monasticae</strong></span> <span class='ocrx_word' id='word_1_585' title='bbox 2857 3923 2979 3977; x_wconf 68' lang='lat' dir='ltr'><strong>vita:</strong></span> <span class='ocrx_word' id='word_1_586' title='bbox 3017 3931 3390 3979; x_wconf 83' lang='lat' dir='ltr'><strong>assueverant.</strong></span> 
     </span>
    </p>
   </div>
   <div class='ocr_carea' id='block_1_83' title="bbox 1833 4005 3390 4085">
    <p class='ocr_par' dir='ltr' id='par_1_83' title="bbox 1833 4005 3390 4085">
     <span class='ocr_line' id='line_1_83' title="bbox 1833 4005 3390 4085; baseline 0.008 -28"><span class='ocrx_word' id='word_1_587' title='bbox 1833 4005 1984 4059; x_wconf 80' lang='lat' dir='ltr'><strong>Sicut</strong></span> <span class='ocrx_word' id='word_1_588' title='bbox 2037 4007 2180 4060; x_wconf 90' lang='lat' dir='ltr'><strong>enim</strong></span> <span class='ocrx_word' id='word_1_589' title='bbox 2239 4010 2394 4077; x_wconf 92' lang='lat' dir='ltr'><strong>pueri</strong></span> <span class='ocrx_word' id='word_1_590' title='bbox 2444 4011 2536 4081; x_wconf 92' lang='lat' dir='ltr'><strong>qui</strong></span> <span class='ocrx_word' id='word_1_591' title='bbox 2579 4013 2787 4068; x_wconf 87' lang='lat' dir='ltr'><strong>acriore</strong></span> <span class='ocrx_word' id='word_1_592' title='bbox 2824 4022 2951 4067; x_wconf 92' lang='lat' dir='ltr'><strong>sunt</strong></span> <span class='ocrx_word' id='word_1_593' title='bbox 3004 4015 3205 4085; x_wconf 88' lang='lat' dir='ltr'><strong>ingenii</strong></span> <span class='ocrx_word' id='word_1_594' title='bbox 3254 4018 3390 4078; x_wconf 87' lang='lat' dir='ltr'><strong>acie,</strong></span> 
     </span>
    </p>
   </div>
   <div class='ocr_carea' id='block_1_84' title="bbox 1830 4098 3392 4172">
    <p class='ocr_par' dir='ltr' id='par_1_84' title="bbox 1830 4098 3392 4172">
     <span class='ocr_line' id='line_1_84' title="bbox 1830 4098 3392 4172; baseline 0.011 -25"><span class='ocrx_word' id='word_1_595' title='bbox 1830 4098 2082 4165; x_wconf 88' lang='lat' dir='ltr'><strong>quamvis</strong></span> <span class='ocrx_word' id='word_1_596' title='bbox 2103 4098 2281 4154; x_wconf 82' lang='lat' dir='ltr'><strong>adhuc</strong></span> <span class='ocrx_word' id='word_1_597' title='bbox 2300 4103 2352 4153; x_wconf 93' lang='lat' dir='ltr'><strong>in</strong></span> <span class='ocrx_word' id='word_1_598' title='bbox 2389 4102 2612 4172; x_wconf 89' lang='lat' dir='ltr'><strong>syllabis</strong></span> <span class='ocrx_word' id='word_1_599' title='bbox 2628 4112 2935 4170; x_wconf 86' lang='lat' dir='ltr'><strong>versentur,</strong></span> <span class='ocrx_word' id='word_1_600' title='bbox 2959 4117 3083 4160; x_wconf 83' lang='lat' dir='ltr'><strong>cum</strong></span> <span class='ocrx_word' id='word_1_601' title='bbox 3108 4107 3176 4164; x_wconf 88' lang='lat' dir='ltr'><strong>iis</strong></span> <span class='ocrx_word' id='word_1_602' title='bbox 3211 4115 3392 4163; x_wconf 88' lang='lat' dir='ltr'><strong>tamen</strong></span> 
     </span>
    </p>
   </div>
   <div class='ocr_carea' id='block_1_85' title="bbox 1831 4193 3390 4268">
    <p class='ocr_par' dir='ltr' id='par_1_85' title="bbox 1831 4193 3390 4268">
     <span class='ocr_line' id='line_1_85' title="bbox 1831 4193 3390 4268; baseline 0.01 -26"><span class='ocrx_word' id='word_1_603' title='bbox 1831 4193 2188 4256; x_wconf 88' lang='lat' dir='ltr'><strong>contendunt,</strong></span> <span class='ocrx_word' id='word_1_604' title='bbox 2225 4196 2317 4264; x_wconf 92' lang='lat' dir='ltr'><strong>qui</strong></span> <span class='ocrx_word' id='word_1_605' title='bbox 2349 4205 2402 4249; x_wconf 89' lang='lat' dir='ltr'><strong>et</strong></span> <span class='ocrx_word' id='word_1_606' title='bbox 2443 4204 2601 4252; x_wconf 66' lang='lat' dir='ltr'><strong>aetate</strong></span> <span class='ocrx_word' id='word_1_607' title='bbox 2643 4199 2879 4268; x_wconf 86' lang='lat' dir='ltr'><strong>majores</strong></span> <span class='ocrx_word' id='word_1_608' title='bbox 2926 4207 3050 4255; x_wconf 73' lang='lat' dir='ltr'><strong>sunt</strong></span> <span class='ocrx_word' id='word_1_609' title='bbox 3087 4215 3151 4255; x_wconf 86' lang='lat' dir='ltr'><strong>ac</strong></span> <span class='ocrx_word' id='word_1_610' title='bbox 3186 4201 3390 4258; x_wconf 89' lang='lat' dir='ltr'><strong>diutius</strong></span> 
     </span>
    </p>
   </div>
   <div class='ocr_carea' id='block_1_86' title="bbox 1831 4283 3390 4364">
    <p class='ocr_par' dir='ltr' id='par_1_86' title="bbox 1831 4283 3390 4364">
     <span class='ocr_line' id='line_1_86' title="bbox 1831 4283 3390 4364; baseline 0.01 -32"><span class='ocrx_word' id='word_1_611' title='bbox 1831 4283 2123 4352; x_wconf 82' lang='lat' dir='ltr'><strong>magistros</strong></span> <span class='ocrx_word' id='word_1_612' title='bbox 2148 4283 2593 4356; x_wconf 80' lang='lat' dir='ltr'><strong>frequentarunt,</strong></span> <span class='ocrx_word' id='word_1_613' title='bbox 2621 4289 2694 4343; x_wconf 84' lang='lat' dir='ltr'><strong>ita</strong></span> <span class='ocrx_word' id='word_1_614' title='bbox 2718 4298 2771 4344; x_wconf 88' lang='lat' dir='ltr'><strong>et</strong></span> <span class='ocrx_word' id='word_1_615' title='bbox 2805 4290 2896 4344; x_wconf 89' lang='lat' dir='ltr'><strong>illa</strong></span> <span class='ocrx_word' id='word_1_616' title='bbox 2935 4293 3130 4362; x_wconf 86' lang='lat' dir='ltr'><strong>spiritu</strong></span> <span class='ocrx_word' id='word_1_617' title='bbox 3158 4283 3390 4364; x_wconf 63' lang='lat' dir='ltr'><strong>fervens</strong></span> 
     </span>
    </p>
   </div>
   <div class='ocr_carea' id='block_1_87' title="bbox 1831 4379 2570 4448">
    <p class='ocr_par' dir='ltr' id='par_1_87' title="bbox 1831 4379 2570 4448">
     <span class='ocr_line' id='line_1_87' title="bbox 1831 4379 2570 4448; baseline 0.015 -24"><span class='ocrx_word' id='word_1_618' title='bbox 1831 4380 2058 4428; x_wconf 81' lang='lat' dir='ltr'><strong>caeteras</strong></span> <span class='ocrx_word' id='word_1_619' title='bbox 2094 4385 2216 4444; x_wconf 90' lang='lat' dir='ltr'><strong>post</strong></span> <span class='ocrx_word' id='word_1_620' title='bbox 2244 4393 2302 4432; x_wconf 87' lang='lat' dir='ltr'><strong>se</strong></span> <span class='ocrx_word' id='word_1_621' title='bbox 2329 4379 2570 4448; x_wconf 88' lang='lat' dir='ltr'><strong>reliquit.</strong></span> 
     </span>
    </p>
   </div>
   <div class='ocr_carea' id='block_1_88' title="bbox 231 4447 1729 4546">
    <p class='ocr_par' dir='ltr' id='par_1_88' title="bbox 231 4466 1726 4543">
     <span class='ocr_line' id='line_1_88' title="bbox 231 4466 1726 4543; baseline -0.001 -19"><span class='ocrx_word' id='word_1_622' title='bbox 231 4471 318 4525; x_wconf 75' lang='grc'><strong>15.</strong></span> <span class='ocrx_word' id='word_1_623' title='bbox 346 4469 450 4525; x_wconf 81' lang='grc' dir='ltr'>Τὸν</span> <span class='ocrx_word' id='word_1_624' title='bbox 482 4470 580 4541; x_wconf 84' lang='grc' dir='ltr'>μὲν</span> <span class='ocrx_word' id='word_1_625' title='bbox 610 4466 702 4525; x_wconf 87' lang='grc' dir='ltr'><strong>οῦν</strong></span> <span class='ocrx_word' id='word_1_626' title='bbox 735 4469 1052 4542; x_wconf 77' lang='grc' dir='ltr'>ἔμπρακτον</span> <span class='ocrx_word' id='word_1_627' title='bbox 1095 4471 1263 4543; x_wconf 72' lang='grc' dir='ltr'>αὐτῆς</span> <span class='ocrx_word' id='word_1_628' title='bbox 1297 4471 1391 4525; x_wconf 73' lang='grc' dir='ltr'>καὶ</span> <span class='ocrx_word' id='word_1_629' title='bbox 1433 4471 1726 4541; x_wconf 85' lang='grc' dir='ltr'>ἀσκητικὸν</span> 
     </span>
    </p>
   </div>
   <div class='ocr_carea' id='block_1_89' title="bbox 1838 4447 3393 4546">
    <p class='ocr_par' dir='ltr' id='par_1_89' title="bbox 1903 4465 3393 4546">
     <span class='ocr_line' id='line_1_89' title="bbox 1903 4465 3393 4546; baseline 0.007 -28"><span class='ocrx_word' id='word_1_630' title='bbox 1903 4466 1988 4520; x_wconf 79' lang='grc'><strong>15.</strong></span> <span class='ocrx_word' id='word_1_631' title='bbox 2030 4465 2322 4524; x_wconf 84' lang='lat' dir='ltr'><strong>Actuosam</strong></span> <span class='ocrx_word' id='word_1_632' title='bbox 2372 4470 2556 4541; x_wconf 88' lang='lat' dir='ltr'><strong>itaque</strong></span> <span class='ocrx_word' id='word_1_633' title='bbox 2599 4479 2650 4527; x_wconf 91' lang='lat' dir='ltr'><strong>et</strong></span> <span class='ocrx_word' id='word_1_634' title='bbox 2709 4473 3000 4528; x_wconf 88' lang='lat' dir='ltr'><strong>asceticam</strong></span> <span class='ocrx_word' id='word_1_635' title='bbox 3047 4474 3211 4528; x_wconf 88' lang='lat' dir='ltr'><strong>vitam</strong></span> <span class='ocrx_word' id='word_1_636' title='bbox 3273 4476 3393 4546; x_wconf 89' lang='lat' dir='ltr'><strong>ejus</strong></span> 
     </span>
    </p>
   </div>
   <div class='ocr_carea' id='block_1_90' title="bbox 157 4562 1725 4635">
    <p class='ocr_par' dir='ltr' id='par_1_90' title="bbox 157 4562 1725 4635">
     <span class='ocr_line' id='line_1_90' title="bbox 157 4562 1725 4635; baseline 0 -19"><span class='ocrx_word' id='word_1_637' title='bbox 157 4564 272 4633; x_wconf 87' lang='grc' dir='ltr'>βίον</span> <span class='ocrx_word' id='word_1_638' title='bbox 311 4563 490 4633; x_wconf 88' lang='grc' dir='ltr'>λέγειν</span> <span class='ocrx_word' id='word_1_639' title='bbox 539 4563 926 4635; x_wconf 83' lang='grc' dir='ltr'>ἀδυνατοῦμεν,</span> <span class='ocrx_word' id='word_1_640' title='bbox 986 4565 1214 4634; x_wconf 81' lang='grc' dir='ltr'>ἐπείπερ</span> <span class='ocrx_word' id='word_1_641' title='bbox 1261 4564 1382 4617; x_wconf 79' lang='grc' dir='ltr'>οὐδὲ</span> <span class='ocrx_word' id='word_1_642' title='bbox 1433 4562 1725 4635; x_wconf 89' lang='grc' dir='ltr'>συνεχώρει</span> 
     </span>
    </p>
   </div>
   <div class='ocr_carea' id='block_1_91' title="bbox 152 4655 1726 4728">
    <p class='ocr_par' dir='ltr' id='par_1_91' title="bbox 152 4655 1726 4728">
     <span class='ocr_line' id='line_1_91' title="bbox 152 4655 1726 4728; baseline -0.001 -18"><span class='ocrx_word' id='word_1_643' title='bbox 152 4657 278 4710; x_wconf 78' lang='grc' dir='ltr'>τινὰ</span> <span class='ocrx_word' id='word_1_644' title='bbox 306 4656 495 4710; x_wconf 84' lang='grc' dir='ltr'>τούτου</span> <span class='ocrx_word' id='word_1_645' title='bbox 525 4655 721 4728; x_wconf 78' lang='grc' dir='ltr'>θεατὴν</span> <span class='ocrx_word' id='word_1_646' title='bbox 747 4656 1018 4725; x_wconf 88' lang='grc' dir='ltr'>γενέσθαι.</span> <span class='ocrx_word' id='word_1_647' title='bbox 1045 4657 1178 4710; x_wconf 80' lang='grc' dir='ltr'><strong>Οὐδὲ</strong></span> <span class='ocrx_word' id='word_1_648' title='bbox 1203 4657 1312 4728; x_wconf 88' lang='grc' dir='ltr'><strong>γάρ</strong></span> <span class='ocrx_word' id='word_1_649' title='bbox 1344 4658 1590 4728; x_wconf 79' lang='grc' dir='ltr'>κήρυκας</span> <span class='ocrx_word' id='word_1_650' title='bbox 1620 4656 1726 4710; x_wconf 91' lang='grc' dir='ltr'><strong>τῶν</strong></span> 
     </span>
    </p>
   </div>
   <div class='ocr_carea' id='block_1_92' title="bbox 153 4743 1720 4822">
    <p class='ocr_par' dir='ltr' id='par_1_92' title="bbox 153 4743 1720 4822">
     <span class='ocr_line' id='line_1_92' title="bbox 153 4743 1720 4822; baseline 0.001 -19"><span class='ocrx_word' id='word_1_651' title='bbox 153 4749 326 4820; x_wconf 80' lang='grc' dir='ltr'>αὐτῆς</span> <span class='ocrx_word' id='word_1_652' title='bbox 359 4749 860 4822; x_wconf 83' lang='grc' dir='ltr'>ἀνδραγαθημάτων</span> <span class='ocrx_word' id='word_1_653' title='bbox 888 4749 1078 4820; x_wconf 71' lang='grc' dir='ltr'>ἢθελεν</span> <span class='ocrx_word' id='word_1_654' title='bbox 1110 4743 1245 4803; x_wconf 77' lang='grc' dir='ltr'>εἶναι</span> <span class='ocrx_word' id='word_1_655' title='bbox 1272 4751 1397 4812; x_wconf 75' lang='grc' dir='ltr'>τοὺς</span> <span class='ocrx_word' id='word_1_656' title='bbox 1430 4743 1720 4821; x_wconf 69' lang='grc' dir='ltr'>παρόντας.</span> 
     </span>
    </p>
   </div>
   <div class='ocr_carea' id='block_1_93' title="bbox 151 4839 1724 4915">
    <p class='ocr_par' dir='ltr' id='par_1_93' title="bbox 151 4839 1724 4915">
     <span class='ocr_line' id='line_1_93' title="bbox 151 4839 1724 4915; baseline -0.001 -18"><span class='ocrx_word' id='word_1_657' title='bbox 151 4844 270 4913; x_wconf 78' lang='grc' dir='ltr'>Οὐχ</span> <span class='ocrx_word' id='word_1_658' title='bbox 292 4841 463 4908; x_wconf 73' lang='grc' dir='ltr'>οὕτως</span> <span class='ocrx_word' id='word_1_659' title='bbox 485 4842 595 4914; x_wconf 89' lang='grc' dir='ltr'><strong>γάρ</strong></span> <span class='ocrx_word' id='word_1_660' title='bbox 648 4842 710 4895; x_wconf 87' lang='grc' dir='ltr'>τὺ</span> <span class='ocrx_word' id='word_1_661' title='bbox 742 4839 1070 4913; x_wconf 75' lang='grc' dir='ltr'>εὖπράττειν</span> <span class='ocrx_word' id='word_1_662' title='bbox 1105 4843 1436 4915; x_wconf 80' lang='grc' dir='ltr'>ἐφρόντιζεν,</span> <span class='ocrx_word' id='word_1_663' title='bbox 1481 4844 1600 4896; x_wconf 84' lang='grc' dir='ltr'>ὅσον</span> <span class='ocrx_word' id='word_1_664' title='bbox 1627 4845 1724 4912; x_wconf 81' lang='grc' dir='ltr'>τῆς</span> 
     </span>
    </p>
   </div>
   <div class='ocr_carea' id='block_1_94' title="bbox 149 4931 1723 5004">
    <p class='ocr_par' dir='ltr' id='par_1_94' title="bbox 149 4931 1723 5004">
     <span class='ocr_line' id='line_1_94' title="bbox 149 4931 1723 5004; baseline 0.001 -18"><span class='ocrx_word' id='word_1_665' title='bbox 149 4933 345 4987; x_wconf 85' lang='grc' dir='ltr'>τούτου</span> <span class='ocrx_word' id='word_1_666' title='bbox 374 4933 618 5004; x_wconf 84' lang='grc' dir='ltr'>φυλακῆς</span> <span class='ocrx_word' id='word_1_667' title='bbox 643 4950 704 4986; x_wconf 89' lang='grc' dir='ltr'><strong>τε</strong></span> <span class='ocrx_word' id='word_1_668' title='bbox 742 4934 835 4986; x_wconf 74' lang='grc' dir='ltr'><strong>καὶ</strong></span> <span class='ocrx_word' id='word_1_669' title='bbox 873 4931 1100 5004; x_wconf 80' lang='grc' dir='ltr'>κρυϐἧς.</span> <span class='ocrx_word' id='word_1_670' title='bbox 1139 4935 1308 4988; x_wconf 91' lang='grc' dir='ltr'>Τοῦτο</span> <span class='ocrx_word' id='word_1_671' title='bbox 1351 4935 1405 4988; x_wconf 86' lang='grc' dir='ltr'><strong>δέ</strong></span> <span class='ocrx_word' id='word_1_672' title='bbox 1447 4935 1618 4988; x_wconf 89' lang='grc' dir='ltr'>ἐποίει</span> <span class='ocrx_word' id='word_1_673' title='bbox 1663 4935 1723 4987; x_wconf 83' lang='grc' dir='ltr'><strong>οὐ</strong></span> 
     </span>
    </p>
   </div>
   <div class='ocr_carea' id='block_1_95' title="bbox 151 5023 1719 5096">
    <p class='ocr_par' dir='ltr' id='par_1_95' title="bbox 151 5023 1719 5096">
     <span class='ocr_line' id='line_1_95' title="bbox 151 5023 1719 5096; baseline 0 -20"><span class='ocrx_word' id='word_1_674' title='bbox 151 5023 334 5094; x_wconf 84' lang='grc' dir='ltr'>φθόνῳ</span> <span class='ocrx_word' id='word_1_675' title='bbox 369 5023 719 5094; x_wconf 86' lang='grc' dir='ltr'>συνεχομένη,</span> <span class='ocrx_word' id='word_1_676' title='bbox 747 5025 881 5078; x_wconf 85' lang='grc' dir='ltr'><strong>ἀλλά</strong></span> <span class='ocrx_word' id='word_1_677' title='bbox 911 5025 1030 5095; x_wconf 78' lang='grc' dir='ltr'>θείᾳ</span> <span class='ocrx_word' id='word_1_678' title='bbox 1056 5024 1235 5096; x_wconf 88' lang='grc' dir='ltr'>χάριτι</span> <span class='ocrx_word' id='word_1_679' title='bbox 1262 5025 1719 5095; x_wconf 85' lang='grc' dir='ltr'>συγκροτουμένη.</span> 
     </span>
    </p>
   </div>
   <div class='ocr_carea' id='block_1_96' title="bbox 151 5115 1724 5188">
    <p class='ocr_par' dir='ltr' id='par_1_96' title="bbox 151 5115 1724 5188">
     <span class='ocr_line' id='line_1_96' title="bbox 151 5115 1724 5188; baseline 0.001 -20"><span class='ocrx_word' id='word_1_680' title='bbox 151 5115 230 5168; x_wconf 83' lang='grc' dir='ltr'><strong>Τὸ</strong></span> <span class='ocrx_word' id='word_1_681' title='bbox 261 5115 371 5186; x_wconf 85' lang='grc' dir='ltr'>γὰρ</span> <span class='ocrx_word' id='word_1_682' title='bbox 405 5115 680 5187; x_wconf 81' lang='grc' dir='ltr'>Κυριακδν</span> <span class='ocrx_word' id='word_1_683' title='bbox 719 5117 894 5169; x_wconf 91' lang='grc' dir='ltr'>ἐκεῖνο</span> <span class='ocrx_word' id='word_1_684' title='bbox 935 5117 1074 5170; x_wconf 87' lang='grc' dir='ltr'><strong>κατά</strong></span> <span class='ocrx_word' id='word_1_685' title='bbox 1102 5116 1224 5170; x_wconf 91' lang='grc' dir='ltr'>νοῦν</span> <span class='ocrx_word' id='word_1_686' title='bbox 1264 5116 1423 5188; x_wconf 79' lang='grc' dir='ltr'>ἔφερε</span> <span class='ocrx_word' id='word_1_687' title='bbox 1464 5117 1634 5188; x_wconf 74' lang='grc' dir='ltr'>ῥῆμα,</span> <span class='ocrx_word' id='word_1_688' title='bbox 1664 5117 1724 5170; x_wconf 83' lang='grc' dir='ltr'>τὸ</span> 
     </span>
    </p>
   </div>
   <div class='ocr_carea' id='block_1_97' title="bbox 147 5204 1724 5276">
    <p class='ocr_par' dir='ltr' id='par_1_97' title="bbox 147 5204 1724 5276">
     <span class='ocr_line' id='line_1_97' title="bbox 147 5204 1724 5276; baseline 0.001 -17"><span class='ocrx_word' id='word_1_689' title='bbox 147 5207 343 5274; x_wconf 86' lang='grc' dir='ltr'>λέγον,</span> <span class='ocrx_word' id='word_1_690' title='bbox 371 5204 448 5269; x_wconf 82' lang='grc' dir='ltr'>ὡς</span> <span class='ocrx_word' id='word_1_691' title='bbox 492 5205 566 5259; x_wconf 82' lang='grc' dir='ltr'><strong>Εἴ</strong></span> <span class='ocrx_word' id='word_1_692' title='bbox 591 5223 645 5258; x_wconf 83' lang='grc' dir='ltr'><strong>τι</strong></span> <span class='ocrx_word' id='word_1_693' title='bbox 671 5206 778 5260; x_wconf 75' lang='grc' dir='ltr'><strong>ἐὰν</strong></span> <span class='ocrx_word' id='word_1_694' title='bbox 807 5205 947 5274; x_wconf 78' lang='grc' dir='ltr'>ποιῇ</span> <span class='ocrx_word' id='word_1_695' title='bbox 978 5209 1016 5274; x_wconf 74' lang='grc' dir='ltr'>ἡ</span> <span class='ocrx_word' id='word_1_696' title='bbox 1046 5206 1214 5270; x_wconf 76' lang='grc' dir='ltr'>δεξιά</span> <span class='ocrx_word' id='word_1_697' title='bbox 1237 5221 1374 5271; x_wconf 86' lang='grc' dir='ltr'>σου,</span> <span class='ocrx_word' id='word_1_698' title='bbox 1406 5208 1492 5276; x_wconf 71' lang='grc' dir='ltr'><strong>μὴ</strong></span> <span class='ocrx_word' id='word_1_699' title='bbox 1524 5205 1724 5276; x_wconf 77' lang='grc' dir='ltr'>γνώτω</span> 
     </span>
    </p>
   </div>
   <div class='ocr_carea' id='block_1_98' title="bbox 147 5296 1722 5368">
    <p class='ocr_par' dir='ltr' id='par_1_98' title="bbox 147 5296 1722 5368">
     <span class='ocr_line' id='line_1_98' title="bbox 147 5296 1722 5368; baseline 0.002 -18"><span class='ocrx_word' id='word_1_700' title='bbox 147 5301 192 5362; x_wconf 79' lang='grc' dir='ltr'>ἡ</span> <span class='ocrx_word' id='word_1_701' title='bbox 225 5296 506 5366; x_wconf 78' lang='grc' dir='ltr'>ἀριστερὰ</span> <span class='ocrx_word' id='word_1_702' title='bbox 521 5311 658 5351; x_wconf 87' lang='grc' dir='ltr'>σου.</span> <span class='ocrx_word' id='word_1_703' title='bbox 687 5296 876 5361; x_wconf 85' lang='grc' dir='ltr'>Οῦτως</span> <span class='ocrx_word' id='word_1_704' title='bbox 908 5298 1006 5368; x_wconf 82' lang='grc' dir='ltr'><strong>μὲν</strong></span> <span class='ocrx_word' id='word_1_705' title='bbox 1029 5298 1366 5353; x_wconf 86' lang='grc' dir='ltr'>λανθάνουσα</span> <span class='ocrx_word' id='word_1_706' title='bbox 1400 5298 1630 5362; x_wconf 78' lang='grc' dir='ltr'>ἐξετέλει</span> <span class='ocrx_word' id='word_1_707' title='bbox 1655 5301 1722 5353; x_wconf 85' lang='grc' dir='ltr'><strong>τά</strong></span> 
     </span>
    </p>
   </div>
   <div class='ocr_carea' id='block_1_99' title="bbox 144 5387 965 5461">
    <p class='ocr_par' dir='ltr' id='par_1_99' title="bbox 144 5387 965 5461">
     <span class='ocr_line' id='line_1_99' title="bbox 144 5387 965 5461; baseline -0.001 -17"><span class='ocrx_word' id='word_1_708' title='bbox 144 5389 434 5461; x_wconf 79' lang='grc' dir='ltr'>πρέποντα</span> <span class='ocrx_word' id='word_1_709' title='bbox 454 5387 530 5459; x_wconf 82' lang='grc' dir='ltr'>τῷ</span> <span class='ocrx_word' id='word_1_710' title='bbox 567 5389 965 5460; x_wconf 86' lang='grc' dir='ltr'>ἐπαγγέλματι.</span> 
     </span>
    </p>
   </div>
   <div class='ocr_carea' id='block_1_100' title="bbox 225 5477 1724 5554">
    <p class='ocr_par' dir='ltr' id='par_1_100' title="bbox 225 5477 1724 5554">
     <span class='ocr_line' id='line_1_100' title="bbox 225 5477 1724 5554; baseline 0.006 -20"><span class='ocrx_word' id='word_1_711' title='bbox 225 5477 313 5534; x_wconf 76' lang='grc'><strong>16.</strong></span> <span class='ocrx_word' id='word_1_712' title='bbox 361 5478 492 5532; x_wconf 82' lang='grc' dir='ltr'>’Δπδ</span> <span class='ocrx_word' id='word_1_713' title='bbox 536 5479 592 5532; x_wconf 85' lang='grc' dir='ltr'>δὲ</span> <span class='ocrx_word' id='word_1_714' title='bbox 641 5479 742 5550; x_wconf 81' lang='grc' dir='ltr'>τῆς</span> <span class='ocrx_word' id='word_1_715' title='bbox 781 5479 1004 5550; x_wconf 72' lang='grc' dir='ltr'>πρώτης</span> <span class='ocrx_word' id='word_1_716' title='bbox 1055 5480 1291 5551; x_wconf 84' lang='grc' dir='ltr'>ἡλικίας,</span> <span class='ocrx_word' id='word_1_717' title='bbox 1343 5483 1437 5536; x_wconf 71' lang='grc' dir='ltr'><strong>καὶ</strong></span> <span class='ocrx_word' id='word_1_718' title='bbox 1485 5482 1589 5546; x_wconf 79' lang='grc' dir='ltr'>ἕως</span> <span class='ocrx_word' id='word_1_719' title='bbox 1626 5485 1724 5554; x_wconf 78' lang='grc' dir='ltr'><strong>τῆς</strong></span> 
     </span>
    </p>
   </div>
   <div class='ocr_carea' id='block_1_101' title="bbox 147 5569 1722 5647">
    <p class='ocr_par' dir='ltr' id='par_1_101' title="bbox 147 5569 1722 5647">
     <span class='ocr_line' id='line_1_101' title="bbox 147 5569 1722 5647; baseline 0.001 -19"><span class='ocrx_word' id='word_1_720' title='bbox 147 5569 525 5644; x_wconf 83' lang='grc' dir='ltr'>ἀκμαστικῆς,</span> <span class='ocrx_word' id='word_1_721' title='bbox 551 5572 612 5625; x_wconf 84' lang='grc' dir='ltr'><strong>οὐ</strong></span> <span class='ocrx_word' id='word_1_722' title='bbox 653 5573 809 5644; x_wconf 89' lang='grc' dir='ltr'>μόνον</span> <span class='ocrx_word' id='word_1_723' title='bbox 838 5573 1035 5637; x_wconf 82' lang='grc' dir='ltr'>παντὸς</span> <span class='ocrx_word' id='word_1_724' title='bbox 1064 5573 1254 5645; x_wconf 79' lang='grc' dir='ltr'>ἀνδρὸς</span> <span class='ocrx_word' id='word_1_725' title='bbox 1291 5575 1576 5647; x_wconf 87' lang='grc' dir='ltr'>συντυχίαν</span> <span class='ocrx_word' id='word_1_726' title='bbox 1617 5575 1722 5630; x_wconf 82' lang='grc' dir='ltr'>ἀπ-</span> 
     </span>
    </p>
   </div>
   <div class='ocr_carea' id='block_1_102' title="bbox 227 5721 1298 5796">
    <p class='ocr_par' dir='ltr' id='par_1_102' title="bbox 227 5721 1298 5796">
     <span class='ocr_line' id='line_1_102' title="bbox 227 5721 1298 5796; baseline 0.005 -17"><span class='ocrx_word' id='word_1_727' title='bbox 227 5725 274 5759; x_wconf 77' lang='grc'><strong>⁸⁸</strong></span> <span class='ocrx_word' id='word_1_728' title='bbox 311 5721 457 5782; x_wconf 87' lang='lat' dir='ltr'><strong>Psal.</strong></span> <span class='ocrx_word' id='word_1_729' title='bbox 494 5740 666 5796; x_wconf 80' lang='lat' dir='ltr'><strong>nul,</strong></span> <span class='ocrx_word' id='word_1_730' title='bbox 699 5727 750 5783; x_wconf 80' lang='lat' dir='ltr'><strong>l.</strong></span> <span class='ocrx_word' id='word_1_731' title='bbox 828 5727 871 5759; x_wconf 78' lang='lat'><strong>&quot;</strong></span> <span class='ocrx_word' id='word_1_732' title='bbox 911 5725 1100 5784; x_wconf 84' lang='lat' dir='ltr'><strong>Matth.</strong></span> <span class='ocrx_word' id='word_1_733' title='bbox 1139 5744 1211 5794; x_wconf 86' lang='lat' dir='ltr'><strong>vI,</strong></span> <span class='ocrx_word' id='word_1_734' title='bbox 1247 5730 1298 5786; x_wconf 77' lang='grc'><strong>3.</strong></span> 
     </span>
    </p>
   </div>
   <div class='ocr_carea' id='block_1_103' title="bbox 1829 4559 3392 4630">
    <p class='ocr_par' dir='ltr' id='par_1_103' title="bbox 1829 4559 3392 4630">
     <span class='ocr_line' id='line_1_103' title="bbox 1829 4559 3392 4630; baseline 0.006 -22"><span class='ocrx_word' id='word_1_735' title='bbox 1829 4571 2086 4612; x_wconf 85' lang='lat' dir='ltr'><strong>enarrare</strong></span> <span class='ocrx_word' id='word_1_736' title='bbox 2118 4573 2227 4612; x_wconf 93' lang='lat' dir='ltr'><strong>non</strong></span> <span class='ocrx_word' id='word_1_737' title='bbox 2258 4559 2520 4625; x_wconf 86' lang='lat' dir='ltr'><strong>valemus,</strong></span> <span class='ocrx_word' id='word_1_738' title='bbox 2561 4563 2777 4630; x_wconf 89' lang='lat' dir='ltr'><strong>quando</strong></span> <span class='ocrx_word' id='word_1_739' title='bbox 2812 4564 3018 4617; x_wconf 91' lang='lat' dir='ltr'><strong>nullum</strong></span> <span class='ocrx_word' id='word_1_740' title='bbox 3058 4563 3279 4619; x_wconf 89' lang='lat' dir='ltr'><strong>admisit</strong></span> <span class='ocrx_word' id='word_1_741' title='bbox 3311 4567 3392 4618; x_wconf 89' lang='lat' dir='ltr'><strong>vi-</strong></span> 
     </span>
    </p>
   </div>
   <div class='ocr_carea' id='block_1_104' title="bbox 1831 4652 3390 4725">
    <p class='ocr_par' dir='ltr' id='par_1_104' title="bbox 1831 4652 3390 4725">
     <span class='ocr_line' id='line_1_104' title="bbox 1831 4652 3390 4725; baseline 0.006 -25"><span class='ocrx_word' id='word_1_742' title='bbox 1831 4655 1896 4702; x_wconf 60' lang='lat' dir='ltr'><strong>tae</strong></span> <span class='ocrx_word' id='word_1_743' title='bbox 1925 4663 2037 4704; x_wconf 67' lang='lat' dir='ltr'><strong>sua:</strong></span> <span class='ocrx_word' id='word_1_744' title='bbox 2067 4658 2449 4719; x_wconf 88' lang='lat' dir='ltr'><strong>spectatorem.</strong></span> <span class='ocrx_word' id='word_1_745' title='bbox 2481 4652 2666 4724; x_wconf 86' lang='lat' dir='ltr'><strong>Neque</strong></span> <span class='ocrx_word' id='word_1_746' title='bbox 2703 4655 2847 4709; x_wconf 89' lang='lat' dir='ltr'><strong>enim</strong></span> <span class='ocrx_word' id='word_1_747' title='bbox 2874 4670 3064 4709; x_wconf 76' lang='lat' dir='ltr'><strong>rerum</strong></span> <span class='ocrx_word' id='word_1_748' title='bbox 3102 4671 3131 4708; x_wconf 91' lang='lat' dir='ltr'><strong>a</strong></span> <span class='ocrx_word' id='word_1_749' title='bbox 3165 4672 3222 4711; x_wconf 92' lang='lat' dir='ltr'><strong>se</strong></span> <span class='ocrx_word' id='word_1_750' title='bbox 3253 4672 3390 4725; x_wconf 69' lang='lat' dir='ltr'><strong>prae-</strong></span> 
     </span>
    </p>
   </div>
   <div class='ocr_carea' id='block_1_105' title="bbox 1828 4742 3392 4818">
    <p class='ocr_par' dir='ltr' id='par_1_105' title="bbox 1828 4742 3392 4818">
     <span class='ocr_line' id='line_1_105' title="bbox 1828 4742 3392 4818; baseline 0.006 -24"><span class='ocrx_word' id='word_1_751' title='bbox 1828 4742 1971 4796; x_wconf 89' lang='lat' dir='ltr'><strong>clare</strong></span> <span class='ocrx_word' id='word_1_752' title='bbox 1999 4752 2278 4813; x_wconf 83' lang='lat' dir='ltr'><strong>gestarum</strong></span> <span class='ocrx_word' id='word_1_753' title='bbox 2313 4761 2591 4816; x_wconf 83' lang='lat' dir='ltr'><strong>praecones</strong></span> <span class='ocrx_word' id='word_1_754' title='bbox 2631 4763 2754 4805; x_wconf 92' lang='lat' dir='ltr'><strong>esse</strong></span> <span class='ocrx_word' id='word_1_755' title='bbox 2779 4749 2996 4804; x_wconf 87' lang='lat' dir='ltr'><strong>volebat</strong></span> <span class='ocrx_word' id='word_1_756' title='bbox 3032 4765 3127 4804; x_wconf 91' lang='lat' dir='ltr'><strong>eos</strong></span> <span class='ocrx_word' id='word_1_757' title='bbox 3165 4751 3258 4818; x_wconf 91' lang='lat' dir='ltr'><strong>qui</strong></span> <span class='ocrx_word' id='word_1_758' title='bbox 3297 4751 3392 4804; x_wconf 85' lang='lat' dir='ltr'><strong>ad-</strong></span> 
     </span>
    </p>
   </div>
   <div class='ocr_carea' id='block_1_106' title="bbox 1827 4831 3389 4910">
    <p class='ocr_par' dir='ltr' id='par_1_106' title="bbox 1827 4831 3389 4910">
     <span class='ocr_line' id='line_1_106' title="bbox 1827 4831 3389 4910; baseline 0.004 -23"><span class='ocrx_word' id='word_1_759' title='bbox 1827 4839 2002 4887; x_wconf 88' lang='lat' dir='ltr'><strong>erant.</strong></span> <span class='ocrx_word' id='word_1_760' title='bbox 2026 4831 2140 4890; x_wconf 86' lang='lat' dir='ltr'><strong>lmo</strong></span> <span class='ocrx_word' id='word_1_761' title='bbox 2163 4849 2266 4890; x_wconf 92' lang='lat' dir='ltr'><strong>nec</strong></span> <span class='ocrx_word' id='word_1_762' title='bbox 2289 4843 2494 4890; x_wconf 88' lang='lat' dir='ltr'><strong>tantam</strong></span> <span class='ocrx_word' id='word_1_763' title='bbox 2535 4847 2683 4893; x_wconf 89' lang='lat' dir='ltr'><strong>recte</strong></span> <span class='ocrx_word' id='word_1_764' title='bbox 2715 4840 2930 4910; x_wconf 71' lang='lat' dir='ltr'><strong>agendi,</strong></span> <span class='ocrx_word' id='word_1_765' title='bbox 2957 4847 3216 4910; x_wconf 89' lang='lat' dir='ltr'><strong>quantam</strong></span> <span class='ocrx_word' id='word_1_766' title='bbox 3239 4849 3389 4910; x_wconf 87' lang='lat' dir='ltr'><strong>gesta</strong></span> 
     </span>
    </p>
   </div>
   <div class='ocr_carea' id='block_1_107' title="bbox 1827 4927 3390 5000">
    <p class='ocr_par' dir='ltr' id='par_1_107' title="bbox 1827 4927 3390 5000">
     <span class='ocr_line' id='line_1_107' title="bbox 1827 4927 3390 5000; baseline 0.005 -22"><span class='ocrx_word' id='word_1_767' title='bbox 1827 4939 1924 4978; x_wconf 91' lang='lat' dir='ltr'><strong>sua</strong></span> <span class='ocrx_word' id='word_1_768' title='bbox 1940 4927 2249 4981; x_wconf 89' lang='lat' dir='ltr'><strong>occultandi</strong></span> <span class='ocrx_word' id='word_1_769' title='bbox 2279 4928 2702 4984; x_wconf 90' lang='lat' dir='ltr'><strong>sollicitudinem</strong></span> <span class='ocrx_word' id='word_1_770' title='bbox 2727 4931 2978 4986; x_wconf 89' lang='lat' dir='ltr'><strong>habebat.</strong></span> <span class='ocrx_word' id='word_1_771' title='bbox 3001 4931 3135 4985; x_wconf 90' lang='lat' dir='ltr'><strong>lllud</strong></span> <span class='ocrx_word' id='word_1_772' title='bbox 3157 4946 3390 5000; x_wconf 90' lang='lat' dir='ltr'><strong>namque</strong></span> 
     </span>
    </p>
   </div>
   <div class='ocr_carea' id='block_1_108' title="bbox 1829 5015 3390 5094">
    <p class='ocr_par' dir='ltr' id='par_1_108' title="bbox 1829 5015 3390 5094">
     <span class='ocr_line' id='line_1_108' title="bbox 1829 5015 3390 5094; baseline 0.006 -27"><span class='ocrx_word' id='word_1_773' title='bbox 1829 5015 2171 5073; x_wconf 90' lang='lat' dir='ltr'><strong>Dominicum</strong></span> <span class='ocrx_word' id='word_1_774' title='bbox 2200 5020 2406 5075; x_wconf 88' lang='lat' dir='ltr'><strong>dictum</strong></span> <span class='ocrx_word' id='word_1_775' title='bbox 2433 5021 2488 5075; x_wconf 93' lang='lat' dir='ltr'><strong>in</strong></span> <span class='ocrx_word' id='word_1_776' title='bbox 2520 5033 2701 5078; x_wconf 91' lang='lat' dir='ltr'><strong>mente</strong></span> <span class='ocrx_word' id='word_1_777' title='bbox 2719 5023 2975 5078; x_wconf 88' lang='lat' dir='ltr'><strong>versabat</strong></span> <span class='ocrx_word' id='word_1_778' title='bbox 3009 5043 3021 5077; x_wconf 91' lang='lat'><strong>:</strong></span> <span class='ocrx_word' id='word_1_779' title='bbox 3055 5022 3114 5077; x_wconf 88' lang='lat' dir='ltr'><strong>Si</strong></span> <span class='ocrx_word' id='word_1_780' title='bbox 3145 5024 3269 5094; x_wconf 83' lang='lat' dir='ltr'><strong>quid</strong></span> <span class='ocrx_word' id='word_1_781' title='bbox 3314 5025 3390 5092; x_wconf 83' lang='lat' dir='ltr'><strong>fe-</strong></span> 
     </span>
    </p>
   </div>
   <div class='ocr_carea' id='block_1_109' title="bbox 1828 5110 3390 5187">
    <p class='ocr_par' dir='ltr' id='par_1_109' title="bbox 1828 5110 3390 5187">
     <span class='ocr_line' id='line_1_109' title="bbox 1828 5110 3390 5187; baseline 0.006 -26"><span class='ocrx_word' id='word_1_782' title='bbox 1828 5110 1957 5162; x_wconf 80' lang='lat' dir='ltr'><strong>cerit</strong></span> <span class='ocrx_word' id='word_1_783' title='bbox 1986 5111 2202 5166; x_wconf 76' lang='lat' dir='ltr'><strong>dextera</strong></span> <span class='ocrx_word' id='word_1_784' title='bbox 2233 5123 2345 5179; x_wconf 86' lang='lat' dir='ltr'><strong>tua,</strong></span> <span class='ocrx_word' id='word_1_785' title='bbox 2378 5115 2434 5167; x_wconf 80' lang='lat' dir='ltr'><strong>id</strong></span> <span class='ocrx_word' id='word_1_786' title='bbox 2459 5117 2658 5169; x_wconf 79' lang='lat' dir='ltr'><strong>nesciat</strong></span> <span class='ocrx_word' id='word_1_787' title='bbox 2679 5117 2897 5170; x_wconf 77' lang='lat' dir='ltr'><strong>sinistra</strong></span> <span class='ocrx_word' id='word_1_788' title='bbox 2915 5127 3008 5170; x_wconf 87' lang='lat' dir='ltr'><strong>tua</strong></span> <span class='ocrx_word' id='word_1_789' title='bbox 3027 5119 3090 5169; x_wconf 81' lang='lat'><strong>&quot;.</strong></span> <span class='ocrx_word' id='word_1_790' title='bbox 3111 5117 3285 5187; x_wconf 84' lang='lat' dir='ltr'><strong>Atque</strong></span> <span class='ocrx_word' id='word_1_791' title='bbox 3316 5118 3390 5171; x_wconf 83' lang='lat' dir='ltr'><strong>ita</strong></span> 
     </span>
    </p>
   </div>
   <div class='ocr_carea' id='block_1_110' title="bbox 1827 5202 3149 5277">
    <p class='ocr_par' dir='ltr' id='par_1_110' title="bbox 1827 5202 3149 5277">
     <span class='ocr_line' id='line_1_110' title="bbox 1827 5202 3149 5277; baseline 0.008 -23"><span class='ocrx_word' id='word_1_792' title='bbox 1827 5202 2002 5258; x_wconf 91' lang='lat' dir='ltr'><strong>latens</strong></span> <span class='ocrx_word' id='word_1_793' title='bbox 2031 5204 2386 5273; x_wconf 82' lang='lat' dir='ltr'><strong>professionis</strong></span> <span class='ocrx_word' id='word_1_794' title='bbox 2429 5223 2542 5263; x_wconf 64' lang='lat' dir='ltr'><strong>sua!</strong></span> <span class='ocrx_word' id='word_1_795' title='bbox 2571 5207 2744 5264; x_wconf 75' lang='lat' dir='ltr'><strong>oliicia</strong></span> <span class='ocrx_word' id='word_1_796' title='bbox 2791 5209 3149 5277; x_wconf 80' lang='lat' dir='ltr'><strong>persolvebat.</strong></span> 
     </span>
    </p>
   </div>
   <div class='ocr_carea' id='block_1_111' title="bbox 1899 5472 3394 5543">
    <p class='ocr_par' dir='ltr' id='par_1_111' title="bbox 1899 5472 3394 5543">
     <span class='ocr_line' id='line_1_111' title="bbox 1899 5472 3394 5543; baseline 0 -13"><span class='ocrx_word' id='word_1_797' title='bbox 1899 5475 1985 5532; x_wconf 78' lang='grc'><strong>16.</strong></span> <span class='ocrx_word' id='word_1_798' title='bbox 2017 5472 2062 5527; x_wconf 82' lang='grc' dir='ltr'><strong>Α</strong></span> <span class='ocrx_word' id='word_1_799' title='bbox 2095 5473 2269 5543; x_wconf 90' lang='lat' dir='ltr'><strong>prima</strong></span> <span class='ocrx_word' id='word_1_800' title='bbox 2298 5473 2378 5528; x_wconf 91' lang='lat' dir='ltr'><strong>ad.</strong></span> <span class='ocrx_word' id='word_1_801' title='bbox 2394 5473 2634 5529; x_wconf 88' lang='lat' dir='ltr'><strong>adultam</strong></span> <span class='ocrx_word' id='word_1_802' title='bbox 2655 5482 2892 5538; x_wconf 68' lang='lat' dir='ltr'><strong>aetatem,</strong></span> <span class='ocrx_word' id='word_1_803' title='bbox 2912 5488 3022 5529; x_wconf 84' lang='lat' dir='ltr'><strong>non</strong></span> <span class='ocrx_word' id='word_1_804' title='bbox 3044 5473 3206 5528; x_wconf 92' lang='lat' dir='ltr'><strong>modo</strong></span> <span class='ocrx_word' id='word_1_805' title='bbox 3229 5482 3394 5530; x_wconf 76' lang='lat' dir='ltr'><strong>omne</strong></span> 
     </span>
    </p>
   </div>
   <div class='ocr_carea' id='block_1_112' title="bbox 1827 5565 3390 5638">
    <p class='ocr_par' dir='ltr' id='par_1_112' title="bbox 1827 5565 3390 5638">
     <span class='ocr_line' id='line_1_112' title="bbox 1827 5565 3390 5638; baseline -0.003 -11"><span class='ocrx_word' id='word_1_806' title='bbox 1827 5572 1926 5627; x_wconf 88' lang='lat' dir='ltr'><strong>viri</strong></span> <span class='ocrx_word' id='word_1_807' title='bbox 1962 5569 2296 5627; x_wconf 87' lang='lat' dir='ltr'><strong>consortium</strong></span> <span class='ocrx_word' id='word_1_808' title='bbox 2327 5567 2651 5636; x_wconf 74' lang='lat' dir='ltr'><strong>declinavit;</strong></span> <span class='ocrx_word' id='word_1_809' title='bbox 2688 5567 2782 5625; x_wconf 82' lang='lat' dir='ltr'><strong>sed</strong></span> <span class='ocrx_word' id='word_1_810' title='bbox 2811 5567 2973 5624; x_wconf 84' lang='lat' dir='ltr'><strong>etiam</strong></span> <span class='ocrx_word' id='word_1_811' title='bbox 3006 5566 3240 5638; x_wconf 65' lang='lat' dir='ltr'><strong>aequales</strong></span> <span class='ocrx_word' id='word_1_812' title='bbox 3278 5565 3390 5637; x_wconf 64' lang='lat' dir='ltr'><strong>ple~</strong></span> 
     </span>
    </p>
   </div>
  </div>
