3868 6202
426 325 565 385 14θό

1556 322 1614 379 S.
1657 309 2119 375 ATHANASIUS.
2160 343 2227 355 -
2265 313 2537 369 SPURIA.

3562 306 3687 364 1196

427 461 659 515 rumque
690 459 820 501 suas
851 443 1183 517 refugiebat,
1233 442 1385 498 hisce
1414 441 1629 497 duabus
1675 441 1749 497 de
1789 437 1994 500 causis,

2143 449 2320 498 ευγεν,
2347 429 2482 485 ἀλλὰ
2519 430 2613 484 καὶ
2644 430 2738 493 τὰς
2764 428 3068 500 ὁμοφύλους
3090 426 3157 480 τὰ
3181 421 3351 479 πολλά
3377 423 3690 496 παρῃτεῖτον

429 537 513 594 vel
545 537 758 594 scilicet
786 552 856 591 ne
888 536 1115 606 gloriam
1139 534 1355 591 eximia:
1378 532 1799 589 exercitationis
1835 529 2006 585 reler-

432 639 538 696 ret,
569 630 654 687 vel
685 646 753 687 ne
779 630 1054 701 corporali
1079 628 1411 686 necessitate
1439 627 1713 684 avirtutis
1744 624 2008 681 exercitio

434 724 776 782 avelleretur.

504 813 595 871 17.
641 813 735 869 Sic
761 828 893 885 ergo
924 814 1135 885 primos
1175 811 1339 867 animi
1387 812 1624 883 impetus
1654 807 2021 873 observabat,

434 921 637 963 cavens
660 922 730 962 ne
762 906 1043 977 corporeis
1073 904 1382 960 traheretur
1418 902 1835 981 cupiditatibus.
1870 897 2009 953 Nam

364 1048 372 1057 .
439 1000 617 1055 instar
652 999 869 1055 arboris
900 996 1254 1060 luxuriantis,
1304 1011 1489 1052 ramos
1517 993 1878 1051 abscindebat
1926 991 2014 1047 in-

437 1091 773 1160 fructuosos,
803 1091 1051 1161 sciteque
1066 1091 1356 1145 amovebat
1379 1095 1732 1159 erumpentes
1751 1089 1806 1141 in
1828 1085 2012 1140 animo

437 1184 692 1255 spinosas
720 1183 1121 1247 l'ruticationes,
1156 1182 1543 1254 perjejunium
1571 1182 1784 1237 scilicet
1814 1187 1870 1235 et
1896 1193 2015 1235 ora-

437 1279 666 1333 tionem.
714 1276 871 1344 Quod
909 1277 956 1333 si
994 1277 1079 1331 vel
1124 1277 1345 1346 paulum
1395 1276 1626 1347 singulas
1658 1274 2011 1345 pullularent,

434 1371 603 1427 variis
658 1370 924 1426 alliciebat
984 1370 1197 1440 penis,
1248 1368 1523 1438 nullisque
1571 1383 1681 1441 non
1732 1364 2015 1420 laboribus

434 1478 646 1534 corpus
677 1463 1015 1520 macerabat.
1048 1461 1158 1518 Nec
1198 1462 1333 1519 satis
1366 1470 1485 1517 erat
1519 1461 1598 1516 illi
1649 1461 1805 1531 panis
1843 1457 2015 1516 absti-

437 1558 641 1626 nentia,
674 1572 796 1628 qua:
825 1557 909 1613 vel
946 1571 1088 1628 aqua
1132 1556 1457 1627 parcissime
1486 1554 1765 1610 utebatur.

2107 524 2201 578 δύο
2227 523 2432 577 τούτων
2456 524 2639 585 ἓνεκα,
2671 521 2705 593 ἦ
2735 521 2827 575 τοῦ
2857 521 2930 593 μὴ
2960 519 3285 589 ὼξασθῆναι
3325 519 3392 589 τῇ
3426 516 3696 588 ὑπερϐολῇ

2107 615 2207 684 τῆς
2240 614 2547 685 ἀσκήσεως,
2577 612 2611 684 ἢ
2639 611 2735 665 τοῦ
2772 612 2845 683 μὴ
2872 610 3213 681 ύποσυρῆναι
3245 609 3343 679 τῆς
3375 605 3701 679 ἀρετῆς·δά

2108 708 2207 778 τὴν
2236 705 2556 778 σωματικὴν
2584 705 2797 777 χρείαν.

2182 796 2269 851 17.
2313 796 2499 861 Οὖτως
2537 797 2634 867 μὲν
2659 791 2752 849 οὖν
2793 795 2891 859 τὰς
2920 794 3142 866 πρώτας
3165 794 3265 864 τῆς
3301 792 3485 864 ψυχῆς
3522 791 3706 845 ἐπιδο-

2108 890 2208 956 λὰς
2239 891 2563 962 παρετήρει,
2602 890 2676 962 μὴ
2729 887 3087 960 συγχωροῦσα
3116 888 3307 950 αὐταῖς
3338 884 3709 954 συγκαθέλκε-

2112 983 2237 1039 σθαι
2267 987 2388 1048 ταῖς
2415 986 2755 1056 σωματικαῖς
2791 982 3141 1052 ἐπιθυμίαις·
3174 979 3363 1051 ὥσπερ
3389 979 3450 1033 δὲ
3487 979 3710 1051 δένδρον

2112 1077 2521 1148 καθυλομανοῦν
2543 1076 2932 1150 περιετέμνετο
2955 1074 3064 1128 τῶν
3095 1074 3365 1146 ἀκάρπων
3391 1071 3733 1140 κλάδων,τά’

2116 1167 2504 1240 βλαστήματα’
2548 1166 2645 1231 τὰς
2681 1166 2782 1238 μὲν
2824 1166 2935 1237 γάρ
2971 1162 3306 1227 ἀκανθώδεις
3340 1163 3440 1233 τῆς
3467 1160 3715 1223 διανοίας

2114 1261 2371 1331 ἐκφύσεις
2394 1262 2655 1333 ἀφῃρεῖτο
2676 1259 2763 1314 διά
2786 1276 2845 1312 τε
2867 1259 2965 1329 τῆς
2988 1256 3242 1327 νηστείας
3295 1255 3388 1308 καὶ
3413 1252 3520 1323 τῆς
3549 1269 3716 1323 προσ-

2114 1352 2298 1423 ευχῆς.
2332 1352 2442 1405 Kal
2469 1352 2518 1403 si
2552 1348 2725 1421 βραχύ
2768 1365 2821 1401 τι
2865 1347 3096 1401 ἕκαστον
3125 1345 3330 1399 τούτων
3376 1343 3715 1415 προέκοπτε,

2116 1442 2365 1507 ποικίλας
2393 1443 2577 1506 αὐτοῖς
2597 1441 2697 1505 τὰς
2725 1438 2997 1512 τιμωρίας
3025 1437 3353 1509 προσέφερε,
3390 1435 3480 1490 διὰ
3514 1452 3719 1490 παντο-

2117 1537 2302 1591 δαπῶν
2350 1536 2529 1590 πόνων
2569 1536 2630 1589 τὸ
2674 1535 2834 1605 σῶμα
2879 1531 3250 1602 κακουχοῦσα.
3286 1531 3361 1584 Οὐ
3407 1530 3577 1600 μόνον
3608 1528 3719 1600 γὰρ

2116 1633 2182 1703 τῇ
2220 1630 2315 1685 τοῦ
2350 1632 2518 1704 ἄρτου
2566 1627 2895 1701 λιμαγχονίᾳ
2937 1628 3180 1699 ἠρκεῖτο,
3226 1624 3364 1680 ἀλλά
3400 1641 3467 1694 γε
3509 1622 3615 1677 καὶ
3653 1623 3718 1692 τῇ

2117 1723 2211 1777 τοῦ
2242 1722 2432 1787 ὓδατος
2457 1721 2747 1793 ὀλιγοδεῖᾳ.

510 1817 597 1874 18.
624 1815 1075 1886 Quandocunque
1106 1821 1288 1869 autem
1304 1812 1540 1871 infestus
1558 1813 1737 1870 hostis
1754 1828 1879 1869 cum
1924 1812 2017 1867 illa

2196 1815 2282 1872 18.
2325 1782 2590 1886 ὐπηνίκα
2621 1782 2721 1885 μὲν
2748 1812 2983 1884 πόλεμος
3022 1812 3116 1867 τοῦ
3143 1810 3338 1883 ἐχθροῦ
3379 1809 3520 1883 πρὸς
3548 1807 3723 1879 αὐτὴν

437 1908 871 1969 conﬂictaretur.
906 1909 1311 1980 quamprimum
1343 1924 1440 1978 per
1484 1909 1787 1963 orationem
1834 1906 2020 1962 Domi-

437 2006 570 2057 num
606 2016 769 2057 suum
790 2002 1023 2056 vocabat
1052 2000 1106 2054 in
1141 2000 1476 2063 subsidium,
1524 2014 1627 2054 nec
1666 1999 1784 2054 sola
1829 2011 2023 2069 corpo-

440 2091 521 2147 ris
550 2090 945 2147 exercitatione
965 2089 1244 2145 nitebatur
1270 2089 1451 2145 leonis
1485 2089 1748 2159 impetum
1777 2088 2019 2159 compri-

441 2199 609 2242 mere.
640 2182 752 2239 Nec
805 2197 963 2238 mora
1011 2181 1156 2237 facta
1193 2182 1430 2253 supplici
1481 2182 1674 2237 aderat
1724 2182 2012 2245 Dominus,

443 2274 793 2346 fugiebatque
821 2274 1192 2331 adversarius.
1231 2273 1559 2344 Plerumque
1589 2280 1772 2329 tamen
1804 2272 2023 2328 accide-

444 2368 556 2434 bat,
588 2374 649 2424 ut
678 2368 888 2425 diutius
920 2367 1155 2424 instaret
1198 2366 1395 2433 hostis,
1437 2356 1555 2421 nec
1584 2364 1850 2421 Dominus
1898 2378 2021 2420 sce-

443 2460 642 2516 lestum
660 2460 1026 2530 propulsaret,
1060 2467 1120 2514 ut
1158 2474 1224 2514 eo
1261 2468 1424 2529 pacto
1472 2458 1771 2514 virtutibus
1812 2460 2025 2514 instru-

442 2560 545 2606 cta:
571 2550 770 2605 animat
794 2550 1245 2605 exercitationem
1273 2559 1515 2621 augeret.
1548 2548 1671 2621 Ipsa
1711 2566 1842 2607 vero
1864 2554 2025 2623 quasi

447 2641 590 2697 facta
619 2641 887 2697 donorum
920 2642 1259 2708 accessione,
1300 2642 1446 2698 vires
1482 2643 1798 2699 resumebat
1836 2645 1905 2699 ad
1942 2645 2026 2701 vi-

446 2735 676 2791 ctoriam
708 2734 1118 2805 reportandam.
1149 2732 1338 2805 Neque
1365 2745 1483 2790 erat
1509 2735 1559 2790 ei
1592 2736 1749 2801 satis,
1784 2751 1843 2791 sc
1880 2737 2028 2793 cibo-

448 2842 569 2883 rum
598 2828 826 2897 penuria
851 2842 1150 2892 macerare,
1185 2843 1375 2884 verum
1410 2828 1572 2882 etiam
1600 2827 1669 2883 ad
1700 2829 1885 2883 omnia
1933 2844 2029 2884 vo-

448 2919 684 2990 luptaria
707 2919 890 2976 studia
920 2920 1127 2975 aditum
1153 2919 1256 2976 sibi
1280 2920 1703 2978 intercludebat.
1725 2921 2029 2978 Furfuroso

450 3013 719 3085 siquidem
752 3029 891 3084 pane
916 3014 1260 3078 vescebatur,
1284 3029 1426 3085 aqua
1457 3029 1600 3084 saepe
1634 3030 1863 3084 prorsus
1900 3015 2029 3071 abs-

2124 1910 2515 1981 συνεκροτεῖτο.
2559 1906 2985 1978 προηγουμένως
3015 1906 3113 1978 μὲν
3154 1905 3244 1958 τὸν
3275 1904 3473 1973 ἐαυτῆς
3500 1900 3725 1954 Δεσπό-

2120 2012 2220 2066 την
2266 1994 2333 2049 δι’
2368 1995 2533 2065 εὐχῆς
2565 1994 2749 2048 ἐκάλει
2781 1995 2919 2065 πρὸς
2963 1994 3311 2066 συμμαχίανο
3360 1992 3424 2045 οὐ
3463 1991 3583 2064 γάρ
3619 1993 3725 2063 ἠρ-

2122 2091 2270 2143 κεῖτο
2299 2087 2398 2159 τὴν
2438 2089 2617 2158 ὁρμὴν
2656 2088 2752 2141 τοῦ
2787 2087 3000 2151 λέοντος
3047 2086 3237 2140 σϐέσαι
3281 2084 3411 2155 ψιλῇ
3457 2084 3723 2155 ἀσκήσει.

2122 2181 2235 2234 Kal
2264 2179 2416 2251 παρά
2447 2181 2545 2251 μὲν
2564 2180 2662 2251 τῆς
2694 2180 2902 2245 ἱκεσίας
2936 2182 3116 2250 παρῆν
3151 2180 3179 2232 6
3207 2178 3433 2247 Κύριος,
3481 2177 3581 2230 καὶ
3621 2177 3728 2229 άπ-

2123 2272 2437 2345 εδίδρασκεν
2458 2274 2488 2325 6
2510 2272 2770 2343 πολέμιος
2789 2290 2804 2304 ·
2835 2271 3094 2335 πολλάκις
3111 2271 3168 2324 δὲ
3199 2273 3292 2323 καὶ
3316 2270 3564 2341 ἐχρόνιζε
3586 2267 3727 2339 πρὸς

2122 2365 2222 2438 τὴν
2273 2367 2451 2437 μάχην
2479 2368 2508 2420 6
2536 2365 2749 2437 ἐχθρὸς,
2782 2365 2878 2419 καὶ
2916 2366 2944 2417 ὁ
2972 2365 3178 2436 Κύριος
3219 2364 3319 2417 οὐκ
3362 2362 3609 2433 ἠμύνετο
3634 2360 3726 2414 τὸν

2126 2460 2486 2531 παλαμναῖον,
2516 2458 2665 2530 αὐτῷ
2690 2458 2865 2530 τούτῳ
2906 2459 3004 2528 τῆς
3034 2458 3288 2528 ἐναρέτου
3321 2455 3503 2526 ψυχῆς
3536 2454 3727 2507 εἰσαύ-

2127 2554 2234 2620 ξων
2264 2552 2360 2624 τὴν
2392 2552 2716 2623 γυμνασίαν.
2763 2550 2911 2622 Αὕτη
2959 2550 3014 2604 δὲ
3057 2549 3246 2620 ὥσπερ
3288 2547 3583 2620 προσθήκῃ
3616 2545 3726 2599 τῶν

2127 2644 2335 2718 δώρων,
2355 2645 2449 2697 ἐπὶ
2472 2644 2653 2698 πλεῖον
2670 2644 2999 2715 ἐκρατύνετο
3018 2645 3097 2706 είς
3118 2643 3215 2713 τὴν
3245 2642 3382 2695 κατά
3404 2641 3498 2696 τοῦ
3524 2640 3725 2712 ἐχθροῦ

2129 2737 2309 2809 νίκην.
2351 2737 2426 2791 Ού
2465 2737 2624 2807 μόνον
2663 2736 2772 2808 γὰρ
2820 2738 3045 2808 ἠρκεῖτο
3089 2738 3211 2799 ταῖς
3246 2734 3577 2804 ὀλιγοδεῖαις
3618 2734 3728 2788 τῶν

2130 2827 2346 2899 τροφῶν
2382 2826 2580 2898 ἑαυτὴν
2605 2825 2896 2897 νεκροῦσα,
2926 2825 3062 2880 άλλά
3086 2842 3149 2894 γε
3176 2825 3271 2879 καὶ
3299 2824 3408 2879 τῶν
3442 2822 3568 2876 καθ’
3607 2823 3729 2894 ἡδο-

2132 2920 2230 2993 νὴν
2277 2920 2651 2993 διαιτημάτων
2698 2920 2958 2991 ἐπειρᾶτο
3009 2919 3214 2987 εῖργειν
3264 2920 3483 2989 ἑαυτήν.
3524 2920 3728 2988 Ἀρτον

2136 3016 2235 3087 μὲν
2280 3016 2388 3087 γὰρ
2441 3014 2693 3088 πιτυρίαν
2732 3015 2950 3086 ἢσθιενο
2999 3012 3143 3085 ὕδωρ
3190 3014 3248 3068 δὲ
3294 3014 3558 3077 πολλάκις
3608 3014 3730 3067 οὑδ-

450 3104 680 3169 tinebat,
716 3104 866 3158 humi
905 3105 1115 3161 cubans
1160 3104 1476 3160 identidem.
1513 3104 1769 3172 Quaudiu
1824 3106 2026 3161 bellum

2138 3108 2268 3173 όλως
2302 3108 2610 3180 ἐλάμϐανεο
2649 3107 2743 3161 καὶ
2786 3105 3076 3177 ἐχαμεύνει
3120 3105 3177 3159 δὲ
3227 3105 3332 3169 ἕως
3376 3106 3551 3169 τινός.
3578 3107 3730 3168 Ἕως

452 3196 708 3259 instaret,
741 3196 947 3251 talibus
997 3196 1090 3250 illa
1133 3198 1259 3253 telis
1293 3198 1572 3253 utebatur.
1621 3196 1776 3253 Sculi
1818 3213 1882 3254 ac
1932 3199 2029 3253 teli

453 3289 577 3345 loco
613 3296 732 3343 erat
766 3288 843 3341 illi
877 3289 1077 3352 oratio,
1112 3289 1285 3344 lorica
1308 3306 1373 3345 ex
1402 3289 1524 3353 lide,
1563 3305 1660 3361 spe
1682 3300 1738 3345 et
1758 3289 2032 3347 charitatc

452 3386 757 3448 compacta.
789 3376 1025 3434 Prasibat
1069 3378 1329 3436 omnibus
1373 3379 1529 3443 ﬁdes,
1572 3395 1694 3449 quae
1741 3380 2031 3438 universos

456 3470 653 3525 animat
689 3470 836 3525 illius
868 3470 1271 3542 constringeret
1312 3472 1599 3528 articulos.
1649 3473 1852 3527 Aderat
1903 3472 2030 3527 item

455 3562 828 3633 elcemosyna,
866 3562 914 3618 si
945 3578 1054 3617 non
1081 3570 1232 3630 actu,
1280 3564 1474 3618 saltem
1519 3564 1800 3635 proposito
1828 3572 1882 3619 et
1931 3580 2034 3620 vo-

458 3653 691 3708 luutatc.

532 3834 617 3890 19.
653 3833 749 3889 llis
788 3834 971 3905 itaque
1008 3842 1165 3905 parta
1202 3835 1271 3891 de
1316 3836 1472 3891 hoste
1518 3837 1766 3903 victoria,
1812 3837 2033 3893 modum

461 3927 580 3998 ipsa
625 3927 939 3996 asperrima:
999 3927 1380 3982 exercitationi
1427 3929 1689 3999 ponebat,
1734 3929 1898 4000 idque
1944 3931 2036 3984 illa

461 4013 774 4083 prmstabat,
796 4028 862 4067 ne
883 4027 987 4066 con
997 4012 1174 4068 lestim
1195 4011 1491 4067 deﬁcerent
1506 4015 1754 4084 corporis
1772 4015 2035 4077 membra;

462 4103 609 4175 quod
635 4119 769 4160 sane
802 4113 1043 4174 accepta:
1084 4103 1258 4160 cladis
1302 4105 1497 4158 fuisset
1533 4104 1820 4160 indicium.
1857 4105 2040 4161 Colla-

464 4196 720 4251 bentibus
754 4212 988 4266 namque
1012 4196 1201 4259 armis,
1241 4211 1362 4266 qua:
1408 4212 1535 4265 spes
1581 4205 1831 4266 superest
1881 4198 2038 4253 militi

467 4288 537 4344 ad
578 4288 827 4359 prmlium
862 4288 1306 4357 capessendum?
1347 4289 1530 4353 Quare
1600 4290 1846 4344 nonnulli
1890 4302 2038 4355 sunt,

469 4380 713 4451 quicum
756 4396 814 4434 sc
863 4380 1151 4435 immodice
1187 4389 1242 4435 et
1278 4380 1681 4437 inconsiderate
1722 4383 1901 4438 inedia
1946 4384 2043 4437 ab-

2141 3202 2241 3272 μὲν
2269 3196 2363 3255 οὖν
2409 3205 2782 3272 συνεκροτεῖτο
2832 3203 2860 3253 6
2913 3199 3169 3270 πόλεμος,
3229 3200 3490 3262 τοιούτοις
3538 3200 3729 3263 ὅπλοις

2137 3292 2438 3363 ἐκέχρητο²
2480 3291 2644 3363 εὐχὴν
2681 3292 2780 3362 μέν
2814 3290 3103 3362 ἐνδυομένη
3140 3292 3260 3344 ἀντὶ
3295 3290 3461 3343 ὅπλου
3492 3291 3589 3343 καὶ
3635 3291 3730 3343 θυ-

2141 3383 2266 3455 ρεοῦ
2301 3384 2594 3455 ἐνδυομένη
2619 3402 2634 3416 ο
2670 3385 2702 3454 ἡ
2734 3383 2789 3437 δὲ
2825 3383 3225 3455 περικεφαλαία
3255 3383 3425 3454 αὐτῆς
3454 3379 3524 3454 ἦν
3548 3384 3615 3435 ἐκ
3644 3382 3733 3435 πί-

2141 3492 2309 3539 στεως
2339 3475 2435 3529 καὶ
2466 3475 2679 3538 ἐλπίδος
2707 3477 2802 3529 καὶ
2835 3475 3054 3545 ἀγάπης
3092 3474 3478 3545 συγκραθεῖσα.
3529 3474 3596 3527 Ἦ
3622 3474 3733 3544 γάρ

2141 3569 2325 3631 πίστις
2359 3568 2653 3638 προηγεῖτο
2686 3566 2924 3629 πάντων,
2958 3564 3114 3629 ὅλους
3145 3563 3314 3633 αὐτῆς
3354 3562 3481 3626 τοὺς
3514 3565 3733 3634 ἁρμοὺς

2144 3658 2539 3728 συσφίγγουσα.
2575 3657 2763 3728 Παρῆν
2791 3656 2847 3709 δὲ
2884 3657 2978 3709 καὶ
3001 3657 3033 3727 ἡ
3060 3654 3417 3726 ἐλεημοσύνη,
3443 3654 3491 3706 εἰ
3523 3656 3620 3708 καὶ
3656 3656 3731 3725 μὴ

2143 3752 2176 3822 ὴ
2210 3751 2331 3804 κατ’
2364 3750 2667 3822 ἐνέργειαν,
2693 3747 2807 3801 ἀλλ’
2835 3744 2926 3801 οὖν
2948 3763 3013 3816 γε
3033 3749 3067 3817 ἡ
3100 3747 3241 3800 κατά
3271 3745 3550 3818 πρόθεσιν.

2214 3842 2300 3898 19.
2330 3842 2428 3895 Διὰ
2453 3841 2656 3895 τούτων
2681 3836 2772 3894 οὖν
2799 3836 2965 3912 ἧτταν
2999 3840 3361 3908 ὑπομένοντος
3386 3837 3479 3891 τοῦ
3509 3836 3729 3910 ἐχθροῦ,

2146 3935 2239 3987 καὶ
2292 3934 2428 4003 αὑτὴ
2492 3933 2820 4002 ἐπεκούφιζε
2876 3932 2975 4003 τῆς
3025 3931 3359 4003 δριμυτάτης
3418 3930 3725 4001 ἀσκήσεως.

2146 4024 2317 4078 Τοῦτο
2342 4024 2397 4077 δὲ
2430 4023 2604 4076 ἐποίει
2658 4023 2795 4095 πρὸς
2835 4022 2895 4075 τὸ
2943 4022 3018 4093 μὴ
3066 4020 3279 4092 ἁθρόως
3319 4020 3639 4090 διαλυθῆναι
3661 4019 3729 4071 τὰ

2148 4115 2240 4169 τοῦ
2275 4114 2526 4186 σώματος
2562 4114 2700 4186 μέλη
2721 4130 2733 4143 ·
2766 4114 2937 4185 ἥττης
2969 4113 3078 4185 γάρ
3112 4110 3182 4184 ἦν
3220 4113 3375 4167 τοῦτο
3405 4115 3724 4184 τεκμήριον.

2149 4209 2270 4264 Τῶν
2300 4209 2408 4279 γὰρ
2445 4209 2625 4262 ὅπλων
2666 4207 3072 4278 συμπεσόντων,
3122 4207 3250 4260 ποία
3305 4205 3461 4269 ἐλπίς
3508 4207 3625 4259 ἐστι
3654 4204 3731 4275 τῷ

2151 4300 2457 4373 στρατιώτῃ
2503 4302 2581 4365 εἰς
2626 4298 2893 4370 πόλεμον;
2944 4298 3100 4361 Τινὲς
3133 4298 3282 4367 γοῦν,
3331 4298 3591 4369 ἀμέτρως
3637 4298 3732 4351 καὶ

2150 4393 2517 4460 ἀνεξετάστως
2554 4395 2619 4463 τῇ
2666 4392 2851 4463 ἀσιτίᾳ⁵
2890 4391 3117 4454 ἑαυτοὺς
3162 4390 3729 4461 καταδαπανήσαντες,

470 4471 862 4542 sumpsissent,
889 4472 1088 4527 lethale
1110 4472 1215 4528 sibi
1237 4474 1434 4530 vulnus
1455 4474 1780 4537 intulerunt,
1805 4483 1859 4530 et
1884 4477 2030 4545 quas?

2146 4486 2366 4559 καιρίαν
2396 4487 2608 4548 ἑαυτοῖς
2633 4484 2733 4556 τὴν
2770 4483 2984 4554 πληγὴν
3017 4483 3298 4553 ἐπήγαγον
3320 4498 3334 4512 ’
3363 4483 3555 4554 ὥσπερ
3582 4482 3635 4535 δὲ
3675 4485 3732 4534 ἐν

470 4580 597 4621 cum
625 4563 945 4619 adversario
963 4563 1223 4634 congredi
1246 4564 1640 4631 detrectarent,
1663 4567 1717 4620 in
1747 4568 2030 4636 perniciem

2146 4579 2478 4650 παραιτήσει
2511 4576 2605 4630 τοῦ
2642 4575 2936 4629 ἀντιπάλου
2975 4576 3278 4645 γενόμενοι,
3327 4577 3559 4637 ἑαυτοὺς
3603 4591 3733 4628 κατ-

473 4655 920 4725 seconjecerunt.
946 4654 1060 4709 Non
1086 4654 1166 4710 sic
1191 4655 1281 4709 illa
1309 4657 1475 4729 619
1493 4659 1706 4728 agebat,
1743 4658 1838 4714 sed
1862 4660 2030 4713 consi-

2148 4669 2427 4741 ἐφθειραν.
2455 4668 2602 4740 Αὕτη
2635 4668 2691 4720 δὲ
2724 4668 2819 4737 οὐχ
2857 4666 3028 4731 οὕτως
3058 4668 3349 4739 ἔπραττεν,
3387 4665 3528 4720 άλλά
3561 4668 3733 4721 πάντα

475 4751 658 4805 derate
676 4748 883 4809 omnia,
910 4747 988 4832 ita
1014 4756 1073 4802 ut
1107 4758 1332 4805 strenue
1360 4766 1485 4805 cum
1519 4751 1676 4807 hoste
1708 4754 1963 4824 precibus
1992 4765 2030 4809 cl

2152 4760 2290 4831 μετά
2313 4760 2635 4832 διακρίσεως
2669 4761 2843 4813 ἐποίει
2870 4778 2883 4789 ·
2911 4761 3003 4813 καὶ
3034 4759 3112 4828 τῷ
3140 4761 3239 4830 μὲν
3275 4758 3459 4830 ἐχθρῷ
3490 4758 3735 4830 σφοδρῶς

474 4840 865 4909 exercitatione
889 4827 1100 4895 munita
1118 4841 1427 4906 dimicaret,
1448 4842 1573 4897 etad
1591 4845 2027 4914 tranquillitateu

2148 4854 2236 4909 διά
2280 4870 2339 4906 τε
2393 4851 2500 4906 τῶν
2541 4850 2717 4922 εὐχῶν
2762 4851 2858 4905 καὶ
2906 4850 3006 4921 τῆς
3050 4850 3338 4920 ἀσκήσεως
3382 4850 3732 4919 ἀπεμάχετο’

475 4931 710 5004 ριὀρτὶω
736 4932 862 4986 navi
897 4933 1318 5001 procurandam,
1342 4935 1591 5004 corporis
1618 4950 1807 4989 curam
1839 4945 2044 5006 ageret.

475 5028 768 5085 Enimvero
800 5040 981 5083 nautae
1018 5029 1212 5083 oborta
1251 5035 1575 5097 tempestate
1620 5035 1674 5082 et
1725 5029 1981 5098 procella,
2020 5045 2049 5082 a

476 5121 601 5178 cibo
630 5121 909 5177 abstinent
935 5161 949 5185 ,
977 5120 1248 5190 quidquid
1280 5120 1415 5174 artis
1449 5130 1502 5173 et
1538 5121 1745 5189 peritiae
1767 5122 1929 5184 inest,
1954 5137 2045 5191 pe-

2152 4944 2287 5016 πρὸς
2319 4945 2375 4997 δὲ
2420 4943 2518 5015 τὴν
2546 4942 2784 5013 γαλήνην
2832 4943 2931 5013 τῆς
2974 4941 3179 5003 οἰκείας
3230 4942 3359 5011 νηὸς
3419 4940 3736 5009 ἐπμελεῖτο

2152 5035 2246 5088 τοῦ
2299 5035 2566 5105 σώματος.
2614 5036 2722 5087 Kal
2757 5034 2867 5105 γὰρ
2910 5036 2958 5087 οἱ
2998 5033 3423 5104 ναυτιλλόμενοι,
3472 5034 3737 5105 χειμῶνος

2155 5127 2248 5179 καὶ
2279 5126 2544 5189 κλύδωνος
2588 5125 3005 5188 καταλαϐόντος,
3042 5123 3217 5178 ἄσιτοι
3244 5124 3585 5192 διαμένουσι,
3627 5126 3732 5176 πᾶ-

474 5212 653 5267 riculo
703 5211 775 5267 ob
821 5211 1011 5266 oculos
1059 5210 1302 5265 versanti
1344 5217 1713 5278 Opponentcs;
1764 5218 2049 5277 postquam

478 5308 659 5357 autem
695 5300 998 5356 incolumes
1033 5310 1353 5365 evaserunt,
1389 5309 1520 5356 tunc
1564 5302 1817 5356 secunda:
1857 5294 2053 5355 salutis

476 5393 905 5452 sollicitudinem
945 5393 1177 5461 habent,
1207 5410 1305 5450 nec
1338 5402 1509 5448 totum
1540 5394 1651 5449 illis
1684 5401 1901 5464 tempus
1934 5395 2053 5449 elu-

475 5488 678 5545 etando
704 5490 841 5544 mari
870 5500 923 5545 et
955 5490 1113 5545 aastui
1137 5491 1435 5545 insumitur
1458 5531 1471 5555 ,
1502 5490 1594 5544 Sed
1652 5491 1796 5546 aeris
1846 5491 2054 5545 sereni-

475 5586 669 5641 tatem,
701 5595 802 5635 ceu
830 5582 1211 5637 brevissimam
1241 5583 1479 5651 quietem
1509 5590 1562 5636 et
1603 5582 2053 5650 tranquillitatem

479 5668 759 5737 accipiunt
800 5686 1017 5739 :neque
1048 5680 1233 5725 tamen
1263 5673 1337 5725 ita
1381 5673 1499 5725 sine
1543 5670 1913 5726 sollicitudine
1963 5672 2055 5727 de-

417 5833 453 5846 “
480 5766 633 5827 gunt,
663 5775 839 5829 neque
893 5778 951 5817 se
986 5763 1095 5817 allo
1132 5778 1326 5819 somno
1375 5764 1551 5834 abripi
1580 5766 1883 5834 patiuntur,
1924 5780 2059 5835 pra:—

2157 5234 2254 5269 oav
2282 5216 2379 5286 τὴν
2410 5216 2538 5285 παρ’
2566 5214 2775 5269 ἑαυτῶν
2818 5216 3013 5285 τέχνην
3047 5214 3125 5284 τῷ
3151 5216 3257 5287 πρὸ
3295 5214 3592 5284 ὀφθαλμῶν
3624 5232 3736 5267 κινο

2154 5305 2295 5377 δύνῳ
2324 5304 2716 5368 ἀντιτιθέντες·
2747 5306 2983 5376 ὁπηνίκα
3016 5304 3072 5356 δὲ
3100 5305 3307 5374 τύχωσι
3333 5303 3426 5356 τοῦ
3464 5305 3587 5374 ζῇν,
3619 5303 3735 5356 τότε

2155 5398 2255 5467 τῆς
2282 5397 2539 5466 δευτέρας
2573 5397 2843 5467 σωτηρίας
2873 5396 3149 5450 ποιοῦνται
3180 5396 3279 5466 τὴν
3311 5396 3602 5467 φροντίδαο
3648 5394 3737 5446 καὶ

2158 5491 2255 5560 οὐχ
2281 5490 2427 5552 ἄπας
2456 5488 2635 5543 αὐτῶν
2657 5491 2686 5541 ὁ
2715 5489 2904 5561 χρόνος
2940 5489 3075 5560 πρὸς
3101 5491 3191 5542 τὸν
3222 5489 3381 5542 σάλον
3409 5489 3509 5559 τῆς
3540 5488 3736 5544 θαλάσ-

2163 5601 2260 5654 σης
2287 5582 2773 5636 καταναλίσκεται’
2820 5583 3009 5653 ῶσπερ
3048 5581 3104 5635 δὲ
3146 5581 3461 5635 ἀνάπαυλαν
3499 5581 3740 5649 δέχονται

2161 5676 2269 5727 τῶν
2297 5676 2471 5727 πόνων
2504 5673 2602 5745 τὴν
2634 5674 2977 5745 βραχυτάτην
3010 5675 3251 5745 γαλήνην
3271 5691 3283 5702 ·
3310 5674 3403 5727 καὶ
3430 5672 3538 5725 οὐδ’
3571 5671 3743 5732 οὕτως

2162 5768 2477 5839 ἁμ;ρὲμνως
2524 5768 2819 5837 διάγουσιν,
2868 5766 2989 5820 οὔτε
3021 5767 3127 5840 μὴν
3176 5766 3326 5837 ὓιιιιρ
3356 5765 3509 5836 βαθεῖ
3560 5763 3726 5818 καθέλ
