3880 6200
392 242 531 298 M99
1543 242 1603 300 S.
1646 244 2115 304 ATHANASIUS‘.
2157 273 2230 289 -ο
2258 244 2542 304 SPURIA.
3530 242 3692 297 {500

390 359 596 428 cepisti,
627 356 798 431 gratis
822 360 894 414 da
918 360 985 416 ⁸⁷.
1021 359 1166 417 Cave
1198 375 1267 417 ne
1293 362 1417 417 tuas
1442 375 1637 432 pmnas
1667 361 1975 418 absconditi

2112 364 2251 437 ,t’rr'hv
2279 365 2539 435 ῥημάτων
2564 360 2918 432 ὲπεφόρτιζον
2936 377 2949 391 ⁸
2973 360 3157 430 ἔλεγον
3181 374 3289 431 γαρ
3317 358 3453 432 πρὸς
3473 360 3695 429 αὐτὴν,

391 451 579 506 talenti
611 452 788 506 instar
812 452 957 508 servi
986 452 1158 508 illius.
1194 450 1335 508 Tum
1369 454 1462 508 illa
1494 454 1813 524 respondit:
1838 453 1984 521 Quid

2112 459 2161 521 υς
2203 456 2434 525 Δωρεὰν
2461 456 2694 520 ἔλαϐες,
2728 452 2954 522 δωρεὰν
2993 452 3118 519 δός.
3148 451 3257 506 Καί
3294 468 3459 523 φησιν
3478 468 3495 481 ο
3527 451 3702 522 Ὅρα

393 544 468 597 ita
506 544 575 601 de
605 561 692 603 me
722 547 1029 617 peccatrice
1053 545 1344 619 magnifice
1377 549 1614 616 sentitis,
1647 549 1808 619 quasi
1848 551 1980 605 boni

395 638 606 709 aliquid
636 637 862 695 fecerim
894 647 992 694 aut
1023 638 1292 694 dixerim?
1321 638 1681 697 Communem
1720 641 1986 697 habemus

395 731 719 801 magistrum
737 730 1033 787 Dominum
1054 748 1069 798 ;
1095 747 1163 787 ex
1184 733 1351 804 620
1368 732 1559 789 iisdem
1585 732 1831 790 fontibus
1850 734 1989 788 hau-

396 820 572 877 rimus
610 822 931 892 spirituales
973 821 1205 888 latices;
1235 823 1553 878 eorumdem
1590 823 1821 880 uberum
1846 824 1989 880 lacte

398 911 695 977 nutrimur,
731 910 947 968 Veteris
978 913 1192 969 scilicet
1219 911 1467 984 Novique
1502 912 1857 970 Testamenti.
1880 914 1990 970 Illa:

398 1018 530 1060 vero
565 1022 578 1058 :
618 1001 763 1059 Sane
807 1005 1064 1059 novimus
1094 1019 1195 1060 nos
1229 1019 1448 1075 quoque
1474 1019 1644 1059 unum
1675 1007 1835 1062 nobis
1866 1022 1991 1063 esse

398 1093 775 1165 paedagogum,
807 1092 1150 1165 Scripturam
1178 1094 1453 1158 videlicet,
1486 1094 1849 1166 eumdemque
1875 1112 1990 1151 ma-

400 1185 637 1266 gistrum
673 1206 686 1242 :
715 1201 905 1242 verum
928 1197 987 1241 tu
1026 1184 1208 1242 studio
1230 1186 1481 1257 pervigili
1508 1187 1773 1242 virtutum
1805 1202 1988 1243 acces-

401 1280 613 1335 sionem
643 1279 937 1348 accepisti;
967 1293 1175 1349 parque
1197 1287 1283 1335 est
1303 1294 1397 1336 eas
1421 1294 1544 1350 quae
1570 1280 1792 1337 virtutis
1827 1294 1988 1338 usum

403 1388 469 1428 ac
495 1373 947 1426 consuetudinem
979 1379 1154 1427 nactae
1185 1379 1338 1438 sunt,
1383 1380 1574 1444 utpote
1604 1373 1879 1440 fortiores,
1906 1376 1992 1445 ju-

402 1465 633 1520 venibus
658 1479 816 1536 opem
842 1463 1006 1529 ferre,
1031 1466 1235 1521 etenim
1265 1466 1369 1521 hoc
1398 1467 1655 1538 praecepit
1681 1469 1992 1524 communis

403 1556 665 1626 magister
692 1562 901 1610 noster.
943 1555 1041 1612 His
1071 1556 1276 1613 auditis
1316 1558 1476 1613 beata
1507 1559 1682 1630 virgo,
1712 1559 1886 1615 instar
1909 1560 1992 1614 in-

2090 549 2165 622 μὴ
2193 549 2291 621 τὴν
2331 548 2768 622 κρυψοτάλαντον
2806 545 2929 601 ἀντὶ
2961 545 3055 599 τοῦ
3085 544 3272 599 δούλου
3301 544 3584 613 ἁποτίσῃς
3611 542 3707 596 δί-

2088 659 2214 715 κην.
2232 643 2296 695 Ἡ
2324 642 2381 694 δὲ
2401 641 2753 713 πρδςζαίηοὺς
2785 639 2862 712 (a)
2892 635 3067 693 εἶπεν·
3097 636 3162 691 Τί
3188 637 3362 702 οὕτως
3386 638 3519 708 περὶ
3540 633 3705 707 ἐμοῦ

2086 735 2189 807 τῆς
2240 733 2568 807 ἁμαρτωλοῦ
2618 732 2976 805 φαντάζεσθε,
3014 730 3091 795 ὡς
3143 730 3495 802 πραττούσης
3541 746 3609 783 τι
3664 727 3705 796 ἧ

2089 828 2389 901 λεγούσης;
2420 828 2616 882 Κοινὸν
2643 827 2841 898 ἔχομεν
2877 823 3191 879 διδάσκαλον
3211 822 3303 877 τὸν
3339 822 3553 896 Κύριον
3576 840 3595 853 ⁸
3628 824 3707 877 ἐκ

2089 923 2189 993 τῆς
2215 920 2385 991 αὐτῆς
2426 920 2608 991 πηγῆς
2636 917 2917 989 ἀρυόμεθα
2942 916 3014 971 τά
3042 915 3389 987 πνευματικά
3423 915 3704 985 νάματα·

2090 1013 2154 1066 ὲκ
2189 1012 2297 1066 τῶν
2327 1010 2505 1079 αὐτῶν
2531 1011 2588 1065 δὲ
2631 1009 2816 1082 μαζῶν
2836 1007 3443 1079 γαλακτοτροφούμεθα,
3474 1006 3585 1077 τῆς
3633 1019 3708 1058 τε

2091 1105 2333 1168 Παλαιᾶς
2367 1105 2462 1158 καὶ
2498 1103 2600 1173 τῆς
2630 1102 2838 1173 Καινῆς
2877 1101 3173 1172 Διαθήκης.
3220 1100 3287 1152 Αἱ
3321 1098 3379 1152 δὲ
3413 1097 3555 1167 πρὸς
3585 1096 3707 1149 αύ-

2091 1198 2191 1268 τήν
2224 1214 2388 1265 φασιν
2411 1212 2424 1226 ⁸
2455 1195 2691 1265 Οἴδαμεν
2735 1194 2831 1248 καὶ
2869 1194 3051 1265 ἡμεῖς,
3080 1194 3160 1246 ὅτι
3208 1191 3307 1262 μία
3340 1192 3488 1243 ἐστὶν
3518 1187 3707 1259 ἡμῶν

2094 1288 2460 1358 παιδαγωγὸς,
2498 1290 2531 1361 ἡ
2563 1286 2773 1359 Γραφὴ,
2804 1287 2899 1339 καὶ
2930 1287 2959 1338 ὁ
2987 1284 3149 1348 αὐτὸς
3177 1282 3528 1345 διδάσκαλος’
3562 1279 3705 1334 ἀλλ’

2094 1382 2231 1451 αὐτῇ
2256 1380 2329 1451 (b)
2350 1377 2686 1450 ὲπαγρύπνῳ
2706 1377 2907 1449 σπουδῇ
2930 1375 3243 1447 προέκοψας
3277 1378 3400 1439 ταῖς
3426 1375 3703 1444 ἀρεταῖς

2094 1474 2188 1526 καὶ
2213 1472 2331 1525 δέον
2350 1471 2448 1534 τὰς
2487 1473 2544 1525 ὲν
2572 1469 2684 1535 ἔξει
2709 1468 2820 1525 τῶν
2850 1468 3033 1522 καλῶν
3065 1468 3384 1539 γενομένας,
3416 1467 3491 1528 ὡς
3519 1466 3707 1519 δυνα-

2091 1566 2357 1637 τωτέρας,
2408 1563 2769 1635 ὲπιπράττειν
2816 1565 2928 1625 τοῖς
2975 1561 3319 1632 μειρακίοις’
3350 1560 3446 1612 καὶ
3490 1556 3612 1630 γὰρ
3668 1557 3709 1610 ὸ

404 1646 634 1702 fantium
655 1647 1195 1715 lactentium,erupit
1224 1648 1279 1701 in
1308 1648 1600 1719 lacrymas.
1629 1649 1737 1703 Illa:
1759 1665 1993 1705 concur-

2112 1659 2274 1722 ιοινὸς
2307 1656 2463 1728 ἡμῶν
2491 1655 2807 1718 διδάσκαλος
2848 1652 3007 1706 τοῦτο
3035 1651 3486 1724 παρακελεύεται.
3525 1651 3597 1703 'H
3632 1648 3706 1703 δὲ

404 1750 611 1804 rentes,
657 1738 965 1809 posthabita
1020 1740 1455 1808 percontatione,
1512 1741 1776 1811 rogabant
1809 1750 1868 1796 ut
1912 1744 1987 1796 la~

2112 1747 2365 1819 ιακαρία,
2419 1746 2593 1801 ταῦτα
2653 1745 2968 1808 ἀκούσασα,
3028 1743 3217 1814 ὥσπερ
3268 1742 3337 1796 τὰ
3392 1739 3707 1796 ὑποτίτθια

405 1834 690 1904 crymandi
724 1833 882 1888 linem
907 1832 1133 1888 faceret.
1176 1832 1357 1903 thue
1385 1833 1477 1886 illa
1505 1833 1838 1904 conquievit,
1867 1834 1993 1889 diu-

2112 1841 2292 1911 Βρέφη,
2330 1837 2783 1910 ὲκλαυθμύριζεν.
2819 1837 2884 1890 ΑΞ
2932 1835 2990 1890 δὲ
3028 1834 3377 1888 συνελθοῦσαι
3406 1847 3421 1861 ⁸
3462 1835 3525 1887 ὲν
3566 1831 3711 1886 δευ-

406 1932 630 1978 turnum
660 1925 843 1979 denuo
876 1922 980 1977 fuit
1027 1923 1331 1979 silentium.
1381 1924 1591 1980 Exinde
1638 1941 1768 1982 vero
1797 1942 1992 1983 rursus

2112 1932 2239 2002 τὲρῳ
2268 1930 2494 2002 θέμεναι
2535 1930 2635 2000 τὴν
2676 1930 2963 2001 ἐρώτησιν,
2999 1926 3344 1999 παρεκάλουν
3383 1924 3560 1997 αὐτὴν
3594 1922 3709 1977 τοῦ

406 2016 771 2073 hortabantur
800 2017 984 2071 illam:
1014 2031 1137 2087 quae
1166 2018 1545 2072 misericordia
1570 2028 1867 2084 commota,
1894 2035 1996 2075 nec

406 2108 667 2180 ignorans
689 2124 811 2179 qua
842 2109 1058 2164 dictura
1088 2117 1236 2166 esset
1260 2124 1366 2164 non
1410 2110 1515 2165 sibi
1546 2111 1810 2166 honorem
1856 2112 1996 2166 alla-

407 2210 551 2266 tura,
580 2201 675 2257 sed
698 2202 986 2258 utilitatem
1018 2202 1088 2257 iis
1107 2202 1202 2273 qui
1238 2202 1466 2257 aderant
1506 2202 1765 2271 insitura,
1795 2204 1869 2258 ita
1886 2219 1997 2260 ser-

406 2308 624 2349 monem
649 2308 776 2349 orsa
805 2300 891 2349 est
911 2309 925 2345 ἶ

2096 2022 2376 2094 κλαυθμοῦ
2430 2021 2760 2075 παύσασθαι.
2809 2020 2920 2073 Καὶ
2978 2019 3054 2084 ὡς
3108 2018 3398 2090 ἡσύχασεν,
3450 2015 3709 2070 ἐπιπολὺ

2100 2114 2263 2167 πάλιν
2308 2107 2507 2183 ήσυ“χία
2550 2112 2783 2180 ἐγένετο.
2825 2107 3098 2181 Ἤρξαντο
3141 2108 3199 2162 δὲ
3236 2103 3389 2171 αὖθις
3430 2123 3707 2178 παρακα-

2102 2206 2214 2260 λεῖν
2242 2206 2430 2276 αὑτήν.
2478 2205 2540 2258 Ἦ
2583 2203 2660 2268 δὲ,
2700 2200 3177 2271 σπλαγχνισθεῖσα,
3222 2201 3317 2252 καὶ
3354 2197 3583 2268 γνοῦσα,
3608 2198 3706 2251 ὅτι

2102 2296 2171 2350 τὰ
2210 2296 2476 2368 λεγόμενα
2502 2296 2564 2349 οὐ
2613 2296 2769 2367 νέμει
2805 2293 2944 2365 αὐτῇ
2976 2289 3217 2356 ἔπαινον,
3248 2293 3365 2356 ταῖς
3394 2290 3451 2344 δὲ
3482 2289 3705 2362 παρού-

410 2404 530 2453 σαις
554 2389 914 2459 κατασπείρει
941 2387 1228 2457 ὠφέλειαν,
1271 2386 1475 2459 ἤρξατο
1505 2388 1685 2458 λέγειν
1714 2390 1852 2462 πρὸς
1891 2389 2058 2457 αὐτὰς
2088 2391 2260 2456 οὕτως
2287 2406 2301 2421 ·

475 2500 568 2555 22.
606 2499 832 2570 Ὲὶιίοιω,
860 2501 1043 2556 cuncti
1069 2515 1135 2555 ac
1165 2511 1380 2555 cuncta:
1408 2502 1684 2567 novimus,
1704 2518 1813 2573 qua
1838 2503 1997 2559 ratio-

409 2607 479 2647 ne
513 2594 743 2648 salutem
776 2607 1206 2662 consequamur,
1253 2594 1347 2649 sed
1373 2593 1588 2647 incuria
1629 2592 1936 2650 decidimus
1966 2610 1996 2648 a

409 2686 603 2743 salute.
626 2684 810 2741 Primo
840 2688 986 2740 enim
1013 2693 1231 2756 Oportet
1257 2701 1321 2741 ea
1342 2702 1566 2742 servare
1597 2702 1721 2758 quae
1741 2703 1840 2757 per
1886 2687 1996 2742 Do—

407 2779 540 2834 mini
567 2778 797 2849 gratiam
825 2778 1023 2833 tradita
1042 2779 1200 2834 nobis
1224 2786 1372 2835 sunt.
1402 2777 1544 2833 Sunt
1571 2786 1754 2834 autem
1772 2781 1994 2836 isthazc:

410 2870 612 2941 Diliges
658 2869 945 2925 Dominum
979 2871 1145 2926 Deum
1170 2881 1318 2925 tuum
1357 2887 1423 2926 ea:
1446 2881 1558 2927 tota
1584 2873 1766 2927 anima
1797 2881 1910 2940 tua,
1948 2882 1998 2926 et

2169 2505 2259 2562 22.
2299 2504 2520 2570 Τεκνία,
2556 2506 2757 2569 πάντες
2802 2506 2897 2559 καὶ
2941 2507 3114 2559 πᾶσαι
3147 2503 3211 2557 τὸ
3253 2500 3489 2573 σωθῆναι
3539 2499 3695 2555 οἴδα-

2104 2616 2222 2671 μεν,
2269 2595 2405 2650 ἀλλὰ
2447 2595 2536 2649 διὰ
2581 2595 2680 2665 τῆς
2716 2596 2923 2659 οἰκείας
2965 2593 3224 2666 ἀμελείας
3264 2592 3364 2664 τῆς
3405 2590 3694 2662 σωτηρίας

2102 2687 2527 2760 ἀπολειπόμεθα.
2565 2689 2655 2740 Δεῖ
2689 2687 2797 2759 γὰρ
2834 2686 3048 2756 πρῶτον
3088 2684 3156 2740 τά
3194 2683 3283 2738 διὰ
3319 2684 3418 2754 τῆς
3458 2682 3693 2754 χάριτος

2103 2783 2196 2836 τοῦ
2235 2781 2440 2854 Κυρίου
2473 2780 2845 2853 γνωρισθέντα
2873 2778 3183 2848 φυλάττειν.
3221 2776 3343 2830 Εἰσὶ
3381 2776 3439 2830 δὲ
3471 2774 3651 2828 ταῦτα
3672 2792 3687 2803 ·

2118 2873 2468 2944 Ἀγαπήσεις
2519 2872 2628 2927 τὸν
2675 2874 2898 2941 Κύριον
2943 2872 3050 2925 τὸν
3083 2871 3232 2925 Θεόν
3274 2886 3391 2924 σου
3425 2866 3495 2932 ἐξ
3534 2867 3694 2934 ὅλης

409 2963 710 3032 proximum
743 2971 889 3016 tuum
912 2964 1049 3017 sicut
1073 2965 1291 3031 teipsum
1321 2963 1479 3018 “.Ex
1506 2964 1657 3019 hisce
1673 2964 1997 3035 principium

2112 2966 2214 3035 τῆς
2247 2965 2456 3035 ψυχῆς
2478 2981 2619 3029 σου,
2640 2966 2740 3019 καὶ
2771 2963 2879 3019 τὸν
2906 2964 3177 3033 πλησίον
3203 2978 3317 3017 σου
3339 2962 3417 3029 ὡς
3441 2961 3691 3015 ἑαυτόν.

413 3055 549 3125 legis
582 3062 853 3119 servatur,
890 3055 946 3110 in
974 3056 1063 3111 his
1094 3055 1441 3127 conquiescit
1471 3058 1664 3126 gratia:
1689 3056 1993 3128 plenitudo.

412 3143 600 3202 Brevis
631 3146 849 3217 quidem
896 3154 980 3203 est
1009 3148 1299 3203 verborum
1333 3164 1526 3216 sonus,
1556 3148 1653 3204 sed
1698 3148 1866 3203 multa
1894 3149 1997 3203 im-

413 3254 712 3309 mensaque
740 3239 796 3293 in
825 3240 906 3295 eis
938 3239 1134 3295 virtus.
1171 3240 1248 3294 Ex
1287 3241 1373 3296 his
1392 3241 1540 3296 enim
1579 3240 1824 3311 pendent
1860 3255 1998 3294 cun-

412 3339 503 3386 cta
532 3331 723 3386 animae
749 3331 919 3386 utilia.
939 3330 1304 3403 Testaturque
1323 3333 1527 3389 Paulus
1546 3333 1707 3389 tinem
1727 3334 1861 3406 legis
1877 3349 1998 3388 esse

415 3422 736 3478 charitatem
769 3424 837 3479 ".
863 3422 1044 3490 Quare
1065 3426 1331 3496 quidquid
1366 3426 1618 3481 homines
1648 3427 1783 3482 utile
1812 3442 2002 3482 secun-

416 3514 546 3568 dum
585 3516 812 3587 gratiam
852 3513 1087 3587 Spiritus
1125 3519 1385 3582 dixerint,
1415 3535 1480 3574 ex
1521 3518 1787 3575 charitate
1825 3519 2002 3573 oritur

416 3613 485 3747 οἱ
502 3607 556 3661 in
596 3623 714 3662 eam
741 3606 964 3664 desinit.
1000 3608 1258 3681 Adeoque
1287 3610 1402 3666 haec
1447 3618 1533 3667 est
1583 3612 1754 3677 salus,
1799 3612 2001 3682 duplex

417 3710 447 3747 c
493 3696 687 3747 aritas.

417 3696 687 3751 charitas.

2116 3059 2211 3111 Ἐκ
2253 3057 2456 3112 τούτων
2490 3058 2523 3128 ἡ
2577 3055 2719 3129 ἀρχὴ
2767 3055 2864 3110 τοῦ
2910 3057 3078 3127 νόμου
3126 3054 3473 3126 φυλάττεται,
3502 3052 3601 3105 καὶ
3633 3053 3696 3105 ὲν

2104 3149 2277 3220 τούτῳ
2309 3149 2369 3202 τὸ
2399 3149 2672 3221 πλήρωμα
2702 3148 2803 3218 τῆς
2833 3148 3054 3220 χάριτος
3088 3145 3512 3202 ἐπαναπαύεται.
3548 3145 3700 3216 Βρα-

2104 3246 2227 3314 χεῖα
2260 3241 2356 3314 μὲν
2401 3240 2496 3295 τοῦ
2551 3241 2711 3311 λόγου
2754 3243 2787 3312 ὴ
2835 3240 3166 3313 ὲκφὼνησις,
3214 3240 3350 3293 ἀλλά
3385 3238 3558 3309 πολλὴ
3597 3242 3698 3290 καὶ

2106 3334 2332 3406 ἄπειρος
2364 3336 2398 3405 ἡ
2437 3335 2495 3388 ὲν
2530 3333 2703 3405 τούτῳ
2738 3332 2931 3386 τούτου
2960 3332 3208 3403 δύναμις.
3254 3331 3439 3384 Πάντα
3481 3330 3593 3402 γὰρ
3626 3330 3698 3383 τὰ

2106 3421 2398 3492 ψυχωφελῆ
2428 3423 2493 3475 ὲκ
2520 3420 2725 3475 τούτων
2753 3422 3049 3493 ἧρτηνταιο
3097 3421 3192 3474 καὶ
3236 3422 3503 3493 μαρτυρεί
3543 3419 3701 3473 Παῦ-

2107 3512 2215 3578 λος,
2245 3513 2418 3581 λέγων
2455 3512 2532 3575 ὡς
2562 3512 2715 3578 τέλος
2758 3513 2925 3583 νόμου
2970 3508 3111 3566 εἶναι
3141 3512 3240 3584 τὴν
3280 3512 3519 3582 ἀγάπην.
3551 3512 3698 3565 ’Ὀσα

2112 3606 2211 3676 μὲν
2237 3600 2330 3659 οῦν
2371 3605 2421 3657 οί
2454 3603 2730 3675 ἀνθρωποι
2763 3606 3010 3677 χρήσιμα
3038 3603 3181 3658 κατά
3207 3602 3365 3675 χάριν
3384 3601 3478 3656 τοῦ
3498 3601 3695 3654 ’Πνεύ-

2113 3712 2280 3767 ματος
2329 3694 2575 3761 είπωσιν,
2624 3695 2689 3748 ἐκ
2740 3695 2840 3765 τῆς
2884 3693 3103 3765 ἀγάπης
3151 3693 3289 3759 ἐστὶ,
3337 3692 3430 3747 καὶ
3473 3692 3552 3755 είς
3597 3691 3698 3744 αύ-

418 3794 520 3862 τὴν
562 3792 806 3865 τελευτᾷ.
845 3793 910 3847 Ἦ
952 3788 1045 3849 οῦν
1079 3795 1325 3868 σωτηρία
1370 3795 1508 3868 αὕτη
1555 3797 1723 3863 ἐστὶν,
1770 3798 1804 3868 ἡ
1845 3794 2009 3866 διπλῆ
2043 3791 2229 3863 ἀγάπη

489 3906 581 3962 25.
615 3905 681 3962 Ει
720 3906 855 3962 illud
877 3915 1139 3978 praeterea
1162 3907 1498 3972 addendum,
1536 3907 1685 3978 quod
1713 3922 1780 3961 ex
1806 3905 1996 3962 eadem

420 4000 692 4055 charitate
718 3999 1108 4070 proﬁciscitur,
1143 4007 1206 4057 ut
1253 4016 1596 4071 unaquaeque
1626 4007 1877 4056 nostrum
1922 3998 2002 4053 iu-

425 4092 633 4162 telligat
661 4091 791 4163 quid
815 4093 886 4148 sit
916 4099 1175 4163 appetere
1211 4092 1442 4162 majora.
1477 4090 1868 4145 Haesitantihus
1893 4090 2002 4144 illis

423 4199 488 4239 ac
510 4183 690 4240 denuo
707 4185 1191 4255 interrogantibus,
1226 4182 1507 4254 respondit
1542 4183 1631 4237 illa
1666 4181 2002 4252 :Nonigno-

423 4279 561 4335 ratis
597 4279 912 4350 parabolam
950 4276 1231 4348 Evangelii
1264 4276 1331 4331 de
1374 4276 1698 4339 centesimo,
1728 4275 1974 4345 sexagesi

427 4386 537 4435 mo,
560 4378 615 4426 et
647 4365 944 4427 tricesimo.
982 4368 1349 4426 Centenarius
1387 4383 1670 4432 numerus,
1704 4374 1893 4423 nostra
1921 4375 2007 4422 est

426 4462 730 4535 professio;
759 4462 1174 4533 sexagenarius,
1222 4460 1623 4515 continentium
1662 4469 1872 4528 status;
1909 4461 2011 4514 tri-

426 4552 701 4619 cenarius,
740 4552 795 4606 in
822 4552 1077 4607 castitate
1137 4550 1414 4620 coniugali
1446 4551 1763 4605 viventium.
1783 4548 1850 4603 Et
1880 4565 2010 4619 prae-

427 4646 639 4701 clarum
675 4643 896 4714 quidem
933 4651 1018 4698 est
1051 4657 1082 4696 a
1109 4643 1392 4699 tricesimo
1416 4642 1653 4697 transire
1684 4642 1741 4696 in
1779 4656 2005 4710 sexage-

427 4741 650 4803 simum,
675 4737 805 4808 quia
830 4750 862 4790 a
892 4734 1137 4790 minimis
1171 4734 1239 4789 ad
1270 4734 1480 4803 majora
1506 4733 1793 4804 pervenire
1830 4747 2011 4802 opera:

427 4832 662 4905 pretium
691 4839 796 4888 est.
842 4831 891 4885 Α
919 4829 1222 4899 majoribus
1271 4835 1454 4884 autem
1487 4827 1557 4882 ad
1603 4827 1819 4882 minora
1863 4826 2009 4881 bona

424 4921 783 4989 descendere,
817 4936 928 4976 non
959 4927 1117 4976 vacat
1144 4919 1410 4991 periculo.
1443 4917 1580 4973 Nam
1616 4918 1709 4988 qui
1742 4918 1911 4973 semel
1941 4916 2010 4971 ad

426 5013 701 5069 deteriora
736 5012 932 5084 vergit,
971 5025 1075 5067 nec
1103 5011 1158 5066 in
1188 5009 1424 5066 modicis
1457 5009 1765 5065 consistere
1805 5017 2007 5079 potest,

427 5105 525 5161 sed
550 5105 700 5161 velut
728 5104 797 5160 ad
839 5102 1170 5174 profundum
1219 5101 1483 5174 perniciei
1520 5100 1712 5156 fertur.
1747 5099 2006 5166 Quaedam

426 5198 596 5268 igitur
621 5197 928 5253 castitatem
952 5195 1231 5266 pollicitae,
1251 5209 1317 5249 ac
1340 5209 1406 5250 ex
1439 5192 1606 5248 animi
1635 5192 2010 5247 imbecillitate

429 5286 662 5352 allectat,
686 5292 955 5342 excusant
974 5285 1364 5340 excusationes
1382 5283 1437 5338 in
1462 5284 1724 5353 peccatis.
1750 5280 1884 5335 Nam
1904 5281 2010 5335 sibi

428 5378 585 5449 ipsis,
614 5378 726 5434 imo
753 5378 939 5449 potius
970 5376 1192 5433 diabolo
1213 5375 1408 5431 dicunt
1439 5394 1454 5432 :
1487 5376 1625 5430 Dum
1652 5374 1851 5446 pudice
1876 5373 2008 5443 (imo

502 5534 551 5567 ⁸⁷
590 5533 782 5591 Matth.
818 5551 850 5591 ι
875 5575 890 5600 .
926 5534 981 5590 8.
1059 5533 1105 5567 ⁸⁸
1138 5533 1339 5592 Matth.
1379 5550 1529 5603 xm,
1570 5534 1658 5589 57.
1736 5533 1780 5567 ⁶⁹
1821 5531 1840 5587 1
1876 5531 2018 5586 Tim.
2058 5545 2097 5600 ι,
2134 5530 2185 5585 5.

505 5698 581 5770 (a)
605 5696 786 5763 Forte,
818 5695 1008 5760 αὐτάς.
1042 5695 1177 5753 Ευιτ

2176 3902 2265 3957 25.
2297 3904 2388 3957 Δεῖ
2415 3903 2473 3956 δὲ
2516 3903 2612 3956 καὶ
2650 3901 2810 3956 τοῦτο
2860 3898 3277 3974 προσθεῖναι,ὲξ
3323 3898 3492 3970 αὐτῆς
3527 3898 3695 3953 πάλιν

2105 3996 2390 4067 τυγχάνον,
2424 3996 2483 4050 τὸ
2520 3995 2932 4067 ὲκάπηνήμῶν
2953 3992 3422 4063 ὲπιγινώσκουσαν
3462 3993 3493 4046 δ
3535 3993 3693 4047 ἐστιν

2108 4089 2217 4143 τῶν
2243 4087 2505 4160 μειζόνων
2530 4086 2800 4158 ἐφίεσθαι.
2816 4089 2881 4140 Αἱ
2907 4087 2965 4140 δε
2985 4086 3223 4158 ⁴ἠπόρουν
3246 4084 3383 4155 πρὸς
3405 4083 3468 4137 τὸ
3482 4083 3694 4156 λεχθὲν,

2110 4183 2205 4235 καὶ
2245 4177 2402 4245 αὖθις
2438 4181 2786 4252 ἀντηρώτων.
2825 4181 2891 4234 Ἡ
2931 4180 2989 4233 δὲ
3036 4180 3172 4251 πρὸς
3200 4178 3370 4241 αύτάς
3407 4176 3544 4247 ἔφη·
3580 4177 3697 4231 Οὔκ

2110 4273 2353 4342 ἀγνοεῖτε
2385 4271 2484 4343 τὴν
2518 4275 2576 4326 ὲν
2604 4271 2682 4342 τῷ
2715 4270 3033 4342 Εὐαγγελίῳ
3070 4266 3386 4340 παραϐολὴν
3420 4267 3550 4337 περὶ
3585 4266 3698 4320 τῶν

2117 4372 2183 4436 ρ’,
2208 4365 2302 4419 καὶ¹
2319 4364 2383 4431 ξ’,
2408 4365 2502 4419 καὶ
2523 4364 2565 4417 λ’
2582 4382 2594 4395 ·
2613 4366 2646 4435 ἡ
2667 4363 2768 4435 μὲν
2785 4359 2878 4417 οὖν
2899 4361 3191 4426 ὲκατοντάς
3210 4362 3326 4413 ἐστι
3342 4359 3403 4413 τὺ
3428 4358 3699 4429 ἡμέτερον

2114 4454 2469 4525 ἐπάγγελμαο
2505 4455 2538 4523 ή
2569 4452 2627 4505 δὲ
2674 4451 2969 4519 ὲξακοντάς
3010 4452 3125 4503 ὲστι
3165 4446 3226 4501 τὺ
3261 4447 3372 4500 τῶν
3412 4443 3701 4516 ὲγκρατῶν

2112 4547 2334 4618 τάγμα·
2380 4547 2413 4616 ἡ
2457 4545 2514 4598 δὲ
2563 4543 2891 4616 τριακοντάς
2929 4542 3038 4596 τῶν
3082 4539 3373 4611 σωφρόνως
3415 4536 3698 4608 βιούντων.

2114 4639 2227 4692 Καὶ
2248 4636 2355 4691 ἀπὸ
2403 4637 2503 4708 μὲν
2534 4635 2643 4692 τῶν
2686 4636 2981 4708 τριάκοντα
3010 4632 3103 4686 ἐπὶ
3144 4630 3213 4684 τὰ
3243 4630 3506 4701 ἑξήκοντα
3535 4628 3702 4681 καλὸν

2118 4728 2416 4800 μεταϐῆναι
2435 4746 2448 4759 ·
2480 4728 2588 4782 ἀπὺ
2618 4727 2727 4800 γὰρ
2752 4726 2860 4780 τῶν
2895 4723 3108 4797 μικρῶν
3134 4722 3227 4777 ἐπὶ
3255 4722 3321 4776 τά
3352 4719 3580 4801 ’μείζονα
3602 4737 3702 4773 κα-

2114 4820 2204 4876 λὸν
2248 4820 2579 4892 προκόπτειν
2598 4836 2612 4850 ·
2650 4818 2758 4873 ἀπὺ
2788 4818 2845 4875 δὲ
2886 4817 2993 4870 τῶν
3036 4814 3297 4886 μειζόνων
3324 4812 3417 4864 ἐπὶ
3444 4810 3511 4864 τὰ
3544 4810 3703 4863 ἐλάτ-

2115 4930 2243 4967 τονα
2273 4912 2652 4984 κατατρέχειν,
2685 4908 3045 4964 ἐπικίνδυνον.
3081 4907 3139 4961 '0
3156 4904 3264 4977 γὰρ
3312 4902 3461 4967 ἅπαξ
3502 4902 3703 4966 νεύσας

2116 5007 2209 5061 ἐπὶ
2232 5005 2302 5059 τὰ
2328 5006 2516 5077 χείρω,
2551 5005 2674 5059 οὐδὲ
2720 5005 2779 5057 ὲν
2824 5004 2939 5065 τοῖς
2969 5000 3169 5068 ὀλίγοις
3204 4998 3393 5068 στῆναι
3435 4996 3662 5050 δύναται
3683 5013 3697 5026 ·

2114 5097 2229 5152 ἀλλ’
2277 5095 2467 5167 ὥσπερ
2505 5096 2565 5148 ὲν
2611 5092 2759 5165 βυθῷ
2798 5090 2901 5160 τῆς
2943 5087 3218 5153 ἀπωλείας
3259 5086 3505 5158 φέρεται.
3545 5085 3700 5147 Τινὲς

2111 5189 2265 5259 γοῦν,
2291 5187 2591 5257 παρθενίαν
2620 5182 3107 5253 ἐπαγγελλόμεναι,
3140 5179 3235 5234 καὶ
3272 5175 3532 5239 ἀσθενοῦς
3558 5172 3699 5243 γνὼ-

2114 5297 2223 5352 μης
2252 5280 2344 5333 τὸν
2365 5277 2625 5348 λογισμὸν
2654 5274 3082 5346 ὑποσυρόμεναι,
3110 5268 3414 5342 προφάσεις
3437 5269 3494 5320 ὲν
3523 5266 3702 5338 ἀμαρ-

2109 5372 2254 5435 τίαις
2285 5368 2736 5444 προφασίζονται.
2768 5366 2915 5437 Πρὸς
2939 5363 3050 5437 γὰρ
3073 5362 3276 5429 ἑαυτὰς
3302 5360 3542 5431 λέγουσι,
3570 5354 3703 5431 μελε

3707 5526 3739 5541 ’.ο

2941 5681 2948 5687 .
2976 5662 3016 5689 ιτ-

2194 5688 2267 5763 (b)
2303 5687 2443 5759 Lege
2470 5687 2629 5758 αὐτή.
2660 5682 2759 5761 ιν.
