3868 6202
264 232 398 290 1501
1399 192 1571 297 vm'
1591 237 1846 296 samem

1951 241 2406 303 iYNCLETlGE.
3388 247 3529 304 ιδθα

261 346 354 403 λον
376 347 435 402 δὲ
475 345 616 420 πρὸς
665 348 759 402 τὸν
801 347 1067 413 διάϐολον,
1106 351 1189 404 ὃτι
1229 351 1353 405 Ἐἀν
1411 352 1509 422 μὲν
1553 350 1843 423 σωφρόνως

1951 356 2288 430 insipienter)
2320 360 2641 428 vixerimus,
2696 362 3047 419 tricenarium
3097 362 3291 418 saltem
3326 377 3525 421 conse-

260 439 488 512 (μᾶλλον
516 439 573 493 δὲ
594 440 865 512 ἀφρόνως)
926 440 1235 513 βιώσωμεν,
1272 442 1373 497 κᾶν
1402 440 1496 496 τοῦ
1524 442 1846 515 τριακοστοῦ

1951 467 2184 523 quemur
2214 472 2228 508 :
2255 469 2491 525 namque
2525 455 2716 513 aiunt:
2754 454 2891 512 Tota
2920 456 3007 512 lex
3034 466 3194 513 vetus
3226 456 3526 514 liberorum

257 531 560 602 ἀξιούμεθα
582 548 597 564 ο
634 532 731 585 καὶ
767 534 875 606 γάρ
905 550 1090 604 φησιν,
1128 534 1205 599 ὡς
1247 537 1396 589 πᾶσα
1429 536 1461 606 ἡ
1496 535 1709 589 Παλαιὰ
1747 535 1846 607 τῆς

1954 545 2360 615 susceptionem
2390 547 2743 618 praedicabat.
2772 547 2998 606 Noverit
3032 565 3163 620 ergo
3190 552 3282 622 qui
3312 550 3371 605 in
3418 551 3526 605 ista

257 622 606 687 παιδοποιίας
645 624 844 695 εἴχετο.
887 625 1132 680 Γνωστὸν
1170 622 1262 681 οὗν
1308 627 1447 681 ἔστω
1478 626 1577 699 τὴν
1622 625 1846 698 γνώμην

252 712 463 783 ταύτην
500 711 596 765 τοῦ
641 713 836 785 ἐχθροῦ
886 710 1045 770 εἶναι.
1082 715 1140 769 '0
1177 715 1285 787 γάρ
1320 718 1385 769 ὲκ
1427 716 1535 769 τῶν
1585 714 1845 788 μειζόνων

255 805 353 858 ἐπὶ
388 804 460 859 τά
496 804 704 859 ἐλάττω
736 807 1000 878 ἀγόμενος
1028 807 1133 862 ὑπὸ
1166 809 1257 862 τοῦ
1286 810 1529 863 ἐναντίου
1557 807 1845 879 βάλλεται·

255 897 449 969 ὥσπερ
482 898 591 969 γάρ
634 898 971 971 στρατιώτης
1018 901 1215 971 φυγὰς,
1272 905 1301 956 ὁ
1333 902 1493 956 τοῦτο
1531 901 1664 974 δράς
1716 903 1839 974 κρί-

255 1007 409 1045 νεται
429 1007 442 1022 ⁸
477 993 571 1045 καὶ
610 991 708 1062 οὐχ
733 992 814 1045 ὅτι
841 992 980 1062 πρὸς
1002 992 1101 1064 τὴν
1125 994 1330 1048 ἐλάττω
1356 995 1643 1065 στρατείαν
1676 996 1850 1065 κεχώ-

261 1099 424 1154 ρηκε,
448 1081 782 1153 συγγνώμης
811 1083 1089 1149 ἀξιοῦται·
1121 1084 1236 1138 ἀλλ’
1274 1085 1356 1138 ὅτι
1378 1086 1609 1158 ἀπέδρα,
1637 1086 1737 1158 τὴν
1768 1104 1850 1140 τι·-

260 1175 476 1245 μωρίαν
514 1172 799 1244 λαμϐάνει.
832 1177 923 1228 Δεῖ
943 1171 1057 1241 οῦν,
1101 1176 1285 1241 καθὼς
1329 1180 1609 1248 προεῖπον,
1643 1180 1707 1231 ὲκ
1738 1178 1842 1232 τῶι

255 1265 555 1319 ἐλαττόνων
577 1265 670 1318 ἐπὶ
697 1265 765 1320 τά
787 1265 898 1337 (78)
929 1268 1292 1341 προσσαίνειν.
1311 1271 1420 1323 Καὶ
1447 1271 1604 1324 τοῦτο
1626 1273 1656 1324 ὁ
1683 1273 1842 1325 Ἀπό-

256 1357 444 1421 στολος
455 1357 712 1422 διδάσκει,
730 1358 803 1422 ὡς
829 1358 952 1413 Τῶν
973 1360 1223 1414 ὄπισθεν
1239 1362 1843 1433 ἐπιλανθανομένους,

254 1449 384 1516 τοῖς
424 1450 767 1519 ἔμπροσθεν
803 1450 1249 1507 ἑπεκτείνεσθαι
1285 1454 1424 1523 χρή.
1469 1456 1560 1508 Δεῖ
1594 1452 1687 1509 οὖν
1716 1456 1844 1520 τοὺς

252 1543 358 1614 τὴν
389 1543 718 1597 ὲκατοντάδα
743 1544 1098 1616 κρατοῦντας,
1136 1546 1338 1616 ταύτην
1363 1548 1443 1610 είς
1465 1548 1691 1611 ἑαυτοὺς
1713 1549 1844 1602 ἀνα-

1953 645 2207 694 versatur
2245 640 2537 706 sententia,
2573 656 2692 697 eam
2722 642 2933 697 inimici
2963 656 3107 698 esse.
3139 641 3276 696 Nam
3306 642 3399 713 qui
3455 656 3524 696 ex

1949 727 2254 796 majoribus
2285 728 2355 783 ad
2384 730 2596 787 minora
2625 732 2863 799 devenit,
2884 733 2952 788 ab
2983 732 3297 789 adversario
3333 731 3526 801 dejici-

1945 824 2059 883 tur,
2108 828 2275 890 atque
2304 823 2480 878 instar
2505 824 2694 881 militis
2730 824 3027 897 transfugae
3063 823 3340 895 iudicatur
3373 843 3388 880 :
3421 838 3523 879 nec

1946 912 2073 980 quia
2100 913 2166 966 ad
2190 912 2504 971 inferiorem
2534 917 2786 973 militiam
2815 918 3037 974 transiit
3073 919 3232 974 venia
3262 916 3519 980 donatur,

1951 1002 2047 1057 sed
2074 1002 2201 1071 quia
2235 1004 2467 1077 aufugit,
2492 1021 2683 1079 pmnas
2707 1009 2821 1063 dat.
2846 1007 3072 1079 Oportet
3098 1009 3284 1080 igitur,
3328 1017 3389 1062 ut
3415 1022 3515 1063 su-

1948 1089 2134 1159 perius
2164 1091 2299 1157 dixi,
2331 1109 2363 1147 a
2395 1095 2697 1152 minoribus
2723 1097 2975 1168 progredi
3022 1098 3090 1154 ad
3122 1098 3405 1154 ulteriora.
3434 1096 3523 1152 ld-

1950 1195 2059 1252 que
2088 1181 2248 1239 docet
2274 1185 2571 1256 Apostolus
2603 1208 2617 1244 :
2656 1190 2789 1256 Quae
2814 1199 2953 1245 retro
2983 1201 3105 1246 sunt
3134 1190 3519 1256 obliviscentes,

1950 1273 2021 1328 ad
2045 1292 2110 1331 ea
2135 1292 2252 1347 quia
2275 1288 2397 1332 sunt
2423 1282 2606 1349 priora
2627 1281 2887 1336 cxtendite
2905 1299 2993 1336 vos
3017 1282 3084 1334 τυ.
3116 1281 3222 1336 Par
3249 1291 3331 1339 est
3354 1281 3522 1353 igitur

1949 1379 2045 1423 eos
2069 1367 2164 1437 qui
2196 1372 2573 1426 centenarium
2603 1372 2910 1436 obtinuere,
2950 1373 3104 1426 illum
3131 1373 3199 1427 ad
3232 1387 3295 1428 se
3340 1371 3520 1426 revol-

1949 1475 2096 1527 vere,
2131 1477 2232 1517 nec
2269 1464 2562 1519 terminum
2592 1481 2824 1521 numero
2851 1468 3002 1520 dare.
3027 1466 3115 1520 Ait
3142 1465 3287 1520 enim
3323 1482 3337 1518 :
3386 1462 3521 1520 Cum

1947 1549 2179 1619 feceritis
2211 1556 2409 1619 omnia,
2442 1554 2598 1610 dicite
2631 1571 2650 1609 :
2677 1554 2828 1611 Servi
2861 1555 3073 1610 inutiles
3096 1570 3279 1610 sumus
3309 1554 3377 1609 ".

255 1635 511 1703 κυκλοῦν,
536 1634 631 1690 καὶ⁵
656 1636 828 1707 πέρας
863 1637 938 1708 μὴ
964 1637 1162 1691 διδόναι
1188 1637 1265 1709 τῷ
1293 1638 1532 1725 ἀριθμῷ.
1562 1640 1700 1712 Φησὶ
1759 1640 1889 1713 γάρ,
1930 1641 2012 1695 ὅτι
2057 1645 2157 1697 Ἂν
2186 1644 2482 1715 ποιήσητε
2526 1647 2600 1702 τὰ
2643 1647 3147 1719 προστεταγμένα,
3173 1647 3398 1711 εἴπατε,
3431 1645 3522 1701 ὅτι

260 1727 476 1781 Δοῦλοι
501 1724 731 1795 ἀχρεῖοί
759 1727 966 1796 ἐσμεν.

326 1816 420 1873 24.
446 1819 539 1870 Δεῖ
571 1814 667 1873 οὖν
712 1818 861 1889 ἡμᾶς
890 1819 989 1882 τάς
1028 1818 1090 1873 τὺ
1116 1819 1437 1892 ἐπάγγελμα
1473 1818 1631 1875 τοῦτο
1681 1808 1846 1875 ἔπαν-

2017 1822 2108 1877 24.
2133 1822 2264 1895 (78”)
2290 1822 2401 1879 Nos
2428 1824 2610 1897 itaque
2631 1841 2752 1895 quae
2780 1825 3095 1896 hujusmodi
3124 1826 3521 1898 professionem

251 1908 569 1983 ῃρημένας,
607 1907 958 1982 σωφροσύνην
982 1908 1080 1981 τὴν
1112 1912 1190 1972 είς
1214 1910 1381 1982 ἀκρον
1422 1913 1693 1982 κατέχειν.
1734 1912 1843 1967 Καὶ

254 2001 368 2073 γὰρ
391 2001 484 2055 καὶ
509 2002 661 2073 παρά
719 2004 839 2066 ταῖς
891 2006 1127 2074 κοσμικῇ
1166 2003 1314 2056 δοκεῖ
1346 1992 1663 2076 σωφροσύνη
1693 2004 1844 2058 πολι-

253 2091 530 2157 τεύεσθαι,
572 2091 708 2146 ἀλλά
751 2093 1129 2165 συμπάρεστιν
1170 2094 1363 2158 αὑταῖς
1406 2096 1501 2148 καὶ
1532 2095 1836 2167 ἀφροσύνη,

254 2184 348 2238 διά
379 2183 443 2238 τὸ
487 2185 608 2248 ταῖς
653 2183 843 2249 ἄλλαις
878 2184 1084 2249 πάσαις
1128 2184 1445 2257 αἰσθήσεσιν
1487 2186 1841 2256 ἁμαρτάνειν.

256 2277 370 2331 Καὶ
410 2275 520 2348 γάρ
563 2275 763 2349 ὁρῶσιν
806 2276 1094 2349 ἀπρεπῶς,
1144 2277 1239 2330 καὶ
1280 2276 1513 2345 γελῶσιν
1568 2277 1841 2342 ἀτάκτως.

269 2370 464 2440 Ἡμεῖς
498 2368 575 2432 δὲ,
616 2368 851 2439 μάλιστα
893 2369 989 2423 καὶ
1026 2368 1199 2423 ταῦτα
1238 2368 1526 2440 ἀφέμεναι,
1556 2369 1845 2422 ὲπαναὸῶο

260 2479 373 2533 μεν.
390 2464 513 2526 ταῖς
543 2462 786 2535 ἀρεταῖς,
817 2462 913 2516 καὶ
956 2461 1066 2515 ἀπὸ
1095 2461 1204 2514 τῶν
1232 2461 1528 2532 ὀφθαλμῶν
1558 2462 1845 2532 ἀφέλωμεν

256 2554 359 2627 τὴν
399 2554 635 2626 ματαίαν
679 2554 1002 2623 φαντασίαν.
1053 2553 1165 2607 Καὶ
1201 2553 1311 2624 γάρ
1356 2570 1520 2624 φησιν
1552 2555 1585 2624 ἡ
1620 2535 1841 2624 Ϋραφή.

261 2650 329 2701 Οἱ
387 2646 681 2717 ὀφθαλμοί
728 2661 844 2700 σου
905 2643 1050 2714 ὀρθὰ
1091 2644 1525 2710 βλεπέτωσαν·
1584 2645 1681 2699 καὶ
1744 2645 1845 2715 τὴν

259 2739 504 2809 γλῶτταν
527 2738 757 2792 κωλύειν
784 2737 891 2791 τῶν
928 2737 1186 2792 τοιούτων
1221 2739 1655 2810 ἁμαρτημάτων.
1692 2737 1846 2792 Ἀθέ-

264 2848 418 2903 μιτον
444 2831 552 2903 γάρ
584 2830 647 2884 τὸ
680 2830 789 2883 τῶν
830 2828 1015 2901 ὓμνων
1058 2829 1292 2901 ὄργανον
1320 2830 1519 2902 αἰσχρά
1551 2829 1844 2902 προφέρειν

262 2925 505 2995 ῥήματα.
542 2923 616 2976 Οὐ
646 2921 806 2993 μόνον
837 2922 895 2975 δὲ
921 2920 1099 2992 λέγειν
1129 2921 1272 2977 αύτά
1292 2922 1676 2995 παραιτητέον,
1708 2921 1846 2975 ἀλλά

260 3017 360 3072 καὶ
392 3015 635 3072 ἀκούειν.

328 3108 422 3163 25.
450 3107 635 3163 Ταῦτα
668 3107 726 3161 δὲ
761 3105 1020 3161 ἀδύνατον
1060 3105 1365 3176 φυλάττειν,
1404 3105 1499 3160 ὲάν
1547 3108 1669 3170 ταῖς
1714 3123 1847 3179 προ-

1945 1918 2309 1986 suscepimus,
2333 1917 2596 1973 debemus
2617 1918 2936 1990 pudicitiam
2967 1926 3151 1974 tenere
3185 1934 3517 1988 supremam.

1943 2007 2081 2062 Nam
2113 2009 2257 2080 apud
2283 2011 2577 2067 saeculares
2606 2026 2827 2082 quoque
2866 2010 3099 2067 feminas
3123 2009 3340 2066 videtur
3361 2009 3522 2082 pudi-

1943 2099 2074 2155 citia
2116 2101 2363 2169 versari;
2405 2110 2460 2155 at
2507 2103 2649 2157 inest
2693 2103 2803 2157 illis
2830 2102 3185 2174 insipientia,
3217 2102 3346 2172 quia
3396 2100 3522 2159 aliis

1943 2192 2200 2248 omnibus
2247 2192 2507 2249 sensibus
2538 2193 2802 2249 labuntur
2847 2201 2902 2249 et
2949 2201 3199 2264 peccant.
3229 2192 3522 2264 Aspiciunt

1943 2284 2087 2339 enim
2114 2284 2450 2354 indecenter,
2474 2301 2541 2342 ac
2557 2286 2734 2341 rident
2761 2285 2950 2342 eﬂ'use.
2982 2284 3094 2341 Nos
3115 2300 3245 2341 vero
3265 2285 3380 2340 haec
3402 2284 3523 2355 ipsa

1944 2379 2219 2450 praecipue
2243 2379 2585 2449 abjicientes,
2610 2378 2905 2433 virtutibus
2935 2377 3320 2443 ascendamus,
3355 2384 3522 2446 atque

1944 2473 2015 2527 ab
2038 2472 2215 2528 oculis
2246 2471 2560 2528 auferamus
2587 2470 2802 2526 inanem
2834 2470 3084 2541 quamvis
3110 2469 3270 2542 621
3292 2469 3522 2540 phanta-

1945 2557 2105 2620 siam.
2141 2563 2420 2635 Siquidem
2458 2564 2536 2619 ait
2566 2563 2850 2634 Scriptura
2885 2583 2898 2618 :
2948 2562 3103 2619 Oculi
3139 2564 3216 2618 tui
3264 2572 3404 2617 recta
3432 2563 3511 2617 vi.

1942 2654 2102 2710 deant
2146 2656 2212 2711 ⁷⁸.
2243 2653 2504 2725 Linguam
2537 2671 2756 2726 quoque
2793 2656 3089 2726 reprimere
3120 2655 3383 2711 debemus
3437 2658 3507 2711 ab

1943 2749 2212 2819 ejusmodi
2234 2749 2497 2819 peccatis.
2527 2747 2692 2805 Nefas
2723 2751 2866 2803 enim
2889 2756 2973 2805 est
2997 2757 3057 2803 ut
3090 2750 3522 2821 bymnorumor-

1942 2856 2143 2914 ganum
2188 2840 2352 2896 verba
2401 2840 2581 2912 turpia
2628 2839 2891 2910 proferat.
2949 2838 3025 2893 Ea
3054 2855 3184 2895 vero
3216 2856 3326 2895 non
3369 2840 3520 2896 dictu

1942 2932 2127 2998 modo,
2158 2933 2253 2989 sed
2280 2932 2468 2987 auditu
2501 2939 2629 2987 sunt
2664 2931 2989 3003 respuenda.

2014 3090 2109 3148 ‘25.
2148 3090 2259 3162 (79)
2294 3088 2419 3145 Haec
2458 3097 2639 3144 autem
2685 3102 2905 3143 servare
2953 3101 3061 3141 non
3110 3085 3376 3150 valemus,
3410 3085 3520 3139 nisi

258 3201 401 3264 όδοις
462 3198 701 3270 συνεχῶς
748 3196 1025 3269 χρώμεθα.
1073 3171 1177 3251 -Διά
1232 3171 1358 3270 γὰρ
1382 3198 1492 3252 τῶν
1545 3171 1846 3269 αίσθήσεων

1951 3185 2076 3240 dum
2106 3183 2160 3238 in
2183 3182 2462 3253 publicum
2494 3180 2871 3251 progredimur
2905 3178 3246 3234 considerate
3273 3191 3519 3246 agamus.

259 3291 438 3364 ἡμῶν,
463 3291 566 3346 κᾶν
607 3292 682 3363 μὴ
736 3288 1074 3362 βουλώμεθα,
1113 3293 1163 3345 οἱ
1208 3290 1437 3345 κλέπται
1467 3290 1684 3345 εἰσίασι.
1720 3288 1848 3354 Πῶς

258 3385 369 3457 γὰρ
398 3384 622 3439 δύναται
656 3380 820 3449 οἶκος,
860 3383 1065 3439 καπνοῦ
1109 3385 1174 3438 ὲκ
1226 3385 1336 3439 τῶν
1367 3384 1564 3452 ἔξωθεν
1595 3384 1846 3457 κινηθέν-

194 3514 197 3519 .
258 3488 373 3536 τος,
416 3471 510 3525 καὶ
550 3470 660 3527 τῶν
700 3471 930 3543 θυρίδων
964 3473 1303 3542 ἀνοιγεισῶν,
1357 3474 1431 3543 μὴ
1479 3473 1845 3544 μελαίνεσθαι.

273 3561 613 3631 Ἀναγκαίως
644 3557 738 3615 οὖν
770 3560 1154 3633 παραιτεῖσθαι
1196 3564 1462 3635 προσήκει
1499 3561 1597 3625 τὰς
1641 3563 1719 3625 είς
1748 3560 1848 3632 τὴν

259 3652 467 3724 ἀγοράν
498 3651 859 3723 προελεύσεις.
892 3654 954 3707 Et
981 3652 1088 3726 γάρ
1122 3652 1358 3723 ἐπαχθὲς
1388 3652 1482 3706 καὶ
1510 3652 1646 3724 βαρὺ
1680 3651 1847 3724 ⁴ἡγού-

264 3742 405 3814 μεθα
456 3742 719 3813 ἀδελφοὺς
748 3742 842 3797 καὶ
868 3747 1047 3813 γονεῖς
1073 3745 1315 3816 γυμνοὺς
1345 3742 1666 3807 θεάσασθαι,
1699 3742 1850 3813 πόσῳ

265 3833 466 3907 μᾶλλον
523 3834 814 3900 ὲπιὸλαὸὲς
870 3838 1001 3906 ἡμῖν
1055 3834 1207 3889 ἔσται
1266 3834 1540 3906 θεωρῆσαι
1598 3833 1690 3885 ἐπὶ
1743 3832 1851 3887 τῶν

262 3928 536 3984 πλατειῶν
568 3929 694 3993 τοὺς
720 3927 984 4000 ἀπρεπῶς
1013 3926 1492 3998 γε’γυμνωμένους,
1526 3924 1607 3978 ἔτι
1641 3941 1705 3993 γε
1740 3925 1848 3995 μὴν

263 4024 362 4079 καὶ
402 4022 678 4077 ἀκόλαστα
722 4022 943 4095 ῥήματα
991 4020 1285 4089 λέγοντας;
1331 4019 1428 4071 Ἐκ
1482 4015 1688 4071 τούτων
1741 4015 1852 4087 γάρ

266 4115 552 4187 συμϐαίνει
596 4115 778 4187 ἀηδεῖς
817 4115 911 4170 καὶ
940 4112 1227 4185 λοιμώδεις
1272 4110 1575 4182 φαντασίας
1619 4109 1854 4182 προσέρ-

303 4209 482 4264 εσθαι.

264 4228 736 4368 χυέτθῗιίοπηνίκα
764 4297 822 4351 δὲ
855 4296 949 4350 καλ⁵
986 4295 1067 4358 είς
1113 4294 1241 4358 τοὺς
1270 4292 1452 4356 οἴκους
1488 4292 1685 4356 ἑαυτάς
1716 4288 1853 4344 καθ-

265 4389 557 4462 είρξωμεν,
584 4387 706 4441 οὐδὲ
738 4389 854 4442 ἐκεῖ
893 4385 1180 4457 ὀφείλομεν
1223 4382 1369 4455 ἔχειν
1417 4382 1479 4435 τὸ
1524 4381 1850 4452 ἀμέριμνον,

1946 3274 2051 3332 Per
2080 3290 2277 3331 sensus
2314 3274 2459 3329 enim
2508 3279 2747 3333 nostros,
2800 3270 2958 3325 nobis
2989 3268 3153 3323 etiam
3194 3267 3401 3332 invitis,
3437 3267 3523 3320 in-

1947 3370 2272 3442 grediuntur
2313 3366 2482 3422 fures.
2527 3364 2811 3432 Quomodo
2859 3378 3096 3432 namque
3137 3361 3332 3416 domus
3373 3358 3523 3414 fumo

1947 3460 2293 3525 extrinsecus
2319 3459 2538 3513 admoto
2580 3456 2780 3525 poterit
2816 3470 2925 3509 non
2969 3452 3280 3523 denigrari?
3320 3450 3525 3517 Quam-

1949 3554 2135 3609 obrem
2172 3550 2487 3606 necessario
2525 3548 2783 3605 convenit
2825 3554 2881 3599 ut
2914 3562 2944 3599 a
2974 3543 3312 3616 profectibus
3349 3543 3403 3595 in
3442 3540 3526 3595 fo-

1948 3663 2069 3703 rum
2105 3645 2497 3703 abstineamus.
2535 3643 2668 3698 Nam
2701 3642 2748 3699 si
2784 3642 3073 3696 molestum
3104 3646 3159 3694 et
3200 3652 3363 3708 grave
3397 3652 3526 3692 cen—

1950 3756 2133 3799 semus
2164 3739 2349 3795 videre
2377 3737 2574 3792 fratres
2600 3744 2695 3792 aut
2743 3743 2996 3805 parentes
3037 3746 3267 3801 corpore
3309 3730 3486 3784 nudos
3506 3770 3523 3795 ,

1949 3843 2153 3905 quanto
2180 3832 2354 3902 magis
2379 3831 2600 3886 noxium
2630 3828 2790 3883 nobis
2816 3825 2942 3890 erit,
2969 3840 3064 3881 eos
3088 3825 3144 3879 in
3168 3823 3358 3894 plateis
3404 3835 3523 3891 spe—

1951 3935 2102 3983 ctare
2174 3927 2269 3996 qui
2331 3923 2647 3979 indecenter
2710 3919 3096 3980 denutlantur,
3152 3923 3521 3987 praetereaque

1942 4019 2238 4091 proferunt
2265 4016 2541 4087 impudica
2576 4014 2760 4068 verba.
2789 4011 2866 4064 Ex
2892 4010 2989 4080 .his
3013 4011 3156 4065 enim
3188 4009 3365 4064 solent
3400 4020 3519 4060 mo-

1954 4109 2103 4164 lesta:
2127 4115 2182 4162 et
2223 4105 2497 4178 pestiferae
2514 4103 2814 4176 phantasia:
2841 4101 3064 4157 exoriri.

2023 4289 2114 4344 26.
2153 4286 2382 4355 Quando
2414 4293 2595 4342 autem
2640 4283 2787 4340 domi
2831 4299 2932 4339 nos
2964 4280 3321 4340 recludimus,
3354 4293 3421 4331 ne
3469 4277 3531 4331 il-

1955 4382 2027 4437 lic
2055 4380 2275 4450 quidem
2303 4378 2566 4434 debemus
2587 4377 2706 4433 sine
2737 4372 3104 4432 sollicitudine
3134 4372 3380 4436 versari,
3416 4370 3527 4423 imo

264 4481 381 4535 ἀλλ’
410 4481 705 4552 ἀγρυπνεῖν
723 4496 737 4510 ·
766 4479 1074 4550 γέγραπται
1110 4475 1249 4548 γάρ⁹
1286 4473 1660 4543 Γρηγορεῖτε.
1691 4472 1846 4569 ἐἷσον

1955 4470 2124 4526 etiam
2176 4469 2502 4539 invigilare;
2537 4469 2797 4539 scriptum
2829 4466 2974 4523 enim
3017 4475 3142 4522 est:
3193 4463 3420 4533 Vigilat?
3457 4462 3524 4516 ⁷³.

264 4570 322 4624 δὲ
350 4568 548 4632 ἑαυτὰς
578 4565 990 4638 ἀσφαλιζόμεθα
1023 4566 1162 4645 πρὸς
1195 4562 1569 4635 σωφροσύνην,
1602 4561 1846 4615 τοσοῦτον

1956 4561 2172 4629 Quanto
2212 4569 2392 4615 autem
2433 4560 2606 4631 magis
2645 4558 3148 4614 conlirmaverimus
3174 4571 3276 4611 nos
3306 4555 3359 4609 in
3391 4561 3530 4607 tem--

264 4662 613 4734 δριμυτέροις
659 4658 1040 4731 συναπτόμεθα
1078 4659 1376 4728 λογισμοῖς.
1419 4657 1482 4709 Ὀ
1514 4653 1623 4725 γὰρ
1668 4668 1853 4720 προσ-

268 4749 413 4816 θεὶς,
456 4751 610 4819 φησὶ,
652 4747 913 4819 γνῶσιν,
960 4747 1361 4816 προστίθησιν
1399 4744 1657 4814 ἄλγημα.
1690 4743 1853 4797 Ὅσον

267 4841 375 4915 γὰρ
407 4843 804 4913 προκόπτουσιν
837 4843 887 4895 οἱ
917 4840 1167 4912 ἀθληταὶ,
1200 4836 1454 4892 τοσοῦτον
1484 4834 1690 4907 μείζοσι
1734 4851 1855 4888 συν-

1957 4652 2229 4724 perantia,
2284 4658 2439 4706 tanto
2495 4665 2621 4705 cum
2681 4651 3055 4705 acerbioribus
3108 4644 3531 4719 cogitationibus

1956 4744 2419 4800 con‘llictabimur.
2463 4742 2599 4798 Nam
2652 4745 2742 4810 qui
2788 4742 2937 4797 addit
2983 4742 3280 4803 scientiam,
3333 4739 3528 4809 inquit,

1957 4837 2110 4893 addit
2152 4836 2389 4892 dolorem
2418 4836 2482 4889 "‘.
2529 4834 2596 4889 Et
2626 4835 2840 4890 athletae
2870 4850 2978 4904 quo
3010 4834 3184 4903 magis
3212 4831 3531 4901 proficiunt,

268 4934 529 4989 ἅπτονται
577 4934 1026 5001 ἀνταγωνισταῖς.
1057 4931 1200 5001 Ὅρα
1241 4928 1407 4981 πόσον
1451 4925 1712 4997 ἀνέπτης,
1757 4924 1846 4977 καὶ

1955 4945 2022 4986 eo
2051 4929 2356 5000 majoribus
2389 4944 2514 4985 cum
2545 4926 2908 4999 antagonistis
2928 4924 3330 4980 conﬂictantur.
3359 4924 3533 4977 Cerne

264 5025 368 5078 οῦκ
397 5026 739 5100 ὀλιγωρήσῃς
783 5024 921 5097 πρὸς
961 5023 1031 5078 τά
1077 5022 1340 5095 παρόντα.
1386 5019 1496 5091 Τὴν
1531 5018 1719 5072 ἔνυλον
1760 5017 1846 5070 καὶ

1954 5039 2020 5080 ex
2048 5023 2270 5093 quantis
2295 5021 2619 5085 evolaveris,
2640 5035 2744 5076 nec
2766 5018 3100 5089 negligenter
3128 5023 3182 5069 te
3207 5029 3363 5086 geres
3384 5014 3531 5068 circa

266 5115 588 5188 ἔμπρακτον
632 5117 887 5189 πορνείαν
931 5115 1222 5186 ἐνίκησας
1267 5113 1366 5184 τὴν
1405 5111 1494 5166 διὰ
1529 5111 1639 5165 τῶν
1666 5109 1846 5180 αἰσθή-

1955 5115 2267 5185 prementia.
2313 5111 2648 5168 Materialem
2692 5119 2747 5167 et
2783 5117 3063 5165 externam
3116 5105 3533 5161 fornicationem

269 5222 411 5261 σεων
457 5207 651 5281 ἐχθρός
717 5227 799 5263 σοι
857 5208 1143 5281 προθήσει.
1180 5207 1350 5260 Ὅταν
1396 5205 1455 5259 δὲ
1506 5205 1602 5260 καὶ
1647 5203 1846 5275 ταύτης

1955 5205 2251 5261 devicisti?
2301 5219 2420 5259 eam
2449 5218 2570 5275 quae
2601 5218 2699 5273 per
2740 5214 2936 5257 sensus
2963 5206 3246 5255 exercetur
3269 5195 3368 5250 tibi
3394 5192 3536 5262 adji-

269 5298 506 5371 σεαυτὴν
557 5300 830 5374 κωλύσῃς,
885 5302 945 5355 ὲν
994 5302 1108 5363 τοῖς
1160 5297 1301 5354 κατά
1346 5296 1582 5352 διάνοιαν
1636 5296 1846 5367 χωρίοις

1956 5300 2031 5354 cit
2066 5298 2344 5355 inimicus.
2391 5299 2638 5368 Cumque
2679 5296 2748 5351 ab
2790 5296 2892 5349 hac
2930 5295 3093 5349 etiam
3149 5301 3201 5347 te
3245 5288 3535 5346 continue-

340 5437 388 5469 "
425 5435 661 5509 Philipp.
697 5453 794 5504 in,
826 5438 912 5493 i3.
987 5438 1033 5469 ’ί
1068 5435 1202 5494 Luc.
1240 5450 1350 5490 xvn
1373 5463 1392 5502 ι
1424 5434 1513 5489 l0.
1588 5435 1636 5466 ⁷³
1674 5433 1833 5492 Prov.

1976 5434 2070 5492 25.
2144 5435 2190 5467 ⁷³
2230 5433 2420 5489 Matth.
2456 5448 2607 5500 xxrv,
2641 5430 2729 5486 42.
2806 5430 2852 5461 ⁷⁸
2893 5427 3068 5484 Eccle.
3106 5442 3156 5494 ι,
3194 5424 3282 5482 18.
3397 5442 3403 5449 ’

346 5569 458 5642 (78)
491 5569 771 5642 Excitlisse
797 5571 1007 5642 videtur
1029 5569 1352 5642 vocabulum
1391 5567 1579 5642 μείζω.
1613 5566 1767 5623 Eon.
2036 5567 2150 5640 (79)
2186 5566 2246 5623 In
2290 5565 2424 5621 Vitis
2448 5562 2566 5621 PP.
2590 5564 2627 5620 l.
2659 5579 2713 5630 v,
2737 5561 2826 5628 ll,
2859 5559 2948 5617 32.

347 5638 482 5713 (78")
513 5638 789 5700 Rosweid.
824 5642 880 5698 in
922 5640 1052 5697 Vitis
1083 5638 1199 5696 PP.
1236 5640 1273 5696 ι.
1319 5656 1368 5706 v,
1395 5638 1454 5709 ’4,
1488 5639 1576 5695 il.
