3880 6200
426 252 559 307 15θό
1577 255 1635 311 S.
1670 254 1969 311 ATHANA!

2076 253 2134 310 S.
2174 283 2245 294 —
2279 252 2550 309 SPURIA.
3550 251 3684 306 i504

423 369 522 430 ris,
565 366 743 420 adhuc
775 365 828 420 in
855 366 1191 437 cogitatione
1222 384 1321 422 ceu
1374 370 1429 424 in
1474 385 1706 425 caverna
1747 371 1878 424 latet
1908 371 1969 423 bo

2100 366 2428 437 ἐμφωλεῦει,
2464 366 2554 420 τὸν
2593 364 2754 421 ἀῦλόν
2802 383 2882 419 σοι
2920 367 3083 420 κινῶν
3115 366 3367 436 πόλεμον.
3411 364 3688 435 Πρόσωπα

422 459 545 523 stis,
591 466 646 513 et
708 461 994 529 spiritualc
1045 463 1143 517 tibi
1194 464 1394 518 bellum
1457 464 1716 517 concitat.
1764 462 1969 518 Decoro

2103 458 2213 529 γὰρ
2240 458 2490 531 εὐπρεπῆ
2513 459 2607 511 καὶ
2627 457 2840 529 ὁμιλίας
2872 458 3127 529 ἀρχαίας,
3161 456 3257 511 καὶ
3285 454 3691 526 ἡσυχαζούσαις

420 547 564 603 enim
615 549 819 614 vultus,
868 551 1267 623 indecorasque
1324 553 1545 623 ﬁguras,
1605 562 1786 609 vetera
1840 555 1969 608 collc

2103 551 2483 623 παρεισφέρει.
2510 552 2602 604 Δεῖ
2627 545 2719 603 οῦν
2750 549 2825 621 μὴ
2872 549 3361 620 συγκατατίθεσθαι
3405 550 3523 610 τοῖς
3552 565 3693 615 φαν-

419 637 548 707 quia
579 641 824 710 suggerit
870 643 952 699 eis
996 659 1119 714 quae
1168 646 1413 699 solitarie
1469 646 1680 700 vivunt.
1733 643 1841 701 Sed
1887 662 1969 701 nol

2100 643 2339 712 τάσμασι
2359 659 2373 672 ·
2408 641 2715 714 γέγραπται
2738 643 2869 713 γὰρ,
2898 643 2973 705 ὡς
3010 641 3152 695 Ἐὰν
3192 639 3427 709 πνεῦμα
3452 637 3566 692 τοῦ
3594 637 3696 700 ἐξ·-

417 737 633 805 oportet
692 718 951 787 assentiri
1005 734 1500 803 phantasmatibus,
1557 736 1684 804 quia
1731 736 1969 805 scriptun

2098 733 2484 800 ουσιάζοντος
2511 732 2705 803 ἀναϐῇ
2742 733 2842 787 ἐπὶ
2873 731 2966 794 σὲ,
3006 732 3196 786 τόπον
3226 746 3344 785 σου
3375 729 3462 799 μὴ
3495 727 3690 797 ἀφῇς.

416 804 554 873 est':
588 817 649 873 Si
682 819 912 888 Spiritus
943 831 1252 891 potestatem
1282 824 1517 879 habentis
1558 804 1857 880 ascenderit
1905 842 1997 879 su-

417 923 510 978 per
543 917 612 973 te,
643 909 815 963 locum
846 920 993 964 tuum
1034 927 1096 965 ne
1143 912 1409 966 dimiseris
1451 913 1516 966 ⁷⁸.
1555 912 1611 966 1η
1648 913 1796 968 hisce
1840 929 1995 967 nam-

414 1013 525 1068 que
572 1000 737 1056 rebus
781 1017 1089 1058 consensus
1148 1013 1232 1057 est
1284 1019 1408 1058 cum
1450 1005 1699 1059 saeculari
1756 1005 1994 1059 fornica-

415 1088 564 1144 tione
592 1091 992 1160 comparandus
1022 1111 1036 1148 :
1069 1093 1311 1148 Potentes
1338 1096 1503 1159 enim,
1530 1096 1727 1166 inquit.
1759 1106 1994 1164 potenter

413 1191 678 1236 tormenta
716 1184 981 1252 patientur
1002 1185 1067 1239 ⁷⁸.
1106 1187 1365 1255 Magnum
1414 1187 1581 1257 igitur
1606 1195 1690 1243 est
1728 1188 1990 1244 adversus

414 1272 795 1331 fornicationis
833 1277 1084 1347 spiritum
1121 1286 1419 1335 certamen.
1455 1279 1697 1350 Illudque
1718 1291 1803 1334 est
1825 1289 1990 1351 caput

410 1365 683 1420 malorum
714 1366 1012 1423 adversarii
1047 1368 1115 1423 ad
1144 1370 1337 1424 animae
1376 1371 1692 1439 perniciem.
1724 1372 1877 1437 Quod
1904 1373 1989 1426 in-

412 1471 587 1512 nuens
614 1456 807 1513 beatus
834 1456 936 1513 Job
957 1458 1173 1514 dicebat
1201 1462 1268 1516 de
1290 1462 1542 1517 diabolo:
1574 1463 1679 1531 Qui
1708 1463 1859 1519 habet
1884 1466 1986 1518 vir-

408 1554 575 1598 tutem
602 1546 655 1599 in
680 1548 925 1601 umbilico
954 1550 1142 1604 ventris
1170 1551 1235 1604 τ’.

478 1635 571 1692 27.
609 1636 788 1691 Multis
832 1640 1020 1710 itaque
1065 1641 1341 1709 variisque
1385 1642 1652 1698 machinis
1699 1644 1979 1698 stimulum

412 1725 794 1784 fornicationis
846 1732 1098 1785 admovet
1164 1733 1413 1789 diabolus
1465 1735 1777 1789 hominibus
1832 1737 1989 1790 Chri:

404 1825 555 1872 stum
597 1819 971 1888 diligentibus.
1016 1821 1159 1888 Quin
1205 1824 1367 1878 etiam
1412 1840 1554 1895 saepe
1603 1824 1847 1882 nefarius
1892 1827 1982 1883 ille

408 1916 681 1964 veterator
709 1910 1005 1966 fraternum
1034 1928 1272 1968 amorem
1320 1919 1700 1972 transmutavit
1739 1918 1793 1971 in
1825 1934 1980 1973 suam

406 2001 689 2054 malitiam.
724 2001 930 2056 Etenim
957 2004 1195 2075 virgines
1219 2022 1339 2075 quae
1368 2008 1609 2077 nuptias,
1642 2024 1762 2079 qua:
1795 2011 1978 2065 luxum

401 2108 622 2149 o-nnetn
670 2097 854 2150 saeculi
910 2096 1180 2169 fugerant,
1232 2116 1326 2169 per
1385 2100 1683 2155 fraternum
1727 2100 1976 2155 allectum

400 2184 813 2254 supplantavit:
852 2189 1185 2259 insuperque
1214 2192 1513 2247 monachos
1539 2192 1634 2262 qtti
1659 2193 1841 2245 omnia
1876 2192 1979 2246 for-

403 2276 744 2333 nicationem
778 2294 977 2351 genera
1010 2289 1065 2337 et
1106 2284 1208 2352 ipsi
1249 2282 1623 2353 profugerant,
1670 2284 1977 2339 vulneravit

401 2382 468 2423 ac
501 2370 712 2442 decepit
735 2388 831 2441 per
860 2374 1172 2445 religiosum
1202 2378 1553 2447 colloquium.
1582 2377 1695 2431 Hoc
1725 2386 1809 2433 est
1831 2380 1974 2434 enim

400 2457 609 2514 inimici
660 2461 973 2531 artificium,
1019 2466 1214 2521 alienis
1261 2483 1320 2523 se
1368 2469 1645 2538 obtegere,
1696 2486 1794 2525 sua
1847 2486 1975 2526 vero

398 2550 710 2606 clanculum
762 2554 1073 2611 obtrudere.
1122 2556 1371 2613 Ostendit
1416 2576 1643 2631 granum
1693 2561 1972 2628 frumenti,

398 2642 583 2713 ibique
609 2647 866 2717 supponit
898 2648 1172 2718 laqueum.
1211 2650 1273 2707 Et
1301 2668 1431 2708 vero
1465 2654 1701 2709 arbitror
1728 2656 1795 2711 de
1826 2657 1975 2713 hisce

397 2732 579 2791 dicere
617 2735 939 2794 Dominum:
972 2740 1079 2807 Qui
1112 2745 1323 2797 veniunt
1356 2744 1425 2797 ad
1455 2762 1542 2800 vos
1584 2747 1637 2799 in
1672 2750 1972 2803 vestimento

396 2827 595 2895 ovium,
632 2829 950 2887 intrinsecus
984 2842 1159 2889 autem
1198 2846 1321 2890 sunt
1349 2836 1459 2907 lupi
1490 2854 1705 2907 rapaces
1728 2840 1794 2895 ⁷⁸.

2108 823 2174 876 Ἦ
2202 822 2309 894 γὰρ
2339 824 2474 896 πρὸς
2504 822 2676 877 ταῦτα
2703 822 3119 893 συγκατάθεσις,
3141 819 3436 890 ἐφάμιλλός
3468 822 3592 873 ἐστι
3620 822 3689 890 τῇ

2095 916 2331 985 κοσμικῇ
2391 915 2651 986 πορνείᾳ-
2690 913 2939 968 Δυνατοὶ
3007 911 3137 983 γὰρ,
3191 909 3360 981 φησὶ,
3411 907 3691 973 δυνατῶς

2091 1003 2551 1070 ἐτασθήσοντιιι.
2594 1004 2783 1073 Μέγας
2830 999 2925 1056 οὖν
2960 1005 2988 1056 6
3032 1001 3169 1072 πρὸς
3205 1000 3266 1053 τὸ
3310 998 3529 1094 πνεῦμα
3580 997 3689 1094 τῆς

2093 1094 2349 1165 πορνείας
2391 1093 2559 1162 ἀγών.
2616 1095 2688 1147 Τὸ
2713 1092 2822 1164 γάρ
2871 1093 2930 1145 ἐν
2980 1092 3171 1153 κακοῖς
3230 1087 3522 1157 κεφάλαιον
3583 1087 3686 1137 τοῦ

2091 1185 2284 1256 ἐχθροῦ
2312 1185 2449 1257 πρὸς
2476 1182 2751 1239 ἀπώλειαν
2787 1181 2988 1251 ψυχῆς,
3025 1178 3183 1233 τοῦτό
3219 1180 3356 1231 ἐστι.
3381 1177 3495 1229 Kal.
3516 1173 3687 1226 τοῦτο

2090 1276 2458 1347 αἰνιττόμενος
2479 1278 2508 1330 6
2546 1277 2812 1347 μακάριος
2853 1272 2995 1335 Ἰὼϐ,
3025 1271 3177 1340 ἔλεγε
3204 1269 3339 1340 πρὸς
3367 1267 3458 1321 τὸν
3494 1265 3687 1320 διάϐο-

2087 1368 2208 1422 λονο
2247 1369 2309 1422 '0
2340 1368 2497 1439 ἔχων
2529 1367 2643 1438 τὴν
2668 1367 2927 1436 δύναμιν
2961 1364 3053 1417 ἐπ’
3080 1359 3352 1432 ὀμφαλοῦ
3390 1359 3677 1430 γαστρός.

2153 1655 2245 1709 Ἦ.
2277 1655 2505 1718 Πολλαῖς
2550 1654 2648 1725 μὲν
2693 1648 2786 1708 οὖν
2834 1654 2929 1707 καὶ
2976 1651 3250 1722 διαφόροις
3291 1650 3562 1721 μηχαναῖς
3610 1645 3679 1701 τδ

2083 1748 2180 1816 τῆς
2209 1746 2463 1816 πορνείας
2493 1744 2716 1817 κέντρον
2750 1746 2890 1798 κινεῖ
2919 1744 2948 1796 ὁ
2987 1742 3232 1805 διάϐολος
3268 1740 3409 1795 κατὰ
3435 1739 3546 1793 τῶν
3579 1756 3675 1808 φι-

2080 1822 2377 1908 λοχρίστων
2427 1835 2747 1907 ἀνθρώπων.
2806 1834 3074 1898 Πολλάκις
3117 1831 3251 1903 γοῦν
3300 1833 3396 1886 καὶ
3441 1831 3675 1901 ἀγάπην

2080 1929 2375 2000 ἀδελφικὴν
2405 1927 2752 1999 μεθώρμισεν
2803 1930 2833 1981 6
2879 1928 3171 1999 κακόφρων
3208 1927 3290 1989 είς
3319 1925 3421 1997 τὴν
3450 1923 3672 1977 οἰκείαν

2078 2022 2298 2075 κακίαν.
2351 2021 2465 2074 Καὶ
2513 2019 2624 2092 γὰρ
2675 2019 2975 2092 παρθένους
3021 2017 3296 2087 φυγούσας
3333 2016 3513 2087 γάμον
3570 2016 3672 2068 καὶ

2079 2110 2375 2179 φαντασίαν
2412 2111 2590 2163 πᾶσαν
2629 2108 2876 2179 βίου,διά
2924 2106 3159 2178 σχέσεως
3213 2105 3510 2176 ἀδελφικῆς
3552 2106 3668 2158 ὑπ-

2077 2202 2321 2255 εσκέλισε
2340 2218 2353 2231 ·
2391 2201 2482 2255 καὶ
2512 2201 2778 2272 μοναχοὺς
2808 2200 2866 2253 δὲ
2892 2199 3115 2272 ἔτρωσε,
3163 2201 3270 2253 πᾶν
3310 2197 3487 2252 ὁτιοῦν
3518 2199 3669 2251 ἀπο-

2077 2292 2348 2361 φυγόντας
2381 2294 2475 2346 καὶ
2509 2293 2708 2356 αὐτοὺς
2737 2291 2993 2364 πορνικὸν
3028 2292 3235 2362 σχῆμαο
3267 2289 3403 2344 ἀλλά
3434 2291 3533 2343 καὶ
3564 2291 3670 2343 αὺ-

2073 2384 2199 2446 τοὺς
2222 2384 2473 2456 ὴπάτησε
2513 2384 2579 2437 δι’
2622 2383 2883 2447 εὐλαὸοῦς
2908 2383 3141 2454 ὁμιλίας.
3192 2381 3364 2436 Τοῦτο
3406 2381 3518 2452 γάρ
3563 2380 3665 2434 τοῦ

2074 2474 2268 2545 ἐχθροῦ
2315 2474 2510 2545 ἔργον,
2551 2474 3089 2546 τὸ,άμφιεννύμενον
3139 2472 3210 2527 τά
3256 2472 3534 2542 ἀλλότρια,
3594 2472 3665 2524 τὰ

2073 2566 2246 2618 οἰκεῖα
2310 2565 2680 2629 λανθανόντως
2725 2564 3144 2638 προϐάλλεσθαι.
3198 2564 3447 2618 Δείκνυσι
3502 2563 3659 2615 σίτου

2073 2655 2297 2719 κόκκον,
2327 2657 2421 2709 καὶ
2454 2657 2774 2728 ὑποτίθησιν
2815 2656 2964 2727 αὐτῷ
3005 2655 3226 2725 παγίδα.
3257 2650 3424 2725 Οἶμαι
3467 2655 3527 2707 δὲ
3564 2654 3661 2707 καὶ

2072 2748 2163 2801 τὸν
2194 2748 2397 2819 Κύριον
2427 2749 2556 2819 περὶ
2577 2750 2765 2801 τούτου
2799 2748 2999 2816 λέγειν,
3040 2741 3119 2811 ὡς
3149 2749 3465 2815 Ἔρχονται
3500 2746 3657 2814 πρὸς

2070 2838 2226 2908 ὑμᾶς
2262 2840 2330 2893 ἐν
2353 2839 2647 2910 ἐνδύμασι
2674 2841 3001 2910 προϐάτων,
3029 2840 3256 2894 ἔσωθεν
3282 2837 3350 2891 δέ
3376 2841 3497 2892 εισι
3544 2840 3655 2892 λύ-

2072 2948 2164 2985 κοι
2191 2932 2473 3001 ἅρπαγες.

465 3003 558 3061 28.
590 3004 730 3071 Quid
757 3022 887 3077 ergo
913 3008 979 3062 ad
1008 3009 1111 3091 hoc
1132 3012 1442 3082 agendum?
1478 3015 1661 3071 Simus
1688 3019 1965 3086 prudentes

2138 3022 2227 3076 28.
2283 3023 2348 3076 Τί
2410 3019 2503 3075 οῦν
2571 3022 2707 3092 πρὸς
2752 3019 2910 3075 τοῦτο
2970 3020 3317 3091 ποιήσωμενς
3355 3017 3658 3088 Γενώμεθα

395 3095 534 3149 sicut
564 3108 845 3166 serpentes,
875 3109 926 3155 et
953 3103 1217 3172 simplices
1247 3107 1656 3173 sicutcolumba:
1695 3112 1775 3167 7’:
1817 3114 1966 3167 calli-

394 3188 525 3243 dum
551 3199 739 3244 contra
777 3192 998 3261 laqueos
1027 3196 1146 3264 ejus
1170 3197 1489 3254 adhibentes
1515 3202 1805 3257 consilium
1829 3203 1960 3275 (80).

393 3278 529 3334 Nam
561 3282 691 3337 illud
717 3302 730 3337 :
769 3281 952 3338 Estote
988 3286 1263 3353 prudentes
1292 3289 1427 3342 sicut
1447 3302 1728 3361 serpentes,
1759 3294 1962 3351 dictum

393 3379 496 3434 est,
531 3380 591 3427 ut
622 3373 824 3429 diaboli
863 3377 1022 3431 nobis
1057 3379 1292 3448 impetus
1325 3396 1431 3436 non
1466 3383 1686 3441 lateant.
1721 3384 1855 3440 Nam
1885 3386 1962 3442 si-

395 3462 521 3517 mile
554 3479 620 3519 ex
651 3465 814 3520 simili
846 3467 1165 3522 citissimam
1208 3480 1489 3541 comparat
1524 3476 1821 3534 notionem.
1859 3477 1964 3532 Co-

396 3555 591 3611 lumba:
616 3572 743 3611 vero
775 3557 1095 3627 simplicitas
1121 3564 1358 3619 ostendit
1392 3567 1679 3635 puritatem
1709 3571 1960 3628 actionis.

388 3644 566 3704 Omne
589 3648 753 3720 igitur
781 3650 981 3705 bonum
1012 3667 1152 3723 Opus
1182 3650 1445 3712 consistet
1483 3659 1538 3714 in
1564 3660 1687 3733 fuga
1720 3662 1962 3721 deterio-

391 3739 492 3796 ris.
545 3740 828 3807 Quomodo
870 3754 1049 3801 autem
1094 3747 1362 3819 fugiamus
1404 3752 1545 3822 quod
1609 3755 1963 3824 ignoramus?

386 3830 755 3898 Quamobrem
799 3845 1014 3906 oportet
1059 3849 1118 3894 ut
1152 3843 1426 3899 intellecta
1457 3847 1663 3903 inimici
1694 3852 1958 3921 nequitia,

384 3936 681 3980 caveamus
714 3926 781 3981 ab
825 3927 945 3997 ejus
987 3933 1311 3999 perniciosis
1362 3936 1845 4005 machinamentis;
1889 3942 1963 3994 ait

382 4015 533 4068 enim
568 4030 582 4066 :
614 4014 835 4080 Circuit,
877 4036 1113 4085 quarens
1160 4041 1310 4092 quem
1355 4026 1561 4082 devoret
1600 4031 1667 4084 ⁸⁸.
1724 4030 1793 4084 Ει
1830 4048 1962 4086 esea:

382 4106 502 4174 ejus
547 4107 722 4163 electa:
757 4111 821 4164 ⁸⁸.
865 4111 1053 4183 Itaque
1091 4132 1305 4187 semper
1337 4121 1669 4189 vigilandum
1715 4133 1819 4180 est.
1876 4125 1963 4180 Si-

386 4196 607 4266 quidem
642 4217 736 4268 per
763 4210 1016 4259 externas
1050 4222 1137 4260 res
1168 4209 1466 4280 impugnat,
1495 4221 1548 4267 et
1586 4230 1683 4284 per
1717 4216 1960 4275 internas

388 4287 745 4357 cogitationes
794 4293 1013 4363 subigit.
1067 4295 1131 4349 Et
1188 4300 1404 4368 quidem
1470 4304 1592 4372 plus
1650 4314 1809 4360 nocet
1863 4323 1958 4377 per

387 4376 687 4447 interiora;
723 4397 845 4436 nam
881 4384 976 4438 diu
1022 4399 1294 4459 noctuque
1335 4393 1693 4461 spiritualiter
1724 4376 1954 4453 accedit.

453 4552 543 4606 29.
569 4554 866 4623 Cuiusnam
907 4576 1037 4631 ergo
1069 4565 1147 4619 rei
1184 4574 1268 4622 est
1297 4583 1436 4639 opus
1465 4571 1530 4625 ad
1568 4572 1670 4628 hoc
1714 4574 1954 4631 bellum?

381 4641 546 4714 322
576 4646 820 4715 profecto
850 4650 1122 4711 laboriosa
1151 4660 1539 4717 exercitatione
1563 4671 1616 4719 et
1652 4666 1804 4734 puris
1827 4683 1951 4736 pre—

381 4737 559 4791 cibus.
591 4736 657 4791 Et
682 4737 796 4793 haec
836 4741 1052 4810 quidem
1084 4749 1408 4814 generaliter
1439 4751 1490 4805 in
1531 4755 1679 4809 omni
1721 4757 1949 4813 exitiosa

384 4822 716 4898 cogitatione
753 4841 882 4886 sunt
908 4837 1164 4892 remedia.
1197 4838 1397 4896 Verum
1426 4858 1648 4900 necesse
1673 4855 1757 4902 est
1795 4848 1949 4903 insu-

384 4933 482 4988 per
521 4921 889 4990 peculiaribus
930 4926 1254 4995 quibnsdam
1299 4933 1377 4987 uti
1416 4935 1684 4997 consiliis,
1717 4937 1784 4992 ad
1818 4954 1953 5007 prae-

383 5019 592 5067 sentem
615 5013 809 5068 animat
844 5025 1050 5085 pestem
1080 5019 1491 5091 depellendam:
1528 5036 1691 5098 atque
1714 5028 1951 5085 instante

384 5105 701 5172 turpissima
731 5108 1063 5175 cogitatione
1097 5112 1146 5165 ei
1176 5127 1452 5184 opponere
1479 5120 1776 5175 contraria.
1813 5121 1948 5175 Nam

382 5193 430 5247 si
462 5194 515 5248 in
540 5195 760 5266 regione
788 5200 987 5255 mentis
1018 5201 1242 5261 formosi
1274 5207 1452 5263 vultus
1478 5207 1762 5279 phantasia
1789 5214 1953 5267 exsti-

382 5284 528 5353 terit,
558 5285 613 5340 id
640 5287 851 5345 ratione
880 5292 1258 5364 castigandum
1292 5309 1524 5371 oportet,
1566 5319 1686 5373 qua:
1720 5306 1948 5360 simula-

2064 3115 2338 3183 φρόνιμοι
2365 3113 2509 3168 ὡσεὶ
2540 3113 2724 3183 ὄφεις,
2756 3114 2856 3167 καὶ
2882 3113 3146 3181 ἀκέραιοι
3178 3111 3257 3176 ὡς
3281 3111 3650 3179 περιστεραὶ,

2064 3205 2371 3277 πανοῦργον
2400 3205 2540 3260 κατά
2575 3206 2673 3275 τῆς
2707 3205 2929 3274 παγίδος
2966 3204 3134 3259 αὑτοῦ
3180 3202 3454 3266 κινοῦντες
3496 3201 3651 3270 λογι-

2065 3298 2218 3368 σμόν·
2234 3297 2294 3350 τὸ
2316 3299 2413 3368 μὲν
2429 3297 2555 3367 γὰρ,
2574 3297 2825 3351 Γίνεσθε
2841 3296 3110 3366 φρόνιμοι
3125 3294 3266 3348 ὡσεί
3294 3293 3479 3363 ὄφεις,
3504 3295 3653 3364 εἴρη-

2062 3402 2151 3444 ται
2207 3388 2343 3460 πρὸς
2362 3388 2523 3460 τὸμὴ
2541 3387 2823 3442 λανθάνειν
2847 3387 2992 3459 ἡμᾶς
3013 3386 3115 3448 τὰς
3137 3384 3315 3456 ὁρμάς
3334 3382 3431 3438 τοῦ
3461 3383 3645 3436 διαδό-

2061 3482 2175 3535 λου.
2191 3481 2264 3533 Τὸ
2281 3480 2388 3552 γάρ
2410 3481 2594 3550 ὅμοιον
2616 3479 2681 3532 ἐκ
2697 3477 2790 3532 τοῦ
2813 3478 2998 3549 ὁμοίου
3014 3477 3275 3557 ταχίστην
3297 3476 3531 3529 ποιεῖται
3549 3475 3651 3545 τὴν

2060 3571 2370 3641 διάγνωσιν.
2401 3571 2474 3624 Τὸ
2505 3571 2561 3624 δὲ
2594 3571 2851 3642 ἀκέραιον
2894 3571 2993 3640 τῆς
3037 3568 3365 3639 περιστερᾶς
3404 3566 3649 3619 δείκνυσι

2060 3661 2121 3714 τὸ
2150 3658 2387 3730 καθαρὸν
2417 3662 2517 3728 τῆς
2546 3658 2817 3730 πράξεως.
2852 3659 2969 3711 Πᾶν
3001 3658 3101 3728 μέν
3134 3654 3227 3711 οὖν
3255 3656 3457 3725 ἀγαθὸν
3481 3655 3647 3727 ἔργον

2061 3753 2119 3804 ἐν
2151 3753 2406 3822 ἀποφυγῇ
2440 3751 2590 3804 ἔσται
2631 3749 2726 3803 τοῦ
2777 3750 3040 3822 χείρονος,
3079 3750 3206 3813 Πῶς
3229 3749 3286 3802 δὲ
3330 3747 3590 3818 φύγωμεν
3616 3748 3647 3801 ὅ

2065 3844 2137 3915 μὴ
2172 3843 2431 3913 οἵδαμεν;
2482 3846 2574 3896 Δεῖ
2617 3839 2712 3896 οὖν
2751 3845 2917 3913 ἡμᾶς,
2967 3845 3089 3895 κατ’
3124 3841 3332 3897 ἔννοιαν
3371 3841 3644 3904 λαϐούσας

2059 3935 2153 3987 τοῦ
2184 3934 2378 4005 ἐχθροῦ
2411 3935 2510 4005 τὴν
2535 3934 2833 4006 δεινότητα,
2861 3934 3223 4003 φυλάττεσθαι
3259 3933 3367 3988 ἀπὸ
3394 3933 3495 4003 τῆς
3522 3932 3646 3985 τοῦ·

2059 4041 2152 4077 του
2194 4024 2602 4096 κακομηχανίας
2622 4044 2635 4057 ·
2671 4027 2805 4096 φησὶ
2829 4027 2936 4097 γάρ
2956 4043 2969 4057 ·
3010 4028 3107 4092 Ὃς
3139 4025 3401 4095 περιάγει
3453 4024 3644 4093 ζητῶν

2059 4119 2196 4171 τίνα
2234 4119 2518 4186 καταπίῃ.
2553 4118 2663 4173 Καὶ
2704 4118 2778 4172 τὰ
2809 4116 3093 4188 ,βρώματα
3135 4117 3321 4173 αὐτοῦ
3362 4116 3639 4171 extersui.

2060 4213 2188 4265 Δέον
2209 4209 2303 4267 οὖν
2329 4214 2561 4267 πάντοτε
2582 4215 2899 4284 γρηγορεῖν.
2918 4213 3026 4265 Καὶ
3057 4212 3168 4283 γάρ
3199 4211 3286 4265 διὰ
3312 4210 3417 4265 τῶν
3443 4210 3643 4276 ἔξωθεν

2061 4290 2401 4377 πραγμάτων
2454 4305 2701 4377 πολεμεῖ,
2756 4306 2851 4358 καὶ⁸
2888 4304 2976 4358 διά
3017 4303 3126 4358 τῶν
3180 4304 3328 4357 ἔνδον
3364 4303 3642 4374 λογισμῶν

1990 4378 2033 4432 Ῑ)
2062 4396 2313 4467 δαμάζει.
2343 4396 2453 4449 Καὶ
2480 4396 2640 4450 πλέον
2668 4396 2758 4449 διὰ
2785 4396 2894 4449 τῶν
2931 4394 3077 4450 ἔνδον
3097 4412 3109 4424 ·
3146 4396 3239 4448 καὶ
3270 4395 3379 4466 γάρ
3423 4394 3642 4467 νύκτωρ

2062 4485 2156 4538 καὶ
2190 4484 2309 4555 μεθ’
2337 4484 2548 4556 ἡμέραν
2578 4484 2756 4548 ἀΰλως
2786 4483 3170 4555 προσέρχεται.

2130 4574 2219 4629 29.
2247 4574 2402 4638 Τίνος
2450 4570 2543 4628 οὖν
2577 4574 2735 4646 χρεία
2769 4562 2904 4646 πρὸς
2948 4573 3040 4627 τὸν
3078 4575 3323 4644 παρόντα
3367 4574 3640 4646 πόλεμονς

2057 4666 2243 4738 Δῆλον,
2274 4666 2350 4728 ὡς
2375 4666 2660 4738 ἀσκήσεως
2700 4667 2958 4719 ἐπιπόνου
2994 4665 3088 4717 καὶ
3131 4665 3376 4736 καθαρᾶς
3406 4683 3643 4737 προσευ-

2057 4760 2176 4829 χῆς.
2224 4758 2384 4811 Ἀλλά
2409 4757 2586 4811 ταῦτα
2612 4757 2711 4827 μὲν
2749 4756 2980 4824 γενικῶς
3019 4757 3112 4810 ἐπὶ
3144 4756 3341 4819 παντὸς
3377 4756 3640 4826 λογισμοῦ

2054 4850 2298 4920 ὀλεθρίου
2331 4849 2660 4920 ἀλεξητήρια
2693 4848 2907 4917 πέφυκε
2928 4864 2941 4878 ⁸
2987 4848 3068 4902 δεῖ
3113 4847 3169 4900 δὲ
3204 4848 3299 4900 καὶ¹
3332 4846 3525 4910 ίδικαῖς
3563 4864 3644 4900 τι-

2059 4957 2141 4995 σιν
2168 4941 2403 5004 ἐννοίαις
2448 4939 2755 5012 χρήσασθαι
2806 4939 2943 5011 πρὸς
2989 4940 3052 4992 τὸ
3098 4938 3189 4991 τὸν
3240 4937 3484 5008 παρόντα
3542 4938 3642 5007 τῆς

2056 5032 2231 5103 ψυχῆς
2272 5032 2461 5104 λοιμὸν
2514 5032 2838 5085 ἀπώσασθαι
2862 5049 2875 5062 ·
2923 5032 3015 5085 καὶ
3051 5029 3369 5092 ἐπελθόντος
3413 5028 3508 5081 τοῦ
3555 5031 3643 5082 αξ-

2057 5125 2275 5194 σχίστου
2325 5122 2608 5194 λογισμοῦ,
2643 5121 3037 5193 ἀνθυποφέρειν
3086 5118 3236 5191 αὐτῷ
3283 5121 3353 5174 τά
3395 5119 3639 5172 ἐναντία.

2055 5216 2118 5268 Εἰ
2141 5216 2248 5287 γὰρ
2272 5215 2480 5283 γένοιτο
2522 5216 2580 5267 ἐν
2623 5215 2738 5276 τοῖς
2777 5213 2921 5265 κατά
2951 5213 3188 5267 διάνοιαν
3217 5210 3435 5282 χωρίοις
3463 5209 3639 5277 ὂψεως

2054 5304 2362 5378 εὐπρεποῦς
2389 5304 2678 5374 φαντασία,
2707 5303 2784 5375 τῷ
2806 5304 2948 5374 λόγῳ
2975 5303 3037 5355 τὸ
3068 5304 3240 5375 παρὸν
3274 5301 3635 5372 τιμωρητέον,

451 5437 725 5531 ’ξι,¹ἕ⁸ἷῖ¹⁰ζ
750 5443 925 5531 ἰμ’
996 5446 1044 5480 ⁷⁸
1076 5447 1206 5521 saP-
1239 5467 1321 5520 VI.
1361 5453 1412 5510 7.
1488 5456 1532 5489 ⁷⁷
1571 5454 1674 5514 Job
1707 5473 1808 5526 χι,
1845 5459 1932 5515 li.

2087 5458 2275 5517 Matth.
2309 5476 2421 5531 vn,
2458 5460 2544 5517 15.
2622 5459 2667 5494 ⁷⁸
2709 5457 2900 5515 Matth.
2935 5473 2994 5527 ι,
3032 5455 3121 5513 i6.
3196 5456 3242 5489 “
3271 5457 3302 5509 ιι
3331 5452 3454 5511 Pet.
3489 5472 3546 5525 ν,
3577 5452 3634 5512 8.

378 5504 428 5542 ⁸⁸
467 5507 671 5567 Babae.
707 5526 759 5576 ι,
792 5504 883 5568 16.

453 5663 648 5735 (80)1η
692 5665 825 5723 vnn
861 5667 975 5723 PP.
1010 5669 1044 5726 ι.
1082 5687 1154 5737 γι,
1190 5670 1318 5739 1,2.
