3868 6202
197 323 340 379 1505

1328 316 1488 387 virs
1530 313 1825 370 suam
1866 294 2348 369 SYNCCETICE.

3340 304 3482 361 1506

194 444 294 498 καὶ
320 439 415 495 τοῦ
455 439 676 494 εἰδώλου
722 440 845 503 τοὺς
884 438 1194 511 ὀφθαλμοὺς
1236 438 1641 502 ἐκκολαπτέτω,
1673 436 1782 490 τῶν

1899 436 1964 489 :ri
1987 434 2179 489 oculos
2205 431 2417 499 eradat,
2445 445 2709 502 genarum
2738 443 2937 486 carnes
2962 427 3237 488 detrahat,
3265 425 3483 481 abscin-

192 535 255 588 δὲ
296 531 542 605 παρειῶν
578 534 677 595 τὰς
723 533 932 603 σάρκας
973 530 1291 602 ὲξαιρείτω·
1343 531 1693 601 ὑποτεμνέτω
1730 529 1787 583 δὲ

193 625 396 680 καὶτὰ
425 624 601 696 χείλη,
634 624 730 678 καὶ
775 624 962 678 λοιπὸν
1004 624 1186 695 ὁράτω
1229 624 1426 694 πῆγμα
1468 622 1671 677 ὀστέων
1701 622 1781 693 ψι-

194 715 307 770 λῶν
336 715 576 779 δυσειδὲς
596 732 610 747 ·
646 715 977 769 κατανοείτω
1001 714 1186 769 λοιπὸν
1219 715 1272 768 τί
1314 710 1384 785 ἦν
1414 714 1477 767 τὸ
1504 713 1791 784 ποθούμε-

196 824 289 860 νον
309 823 323 836 ·
357 804 502 859 οὑτω
532 806 639 878 γὰρ
671 808 700 858 ὁ
724 805 986 877 λογισμὸς
1025 806 1369 876 ἀναχαιτίσαι
1401 805 1653 876 δυνηθείη
1691 806 1788 875 τῆς

200 898 439 969 ματαίας
462 897 693 968 πλάνης.
722 897 797 950 Τὸ
825 897 932 969 γὰρ
959 896 1284 968 φιλούμενον
1312 897 1463 950 οὐδὲν
1488 893 1555 968 ἦν
1584 897 1618 967 ἢ
1649 891 1788 967 αἷμα

198 991 299 1043 σὺν
359 989 634 1060 φλέγματί
698 988 1035 1059 μεμιγμένον
1061 1028 1077 1051 ,
1126 990 1264 1060 ὅπερ
1320 987 1415 1040 καὶ
1470 989 1789 1059 ὑφάσματος

196 1080 388 1151 χρείαν
410 1081 639 1151 παρέχει
669 1083 781 1144 τοῖς
807 1078 987 1144 ζώοις.
1015 1079 1171 1134 Οὑτω
1199 1082 1296 1151 μὲν
1322 1076 1414 1133 οὖν
1443 1081 1539 1134 καὶ
1568 1080 1656 1135 διὰ
1681 1081 1789 1134 τῶν

196 1172 456 1228 τοιούτων
501 1172 778 1242 λογισμῶν
824 1173 970 1236 εἰκὸς
1015 1172 1400 1227 ἀποσοϐεῖσθαι
1446 1173 1546 1245 τὴν
1587 1172 1788 1245 μιαρὰν

197 1264 430 1318 κακίαν·
465 1265 558 1318 καὶ
591 1264 845 1336 καθάπερ
883 1264 999 1336 ἥλῳ
1030 1260 1159 1336 ἧλον
1192 1265 1477 1337 ἐκκρούειν
1522 1267 1789 1338 προσήκει

197 1355 293 1410 τὸν
323 1355 570 1427 δαίμονα.
606 1357 726 1410 Ἔτι
767 1373 833 1426 γε
884 1356 990 1428 μὴν
1035 1357 1151 1413 δέον
1203 1359 1299 1412 καὶ
1351 1357 1473 1412 καθ’
1519 1358 1640 1412 ὅλον
1695 1358 1788 1411 τοῦ

198 1448 479 1518 ἐρωμένου
521 1446 584 1500 τὸ
616 1446 776 1517 σῶμα
815 1446 948 1520 ’έλκη
989 1447 1273 1520 βαρύοσμα
1306 1449 1399 1501 καὶ
1445 1447 1787 1519 σηπεδονώδη
1834 1492 1841 1499 .

200 1539 573 1610 ὑπογράφειν·
606 1540 701 1593 καὶ
746 1539 1024 1609 συντόμως
1057 1541 1243 1609 φάναι,
1284 1541 1462 1613 νεκρῷ
1500 1541 1791 1613 παραπλή-

201 1647 339 1693 σιον,
373 1630 407 1701 ἦ
436 1630 531 1683 καὶ
554 1630 744 1684 ἑαυτὸν
772 1630 965 1702 νεκρὸν
997 1634 1113 1695 τοῖς
1144 1633 1290 1686 ἔνδον
1329 1632 1626 1704 ὀφθαλμοῖς
1659 1634 1791 1686 ὑπο-

198 1718 429 1773 τιθέναι.
463 1717 665 1784 Μεῖζον
707 1720 766 1773 δὲ
810 1721 1027 1776 πάντων
1071 1722 1188 1774 ἐστὶ
1210 1723 1271 1775 τὸ
1302 1722 1536 1793 γαστρὸς
1569 1724 1787 1794 ἄρχειν·

1893 525 1985 599 dat
2025 526 2187 591 labia,
2218 524 2551 595 domumque
2596 524 2779 580 videat
2822 523 3097 578 nudorum
3142 521 3352 576 ossium
3385 528 3484 575 de-

1897 617 2125 672 formem
2158 632 2502 690 compagem,
2526 625 2580 673 et
2628 615 2940 671 consideret
2983 615 3221 684 denique
3261 610 3392 683 quid
3426 609 3483 666 id

1892 718 2042 765 esset
2068 714 2215 779 quod
2255 717 2567 765 amaretur:
2596 710 2673 764 ita
2709 709 2852 764 enim
2885 707 3100 762 inversa
3135 705 3415 776 cogitatio,
3450 716 3484 757 a

1894 818 2036 859 vano
2063 803 2263 873 poterit
2290 818 2477 858 errore
2511 803 2777 859 revocari.
2810 801 2945 856 Nam
2975 800 3118 872 quod
3152 797 3483 868 diligebatur

1893 895 2030 949 nihil
2059 902 2179 950 erat
2227 895 2333 950 nisi
2370 895 2594 966 sanguis
2635 895 2941 965 phlegmate
2999 891 3290 953 admistus,
3336 886 3482 957 quod

1892 996 1948 1041 et
1975 987 2208 1042 vestitus
2236 1001 2399 1041 usum
2445 986 2776 1040 animalibus
2817 983 3096 1054 relinquit.
3131 980 3224 1036 Sic
3260 995 3390 1051 ergo
3419 993 3484 1032 ac

1896 1095 1994 1149 per
2043 1079 2362 1145 hujusmodi
2411 1078 2791 1148 cogitationes,
2842 1092 2941 1147 par
2992 1083 3077 1131 est
3131 1081 3191 1129 ut
3235 1074 3486 1141 abigatur

1895 1169 2279 1226 abominabilis
2316 1170 2581 1239 nequitia.
2624 1167 2691 1221 Et
2735 1169 2878 1223 sicut
2928 1168 3143 1221 clavum
3185 1165 3360 1228 clavo,
3406 1163 3483 1217 ita

1895 1262 2151 1317 convenit
2178 1262 2449 1331 expellere
2482 1262 2807 1317 daemonem.
2841 1260 2924 1316 Ad
2952 1261 3086 1328 ghaec
3127 1266 3342 1330 Oportet
3387 1270 3485 1327 per

1894 1361 2068 1408 totum
2108 1354 2257 1423 quod
2294 1361 2509 1407 amatur
2534 1368 2738 1423 corpus
2771 1354 2955 1408 ulcera
2981 1351 3354 1422 graveolentia
3381 1364 3484 1420 pu-

1895 1445 2147 1513 tridaquc
2167 1445 2511 1516 confingere,
2539 1461 2602 1500 ac
2635 1459 2742 1500 uno
2769 1444 2960 1510 verbo,
2990 1451 3084 1498 aut
3125 1442 3378 1497 cadaveri
3409 1441 3486 1497 si-

1895 1539 2045 1603 mile,
2080 1547 2176 1593 aut
2220 1538 2388 1592 etiam
2439 1548 2715 1592 mortuum
2762 1535 2995 1591 internis
3037 1536 3215 1591 oculis
3262 1534 3480 1591 offerre.

1895 1629 2012 1686 Hoc
2044 1632 2190 1686 enim
2242 1637 2400 1700 pacto
2436 1644 2466 1684 a
2515 1629 2761 1693 libidinis
2803 1644 2970 1686 sensu
3015 1644 3328 1685 evocamur.
3375 1626 3482 1684 Sed

1896 1722 2042 1792 quod
2074 1723 2374 1777 maximum
2417 1730 2524 1788 est,
2566 1722 2741 1777 ventri
2771 1723 3074 1793 imperare;
3110 1723 3186 1777 ita
3214 1722 3359 1778 enim
3385 1736 3485 1793 ρο-

199 1810 347 1866 οὑτω
375 1810 485 1885 γὰρ
538 1810 636 1866 καὶ
682 1812 790 1865 τῶν
844 1812 1222 1884 ὑπογαστρίων
1267 1814 1473 1884 ἡδονῶν
1519 1816 1790 1886 κρατῆσαι

1899 1815 2123 1870 terimus
2150 1830 2245 1871 eas
2271 1830 2392 1886 quae
2420 1814 2564 1870 infra
2583 1824 2831 1873 ventrem
2860 1824 2990 1872 sunt
3011 1816 3321 1887 voluptates
3350 1830 3485 1872 con-

200 1903 451 1958 δυνατόν.
502 1940 509 1945 ρ

273 1995 363 2052 30.
400 1991 507 2048 ’Ἦν
539 1993 637 2065 μὲν
665 1988 758 2049 οὗν
794 1994 937 2050 θεῖον
974 1996 1277 2068 συμπόσιον
1316 1995 1424 2049 τῶν
1468 1995 1790 2067 παρουσῶν·

200 2090 268 2155 ὲκ
296 2088 405 2161 γὰρ
432 2089 542 2143 τῶν
583 2088 685 2158 τῆς
728 2089 920 2157 σοφίας
953 2091 1242 2161 κρατήρων
1273 2089 1654 2159 ηὑφραίνοντο.
1686 2085 1794 2142 ’Ἦν

198 2181 260 2235 δὲ
289 2183 481 2245 αὑταῖς
504 2182 818 2254 οἰνοχοοῦσα
853 2180 916 2233 τὸ
947 2181 1089 2234 θεῖον
1120 2182 1270 2252 πόμα
1320 2181 1411 2234 καὶ
1444 2183 1593 2251 νᾶμα
1624 2182 1657 2251 ἡ
1694 2198 1796 2252 μα-

200 2273 373 2345 καρία
402 2272 769 2345 Συγκλητική.
810 2271 1051 2340 Ἐκάστη
1091 2273 1147 2326 δὲ
1191 2273 1373 2327 αὑτῶν
1414 2273 1627 2344 ἐδέχετο
1657 2274 1793 2345 ὅπερ

200 2365 477 2432 ἐϐούλετο,
522 2367 616 2419 καὶ
660 2366 760 2436 μία
793 2365 903 2419 τῶν
950 2365 1320 2419 συνελθουσῶν
1363 2365 1592 2420 ἐπύθετο
1625 2366 1794 2436 αὐτῆς

199 2459 470 2527 λέγουσα·
521 2459 585 2512 Εἰ
627 2458 830 2511 τέλειον
873 2457 1077 2526 ἀγαθὸν
1122 2460 1155 2529 ἡ
1197 2457 1601 2529 ὰκτημοσύνη;ι
1635 2457 1699 2509 Ἠ
1738 2456 1795 2509 δὲ

199 2550 357 2607 εἷπε·
400 2551 509 2605 Καὶ
567 2552 709 2605 πάνυ
761 2549 963 2619 ἀγαθὸν
1011 2552 1131 2613 ταῖς
1172 2549 1515 2620 δυναμέναις.
1574 2550 1640 2602 Ai
1686 2547 1794 2620 γὰρ

202 2643 573 2714 ὑπομένουσαι
602 2641 780 2707 τοῦτο,
807 2641 984 2710 θλίψιν
1026 2641 1124 2712 μὲν
1169 2640 1351 2712 έχουσι
1396 2642 1461 2711 τῇ
1510 2640 1694 2712 σαρκὶ,
1728 2642 1793 2712 τῇ

200 2734 262 2790 δὲ
293 2734 439 2806 ψυχῇ
484 2734 688 2788 ἄνεσιν.
727 2735 939 2805 Ὥσπερ
965 2733 1074 2806 γὰρ
1104 2733 1173 2788 τὰ
1222 2735 1426 2806 στερρὰ
1469 2734 1660 2804 ἱμάτια
1689 2751 1797 2786 πα-

200 2827 444 2899 τούμενα
491 2827 583 2880 καί
625 2825 815 2897 βιαίως
865 2827 1338 2898 περιστρεφόμενα
1387 2825 1642 2879 πλύνεται
1701 2826 1797 2880 καὶ

204 2919 570 2984 λευκαίνεται,
598 2916 778 2981 οὑτως
805 2919 899 2970 καὶ
930 2920 963 2988 ὴ
1001 2917 1197 2989 ἰσχυρὰ
1220 2916 1365 2987 ψυχὴ
1398 2916 1487 2970 διὰ
1512 2917 1613 2988 τῆς
1643 2918 1799 2971 ἑκου-

207 3013 324 3067 σίου
351 3014 542 3079 πενίας
569 3015 661 3068 ὲπὶ
695 3014 879 3068 πλεῖον
911 3014 1269 3087 κρατύνεται·
1307 3015 1364 3067 αἱ
1392 3013 1449 3066 δὲ
1482 3013 1798 3067 ἀσθενέστε-

1892 1907 2093 1962 tinere.

1963 1997 2053 2052 50.
2107 1998 2240 2053 Erat
2285 2001 2452 2071 igitur
2484 2001 2730 2056 divinum
2780 2000 3093 2056 convivium
3129 2001 3482 2073 praesentium

1890 2089 2186 2160 virginum.
2222 2089 2360 2144 Nam
2408 2093 2689 2162 sapientia:
2739 2093 3049 2148 crateribus
3090 2092 3483 2155 exhilaraban-

1890 2191 2000 2239 tur.
2034 2180 2214 2236 Divini
2254 2183 2485 2253 liquoris
2532 2184 2856 2240 administra
2889 2191 3009 2240 erat
3049 2184 3209 2240 beata
3254 2182 3486 2256 Syncle-

1893 2273 2023 2327 tica.
2057 2272 2215 2340 Quod
2248 2274 2442 2330 liberet
2465 2276 2693 2346 singula:
2723 2276 3085 2346 accipiebant,
3115 2291 3347 2347 quarum
3373 2293 3483 2334 una

1891 2367 2120 2438 rogabat
2149 2383 2294 2434 eam,
2332 2382 2404 2423 an
2434 2377 2728 2439 paupertas
2750 2368 3056 2440 perfectum
3083 2370 3288 2426 bonum
3312 2380 3481 2428 esset.

1894 2460 2033 2512 Tum
2061 2459 2152 2513 illa
2179 2476 2192 2512 :
2225 2458 2533 2516 Perfectum
2564 2462 2726 2532 plane
2755 2463 2961 2518 bonum
2992 2469 3078 2518 est
3101 2463 3171 2520 iis
3217 2464 3313 2535 qui
3339 2464 3485 2520 ferre

1894 2554 2146 2617 possunt.
2178 2548 2310 2615 Quae
2339 2551 2485 2605 enim
2521 2550 2626 2606 hoc
2656 2552 2954 2618 sustinent,
2981 2552 3329 2611 aﬂlictioncm
3360 2557 3485 2627 qui-

1894 2638 2019 2693 dem
2080 2655 2249 2695 carne
2315 2641 2581 2710 sentiunt,
2642 2643 2826 2697 anima
2881 2659 3014 2699 vero
3077 2647 3483 2703 remissionem.

1896 2729 2365 2796 Quemadmodum
2401 2733 2546 2788 enim
2576 2733 2949 2804 compactiora
2981 2738 3329 2802 vestimenta,
3360 2753 3488 2793 con—

1896 2824 2144 2903 culcata,
2205 2825 2583 2895 violenterque
2641 2826 3012 2890 circumacta,
3071 2827 3372 2883 abluuntur
3430 2837 3486 2885 et

1897 2914 2254 2980 dealbantur,
2288 2917 2362 2971 ita
2407 2916 2565 2972 fortis
2600 2918 2781 2971 anima
2823 2932 2923 2987 per
2951 2927 3310 2988 spontaneam
3346 2935 3488 2990 pau-

1898 3012 2164 3075 pertatem
2197 3007 2367 3077 magis
2391 3007 2780 3061 corroboratur
2810 3026 2824 3062 :
2859 3021 2981 3078 quas
3008 3016 3189 3063 autem
3220 3009 3485 3066 debiliore

209 3121 300 3176 ρον
329 3105 424 3159 τὸν
465 3105 724 3178 λογισμὸν
759 3106 978 3177 ἔχουσαι
1014 3106 1074 3159 τὸ
1107 3106 1348 3160 ἐναντίον
1383 3109 1503 3170 ταῖς
1550 3105 1793 3191 πρώταις

1903 3106 2033 3152 sunt
2064 3103 2263 3162 mente,
2294 3106 2486 3152 contra
2509 3114 2671 3168 quam
2699 3101 2911 3169 priores
2933 3099 3241 3169 patiuntur.
3269 3102 3407 3156 Nam
3436 3103 3485 3158 si

205 3199 498 3269 πάσχουσι.
528 3200 639 3253 Καὶ
668 3199 779 3270 γὰρ
809 3200 945 3271 πρὸς
981 3198 1159 3268 ὀλίγον
1191 3199 1475 3263 θλιϐεῖσαι,
1511 3198 1700 3268 ῶσπερ
1727 3198 1795 3253 τὰ

204 3289 543 3363 διερρωγότα
591 3292 802 3363 ἱμάτια,
855 3291 1215 3355 ἀπόλλυνται,
1260 3291 1335 3363 μὴ
1387 3291 1647 3363 φέρουσαι
1696 3292 1796 3362 τὴν

204 3381 296 3434 διὰ
316 3381 417 3452 τῆς
444 3383 646 3455 ἀρετῆς
669 3383 882 3438 πλύσιν.
915 3385 1026 3438 Καὶ
1067 3378 1149 3448 εἷς
1179 3385 1206 3436 ὁ
1237 3384 1506 3454 τεχνίτης,
1539 3382 1796 3453 διάφορον

204 3472 265 3526 δὲ
292 3472 404 3527 τῶν
432 3475 660 3544 ἱματίων
691 3475 754 3529 τὸ
794 3475 977 3539 τέλος·
1010 3477 1077 3530 τὰ
1109 3477 1209 3547 μὲν
1241 3477 1350 3548 γὰρ
1392 3478 1652 3548 ῥήγνυται
1702 3477 1796 3530 καὶ

205 3565 525 3632 ἀπόλλυται,
574 3567 637 3621 τὸ
689 3568 747 3621 δὲ
823 3569 1166 3623 λευκαίνεται
1222 3569 1316 3623 καὶ
1366 3570 1791 3634 ἀνακαινίζεται.

204 3656 343 3726 Φαίη
367 3653 462 3711 οὗν
491 3659 557 3713 ἄν
587 3675 692 3722 τις,
719 3659 926 3728 ἀγαθὸν
953 3661 1234 3732 κειμήλιον
1272 3661 1371 3732 τὴν
1409 3661 1795 3733 ἀκτημοσύνην

204 3746 285 3818 τῷ
339 3749 570 3821 ἀνδρείῳ
622 3752 962 3822 φρονήματι·
1020 3753 1114 3806 καὶ
1161 3753 1270 3825 γὰρ
1314 3753 1424 3807 τῶν
1476 3754 1795 3826 πρακτικῶν

204 3842 619 3914 ἁμαρτημάτων
658 3842 873 3915 χαλινὸς
902 3845 1181 3918 τυγχάνει.

276 4018 364 4074 Si.
405 4019 497 4072 Δεῖ
542 4019 600 4073 δὲ
644 4020 862 4093 πρῶτον
909 4023 1356 4094 ἐγγυμνασθῆναι
1411 4026 1525 4088 τοῖς
1572 4027 1789 4091 πόνοις·

205 4109 351 4179 λέγω
393 4110 471 4175 δὲ,
507 4113 732 4185 νηστείᾳ
770 4131 829 4167 τε
878 4114 973 4167 καὶ
1010 4116 1298 4188 χαμευνίᾳ,
1337 4118 1431 4172 καὶ
1470 4121 1583 4183 τοῖς
1611 4120 1794 4185 ἄλλοις

204 4201 351 4257 κατὰ
399 4202 585 4275 μέρος,
624 4206 718 4258 καὶ
765 4204 938 4270 οὑτως
971 4206 1173 4278 ταύτην
1204 4208 1301 4280 τὴν
1328 4210 1528 4282 ἀρετὴν
1591 4214 1795 4284 κτήσα-

209 4295 357 4349 σθαι.
401 4296 465 4349 Ui
495 4296 606 4369 γὰρ
636 4296 711 4371 μὴ
748 4297 889 4352 οὑτω
938 4300 1297 4370 ποιήσαντες,
1349 4301 1560 4375 ἀθρόως
1600 4305 1657 4359 δὲ
1699 4307 1792 4360 ἐπὶ

206 4386 306 4458 τὴν
330 4387 602 4459 ἀποϐολὴν
644 4388 755 4442 τῶν
787 4390 1085 4462 χρημάτων
1113 4391 1435 4464 δραμόντες,
1475 4394 1552 4459 ὡς
1591 4398 1793 4453 ἐπίπαν

208 4479 504 4551 μεταμέλῳ
526 4479 790 4538 ἑάλωσαν.

278 4572 650 4645 52.Ὄργανον
664 4574 773 4646 γὰρ
788 4573 882 4629 τοῦ
902 4575 1300 4633 ἀπολαυστικοῦ
1318 4578 1433 4650 βίου
1452 4579 1521 4634 τὰ
1541 4584 1642 4654 χρὴ
1653 4600 1798 4653 ματα

206 4663 487 4733 τυγχάνει.
540 4666 730 4719 Ἀνελε
780 4662 874 4721 οὖν
922 4667 1140 4739 πρῶτον
1189 4668 1289 4740 τὴν
1340 4671 1533 4725 ἑαυτοῦ
1570 4674 1795 4746 τέχνην,

205 4756 454 4809 τουτέστι
481 4756 581 4830 τὴν
598 4759 1044 4831 γαστριμαργίαν
1074 4762 1171 4815 καὶ
1207 4762 1269 4815 τὸ
1317 4761 1676 4835 ἁϐροδίαιτον,
1705 4769 1798 4837 καί

205 4845 382 4912 οὕτως
414 4848 654 4914 εὐκόλως
693 4851 1045 4922 περιτέμνειν
1082 4853 1181 4923 τὴν
1219 4855 1418 4909 σαυτοῦ
1459 4856 1661 4929 δυνήσῃ
1689 4860 1796 4911 τῶν

208 4940 510 5011 χρημάτων
538 4939 691 5011 ὑλην.
722 4943 871 5015 Βαρὺ
910 4942 1021 5016 γὰρ
1067 4942 1242 5016 οἶμαι,
1270 4947 1464 5020 τέχνης
1494 4951 1795 5022 παρούσης,

208 5028 442 5101 ὄργανον
473 5031 547 5103 μὴ
571 5032 881 5104 τυγχάνειν.
920 5035 978 5088 Ὀ
1000 5035 1111 5107 γὰρ
1138 5036 1212 5107 μὴ
1236 5037 1525 5094 ἀποΰαλὼν
1556 5043 1617 5094 τὸ
1647 5042 1799 5113 πρῶ-

208 5137 324 5188 τον,
353 5121 471 5186 πῶς
514 5122 575 5176 τὸ
623 5122 874 5196 δεύτερον
915 5124 1115 5191 ἐξῶσαι
1158 5128 1479 5202 δυνήσεται;
1510 5134 1608 5187 Διὰ
1641 5134 1799 5187 τοῦτο

212 5212 309 5267 καὶ
338 5214 368 5266 ὁ
399 5213 611 5286 Σωτὴρ,
661 5215 798 5286 πρὸς
833 5216 928 5270 τὸν
977 5217 1230 5274 πλούσιον
1279 5222 1680 5294 διαλεγόμενος,
1696 5225 1797 5278 οὑκ

211 5305 426 5379 ἀθρόως
446 5306 604 5379 αὐτῷ
630 5307 728 5380 τὴν
756 5310 1029 5383 ἀποϐολὴν
1061 5311 1170 5365 τῶν
1198 5331 1302 5385 χρη
1313 5315 1497 5385 μάτων
1526 5317 1799 5387 προστάσ-

214 5413 333 5450 σει·
368 5397 506 5452 mat
528 5402 817 5472 προερωτᾷ
843 5400 1025 5465 αὑτὸν,
1061 5405 1110 5457 εί
1158 5406 1227 5457 τὰ
1273 5406 1367 5459 τοῦ
1403 5407 1567 5479 νόμου
1605 5410 1796 5463 πεποί-

212 5509 338 5564 ηκε.
377 5494 487 5547 Καὶ
517 5494 838 5549 διδασκάλου
872 5497 1096 5567 γνησίου
1141 5499 1433 5570 πρόσωπον
1466 5501 1799 5573 ἀναδεξάμε-

212 5602 305 5650 νος
333 5588 363 5640 ό
394 5585 598 5658 Κύριος
626 5589 835 5659 ἐρωτᾷ·
869 5590 933 5642 Ei
966 5589 1033 5642 τὰ
1066 5594 1304 5663 στοιχεῖα
1340 5593 1576 5665 ἔμαθες,
1608 5597 1658 5648 εἰ
1699 5595 1796 5660 τὰς

283 5762 396 5835 (8|)
430 5762 491 5819 In
526 5764 660 5820 Vilis
703 5764 817 5821 PP.
846 5767 883 5822 l.
915 5784 968 5833 v,
1004 5767 1057 5834 6,
1091 5768 1177 5823 15.

1902 3191 1987 3245 vel
2019 3191 2253 3245 modicis
2276 3191 2661 3247 afﬂictionibus
2691 3198 3033 3261 premantur,
3067 3194 3214 3250 sicut
3237 3194 3489 3251 discissa

1904 3291 2105 3345 vestes,
2137 3284 2192 3338 in
2216 3284 2517 3354 perniciem
2552 3292 2703 3346 eunt,
2739 3298 2844 3339 nec
2876 3284 3023 3340 ferre
3049 3286 3233 3342 valent
3263 3287 3486 3349 virtutis

1903 3377 2258 3430 ablutionem.
2310 3375 2489 3445 Atque
2528 3390 2635 3429 una
2666 3376 2886 3445 quidem
2932 3379 2990 3432 in
3037 3380 3286 3450 utrisque
3327 3383 3487 3437 ablu»

1902 3467 2067 3522 tionis
2100 3481 2192 3520 ars
2224 3472 2327 3535 est,
2366 3482 2619 3537 unusque
2644 3467 2860 3535 artifex,
2901 3468 3153 3528 diversus
3190 3479 3373 3529 tamen
3400 3483 3487 3531 est

1901 3561 2351 3614 vestimentorum
2387 3558 2511 3614 linis
2535 3574 2548 3611 :
2575 3575 2702 3613 nam
2728 3561 2818 3615 illa
2845 3562 3063 3632 quidem
3097 3564 3492 3635 dirumpuntur

1900 3661 1954 3707 et
1986 3659 2240 3722 pereunt,
2276 3652 2390 3706 haec
2412 3663 2593 3707 autem
2616 3653 2906 3709 albescunt
2931 3662 3096 3726 atque
3124 3667 3487 3716 renovantur.

1899 3743 2030 3800 Jure
2065 3745 2230 3815 igitur
2275 3744 2586 3799 voluntaria
2616 3754 2933 3815 paupertas
2957 3762 3110 3817 ιιι-ωε.
3124 3763 3280 3805 arum
3314 3753 3492 3808 cime-

1901 3837 2034 3891 lium
2076 3847 2441 3907 nuncupetur,
2474 3837 2620 3892 virili
2661 3854 2858 3909 nempe
2886 3839 3093 3907 animo,
3129 3858 3257 3897 nam
3295 3859 3493 3914 pecca-

1900 3938 2081 3985 torum
2110 3937 2164 3985 et
2195 3930 2499 3984 facinorum
2527 3931 2740 3985 frenum
2776 3940 2883 3988 est.

1970 4022 2058 4077 51.
2107 4023 2176 4076 At
2226 4030 2442 4092 oportet
2479 4023 2633 4092 prius
2669 4024 2912 4080 exerceri
2941 4025 2995 4079 in
3039 4020 3254 4097 primis,
3287 4045 3491 4102 nempe
3593 4016 3600 4024 ’

1895 4114 2127 4186 jejunio,
2167 4115 2319 4169 humi
2368 4116 2683 4181 cubatione,
2717 4117 2950 4188 aliisque
2980 4119 3274 4188 ejusmodi,
3307 4137 3487 4193 eoque

1900 4208 2063 4262 modo
2084 4207 2151 4261 ad
2179 4207 2323 4261 hanc
2351 4208 2636 4277 pervenire
2666 4210 2947 4265 virtutem.
2976 4209 3112 4265 Nam
3145 4213 3239 4282 qui
3267 4228 3376 4269 non
3407 4216 3487 4270 ita

1900 4308 2087 4371 agunt,
2120 4299 2215 4356 sed
2240 4300 2533 4370 derepente
2578 4300 2645 4355 ad
2676 4301 2967 4359 facultates
2987 4303 3322 4361 abdicandas
3350 4322 3489 4377 pro—

1901 4400 2116 4463 perant,
2169 4402 2229 4449 ut
2268 4395 2564 4465 plurimum
2616 4396 2869 4451 incidunt
2925 4396 2979 4451 in
3030 4396 3159 4452 facti
3210 4402 3483 4469 paeniten-

1830 4497 1872 4552 ι)
1903 4491 2058 4544 tiam.

1969 4584 2058 4639 52.
2090 4582 2225 4638 Nam
2257 4584 2624 4639 instrumenta
2651 4583 2993 4652 voluptuosae
3031 4582 3156 4640 vita:
3186 4590 3316 4641 sunt
3341 4585 3482 4641 divi-

1899 4676 2008 4731 tiae.
2041 4674 2285 4730 Primum
2312 4689 2443 4744 ergo
2482 4674 2642 4728 aufer
2665 4682 2835 4729 artem
2867 4684 3041 4738 tuam,
3071 4673 3176 4729 hoc
3221 4685 3327 4741 est,
3358 4690 3484 4731 cra~

1901 4769 2084 4840 pulam
2129 4775 2185 4823 et
2215 4767 2463 4829 delicias,
2494 4766 2684 4835 sicque
2721 4765 2881 4821 facile
2924 4767 3132 4836 poteris
3175 4782 3341 4837 apum
3380 4769 3488 4824 ab-

1900 4858 2154 4915 scindere
2206 4859 2515 4912 materiam.
2564 4855 2742 4911 Grave
2791 4857 2936 4911 enim
2981 4864 3113 4926 puto
3161 4872 3303 4922 esse,
3363 4866 3489 4913 arte

1898 4958 2185 5022 praesente,
2224 4948 2420 5005 abesse
2460 4948 2843 5004 instrumenta.
2878 4947 2941 5001 Et
2976 4951 3068 5019 qui
3105 4949 3341 5019 primum
3370 4965 3479 5005 non

1898 5044 2126 5113 expulit,
2162 5045 2279 5114 qui,
2321 5058 2530 5113 quaeso,
2596 5043 2797 5113 poterit
2851 5043 3154 5097 secundum
3216 5044 3489 5115 exigere?

1898 5136 2264 5202 Quamobrem
2298 5136 2550 5191 Salvator
2572 5134 2793 5190 divitem
2820 5134 3125 5204 alloquens,
3158 5149 3266 5190 non
3294 5136 3479 5190 statim

1894 5229 2049 5299 jubet
2074 5244 2206 5300 epes
2236 5227 2545 5292 dimittere,
2584 5227 2680 5283 sed
2726 5235 2852 5282 ante
2892 5228 3194 5299 interrogat
3234 5244 3365 5282 num
3402 5231 3484 5284 le-

1899 5322 1984 5393 gis
2026 5321 2285 5376 mandata
2328 5322 2580 5377 servarit.
2613 5321 2680 5375 Et
2722 5322 2965 5391 germani
2992 5322 3249 5391 magistri
3286 5336 3482 5392 perso-

1899 5430 2023 5468 nam
2057 5413 2330 5483 accipiens
2355 5410 2619 5468 Dominus
2646 5413 2957 5468 sciscitatur
2984 5430 2999 5465 :
3025 5413 3071 5469 si
3101 5414 3337 5469 didicisti
3365 5414 3479 5471 elc—

1898 5513 2109 5573 menta;
2141 5506 2187 5561 si
2220 5504 2459 5576 syllabas
2490 5506 2786 5576 accepisti;
2827 5521 2892 5560 ac
2941 5506 3160 5567 demum
3204 5507 3248 5562 si
3289 5521 3481 5567 assue-

1896 5599 2021 5655 visti
2052 5597 2390 5664 nominibus,
2421 5599 2542 5654 veni
2577 5599 2690 5669 jam
2723 5597 2788 5653 ad
2814 5597 3266 5669 perfectissimam
3291 5597 3481 5657 lectio-
