3868 6202
355 335 491 393 1507

1514 334 1576 390 S.
1616 326 2081 388 ATHANASIUS.
2124 358 2192 371 ——
2229 324 2505 383 SPURIA.

3469 317 3621 376 1508

353 462 519 517 nem;
548 448 655 506 hoc
681 457 767 507 est
790 468 805 505 :
848 449 1012 515 Vade,
1035 450 1193 506 vende
1220 449 1399 505 omnia
1425 465 1544 520 qua
1569 446 1751 512 habes,
1775 456 1827 501 et
1856 444 1929 499 a’a

2035 440 2303 504 συλλαϐὰς
2345 439 2726 512 παρείληῳας,
2758 438 2853 493 καὶ
2880 436 3064 501 ἁπλῶς
3098 438 3149 490 εί
3188 436 3298 490 τῶν
3334 435 3628 506 ὀνομάτων

351 539 714 610 pauperibus;
764 551 816 596 et
861 544 998 608 aeui,
1048 558 1258 611 sequere
1302 558 1383 595 me
1430 541 1498 595 ⁸³.
1546 538 1929 606 Arbitrorqne,

356 632 466 689 nisi
497 631 779 703 professus
810 633 1027 699 fuisset,
1063 648 1123 688 se
1153 647 1217 688 ea
1249 632 1444 688 fecisse
1471 630 1540 686 de
1576 630 1778 702 quibus
1809 627 1931 684 fue-

358 734 446 780 rat
490 726 882 798 interrogatus,
936 740 1279 796 nequaquam
1318 724 1499 795 ipsum
1548 722 1615 776 ad
1661 722 1931 776 bonorum

360 818 756 873 abdicationem
789 817 1095 874 invitasset.
1137 816 1257 885 Qua
1289 818 1436 871 enim
1479 816 1692 870 ratione
1728 814 1933 868 valuis-

360 918 445 965 set
472 909 541 964 ad
579 910 865 967 lectionem
894 910 1175 976 accedere,
1210 910 1304 981 qui
1336 910 1643 981 ignorasset
1678 910 1787 963 vim
1828 908 1934 979 syl-

359 1002 607 1058 labarum
625 1002 651 1056 ἲ

427 1176 515 1231 33.
552 1175 702 1232 Bona
733 1178 916 1246 itaque
953 1183 1037 1231 est
1076 1175 1382 1231 voluntaria
1416 1185 1709 1246 paupertas
1738 1175 1806 1229 iis
1833 1174 1929 1245 qui

356 1268 621 1322 virtutum
643 1266 1097 1323 consuetudinem
1126 1266 1273 1321 nacti
1304 1275 1452 1320 sunt.
1486 1264 1625 1318 Nam
1656 1264 1929 1334 superﬂua

354 1360 539 1413 omnia
579 1375 705 1415 eum
746 1359 1067 1429 abjecerint,
1100 1359 1170 1413 ad
1199 1358 1486 1412 Dominum
1509 1364 1818 1420 vertuntur,
1845 1356 1931 1411 di—

356 1452 542 1505 vinum
574 1451 678 1506 hoc
704 1451 982 1521 eloquium
1021 1465 1157 1521 pura
1186 1456 1366 1504 mente
1394 1450 1691 1518 psallentes
1716 1465 1731 1528 ξ
1765 1444 1929 1518 623

358 1539 512 1597 Oculi
533 1543 702 1597 nostri
734 1543 791 1595 in
818 1551 867 1595 te
898 1550 1113 1609 sperant
1139 1556 1158 1593 :
1184 1548 1235 1594 et
1254 1551 1311 1592 tu
1332 1539 1430 1592 das
1463 1555 1640 1593 escam
1661 1538 1932 1609 diligenti-

355 1632 452 1687 bus
479 1644 548 1699 te,
584 1634 640 1688 in
665 1644 892 1701 tempore
917 1641 1211 1702 opportuno
1238 1631 1307 1682 ⁸⁸.

2030 533 2090 585 ἐν
2116 531 2229 598 ἕξει
2260 531 2510 599 γέγονας,
2542 530 2705 602 δεῦρο
2748 528 2934 583 λοιπὸν
2962 529 3058 582 καὶ
3081 528 3176 581 ἐπὶ
3216 528 3316 599 τὴν
3343 527 3625 582 τελειοτά-

2029 641 2131 696 την
2161 625 2468 693 ἀνάγνωσιν
2486 642 2501 653 ·
2535 624 2812 676 τουτέστιν
2831 639 2847 652 ο
2880 624 3120 691 Ὕπαγε,
3161 619 3451 689 πώλησόν
3492 636 3624 676 σου

2028 714 2103 768 τὰ
2156 714 2542 783 ὑπάρχοντα,
2591 714 2689 768 καί
2730 713 2909 782 δεῦρο
2961 714 3279 767 ἀκολούθει
3315 729 3440 781 μοι.
3493 712 3619 766 Καὶ

2028 806 2170 876 τάχα
2193 802 2370 876 οἶμαι,
2409 806 2486 868 ὡς
2510 807 2560 859 εί
2600 804 2675 876 μὴ
2711 804 2781 856 τὰ
2808 803 3163 867 ἐξετασθέντα
3201 798 3272 873 ἦν
3300 803 3623 873 ὑποσχόμε-

2029 914 2121 960 νος
2150 898 2530 966 πεποιηκέναι,
2559 897 2659 949 οὐκ
2686 895 2752 949 ἄν
2778 896 2938 948 αὐτὸν
2969 896 3064 948 ἐπὶ
3094 894 3192 965 τὴν
3228 894 3624 965 ἀκτημοσύνην

2034 986 2425 1055 προετρέψατο,
2458 986 2583 1049 Πῶς
2612 984 2721 1056 γὰρ
2760 985 2827 1037 ἂν
2864 984 3097 1054 ἠδύνατο
3136 985 3275 1063 πρὸς
3308 985 3625 1055 ἀνάγνωσιν

2030 1076 2293 1145 ὁρμῆσαι.
2320 1078 2420 1146 τὴν
2440 1076 2549 1129 τῶν
2585 1075 2863 1130 συλλαϐῶν
2895 1076 3103 1143 ἀγνοῶν
3132 1076 3397 1148 δύναμιν;

2098 1167 2187 1220 53.
2225 1166 2381 1238 Καλὴ
2412 1163 2506 1220 οὖν
2533 1169 2568 1238 ἡ
2607 1167 2958 1240 ἀκτημοσύνη
2989 1171 3101 1231 τοῖς
3127 1170 3185 1220 ἐν
3224 1168 3335 1233 ἕξει
3366 1168 3474 1222 τῶν
3504 1187 3619 1223 κασ-

2028 1255 2137 1309 λῶν
2166 1260 2582 1329 γεγενημένοιςο
2620 1261 2839 1312 πάντων
2884 1260 2992 1330 γὰρ
3037 1261 3147 1312 τῶν
3199 1260 3465 1332 περιττῶν
3512 1263 3622 1323 τὴν

2029 1348 2300 1417 ἀποὸολὴν
2330 1351 2708 1419 ποιησάμενοι,
2745 1351 2880 1421 πρὸς
2920 1351 3013 1403 τὸν
3052 1350 3254 1421 Κύριον
3286 1355 3509 1422 φέρουσι
3551 1357 3623 1407 τὸ

2028 1438 2223 1507 νεῦμα,
2260 1441 2321 1492 τὸ
2369 1440 2511 1492 θεῖον
2560 1443 2737 1495 ἐκεῖνο
2769 1442 2983 1511 ᾅδοντες
3014 1442 3194 1509 λόγιον
3239 1442 3515 1513 καθαρῶς,
3554 1445 3622 1496 τὸ

2029 1526 2219 1593 λέγονο
2269 1532 2333 1581 Οἱ
2381 1530 2676 1598 ὀφθαλμοί
2729 1529 2899 1597 ἡμῶν
2946 1532 3092 1597 πρὸς
3147 1530 3223 1584 σὲ
3260 1531 3575 1592 «ἐλπίζουσι
3600 1554 3620 1565 ·

2029 1618 2128 1670 καί
2169 1618 2251 1672 σὺ
2293 1620 2472 1687 δίδως
2520 1622 2636 1688 τὴν
2674 1622 2904 1689 τροφὴν
2946 1622 3070 1688 τοῖς
3107 1622 3386 1693 ἀγαπῶσί
3430 1638 3505 1677 σε
3544 1624 3623 1677 ἐν

2034 1712 2327 1779 εὐκαιρίᾳ.

423 1806 515 1863 σι.
548 1805 814 1862 Praeterea
841 1820 1097 1877 magnum
1124 1805 1253 1860 hinc
1279 1803 1626 1861 commodum
1651 1804 1925 1873 referunt;

2099 1802 2189 1856 54.
2234 1803 2441 1866 ’Δλλως
2467 1820 2527 1856 τε
2560 1804 2720 1858 πάλιν
2764 1805 3006 1879 μεγάίην
3043 1805 3309 1873 ὼςέλειαν
3338 1809 3620 1877 εἰσπράτο

354 1911 480 1951 cum
514 1896 663 1951 enim
709 1895 776 1949 ad
829 1903 1148 1952 terrestrem
1193 1897 1510 1952 thesaurum
1550 1898 1794 1952 animum
1822 1913 1933 1951 non
1971 1958 1981 1965 _

354 1988 646 2057 appellant,
698 2003 923 2058 regnum
971 1989 1236 2042 caelorum
1311 1990 1577 2056 induunt,
1647 1992 1935 2061 palamque

354 2079 504 2133 illam
546 2093 578 2132 a
622 2079 905 2149 psalmista
960 2077 1162 2134 Davide
1215 2079 1558 2135 decantatam
1608 2085 1933 2137 sententiam

353 2177 727 2242 exsequuntur
756 2188 773 2226 :
807 2168 874 2223 Ut
906 2170 1209 2240 jumettlum
1253 2172 1427 2241 factus
1460 2190 1578 2227 sunt
1607 2174 1746 2242 apud
1790 2184 1838 2228 te
1861 2174 1930 2232 ⁸⁸,

353 2262 489 2318 Nam
524 2264 667 2320 sicut
697 2266 966 2335 iumenta,
1011 2280 1134 2335 quae
1163 2280 1323 2320 suum
1352 2281 1492 2335 opus
1539 2270 1764 2330 obeunt,
1799 2267 1931 2323 solis

352 2358 419 2410 ad
447 2356 614 2411 vitam
658 2358 990 2413 necessariis
1030 2358 1307 2413 alimentis
1351 2366 1605 2413 contenta
1644 2367 1809 2424 sunt,
1855 2361 1927 2413 ita

352 2448 696 2517 paupertatis
729 2456 1024 2512 amatores,
1074 2463 1232 2503 usum
1278 2451 1520 2519 pecunia:
1571 2452 1729 2521 quasi
1790 2451 1924 2505 nihil

350 2545 629 2608 reputant,
660 2538 942 2608 soliusque
969 2540 1273 2609 quotidiani
1318 2541 1561 2596 alimenti
1600 2556 1767 2595 causa
1804 2536 1930 2595 co'r-

350 2644 574 2699 porcam
617 2638 876 2686 exercent
926 2645 1172 2702 operam.
1220 2632 1282 2685 lli
1343 2642 1528 2687 tenent
1576 2632 1698 2687 ﬁdei
1737 2632 1933 2687 funda-

350 2728 595 2774 mentum
626 2738 642 2775 :
674 2720 740 2775 ad
768 2736 864 2777 eos
908 2736 1144 2791 namque
1170 2720 1376 2775 dictum
1408 2724 1510 2776 fuit
1543 2737 1573 2775 a
1600 2721 1849 2786 Domino,
1870 2731 1930 2777 ut

351 2811 572 2867 solliciti
590 2828 698 2867 non
713 2822 898 2869 essent
914 2813 971 2867 in
987 2816 1288 2869 crastinqu
1307 2833 1320 2869 :
1342 2822 1416 2878 et,
1440 2815 1681 2869 volatilia
1694 2817 1810 2869 caeli
1824 2833 1929 2869 non

350 2912 549 2967 seruat,
566 2919 726 2974 neque
744 2913 1035 2969 metunt,et
1057 2905 1220 2960 Pater
1263 2906 1487 2960 caelestis
1536 2909 1705 2975 pascit
1731 2909 1829 2962 illa
1859 2910 1927 2965 ⁸⁸.

352 2991 452 3050 His
476 2992 598 3050 freti
618 2996 967 3052 sermonibus
997 2995 1166 3066 (Deus
1192 3012 1432 3067 namque
1456 3005 1541 3052 est
1556 2999 1652 3068 qui
1672 2998 1931 3071 loquitur)

351 3087 521 3144 libere
549 3095 605 3143 et
642 3088 903 3143 audacter
929 3089 1077 3143 illam
1116 3088 1416 3160 Scriptum
1466 3106 1656 3146 vocem
1690 3108 1934 3163 pronun-

350 3179 491 3235 tiant
522 3197 538 3235 :
577 3177 793 3237 Credidi
821 3192 1033 3251 propter
1064 3182 1202 3251 quod
1229 3181 1436 3236 locutus
1469 3199 1587 3237 sum
1616 3183 1686 3238 ⁸⁸.

418 3438 507 3495 55.
536 3437 643 3496 Sed
669 3447 724 3496 et
750 3440 930 3498 hostis
952 3456 981 3496 a
1000 3442 1341 3514 paupertatis
1362 3443 1596 3514 hujusce
1618 3446 1927 3505 cultoribus

350 3528 568 3587 facilius
611 3540 904 3603 superatur
945 3552 959 3589 :
1005 3548 1115 3589 non
1161 3534 1327 3590 habet
1375 3535 1521 3590 enim
1555 3552 1664 3607 quo
1709 3547 1926 3596 noceat.

351 3619 490 3677 Nam
545 3624 783 3679 maxima
816 3638 945 3695 pars
991 3626 1365 3681 molestiarum
1398 3635 1454 3681 et
1479 3629 1840 3684 tentationum
1871 3630 1927 3685 in

353 3716 674 3774 facultatum
691 3719 909 3789 jactura
937 3727 1211 3776 versatur.
1230 3719 1389 3787 Quod
1415 3720 1560 3775 enim
1588 3722 1773 3777 damni
1791 3739 1927 3794 pau-

349 3811 573 3882 peribus
610 3810 810 3866 inierat
849 3826 959 3866 non
1008 3811 1191 3867 habet.
1222 3811 1309 3867 An
1348 3813 1549 3883 praedia
1579 3814 1929 3871 incenderet?

349 3917 462 3957 non
521 3902 742 3959 adsunt.
776 3901 1030 3975 iumenta
1074 3902 1444 3959 interﬁceret?
1472 3904 1621 3958 nulla
1657 3914 1785 3961 sunt
1822 3908 1923 3963 eis.

350 3993 705 4050 Charissimis
746 3993 1004 4049 noceret?
1058 4009 1246 4050 verum
1289 3994 1411 4050 istis
1441 4010 1659 4065 quoque
1703 3997 1924 4066 longum

349 4085 469 4140 vale
494 4085 770 4142 dixerunt.
801 4084 896 4140 Est
945 4086 1110 4157 igitur
1150 4092 1444 4158 paupertas
1477 4087 1780 4142 maximum
1828 4089 1925 4144 ad-

348 4188 544 4230 versus
587 4175 799 4232 hostem
831 4176 1160 4247 supplicium
1188 4192 1254 4232 ac
1280 4176 1557 4246 pretiosus
1579 4180 1772 4235 animae
1805 4182 1925 4238 the-

349 4280 569 4322 saurus.

2033 1908 2216 1946 τονται
2234 1910 2249 1923 ο
2275 1895 2352 1965 μὴ
2386 1895 2600 1963 ἔχοντες
2639 1896 2744 1966 γὰρ
2769 1895 2861 1948 τὸν
2891 1897 3015 1950 νοῦν
3041 1897 3175 1968 πρὸς
3211 1897 3303 1950 τὸν
3334 1900 3393 1951 ἐν
3411 1902 3482 1969 γῇ
3514 1899 3619 1969 θη-

2036 1983 2260 2054 σαυρὸν,
2284 1984 2382 2055 τὴν
2409 1984 2656 2053 οὐρανῶν
2685 1984 2961 2053 βασιλείαν
2984 1987 3374 2054 ἀμφιέννυνται
3393 2005 3408 2018 ·
3437 1989 3536 2042 καὶ
3554 1989 3623 2043 τὺ

2033 2070 2140 2123 ὑπὸ
2170 2070 2265 2123 τοῦ
2311 2072 2556 2142 ύμνῳδοῦ
2597 2073 2764 2125 Δαόὶδ
2802 2075 2954 2143 ῥῆμα
2988 2074 3265 2128 ἐκτελοῦσι
3313 2077 3524 2146 σαφῶς,
3553 2077 3624 2134 τὺ

2033 2160 2191 2230 λέγον
2210 2178 2225 2193 ·
2260 2162 2585 2231 Κτηνώδης
2609 2165 2903 2233 ἐγενήθην
2928 2165 3087 2232 παρὰ
3109 2167 3232 2220 σοί.
3265 2168 3476 2240 Ὠσπερ
3503 2170 3624 2242 γάρ

2031 2255 2102 2306 τά
2122 2254 2411 2323 ὑποζύγια,
2428 2256 2526 2327 τὴν
2549 2256 2683 2310 ἰδίαν
2704 2258 2967 2328 ἐργασίαν
2993 2258 3311 2329 ποιούμενα,
3332 2265 3453 2325 ταῖς
3474 2262 3620 2333 πρὸς

2031 2345 2092 2398 τὸ
2120 2346 2220 2417 ζῇν
2250 2350 2479 2417 τροφαῖς
2510 2347 2702 2418 μόναις
2734 2347 3057 2418 ἀρκοῦνται·
3091 2349 3236 2403 οὕτω
3293 2352 3390 2405 καὶ
3428 2353 3477 2404 οί
3511 2353 3617 2422 τῆς

2034 2438 2417 2510 ἀκτημοσύνης
2440 2440 2691 2508 ἐργάται,
2723 2440 2821 2509 τὴν
2860 2441 2956 2511 μὲν
2983 2441 3075 2494 τοῦ
3112 2443 3373 2514 ἀργυρίου
3415 2443 3616 2514 χρῆσιν

2029 2528 2106 2592 ὡς
2140 2531 2305 2601 μηδὲν
2330 2527 2495 2583 οὖσαν
2531 2529 2864 2597 λογίζονται,
2913 2532 3050 2603 πρὸς
3084 2532 3253 2603 μόνην
3295 2532 3353 2585 δὲ
3379 2533 3477 2604 τὴν
3518 2535 3617 2601 ἐφο

2031 2619 2239 2690 ήμερον
2254 2622 2458 2690 τροφὴν
2481 2619 2579 2690 τὴν
2600 2619 2690 2672 διὰ
2716 2620 2811 2673 τοῦ
2832 2619 3081 2690 σώματος
3106 2624 3369 2692 ἐργασίαν
3397 2623 3618 2676 ποιοῦν-

2029 2723 2140 2762 ται.
2167 2705 2330 2763 Οὗτοι
2356 2711 2454 2780 τῆς
2473 2711 2709 2772 πίστεως
2737 2711 2836 2781 τὴν
2858 2712 3096 2783 κρηπῖδα
3125 2713 3411 2781 κατέχουσι
3430 2730 3445 2742 ·
3474 2712 3618 2785 πρὸς

2028 2800 2227 2864 αὐτοὺς
2254 2801 2364 2872 γὰρ
2385 2802 2598 2874 εἴρηται
2629 2804 2782 2876 παρά
2802 2802 2894 2856 τοῦ
2930 2804 3133 2874 Κυρίου
3153 2805 3215 2857 τὸ
3237 2805 3312 2875 μὴ
3342 2808 3618 2877 μεριμνᾷν

2031 2893 2160 2963 περὶ
2200 2893 2298 2964 τῆς
2326 2893 2514 2966 αὔριον
2535 2911 2549 2925 ·
2581 2896 2673 2948 καὶ
2702 2896 2807 2959 ὅτι,
2852 2894 2930 2949 Τὰ
2950 2896 3191 2949 πετεινὰ
3223 2896 3329 2949 τοῦ
3351 2898 3618 2964 οὐρανοῦ

2030 2986 2103 3038 οὐ
2134 2987 2396 3055 σπείρει,
2422 2986 2566 3042 οὐδὲ
2602 2986 2824 3055 θερίζει,
2853 2987 2953 3041 καὶ
2978 2991 3011 3040 ὁ
3039 2987 3240 3057 Πατὴρ
3270 2991 3307 3043 ὁ
3336 2987 3618 3056 οὐράνιος

2032 3077 2230 3145 τρέφει
2270 3078 2442 3132 αὐτά.
2475 3079 2697 3143 Τούτοις
2737 3081 2853 3141 τοῖς
2898 3079 3074 3147 λόγοις
3105 3080 3415 3152 ἐθάρρησαν
3459 3080 3616 3151 (Θεὸς

1957 3153 2003 3214 c
2032 3170 2140 3241 γὰρ
2184 3173 2213 3224 ό
2262 3170 2563 3242 λαλήσας),
2608 3173 3180 3244 πεπαρρησιασμένως
3233 3173 3295 3225 τὸ
3338 3175 3617 3244 γραφικὺν

2032 3267 2209 3319 ἐκεῖνο
2236 3267 2562 3336 φθέγγονται
2597 3268 2768 3340 ῥῆμα,
2802 3268 2863 3321 τὸ
2890 3267 3048 3336 λέγον
3068 3285 3084 3300 ·
3123 3268 3509 3333 Ἐπίστευσα,
3538 3267 3617 3321 δι’

2030 3357 2063 3410 ὅ
2090 3358 2391 3426 ἐλάλησα.

2100 3449 2189 3502 55.
2225 3451 2335 3504 Καὶ
2364 3451 2393 3503 ό
2416 3450 2607 3522 ἐχθρὸς
2630 3450 2689 3504 δὲ
2722 3448 2945 3503 ἐπὶτῶν
2976 3449 3115 3519 ἀκτη
3124 3448 3300 3520 μόνων
3336 3448 3499 3502 πλέον
3527 3450 3621 3519 ἡτ-

2028 3542 2186 3594 τᾶται
2205 3557 2220 3571 ·
2243 3543 2297 3594 τί
2322 3541 2431 3613 γὰρ
2474 3542 2674 3616 βλάψῃ,
2704 3544 2805 3596 οὐκ
2837 3541 2970 3613 ἔχει.
3004 3543 3071 3594 Δί
3100 3542 3209 3612 γὰρ
3232 3541 3478 3595 πλεῖσται
3504 3540 3619 3595 τῶν

2028 3630 2212 3684 λυπῶν
2256 3634 2350 3687 καὶ
2386 3633 2495 3686 τῶν
2540 3633 2861 3707 πειρασμῶν
2895 3635 2953 3686 ἐν
2979 3635 3096 3696 ταῖς
3134 3632 3454 3703 ἀφαιρέσεσι
3499 3631 3613 3684 τῶν

2027 3725 2325 3795 χρημάτων
2364 3726 2624 3794 γίνονται.
2662 3725 2727 3777 Τί
2764 3725 2875 3796 γὰρ
2902 3724 3016 3794 ἔχει
3042 3724 3264 3794 ποιῆσαι
3297 3727 3410 3787 τοῖς
3441 3724 3617 3794 ἀκτή-

2030 3833 2185 3885 μοσιν
2205 3835 2220 3883 ;
2241 3817 2341 3869 οὐκ
2359 3816 2491 3886 ἔχει.
2512 3815 2700 3886 Χωρία
2721 3817 3001 3887 ἐμπρῆσαι
3020 3832 3035 3881 ;
3056 3815 3117 3869 οὐ
3140 3815 3425 3886 πάρεστιν.
3454 3814 3618 3866 Ὑπο-

2026 3906 2187 3973 ζύγια
2244 3908 2499 3980 φθεῖραις
2536 3908 2653 3962 ἀλλ’
2688 3907 2810 3961 οὐδὲ
2850 3907 3021 3961 ταῦτα
3076 3906 3281 3977 ἔχουσι.
3333 3905 3614 3969 Φατάτοις

2026 3998 2302 4068 ἀψασθαι;
2350 3999 2488 4053 ἀλλά
2536 4001 2631 4054 καὶ
2667 4000 2880 4063 τούτοις
2928 3998 3146 4070 μακρὰν
3185 3999 3399 4069 χαίρειν
3436 3994 3611 4051 εἷπον.

2025 4088 2235 4142 Οὐκοῦν
2270 4090 2498 4161 μεγίστη
2526 4090 2668 4143 κατά
2694 4087 2788 4141 τοῦ
2816 4087 3014 4159 ἐχθροῦ
3051 4088 3293 4159 τιμωρία
3322 4088 3417 4140 καὶ
3448 4087 3614 4141 πολιε-

2023 4198 2181 4251 τιμος
2206 4184 2273 4253 τῇ
2304 4183 2449 4255 ψυχῇ
2482 4182 2756 4254 θησαυρὸς
2779 4183 2814 4252 ἡ
2842 4179 3222 4251 ἀκτημοσύνη.

2096 4361 2184 4418 56.
2214 4364 2378 4417 Ὅσον
2404 4362 2506 4435 μὲν
2537 4358 2632 4417 οὖν
2673 4362 2815 4433 αὕτη
2848 4361 3135 4432 θαυμαστὴ
3167 4358 3262 4413 καὶ
3305 4357 3614 4428 ὑπέρογκος

418 4358 509 4415 36.
534 4358 806 4415 Caeterum
858 4368 1065 4431 quanto
1126 4373 1421 4435 paupertas
1465 4364 1839 4420 admirabilior
1867 4372 1922 4422 et

348 4451 416 4508 ad
450 4453 709 4510 virtutem
766 4455 1113 4524 praestantior
1148 4465 1255 4522 est,
1295 4466 1446 4514 tanto
1476 4458 1721 4530 pecuniae
1766 4474 1920 4516 amor

2035 4457 2106 4519 είς
2137 4456 2357 4528 ἀρετὴν,
2396 4455 2647 4509 τοσοῦτον
2679 4456 2760 4519 είς
2790 4454 2991 4508 κακίαν
3024 4451 3199 4523 φαύλη
3228 4452 3325 4504 καὶ
3355 4450 3614 4522 μοχθηρά

349 4541 418 4597 ad
454 4541 647 4596 vitium
682 4512 834 4613 pejor
858 4551 915 4598 et
941 4512 1264 4616 ﬂagitiosior
1312 4554 1399 4603 est
1448 4512 1745 4619 :rvereque
1795 4566 1922 4606 eum

2035 4549 2058 4618 ἡ
2085 4512 2461 4619 ⁷τινοιλαργύρίαο
2493 4547 2586 4600 καὶ
2626 4512 2843 4617 ἀληθῶς
2875 4547 2905 4598 ὁ
2932 4512 3218 4607 θεσπέσιος
3241 4512 3615 4613 “ablegat-cpi.

347 4635 569 4691 divinus
616 4633 914 4706 Apostolus
964 4635 1133 4705 dixit,
1187 4653 1311 4695 esse
1353 4639 1599 4695 omnium
1649 4641 1921 4697 malorum

2035 4636 2231 4706 ταύτης
2256 4636 2477 4707 εἴρηκεν
2492 4650 2507 4664 ’
2537 4636 2613 4699 ὡς
2637 4635 2858 4689 πάντων
2890 4633 3059 4705 αὐτὴν
3084 4633 3195 4686 τῶν
3223 4632 3407 4685 κακῶν
3429 4632 3612 4684 αἰτίαν

346 4726 647 4782 causam".
699 4725 838 4781 Nam
891 4726 1205 4784 divitiarum
1258 4730 1551 4800 cupiditas,
1597 4732 1919 4801 perjurium,

2035 4723 2183 4780 εἶναι.
2226 4726 2521 4797 Ἐπιθυμία
2545 4726 2653 4798 γὰρ
2681 4724 2776 4779 τοῦ
2814 4722 3066 4788 πλούτου,
3103 4721 3375 4795 ἐπιορκία,
3406 4721 3610 4793 κλοπὴ.

348 4817 576 4884 furtum,
634 4818 847 4889 rapina,
906 4817 1221 4885 l‘oruicatio,
1252 4821 1480 4886 invidia,
1504 4823 1705 4889 caedes,
1737 4822 1921 4877 odium

2035 4819 2274 4891 ίιρπαγὴ,
2302 4818 2549 4888 πορνεία,
2571 4816 2781 4886 φθόνος,
2806 4815 3149 4887 μισαδελφία,
3177 4814 3432 4883 πόλεμος,
3454 4811 3611 4864 εἰδω-

348 4907 672 4974 l'raternum,
705 4909 930 4975 bellum,
969 4909 1301 4978 idololatria,
1332 4912 1586 4979 avaritia,
1618 4913 1923 4984 horumque

2035 4909 2335 4981 λολατρεία,
2388 4909 2691 4975 πλεονεξία,
2739 4909 2833 4963 καὶ
2876 4908 2933 4961 αἱ
2979 4903 3347 4998 παραφυάδεε
3374 4902 3609 4998 τούτων,

348 5001 581 5067 surculi,
619 5002 947 5073 hypocrisis,
980 5002 1246 5072 adulatio,
1270 5004 1565 5073 cachinni;
1601 5006 1808 5069 omnia,
1836 5005 1922 5059 in-

2035 5003 2336 5075 ὑπόκρισις,
2366 5002 2646 5067 κολακεία,
2670 5000 2989 5069 κατάγελως
3006 5014 3021 5029 ·
3047 4998 3265 5051 πάντων
3288 4988 3381 5046 οὖν
3401 4992 3612 5046 τούτων

347 5106 537 5162 quam,
554 5093 767 5160 isthsec,
785 5109 1009 5151 causam
1030 5103 1085 5152 et
1105 5096 1375 5167 originem
1405 5096 1608 5154 habere
1634 5098 1920 5155 avaritiam

2035 5095 2177 5149 αἰτία
2210 5095 2556 5166 ὡμολόγηται
2578 5097 2611 5165 ὴ
2643 5091 2992 5165 φιλαργυρία.
3011 5088 3175 5143 Ὅθεν
3192 5085 3417 5148 δικαίως
3435 5083 3611 5154 αὐτὴν

349 5185 408 5241 in
452 5184 709 5244 confesso
736 5195 842 5244 est.
877 5176 1182 5259 Undejure
1206 5190 1355 5245 illam
1396 5190 1642 5245 omnium
1689 5199 1919 5247 matrem

2035 5187 2247 5243 πάντων
2277 5187 2386 5243 τῶν
2414 5186 2600 5241 κακῶν
2633 5186 2845 5257 μητέρα
2891 5187 2920 5237 ὁ
2952 5181 3273 5243 ’Δπόστολος
3300 5178 3609 5249 ὠνόμασεν.

348 5275 620 5331 malorum
671 5276 976 5349 Apostolus
1004 5280 1334 5336 nominavit.
1370 5278 1484 5336 Nec
1521 5282 1701 5338 solum
1742 5281 1812 5337 ab
1838 5282 1919 5338 eis

2035 5281 2103 5335 Οὐ
2138 5281 2300 5353 μόνον
2327 5280 2384 5335 δὲ
2401 5283 2431 5335 ὁ
2462 5279 2595 5344 Θεὸς
2623 5278 2845 5342 τούτους
2874 5277 3237 5348 τιμωρεῖται·
3259 5270 3400 5328 ἀλλὰ
3424 5287 3489 5340 γε
3515 5271 3613 5324 καὶ

2449 5433 2496 5467 ⁸⁵
2534 5429 2726 5487 Matth.
2762 5445 2852 5497 vi,
2882 5427 2974 5486 26.
3086 5427 3134 5461 ⁸⁸
3172 5423 3321 5481 Psal.
3354 5436 3485 5488 cn,
3518 5418 3605 5478 io.

419 5430 465 5465 ⁸⁸
503 5431 692 5487 Matth.
728 5448 822 5488 nx
843 5472 859 5498 ,
890 5432 982 5489 2i.

1083 5434 1128 5468 ⁸⁸
1163 5434 1311 5494 Psal.
1346 5436 1526 5505 CXLlV,
1562 5435 1650 5494 l5.

355 5500 402 5536 ⁸⁷
439 5501 462 5556 l
495 5502 638 5559 Tim.
673 5518 764 5571 vt,
800 5504 887 5559 l0.

1752 5433 1829 5511 ⁸⁸⁸
1863 5432 2011 5493 Psal.
2045 5449 2217 5503 uxu,
2252 5433 2343 5491 23.

419 5704 533 5779 (se)
565 5705 625 5760 tu
665 5703 796 5759 Vitis
820 5703 935 5761 PP.
968 5704 1005 5760 ι.
1037 5719 1113 5770 Vl,
1148 5704 1202 5769 ι,
1232 5703 1321 5760 23.
