3880 6200
138 325 160 379 1
174 324 276 380 509

1254 321 1415 378 vm
1457 321 1748 377 smcrm
1791 278 2296 377 SYNCLETleE."

3258 327 3398 384 1510

137 442 342 496 οἴκοθεν
375 441 600 504 ἑαυτοὺς
640 440 1093 511 καταφθείρουσιν
1119 458 1130 470 ο
1166 441 1460 513 ἀκόρεστον
1488 442 1593 512 γὰρ
1622 443 1714 510 φέ-

1832 440 1961 496 Deus
1989 455 2180 511 poenas
2215 439 2448 512 repetit,
2482 452 2671 494 verum
2701 438 2807 509 ipsi
2844 439 3202 514 sibimetipsis
3239 444 3403 500 inter-

135 547 320 601 ροντες
346 531 444 601 τὴν
470 530 689 593 κακίαν,
719 531 818 582 οὐκ
840 529 1019 598 έχουσι
1039 531 1189 594 τέλος
1221 531 1313 584 τοῦ
1343 532 1566 595 σκοποῦ,
1594 531 1715 584 ὅθεν

132 622 349 684 ἀνίατος
381 623 564 683 αὐτοις
597 623 630 691 ὴ
662 621 866 692 πληγή.
909 622 966 673 '0
1002 622 1168 692 μηδὲν
1203 620 1340 691 ἔχων
1379 621 1574 689 ὀλίγων
1600 623 1718 674 ἐπι-

130 715 326 784 θυμεῖ’
359 715 452 766 καὶ
510 714 686 782 τυχὼν
714 713 941 777 τούτων,
987 712 1094 766 τῶν
1141 713 1401 767 πλειόνων
1443 713 1712 784 ὀρέγεται·

140 805 378 859 Ἑκατὸν
401 806 688 877 χρυσίνους
712 805 845 875 ἔχει,
872 808 965 858 καὶ
988 805 1228 875 γλίχεται
1243 807 1350 857 τῶν
1379 806 1590 877 χιλίων⁶
1624 807 1718 859 καὶ

139 897 337 950 τούτων
363 898 691 968 εὐπορήσας.
722 897 857 968 πρὸς
881 898 1105 968 ἄπειρον
1135 898 1289 968 φέρει
1313 898 1370 950 τὸ
1390 897 1579 968 νεῦμα.
1609 899 1718 949 Καὶ

131 989 300 1050 οὕτω,
324 988 397 1059 μὴ
434 989 568 1060 (82⁸)
592 988 804 1058 ἔχοντες
819 989 1028 1042 ἑαυτῶν
1047 991 1233 1058 στῆναι
1246 990 1304 1041 τὸ
1325 989 1494 1051 τέλος,
1509 990 1596 1041 ἀεὶ
1623 1006 1719 1040 πε-

133 1080 254 1134 νίαν
285 1079 586 1150 ὀδύρονται.
628 1079 787 1149 Φέρει
823 1079 879 1130 δὲ
910 1080 942 1148 ἡ
987 1079 1318 1150 φιλαργυρία
1370 1079 1486 1149 μεθ’
1522 1079 1718 1148 ἑαυτῆς

130 1171 223 1223 ἀεὶ
247 1171 337 1223 τὸν
364 1170 576 1239 φθόνον.
606 1169 822 1240 Φθείρει
855 1170 912 1222 δὲ
937 1171 1032 1224 καὶ
1061 1165 1212 1233 οὗτος
1239 1171 1450 1241 πρῶτον
1481 1171 1570 1222 τὸν
1597 1187 1721 1240 κτη-

133 1262 390 1332 σάμενον.
421 1263 631 1333 Ὥσπερ
660 1262 819 1334 γάρὴ
845 1263 1025 1333 ἔχιδνα
1045 1263 1357 1334 γεννωμένη
1390 1263 1602 1334 πρῶτον
1622 1262 1718 1332 τὴν

137 1356 276 1408 ἰδίαν
314 1355 524 1426 μητέρα
567 1356 800 1425 φθείρει,
837 1357 966 1421 πρὶν
1005 1355 1070 1409 ἂν
1106 1356 1298 1418 ἄλλους
1335 1356 1602 1428 ἀδικήσῃ·
1629 1357 1719 1408 οὗ·

133 1466 215 1500 τω
267 1449 362 1500 καὶ
386 1450 414 1500 ὁ
445 1447 635 1515 φθόνος
656 1449 746 1500 τὸν
772 1448 1114 1518 κτησάμενον
1143 1449 1565 1520 καταμαραίνει,
1591 1451 1718 1520 πρὶν

133 1539 202 1592 ἂν
230 1541 357 1602 τοὺς
386 1541 450 1591 ἑκ
482 1540 740 1606 γειτόνων
769 1539 1092 1612 διανεμηθῇ.

209 1721 299 1774 57.
325 1720 484 1788 Μέγα
513 1738 580 1790 ην
610 1721 820 1790 χρῆμα,
851 1722 899 1773 εί
943 1721 1230 1785 τοσούτους
1254 1723 1562 1793 ἠδυνάμεθα
1590 1725 1720 1776 ὐπο-

1818 534 1952 587 iturn
2010 539 2224 602 parant.
2279 531 2413 586 Cum
2452 530 2564 586 sint
2597 529 2743 584 enim
2804 531 3108 590 insatiabili
3155 539 3402 607 nequitia

1817 623 2050 693 praediti,
2076 623 2287 676 nullum
2323 620 2526 675 habent
2556 621 2825 690 propositi
2853 623 3037 688 tinem,
3063 627 3403 698 proindeque

1817 713 2139 768 insanabilis
2175 712 2321 766 inest
2349 711 2459 765 illis
2489 712 2667 780 plaga.
2702 710 2808 777 Qui
2850 713 2988 766 nihil
3021 714 3208 780 habet,
3228 733 3402 787 pauca

1818 803 2131 870 desiderat;
2167 817 2288 872 qua:
2328 809 2543 866 nactus,
2575 804 2731 874 plura
2771 805 3132 874 concupiscit.
3169 807 3402 862 Centum

1820 909 2018 949 aureos
2042 894 2224 958 habet,
2244 895 2394 948 mille
2423 895 2628 964 expetit
2661 914 2675 948 :
2707 895 2808 949 hos
2841 904 3196 964 consecutus,
3227 899 3280 952 in
3313 899 3400 954 in-

1821 987 2032 1040 linitum
2086 985 2332 1040 extendit
2377 986 2756 1056 cupiditatem.
2798 986 2998 1058 Sicque
3034 992 3252 1060 quando
3293 999 3404 1046 ter-

1819 1079 2029 1133 minum
2079 1077 2183 1132 sibi
2219 1079 2558 1132 constituere
2599 1093 2710 1132 non
2741 1088 2993 1148 possunt,
3025 1091 3404 1150 paupertatem

1820 1187 2036 1240 semper
2064 1171 2373 1240 deplorant.
2396 1170 2567 1226 AlTert
2594 1179 2776 1226 autem
2803 1188 3018 1243 semper
3045 1191 3230 1229 secum
3253 1190 3409 1229 amor

1819 1262 2065 1333 pecunia:
2104 1263 2389 1316 invidiam.
2423 1261 2548 1316 Haec
2581 1278 2709 1317 vero
2739 1244 3052 1330 huiusmodi
3084 1273 3168 1320 est
3195 1275 3251 1318 ut
3282 1267 3402 1336 pri-

1820 1371 1968 1408 mum
2002 1355 2290 1410 habentem
2335 1369 2394 1409 se
2424 1355 2720 1410 interimat.
2756 1355 3225 1420 Quemadmodum
3258 1359 3404 1412 enim

1818 1448 2019 1517 vipera:
2050 1446 2327 1500 nascendo
2360 1447 2512 1517 prius
2544 1455 2749 1502 matres
2785 1448 3065 1512 occidunt,
3089 1465 3252 1519 quam
3278 1451 3409 1506 aliis

1820 1547 2085 1602 noceant,
2134 1539 2214 1594 sic
2259 1551 2313 1595 et
2368 1540 2575 1594 invidia
2635 1557 2694 1596 se
2734 1542 3109 1612 possidentem
3145 1545 3411 1600 tabefacit

1821 1633 2141 1703 priusquam
2179 1632 2391 1688 vicinos
2419 1633 2692 1688 absumat.
2725 1685 2730 1690 .

1891 1725 1980 1779 57.
2015 1723 2125 1796 (85)
2176 1723 2502 1778 Praeclarum
2571 1733 2718 1780 esset
2758 1725 2805 1780 si
2863 1732 2944 1779 tot
2993 1726 3210 1782 labores
3263 1725 3409 1782 ferre

139 1811 325 1881 μένειν
361 1811 576 1874 πόνους,
605 1811 895 1882 ζητοῦντες
925 1812 986 1864 τὸ
1012 1813 1232 1883 δόκιμον
1265 1815 1544 1884 ἀργύριον,
1578 1817 1723 1878 ὅσοις

1832 1831 2136 1886 possemus,
2198 1816 2494 1886 quaerendo
2554 1817 2845 1886 probatum
2903 1817 3038 1872 illud
3089 1826 3403 1888 argentum,

136 1902 459 1973 ἀνηκέστοις
490 1903 912 1974 περιπίπτουσιν
939 1906 987 1958 οί
1015 1905 1108 1958 τοῦ
1141 1907 1369 1977 ματαίου
1398 1908 1603 1978 κόσμου
1634 1907 1723 1979 θη-

141 1995 324 2065 ραταί.
353 1995 606 2062 Ναυάγια
644 1996 997 2066 ὑπομένουσι,
1036 1999 1410 2070 πειρατηρίοις
1458 2019 1720 2072 προσομι-

137 2087 316 2151 λοῦσι,
356 2087 577 2159 λῃσταῖς
619 2088 760 2142 κατά
813 2093 916 2161 γῆς
958 2091 1407 2162 περιπίπτουσιν·
1441 2094 1722 2163 ἀνέχονται

138 2181 328 2233 λοιπὸν
363 2180 530 2250 ζάλης
569 2181 660 2234 καὶ
693 2185 1019 2253 πνευμάτων
1063 2183 1284 2252 βιαίων’
1327 2185 1420 2237 καὶ
1466 2185 1724 2248 πολλάκις

140 2271 536 2341 κερδαίνοντες,
562 2273 800 2344 πένητας
817 2273 1041 2336 ἑαυτοὺς
1062 2274 1329 2341 φάσκουσι
1345 2275 1432 2328 διὰ
1451 2276 1576 2340 τοὺς
1600 2275 1725 2345 φθο-

138 2362 392 2426 νοῦντας.
432 2365 624 2434 Ἡμεῖς
645 2365 700 2417 δὲ
734 2365 962 2428 οὐδόλως
1008 2366 1114 2418 τῶν
1162 2365 1416 2420 τοιούτων
1468 2367 1726 2420 κινδύνων

141 2455 573 2527 κατατολμῶμεν
597 2456 738 2528 ὑπὲρ
763 2457 856 2509 τοῦ
879 2457 1131 2528 ἀληθινοῦ
1155 2457 1396 2528 κέρδους.
1422 2459 1485 2510 Εἰ
1518 2458 1572 2511 δέ
1597 2476 1726 2512 ποτε

142 2550 239 2601 καὶ
263 2547 461 2619 μικροῦ
490 2565 636 2612 τινος
661 2549 1078 2621 εὐπορήσωμεν,
1108 2550 1481 2621 μεγαλύνομεν
1505 2552 1724 2616 ἑαυτὰς,

143 2643 586 2715 ἐπιδεικνύμεναι
620 2647 730 2708 τοῖς
753 2643 1060 2716 ἀνθρώποις
1077 2659 1093 2676 ο
1119 2647 1214 2700 καὶ
1240 2647 1498 2711 πολλάκις
1529 2649 1648 2701 οὐδὲ
1666 2649 1728 2702 τὸ

143 2736 468 2808 γιγνόμενον
505 2738 851 2809 προφέρομεν
885 2739 965 2802 είς
991 2739 1240 2811 διήγησιν
1262 2755 1275 2768 °
1311 2741 1514 2804 εὐθέως
1553 2741 1608 2794 δὲ
1635 2742 1728 2794 καὶ

143 2830 204 2881 ὃν
236 2828 500 2900 δοκοῦμεν
545 2829 817 2901 σπινθῆρα
851 2829 1015 2882 καλοῦ
1050 2831 1214 2902 ἔχειν,
1247 2833 1351 2886 ὑπὸ
1388 2832 1482 2885 τοῦ
1532 2833 1726 2904 ἐχθροῦ

144 2921 513 2992 κλεπτόμεθα.
559 2923 816 2976 Κάκεῖνοι
849 2923 926 2989 δὲ,
975 2925 1145 2978 πολλὰ
1187 2926 1577 2997 κερδαίνοντες,
1620 2927 1728 2980 τῶν

147 3014 411 3068 πλειόνων
462 3015 732 3084 ἑφίενται’
785 3017 878 3069 καὶ
927 3017 996 3070 τά
1036 3018 1134 3088 μὲν
1169 3019 1407 3089 παρόντα
1447 3021 1521 3083 ὡς
1577 3021 1730 3073 οὐδὲν

144 3107 443 3176 ἡγοῦνται,
501 3107 637 3180 πρὸς
681 3107 739 3161 δὲ
793 3109 861 3162 τὰ
921 3109 995 3180 μὴ
1045 3111 1285 3182 παρόντα
1331 3113 1724 3166 ἀποτείνονται.

159 3198 356 3268 Ἡμεῖς
382 3199 460 3264 δὲ,
489 3201 583 3252 καὶ
609 3200 772 3271 μηδὲν
807 3200 1026 3270 ἔχουσαι
1051 3201 1160 3255 τῶν
1189 3200 1556 3273 ζητουμένων,
1579 3203 1730 3256 οὐδὲν

147 3289 378 3362 θέλομεν
420 3292 762 3363 κτήσασθαι·
815 3294 908 3346 καὶ
941 3293 1130 3346 πενίαν
1174 3296 1410 3366 ἐσχάτην
1456 3295 1729 3359 νοσοῦσαι,

145 3382 413 3447 πλουσίας
466 3383 663 3447 ἑαυτὰς
709 3385 1134 3456 ἀναγορεύομεν.
1177 3386 1355 3440 Καλὸν
1395 3383 1488 3440 οὖν
1535 3389 1624 3440 τὸν
1671 3386 1730 3442 εὖ

147 3475 454 3546 πράττοντα
488 3475 678 3547 μηδενὶ
704 3477 1082 3544 ἀναγγέλλειν·
1121 3478 1320 3548 μᾶλλον
1350 3479 1458 3550 γάρ
1488 3481 1535 3532 οἱ
1562 3478 1734 3532 τοιοῦ-

145 3584 229 3621 τοι
260 3566 728 3639 ζημιωθήσονταιο
759 3569 852 3622 καὶ
895 3569 1004 3638 γὰρ
1039 3568 1067 3620 ὃ
1109 3569 1355 3623 δοκοῦσιν
1394 3571 1536 3639 ἔχειν
1564 3571 1734 3643 ἀρθή-

149 3675 303 3712 σεται
331 3659 425 3712 ἀπ’
455 3659 660 3716 αὐτῶν.

219 3861 311 3917 38.
340 3861 528 3916 Πᾶσαν
559 3854 650 3916 οῦν
696 3859 930 3932 σπουδὴν
961 3861 1079 3914 δέον
1112 3859 1297 3914 θέσθαι
1341 3861 1479 3933 ὑπὲρ
1511 3861 1573 3914 τὸ
1605 3861 1731 3915 λαν-

147 3954 334 4009 θάνειν
362 3954 424 4007 τὺ
452 3954 662 4026 κέρδος.
691 3954 752 4007 Oi
774 3952 830 4006 δὲ
857 3952 927 4006 τὰ
959 3952 1169 4006 ἑαυτῶν
1207 3952 1606 4024 κατορθώματα
1649 3954 1730 4007 δι-

145 4047 287 4118 ηγού
297 4063 445 4118 μενοι
462 4045 844 4118 πειράσθωσαν
860 4046 954 4097 καὶ
974 4044 1040 4097 τὰ
1057 4044 1153 4097 σὺν
1174 4044 1355 4107 αὐτοῖς
1375 4043 1731 4116 ἐλαττώματα

145 4140 330 4208 λέγειν
356 4157 368 4170 ·
405 4138 526 4191 εἰδὲ
548 4137 722 4190 ταῦτα
751 4137 1110 4209 κρύπτουσιν,
1134 4137 1320 4190 ἕνεκεν
1355 4136 1449 4190 τοῦ
1482 4137 1557 4208 μὴ
1581 4139 1732 4208 παρὰ

142 4228 258 4281 τῶν
280 4226 584 4280 ἀκουόντων
611 4225 896 4296 ψεχθῆναι,
926 4224 1060 4279 πολὺ
1086 4225 1285 4296 μᾶλλον
1318 4227 1502 4280 ἐκεῖνα
1562 4227 1732 4296 φυλα-

144 4319 420 4383 κτέον,ὡς
449 4320 514 4372 ἑκ
545 4318 638 4372 τοῦ
655 4317 788 4372 Θεοῦ
815 4317 1221 4389 ἀλλοτριοῦντα.
1249 4319 1360 4371 Καὶ
1382 4319 1512 4387 γοῦν
1538 4320 1587 4372 οί
1611 4319 1729 4372 κατ’

142 4411 354 4482 ἀρετὴν
391 4409 630 4482 βιοῦντες
662 4409 723 4464 τὸ
749 4409 1016 4463 ἀνάπαλιν
1040 4408 1274 4473 ποιοῦσι,
1306 4411 1402 4463 καὶ
1423 4409 1492 4462 τὰ
1525 4411 1729 4482 σμικρά

1825 1917 1960 1978 quot
2007 1908 2362 1978 gravissimos
2427 1907 2682 1970 subeunt,
2725 1907 2820 1977 qui
2872 1907 3015 1962 hunc
3045 1909 3403 1964 vanissimum

1823 2002 2094 2055 v'enantur
2124 2001 2410 2053 mundum.
2437 1998 2726 2053 Sustinent
2771 1999 3079 2070 naufragia,
3107 2000 3412 2069 piratarum

1825 2089 2118 2148 discrimen
2144 2092 2365 2157 adeunt,
2391 2093 2444 2145 in
2471 2102 2614 2146 terra
2646 2091 2894 2146 incidunt
2931 2093 2983 2146 in
3020 2093 3284 2158 latrones,
3308 2093 3406 2149 de-

1825 2201 2090 2240 cumanos
2117 2183 2332 2251 ﬂuctus,
2356 2193 2551 2240 ventos
2583 2185 3096 2240 vehementissimos
3125 2188 3357 2240 tolerant
3391 2204 3408 2240 :

1827 2295 1890 2333 ac
1935 2279 2259 2348 plerumque
2319 2286 2475 2348 parto
2530 2279 2706 2341 lucro,
2743 2293 3010 2347 pauperes
3059 2294 3180 2333 sese
3214 2278 3407 2332 dicunt

1827 2371 2134 2424 invidorum
2167 2383 2352 2423 causa.
2410 2369 2478 2420 At
2509 2383 2608 2422 nos
2642 2382 2740 2438 pro
2776 2383 2904 2422 vero
2936 2383 2998 2421 ac
3025 2382 3284 2436 germano
3322 2366 3410 2420 lu-

1828 2475 1922 2514 cro
1956 2461 2226 2530 ejusmodi
2275 2459 2517 2529 pericula
2565 2460 2718 2513 adire
2753 2475 2983 2529 prorsus
3015 2459 3409 2514 detrectamus.

1829 2551 1984 2617 Quod
2009 2553 2054 2608 si
2079 2553 2282 2622 aliquid
2305 2555 2509 2608 nostris
2534 2553 2698 2606 rebus
2729 2552 3046 2614 accesserit,
3077 2566 3176 2607 nos
3199 2551 3412 2619 magni-

1830 2647 1930 2700 tice
1965 2645 2280 2701 hominibus
2317 2652 2662 2701 ostentamus
2683 2684 2697 2707 ,
2729 2658 2831 2698 nec
2870 2658 2994 2696 raro
3024 2643 3171 2712 quod
3209 2657 3276 2697 ne
3309 2641 3415 2695 fuit

1829 2737 2049 2806 quidem
2075 2736 2408 2805 jactabunde
2429 2751 2750 2790 narramus:
2775 2734 2919 2788 unde
2951 2734 3132 2789 evenit
3165 2741 3223 2786 ut
3245 2747 3408 2802 quam

1829 2832 2078 2886 videmur
2105 2830 2305 2884 habere
2328 2829 2623 2883 scintillam
2655 2829 2808 2891 boni,
2837 2827 2984 2881 furto
3011 2825 3220 2880 inimici
3249 2828 3412 2880 aruit--

1832 2930 2032 2976 tamus.
2060 2921 2125 2973 Et
2154 2922 2229 2974 illi
2253 2919 2470 2990 quidem
2499 2920 2667 2973 multa
2698 2917 2895 2972 lucrati
2929 2917 3087 2986 plura
3111 2924 3410 2986 appetunt;

1833 3013 2119 3084 praesentia
2155 3026 2256 3081 pro
2295 3011 2463 3065 nihilo
2496 3009 2714 3072 habent,
2745 3017 2798 3063 et
2827 3007 2894 3062 ad
2925 3024 2988 3062 ea
3007 3023 3274 3077 quae-'non
3310 3006 3409 3060 ha-

1833 3107 1963 3161 bent
2025 3105 2208 3158 animo
2251 3103 2606 3158 contendunt.
2647 3101 2758 3156 Nos
2826 3107 3006 3154 autem
3061 3099 3274 3154 etiamsi
3320 3099 3408 3151 ni-

1759 3167 1802 3227 C
1837 3197 1912 3250 hil
1981 3211 2170 3249 eorum
2225 3209 2344 3264 qua:
2411 3194 2617 3264 requiri
2675 3193 2852 3246 solent
2902 3190 3222 3254 habeamus,
3271 3189 3408 3242 nihil

1836 3289 2087 3342 volumus
2144 3302 2501 3358 comparare:
2542 3294 2752 3340 etcum
2800 3293 3042 3338 extrema
3089 3281 3409 3336 laboremus

1836 3389 2175 3452 paupertate,
2218 3394 2319 3433 nos
2365 3379 2564 3433 divites
2604 3376 2987 3447 praedicamus.
3035 3373 3225 3443 Opera:
3281 3388 3411 3442 pre-

1835 3474 1969 3528 t-ium
1998 3473 2166 3542 igitur
2185 3480 2288 3537 est,
2315 3487 2439 3527 eum
2461 3471 2552 3541 qui
2585 3472 2724 3525 bene
2749 3471 2876 3540 agit,
2899 3469 2950 3522 id
2979 3467 3182 3521 nemini
3215 3481 3412 3520 renun-

1833 3567 1990 3620 tiare.
2026 3564 2167 3630 Quin
2199 3565 2360 3619 etiam
2393 3565 2485 3633 qui
2518 3562 2790 3631 ejusmodi
2811 3567 2937 3615 sunt
2960 3559 3299 3627 injacturam
3328 3557 3412 3609 in-

1833 3655 2016 3709 cident
2049 3670 2067 3707 :
2098 3669 2224 3708 nam
2266 3653 2412 3723 quod
2455 3653 2714 3707 videntur
2768 3651 2966 3705 habere
3019 3648 3306 3703 auferetur
3342 3647 3411 3701 ab

1833 3747 1914 3802 eis
1931 3747 1998 3800 ⁸⁸.

1899 3855 2066 3928 624
2090 3856 2178 3910 58.
2205 3854 2364 3911 Omni
2397 3855 2578 3925 itaque
2608 3854 2790 3910 studio
2827 3867 3022 3908 curare
3050 3851 3313 3907 debemus
3345 3859 3408 3905 ut

1833 3949 1998 4003 lateat
2042 3950 2254 4002 lucrum
2319 3956 2588 4002 nostrum.
2654 3946 2756 4012 Qui
2809 3959 2935 3998 vero
2991 3959 3089 3998 sua
3143 3943 3410 4013 prarclare

1832 4049 1985 4110 gesta
2033 4053 2293 4093 enarrare
2350 4037 2547 4100 solent,
2615 4037 2744 4090 vitia
2795 4049 3012 4104 quoque
3079 4034 3144 4087 iis
3176 4031 3411 4100 conjun-

1833 4137 1918 4182 cta
1978 4129 2291 4183 renuntiare
2343 4126 2598 4182 studeant
2646 4145 2659 4180 :
2712 4126 2857 4194 quod
2920 4124 2967 4179 si
3004 4122 3257 4192 vituperii
3312 4135 3411 4172 au-

1832 4221 2098 4275 dientium
2156 4219 2464 4274 declinandi
2530 4233 2698 4273 causa
2767 4217 2883 4270 hac
2960 4214 3174 4277 celant,
3238 4213 3414 4266 multo

1834 4313 2006 4383 magis
2031 4312 2121 4365 illa
2157 4311 2368 4382 aperire
2397 4312 2698 4365 cavendum
2727 4314 2832 4372 est,
2867 4305 3013 4376 quod
3048 4319 3110 4359 ea
3137 4318 3226 4358 res
3257 4316 3288 4354 a
3313 4299 3407 4355 Dei

1833 4403 2115 4458 consortio
2168 4410 2408 4458 revocet.
2463 4400 2676 4455 Etenim
2721 4400 2816 4470 qui
2856 4399 3022 4452 vitam
3055 4409 3179 4450 cum
3212 4394 3414 4448 virtute

145 4499 362 4554 ἑαυτῶν
392 4495 710 4571 πταίσματα
735 4500 873 4572 μετά
894 4500 988 4553 καὶ
1017 4501 1334 4572 προσθήκης
1359 4494 1433 4554 ὧν
1452 4502 1552 4554 οὐκ
1571 4501 1726 4572 ἑπρα·

1838 4495 2152 4559 instituunt,
2186 4495 2499 4564 oppositum
2553 4499 2722 4561 agunt
2755 4511 2768 4546 :
2801 4505 2999 4562 parvos
3039 4488 3252 4545 scilicet
3283 4501 3414 4542 suos

145 4593 269 4658 ξαν,
310 4593 710 4665 ἑκδιηγοῦνται,
765 4593 865 4664 τὴν
913 4593 1072 4660 δόξαν
1103 4591 1213 4645 τῶν
1254 4592 1554 4664 ἀνθρώπων
1596 4594 1732 4646 ἀπο-

144 4685 439 4749 ϐάλλοντες
460 4701 476 4718 °
507 4685 576 4740 τὰ
608 4685 791 4758 μέντοι
819 4685 1001 4754 ἀγαθά
1021 4684 1375 4756 κρύπτοντες,
1393 4685 1530 4756 πρὸς
1559 4684 1735 4753 ἀσφά-

143 4775 300 4828 λειαν
335 4776 436 4847 τῆς
463 4776 660 4848 ψυχῆς.
699 4777 910 4848 Ὥσπερ
940 4778 1049 4850 γὰρ
1095 4775 1366 4849 θησαυρὸς
1401 4775 1735 4847 φανερωθεὶς

146 4870 496 4935 σπανίζεται,
540 4869 683 4924 οὕτω
746 4871 842 4924 καὶ
872 4871 1041 4944 ἀρετὴ
1087 4869 1459 4942 γνωριζομένη
1512 4869 1607 4922 καὶ
1639 4868 1735 4940 δη-

148 4963 513 5036 μοσιευομένη
572 4961 922 5034 ἀφανίζεται’
970 4963 1157 5035 ὥσπερ
1187 4963 1294 5034 γὰρ
1332 4961 1502 5034 κηρὸς
1547 4960 1733 5014 λύεται

143 5056 258 5110 ἀπὸ
285 5055 577 5127 προσώπου
612 5056 805 5129 πυρὸς,
837 5056 980 5110 οὕτω
1014 5057 1110 5110 καὶ
1153 5055 1298 5127 ψυχὴ
1332 5054 1440 5107 ἀπὸ
1494 5053 1732 5107 ἑπαίνων

142 5149 418 5220 διαχεῖται
441 5149 536 5202 καὶ
555 5148 851 5202 ἀποϐάλλει
873 5149 965 5202 τὸν
993 5149 1166 5202 τόνον.

221 5247 312 5302 59.
349 5246 460 5300 Καὶ
485 5245 548 5299 τδ
577 5246 818 5300 ἐναντίον
839 5244 896 5298 δὲ
916 5244 1124 5298 τούτων
1149 5242 1308 5296 πάλιν
1346 5239 1526 5293 ἔσται·
1553 5240 1601 5292 εί
1626 5239 1734 5308 γὰρ

143 5341 181 5410 ἡ
215 5338 492 5410 θερμότης
517 5337 673 5391 ἔλυσε
697 5337 788 5390 τὸν
823 5335 1016 5407 κηρὸν,
1057 5336 1090 5406 ἡ
1121 5332 1280 5403 ψύξις
1301 5333 1408 5405 ἄρα
1438 5333 1539 5404 τὴν
1568 5329 1732 5400 πῆξιν

219 5517 272 5552 ⁸⁸
306 5514 445 5572 Luc.
479 5529 601 5579 VIII,
637 5512 728 5572 18.

219 5697 357 5770 (82’)
379 5698 638 5758 Coteler..
675 5693 934 5821 ἲρυσοῦν.

224 5773 339 5821 (851
371 5771 425 5821 In
463 5769 594 5821 Vitis
617 5767 672 5820 .Ρ
731 5807 744 5820 .
775 5769 808 5821 Ι.
835 5783 888 5821 v.
925 5769 934 5819 ί

224 5757 425 5841 ῑεδγιη
463 5769 594 5822 vui.
775 5769 808 5824 I.
835 5783 888 5828 v,
925 5765 1010 5830 ιο,
1047 5763 1132 5829 70,
1174 5769 1227 5817 et
1264 5776 1338 5823 νι,
1371 5760 1422 5822 4,
1454 5757 1545 5812 at.

1834 4591 2046 4660 lapsus,
2081 4588 2356 4659 adjunctis
2391 4587 2460 4642 iis
2486 4602 2606 4656 qua:
2635 4601 2703 4642 ne
2747 4582 3142 4638 commiserunt
3169 4578 3413 4650 quidem,

1834 4691 2115 4748 enarrant,
2167 4683 2376 4751 abiecta
2429 4681 2640 4736 scilicet
2689 4675 2973 4731 hominum
3012 4672 3184 4744 gloria
3219 4687 3233 4736 ;
3270 4670 3413 4724 bona

1832 4793 1963 4833 vero
2017 4776 2314 4842 occultant,
2365 4773 2433 4828 ad
2492 4775 2686 4826 anima:
2731 4768 3083 4824 securitatem
3117 4761 3411 4835 (84).Nam

1835 4869 1980 4925 sicut
2012 4868 2305 4923 thesaurus
2338 4865 2744 4925 manifestatus,
2783 4859 3083 4924 minuitur;
3127 4856 3208 4910 sic
3235 4853 3414 4908 virtus

1835 4961 2022 5032 agnita
2081 4967 2137 5015 et
2192 4958 2489 5028 publicata,
2517 4955 2786 5009 aboletur.
2822 4950 2888 5004 Et
2918 4949 3058 5004 sicut
3083 4960 3206 5000 cera
3237 4944 3413 5014 lique-

1837 5053 1942 5107 scit
1976 5066 2005 5104 a
2036 5050 2173 5105 facie
2203 5049 2379 5118 ignis,
2412 5048 2486 5101 ita
2525 5046 2702 5099 anima
2733 5041 2993 5096 laudibus
3021 5035 3408 5104 diiﬂuit,vigo-

1838 5157 2065 5210 remque
2106 5141 2328 5194 amittit.

1909 5232 1998 5287 39.
2024 5230 2348 5300 Rursusque
2376 5237 2566 5284 contra
2590 5226 2804 5282 eveniet
2841 5243 2855 5280 :
2887 5237 3014 5278 nam
3045 5219 3091 5275 si
3123 5217 3274 5273 calor
3299 5213 3411 5270 sol-

1837 5327 1915 5381 vit
1945 5341 2150 5390 ceram,
2185 5323 2359 5396 frigus
2389 5324 2698 5394 compinget
2737 5341 2750 5376 :
2793 5319 2840 5375 si
2872 5319 2991 5374 laus
3041 5315 3280 5388 vigorem
3321 5323 3416 5363 au-

1920 5683 2032 5754 (84)
2076 5681 2181 5738 Vit.
2212 5681 2326 5736 PP.
2355 5682 2390 5735 ι.
2424 5699 2473 5744 v,
2505 5681 2557 5745 δ,
2589 5679 2674 5734 ιε).
