3868 6202
462 309 593 366 1511

1598 303 1657 359 S.
1698 299 2163 359 ATHANASIUS.
2202 330 2274 343 —-
2310 296 2585 357 SPURIA.

3578 299 3709 356 1512

459 428 566 483 fert
599 427 815 487 anima,
849 437 983 479 sane
1016 420 1374 493 opprobrium
1416 428 1471 477 et
1507 421 1839 476 contumelia
1872 419 2030 475 virtu-

2143 414 2310 469 αὐτοῦ
2338 415 2619 487 ποιήσεται
2643 426 2655 441 ·
2686 410 2779 466 καὶ
2803 412 2852 465 εἰ
2874 410 3099 483 ἔπαινος
3118 410 3429 481 ἀφαιρεῖται
3447 408 3544 465 τοῦ
3563 412 3710 464 τόνου

459 526 570 575 tem
599 518 720 587 ejus
744 515 1034 587 adaugent.
1062 515 1155 569 Ait
1180 516 1326 571 enim
1367 533 1380 569 :
1416 512 1651 568 Gaudete
1672 523 1722 567 et
1754 512 2038 576 exsatiate,

460 626 580 665 cum
623 624 775 664 omne
829 607 1164 663 mendacium
1211 607 1447 661 homines
1498 606 1731 660 dixerint
1763 605 2042 659 adversum

461 719 548 758 ves
570 704 636 756 ”.
663 701 731 756 Et
760 701 867 756 alio
896 701 1017 755 loco
1050 717 1064 756 :
1098 698 1164 754 In
1197 698 1538 754 tribulatione
1573 698 1819 752 dilatasti
1861 713 1942 751 me
1970 696 2037 753 ⁸⁸.

461 794 775 865 lterumque
801 811 815 846 :
842 790 1226 861 Improperium
1252 792 1570 860 exspectavit
1608 791 1792 844 anima
1833 804 1951 842 mea
1989 796 2039 841 et

461 886 733 939 miseriam
750 885 817 938 ".
851 882 1119 938 Sescenta
1148 896 1368 953 quoque
1395 882 1499 935 alia
1540 880 1854 951 hujusmodi
1897 879 2039 934 bona

459 993 525 1032 ex
550 975 852 1046 Scripturis
873 975 1050 1031 sacris
1073 974 1271 1029 anima:
1295 973 1587 1045 provenire
1613 972 1775 1027 facile
1796 972 2043 1027 animad-

459 1070 716 1124 vertitur.

528 1245 620 1301 40.
668 1244 765 1299 Est
816 1259 951 1300 sane
995 1244 1224 1300 tristitia
1258 1244 1431 1309 utilis,
1459 1249 1513 1298 et
1549 1251 1635 1299 est
1665 1242 1892 1299 tristitia
1931 1245 2042 1299 exi-

456 1341 621 1395 tiosa.
654 1341 736 1395 Ad
772 1341 1052 1395 tristitiam
1087 1341 1277 1395 utilem
1315 1341 1429 1394 haec
1469 1340 1746 1409 pertinent
1776 1339 1881 1394 :de
1913 1355 2041 1410 pro-

458 1431 595 1500 priis
617 1432 858 1500 peccatis
884 1432 1262 1501 ingemiscere,
1282 1433 1525 1501 itemque
1541 1431 1608 1486 de
1631 1432 1863 1502 proximi
1895 1432 2041 1501 igno-

460 1523 660 1585 rantia,
683 1538 878 1578 cavere
901 1540 970 1577 ne
993 1541 1022 1577 ιι
1056 1526 1340 1594 proposito
1372 1524 1716 1589 excidamus,
1754 1524 1849 1579 sed
1872 1527 2039 1579 attin-

456 1621 618 1683 gatur
641 1614 1040 1683 perfectissima
1069 1616 1306 1671 bonitas.
1338 1614 1464 1670 llaec
1486 1616 1671 1685 itaque
1689 1626 1820 1670 sunt
1848 1616 2041 1686 genui-

457 1718 541 1757 na!
575 1704 815 1758 tristitia:
852 1718 1073 1774 genera.
1098 1704 1195 1759 Est
1224 1720 1386 1775 porro
1422 1705 1671 1775 quaedam
1699 1706 1806 1758 alia
1831 1707 1899 1759 ab
1931 1705 2037 1758 ini-

2141 507 2241 579 τὴν
2271 507 2471 578 ψυχὴν,
2502 506 2717 569 πάντως
2745 504 3046 575 ὀνειδισμὸς
3080 504 3177 558 καὶ
3202 502 3359 575 ὕϐρις
3386 505 3468 567 εἰς
3494 503 3715 574 μέγεθος

2141 597 2310 669 αὐτὴν
2360 599 2462 668 τῆς
2507 597 2709 667 ἀρετῆς
2755 596 2877 665 ἄγει
2905 610 2919 625 ’
2946 595 3191 664 Χαίρετε
3237 593 3367 666 γὰρ,
3414 593 3569 663 φησὶ,
3621 592 3720 647 και

2140 688 2531 760 ἀγαλλιᾶσθε,
2559 689 2642 742 ὅτ’
2675 688 2753 743 ἂν
2776 687 2899 743 πᾶν
2926 687 3153 757 ψεῦδος
3168 687 3384 740 εἴπωσι
3407 688 3538 739 καθ’
3554 684 3721 755 ὑμῶν

2140 785 2194 836 οἱ
2216 781 2533 849 ἄνθρωποι.
2565 782 2675 835 Καὶ
2702 780 2936 851 ἀλλαχοῦ
2959 797 3122 851 φησιν
3144 796 3159 809 ⁸
3186 781 3296 833 Ἐν
3316 779 3520 848 θλίψει
3546 778 3721 833 ἐπλά-

2140 872 2327 940 τυνὰς
2347 890 2446 943 με.
2480 873 2592 927 Καὶ
2635 874 2823 928 πάλινο
2865 871 3240 943 Ὄνειδισμὸν
3267 871 3723 939 προσεδόκησεν

2139 968 2179 1034 ἠ
2211 965 2382 1035 ψυχή
2409 983 2530 1036 μου
2568 966 2665 1020 καὶ
2705 964 3129 1032 ταλαιπωρίαν.
3162 963 3271 1017 Καὶ
3302 962 3438 1017 ἄλλα
3464 962 3522 1015 δὲ
3552 963 3723 1034 μυρία

2141 1057 2322 1127 ἀγαθὰ
2356 1056 2577 1111 τοιαῦτα
2612 1058 2677 1109 ἐκ
2705 1057 2813 1110 τῶν
2856 1056 3028 1125 ἁγίων
3058 1054 3290 1126 Γραφῶν
3332 1057 3448 1108 ἐστι
3478 1058 3543 1126 τῇ
3577 1052 3722 1127 ψυχῇ

2142 1151 2579 1224 προσοδευόμενα
2608 1150 2925 1203 θεάσασθαι.

2210 1244 2299 1299 40.
2328 1245 2483 1296 Ἐστι
2535 1242 2677 1313 λύπη
2732 1241 3037 1312 ὲπωφελὴς,
3065 1241 3159 1294 καὶ
3197 1240 3313 1294 ἐστι
3344 1240 3490 1313 λύπη
3528 1242 3725 1313 φθορο-

2141 1335 2311 1398 ποιός.
2343 1335 2454 1405 Τῆς
2482 1334 2582 1405 μὲν
2611 1330 2704 1387 οὖν
2732 1334 3007 1405 χρησίμης
3034 1332 3213 1403 λύπης
3239 1334 3299 1386 τὸ
3326 1333 3424 1403 μέν
3456 1336 3572 1386 ἐστι
3598 1335 3727 1406 περὶ

2138 1426 2247 1479 τῶν
2273 1426 2488 1479 οἰκείων
2539 1424 2824 1497 ἁμαρτιῶν
2872 1425 3082 1478 στένειν
3103 1440 3115 1454 ⁸
3163 1426 3225 1478 τὸ
3248 1424 3305 1477 δὲ
3341 1426 3435 1478 καὶ
3463 1427 3596 1496 περὶ
3629 1427 3727 1496 τῆς

2138 1516 2247 1569 τῶν
2281 1516 2508 1587 πλησίον
2555 1515 2856 1584 ἀγνωσίας·
2885 1517 2947 1570 τὸ
2983 1517 3040 1569 δὲ
3075 1517 3213 1588 πρὸς
3248 1517 3309 1570 τὸ
3344 1517 3418 1589 μὴ
3472 1519 3729 1573 ὲκπεπῖν

2137 1607 2237 1677 τῆς
2271 1607 2578 1678 προθέσεως
2595 1624 2607 1637 ·
2636 1606 2698 1659 τὸ
2723 1606 2781 1659 δὲ
2810 1607 2902 1659 καὶ
2923 1607 3266 1675 ἀφικνεῖσθαι
3296 1607 3389 1660 τοῦ
3416 1608 3607 1671 τέλους
3628 1609 3728 1678 τῆς

2138 1698 2518 1768 ἀγαθωσύνης.
2544 1698 2728 1752 Ταῦτα
2753 1698 2854 1769 μὲν
2881 1694 2974 1752 οὖν
3007 1699 3105 1770 τῆς
3126 1700 3356 1769 γνησίας
3383 1701 3479 1753 καὶ
3510 1702 3728 1773 ἀγαθῆς

455 1794 602 1848 mico
633 1795 855 1849 inducta
889 1795 1141 1861 tristitia,
1170 1812 1293 1866 quae
1328 1797 1467 1852 solet
1514 1810 1641 1851 cum
1691 1796 1854 1851 dictis
1884 1812 2030 1866 gene-

2140 1789 2316 1860 λύπης
2356 1790 2424 1843 τὰ
2472 1789 2610 1862 εῐδη.
2645 1792 2753 1844 Καὶ
2798 1791 2930 1862 ἄλλη
2970 1790 3028 1843 δέ
3061 1808 3142 1855 τις
3168 1790 3335 1862 λύπη,
3386 1783 3481 1845 τοῦ
3525 1794 3730 1866 ἐχθροῦ

455 1888 610 1942 ribus
657 1887 949 1959 pullulare.
1003 1886 1141 1941 Nam
1193 1897 1249 1942 et
1302 1887 1418 1957 ipse
1467 1888 1748 1943 tristitiam
1798 1888 2041 1942 immittit

450 1977 815 2032 absurditatis
866 1978 1105 2047 plenam,
1138 1976 1228 2031 cui
1286 1975 1489 2032 aeediaa
1530 1991 1732 2032 nomen
1789 1975 2040 2032 indidere

455 2068 727 2123 nonnulli.
761 2066 867 2123 Sed
896 2065 1211 2137 hujusmodi
1246 2067 1502 2137 spiritum
1533 2074 1750 2137 oportet
1790 2065 2041 2122 oratione

454 2157 757 2229 praesertim
791 2164 848 2212 et
886 2157 1223 2227 psalmorum
1256 2162 1423 2212 cantu
1460 2156 1753 2226 depellere.

522 2249 613 2303 41.
642 2246 754 2305 Nos
783 2249 970 2320 itaque
1000 2248 1161 2306 bonis
1186 2258 1489 2320 occupatas
1527 2249 1699 2315 curis,
1734 2263 1844 2304 non
1875 2262 2040 2318 opor-

450 2345 532 2396 tet
562 2340 839 2396 aestimare
884 2340 1199 2411 quempiam
1248 2340 1305 2394 in
1345 2340 1449 2395 bac
1491 2340 1602 2395 vita
1645 2355 1836 2395 carere
1883 2340 2039 2395 solli-

448 2431 809 2487 citudinibus.
844 2431 940 2486 Ait
995 2432 1142 2486 enim
1199 2430 1485 2501 Scriptura
1519 2449 1532 2485 :
1569 2429 1735 2485 Omne
1780 2439 1940 2498 caput
1980 2431 2037 2484 in

452 2521 657 2585 labore,
688 2531 736 2575 et
759 2537 911 2575 omne
936 2522 1099 2574 coria
1127 2536 1348 2575 maerore
1364 2521 1431 2575 “.
1464 2520 1582 2576 Una
1610 2520 1713 2574 hac
1742 2520 2033 2587 sententia,

452 2608 697 2684 Spiritus
734 2619 964 2670 sanctus
1005 2612 1303 2682 descripsit
1342 2626 1468 2667 cum
1500 2612 1888 2678 monasticam,
1918 2622 2036 2668 tum

451 2705 771 2760 saecularem
803 2705 992 2760 vitam.
1024 2703 1162 2759 Nam
1189 2719 1285 2775 per
1313 2704 1558 2759 laborem
1594 2704 1815 2774 capitis.
1842 2720 2037 2759 mona-

452 2795 648 2850 sticam
679 2794 969 2850 adumbrat
1006 2814 1019 2850 :
1051 2795 1249 2865 capitis
1266 2795 1410 2849 enim
1438 2803 1525 2849 est
1554 2809 1744 2864 regere
1774 2813 1786 2850 :
1812 2792 2035 2864 Sapien-

453 2888 542 2951 tis,
576 2886 773 2957 inquit,
796 2886 956 2952 oculi,
985 2887 1041 2941 in
1070 2888 1241 2957 capite
1278 2886 1473 2956 ejus”:
1515 2884 1703 2958 Itaque
1750 2889 2035 2959 perspica-

451 2977 559 3044 eia,
602 2984 662 3032 ut
685 2977 947 3042 arbitror,
972 2978 1028 3032 in
1061 2977 1156 3032 illo
1186 2977 1408 3033 residet.
1444 2977 1549 3034 Per
1579 2978 1820 3035 laborem
1848 2988 2034 3036 autem

452 3068 749 3134 indicatur,
785 3084 1001 3125 omnem
1029 3071 1284 3125 virtutem
1319 3071 1715 3140 germinantem
1747 3070 2029 3129 laboribus

451 3152 684 3219 absolvi.
728 3161 834 3216 Per
861 3176 1152 3217 maerorem
1190 3146 1724 3225 cordis,instabilem
1757 3174 1811 3219 et
1834 3178 2027 3218 mrum-

450 3268 642 3309 nosam
675 3253 1017 3310 saecularium
1055 3253 1425 3309 conditionem
1470 3255 1816 3325 significavit.
1858 3256 2029 3311 Aiunt

448 3344 652 3415 quippe
681 3343 952 3406 nonnulli,
979 3357 1077 3397 eor
1105 3357 1230 3397 esse
1263 3342 1358 3396 ira:
1413 3356 1479 3397 ac
1532 3343 1768 3398 tristitiae
1817 3344 2025 3400 sedem.

448 3437 588 3492 Cum
624 3450 733 3492 non
778 3434 1091 3499 laudantur,
1129 3434 1314 3489 animo
1344 3440 1576 3489 mwrent
1604 3435 1816 3491 :aliena
1863 3450 2030 3507 appe-

452 3535 647 3589 tentes,
683 3527 1084 3581 contabescunt
1116 3543 1130 3580 :
1160 3526 1215 3579 in
1237 3532 1499 3595 egestate,
1531 3525 1884 3596 indignantur
1910 3545 1923 3579 :
1945 3527 2030 3581 di-

450 3619 601 3675 vitiis
621 3618 897 3681 instructi,
929 3618 1235 3681 insaniunt,
1269 3633 1337 3672 ne
1375 3619 1554 3674 somni
1591 3619 1812 3690 quidem
1848 3620 2030 3675 locum

450 3711 522 3767 ob
550 3726 740 3766 curam
770 3710 1186 3780 custodiamque
1210 3709 1531 3764 facultatum
1564 3712 1919 3782 reperientes.

520 3802 612 3856 42.
641 3801 721 3857 Ne
762 3802 943 3872 itaque
987 3803 1169 3856 animo
1214 3802 1578 3872 decipiantur,
1612 3819 1718 3858 neu
1754 3803 2027 3869 dicamus,

449 3908 547 3949 eas
563 3908 683 3965 quae
711 3894 765 3946 in
786 3894 988 3949 saeculo
1008 3902 1299 3948 versantur
1319 3901 1569 3965 expertes
1594 3910 1857 3949 curarum
1884 3911 2025 3952 esse.

451 3983 614 4039 Forte
647 3984 813 4048 enim,
847 3983 893 4039 si
938 3992 1134 4037 mutuo
1169 3984 1543 4049 conferamur,
1586 3986 1708 4055 plus
1733 4001 1894 4058 quam
1927 4001 2029 4042 nos

450 4076 828 4133 molestiarum
850 4075 1057 4131 habent
1086 4086 1141 4131 et
1164 4076 1394 4131 laboris.
1415 4075 1670 4134 Mulieres
1706 4092 1942 4148 namque
1972 4078 2028 4132 in

450 4168 676 4234 mundo,
707 4166 913 4237 ingenti
950 4174 1011 4220 ut
1047 4167 1344 4237 plurimum
1380 4167 1509 4222 odio
1544 4168 1815 4224 habentur
1847 4188 1860 4223 :
1888 4184 2031 4240 aegre

447 4268 504 4314 et
532 4260 837 4329 periculose
869 4259 1109 4329 pariunt,
1156 4259 1210 4312 in
1243 4259 1384 4314 lacte
1412 4260 1883 4316 subministrando
1927 4262 2034 4315 mi-

446 4363 566 4403 sere
607 4349 945 4414 cruciantur,
982 4365 1105 4404 cum
1144 4351 1537 4420 aegrotantibus
1585 4350 1889 4408 infantibus
1922 4368 2029 4408 una

445 4443 741 4508 aegrotant:
776 4445 942 4507 atque
967 4438 1082 4493 hate
1113 4438 1387 4506 sustinent
1416 4439 1536 4494 sine
1562 4440 1747 4510 aliquo
1777 4441 2023 4496 laborum

446 4530 697 4585 termino.
734 4528 1000 4600 Suscepta
1050 4545 1289 4600 namque
1322 4532 1502 4600 proles
1542 4539 1636 4585 aut
1670 4532 1857 4586 mutila
1900 4547 2024 4588 cor-

2058 3120 2106 3184 C

2142 1880 2553 1951 ὑποτιθεμένου,
2580 1882 2702 1951 ἥτις
2730 1880 2956 1945 ταύταις
2986 1881 3360 1952 προσφύεσθαι
3386 1878 3551 1936 οἶδεν.
3597 1886 3731 1955 Ἐμ-

2141 1972 2324 2025 6ἀλλει
2353 1973 2462 2042 γὰρ
2493 1974 2588 2025 καὶ
2627 1973 2790 2036 αὐτὸς
2821 1972 3000 2044 λύπην
3025 1972 3251 2041 ἀλογίας
3288 1976 3492 2046 μεστήν
3511 1993 3528 2005 ·
3582 1977 3731 2049 ἥπερ

2139 2062 2234 2115 καὶ
2265 2062 2463 2133 ἀκηδία
2492 2063 2630 2134 πρός
2659 2081 2821 2119 τινων
2858 2064 3195 2136 ὠνόμασται.
3226 2068 3318 2118 Δεῖ
3344 2062 3440 2120 οὖν
3468 2067 3637 2121 τοῦτο
3672 2069 3733 2122 τὺ

2140 2154 2358 2226 πνεῦμα
2382 2155 2512 2227 εύχῇ
2546 2156 2780 2225 μάλιστα
2797 2157 3088 2210 ἀποσοϐεῖν
3114 2158 3209 2210 καὶ
3234 2156 3546 2230 ψαλμῳδίᾳ.

2208 2244 2297 2298 41.
2333 2243 2455 2297 Τῶν
2486 2240 2578 2298 οὖν
2610 2245 2829 2314 ἀγαθῶν
2854 2244 3132 2319 μεριμνῶν
3162 2246 3429 2316 ἐχομένας
3460 2248 3636 2317 ἡμᾶς,
3670 2248 3733 2300 οὐ

2136 2337 2243 2409 χρὴ
2265 2336 2471 2390 οἴεσθαί
2498 2354 2621 2390 τινα
2642 2339 2700 2390 ἐν
2723 2336 2802 2408 τῷ
2828 2337 2927 2407 βίῳ
2949 2338 3243 2408 ἀφρόντιδα
3269 2334 3423 2391 εἶναι.
3452 2341 3594 2409 Φησὶ
3614 2341 3733 2412 γὰρ

2137 2430 2170 2499 ἡ
2200 2428 2422 2499 Γραφὴσ
2449 2427 2626 2484 Πᾶσα
2642 2430 2875 2498 κεφαλὴ
2904 2432 2992 2495 εἰς
3020 2433 3231 2499 πόνον,
3265 2432 3363 2485 καὶ
3394 2430 3568 2486 πᾶσα
3587 2449 3734 2501 καρ-

2135 2517 2235 2571 δία
2265 2521 2353 2586 εὶς
2388 2521 2616 2587 λύπην.
2662 2520 2749 2573 Ἐν
2781 2522 2861 2574 ἐνὶ
2889 2520 3032 2592 λόγῳ
3055 2523 3117 2576 τὸ
3152 2524 3305 2591 ἅγιον
3338 2522 3569 2593 Πνεῦμα
3601 2540 3735 2578 συν-

2136 2610 2345 2682 ἔγραψε
2391 2611 2484 2665 τόν
2551 2629 2611 2665 τε
2655 2614 2866 2684 μονήρη
2902 2613 3016 2685 βίον
3056 2613 3270 2669 καὶτὸν
3312 2616 3599 2686 κοσμικόν.
3628 2616 3732 2670 Διά

2139 2704 2238 2773 μὲν
2270 2702 2379 2775 γὰρ
2403 2703 2496 2757 τοῦ
2525 2703 2687 2757 πόνου
2712 2704 2812 2776 τῆς
2838 2706 3101 2777 κεφαλῆς,
3120 2706 3210 2761 τὸν
3245 2709 3454 2780 μονήρη
3488 2709 3730 2763 αἰνίττε-

2134 2809 2225 2846 ται
2254 2793 2458 2864 τρόπον
2483 2812 2497 2826 ’
2534 2796 2745 2867 κεφαλὴ
2796 2796 2904 2867 γὰρ
2951 2795 3014 2850 τό
3054 2798 3421 2869 ἡγεμονεῦον·
3457 2798 3575 2854 Τοῦ
3616 2801 3728 2873 γὰρ

2135 2884 2353 2952 σοφοῦ,
2383 2886 2567 2956 φησιν,
2604 2889 2658 2940 οἱ
2692 2887 2986 2956 ὀφθαλμοί
3014 2888 3084 2942 ἐν
3122 2888 3198 2958 τῇ
3227 2888 3463 2959 κεφαλῇ
3506 2893 3723 2947 αὑτοῦ.

2135 2973 2209 3027 Τὸ
2232 2970 2326 3028 οὖν
2364 2974 2687 3046 διορατικὸν,
2714 2977 2790 3041 ὡς
2823 2974 2997 3048 οἶμαι,
3028 2981 3085 3032 ὲν
3112 2981 3251 3051 αὐτῇ
3294 2982 3574 3051 τυγχάνει-
3618 2983 3726 3037 Τὸν

2135 3065 2192 3118 δὲ
2223 3065 2384 3120 πόνον
2423 3065 2566 3133 εἷπε,
2597 3068 2732 3122 διότι
2774 3072 2926 3124 πᾶσα
2951 3072 3154 3142 ἀρετῆς
3200 3072 3404 3144 βλάστη
3434 3075 3501 3127 ὲκ
3543 3076 3726 3130 πόνων

2135 3157 2512 3229 κατορθοῦται.
2533 3160 2628 3215 Διὰ
2649 3160 2707 3214 δὲ
2733 3161 2829 3232 τῆς
2849 3163 2908 3217 ἐν
2932 3166 2998 3234 τῇ
3031 3164 3230 3236 καρδίᾳ
3252 3164 3451 3236 λύπης,
3482 3166 3544 3219 τὺ
3564 3169 3728 3221 ἀστα-

2131 3265 2224 3301 τον
2253 3250 2349 3303 καὶ
2374 3251 2647 3323 μοχθηρὸν
2673 3253 2944 3325 ἐδήλωσεν
2976 3251 3128 3327 ἦθος.
3160 3256 3348 3328 Θυμοῦ
3379 3257 3491 3329 γὰρ
3508 3261 3606 3312 καὶ
3632 3260 3726 3313 λύ-

2132 3358 2241 3412 πης
2265 3344 2597 3414 οἰκητήριον,
2626 3344 2725 3416 τὴν
2749 3345 2977 3417 καρδίαν
3006 3348 3152 3411 τινὲς
3191 3347 3400 3417 ἔφασαν
3417 3366 3434 3380 ο
3468 3349 3546 3421 μὴ
3566 3349 3725 3416 δοξα-

2132 3429 2379 3502 ζόμενοι,
2440 3432 2771 3488 λυποῦνται·
2833 3435 2943 3489 τῶν
3002 3436 3297 3509 ἀλλοτρίων
3360 3440 3723 3511 ὀρεγόμενοι,

2130 3525 2418 3594 τήκονταιο
2451 3526 2755 3596 πενόμενοι,
2802 3528 3161 3600 δυσφοροῦσιο
3200 3530 3582 3598 πλουτοῦντες,
3628 3537 3722 3588 ὲκ-

2135 3618 2433 3688 μαίνονται,
2451 3617 2539 3672 διὰ
2558 3619 2655 3691 τὴν
2678 3619 2787 3674 τῶν
2810 3621 3091 3692 παρόντων
3114 3622 3360 3695 φυλακην
3384 3625 3523 3697 μηδὲ
3552 3626 3724 3684 ὕπνου

2132 3710 2511 3781 τυγχάνοντες.

2202 3803 2291 3856 42.
2321 3798 2528 3873 Μὴόὖν
2560 3803 2721 3873 ἡμεῖς
2746 3801 3108 3874 ὑποσυρῶμεν
3148 3803 3229 3875 τῷ
3260 3806 3595 3877 φρονήματι,
3634 3807 3727 3861 λέ-

2130 3910 2324 3963 γουσαι
2341 3897 2467 3959 τοὺς
2484 3896 2539 3947 ὲν
2568 3894 2646 3964 τῷ
2666 3894 2855 3965 κόσμῳ
2876 3895 3212 3966 ἀμερίμνους
3230 3898 3542 3967 τυγχάνειν.
3566 3900 3721 3971 Τάχα

2131 3987 2243 4059 γὰρ
2271 3987 2346 4050 ὼς
2379 3987 2516 4058 πρὸς
2556 3987 2842 4058 σύγκρισιν
2875 3987 3074 4057 μᾶλλον
3099 3987 3256 4059 ἡμῶν
3293 3990 3551 4044 κοπιῶσι.
3584 3993 3722 4057 Ταῖς

2130 4079 2188 4131 δὲ
2218 4077 2464 4146 γυναιξὶν
2491 4078 2565 4141 ὡς
2596 4078 2798 4131 ἐπίπαν
2834 4078 3043 4150 μεγάλη
3087 4081 3145 4132 ὲν
3177 4078 3255 4150 τῷ
3288 4082 3481 4153 κόσμῳ
3528 4086 3563 4154 ἡ
3615 4084 3722 4138 ἀπο

2134 4169 2350 4239 έχθεια’
2378 4170 2621 4223 τίκτουσι
2665 4170 2771 4242 γὰρ
2802 4170 3055 4240 χαλεπῶς
3080 4173 3175 4225 καὶ
3204 4175 3580 4239 ἐπικινδύνως,
3622 4178 3721 4230 καὶ

2130 4259 2464 4329 τληπαθοῦσι
2519 4261 2656 4333 πρὸς
2687 4263 2787 4331 τὴν
2826 4261 3317 4332 γαλακτοτροφίαν,
3352 4264 3449 4317 καὶ
3497 4265 3721 4320 νοσοῦσι

2129 4354 2240 4417 τοῖς
2263 4352 2497 4417 παιδίοις
2520 4352 2860 4408 συννοσοῦσι·
2883 4354 3163 4409 καὶταῦτα
3182 4355 3537 4427 ὑπομένουσι,
3562 4359 3720 4424 τέλος

2130 4443 2224 4496 τοῦ
2258 4445 2427 4498 κόπου
2466 4445 2541 4516 μὴ
2569 4445 2808 4515 ἔχουσαι.
2838 4447 2909 4499 Ἦ
2937 4446 3049 4518 γὰρ
3077 4448 3139 4501 τὸ
3168 4447 3327 4519 σῶμα
3354 4449 3630 4521 πηροῦται
3650 4452 3721 4506 τὰ

2128 4536 2418 4609 κυηθέντα,
2451 4538 2485 4609 ἢ
2516 4542 2896 4613 κακοφροσύνῃ
2935 4540 3241 4611 ἀναχθέντα
3272 4540 3552 4612 δολοφονεῖ
3593 4545 3721 4608 τοὺς

444 4638 576 4692 pore
616 4629 724 4684 est,
753 4631 849 4676 aut
879 4622 1038 4677 malis
1089 4622 1361 4677 instructa
1401 4624 1672 4687 moribus,
1705 4625 2026 4694 parentibus

2140 4632 2509 4702 γεννήσαντας.
2540 4632 2727 4685 Ταῦτα
2747 4629 2840 4686 οὖν
2868 4633 3082 4698 εἰδυῖαι,
3108 4634 3183 4705 μὴ
3209 4633 3593 4707 δελεασθῶμεν
3614 4637 3720 4690 ὑπὸ

444 4728 631 4769 necem
667 4713 1035 4768 machinatur.
1069 4713 1197 4769 llaec
1243 4731 1366 4770 cum
1420 4716 1680 4780 sciamus,
1713 4732 1781 4771 ne
1814 4717 2025 4775 inesce-

2118 4718 2214 4772 τοῦ
2263 4720 2482 4792 ἐχθροῦ,
2517 4722 2593 4786 ὡς
2634 4723 2825 4777 ἀνέτου
2858 4726 2952 4777 καὶ
2991 4726 3302 4797 ἀμερίμνου
3356 4730 3719 4798 τυγχάνοντος

442 4821 568 4861 mur
606 4806 677 4862 ab
704 4806 949 4871 inimico,
983 4808 1141 4876 quasi
1172 4807 1281 4861 vita
1310 4808 1579 4877 ejusmodi
1614 4810 1907 4879 tranquilla
1933 4827 2026 4867 cu-

2140 4811 2213 4865 ιοῦ
2246 4812 2383 4882 βίου.
2420 4813 2688 4869 Γεννῶσαι
2712 4817 2810 4886 μὲν
2835 4818 2963 4889 γὰρ,
2993 4817 3082 4871 διὰ
3111 4819 3218 4871 τῶν
3257 4831 3439 4873 πόνων
3467 4822 3721 4895 φθείρον-

440 4899 629 4969 risque
663 4913 837 4952 vacua
870 4899 961 4955 sit.
986 4897 1041 4952 In
1074 4906 1231 4969 partu
1267 4899 1468 4969 quippe
1499 4901 1550 4954 vi
1583 4901 1791 4958 doloris
1814 4905 2025 4960 exstin-

441 4998 717 5060 guuntur;
743 4991 790 5046 si
808 5006 916 5046 non
934 4992 1169 5061 pariant,
1198 4992 1504 5048 sterilitatis
1531 4999 1587 5047 et
1608 4993 2021 5054 infecunditatis

438 5081 736 5150 opprobrio
765 5082 1188 5137 eontabescunt.

510 5172 600 5227 45.
634 5171 761 5228 Haec
791 5173 948 5229 vobis
990 5172 1136 5237 dico,
1174 5179 1232 5225 ut
1276 5172 1435 5227 nobis
1466 5173 1534 5227 ab
1568 5173 1885 5231 adversario
1926 5193 2017 5232 ca-

2124 4921 2214 4959 ται
2235 4921 2248 4935 ο
2283 4905 2358 4977 μὴ
2391 4907 2671 4961 τίκτουσαι
2692 4909 2771 4973 δὲ,
2802 4910 2878 4975 ὡς
2901 4913 3110 4982 στεῖραι
3139 4912 3235 4965 καὶ
3260 4913 3444 4981 ἄγονοι
3468 4916 3579 4971 ὑπὸ
3611 4916 3719 4971 τῶν

2124 4996 2446 5068 ὀνειδισμῶν
2473 5000 2750 5070 τήκονται.

2190 5179 2278 5234 45.
2314 5181 2499 5237 Ταῦτα
2520 5183 2575 5235 δὲ
2606 5184 2733 5255 ύμῖν
2753 5184 2898 5253 λέγω
2928 5186 3065 5259 πρὸς
3089 5187 3154 5241 τὸ
3182 5189 3586 5258 ἀσφαλίζεσθαι
3610 5193 3720 5247 ἀπὺ

435 5274 681 5314 veamus.
719 5259 904 5329 Neque
937 5276 1067 5314 vero
1113 5262 1330 5316 cunctis
1360 5264 1697 5318 conveniunt
1721 5281 1843 5335 quae
1868 5266 2015 5323 dicta

2140 5273 2384 5326 ιναντίου.
2421 5276 2495 5328 Οὐ
2531 5277 2664 5329 πᾶσι
2691 5276 2748 5330 δὲ
2789 5279 3031 5349 πέφυκεν
3058 5283 3294 5353 ἁρμόδια
3321 5284 3393 5338 τὰ
3421 5285 3716 5358 λεγόμενα.

436 5359 587 5415 sunt,
621 5349 717 5405 sed
763 5351 830 5406 iis
856 5352 1123 5406 duntaxat
1158 5352 1251 5422 qui
1273 5353 1440 5408 vitam
1464 5357 1700 5427 amplexi
1741 5367 1877 5413 sunt
1898 5376 2015 5417 mo-

2121 5363 2258 5418 ἀλλὰ
2299 5365 2484 5437 μόνοις
2505 5371 2619 5432 τοῖς
2646 5368 2739 5423 τὸν
2775 5372 2987 5444 μονήρη
3014 5371 3129 5443 βίον
3161 5376 3461 5436 ἐθέλουσιν.
3502 5380 3715 5449 Ὠσπερ

503 5501 553 5536 ⁸³
590 5503 780 5559 Matth.
812 5523 865 5570 v,
907 5507 988 5561 ΙΞ..
1064 5506 1110 5539 ⁹⁰
1152 5507 1298 5565 Psal.
1332 5525 1405 5576 IV,
1441 5511 1495 5565 2.
1571 5513 1615 5545 ἰ
1658 5513 1806 5570 Psal.
1845 5532 2014 5573 vam

2140 5522 2173 5577 ἱ.
2249 5522 2295 5554 ⁹²
2337 5520 2443 5579 lsa.
2482 5539 2535 5591 ι,
2569 5523 2623 5579 5.
2704 5526 2753 5559 ’³
2778 5524 2956 5585 Ecele.
2997 5544 3056 5598 ιι,
3088 5530 3177 5585 14.

506 5676 621 5749 (85)
659 5679 764 5734 Vit.
801 5680 914 5736 pp.
944 5684 978 5738 ι.
1004 5701 1056 5749 v,
1092 5686 1180 5751 te,
1225 5686 1315 5740 τι.
