3852 6206
151 313 284 372 1515

1272 305 1437 363 VITA
1479 302 1774 361 SANCTAS
1815 295 2296 356 SYNCLETICIE.

3261 302 3280 356 I
3293 303 3351 356 5⁸1
3362 304 3396 358 ι

157 430 253 502 γὰρ
279 431 390 493 τοῖς
416 428 574 492 ζώοις
599 428 659 481 οὗ
687 428 784 500 μία
812 425 1006 498 τροφὴ,
1035 424 1206 490 οὕτως
1228 425 1350 479 οὐδὲ
1376 427 1490 489 τοῖς
1521 424 1723 496 ἀνθρώ-

1831 421 2116 476 nasticam.
2157 417 2629 486 Quemadmodum
2676 418 2828 473 enim
2878 433 2987 473 non
3021 433 3130 472 una
3163 426 3248 476 est
3279 421 3398 476 ani-

155 538 268 584 ποις
292 521 320 573 ὁ
345 521 506 583 αὐτὸς
530 520 687 590 λόγος
716 518 1005 590 συμφέρει·
1041 521 1124 572 Οὐ
1149 517 1246 571 δεῖ
1257 517 1364 589 γὰρ
1392 514 1559 572 οἶνον
1581 515 1724 572 νέον

151 611 379 676 βαλεῖν,
417 612 600 682 φησὶν,
630 613 716 676 εὶς
744 609 978 676 ἀσκοὺς
1021 609 1335 674 παλαιούς.
1376 607 1583 671 Ἄλλως
1614 607 1722 678 γὰρ

151 704 430 757 ἑστιῶνται
453 705 501 754 οἱ
523 701 752 774 θεωρίας
776 702 870 755 καὶ
889 699 1141 770 γνώσεως
1164 698 1402 770 ὲμφορού
1411 715 1584 770 μενοι,
1615 699 1723 751 ἐτέ-

151 811 256 866 ρως
279 794 335 847 δὲ
356 778 406 846 οἱ
424 793 838 863 ἀσκητικῆςικαὶ
861 791 1168 863 πρακτικῆς
1191 791 1602 860 ἀπογενόμενοι,
1629 791 1723 843 καὶ

151 884 284 955 πρὸς
312 884 538 954 δύναμιν
580 885 630 936 οἱ
661 871 800 936 κατᾶ
833 883 922 936 τὸν
957 883 1157 953 κόσμον
1185 881 1718 954 δικαιοπραγοῦντες.

152 975 357 1046 Ὠσπερ
381 975 489 1047 γὰρ
514 975 621 1028 τῶν
641 965 796 1038 ζώων
821 974 942 1028 τινὰ
977 975 1075 1046 μὲν
1107 973 1221 1026 ἐστι
1246 977 1496 1045 χερσαῖα,
1526 973 1648 1027 τινὰ
1666 975 1723 1027 δὲ

152 1068 358 1138 ἔνυδρα,
389 1069 509 1122 τινὰ
526 1069 582 1122 δὲ
613 1069 792 1138 πτηνά
809 1085 823 1098 ·
851 1067 1023 1132 οὕτως
1047 1069 1140 1122 καὶ
1165 1069 1214 1121 οἱ
1248 1067 1525 1140 ἄνθρωποι
1549 1070 1597 1121 οί
1622 1068 1723 1138 μὲν

156 1160 240 1214 τὸν
262 1162 421 1230 μέσον
450 1162 565 1232 βίον
585 1161 924 1231 κατέχουσιν,
949 1160 1022 1225 ῶς
1047 1159 1116 1214 τὰ
1143 1163 1373 1232 χερσαῖα
1391 1177 1405 1192 ·
1432 1163 1478 1214 οἱ
1504 1161 1562 1214 δὲ
1586 1161 1722 1231 πρὸς

155 1252 217 1304 τὰ
259 1251 367 1322 ὓψη
419 1252 834 1316 ὲνατενίςουσιν,
882 1252 957 1314 ὡς
1009 1250 1078 1304 τὰ
1130 1252 1382 1305 πετεινά·
1423 1252 1474 1304 οἱ
1505 1250 1562 1303 δὲ
1611 1252 1722 1314 τοῖς

152 1342 304 1395 ὕδασι
334 1341 441 1394 τῶν
467 1341 748 1412 ἁμαρτιῶν
777 1342 882 1394 εἰσι
907 1341 1328 1411 κεκαλυμμένοι,
1353 1340 1428 1404 ὡς
1451 1341 1499 1393 οἱ
1520 1340 1718 1410 ἰχθύες·

157 1431 375 1488 Ἦλθον
407 1433 536 1505 γὰρ,
583 1433 766 1504 φησὶν,
806 1437 893 1499 εἰς
929 1433 1003 1486 τὰ
1037 1432 1194 1501 βάθη
1225 1431 1338 1501 τῆς
1379 1433 1718 1501 θαλάσσης,

152 1523 248 1577 καὶ
289 1524 554 1594 καταιγὶς
587 1523 985 1577 κατεπόντισέ
1022 1529 1121 1592 μετ
1155 1523 1264 1576 Καὶ
1295 1523 1518 1594 τοιαύτη
1561 1525 1660 1594 μὲν
1685 1526 1718 1594 ἡ

156 1618 256 1669 τῶν
286 1616 436 1680 ζώων
468 1618 626 1685 φύσις
644 1631 656 1645 ·
689 1618 850 1686 ἡμεῖς
870 1615 948 1679 δὲ,
975 1615 1051 1678 ὡς
1076 1617 1225 1669 ἀετοὶ
1250 1617 1718 1685 πτεροφυήσασαι,

152 1708 242 1760 ἐπὶ
287 1707 352 1760 τὰ
403 1706 706 1777 ὑψηλότερα
748 1703 1049 1775 ὲπιὸῶμεν,
1103 1705 1194 1757 καὶ
1241 1707 1722 1776 καταπατήσωμεν

150 1800 338 1854 λέοντα
369 1801 459 1853 καὶ
479 1775 772 1870 δράκοντα·
810 1798 906 1851 καὶ
933 1797 1027 1851 τοῦ
1060 1815 1190 1851 ποτε
1215 1797 1474 1870 ἄρχοντος
1500 1775 1596 1850 νῦν
1623 1799 1723 1869 ᾶρ-
1752 1775 1796 1829 Β

149 1895 347 1962 ξωμεν.
395 1891 563 1944 Τοῦτο
600 1891 657 1945 δὲ
706 1893 1022 1962 ποιήσομεν,
1055 1890 1151 1944 ἐὰν
1198 1891 1325 1962 ὅλην
1371 1890 1576 1946 ἑαυτῶν
1621 1892 1720 1961 τὴν

151 1985 382 2038 διάνοιαν
409 1983 487 2054 τῷ
513 1984 724 2055 Σωτῆρι
753 1982 1230 2054 προσενέγκωμεν.

221 2075 306 2129 44.
364 2074 523 2128 Ἀλλὰ
552 2076 674 2127 ὅσον
703 2075 860 2145 ἡμεῖς
902 2074 1286 2146 κορυφούμεθα
1328 2075 1464 2146 πρὸς
1493 2075 1561 2128 τὰ
1588 2075 1720 2146 ὕψη,

147 2165 399 2227 ’κάκεῖνος
431 2161 737 2232 ἐμποδίζειν
763 2165 1016 2233 πειρᾶται
1046 2162 1134 2215 διὰ
1153 2161 1262 2216 τῶν
1286 2162 1430 2215 ἰδίων
1458 2161 1718 2229 παγίδων.

155 2255 260 2306 Καὶ
287 2254 337 2306 τί
365 2255 507 2323 μέγα
537 2253 678 2324 ἔχειν
705 2255 853 2324 ἡμᾶς
884 2253 1212 2314 ἀντιπάλους
1243 2253 1380 2324 πρὸς
1423 2253 1484 2307 τὸ
1522 2255 1722 2322 ἀγαθὸν

148 2344 426 2416 ὁρμὼσας,
461 2347 594 2398 ὅπου
627 2363 690 2414 γε
721 2348 815 2399 καὶ
844 2346 979 2418 πρὸς
1001 2345 1070 2399 τὰ
1101 2345 1294 2417 εὐτελῆ
1315 2346 1568 2416 φθονοῦσι
1593 2363 1608 2412 ;
1631 2348 1724 2400 καὶ

150 2437 279 2506 γοῦν
305 2439 429 2502 τοὺς
471 2439 578 2491 ὑπὸ
599 2439 697 2509 τὴν
742 2439 844 2509 γῆν
883 2437 1259 2508 τεθαμμένους
1313 2437 1616 2509 θησαυροὺς
1660 2439 1723 2491 οὐ

155 2529 492 2599 συγχωροῦσι
524 2530 823 2601 λαμϐάνειν
857 2529 1195 2602 ἀνθρώπους.
1248 2531 1309 2584 Εἰ
1339 2525 1431 2584 οὖν
1464 2530 1558 2582 καὶ
1587 2529 1725 2601 πρὸς

153 2621 250 2691 τὴν
269 2623 461 2692 γηῖνην
491 2623 790 2691 φαντασίαν
818 2623 1166 2690 ἁντίκεινται,
1197 2624 1347 2694 πόσῳ
1372 2623 1569 2694 μᾶλλον
1587 2623 1726 2693 πρὸς

153 2711 250 2780 τὴν
278 2713 384 2765 τῶν
411 2712 651 2782 οὐρανῶν
683 2712 958 2783 βασιλείαν
985 2713 1375 2782 φθονήσουσιν;

223 2800 311 2853 45.
351 2803 440 2853 Δεῖ
469 2799 561 2856 οὖν
599 2803 717 2856 κατ’
751 2803 929 2857 αὐτῶν
964 2803 1233 2867 παντοίως
1263 2803 1593 2868 ὁπλίζεσθαι·
1631 2802 1726 2856 καὶ

152 2890 262 2962 γὰρ
291 2891 384 2943 καὶ
405 2890 600 2956 ἔξωθεν
621 2893 1011 2958 εἰσελαύνουσι,
1043 2894 1137 2948 καὶ¹
1168 2894 1318 2948 οὐδὲν
1342 2890 1502 2965 ἦττον
1532 2896 1596 2948 ὲκ
1616 2895 1725 2948 τῶν

151 2981 351 3048 ἔξωθεν
383 2983 676 3037 κινοῦνται.
706 2987 816 3038 Καὶ
848 2987 881 3056 ἡ
913 2986 1080 3056 ψυχὴ,
1121 2985 1371 3057 καθάπερ
1408 2985 1559 3049 ναῦς,
1595 2987 1725 3039 ποτὲ

150 3074 254 3143 μὲν
288 3074 390 3126 ὑπὸ
422 3074 526 3127 τῶν
554 3075 750 3141 ἔξωθεν
777 3078 1077 3148 τρικυμιῶν
1100 3078 1570 3144 καταποντίζεται,
1593 3077 1724 3130 ποτὲ

151 3166 209 3218 δὲ
246 3167 352 3219 ὑπὸ
388 3168 486 3237 τῆς
524 3168 732 3222 ἔνδοθεν
757 3169 975 3234 ἀντλίας
1008 3169 1334 3241 ὑποϐρύχιος
1364 3170 1591 3238 γίνεται.
1616 3169 1724 3224 Καὶ

151 3257 283 3326 γοῦν
316 3260 408 3311 καὶ
434 3261 594 3329 ἡμεῖς
627 3262 756 3314 ποτὲ
805 3262 902 3331 μὲν
945 3260 1036 3314 διὰ
1077 3263 1184 3315 τῶν
1215 3262 1374 3325 ἐκτὸς
1404 3260 1725 3332 πρακτικῶν

147 3349 562 3421 ἁμαρτημάτων
608 3352 978 3422 ἀπολλύμεθα,
1014 3352 1146 3406 ποτὲ
1189 3353 1245 3405 δὲ
1288 3353 1375 3406 διὰ
1429 3353 1536 3406 τῶν
1578 3352 1726 3406 ένδον

150 3441 426 3511 λογισμῶν
457 3442 848 3513 ἁφανιζόμεθα.
881 3446 972 3496 Δεῖ
1001 3440 1092 3497 οὖν
1123 3445 1216 3497 καὶ
1245 3443 1343 3508 τὰς
1378 3444 1575 3510 ἔξωθεν
1617 3445 1727 3498 τῶν

150 3533 478 3604 πνευμάτων
509 3538 788 3607 ἐπιτηρεῖν
831 3537 1157 3608 προσϐολὰς,
1197 3539 1292 3590 καὶ
1322 3537 1419 3601 τὰς
1443 3539 1588 3592 ἔνδον
1619 3538 1726 3591 τῶν

147 3626 426 3696 λογισμῶν
457 3626 727 3694 ἐξαντλεῖν
765 3628 1124 3699 ἀκαθαρσίας,
1173 3630 1401 3683 πάντοτε
1429 3631 1487 3683 δὲ
1517 3646 1725 3702 γρηγο-

147 3722 270 3793 ρεῖν
303 3721 437 3793 πρὸς
462 3722 587 3785 τοὺς
616 3721 926 3793 λογισμούς·
961 3723 1200 3795 συνεχῶς
1240 3723 1350 3796 γὰρ
1385 3723 1724 3795 ἐφίστανται.

163 3813 290 3867 Ἐπὶ
319 3815 414 3884 μὲν
446 3818 567 3878 ταῖς
593 3813 789 3880 ἔξωθεν
810 3817 1144 3886 τρικυμίαις,
1184 3815 1427 3886 βοώντων
1464 3815 1570 3868 τῶν
1600 3833 1728 3869 ναυ-

146 3903 282 3966 τῶν,
311 3903 568 3968 πολλάκις
592 3908 624 3976 ἡ
663 3908 904 3976 σωτηρία
927 3907 1012 3960 διὰ
1041 3907 1149 3960 τῶν
1176 3909 1489 3974 ὲγγυτάτων
1527 3907 1726 3960 πλοίων

147 3997 379 4064 γίνεται·
409 3999 466 4049 αἱ
493 3997 549 4050 δὲ
576 3998 808 4062 ἀντλίαι,
833 3998 928 4052 καὶ
958 3998 1313 4069 κοιμωμένων
1342 3998 1600 4062 πολλάκις
1616 3999 1726 4050 τῶν

151 4087 476 4158 πλωτήρων,
503 4088 598 4142 καὶ
616 4089 1003 4160 ,ἡσυχαζούσης
1035 4090 1136 4158 τῆς
1165 4088 1460 4160 θαλάσσης,
1492 4091 1728 4159 ἐπισυμ-

144 4179 418 4243 6αίνουσι,
440 4180 536 4233 καὶ
553 4180 813 4244 πολλάκις
838 4182 1036 4244 αὐτοὺς
1062 4180 1405 4234 θανατοῦσιν.

220 4273 310 4326 46.
352 4276 444 4326 Δεῖ
467 4270 559 4327 οὖν
585 4275 994 4347 ὲπιπονωτέραν
1024 4276 1292 4329 ποιεῖσθαι
1324 4275 1460 4348 πρὸς
1489 4276 1617 4339 τοὺς
1640 4275 1727 4328 λο-

149 4366 384 4435 γισμοὺς
410 4365 507 4437 τὴν
539 4366 792 4420 διάνοιαν.
839 4367 896 4420 Ὀ
933 4367 1042 4437 γὰρ
1067 4367 1278 4439 ἐχθρὸς,
1302 4367 1553 4437 καθάπερ
1578 4363 1724 4421 οἶκον

1824 513 2050 568 malium
2087 526 2248 578 esca;
2281 511 2353 564 ita
2384 525 2488 564 nec
2525 509 2838 566 hominibus
2865 525 3010 565 unus
3037 526 3218 567 sermo
3246 527 3400 567 com-

1822 605 1960 676 petit
1986 623 2000 658 :
2033 602 2157 656 Non
2189 611 2396 672 oportet
2427 602 2595 664 enim,
2631 602 2826 670 inquit,
2853 600 3030 655 vinum
3053 619 3241 656 novum
3275 601 3398 657 mit;

1825 706 1930 751 tere
1983 697 2038 749 in
2081 704 2219 748 utres
2253 693 2528 748 veteres“.
2569 692 2614 745 A
2644 694 3107 762 contemplatione
3142 694 3306 766 625
3343 704 3400 750 et

1825 789 2053 844 scientia
2075 785 2268 856 repleti
2301 791 2451 848 sunt,
2485 785 2646 840 aliter
2677 785 2770 854 qui
2799 786 3095 841 as'ceticam
3128 796 3181 840 et
3211 797 3402 840 actuo-

1825 897 1939 936 sam
1967 883 2132 933 vitam
2165 877 2548 948 degustarunt,
2581 890 2644 930 ac
2673 877 2764 946 qui
2792 877 2846 931 in
2872 877 3072 932 saeculo
3096 892 3196 947 pro
3224 875 3399 932 facul-

1823 979 1935 1026 tate
1966 971 2237 1042 justitiam
2268 971 2476 1025 colunt.
2502 968 2570 1022 Et
2605 968 3068 1039 quemadmodum
3117 968 3396 1033 animalia,

1823 1064 2072 1134 quaedam
2100 1061 2381 1117 terrestria
2403 1069 2553 1125 sunt,
2573 1060 2821 1131 quaedam
2845 1059 3126 1129 aquatilia,
3150 1057 3398 1129 quaedam

1822 1156 2100 1220 volatilia;
2137 1154 2218 1210 sic
2239 1162 2293 1209 et
2317 1153 2587 1214 homines,
2611 1153 2704 1206 alii
2735 1151 2968 1206 mediam
3000 1159 3186 1207 tenent
3231 1151 3397 1217 vium,

1824 1249 1884 1295 ut
1913 1241 2229 1309 terrestria;
2263 1239 2356 1294 alii
2383 1239 2452 1294 ad
2481 1240 2696 1294 excelsa
2725 1239 2996 1304 feruntur,
3031 1249 3090 1294 ut
3119 1240 3397 1306 volatilia;

1824 1334 1917 1388 alii
1948 1334 2002 1386 in
2033 1333 2192 1403 aquis
2221 1333 2479 1387 vitiorum
2509 1331 2749 1386 demersi
2784 1339 2932 1397 sunt,
2974 1339 3234 1402 tanquam
3287 1334 3400 1404 pis-

1823 1439 1937 1479 ces.
1977 1423 2064 1478 Ait
2087 1425 2233 1479 enim
2270 1443 2284 1479 :
2331 1423 2458 1478 Veni
2485 1424 2542 1478 in
2588 1422 2929 1477 altitudinem
2972 1426 3160 1488 maris,
3187 1434 3235 1477 et
3267 1433 3402 1478 tem-

1821 1524 1995 1584 pestas
2019 1515 2266 1570 demersit
2293 1532 2374 1569 me
2390 1517 2459 1570 θ’.
2492 1511 2616 1569 Iltec
2650 1523 2733 1568 est
2781 1523 2976 1569 natura
3029 1516 3347 1572 animalium
3380 1536 3396 1572 :

1823 1623 1925 1663 nos
1952 1616 2133 1663 autem
2175 1608 2485 1679 aquilarum
2531 1608 2708 1662 instar
2731 1607 2833 1661 alis
2868 1606 3171 1675 instructa,
3205 1609 3400 1664 altiora

1824 1706 2094 1768 petamus.
2125 1707 2179 1754 et
2229 1700 2616 1755 conculcemus
2664 1699 2875 1753 leonem
2911 1707 2965 1754 et
3001 1697 3396 1769 draconein"';

1825 1806 1974 1845 nunc
2003 1793 2052 1847 ei
2082 1792 2414 1862 imperemus
2444 1791 2538 1860 qui
2569 1803 2694 1845 ante
2724 1791 3027 1860 imperabat
3060 1792 3238 1848 nobis.
3272 1790 3400 1848 Haec

1825 1897 1988 1953 porro
2016 1883 2426 1954 praestabimus,
2455 1885 2502 1938 si
2528 1890 2696 1937 totam
2725 1890 2964 1938 mentem
3002 1892 3246 1940 nostram
3281 1885 3402 1939 Sal-

1825 1973 1998 2028 vatori
2029 1973 2414 2028 obtulerimus.

1894 2067 1984 2121 ιιι
2023 2064 2131 2119 Sed
2172 2079 2282 2135 quo
2312 2063 2486 2134 magis
2524 2065 2592 2120 ad
2631 2065 2850 2121 excelsa
2889 2068 3298 2137 consurgimus,
3335 2085 3402 2123 eo

1824 2158 1999 2228 magis
2020 2157 2113 2211 ille
2141 2172 2240 2228 per
2277 2156 2667 2226 laqueossuos
2707 2158 2971 2229 impedire
3014 2171 3266 2216 conatur.
3299 2161 3402 2216 Ec-

1825 2248 1957 2318 quid
1973 2263 2230 2318 magnum
2248 2247 2294 2302 si
2312 2248 2472 2301 nobis
2488 2255 2617 2314 sunt
2632 2247 2953 2315 adversarii,
2973 2266 3093 2322 qua:
3110 2252 3175 2306 ad
3197 2255 3399 2308 bonum

1826 2341 2125 2406 tendimus,
2156 2341 2377 2409 quando
2407 2341 2459 2395 in
2486 2342 2688 2398 vilibus
2714 2343 2876 2397 etiam
2923 2345 3090 2401 rebus
3115 2345 3402 2402 invident?

1828 2430 1973 2487 Sane
2005 2432 2294 2488 thesauros
2331 2433 2389 2486 in
2436 2439 2585 2487 terra
2620 2433 2934 2490 reconditos
2962 2452 3070 2490 non
3095 2439 3404 2494 concedunt

1825 2522 2145 2578 hominibus
2179 2521 2417 2578 auferre.
2455 2522 2511 2577 Si
2544 2540 2676 2595 ergo
2703 2525 2759 2579 in
2790 2530 3022 2584 terrenis
3050 2527 3403 2587 facultatibus

1827 2615 2128 2670 adversarii
2164 2625 2312 2681 sunt,
2353 2625 2559 2688 quanto
2589 2619 2765 2689 magis
2810 2619 3130 2677 invidebunt
3174 2632 3402 2694 regnum

1827 2708 2089 2762 caelorum
2111 2708 2136 2761 ?

1896 2797 1994 2852 45.
2032 2797 2143 2867 (86)
2175 2797 2538 2864 Quamobrem
2563 2815 2726 2856 omne
2749 2801 2980 2855 telorum
3017 2816 3190 2873 genus
3211 2803 3406 2858 adver-

1828 2904 1924 2944 sus
1955 2889 2076 2944 illos
2105 2899 2189 2944 est
2217 2892 2610 2946 assumendum
2640 2912 2658 2948 ,:
2691 2909 2819 2947 nam
2844 2901 2898 2948 et
2929 2896 3276 2951 extrinsecus
3308 2911 3403 2951 ac-

1827 2980 2050 3046 cedunt,
2101 2989 2154 3036 et
2199 2983 2348 3037 Intus
2390 2994 2819 3040 commOVentur.
2865 2985 3170 3058 Animaque
3219 2996 3405 3044 nostra

1828 3073 1986 3127 navis
2031 3073 2227 3136 instar,
2267 3073 2430 3129 modo
2476 3075 2796 3132 decumanis
2856 3077 3115 3135 fluctibus
3161 3081 3404 3135 exterius

1827 3163 2194 3234 demergitur;
2227 3166 2390 3221 modo
2425 3167 2496 3222 ab
2518 3167 2767 3224 interiori
2800 3172 3011 3225 sentina
3052 3186 3316 3242 aquarum
3347 3174 3403 3228 vi

1826 3251 2173 3322 deprimitur.
2206 3256 2272 3308 Et
2301 3271 2402 3311 nos
2442 3257 2714 3312 interdum
2759 3275 2855 3329 per
2882 3263 3154 3317 exteriora
3179 3274 3402 3334 peccata

1827 3345 1883 3400 in
1905 3348 2203 3415 perniciem
2227 3350 2392 3414 imus,
2414 3351 2710 3421 aliquando
2736 3352 2966 3409 internis
2987 3356 3405 3426 cogitationibus

1828 3439 2209 3509 opprimimur.
2242 3441 2511 3498 Convenit
2539 3443 2706 3514 igitur
2735 3461 2860 3500 cum
2911 3454 3169 3503 externos
3210 3463 3404 3504 cavere

1829 3531 2121 3600 spirituum
2170 3533 2407 3604 impetus
2427 3576 2442 3600 ,
2476 3545 2587 3589 tum
2623 3537 2864 3592 internas
2892 3539 3281 3608 c0gitationum
3307 3556 3406 3594 ex-

1829 3621 2053 3678 haurire
2099 3623 2468 3692 impuritates.
2507 3625 2735 3697 Semper
2767 3630 2912 3684 enim
2959 3630 3224 3685 adversus
3255 3632 3407 3702 cogi-

1828 3715 2064 3770 tationes
2115 3717 2544 3788 advigilandum,
2599 3722 2820 3776 assidue
2874 3738 3111 3793 namque
3173 3725 3402 3782 instant.

1826 3807 1964 3862 Dum
2000 3807 2288 3863 decumani
2315 3812 2516 3881 quippe
2545 3811 2744 3868 ﬂuctus
2787 3817 3030 3871 exterius
3085 3817 3401 3887 insurgunt,

1826 3902 2194 3958 clamantibus
2223 3903 2428 3970 nautis,
2473 3920 2568 3974 per
2605 3907 2850 3976 proxima
2886 3909 3100 3977 navigia
3133 3909 3284 3964 salus
3317 3912 3404 3962 at-

1827 3993 2020 4049 fertur.
2053 3994 2124 4048 At
2153 3997 2380 4052 sentinae
2415 3999 2814 4055 dormientibus
2849 4002 3170 4072 plerumque
3198 4004 3403 4070 mntis,

1826 4089 2124 4159 tranquillo
2151 4089 2311 4153 mari,
2341 4091 2506 4147 undis
2547 4107 2738 4146 navem
2785 4093 3034 4162 implent,
3069 4109 3133 4148 ac
3156 4110 3257 4149 nec
3286 4097 3407 4166 opi-

1826 4188 2023 4235 nantes
2057 4179 2400 4237 interimunt.

1895 4272 1986 4326 46.
2019 4271 2224 4327 Grandi
2274 4273 2460 4344 itaque
2502 4275 2689 4330 labore
2729 4276 2994 4333 adversus
3039 4278 3406 4350 cogitationes

1826 4364 2158 4435 vigilandum
2185 4366 2370 4420 animo
2391 4374 2493 4422 est.
2522 4365 2782 4423 Inimicus
2801 4370 2945 4423 enim
2972 4372 3210 4425 animam
3235 4372 3404 4425 veluti

147 4457 248 4530 τὴν
277 4458 454 4530 ψυχὴν
485 4459 731 4513 καθελεῖν
766 4459 1105 4531 βουλόμενος,
1131 4461 1164 4532 ἦ
1192 4461 1300 4515 ἀπὸ
1323 4460 1432 4514 τῶν
1459 4459 1723 4530 θεμελίων

1831 4455 2051 4512 domum
2084 4465 2329 4512 evertere
2376 4459 2624 4528 cupiens,
2661 4467 2754 4513 aut
2795 4476 2826 4515 a
2876 4459 3248 4520 fundamentis
3287 4464 3407 4518 rui-

149 4552 384 4602 ποιεῖται
415 4550 586 4620 αὐτῆς
607 4551 705 4623 τὴν
741 4551 968 4616 πτῶσιν,
998 4553 1031 4623 ἢ
1067 4552 1177 4605 ἀπὸ
1199 4553 1298 4622 τῆς
1325 4551 1530 4622 ὀροφῆς
1562 4551 1728 4622 ἀρχό-

149 4657 335 4711 μενος,
367 4643 546 4696 πᾶσαν
589 4643 758 4714 αὐτὴν
791 4644 1108 4716 καταφέρει,
1135 4644 1168 4715 ἢ
1203 4643 1296 4697 καὶ
1321 4642 1408 4696 διὰ
1437 4643 1545 4696 τῶν
1570 4643 1724 4714 θυρί-

140 4734 254 4788 δων
291 4734 566 4801 εἰσελθὼν,
607 4735 819 4807 πρῶτον
855 4737 946 4789 τὸν
977 4735 1358 4806 οἰκοδεσπότην
1390 4735 1598 4805 δεσμεῖ,
1631 4735 1725 4787 καὶ

143 4823 323 4887 οὕτως
349 4823 623 4895 χειροῦται
655 4824 725 4877 τὰ
756 4827 951 4879 πάντα.
984 4825 1243 4896 Θεμέλιος
1270 4827 1369 4896 μὲν
1395 4823 1489 4879 οὖν
1513 4827 1628 4878 ἐστι
1657 4825 1724 4878 τὰ

143 4915 295 4970 καλὰ
333 4914 490 4986 ἔργα,
524 4915 694 4987 ὀροφὴ
727 4916 784 4969 δὲ
814 4919 846 4987 ἡ
877 4917 1077 4980 πίστις,
1114 4916 1328 4987 θυρίδες
1359 4916 1417 4969 δὲ
1443 4918 1498 4969 αἱ
1533 4915 1723 4986 αἰσθή-

146 5023 288 5071 σεις.
317 5008 416 5061 Διὰ
444 5008 660 5062 πάντων
701 5009 756 5061 δὲ
794 5009 1021 5079 πολεμεῖ
1057 5011 1086 5063 ὁ
1114 5009 1326 5080 ἐχθρός.
1358 5008 1520 5062 Ὅθεν
1559 5007 1725 5060 πολυ⁹

140 5098 423 5169 ὁφθαλμον
448 5099 530 5152 δεῖ
560 5096 697 5154 εἶναι
724 5101 813 5153 τὸν
846 5100 1084 5170 σωθῆναι
1103 5100 1441 5171 βουλόμενον.
1463 5101 1577 5153 Οὐκ
1605 5099 1725 5168 έχο-

144 5208 249 5260 μεν
280 5190 513 5245 ἐνταῦθα
546 5191 607 5243 τὸ
633 5192 954 5262 ἀμέριμνον·
982 5193 1116 5264 φησὶ
1135 5191 1245 5264 γὰρ
1267 5195 1300 5263 ὴ
1327 5193 1538 5264 Γραφή·
1578 5196 1725 5247 Βλε-

138 5281 304 5334 πέτω
333 5285 364 5336 ό
393 5281 662 5349 ἑστηκὼς
682 5282 767 5351 μὴ
799 5282 979 5350 πέσῃ.

217 5373 307 5426 47.
362 5373 449 5426 Ἐν
474 5374 652 5445 ἀδήλῳ
680 5374 930 5456 πλέομεν·
965 5373 1207 5427 θάλασσα
1239 5374 1348 5446 γὰρ
1369 5376 1397 5428 ὁ
1430 5374 1542 5444 βίος
1563 5375 1719 5446 ἡμῶν

1828 4564 1954 4604 nam
1991 4549 2096 4620 ipsi
2126 4558 2304 4620 parat,
2339 4559 2433 4603 aut
2467 4565 2496 4603 a
2529 4559 2671 4606 tecto
2699 4552 2966 4622 incipiens
3006 4563 3174 4610 totam
3209 4558 3403 4624 diruit,

1827 4649 1922 4696 aut
1952 4656 2049 4712 per
2097 4641 2366 4697 fenestras
2410 4642 2692 4712 ingressus
2727 4643 2903 4712 primo
2951 4645 3402 4715 patremfamilias

1825 4733 2032 4803 alligat,
2068 4741 2123 4787 et
2155 4734 2235 4788 sic
2266 4733 2508 4788 omnium
2550 4737 2778 4803 potitur.
2827 4733 3260 4793 Fundamentum
3297 4741 3404 4794 ita-

1825 4839 1932 4894 que
1990 4833 2120 4878 sunt
2168 4824 2311 4878 bona
2337 4839 2522 4894 opera,
2549 4833 2750 4880 lectum
2777 4826 2934 4890 ﬁdes,
2971 4827 3225 4892 fenestrae
3279 4845 3406 4885 sen-
3484 4832 3489 4837 ’

1827 4931 1944 4970 sus.
1996 4914 2102 4970 Per
2153 4915 2270 4970 haec
2317 4920 2503 4972 omnia
2559 4918 2762 4973 bellum
2815 4929 2997 4976 movet
3052 4922 3406 4982 adversarqu

1829 5006 1966 5075 (87).
1998 5006 2365 5072 Quamobrem
2391 5010 2577 5066 multis
2606 5013 2781 5068 oculis
2804 5013 2966 5067 habet
2995 5028 3134 5084 opus
3167 5015 3261 5085 qui
3288 5016 3405 5073 vu't

1830 5099 2061 5153 salutem
2083 5101 2367 5169 consequi.
2401 5099 2592 5171 Neque
2614 5103 2758 5156 enim
2783 5104 2872 5158 hic
2887 5120 3182 5175 possumus
3201 5121 3332 5160 cura
3351 5114 3409 5168 et

1828 5191 2198 5246 sollicitudine
2227 5192 2386 5246 vacui
2411 5208 2556 5260 esse,
2599 5195 2674 5248 ait
2699 5196 2902 5266 quippe
2943 5194 3227 5268 Scriptura
3255 5217 3270 5253 :
3301 5197 3405 5265 ρα

1827 5289 1958 5344 stat,
1987 5282 2157 5335 videat
2181 5299 2244 5336 ne
2263 5283 2422 5336 cadat
2457 5285 2525 5337 ".

1898 5373 1988 5428 47.
2023 5375 2084 5429 In
2113 5373 2352 5431 obscuro
2379 5377 2700 5448 navigamus
2727 5395 2739 5431 :
2769 5380 2878 5436 vita
2907 5381 3110 5456 quippe
3149 5387 3338 5439 nostra
3371 5392 3400 5438 ι

212 5532 264 5564 9‘
304 5529 494 5584 Matth.
535 5547 628 5594 ix,
683 5531 770 5585 I7.
849 5534 894 5564 ⁸⁵
934 5530 1080 5586 Psal.
1117 5546 1309 5595 vam,
1344 5533 1397 5588 5.
1475 5535 1520 5566 ⁸⁸
1558 5533 1702 5588 Psal.

1831 5575 1834 5591 .
1873 5534 1960 5588 15.
2038 5534 2083 5564 ’⁷
2126 5534 2147 5588 I
2181 5534 2309 5591 Cor.
2347 5552 2419 5600 ι,
2463 5537 2549 5591 12.

217 5686 332 5757 (86)
377 5685 482 5740 Vit.
511 5685 627 5739 PP.
653 5687 691 5739 ι.
716 5687 882 5752 v.11,
910 5689 999 5742 33.

550 5781 818 5842 PATROL.
853 5782 967 5843 Gn.
1005 5779 1291 5843 XXVIII.

1913 5691 2024 5762 (87)
2069 5691 2170 5747 vn.
2213 5692 2370 5747 pm
2425 5713 2477 5760 ν,
2517 5696 2716 5759 11,54.
