3852 6206
444 259 580 319 1516

1571 261 1629 315 S.
1672 259 2137 321 ATIIANASIUS.
2178 297 2249 306 —
2291 264 2563 321 SPUltlA.

3562 275 3691 327 1516

441 399 598 441 sacro
636 390 859 438 cantore
895 382 1094 438 Davide
1135 398 1284 438 mare
1323 391 1405 440 cst
1456 384 1746 455 appellata.
1782 383 1839 438 In
1874 385 2013 439 mari

2124 388 2225 441 ὑπὸ
2252 388 2346 440 τοῦ
2377 387 2521 459 ἱεροῦ
2547 387 2750 457 ψάλτου
2784 387 2946 442 Δαϐὶδ
2985 386 3220 460 εἴρηται.
3276 387 3437 441 Ἀλλά
3470 388 3572 458 τῆς
3605 388 3697 443 θα-

442 490 606 546 porro
636 476 742 528 alia
776 476 895 530 loca
930 483 1060 530 sunt
1112 485 1350 546 pctrosa,
1396 476 1504 529 alia
1536 477 1801 531 monstris
1833 476 2015 546 plena,

439 569 546 622 alia
576 567 892 637 tranquilla.
918 565 1030 622 Nos
1064 568 1120 621 in
1153 567 1449 637 tranquilla
1479 568 1649 622 maris
1680 577 1836 638 parte
1865 567 2018 623 vide-

439 677 564 716 mur
582 662 840 732 navigare
864 677 880 726 ;
914 661 1206 716 saeculares
1225 676 1356 716 vero
1383 661 1706 730 periculosis
1736 661 1790 714 in
1818 661 2016 732 plagis.

441 753 548 809 Nos
578 753 814 809 interdiu
851 753 1197 824 navigamus,
1224 769 1255 808 a
1279 755 1393 810 sole
1415 754 1643 823 justitiaa
1671 755 1805 810 recti
1835 763 1889 809 et
1917 755 2017 809 de-

439 846 623 908 ducti;
658 846 737 900 illi
775 853 941 900 noctu
993 847 1299 915 ignorantia
1348 846 1574 901 ferente.
1610 844 1717 900 Sed
1749 846 2019 915 contingit

441 940 760 1010 plerumque
807 947 865 994 ut
892 939 1193 1004 saecularis,
1226 941 1282 994 in
1309 947 1638 1009 tempestate
1676 954 1740 994 ac
1776 939 2018 994 tenebris

440 1033 733 1096 exsistens,
778 1029 1070 1085 clamando
1097 1040 1152 1085 et
1189 1029 1464 1102 vigilando
1507 1045 1700 1085 navem
1732 1038 2019 1086 conservet

439 1138 594 1179 suam
621 1141 636 1190 ;
667 1137 768 1178 nos
799 1137 930 1178 vero
975 1137 1074 1193 per
1108 1123 1378 1176 incuriam
1411 1123 1710 1193 tranquillo
1736 1123 1874 1176 mari
1923 1122 2021 1178 de-

439 1229 775 1287 mergamur,
811 1215 1016 1270 amisso
1043 1214 1271 1284 justitiac
1307 1215 1482 1270 clavo.

511 1435 599 1488 48.
632 1434 736 1500 Qui
780 1442 887 1488 stat
927 1433 1113 1504 igitur,
1150 1433 1322 1486 videat
1368 1450 1430 1487 ne
1460 1433 1641 1489 cadat.
1671 1433 1777 1501 Qui
1825 1433 2022 1490 cecidit

439 1525 587 1581 enim
614 1541 782 1580 unam
819 1526 983 1581 habet
1023 1540 1234 1590 curam,
1266 1534 1326 1578 ut
1366 1527 1575 1582 scilicet
1609 1535 1880 1598 resurgat.
1916 1525 2020 1593 Qui

442 1633 570 1673 vero
609 1625 740 1682 stat,
771 1626 963 1672 caveat
986 1617 1091 1672 sibi
1116 1634 1185 1673 ne
1213 1618 1395 1672 cadat.
1429 1618 1579 1672 Varii
1609 1634 1848 1690 namque
1891 1627 2022 1674 sunt

439 1726 624 1765 casus.
657 1709 763 1776 Qui
791 1710 1110 1765 ceciderunt
1136 1710 1284 1765 enim
1315 1725 1424 1765 non
1452 1711 1595 1764 ultra
1619 1711 1840 1781 quidem
1871 1718 2020 1766 stant

2117 480 2326 552 λάσσης
2343 481 2412 534 τὰ
2436 481 2532 551 μέν
2558 482 2665 534 εἰσι
2691 480 2957 550 πετρώδη,
2984 480 3054 533 τά
3071 480 3128 532 δὲ
3150 481 3244 533 καὶ
3267 480 3472 551 θηρίων
3494 481 3696 553 πλήρη,

2118 573 2238 626 τινὰ
2269 573 2326 626 δὲ
2358 573 2454 625 καὶ
2487 571 2719 643 γαληνά.
2759 571 2950 641 Ἡμεῖς
2971 572 3029 624 ἐν
3051 571 3130 642 τῷ
3159 571 3378 641 γαληνῷ
3413 572 3573 642 μέρει
3604 573 3702 642 τῆς

2120 663 2394 735 θαλάσσης
2422 662 2684 734 δοκοῦμεν
2706 663 2906 726 πλέειν,
2930 665 2978 716 οί
3007 663 3064 716 δὲ
3086 663 3338 733 κοσμικοὶ
3364 665 3419 714 ἐν
3447 661 3703 716 κινδυνώ-

2117 756 2234 809 δεσι
2254 774 2266 786 ·
2310 755 2405 808 καὶ
2451 757 2613 827 ἡμεῖς
2645 758 2742 827 μὲν
2778 757 2992 826 ἡμέρας
3025 755 3259 825 πλέομεν
3285 755 3389 807 ὑπὸ
3425 754 3521 807 τοῦ
3548 755 3701 824 ἡλίου

2118 849 2216 920 τῆς
2236 848 2582 921 δικαιοσύνης
2602 848 2979 920 ὁδηγούμενοι,
3009 849 3206 901 ἐκεῖνοι
3229 847 3287 900 δὲ
3318 849 3377 900 ἐν
3397 849 3575 912 νυκτὶ,
3600 847 3704 898 ὑπὸ

2119 941 2217 1010 τῆς
2258 939 2533 1007 ἀγνωσίας
2581 940 2888 1010 φερόμενοι.
2950 939 3090 991 Ἀλλ’
3135 939 3407 1010 ἐνδέχεται
3440 938 3705 1001 πολλάκις

2118 1029 2210 1082 τὸν
2253 1030 2518 1100 κοσμικὺν
2560 1033 2619 1084 ἐν
2655 1030 2884 1102 χειμῶνι
2921 1029 3017 1084 καὶ
3051 1031 3108 1081 ἐν
3140 1030 3316 1081 σκότει
3344 1029 3703 1098 τυγχάνοντα,

2121 1119 2395 1191 βοήσαντα
2429 1121 2524 1174 καὶ
2551 1121 2997 1192 ἀγρυπνήσαντα,
3034 1119 3204 1172 σῶσαι
3234 1119 3295 1171 τὸ
3332 1117 3529 1172 ἑαυτοῦ
3569 1118 3707 1172 σκά-

2121 1228 2241 1280 φος·
2276 1213 2424 1283 ἡμᾶς
2452 1212 2510 1265 δὲ
2540 1214 2598 1264 ἐν
2629 1211 2856 1284 γαλήνῃ,
2909 1211 3014 1264 ὑπὺ
3058 1210 3320 1280 ἀμελείας
3355 1209 3706 1280 βυθισθῆναι,

2119 1304 2180 1358 τὸ
2212 1304 2472 1376 πηδάλιον
2494 1305 2595 1375 τῆς
2617 1303 2962 1375 δικαιοσύνης
2988 1303 3247 1372 ἀφέντας.

2191 1435 2282 1489 48.
2323 1435 2602 1490 Βλεπέτω
2651 1431 2745 1490 οὖν
2790 1439 2825 1490 ὁ
2888 1433 3133 1500 στήκων
3155 1435 3242 1504 μὴ
3279 1433 3463 1503 πέσῃ.
3510 1433 3572 1486 '0
3612 1434 3710 1503 μὲν

2121 1527 2231 1598 γὰρ
2260 1526 2445 1581 πεσὼν
2482 1528 2612 1600 μίαν
2655 1527 2770 1599 ἔχει
2804 1527 3082 1598 φροντίδα,
3117 1527 3211 1579 τοῦ
3242 1526 3563 1598 ἀναστῆναι·
3598 1528 3628 1578 ὁ
3654 1525 3712 1576 δὲ

2124 1622 2341 1690 στήκων
2387 1619 2740 1688 φυλαττέσθω
2780 1618 2874 1672 τοῦ
2937 1619 3013 1690 μὴ
3065 1621 3271 1672 πεσεῖν.
3327 1619 3438 1671 Καὶ
3483 1617 3602 1687 γὰρ
3644 1618 3714 1670 τὰ

2124 1711 2552 1782 παραπτώματα
2576 1713 2828 1783 διάφορα·
2852 1713 2902 1765 οἱ
2937 1714 3036 1782 μὲν
3062 1712 3171 1782 γὰρ
3201 1711 3457 1774 πεσόντες
3480 1710 3585 1763 τοῦ
3613 1709 3714 1778 μὲν

439 1800 640 1865 erecti;
674 1799 769 1856 sed
793 1810 970 1855 tamen
989 1800 1262 1871 jacentes,
1288 1816 1397 1855 non
1427 1803 1658 1856 multum
1690 1808 2019 1872 acceperunt

2124 1805 2343 1875 στήκειν
2375 1805 2716 1876 ἐστέρηνται·
2745 1803 2986 1874 κείμενοι
3011 1804 3091 1867 δὲ,
3120 1804 3182 1856 οὐ
3210 1803 3350 1856 πάνυ
3378 1820 3434 1854 τι
3466 1801 3714 1869 ἐϐλάϐη-

439 1891 646 1946 damni.
683 1890 787 1956 Qui
825 1899 936 1945 stat
970 1899 1174 1955 autem,
1213 1907 1282 1946 ne
1316 1891 1585 1962 despiciat
1622 1909 1748 1948 eum
1797 1894 1892 1963 qui
1943 1894 2023 1948 la-

441 1997 575 2052 psus
603 1988 710 2046 est,
741 1980 840 2037 sed
868 1979 1189 2036 reformidet
1233 1998 1301 2036 ne
1331 1983 1610 2052 collapsus
1644 1990 1699 2038 et
1744 1983 1860 2054 ipse
1897 1999 2023 2054 per-

439 2083 550 2139 eat,
593 2087 730 2128 neve
773 2073 830 2127 in
883 2073 1132 2128 altiorem
1189 2089 1249 2128 se
1303 2074 1622 2145 voraginem
1671 2075 2019 2146 prmeipitet:

442 2164 537 2219 ubi
568 2164 709 2220 forte
729 2164 1012 2236 continget
1049 2171 1109 2217 ut
1145 2164 1294 2234 putei
1319 2164 1696 2234 profunditate
1723 2167 2022 2221 clamorem

448 2263 764 2324 superante,
795 2269 864 2310 ne
889 2262 1072 2324 petere
1092 2253 1310 2324 quidem
1346 2255 1518 2326 possit
1563 2255 1847 2310 auxilium.
1888 2255 2021 2310 Nam

447 2347 613 2420 626
638 2347 820 2417 justus
861 2347 936 2400 ait
972 2365 987 2402 :
1030 2344 1114 2401 Ne
1147 2347 1425 2402 absorbent
1453 2363 1532 2401 me
1567 2348 2024 2418 profundum,-ne-

441 2455 539 2510 que
581 2447 764 2510 urgeat
785 2454 946 2507 super
973 2453 1055 2492 me
1083 2448 1271 2508 puteus
1305 2455 1362 2492 os
1390 2454 1547 2492 suum
1579 2439 1650 2492 ⁸⁸..
1673 2437 1780 2506 Qui
1809 2438 2022 2509 primus

443 2529 664 2594 cecidit,
688 2530 908 2586 mansit.
934 2527 1305 2599 Prospicejtibi
1329 2545 1399 2584 ne
1412 2531 1690 2600 delapsus,
1715 2532 2020 2586 belluarum

445 2622 603 2677 cibus
643 2622 865 2676 evadas.
901 2620 1006 2686 Qui
1054 2621 1203 2675 cadit
1231 2619 1428 2678 domus
1461 2620 1606 2676 fores
1635 2637 1747 2675 non
1775 2622 2019 2676 obserat.

442 2709 547 2776 Tu,
582 2713 826 2782 inquam,
873 2711 1185 2767 nullatenus
1215 2711 1514 2780 dormites;
1558 2712 1654 2767 sed
1693 2727 1908 2784 semper
1934 2712 2021 2768 di-

441 2805 632 2860 vinum
688 2805 1063 2860 illud'dictum
1113 2805 1400 2862 modulare
1455 2823 1468 2859 :
1526 2805 1787 2862 Illumina
1842 2809 2020 2865 oculos

444 2915 584 2952 meos
636 2914 698 2952 ne
727 2915 976 2968 unquam
1025 2897 1355 2953 obdormiam
1405 2900 1460 2952 in
1509 2909 1677 2954 morte
1722 2901 1788 2954 ”.
1846 2899 2024 2974 Vigila

444 2990 704 3045 continue
738 2997 960 3059 propter
987 3004 1111 3044 cum
1137 2989 1231 3060 qui
1259 2997 1516 3060 tanquam
1560 2992 1643 3046 leo
1671 2992 1836 3061 rugit.

512 3104 601 3158 49.
647 3103 826 3160 Verba
860 3103 1048 3158 isthaec
1084 3103 1138 3156 in
1169 3103 1274 3158 hoc
1305 3112 1433 3157 sunt
1466 3103 1641 3168 utilia,
1693 3112 1752 3159 ut
1781 3120 1890 3160 non
1925 3121 2022 3160 ex-

445 3195 722 3252 tollamur.
750 3193 854 3260 Qui
885 3192 1102 3256 cecidit,
1137 3193 1182 3248 si
1211 3201 1564 3248 convertatur
1589 3203 1644 3248 et
1674 3195 2017 3265 ingemiscat,
2047 3187 2089 3245 C

445 3285 676 3339 salutem
711 3285 1082 3340 nanciscetur.
1107 3280 1373 3352 Prospice
1400 3283 1520 3347 tibi,
1568 3299 1691 3355 quae
1734 3293 1868 3341 stas.
1909 3284 2022 3340 Du-

446 3378 568 3446 plex
600 3377 700 3430 tibi
733 3376 968 3430 formido
1021 3376 1205 3436 instat.
1256 3383 1350 3430 aut
1399 3377 1610 3431 scilicet
1641 3393 1710 3432 ne
1744 3378 1810 3432 ad
1835 3388 2020 3435 vetera

450 3471 766 3532 revertaris,
816 3469 871 3522 in
918 3478 972 3523 te
1015 3467 1256 3523 irruente
1293 3477 1517 3538 propter
1564 3470 1872 3526 socordiam
1916 3472 2024 3526 ini-

451 3561 615 3622 mico,
641 3571 738 3615 aut
764 3576 834 3615 nc
868 3560 1010 3616 inter
1035 3563 1368 3616 currendum
1401 3564 1789 3632 supplanteris.
1819 3563 2026 3619 Advero

449 3654 630 3708 sarius
679 3653 881 3723 quippe
928 3661 1115 3708 noster
1153 3653 1428 3717 diabolus,
1480 3654 1566 3708 vel
1609 3668 1647 3706 .a
1687 3663 1839 3726 tergo
1869 3655 1935 3709 ad
1963 3672 2022 3711 se

448 3747 735 3815 pertrahit,
763 3761 888 3798 cum
918 3733 1213 3801 tardiorem
1261 3762 1591 3817 segnemque
1621 3747 1858 3800 animam
1889 3763 2024 3802 con-

448 3839 708 3907 spexerit.
741 3839 873 3904 Qua:
922 3839 969 3892 si
1021 3838 1271 3892 videatur
1301 3838 1536 3907 diligens
1588 3852 1653 3891 ac
1696 3845 1921 3893 strenua
1965 3840 2021 3892 in

447 3931 683 3986 ascetica
706 3930 839 3993 vita,
862 3929 1056 3986 callide
1072 3940 1125 3984 et
1147 3930 1359 3984 occulte
1379 3929 1548 3998 serpit
1569 3944 1667 4000 per
1686 3930 2022 3999 superbiam,

447 4030 610 4092 atque
650 4023 726 4076 ita
757 4020 1002 4076 funditus
1045 4021 1225 4092 perdit
1253 4037 1400 4075 eam.
1445 4019 1572 4076 Haec
1610 4021 1866 4076 illecebra
1903 4037 2024 4076 om-

444 4113 598 4166 nium
619 4112 885 4166 malorum
910 4111 1160 4166 ultimum
1177 4120 1260 4166 est
1288 4127 1350 4166 ac
1383 4126 1722 4182 supremum.
1745 4111 1850 4167 Per
1873 4114 2020 4167 illam

446 4203 700 4259 diabolus
732 4204 979 4273 dejectus
1013 4203 1138 4270 fuit,
1171 4219 1266 4274 per
1311 4204 1558 4259 eamdem
1601 4205 1883 4259 hominum
1908 4204 2023 4259 for-

445 4296 690 4352 tissimos
736 4310 1052 4366 expugnare
1099 4302 1294 4350 tentat.
1358 4293 1830 4362 Quemadmodum
1874 4296 2022 4350 enim

443 4386 813 4442 strenuissimi
866 4387 1088 4450 milites,
1123 4394 1412 4457 postquam
1465 4386 1677 4440 minora
1726 4386 1841 4441 tela
1889 4401 2023 4440 con-

443 4486 817 4548 sumpserunt,
855 4479 903 4534 si
942 4479 1120 4534 adhuc
1154 4485 1381 4549 urgeant
1417 4477 1738 4542 adversarii,
1784 4476 2020 4533 fortissi-

443 4586 593 4625 mum
625 4571 890 4634 omnium,
928 4571 1251 4646 machaeram
1292 4570 1523 4633 scilicet,
1555 4570 1828 4638 educunt;
1858 4571 1934 4624 ita
1963 4579 2018 4626 et

441 4665 694 4722 diabolus
723 4673 1010 4734 postquam
1042 4666 1252 4734 priores
1283 4664 1510 4733 laqueos
1533 4678 1660 4718 suos
1698 4664 2015 4734 insumpsit,

442 4767 556 4809 tum
586 4753 804 4808 demum
844 4762 1123 4824 postremo
1152 4754 1323 4808 utitur
1349 4753 1556 4824 gladio,
1606 4755 1871 4809 nimirum
1921 4771 2017 4810 su-

440 4846 648 4916 perbia.
684 4845 920 4913 Quinam
969 4853 1149 4900 autem
1201 4845 1354 4900 fuere
1388 4847 1598 4914 priores
1628 4845 1749 4915 ejus
1787 4847 2015 4916 laquei?

443 4935 588 4990 Sane
616 4936 760 5006 gula,
792 4936 1066 5006 voluptas,
1100 4933 1411 4990 fornicatio.
1435 4934 1502 4988 Hi
1530 4949 1765 5006 namque
1792 4936 2016 5005 potissi-

440 5045 589 5083 mum
650 5030 876 5099 spiritus
920 5029 1218 5099 juvenilem
1269 5037 1484 5084 aetatem
1535 5027 1797 5084 infestant
1847 5048 1860 5083 :
1900 5029 2016 5084 haec

440 5127 874 5189 consequuntur,
899 5119 1143 5186 pecunia:
1165 5133 1339 5183 amor,
1363 5117 1589 5172 avaritia
1609 5126 1664 5172 et
1689 5118 1773 5174 his
1793 5119 2014 5174 similia.

439 5211 638 5265 Misera
674 5225 804 5280 ergo
837 5211 1039 5276 anima,
1080 5211 1172 5264 ubi
1214 5210 1380 5265 hosce
1425 5211 1646 5280 laqueos
1700 5211 2014 5276 declinavit,

440 5311 728 5372 postquam
757 5309 1002 5358 ventrem
1031 5304 1324 5369 continuit,
1357 5309 1648 5372 postquam
1677 5303 1857 5357 ventri
1892 5303 2018 5359 sub-

435 5393 610 5464 iectas
638 5392 966 5463 cupiditates
1003 5408 1097 5463 per
1145 5393 1460 5463 pudicitiam
1505 5391 1823 5458 transilivit,
1865 5403 2007 5463 post-

547 5631 593 5660 "’
634 5629 778 5686 Psal.
804 5647 1015 5697 .uvm,
1056 5633 1140 5688 16.
1218 5637 1262 5667 '9
1305 5634 1449 5689 Psal.
1491 5650 1593 5699 xu,
1634 5632 1690 5689 4.

2123 1913 2244 1950 σαν.
2292 1895 2349 1949 Ὀ
2371 1896 2428 1948 δὲ
2451 1895 2623 1959 ἐστὼς
2653 1896 2728 1966 μὴ
2756 1893 3075 1958 εὐτελιζέτω
3095 1893 3186 1946 τὸν
3213 1891 3572 1956 πεπτωκότα,
3599 1889 3712 1942 ἀλλ’

2122 1990 2312 2042 ἐαυτὸν
2336 1987 2626 2057 φοϐείσθω,
2657 1986 2732 2058 μὴ
2762 1985 2942 2040 πεσὼν
2967 1985 3261 2057 διαφθαρῇ,
3293 1984 3388 2037 ml.
3414 1985 3498 2048 είς
3533 1981 3715 2037 κατοῦ⁶

2119 2097 2278 2152 τερον
2318 2079 2529 2153 ἀπέλθῃ
2572 2078 2781 2154 βόθρον.
2827 2077 2989 2141 Είκὸς
3019 2077 3150 2148 γὰρ,
3186 2075 3278 2128 καὶ
3319 2076 3420 2146 τῆς
3453 2073 3715 2145 κραυγῆς

2120 2169 2448 2242 ἡττηθείσης
2475 2168 2579 2222 ὑπὸ
2605 2168 2698 2222 τοῦ
2731 2167 2926 2238 βάθους
2951 2167 3047 2219 τοῦ
3073 2166 3325 2236 φρέατος,
3353 2166 3430 2236 μὴ
3453 2163 3714 2235 βοήθειαν

2121 2263 2361 2334 αἰτῆσαι.
2389 2262 2527 2332 Φησὶ
2553 2261 2663 2332 γὰρ
2686 2260 2714 2311 ὁ
2744 2260 2970 2322 δίκαιος-⁸
2997 2257 3096 2326 Μὴ
3125 2255 3458 2312 καταπιέτω
3482 2271 3571 2324 με
3599 2255 3715 2318 ,βυ-

2122 2353 2244 2420 θὸς,
2274 2353 2428 2423 μηδὲ
2462 2351 2744 2420 συσχέτω
2765 2351 2858 2404 ἐπ’
2895 2349 3002 2419 ἐμὲ
3037 2349 3224 2419 φρέαρ
3264 2347 3330 2402 τὸ
3359 2348 3568 2414 στόμα
3609 2347 3714 2398 αὐ-

2120 2445 2248 2500 τοῦ.
2292 2445 2350 2498 '0
2378 2443 2596 2515 πρῶτος
2637 2443 2819 2497 πεσὼν
2853 2442 3088 2514 έμεινεν.
3141 2442 3283 2512 Ὅρα
3326 2438 3587 2501 σεαυτὸν,
3637 2436 3711 2506 μὴ

2122 2534 2445 2590 καταπεσὼν
2479 2536 2573 2588 καὶ
2603 2537 2667 2588 σὺ
2694 2533 2843 2605 θοίνη
2871 2533 3074 2605 θηρίων
3106 2531 3259 2603 γένῃ.
3298 2530 3355 2583 '0
3384 2528 3578 2582 πεσὼν
3611 2528 3710 2582 οὐκ

2121 2628 2477 2697 ἀσφαλίζεται
2510 2628 2610 2700 τὴν
2641 2627 2845 2699 θύρανο
2899 2626 2963 2679 σὺ
3004 2626 3062 2678 δέ
3113 2623 3358 2695 μηδόλως
3409 2621 3704 2690 “mm;
3735 2673 3738 2676 .

2122 2719 2235 2772 ἀλλ’
2267 2720 2358 2772 ἀεὶ
2387 2719 2450 2772 τὸ
2482 2719 2622 2772 θεῖον
2667 2719 2842 2771 ἐκεῖνο
2875 2716 3106 2788 μελιξῶη
3139 2715 3322 2786 ῥητὸν,
3364 2713 3428 2766 τὸ
3469 2713 3705 2781 φάσκον·

2122 2811 2388 2865 Φώτισον
2418 2811 2560 2876 τοὺς
2589 2810 2934 2880 ὀφθαλμούς
2961 2826 3104 2878 μου,
3134 2806 3220 2876 μή
3264 2822 3408 2860 ποτε
3442 2805 3708 2860 bks-(beru

2120 2906 2208 2969 είς
2237 2903 2515 2958 θάνατον.
2559 2902 2852 2974 Ἀγρύπνει
2882 2901 2940 2955 δὲ
2970 2899 3235 2971 διηνεκῶς
3271 2897 3359 2952 διὰ
3398 2897 3492 2951 τὸν
3533 2897 3708 2970 ὠρυό-

2124 3013 2285 3068 μενον
2317 2995 2525 3050 λέοντα.

2192 3109 2281 3164 49.
2321 3108 2507 3164 Ταῦτα
2540 3107 2610 3161 τὰ
2641 3109 2862 3179 ῥήματα
2891 3105 3134 3160 συντελεῖ
3159 3104 3297 3178 πρὸς
3321 3104 3388 3157 τὸ
3427 3103 3505 3175 μὴ
3534 3103 3707 3172 ὑπερ-

2122 3199 2392 3271 αίρεσθαι.
2431 3201 2488 3252 '0
2517 3198 2698 3252 πεσὼν
2741 3200 2798 3251 ἐν
2839 3197 2918 3268 τῷ
2957 3198 3279 3267 ἐπιπρέψαι
3317 3197 3413 3249 ml
3453 3194 3705 3260 στενάξαι

2124 3292 2454 3363 σωθήσεται.
2485 3291 2627 3362 Ὅρα
2649 3290 2714 3343 σὺ
2739 3288 2940 3359 σαυτὴν
2961 3290 2993 3359 ἡ
3025 3290 3316 3358 στήκουσα.
3341 3285 3582 3348 Διτυλοῦς
3600 3287 3707 3354 γάρ

2123 3401 2206 3438 σοι
2234 3387 2262 3438 ὁ
2295 3383 2460 3452 φόϐος
2489 3383 2784 3446 ἐπίκειται,
2814 3381 2848 3450 ἦ
2873 3379 2966 3433 τοῦ
3007 3380 3081 3450 μὴ
3116 3378 3446 3449 ἐπιπρέψαι
3474 3379 3618 3449 πρὸς
3641 3378 3707 3429 τὰ

2120 3477 2344 3548 ἀρχαῖα,
2367 3475 2432 3528 δι’
2457 3473 2748 3544 ὀλιγωρίας
2777 3489 2858 3524 σοι
2875 3471 2968 3524 τοῦ
2996 3469 3196 3541 ἐχθροῦ
3218 3470 3649 3540 προσπεσόντος,
3673 3469 3704 3538 ἢ

2119 3567 2215 3622 τοῦ
2249 3568 2323 3638 μὴ
2355 3566 2654 3638 τρέχουσαν
2686 3563 3053 3633 σκελισθῆναι.
3103 3563 3160 3614 '0
3193 3561 3302 3633 γὰρ
3330 3561 3530 3633 ἐχθρὸς
3552 3562 3707 3632 ἡμῶν

2119 3658 2415 3728 διάϐολοςῆ
2450 3657 2671 3710 ὄπισθεν
2704 3656 2851 3709 ἕλκει
2888 3657 3025 3727 πρὸς
3055 3656 3267 3718 ἑαυτὸν,
3299 3655 3545 3725 ὁπηνίκα
3575 3655 3706 3724 βρα-

2120 3747 2267 3801 δεῖαν
2309 3747 2402 3800 ml.
2441 3746 2654 3818 νωθράν
2702 3745 2801 3816 τὴν
2840 3745 3018 3815 ψυχὴν
3051 3743 3333 3815 θεάσηταιο
3377 3745 3413 3814 ἢ
3443 3745 3708 3798 δοκοῦσαν

2121 3837 2290 3909 αὐτὴν
2326 3838 2618 3890 σπουδαίαν
2661 3832 2798 3890 εἶναι
2836 3837 2930 3889 ml
2968 3837 3224 3891 ἐπίπονον
3265 3836 3404 3908 πρὸς
3447 3837 3707 3904 ἄσκησιν,

2122 3929 2502 4001 ἐπεισέρχεται
2521 3928 2732 3992 λεπτῶς
2753 3929 2847 3982 καὶ
2869 3929 3270 4000 κεκρυμμένως
3297 3928 3385 3981 διά
3407 3928 3513 3996 τῆς
3542 3929 3710 3999 ὑπερ-

2121 4020 2374 4090 ηφανίας
2407 4021 2506 4072 καὶ
2534 4019 2706 4081 οὕτως
2742 4017 3039 4089 αὔτανδρον
3077 4018 3176 4090 τὴν
3202 4017 3380 4089 ψυχὴν
3418 4018 3704 4071 ἀπόλλυσι.

2121 4112 2294 4165 Τοῦτο
2329 4112 2390 4164 τὸ
2429 4111 2592 4164 ὅπλον
2623 4110 2850 4181 ἔσχατον
2885 4111 2979 4165 καὶ
3017 4111 3442 4182 κορυφαιότατον
3487 4112 3708 4165 πάντων

2123 4205 2240 4258 ἐστὶ
2261 4203 2368 4259 τῶν
2397 4203 2604 4258 κακῶν.
2649 4191 2738 4270 Ἓξ
2759 4203 2927 4257 αὑτοῦ
2950 4205 2978 4256 ὁ
2999 4203 3245 4267 διάϐολος
3269 4203 3703 4273 καταϐέϐληται,

2122 4296 2217 4349 ml.
2241 4296 2306 4348 δι’
2343 4294 2508 4349 αὐτοῦ
2535 4283 2661 4358 τοὺς
2685 4295 3087 4367 δυνατωτέρους
3112 4294 3220 4347 τῶν
3252 4293 3565 4366 ἀνθρώπων
3593 4313 3706 4348 πει-

2125 4389 2283 4457 ρᾶται
2317 4387 2620 4458 καθαιρεῖν.
2665 4387 2874 4456 ’Ὠσπερ
2906 4386 3015 4458 γάρ
3046 4388 3096 4439 οί
3135 4387 3429 4439 δεινότατοι
3463 4387 3581 4440 τῶν
3615 4404 3705 4438 πο-

2123 4479 2413 4550 λεμιστῶν,
2451 4478 2588 4550 μετὰ
2610 4478 2671 4531 τὸ
2698 4477 3003 4549 δαπανῆσαι
3026 4478 3096 4531 τά
3117 4478 3417 4550 λεπτότερα
3454 4477 3612 4548 βέλη,
3649 4479 3706 4529 τὸ

2124 4569 2424 4642 τηνικαῦτα
2462 4569 2546 4622 ἐτι
2586 4568 3026 4639 ἐπικρατούντων
3066 4567 3174 4620 τῶν
3221 4567 3522 4638 μαχητῶν,
3579 4583 3706 4638 προ-

2125 4661 2408 4716 ϐάλλονται
2436 4660 2534 4733 τὴν
2565 4660 2915 4732 ἰσχυροτέραν
2948 4661 3165 4714 πάντων
3200 4660 3501 4730 μάχαιραν
3536 4659 3702 4720 οὕτως

2125 4751 2220 4805 καὶ
2243 4752 2272 4804 ὁ
2305 4750 2572 4813 διάϐολος,
2603 4749 2740 4822 μετά
2765 4748 2828 4802 τὸ
2859 4749 3053 4820 πρῶτα
3085 4747 3251 4802 αὑτοῦ
3282 4749 3702 4818 ἀποδαπανῆσαι

2122 4846 2415 4916 ἄγκιστρα,
2442 4846 2563 4898 τότε
2590 4843 2667 4914 τῷ
2698 4842 2991 4913 τελευταίῳ
3017 4843 3216 4913 χρᾶται
3243 4841 3412 4910 ξίφει,
3437 4845 3509 4912 τῇ
3537 4843 3701 4910 ὑπερ-

2121 4936 2348 5007 ηφανίᾳ.
2396 4937 2553 5002 Τίνες
2594 4936 2653 4989 δὲ
2689 4931 2830 5007 ἦσαν
2876 4933 3040 4987 αὑτοῦ
3088 4935 3147 4986 ai
3191 4933 3409 5004 πρῶται
3441 4933 3699 5000 παγίδεςς

2123 5029 2312 5098 Δῆλον,
2335 5028 2412 5091 ὡς
2436 5027 2867 5101 γαστριμαργία,
2899 5025 3198 5098 φιληδονία,
3233 5026 3488 5096 πορνεία.
3521 5025 3701 5079 Ταῦτα

2124 5119 2234 5190 γὰρ
2270 5119 2504 5190 μάλιστα
2542 5119 2611 5174 τά
2649 5119 2935 5190 πνεύματα
2967 5112 3193 5171 ἐπὶτῶν
3214 5117 3564 5189 νειιιτερικῶν
3592 5118 3699 5186 ἡλι-

2124 5208 2258 5263 κιῶν
2318 5210 2725 5279 συμϐαίνουσιν.
2786 5208 3173 5264 Ἐπακολουθεί
3220 5209 3281 5262 δὲ
3321 5209 3541 5273 τούτοις
3591 5207 3696 5276 φιλ·

2123 5302 2384 5373 αργυρία,
2404 5302 2704 5370 πλεονεξία,
2719 5302 2812 5356 καὶ
2827 5303 2893 5354 τὰ
2908 5301 3116 5365 τούτοις
3134 5302 3316 5372 ὃμοια.
3334 5301 3399 5354 'H
3424 5298 3520 5355 οὗν
3550 5298 3694 5354 ἀθλία

2121 5393 2287 5466 ψυχὴ,
2315 5395 2444 5450 ὃταν
2473 5394 2677 5450 τούτων
2709 5395 2817 5448 τῶν
2846 5393 3034 5448 παθῶν
3062 5393 3444 5466 περιγένηται,
3473 5391 3692 5462 ὁπηνίκα
