3868 6202
278 339 415 393 1517

1411 349 1566 405 νιτΑ
1609 352 1898 410 ΞᾹΝΟΤίΕ
1942 355 2396 419 SYNCLETICE

3381 391 3520 447 1518

272 453 510 524 γαστρὸς
541 458 814 530 κρατήσῃ,
849 459 936 512 ὅτε
965 461 1059 514 καὶ
1100 463 1196 527 τὰς
1229 464 1626 539 ὑπογαστρίους
1655 471 1793 542 ηδονι

272 541 303 567 εἰ
313 559 376 567 -Α
389 559 490 567 -_...
503 544 556 567 βλ
574 562 627 567 _-_
679 551 736 567 -ςο
934 552 946 567 Ι
1129 554 1152 567 ου
1267 557 1280 567 ι
1443 558 1454 567 .

1896 483 1920 540 ι
1947 487 2111 542 quam
2137 490 2419 550 argentum
2442 484 2719 560 despexit;
2755 499 2885 566 tunc
2909 499 3174 557 malorum
3204 507 3401 564 artifex
3426 511 3518 567 ille

272 541 634 618 ὑπερπηδήσῃ
674 551 740 620 τῇ
783 552 1092 621 σεμνότητι,
1126 554 1214 606 ὅτε
1255 557 1518 629 ἀργυρίου
1567 578 1840 632 καταφρο-

269 633 430 704 νήσῃ·
462 635 582 689 τότε
616 641 949 712 πανταχόθεν
970 646 998 697 ὀ
1023 647 1338 719 κακόφρων,
1362 650 1680 723 ἀπορηθεὶς,
1705 654 1837 706 ὑπο-

271 722 459 779 ὃάλλει
487 731 553 798 τῇ
586 729 730 803 ψυχῇ
770 733 1002 789 ἄτακτον
1029 737 1260 810 κίνησινο
1295 722 1578 810 μεγεθύνει
1610 744 1718 814 γὰρ
1744 746 1840 799 αὐ-

269 814 374 884 τὴν
413 818 674 890 ἀπρεπῶς
708 824 847 877 κατά
885 825 994 880 τῶν
1028 828 1274 899 ἀδελφῶν
1310 831 1648 902 ἐπαίρεσθαι.
1692 837 1836 908 Βαρὺ

264 907 361 960 καῒ
389 909 628 983 ὀλέθριον
652 915 808 970 τοῦτο
825 918 918 971 τοῦ
942 919 1138 992 ἐχθροῦ
1161 922 1222 975 τὸ
1247 923 1584 996 δηλητήριον.
1601 907 1834 993 Πολλοὺς

263 994 476 1065 ἀθρόως
517 1003 574 1054 ἐν
613 1005 786 1076 τούτῳ
841 1011 1093 1075 σκοτὶσας
1139 994 1469 1070 κατέϐαλεν.
1516 1018 1834 1075 ’Υποϐάλλει

260 1089 372 1158 γάρ
400 1093 464 1160 τῇ
491 1091 635 1165 ψυχῇ
661 1095 866 1151 ἔννοιαν
901 1101 1051 1154 νόθον
1087 1105 1182 1157 καὶ
1209 1103 1599 1180 θανατηφόρον.
1635 1112 1833 1166 Κατει-

261 1175 492 1248 ληφέναι
538 1184 646 1256 γὰρ
690 1189 851 1243 αὐτὸν
881 1192 1140 1260 φαντάζει
1179 1195 1247 1247 τά
1279 1175 1435 1267 ἰταρά⁷
1467 1175 1578 1263 τοῖς
1619 1203 1831 1268 πολλοῖς

255 1267 616 1342 ἀγνοούμενα,
633 1278 724 1330 καὶ
749 1280 830 1332 ὅτι
846 1282 902 1333 ἐν
919 1284 1196 1352 νηστείαις
1221 1287 1566 1357 ὑπερϐάλλει·
1591 1293 1686 1345 καὶ
1701 1293 1832 1364 πλῆο

256 1358 350 1422 θος
390 1365 538 1434 αὑτῷ
578 1368 1079 1443 ἀνδραγαθημάτων
1121 1379 1466 1451 προστίθησι’
1511 1383 1728 1437 πάντων
1767 1358 1826 1440 δέ

255 1447 333 1506 ὧν
355 1455 597 1528 ἥμαρτεν
621 1464 700 1525 εὶς
719 1463 887 1537 λήθην
913 1467 1072 1522 αὑτὸν
1096 1470 1272 1542 φέρει,
1306 1447 1443 1544 πρὸς
1473 1475 1532 1528 τὸ
1559 1477 1698 1531 κατά
1718 1479 1828 1533 τῶν

256 1547 525 1602 συνόντων
549 1553 887 1625 ἐπαίρεσθαι.
930 1560 1288 1616 Ὑποκλέπτει
1309 1565 1418 1636 γὰρ
1449 1568 1614 1622 αὑτοῦ
1643 1561 1708 1624 ἐκ
1731 1572 1823 1626 τοῦ

247 1637 342 1690 νοῦ
376 1641 444 1692 τὰ
479 1643 936 1720 πλημμελήματαο
982 1653 1042 1706 οὐ
1092 1657 1224 1726 πρὸς
1263 1658 1530 1727 ὠφέλειαν
1559 1663 1616 1716 δὲ
1653 1665 1817 1720 αὑτοῦ

245 1729 406 1784 τοῦτο
432 1739 594 1800 ποιεῖ,
625 1739 760 1792 ἀλλά
787 1743 925 1813 πρὸς
954 1744 1015 1798 τὸ
1042 1746 1116 1818 μὴ
1141 1747 1432 1821 δυνηθῆναι
1460 1754 1620 1809 αὑτὸν
1647 1759 1818 1812 εἰπεῖν

243 1821 345 1892 τὴν
371 1825 619 1900 ἰατρικὴν
640 1832 852 1903 ἐκείνην
883 1838 1085 1908 φωνὴν,
1108 1839 1188 1906 τὸ,
1218 1819 1500 1912 Σοὶμόνῳ
1527 1846 1814 1917 ἥμαρτον,
1849 1819 1891 1874 Β

242 1912 507 1982 ἐλέησόν
549 1937 645 1988 με.
700 1922 836 1977 Οὑτε
886 1927 992 1997 μὴν
1045 1933 1382 2002 συγχωρήσει
1430 1912 1578 2006 αὑτῶ
1618 1912 1816 2008 λέγεινζ

255 2005 806 2086 Ἐξομολογήσομαί
832 2031 952 2086 σοι,
982 2022 1178 2090 Κύριε,
1206 2025 1276 2078 ἐν
1301 2026 1414 2096 ὅλῃ
1440 2005 1653 2098 καρδίᾳ
1673 2005 1814 2101 ⁹μου.

255 2098 394 2152 Ἀλλ’
424 2102 611 2176 ὥσπερ
650 2109 810 2173 αὐτὸς
849 2111 992 2165 κατά
1030 2113 1266 2170 διάνοιαν
1308 2113 1427 2170 εἷπε
1456 2121 1536 2173 τό·
1581 2098 1816 2190 Ἇνάϐή-

239 2205 444 2261 caput,
487 2198 588 2249 καὶ
626 2199 883 2270 θήσομαι
925 2203 1032 2257 τὸν
1075 2208 1291 2274 θρόνον
1328 2227 1473 2279 μου·
1505 2213 1678 2280 οὕτως
1720 2221 1813 2272 καὶ

238 2284 430 2338 τοῦτον
458 2290 720 2357 φαντάξει
753 2295 832 2357 είς
874 2295 1047 2368 ἀρχάς
1089 2315 1149 2352 τε
1192 2302 1285 2355 καὶ
1314 2307 1809 2380 πρωτοκαθεδρίας,

234 2375 320 2429 ἔτι
347 2376 404 2430 δὲ
436 2379 804 2451 διδασκαλίας,
853 2389 948 2441 καὶ⁹
1000 2391 1241 2460 ἰαμάτων
1290 2394 1547 2460 ἐκδόσεις.
1717 2396 1811 2455 οὖν

227 2467 408 2534 υὺτως
455 2472 786 2551 ἀπατωμένη
834 2480 980 2552 ψυχὴ
1017 2482 1294 2556 φθείρεται
1333 2489 1428 2541 καὶ
1476 2490 1802 2559 ἀπόλλυται,

230 2560 467 2634 δυσιάτῳ
494 2565 639 2621 ἕλκει
673 2569 960 2642 πληγεῖσα.

302 2653 391 2710 50.
433 2657 498 2709 Τί
530 2655 621 2712 οὖν
642 2660 726 2714 δεῖ
744 2666 936 2729 ποιεῖν,
961 2665 1068 2719 τῶν
1096 2669 1349 2724 τοιούτων
1377 2671 1650 2746 λογισμῶν
1671 2695 1805 2750 παρ-

225 2741 429 2810 όντων;
482 2747 867 2816 Ἀδιαλείπτως
895 2754 1124 2828 μελετᾷν
1144 2759 1204 2810 τὸ
1243 2758 1384 2814 θεῖον
1405 2741 1582 2817 ἐκεῖνο
1601 2741 1798 2834 λόγιον,

227 2833 368 2904 ὅπερ
395 2836 423 2887 ό
446 2837 712 2909 μακάριος
744 2842 908 2895 Δαόὶδ
937 2843 1084 2912 ἐϐόα,
1114 2846 1286 2919 λέγων
1312 2850 1395 2903 τό·
1426 2853 1565 2922 Ἐγὼ
1603 2833 1802 2920 δέίεὶμι

226 2923 499 2993 σκώληξ,
527 2931 625 2983 καὶ
657 2933 767 2986 οὐκ
797 2931 1124 3004 ἅνθρωπος.
1166 2939 1277 2992 Καὶ
1313 2943 1372 2994 ἐν
1409 2943 1580 3016 ἐτέρῳ
1614 2949 1796 3018 φησίν·

235 3015 377 3086 Ἑτὼ
398 3017 466 3072 δέ
487 3023 604 3091 ειμι
629 3023 706 3093 γῆ
730 3025 828 3079 καὶ
846 3028 1098 3096 σποδός.
1135 3033 1253 3086 Ἔτι
1278 3049 1342 3102 γε
1370 3035 1478 3106 μὴν
1507 3015 1598 3092 καὶ
1617 3015 1685 3093 τὺ-
1703 3041 1796 3095 τοῦ

229 3107 454 3163 Ἡσαΐου
471 3113 713 3168 ἀκουέτω
727 3117 796 3188 ρῆ
805 3132 882 3188 μα
899 3119 959 3172 τὸ
975 3121 1148 3190 λέγον,
1164 3123 1240 3187 ὡς
1252 3124 1427 3181 Πᾶσα
1439 3127 1791 3203 δικαιοσύνη
1821 3166 1866 3228 C

229 3199 619 3228 lna-l'.----)._
643 3208 772 3228 1.2..-
848 3211 863 3228 2
887 3223 917 3228 μ
1040 3216 1065 3228 η
1163 3215 1178 3228 1
1331 3220 1374 3228 --
1419 3219 1431 3228 .
1497 3223 1507 3228 -
1577 3224 1587 3228 -
1674 3225 1685 3228 -

215 3199 532 3269 ἀνθρώπου
542 3206 815 3274 ὠςράκος
831 3211 1309 3284 ἀποκαθημένης.
1331 3219 1442 3272 Καὶ
1461 3223 1510 3273 εί
1534 3224 1632 3292 μὲν
1661 3199 1791 3278 ἀνικ-ζ

213 3293 468 3366 χωρούσῃ
479 3297 600 3350 καθ’
617 3299 814 3371 ἑαυτὴν
835 3301 884 3354 οἱ
898 3301 1148 3375 λογισμοὶ
1165 3299 1312 3360 οὗτοι
1328 3313 1783 3382 παρεισέλθωσιν,

211 3382 273 3434 ἐν
293 3384 542 3456 κωνοὸίῳ
569 3389 914 3460 είσερχέσθω’
933 3394 1324 3463 ἀναγκαζέσθω
1349 3399 1408 3452 δὲ
1425 3403 1518 3455 καὶ
1533 3403 1785 3478 δεύτερον

209 3472 414 3528 ἐσθίειν
444 3478 542 3548 τῆς
575 3480 804 3552 ἡμέρας,
845 3484 898 3536 ετ
938 3501 1002 3553 γε
1042 3485 1109 3538 δι’
1156 3488 1458 3563 ὑπερϐολὴν
1495 3472 1782 3566 ἀσκήσεως

208 3565 385 3637 τούτῳ
421 3569 564 3623 ἐάλω
607 3571 685 3642 τῷ
713 3573 896 3627 πάθει·
942 3577 1035 3631 καὶ
1083 3580 1236 3651 παρὰ
1261 3583 1370 3636 τῶν
1401 3565 1702 3654 συνηλίκων
1725 3588 1780 3641 δὲ

206 3658 571 3730 ἐπιτιμάσθω,
616 3664 710 3717 καὶ
749 3665 1105 3734 ὀνειδιζέσθω,
1137 3672 1229 3724 καὶ
1260 3674 1602 3745 ἐπιτιμάσθω
1647 3695 1780 3748 σφο-

200 3749 368 3820 δρῶς,
392 3753 467 3817 ὡς
491 3755 654 3825 μηδὲν
678 3757 820 3826 μέγα
840 3759 1170 3832 πράττουσα·
1196 3766 1374 3820 πᾶσαν
1398 3768 1454 3820 δὲ
1475 3769 1778 3844 ὑπηρεσίαν

203 3844 482 3900 ποιείσθω.
506 3848 970 3918 Προσαγέσθωσαν
989 3853 1045 3906 δὲ
1063 3856 1156 3908 καὶ
1183 3854 1285 3925 βίοι
1311 3859 1481 3927 ἁγίων
1506 3860 1774 3933 ἐξοχώτα-

197 3951 282 3988 τοι
303 3937 382 4000 είς
405 3937 686 4010 ἐξήγησινο
708 3943 1171 4015 πειράσθωσανηδὲ
1199 3950 1254 4002 αἱ
1284 3953 1634 4010 συνελθοῦσαι
1656 3961 1775 4012 ἐπι-

194 4026 392 4079 τείνειν
421 4029 786 4098 ἐαυτῶν.τοὺς
815 4034 1004 4099 πόνους
1032 4039 1166 4110 πρὸς
1197 4039 1427 4113 ἄσκησιν
1457 4045 1557 4110 τὰς
1588 4047 1772 4116 ὀλίγας

193 4119 431 4191 ἡμέρας,
476 4123 613 4194 πρὸς
652 4125 714 4178 τὸ
759 4127 994 4198 ἐκείνην,
1046 4129 1385 4205 θεασαμένην
1432 4137 1493 4189 τὸ
1543 4140 1770 4208 μέγεθος

191 4210 304 4262 τῶν
324 4213 554 4283 ἀρετῶν,
590 4216 844 4272 ἐλάττονα
869 4221 961 4273 καὶ
988 4223 1184 4295 ἑαυτὴν
1207 4225 1474 4295 ἡγεῖσθαι.

265 4301 354 4356 51.
386 4305 714 4377 Προηγεῖται
735 4309 791 4362 δὲ
820 4312 918 4382 τῆς
947 4313 1099 4366 νόσου
1133 4316 1335 4387 ταύτης
1361 4318 1546 4391 ἕτερον
1572 4322 1761 4386 κακὸν,

189 4395 224 4464 ἡ
241 4400 492 4468 παρακοή
511 4414 524 4428 ·
549 4399 670 4452 ὅθεν
701 4401 788 4456 διὰ
804 4403 898 4456 τοῦ
930 4406 1174 4460 ἐναντίου
1186 4408 1284 4478 τῆς
1310 4411 1575 4482 ὑπακοῆς,
1603 4413 1762 4467 δυνα-

1943 566 2011 620 ad
2036 572 2319 639 angustias
2341 578 2582 648 undique
2607 584 2886 654 redactus,
2911 591 3279 653 inordinatum
3307 611 3513 659 motum

1943 657 2138 714 animae
2164 663 2408 733 subjicit,
2437 669 2698 744 inﬂatque
2719 675 2871 733 illam
2899 689 2959 734 ut
2987 683 3304 746 indecenter
3327 657 3512 751 adver-

1939 762 2035 803 sus
2066 765 2284 811 sorores
2331 759 2608 819 ell'eratur.
2659 767 2828 824 Atrox
2860 779 2914 827 et
2943 776 3232 836 exitiosum
3283 795 3367 842 est
3405 789 3512 845 hoc

1939 839 2240 900 adversarii
2271 851 2535 910 toxicum.
2568 856 2768 916 Multos
2795 863 3087 936 derepente
3112 875 3352 934 tenebris
3371 879 3510 936 ellu-

1938 945 2031 987 sos
2083 934 2188 991 hac
2221 942 2462 999 .ratione
2511 953 2831 1016 prostravit.
2897 934 3291 1030 cogitationem
3357 973 3504 1028 enim

1937 1025 2180 1092 spuriam
2233 1044 2298 1086 ac
2345 1034 2601 1094 letbalem
2650 1044 2847 1100 animae
2892 1025 3155 1121 suggerit,
3211 1047 3271 1112 ut
3314 1077 3507 1135 nempe

1937 1112 2232 1135 ,εκ
2641 1132 2652 1135 _

1936 1112 2038 1168 sibi
2061 1115 2307 1175 videatur
2326 1138 2389 1178 ea
2411 1132 2872 1200 comprehendere
2893 1112 3024 1210 quae
3042 1147 3196 1201 multi
3230 1112 3506 1224 ignorarit,

1935 1214 2098 1275 atque
2127 1209 2180 1263 in
2207 1210 2434 1282 jejuniis
2468 1227 2795 1285 antecellere
2833 1247 2846 1283 :
2880 1242 3028 1290 recte
3057 1234 3327 1296 factorum
3361 1252 3504 1304 mul-

1928 1298 2220 1357 titudinem
2262 1307 2472 1377 objicit,
2507 1318 2747 1375 omnium
2782 1338 3132 1394 peccatorum
3166 1339 3500 1400 oblivionem

1927 1757 2034 1814 Sed
2057 1777 2157 1818 nec
2187 1765 2330 1823 sinet
2359 1787 2483 1827 eum
2510 1776 2692 1836 dicere
2733 1800 2746 1837 :
2773 1783 3073 1856 Conﬁtebor
3097 1794 3210 1859 tibi,
3247 1797 3490 1866 Domine,

1920 1852 1977 1905 in
2005 1861 2112 1910 toto
2144 1860 2298 1916 corde
2327 1881 2437 1919 meo
2459 1867 2498 1920 ³.
2525 1868 2725 1928 Verum
2753 1878 2894 1934 sicut
2916 1882 3006 1940 ille
3032 1898 3212 1947 mente
3233 1893 3445 1950 dixerat
3470 1917 3485 1952 :

1917 1943 2236 2016 Ascendam,
2279 1965 2328 2010 et
2361 1973 2555 2025 ponam
2602 1964 2848 2022 thronum
2899 1991 3069 2029 meum
3099 1979 3154 2048 ‘;
3211 1982 3287 2038 ita
3343 1986 3489 2044 hunc

1917 2141 2233 2199 consessus,
2277 2134 2517 2208 itemque
2557 2143 2622 2197 ad
2671 2134 3008 2218 magisteria,
3057 2165 3112 2212 et
3153 2161 3223 2215 ad
3261 2134 3483 2223 morbos

1913 2222 2140 2276 curandi
2190 2225 2465 2284 virtutem.
2515 2232 2710 2292 Anima
2747 2240 2930 2312 itaque
2961 2247 3028 2301 ad
3081 2250 3228 2308 hunc
3259 2222 3481 2314 modum

1913 2310 2282 2372 circumventa
2316 2319 2373 2375 in
2409 2325 2707 2393 perniciem
2743 2341 2798 2388 et
2829 2337 3055 2394 exitium
3095 2345 3226 2412 ruit,
3255 2348 3346 2404 vix
3388 2367 3481 2407 sa—

1910 2403 2079 2460 nabili
2107 2423 2372 2480 percussa
2400 2416 2644 2475 vulnere.

1973 2666 2063 2723 50.
2099 2669 2240 2737 Quid
2273 2675 2441 2746 igitur
2473 2680 2806 2744 instantibus
2845 2690 3159 2763 hujusmodi
3190 2703 3475 2774 cogitatio-

1902 2759 2066 2817 nibus
2095 2766 2403 2834 agendum?
2433 2771 2805 2838 lndesinenler
2833 2786 3204 2846 meditandum
3225 2795 3472 2854 divinum

1901 2849 2034 2904 illud
2058 2858 2364 2927 oraculum,
2396 2867 2540 2933 quod
2568 2868 2761 2927 beatus
2793 2871 2963 2931 David
2991 2881 3098 2935 alta
3129 2899 3260 2941 voce

1900 2941 2055 2998 rebat
2087 2963 2101 2999 :
2134 2945 2246 3018 Ego
2275 2968 2393 3005 sum
2418 2959 2603 3013 vermis
2632 2969 2682 3014 et
2714 2979 2818 3017 non
2854 2965 3008 3022 homo
3041 2971 3083 3024 ⁵.
3121 2971 3188 3027 Et
3215 2941 3324 3032 alio
3351 2980 3472 3036 loco

1898 3035 2096 3092 dicitur
2123 3057 2136 3091 :
2161 3039 2272 3112 Ego
2307 3057 2482 3101 autem
2507 3065 2624 3105 sum
2651 3062 2795 3110 terra
2821 3068 2872 3112 et
2894 3061 3028 3116 cinis
3061 3065 3100 3118 ⁸.
3135 3063 3472 3143 lnsuperque

1899 3128 2113 3186 celebre
2141 3132 2278 3190 illud
2326 3137 2478 3196 Isaiae
2501 3142 2709 3201 dictum
2743 3166 2756 3202 :
2792 3149 2976 3208 Omnis
2989 3155 3210 3223 justitia
3237 3128 3465 3221 hbntinis

1889 3403 2077 3471 vitam,
2115 3408 2450 3481 ingrediatur
2488 3417 2579 3473 illa
2627 3420 2684 3476 in
2731 3428 3076 3499 coenobium,
3125 3445 3462 3508 cogaturque

1887 3495 1973 3551 bis
2008 3497 2065 3553 in
2091 3500 2181 3557 die
2209 3507 2514 3576 comedere,
2556 3513 2605 3568 si
2641 3515 2862 3585 quidem
2911 3519 2984 3574 ob
3023 3523 3248 3579 nimiam
3281 3543 3458 3585 asce-

1886 3587 1970 3641 sin
2001 3589 2117 3645 sive
2147 3591 2439 3665 jejunium,
2483 3601 2737 3660 inciderit
2775 3607 2827 3662 in
2870 3609 3184 3680 hujusmodi
3219 3617 3410 3674 vitium
3440 3641 3454 3676 :

1883 3685 1996 3734 tum
2029 3683 2098 3738 ab
2125 3689 2427 3757 aequalibus
2475 3693 2806 3767 increpetur,
2840 3716 2904 3757 ac
2940 3710 3304 3771 contumeliis;
3333 3713 3454 3768 alli-

1880 3771 2058 3828 ciatur
2089 3815 2105 3841 ,
2137 3792 2202 3833 ac
2229 3781 2275 3835 si
2303 3797 2498 3851 parum
2524 3788 2597 3842 sit
2620 3793 2764 3858 quod
2799 3793 2889 3848 illa
2923 3799 3095 3868 egerit
3129 3818 3142 3854 :
3172 3804 3452 3872 quodlibet

1879 3865 2042 3920 obeat
2079 3869 2464 3941 ministerium,
2499 3878 2797 3938 oll‘erantur
2829 3886 2934 3957 ipsi
2969 3890 3092 3946 vitae
3129 3905 3449 3955 sanctorum

1876 3957 2078 4025 pietate
2100 3963 2478 4023 eminentium.
2503 3970 2784 4030 Conentur
2811 3979 3026 4038 sodales
3055 3984 3177 4054 ejus
3206 3987 3446 4046 laborem

1875 4049 2179 4120 disciplina;
2227 4070 2339 4112 suae
2371 4059 2578 4130 aliquot
2613 4065 2806 4124 diebus
2838 4084 3070 4141 augere;
3119 4083 3178 4131 ut
3217 4094 3447 4138 cernens

1870 4140 2033 4211 627
2058 4144 2320 4202 virtutum
2363 4157 2755 4224 praestantiam,
2799 4176 2859 4216 se
2887 4163 3168 4221 minimam
3200 4173 3445 4229 omnium

1869 4233 2159 4290 existimet.

1937 4323 2027 4377 51.
2055 4325 2212 4384 Hunc
2241 4346 2407 4400 porro
2445 4338 2694 4396 morbum
2740 4346 2998 4413 praecedit
3041 4351 3189 4408 aliud
3219 4355 3435 4423 vitium,

1867 4416 2285 4490 inobsequentia
2322 4444 2336 4481 :
2380 4429 2477 4484 sed
2513 4448 2610 4503 per
2655 4439 2986 4494 contrariam
3025 4442 3437 4515 obsequentiam

184 4487 278 4540 τὸν
311 4489 408 4560 τὴν
440 4492 779 4564 σηπεδονώδη
814 4497 984 4567 νομὴν
1025 4499 1125 4568 τῆς
1154 4499 1330 4572 ψυχῆς
1367 4507 1751 4577 περικαθᾶραι’
1789 4511 1793 4563 .'

2078 4487 2096 4490 _
2515 4487 2537 4503 τ
3027 4487 3432 4515 νυυυιιμνωςηη

1898 4513 2139 4568 utridum
2162 4519 2356 4576 animae
2372 4523 2530 4580 ulcus
2565 4540 2762 4583 curare
2789 4531 3032 4590 valemus
3067 4554 3081 4590 :
3117 4535 3432 4596 Obedientia

195 4579 463 4649 ’Υπακοὴ
493 4583 624 4655 γὰρ,
649 4586 832 4656 φησιν,
861 4589 1014 4656 ὑπὲρ
1040 4591 1280 4646 θυσίαν.

255 4673 344 4728 52.
380 4676 474 4728 Δεῖ
502 4670 593 4730 οὗν
626 4679 907 4750 καθαιρεῖν
942 4680 1102 4748 ὄγκον
1135 4681 1292 4754 δόξης
1326 4685 1386 4739 ἐν
1415 4687 1594 4757 καιρῷ
1615 4731 1629 4754 ,
1665 4691 1759 4742 καὶ

180 4765 422 4819 ἐπαινεῖν
467 4767 524 4820 δὲ
560 4769 720 4822 πάλιν
761 4772 856 4825 καὶ
905 4771 1204 4842 θαυμάζειν
1236 4777 1294 4827 ἐν
1325 4776 1522 4847 καιρῷ.
1555 4780 1618 4832 Et
1647 4779 1757 4850 γὰρ

178 4858 386 4930 ἀμελὴς
430 4860 522 4912 καὶ
570 4861 754 4932 νωθρά
798 4863 992 4936 εὑρεθῇ
1028 4867 1062 4936 ἡ
1107 4865 1275 4937 ψυχὴ,
1313 4867 1390 4922 ἔτι
1424 4885 1487 4937 γε
1523 4870 1628 4941 μὴν
1661 4873 1756 4925 καὶ

174 4947 560 5018 ὑποναρκοῦσα
592 4953 671 5014 είς
704 4952 802 5023 τὴν
834 4953 928 5006 τοῦ
962 4955 1126 5008 καλοῦ
1166 4959 1480 5029 προκοπὴν,
1511 4962 1752 5014 ἐπαινεῖν

172 5040 378 5110 ταύτην
412 5045 708 5113 προσῆκεν
737 5045 831 5098 καὶ
858 5047 906 5097 εἰ
935 5047 1128 5118 μικρὸν
1162 5050 1374 5118 ποιήσει
1407 5068 1459 5104 τι
1490 5054 1744 5123 χρηστὸν,

173 5133 471 5203 θαυμάζειν
525 5136 618 5188 καὶ
665 5137 1034 5206 μεγεθοποιεῖν
1094 5140 1212 5193 δέον
1266 5143 1457 5212 αὑτήν.
1508 5145 1619 5198 Καὶ
1679 5146 1748 5199 τὰ

171 5225 376 5296 σφοδρά
404 5229 499 5279 καὶ
522 5228 862 5300 ἀπάνθρωπα
897 5232 1346 5303 πλημμελήματα
1379 5235 1454 5299 ὼς
1489 5236 1745 5307 ἐλάχιστα

166 5318 263 5369 καὶ
307 5319 570 5390 οὐδαμινά
612 5320 857 5375 λεκτέον’
906 5323 934 5374 ὁ
975 5323 1082 5394 γὰρ
1119 5324 1382 5390 διάϐολος,
1422 5326 1740 5398 βουλόμενος

163 5410 340 5463 πάντα
395 5411 756 5484 διαστρέφειν,
813 5415 906 5468 ἐπὶ
965 5415 1064 5485 μὲν
1124 5416 1232 5469 τῶν
1290 5417 1590 5471 σπουδαίων
1644 5421 1739 5474 καί

158 5503 474 5574 ἀσκητικῶν
510 5504 770 5576 κρύπτειν
793 5509 1046 5577 πειρᾶται
1065 5508 1135 5562 τά
1159 5509 1527 5579 προγεγονότα
1559 5512 1738 5584 ἀμαρ-

231 5660 248 5691 ί
289 5659 433 5716 Psal.
467 5677 529 5716 ι..
565 5663 619 5716 '5.
692 5662 1025 5736 ’APsal._vI,
1061 5663 1128 5729 ὃς
1167 5679 1269 5736 ιχ,
1297 5665 1380 5736 li.
1460 5667 1478 5697 ³
1521 5665 1664 5723 Psal.
1707 5683 1806 5736 cx,

146 5733 240 5785 9.7.
319 5733 336 5765 ⁷
381 5735 466 5788 lsa
525 5749 672 5800 sxw,
711 5732 741 5786 6
839 5739 860 5763 ‘
903 5731 921 5786 l
959 5735 1087 5805 llcg.
1125 5748 1213 5800 xv,
1249 5734 1336 5788 22.

1863 4602 2028 4671 enim,
2063 4606 2263 4679 inquit,
2296 4617 2788 4686 supermeriﬁcium
2804 4621 2846 4676 ⁸.

1926 4695 2016 4751 52.
2065 4699 2408 4773 Quapropter
2453 4710 2709 4764 convenit
2759 4712 2987 4782 gloriam
3036 4733 3135 4773 suo
3183 4728 3430 4794 tempore

1854 4788 2115 4856 adimere,
2184 4794 2493 4867 iterumque
2550 4816 2651 4856 suo
2697 4812 2941 4874 tempore
2986 4808 3209 4868 laud-are
3265 4822 3430 4884 atque

1854 4876 2135 4936 admirari.
2171 4882 2228 4936 Si
2274 4887 2418 4942 enim
2453 4891 2632 4945 anima
2692 4896 2970 4966 negligens
3019 4905 3310 4975 segnisque
3343 4909 3427 4964 in-

1853 4971 2122 5038 veniatur,
2150 4981 2204 5030 et
2224 4975 2291 5030 ad
2332 4979 2634 5046 profectum
2675 4983 2878 5040 desidia
2903 4971 3130 5058 torpeat,
3171 4971 3425 5054 convenit

1849 5075 1968 5114 eam
1999 5063 2223 5121 laudare
2259 5086 2270 5121 :
2297 5070 2648 5140 etsipaulum
2680 5076 2953 5145 quidboni
2987 5081 3421 5154 admiserit,mi-

1847 5153 1956 5206 rari
1993 5153 2138 5208 illam
2162 5165 2215 5211 et
2246 5162 2426 5230 magni
2456 5161 2635 5220 facere
2665 5174 2898 5236 oportet.
2932 5169 3128 5226 Gravia
3153 5185 3333 5232 autem
3368 5190 3422 5234 et

1847 5242 2105 5299 immania
2139 5247 2360 5315 delicta,
2405 5252 2628 5308 minima
2672 5259 2988 5330 nulliusque
3036 5269 3299 5322 momenti
3339 5269 3420 5324 di-

1845 5336 2038 5392 cenda.
2075 5337 2333 5397 Diabolus
2374 5345 2575 5415 quippe
2616 5349 2710 5418 qui
2747 5352 2930 5406 omnia
2966 5363 3212 5412 evertere
3246 5375 3415 5414 cona-

1846 5427 1956 5485 tur,
2006 5423 2210 5479 sedulis
2252 5434 2307 5480 et
2355 5431 2669 5488 exercitatis
2727 5435 2966 5493 admissa
3015 5453 3235 5508 peccata
3301 5449 3418 5499 vult

1845 5515 2141 5581 occultare,
2173 5533 2283 5587 quo
2313 5518 2366 5572 in
2399 5521 2480 5577 eis
2512 5525 2822 5594 superbiam
2859 5530 3142 5604 adaugeat.
3183 5534 3416 5592 Novitiis

1843 5671 1892 5725 1.
1972 5672 1992 5704 δ
2031 5671 2134 5728 lsa.
2170 5689 2281 5741 xw,
2325 5677 2409 5736 Η.
2489 5678 2509 5710 ⁸
2548 5677 2678 5736 Psal
2733 5699 2849 5751 xxx,
2886 5685 2937 5741 7.
3016 5687 3035 5718 °
3077 5688 3212 5743 Gen.
3251 5706 3410 5758 xvm,
