3880 6200
457 373 594 431 ιόιθ

1585 374 1642 427 S.
1684 369 2146 426 ATHANASIUS.
2186 400 2254 409 —
2293 369 2560 428 SPURIA.

3555 369 3667 426 1520

454 499 634 544 autem
699 487 986 543 animabus
1043 502 1165 558 qua:
1211 501 1394 558 nuper
1435 487 1694 542 virtutem
1748 484 1999 539 adierunt

2126 488 2372 557 τήματα·
2432 485 2529 556 τὴν
2590 485 2696 556 γὰρ
2745 483 3120 555 ὑπερηφανίαν
3150 484 3380 554 αὐξῆσαι
3412 483 3664 556 βούλεται·

456 581 710 636 universa
747 589 972 650 peccata
1011 581 1082 634 ob
1116 580 1309 634 oculos
1359 579 1566 640 statuit,
1613 592 1721 647 quo
1765 577 2026 646 despera-

457 669 660 724 tionem
687 671 987 741 ingenerat.
1024 669 1161 723 Huic
1207 669 1448 739 suggerit
1485 686 1498 721 :
1530 665 1652 721 Tibi
1689 681 1810 737 quae
1847 665 2022 720 forni-

455 772 574 820 cata
603 780 683 827 es,
715 780 834 836 qua:
865 765 1022 819 venia
1060 761 1462 832 exspectanda?
1487 761 1658 816 Alteri
1689 763 1822 816 dicit
1848 782 1859 815 :
1887 761 2021 817 Cum

454 863 604 910 tanta
641 854 869 909 avaritia
906 855 1167 915 tenearis,
1199 853 1314 907 fieri
1346 853 1535 923 nequit
1553 859 1613 906 ut
1636 853 1864 907 salutem
1891 867 2024 906 con-

455 959 707 1017 sequare.
744 942 1012 998 Czeternm
1049 943 1260 996 animas
1303 943 1450 996 hunc
1482 942 1536 996 in
1581 943 1800 997 modum
1846 942 2023 1011 agita-

453 1045 558 1101 tas,
608 1036 708 1090 liae
755 1035 966 1088 ratione
1014 1033 1209 1102 hisque
1251 1033 1434 1102 verbis
1474 1042 1686 1102 oportet
1725 1031 2017 1088 consolari.

451 1127 602 1183 Raab
625 1131 876 1182 meretrix
904 1125 1025 1190 fuit,
1048 1101 1140 1181 sed
1167 1139 1262 1196 per
1286 1101 1444 1179 fidem
1469 1101 1628 1178 nacta
1651 1132 1734 1179 est
1754 1124 2016 1179 salutem:

449 1218 654 1275 Paulus
688 1226 1003 1290 persecutor
1031 1224 1171 1280 erat,
1204 1223 1257 1271 et
1281 1223 1462 1272 tamen
1501 1232 1599 1274 vas
1631 1216 1915 1271 electionis
1939 1213 2020 1270 ef-

451 1312 626 1367 fectus
642 1320 724 1368 est
745 1332 756 1366 :
778 1310 1060 1367 Matthzeus
1072 1313 1394 1383 publicanus
1413 1316 1554 1373 erat,
1573 1316 1626 1362 at
1645 1323 1803 1364 nemo
1816 1313 2018 1378 quanta

447 1406 619 1474 gratia
653 1403 885 1457 donatus
916 1403 986 1458 sit
1007 1404 1253 1473 ignorat:
1291 1402 1434 1455 latro
1476 1398 1640 1454 furtis
1676 1407 1729 1452 et
1771 1398 2017 1452 caedibus

447 1491 660 1547 deditus
693 1498 830 1556 erat,
863 1491 959 1546 sed
991 1500 1169 1546 tamen
1202 1491 1412 1560 primus
1440 1488 1651 1559 aperuit
1669 1494 1882 1556 portam
1914 1500 2015 1555 pa-

447 1582 635 1636 radisi.
684 1580 781 1635 His
833 1580 1000 1650 igitur
1056 1577 1476 1644 animadversis,
1517 1593 1587 1632 ne
1635 1577 1878 1630 animum
1920 1575 2016 1630 de-

587 1673 740 1728 deas.

446 1690 472 1729 s
511 1689 740 1728 onueas.

477 1689 600 1819 p55.
635 1763 740 1818 Ubi
794 1772 974 1818 autem
1011 1771 1136 1832 apta
1185 1759 1580 1829 commodaque
1622 1759 1729 1814 illis
1770 1757 2011 1812 remedia

2125 579 2216 630 ἐπὶ
2245 578 2301 630 δέ
2333 577 2440 630 τῶν
2481 577 2750 648 νεηλύδων
2779 577 2874 630 καὶ
2909 577 3238 649 ἀκροπαγῶν
3279 576 3486 646 ψυχῶν,
3518 577 3670 629 πάντα

2124 669 2191 722 τὰ
2222 670 2589 741 ἁμαρτήματα
2623 669 2802 723 αὐτῶν
2836 669 2942 740 πρὸ
2979 667 3270 738 ὀφθαλμῶν
3302 667 3529 738 τίθησιν.
3563 669 3671 738 Ἐμ-

2125 759 2305 813 sane.
2357 760 2464 831 γάρ
2511 761 2646 831 αὑτῇ
2695 761 2800 826 ὅτι,
2853 761 2944 813 Σοὶ
2988 759 3328 830 πορνευσάσῃ
3377 759 3504 811 ποία
3539 760 3672 812 ἔσται

2125 851 2419 922 συγγνώμη
2442 869 2455 916 ;
2484 853 2591 905 Καὶ
2617 856 2682 924 τῇ
2704 853 2836 924 άλλη
2864 851 3056 923 φησίψ
3081 851 3236 904 Οῦτω
3258 868 3350 903 σου
3373 850 3673 918 πλεονεκτη-

2124 946 2313 1016 σάσης,
2353 945 2611 999 ἀδύνατόν
2650 963 2707 998 σε
2742 945 3012 1016 σωτηρίας
3041 946 3241 1014 τυχεῖν.
3287 942 3398 1004 Τάς
3431 939 3521 994 οῦν
3549 941 3677 994 οῦτω

2125 1033 2484 1105 σαλευομένας
2534 1033 2710 1104 ψυχὰς
2760 1033 3180 1105 παραμυθητέον
3221 1031 3414 1094 οὕτως’
3447 1031 3524 1084 δεῖ
3579 1031 3673 1101 γὰρ

2123 1126 2255 1197 πρὸς
2282 1126 2448 1190 αὑτὰς
2475 1125 2618 1180 οὑτω
2643 1126 2839 1194 λέγειν·
2859 1125 3025 1178 Ῥαὰϐ
3060 1124 3229 1196 πόρνη
3259 1118 3346 1193 ἦν,
3372 1123 3482 1176 ἀλλ’
3513 1121 3674 1192 ἐσώθη

2119 1218 2206 1273 διὰ
2233 1218 2493 1281 πίστεωςο
2525 1217 2735 1282 Παῦλος
2759 1217 2991 1290 διώκτης
3018 1213 3105 1289 ἦν,
3140 1215 3275 1269 ἀλλά
3301 1214 3490 1278 σκεῦος
3534 1216 3676 1268 ἐκλο-

2120 1310 2222 1380 γῆς
2266 1309 2488 1378 γέγονε·
2538 1311 2812 1373 Ματθαῖος
2851 1310 3088 1380 τελώνης
3114 1305 3201 1380 ἦν,
3237 1308 3353 1361 ἀλλ’
3380 1308 3553 1370 οὐδεὶς
3589 1309 3679 1377 τὴν

2119 1399 2278 1470 χάριν
2309 1400 2496 1454 τούτου
2531 1403 2742 1470 ἀγνοεῖ·
2780 1403 2873 1454 καὶ
2903 1403 2932 1453 ὁ
2965 1401 3168 1472 λῃστὴς
3216 1400 3385 1453 ἐσύλα
3431 1401 3524 1452 καὶ
3560 1399 3678 1467 ἐφό-

2118 1507 2292 1553 νευεν,
2322 1491 2456 1544 ἀλλά
2503 1493 2717 1563 πρῶτος
2755 1495 2851 1565 τὴν
2882 1493 3050 1564 θύραν
3077 1491 3276 1562 ἀνέῳξε
3305 1492 3398 1545 τοῦ
3430 1491 3677 1562 παραδεί-

2118 1599 2232 1635 σου.
2261 1584 2480 1648 Τούτοις
2506 1580 2597 1638 οῦν
2623 1586 3019 1650 ἐνατενίζουσα,
3043 1584 3114 1656 μὴ
3141 1584 3391 1654 ἀπογνῷς
3409 1585 3505 1654 τῆς
3529 1599 3680 1636 σεαυ-

2114 1676 2213 1745 τῆς
2243 1674 2444 1744 ψυχῆς·

2182 1765 2269 1818 55.
2311 1767 2460 1818 Ἐπεὶ
2486 1767 2543 1819 δέ
2567 1765 2740 1819 ταῦτα
2767 1767 2989 1832 ταύταις
3017 1770 3269 1841 εὑρήσεις
3313 1767 3566 1838 ἁρμόδια,
3603 1765 3682 1817 δεῖ

444 1857 739 1918 inveneris,
776 1870 872 1924 par
905 1854 974 1909 iis
1024 1867 1146 1922 qua:
1189 1851 1445 1921 superbia
1479 1858 1650 1918 captaa
1689 1857 1816 1903 sunt
1853 1848 2001 1902 adhi-

2112 1859 2203 1911 καὶ
2242 1857 2352 1912 τῶν
2384 1862 2452 1929 τῇ
2484 1859 2832 1931 ὑπερηφανίᾳ
2861 1861 3230 1933 ἁλισκομένων
3274 1858 3544 1913 ποιεῖσθαι
3585 1858 3680 1911 αὑ-

445 1947 616 2001 benda
647 1946 858 2000 curatio
888 1953 986 2001 est.
1023 1945 1099 1998 Ita
1123 1958 1357 2015 namque
1377 1957 1494 1997 eam
1519 1941 1723 2010 alloqui
1746 1946 1961 2008 oportet
1987 1957 1999 1993 :

442 2039 714 2104 Quorsum
762 2037 1117 2093 inﬂaris?An
1155 2035 1285 2106 quia
1332 2049 1524 2090 carnes
1573 2049 1683 2088 non
1727 2031 2010 2088 comedis?

442 2130 533 2184 alii
568 2146 635 2184 ne
669 2129 872 2199 piscem
903 2129 1123 2199 quidem
1155 2128 1354 2182 vident.
1385 2125 1542 2192 Quod
1581 2125 1628 2181 si
1672 2126 1797 2179 vino
1834 2124 2006 2178 absti-

441 2235 560 2285 nes,
593 2220 801 2290 respiee
829 2220 965 2274 alios
998 2218 1090 2288 qui
1120 2233 1188 2273 ne
1221 2219 1341 2272 oleo
1369 2217 1591 2287 quidem
1631 2224 1882 2270 utuntur.
1913 2213 2004 2270 Je-

435 2313 599 2382 junas
632 2327 805 2382 usque
838 2312 905 2367 ad
947 2311 1270 2380 vesperam?
1303 2310 1581 2364 nonnullas
1633 2309 1772 2364 duos
1822 2316 2003 2363 tresve

439 2404 556 2458 dies
585 2404 641 2458 in
669 2404 774 2459 cibi
816 2401 1147 2458 abstinentia
1197 2401 1526 2470 transigunt.
1578 2398 1831 2454 Forsitan
1875 2399 2004 2468 quia

438 2493 637 2548 balneo
668 2507 777 2546 non
824 2494 994 2548 uteris
1045 2493 1210 2547 altius
1250 2491 1437 2560 sapis?
1480 2491 1638 2544 multi
1673 2505 1798 2544 cum
1838 2490 2002 2543 etiam

436 2591 761 2655 aegrotarent
788 2584 1099 2639 nullatenus
1127 2600 1192 2638 eo
1226 2591 1355 2639 sunt
1386 2583 1494 2638 usi.
1521 2581 1596 2637 Te
1624 2581 1858 2636 fortasse
1879 2581 2002 2636 ideo

438 2663 747 2739 admiraris,
798 2677 925 2746 quia
974 2677 1028 2730 in
1085 2685 1255 2729 matta
1305 2675 1515 2730 dormis
1565 2681 1619 2729 et
1666 2675 1731 2727 in-
1779 2674 2003 2728 eilicino

436 2768 900 2822 stramento‘tAlii
937 2775 1116 2822 autem
1151 2768 1373 2822 assidue
1403 2767 1554 2820 liumi
1589 2767 1811 2831 cubant,
1857 2764 2003 2835 quod

434 2859 650 2913 etiamsi
699 2867 757 2912 tn
805 2857 1033 2922 faceres,
1083 2874 1190 2912 non
1226 2859 1407 2928 magni
1457 2858 1588 2928 quid
1650 2865 1840 2912 esset:
1873 2863 2006 2912 sunt

433 2950 578 3004 enim
611 2948 704 3018 qui
727 2949 893 3004 etiam
927 2948 1030 3004 sibi
1061 2948 1268 3018 lapides
1297 2949 1670 3018 subjecerunt,
1720 2965 1790 3002 ne
1836 2949 2002 3002 rebus

433 3040 775 3101 naturalibus
805 3054 928 3093 cum
977 3039 1254 3109 voluptate
1303 3038 1638 3094 fruerentur.
1689 3038 1794 3092 Alii
1831 3046 1999 3092 totam

432 3138 648 3186 noctem
695 3130 948 3199 suspensi
997 3137 1403 3200 transegerunt.
1457 3129 1566 3184 Sed
1626 3130 1842 3184 etiamsi
1886 3130 2001 3182 lucc

432 3223 614 3276 omnia
640 3221 977 3291 designares,
1014 3237 1077 3276 ac
1116 3237 1428 3291 supremam
1465 3221 1707 3275 omnium
1743 3222 2000 3275 exercita-

433 3313 632 3368 tionem
667 3313 982 3383 attingeres,
1015 3328 1083 3368 ne
1111 3329 1364 3383 magnum
1399 3312 1600 3381 sapias.
1637 3311 1848 3366 Etenim
1875 3312 1990 3366 dae-

431 3418 621 3458 mones
654 3403 807 3473 plura
837 3419 1000 3473 quam
1039 3412 1096 3457 tu
1130 3405 1503 3474 praestiterunt
1533 3410 1587 3456 et
1617 3413 1875 3472 praestant
1900 3405 2001 3458 ho-

433 3496 647 3565 dieque.
703 3495 839 3549 Nan:
892 3513 1069 3566 neque
1112 3496 1424 3558 comedunt,
1450 3512 1624 3566 neque
1669 3496 2002 3567 bibuntﬁne-

430 3602 536 3656 que
593 3589 862 3642 connubia
911 3588 1121 3653 ineunt,
1178 3603 1279 3643 nec
1321 3587 1599 3641 dormiunt
1635 3607 1647 3642 :
1683 3588 1792 3643 imo
1833 3589 1998 3642 etiam

432 3679 490 3734 in
513 3681 712 3734 eremis
743 3680 983 3750 degunt,
1015 3681 1058 3734 si
1085 3680 1221 3735 forte
1255 3682 1385 3735 tuin
1422 3681 1684 3750 spelunca
1718 3682 1990 3746 habitans,

432 3770 613 3838 magni
640 3771 769 3838 quid
798 3780 1056 3840 praestare
1085 3773 1181 3826 tibi
1205 3773 1463 3827 videaris.

500 3863 586 3917 54.
622 3862 712 3917 Sic
737 3864 902 3932 igitur
936 3865 1316 3934 similibusque
1341 3868 1647 3922 rationibus
1673 3865 1997 3934 'poterimus

428 3956 733 4010 contrarios
758 3970 951 4010 curare
981 3957 1224 4021 morbos,
1257 3955 1693 4026 desperationem
1727 3965 1780 4010 et
1807 3971 1999 4025 super-

428 4046 593 4100 biam.
632 4048 783 4100 Sicut
815 4049 958 4101 enim
991 4049 1130 4118 ignis
1160 4048 1565 4102 vehementiore
1591 4047 1718 4101 ﬂatu
1760 4047 1997 4116 dissipa-

429 4146 514 4191 tus
543 4139 928 4208 exstinguitur,
957 4155 1286 4209 rursumque
1316 4139 1441 4194 ﬂatu
1458 4140 1755 4194 destitutus
1794 4139 1999 4194 emori-

427 4239 538 4294 tur,
572 4231 645 4284 ita
680 4240 733 4284 et
763 4231 935 4286 virtus
966 4247 1062 4300 per
1096 4232 1406 4300 superbiam
1447 4231 1642 4295 evolat,
1681 4231 1804 4284 licet
1834 4245 1993 4285 exer-

425 4323 681 4377 citatione
698 4325 1001 4378 vehementi
1021 4326 1165 4378 culta
1193 4323 1390 4377 fuerit:
1421 4340 1750 4394 rursumque
1783 4324 1994 4378 incuria

425 4414 626 4468 bonum
680 4416 1068 4483 corrumpitur,
1101 4414 1322 4484 quando
1346 4415 1413 4468 ad
1466 4417 1700 4470 aﬂlatum
1755 4413 1993 4484 Spiritus

2110 1949 2208 2019 τὴν
2240 1949 2334 2021 τὴν
2365 1950 2678 2022 θεραπείαν.
2711 1951 2941 2004 Φάσκειν
2971 1952 3078 2024 γὰρ
3109 1952 3190 2004 δεῖ
3220 1950 3356 2022 πρὸς
3389 1950 3588 2019 αὑτήνο
3625 1948 3687 2000 Τί

2110 2041 2426 2110 φυσιοῦσαι;
2466 2042 2551 2104 Ὡς
2597 2041 2734 2113 κρέα
2769 2041 2842 2112 μὴ
2886 2042 3170 2106 ἐσθίουσα;
3197 2040 3344 2094 ἄλλοι
3386 2039 3506 2092 οὑδὲ
3537 2037 3688 2108 ἰχθὺν

2107 2136 2293 2205 ὁρῶσι.
2326 2135 2435 2188 Καὶ
2485 2137 2533 2188 εί
2566 2131 2705 2188 οἶνον
2734 2137 2793 2188 οὑ
2850 2136 3046 2201 πίνεις,
3077 2136 3384 2205 σκόπησον,
3415 2134 3491 2196 ὼς
3539 2133 3687 2186 ἄλλοι

2107 2223 2228 2277 οὔτε
2259 2226 2434 2278 ἔλαιον
2477 2225 2768 2279 ἐσθίουσιν.
2805 2227 2950 2290 Ἕως
2974 2227 3071 2297 ὀψὲ
3096 2225 3412 2297 νηστεύεις;
3448 2225 3605 2279 ἄλλαι
3635 2223 3691 2276 δὲ

2104 2312 2198 2365 δύο
2247 2314 2342 2366 καὶ
2379 2317 2528 2385 τρεῖς
2557 2315 2768 2386 ἡμέρας
2801 2315 3159 2368 συνάπτουσιν
3191 2315 3389 2368 ἄσιτοι.
3433 2311 3573 2365 Ἀλλ’
3606 2313 3689 2365 ὅτι

2105 2404 2165 2455 ού
2195 2404 2322 2475 λούῃ
2370 2405 2511 2474 μέγα
2548 2408 2794 2476 φρονείς;
2829 2405 3011 2458 πολλοὶ
3053 2407 3148 2459 καὶ
3189 2405 3276 2459 διὰ
3303 2404 3472 2467 πάθος
3501 2420 3694 2473 σωμα-

2104 2493 2252 2545 τικὸν
2290 2494 2396 2546 οὐδ’
2427 2494 2562 2557 ὅλως
2603 2494 2775 2565 τούτῳ
2825 2495 3139 2565 ἐχρήσαντο.
3179 2493 3338 2546 Ἀλλά
3387 2490 3692 2563 θαυμάζεις

2109 2584 2355 2652 σεαυτὴν,
2383 2584 2462 2637 ὅτι
2515 2585 2572 2636 ἐν
2625 2584 2901 2655 χαραδρίῳ
2929 2583 3227 2647 καθεύδεις,
3258 2584 3353 2636 καὶ
3387 2585 3444 2634 ἐν
3468 2581 3697 2653 τριχίνῃ

2109 2678 2364 2746 στρωμνῇ
2389 2693 2403 2741 ;
2436 2675 2591 2728 ἄλλαι
2617 2677 2676 2728 δέ
2703 2677 3034 2746 χαμευνοῦσι
3059 2673 3486 2747 διηνεκῶς.Ἀλλ’
3515 2676 3565 2725 εί
3593 2672 3691 2725 καὶ

2104 2765 2260 2818 τοῦτο
2302 2768 2604 2836 ποιήσειας,
2633 2765 2784 2818 οὐδὲν
2821 2765 2992 2836 μέγα·
3031 2766 3172 2828 τινὲς
3213 2766 3319 2836 γὰρ
3365 2766 3459 2818 καὶ
3503 2765 3690 2828 λίθους

2107 2858 2327 2919 ἑαυταῖς
2365 2857 2654 2921 ὑπέϐαλον,
2685 2857 2820 2926 πρὸς
2841 2857 2902 2909 τὸ
2937 2856 3010 2926 μὴ
3038 2857 3160 2910 καθ’
3185 2856 3371 2927 ἡδονὴν
3400 2855 3510 2908 τῶν
3528 2873 3690 2924 φυσι-

2107 2948 2217 3002 κῶν
2245 2951 2424 3018 τυχεῖν
2444 2967 2456 2979 ·
2489 2947 2638 3001 ἄλλοι
2668 2949 2723 3002 δὲ
2751 2949 2845 3018 καὶ
2867 2949 3180 3019 ἐκρέμασαν
3213 2950 3438 3010 ἑαυτοὺς
3462 2949 3529 3000 δι’
3555 2948 3693 3018 ὅλης

2105 3041 2204 3110 τῆς
2231 3040 2442 3102 νυκτός.
2481 3039 2616 3093 Ἀλλ’
2643 3043 2691 3092 εἰ
2725 3042 2819 3094 καὶ
2850 3041 3021 3093 ταῦτα
3056 3042 3232 3094 πάντα
3263 3041 3567 3108 ποιήσειας,
3588 3041 3688 3092 καὶ

2106 3131 2204 3201 τὴν
2229 3131 2535 3202 ἀκροτάτην
2553 3131 2781 3202 ἄσκησιν
2807 3131 3192 3194 ἐπιτελέσειας,
3220 3132 3293 3201 μὴ
3321 3132 3461 3200 μέγα
3485 3131 3687 3200 φρονή-

2107 3238 2206 3292 σῃς
2225 3237 2238 3250 '
2274 3225 2366 3276 καὶ
2395 3224 2500 3295 γὰρ
2529 3223 2597 3276 τὰ
2626 3224 2876 3293 δαιμόνια
2904 3224 3073 3277 πλείω
3093 3224 3200 3276 τῶν
3225 3223 3330 3275 σῶν
3350 3225 3690 3292 πεποιήκασι

2105 3315 2198 3365 καὶ
2228 3314 2487 3367 ποιοῦσιν·
2516 3313 2639 3367 οὑτε
2669 3316 2777 3385 γάρ
2804 3315 3092 3376 ἐσθίουσιν,
3123 3313 3246 3367 οὔτε
3277 3302 3688 3379 πίνουσιν,οὑτε

2102 3403 2389 3475 γαμοῦσιν,
2446 3404 2567 3458 οὑτε
2608 3405 2896 3458 ὑπνοῦσιν·
2947 3405 3088 3459 ἀλλά
3120 3405 3212 3458 καὶ
3263 3407 3319 3457 ἐν
3367 3405 3563 3476 ἐρήμῳ
3606 3404 3691 3457 δι-

2103 3495 2348 3562 άγουσιν,
2373 3495 2503 3564 εἴγε
2525 3497 2619 3550 καὶ¹
2645 3499 2703 3551 ἐν
2731 3497 2978 3569 σπηλαίῳ
3007 3498 3226 3552 οἰκοῦσα
3255 3499 3431 3560 δοκεῖς
3459 3497 3606 3567 μέγα
3631 3513 3689 3550 τι

2102 3588 2296 3640 ποιεῖν.

2171 3867 2259 3921 54.
2285 3866 2442 3920 Οῦτω
2476 3867 2574 3937 μέν
2597 3864 2711 3932 οὖν,
2743 3866 2836 3919 καὶ
2863 3867 2928 3918 ἐκ
2953 3866 3208 3919 τοιούτων
3244 3865 3542 3936 λογισμῶν,
3587 3866 3682 3919 δυ-

2099 3959 2254 4013 νατὸν
2291 3957 2540 4012 ἰάσασθαι
2569 3957 2639 4010 τὰ
2667 3957 2883 4010 ἐναντία
2916 3957 3058 4027 πάθη
3078 3976 3091 3988 ·
3132 3958 3231 4027 τήν
3260 3973 3319 4009 τε
3363 3956 3686 4025 ἀπόγνωσιν

2098 4051 2240 4119 λέγω
2263 4052 2354 4104 καὶ
2371 4051 2466 4122 τὴν
2495 4049 2889 4121 ὑπερηφανίαν.
2921 4049 3128 4119 Ὥσπερ
3160 4048 3270 4119 γὰρ
3306 4047 3552 4118 σφοδρῶς
3579 4051 3677 4101 ἐκ-

2100 4145 2416 4215 φυσώμενον
2476 4143 2605 4212 πῦρ,
2655 4139 3172 4211 διασκορπιζόμενον
3231 4139 3548 4202 ἀπόλλυται,
3583 4140 3682 4192 καὶ

2103 4234 2178 4304 μὴ
2200 4232 2358 4302 τυχὸν
2386 4233 2442 4285 δέ
2469 4231 2776 4301 πνεύματος
2805 4231 2964 4283 πάλιν
2993 4231 3301 4302 φθείρεται·
3338 4229 3480 4283 οὕτω
3510 4231 3606 4283 καὶ
3642 4233 3682 4300 ἡ

2098 4325 2264 4395 ἀρετὴ
2294 4323 2592 4391 ἀφίπταται
2629 4321 2693 4373 δι’
2723 4320 3046 4391 ὑπεροψίαν,
3069 4320 3170 4372 κᾶν
3207 4320 3405 4391 πολλὴν
3445 4320 3680 4392 σφοδρό-

2095 4433 2234 4486 τητα
2263 4417 2546 4485 ἀσκήσεως
2579 4411 2737 4482 λάϐῃ·
2758 4413 2850 4464 καὶ
2871 4411 3149 4482 φθείρεται
3180 4409 3236 4463 δὲ
3267 4411 3428 4464 πάλιν
3451 4411 3513 4476 ἐξ
3542 4413 3684 4483 ἀμε-

424 4505 598 4560 saneti
627 4520 734 4559 non
768 4521 1043 4560 movemus
1096 4507 1486 4576 nosmetipsos.
1519 4506 1746 4562 Gladius
1795 4513 1988 4560 acutus

2108 4508 2243 4571 ιείας
2290 4507 2350 4559 τὸ
2397 4504 2579 4570 καλὸν,
2610 4505 2735 4556 ὅταν
2772 4503 2890 4572 μηδ’
2921 4502 3056 4564 ὅλως
3085 4503 3391 4574 κινήσωμεν
3447 4503 3683 4565 ἑαυτοὺς

422 4595 580 4652 facile
616 4611 644 4650 a
667 4597 845 4665 lapide
866 4597 1250 4668 conlringitur,
1275 4599 1677 4667 vehemensque
1696 4598 1986 4667 disciplina

418 4697 473 4744 et
501 4689 840 4751 exercitatio,
867 4691 1014 4743 brevi
1042 4705 1137 4759 per
1171 4691 1480 4759 superbiam
1511 4691 1566 4744 in
1599 4692 1826 4745 exitium
1853 4691 1984 4744 ruit.

419 4781 761 4852 Quapropter
813 4782 1027 4850 expedit
1062 4783 1297 4835 animam
1343 4782 1585 4852 undique
1623 4783 1870 4845 munire,
1923 4797 1988 4835 ac

419 4889 726 4942 supremam
771 4874 985 4928 ascesin
1019 4889 1048 4926 a
1083 4873 1350 4943 superbia:
1381 4882 1518 4928 aastn
1565 4881 1844 4943 perustam
1893 4873 1988 4928 de-

417 4966 632 5019 mittere
682 4965 736 5018 in
773 4965 1029 5020 umbrosa
1072 4965 1189 5017 loca
1226 4981 1239 5018 :
1273 4963 1658 5032 interdumque
1713 4961 1987 5033 superﬂua

417 5063 720 5124 amputare,
750 5069 860 5125 quo
888 5054 1043 5108 radix
1081 5062 1321 5123 vegetior
1351 5043 1636 5107 elﬁ'eiatur.

481 5329 572 5384 55.
603 5328 708 5395 Qui
739 5345 868 5388 vero
907 5329 1289 5399 desperatione
1321 5327 1558 5397 capitur,
1613 5325 1982 5396 compellatur

408 5421 686 5492 praedictis
709 5423 1046 5491 argumentis
1069 5436 1288 5476 sursum
1309 5420 1553 5474 tendere.
1569 5417 1764 5471 Anima
1781 5417 1980 5486 quippe

411 5526 531 5580 quae
561 5523 717 5565 terra:
750 5513 994 5576 inhaeret,
1020 5513 1146 5567 vilis
1169 5512 1494 5582 abjectaque
1523 5517 1625 5565 est.
1653 5509 1800 5564 Sane
1833 5510 1981 5580 agri-

2093 4599 2226 4670 πρὸς
2267 4597 2524 4670 ριπισμὸν
2572 4596 2665 4649 τοῦ
2704 4594 2850 4647 θείου
2879 4592 3221 4662 ιΠν-εύματος.
3269 4591 3534 4663 Μάχαιρα
3575 4591 3679 4644 ἔπ-

2090 4705 2262 4760 ακμος
2281 4687 2477 4759 ῥαδίως
2504 4686 2607 4739 ὑπὸ
2625 4685 2770 4737 λίθου
2794 4683 3124 4751 κατάγνυται
3145 4699 3157 4711 ·
3184 4682 3276 4736 καὶ
3299 4683 3532 4752 ἄσκησις
3559 4683 3683 4735 ἐπι-

2088 4779 2358 4850 τεταμένη
2383 4778 2659 4847 συντόμως
2683 4777 2746 4828 ἐκ
2769 4775 2862 4828 τοῦ
2896 4773 3405 4844 ὑπερηφανεύεσθαι
3435 4773 3684 4826 ἀπόλλυ-

2087 4887 2199 4924 ται.
2242 4868 2403 4922 Ὅθεν
2465 4868 2730 4940 προσήκει
2776 4865 3109 4934 πανταχόθεν
3146 4863 3543 4932 ἁσφαλίζεσθαι
3575 4865 3680 4935 τὴν

2087 4961 2284 5033 ψυχὴν,
2313 4960 2407 5014 καὶ
2441 4961 2540 5029 τὴν
2585 4957 2890 5028 ἀκροτάτην
2915 4956 3143 5025 ἄσκησιν
3170 4957 3233 5007 ἐκ
3255 4954 3350 5008 τοῦ
3392 4954 3680 5018 καύσωνος

2086 5055 2185 5124 τῆς
2215 5049 2592 5122 ὑπερηφανίας
2637 5046 3066 5121 περικαιομένην
3110 5044 3493 5114 ὑποκάμπτειν
3537 5045 3681 5116 πρὸς

2085 5145 2211 5206 τοὺς
2260 5142 2507 5204 σκιώδεις
2554 5139 2771 5204 τόπους,
2801 5137 2912 5190 ἐσθ’
2945 5138 3034 5190 ὅτε
3075 5135 3169 5189 καὶ
3211 5133 3561 5204 περιτέμνειν
3604 5135 3681 5187 τὰ

2068 5233 2339 5308 περιττὰ,
2371 5233 2506 5304 πρὸς
2531 5231 2593 5284 τὸ
2628 5231 2724 5301 τὴν
2772 5230 2927 5299 ῥίζαν
2961 5224 3354 5295 εὐθαλεστέραν
3385 5223 3673 5292 γενέσθαι.

2156 5325 2244 5380 55.
2284 5326 2387 5378 Τὸν
2419 5324 2478 5377 δὲ
2526 5325 2592 5394 τῇ
2641 5319 2946 5389 ἀπογνώσει
3003 5316 3356 5385 ἁλισκόμενον
3403 5315 3673 5398 ἀνωρετιῆ

2085 5415 2366 5486 βιάζεσθαι
2413 5416 2588 5466 ποιεῖν
2627 5415 2738 5474 τοῖς
2777 5406 3194 5480 προειρημένοις
3230 5403 3676 5472 λογισμοῖς.Καὶ

2082 5508 2190 5580 γὰρ
2222 5506 2425 5578 σφόδρα
2460 5507 2494 5575 ἡ
2520 5502 2665 5573 ψυχὴ
2703 5497 3044 5572 χαμαιπετὴς
3074 5495 3351 5565 τυγχάνει.
3385 5495 3498 5546 Καὶ
3532 5493 3673 5561 γοῦν

410 5603 652 5654 colarum
681 5604 1049 5668 solertissimi,
1076 5619 1202 5660 cum
1229 5603 1466 5659 viderint
1490 5605 1729 5672 plantam
1758 5613 1977 5656 tenuem

2108 5600 2189 5653 ’ῶν
2220 5599 2502 5670 γεηπόνων
2551 5599 2600 5649 οἱ
2638 5596 2874 5666 ἄριστοι,
2905 5591 3124 5646 ἐπειδὰν
3160 5589 3326 5660 φυτὸν
3359 5588 3533 5659 βραχὺ
3570 5588 3674 5639 καὶ

409 5697 464 5742 et
488 5691 778 5755 infirmam,
809 5693 956 5763 large
985 5694 1236 5765 irrigant,
1276 5695 1558 5763 multaque
1605 5693 1977 5749 sollicitudine

2108 5692 2300 5754 ίσθενές
2332 5691 2649 5751 θεάσωνται,
2685 5685 2964 5750 ποτίζουσι
3011 5681 3266 5752 δαψιλῶς,
3317 5681 3413 5733 καὶ
3466 5681 3671 5748 ἐπιμε-

411 5778 610 5845 fovent,
642 5790 698 5841 ut
730 5791 1079 5852 augmentum
1127 5785 1378 5856 accipiat.
1412 5783 1638 5850 Quoties
1677 5792 1860 5839 autem
1917 5783 1973 5838 in

2077 5781 2224 5844 λείας
2254 5779 2455 5851 πολλῆς
2475 5776 2688 5846 ἀξιοῦσι
2709 5775 2845 5846 πρὸς
2871 5773 2932 5827 τὺ
2961 5770 3285 5843 αὐξηθῆναι.
3325 5766 3581 5821 Ἐπειδὰν
3609 5765 3668 5819 δὲ
