3852 6206
303 244 434 300 1521

1409 246 1563 302 "TA
1598 244 1891 303 SANtZTzE
1935 247 2412 312 SYNCLETlC/E.

3404 265 3426 318 1
3437 266 3540 320 5‘22!

301 367 359 418 ἐν
388 363 538 436 φυτῷ
566 366 810 436 πρόωρον
842 364 1076 435 βλάστην
1105 363 1426 429 θεάσωνται,
1457 365 1851 447 περιτέμνουσι*

1978 367 2163 437 planta
2207 372 2591 442 conspexerint
2658 389 2954 445 praecocem
2991 377 3294 441 surculum,
3344 393 3538 447 super-

299 457 453 508 αὐτοὶ
481 455 548 508 τά
577 456 823 526 περιττά·
858 455 1000 524 φιλεῖ
1041 454 1147 525 γὰρ
1191 455 1364 509 ταῦτα
1405 457 1635 526 ἑτοίμως
1684 455 1870 526 ξηραί-

298 547 502 602 νεσθαι.
535 549 643 600 Καὶ
676 547 875 618 ῑατρῶν
901 549 957 600 δὲ
981 548 1168 610 παῖδες
1209 546 1359 609 τινὰς
1399 547 1496 617 μὲν
1541 546 1648 600 τῶν
1691 545 1870 618 ἀρρώ-

299 658 438 695 στων
460 641 716 713 τρέφουσι
746 640 999 710 δαψιλῶς,
1024 641 1118 693 καὶ
1147 641 1279 710 πρὸς
1308 639 1606 709 περίπατον
1636 638 1867 709 προτρέ-

297 750 523 786 πονταν
567 733 789 803 ἐτέρους
827 732 884 786 δὲ
930 730 1301 802 δεσμεύοντες,
1334 729 1550 792 ἀσίτους
1597 729 1689 782 ἐπὶ
1732 729 1865 784 πολὺ

296 825 671 894 φυλάττουσιν.

369 939 456 994 56.
486 939 722 1008 Φανερὸν
749 932 842 991 οὖν
874 937 1042 1000 ἐστιν,
1081 933 1159 999 ὡς
1219 935 1470 1006 μέγιστον
1510 935 1569 987 ὲν
1606 934 1794 997 κακοῖς
1831 935 1864 1005 ή

295 1031 642 1104 ὑπερηφανία
669 1031 924 1100 τυγχάνει
943 1046 956 1059 ·
991 1030 1084 1082 καὶ
1121 1025 1280 1080 τοῦτο
1305 1028 1573 1098 δείκνυσιν
1601 1026 1774 1095 αὐτῆς
1803 1024 1866 1079 τὸ

291 1124 551 1189 ἐναντίον,
580 1126 614 1194 ἡ
651 1120 1136 1192 ταπεινοφροσύνη.
1187 1119 1455 1190 Δυσχερές
1487 1119 1603 1170 ἐστι
1658 1119 1863 1188 κτήσα-

294 1216 417 1269 σθαί
449 1232 570 1269 τινα
629 1214 729 1286 τὴν
761 1211 1277 1285 ταπεινοφροσύνην.
1310 1211 1374 1262 Et
1403 1209 1475 1280 μὴ
1509 1209 1617 1278 γάρ
1642 1225 1726 1271 τις
1759 1207 1864 1262 πά-

292 1327 391 1381 σης
413 1307 570 1378 δόξης
601 1306 755 1370 ἐκτὸς
777 1306 1022 1375 γένηται,
1051 1302 1238 1357 τούτου
1261 1300 1354 1356 τοῦ
1381 1302 1651 1373 θησαυροῦ
1685 1301 1864 1371 τυχεῖν

288 1403 348 1454 οὐ
384 1401 690 1470 δυνήσεται.
743 1397 899 1451 Οὕτω
939 1397 998 1450 δέ
1050 1399 1164 1450 ἐστι
1196 1394 1405 1467 μεγάλη
1442 1395 1476 1465 ἡ
1507 1408 1863 1464 ταπεινοφρο-

290 1492 444 1563 σύνη,
463 1492 536 1555 ὡς
568 1491 748 1553 πάσας
777 1489 875 1553 τὰς
900 1488 1098 1560 ἀρετὰς
1133 1486 1412 1559 μιμεῖσθαι
1435 1487 1610 1539 δοκεῖν
1635 1485 1725 1538 τὸν
1753 1485 1866 1538 διά-

288 1583 461 1648 ϐολον,
479 1581 678 1652 ταύτην
704 1581 760 1634 δὲ
788 1580 921 1651 μηδὲ
950 1579 1145 1632 εἰδέναι
1176 1578 1229 1632 τί
1252 1579 1388 1641 ὅλως
1417 1577 1584 1630 ἐστίν.
1615 1575 1784 1639 Εἰδὼς
1807 1575 1864 1629 δὲ

1967 455 2076 512 Ilua
2109 475 2338 531 quaeque
2379 462 2734 532 detruncant;
2785 467 2961 521 solent
2989 467 3254 537 siquidem
3289 468 3390 522 illa:
3431 469 3540 523 cito

1969 564 2237 609 arescere.
2261 554 2450 609 Medici
2479 565 2659 611 autem
2690 559 2858 629 628
2889 568 3215 630 aegrotorum
3249 563 3388 616 alios
3429 563 3539 615 lar-

1967 644 2119 712 giore
2145 646 2266 701 cibo
2299 648 2470 713 alunt,
2514 657 2568 704 et
2617 651 2684 704 ad
2729 651 3228 706 deambulationem
3259 654 3492 708 invitant
3520 671 3536 720 ;

1968 732 2104 789 alios
2127 735 2341 792 vinctos
2371 738 2576 796 diutius
2607 740 2663 796 in
2701 743 3026 797 abstinentia
3057 743 3323 800 detinent.

2014 931 2124 993 '56.
2172 938 2356 993 Palam
2392 941 2558 1010 igitur
2597 950 2682 997 est
2727 943 2996 998 malorum
3041 958 3357 1014 supremum
3414 960 3535 1001 esse

1966 1030 2275 1099 superbiam
2303 1051 2314 1086 :
2342 1032 2588 1103 illudque
2640 1035 2960 1105 comprobat
3005 1036 3208 1090 bonum
3261 1038 3364 1106 ipsi
3402 1052 3535 1092 con-

1963 1121 2196 1174 trarium
2231 1123 2529 1179 humilitas.
2561 1123 2712 1179 Hanc
2742 1141 2906 1195 porro
2941 1127 3160 1196 assequi
3190 1127 3406 1182 dilﬁcile
3427 1138 3531 1183 est.

1963 1211 2081 1269 Nisi
2109 1213 2255 1268 enim
2281 1215 2404 1284 quis
2438 1216 2658 1271 inanem
2704 1232 2920 1272 onmem
2971 1219 3198 1288 gloriam
3248 1220 3530 1289 abjecerit,

1965 1306 2112 1362 hunc
2143 1308 2391 1364 nancisci
2436 1309 2758 1364 thesaurum
2790 1324 2899 1364 non
2931 1311 3150 1366 valebit.
3195 1309 3291 1364 Est
3333 1311 3535 1382 quippe

1965 1397 2100 1453 adeo
2129 1414 2325 1470 magna
2353 1400 2530 1454 virtus
2565 1400 2869 1465 humilitas,
2901 1407 2961 1456 ut
3004 1402 3254 1458 diabolus
3305 1411 3534 1459 caeteras

1964 1487 2180 1558 quidem
2205 1489 2438 1544 virtutes
2471 1490 2723 1545 videatur
2743 1491 2965 1555 imitari,
2988 1491 3131 1546 hanc
3152 1507 3285 1547 vero
3317 1496 3532 1548 nesciat

1964 1580 2096 1650 quid
2129 1582 2353 1636 omnino
2377 1583 2470 1639 sit.
2516 1580 2751 1638 Proinde
2784 1583 2906 1653 ejus
2939 1584 3268 1640 soliditatem
3323 1588 3535 1642 stabili-

285 1674 456 1742 αὑτῆς
489 1671 548 1725 τὸ
579 1670 817 1740 ἀσφαλὲς
863 1671 956 1723 καὶ
1000 1670 1210 1740 ἑδραῖον
1245 1669 1273 1720 6
1333 1666 1650 1728 ἀπόστολος,
1697 1679 1851 1736 προσ-

1962 1677 2240 1742 tatemque
2272 1689 2396 1728 cum
2426 1675 2593 1730 sciret
2644 1676 2950 1745 apostolus,
2983 1676 3230 1746 praecipit
3276 1679 3436 1734 nobis
3471 1688 3532 1733 ut

285 1763 466 1816 τάττει
519 1765 652 1832 ἡμῖν
729 1761 934 1832 ταύτην
981 1759 1457 1831 ὲγκομδώσασθαι,
1496 1758 1593 1812 καὶ
1655 1757 1862 1819 πάντας

285 1855 569 1919 ποιοῦντας
606 1855 674 1908 τὰ
721 1852 994 1925 ὲπωφελῆ,
1027 1853 1231 1924 ταύτην
1271 1849 1707 1924 περιϐάλλεσθαι.
1743 1848 1860 1903 Κάν

281 1965 342 2000 τε
373 1947 480 2020 γὰρ
509 1947 794 2018 νηστεύῃς,
823 1947 924 2001 κᾶν
953 1963 1012 1999 τε
1046 1945 1222 2017 ἐλεῇς,
1270 1944 1370 1999 κάν
1404 1961 1464 1997 τε
1492 1943 1775 2014 διδάσκῃς
1812 1942 1861 1996 εί

281 2041 340 2094 δὲ
375 2043 471 2094 καὶ
499 2039 727 2112 σώφρων
765 2040 1038 2112 τυγχάνῃς
1069 2039 1164 2092 καὶ
1191 2039 1429 2102 συνετὸς,
1465 2037 1627 2090 πάλιν
1656 2035 1860 2106 ταύτην

282 2133 402 2186 ἀντὶ
425 2133 625 2202 τοιχίου
649 2131 921 2205 άρῤαγοῦς
950 2131 1162 2202 σεαυτῷ
1191 2127 1860 2202 παράστησον.Σφιγγέτω

281 2241 375 2276 σου
430 2225 525 2278 καὶ
561 2226 829 2294 συνεχέτω
863 2239 957 2276 σου
989 2223 1088 2287 τάς
1129 2223 1328 2294 ἀρετὰς
1353 2220 1490 2292 αὕτη
1521 2221 1555 2293 ἡ
1599 2219 1857 2288 καλλίστη

277 2314 386 2367 τῶν
435 2313 660 2370 ἀπασῶν
705 2313 946 2386 ἀρετῶν,
983 2315 1016 2384 ὴ
1048 2313 1535 2385 ταπεινοφροσύνη.
1575 2313 1736 2383 Ὁρᾷς
1766 2313 1859 2365 καῖ⁹

277 2405 378 2476 τὴν
407 2405 516 2458 τῶν
549 2405 717 2473 ἁγίων
743 2404 910 2474 τριῶν
960 2405 1166 2458 παίδων
1199 2403 1547 2474 ὑμνολογίαν,
1572 2403 1720 2466 ὅπως
1749 2401 1856 2456 τῶν

277 2496 452 2551 ἄλλων
485 2496 695 2568 ἀρετῶν
721 2497 782 2549 οὐ
815 2497 955 2550 πάνυ
987 2514 1041 2549 τι
1077 2495 1570 2568 μνημονεύσαντες,
1601 2494 1727 2558 τοὺς
1756 2511 1854 2547 τα-

277 2588 494 2651 πεινοὺς
528 2589 623 2642 σὺν
653 2591 764 2651 τοῖς
794 2587 1022 2658 ὑμνοῦσι
1055 2587 1656 2658 συγκατηριθμήσαντο,
1685 2584 1760 2657 μὴ
1781 2587 1858 2639 εί-

280 2680 506 2750 ρηκὸτες
549 2678 830 2750 σώφρονας
855 2679 888 2751 ἦ
917 2681 1055 2750 ἀκτή
1065 2698 1254 2751 μονας.
1282 2681 1493 2750 Ὥσπερ
1524 2678 1632 2750 γάρ
1662 2677 1858 2732 ἀδύνα-

276 2789 368 2826 τον
389 2773 520 2842 ναῦν
551 2773 720 2844 χωρὶς
743 2773 890 2843 ἥλων
920 2772 1450 2843 κατασκευασθῆναι,
1473 2771 1644 2834 οὕτως
1664 2769 1857 2824 ἀδύνα-

274 2884 366 2920 τον
398 2866 632 2936 σωθῆναι
657 2867 826 2938 χωρὶς
851 2866 1367 2936 ταπεινοφροσύνης.

344 2980 432 3035 57.
459 2981 580 3034 Ὅτι
606 2979 664 3032 δὲ
690 2979 866 3050 ἀγαθὴ
890 2980 983 3033 καὶ
1007 2980 1270 3050 σωτήριος
1291 2978 1532 3048 πέφυκεν
1549 3019 1563 3043 ,
1587 2976 1852 3048 ὁΚύριος,

1961 1759 2257 1817 iuduamus
2290 1762 2654 1819 humilitatem
2676 1766 2720 1830 θ,
2756 1774 3065 1836 cunctaque
3092 1768 3248 1821 utilia
3277 1778 3526 1838 agentes.

1960 1867 2079 1906 eam
2108 1854 2258 1908 velut
2280 1855 2540 1911 amictum
2579 1857 2988 1915 circumdemus
3014 1859 3174 1914 nobis
3210 1878 3223 1913 :
3249 1861 3363 1916 sive
3389 1861 3532 1931 jeju-

1959 1946 2209 2010 nes,sive
2226 1949 2658 2005 misericordiam
2673 1966 2954 2018 exerceas,
2983 1952 3100 2007 sive
3127 1953 3347 2009 doceas.
3373 1953 3528 2020 Quod

1961 2033 2007 2087 si
2037 2042 2348 2104 temperans
2378 2044 2434 2092 et
2469 2039 2713 2108 prudens
2744 2039 2843 2105 sis,
2880 2055 3000 2096 eam
3039 2041 3138 2096 tibi
3169 2043 3396 2098 admove
3428 2059 3530 2100 ceu

1959 2125 2321 2181 fortissimum
2351 2143 2590 2185 murum.
2620 2128 2901 2200 Astringat
2937 2131 3323 2202 contineatque
3358 2134 3528 2188 virtu-

1956 2224 2042 2273 tes
2084 2224 2207 2273 tuas
2245 2222 2489 2274 omnium
2517 2221 2776 2275 virtutum
2822 2225 3273 2292 praestantissima
3300 2226 3526 2282 humili-

1957 2319 2060 2364 tas.
2078 2307 2355 2379 (88)Vides
2371 2312 2535 2366 trium
2555 2326 2848 2382 puerorum
2867 2315 3162 2377 canticum,
3175 2317 3318 2384 quod
3335 2331 3455 2371 nem
3465 2333 3529 2386 pc

1958 2398 2188 2452 aliarum
2252 2400 2519 2455 virtutum
2572 2403 2848 2458 mentione
2903 2407 2995 2459 vix
3061 2403 3226 2469 facta,
3289 2405 3526 2462 humiles

1956 2490 2219 2560 hymnum
2247 2493 2586 2548 cantantium
2624 2495 2793 2549 choro
2823 2497 3381 2561 annumeraverint“,
3413 2513 3523 2552 non

1956 2583 2274 2638 memoratis
2319 2586 2751 2654 temperantibus
2798 2597 2852 2643 et
2908 2589 3246 2657 paupertatis
3302 2592 3528 2644 amanti-

1957 2673 2083 2728 bus.
2111 2672 2581 2740 Quemadmodum
2625 2678 2767 2731 enim
2817 2678 3156 2747 impossibile
3201 2688 3287 2734 est
3332 2696 3526 2734 navem

1956 2764 2076 2820 sine
2098 2765 2265 2822 clavis
2300 2765 2582 2831 fabricari,
2614 2768 2689 2821 ita
2721 2784 2821 2824 nec
2849 2771 3096 2826 valemus
3125 2772 3358 2827 salutem
3397 2787 3527 2827 con-

1955 2859 2112 2928 sequi
2145 2859 2264 2916 sine
2294 2859 2619 2916 humilitate.

2025 2969 2114 3024 57.
2143 2969 2281 3038 Quia
2315 2985 2442 3026 vero
2465 2973 2729 3042 praeclara
2760 2973 2851 3027 illa
2891 2983 2976 3030 est
3005 2985 3058 3030 et
3086 2977 3366 3042 salutaris,
3417 2979 3523 3031 Do.

273 3072 412 3145 πρὸς
455 3072 773 3144 ἀνθρώπους
819 3047 1399 3144 οίκονομίαν-πληρῶν,
1433 3071 1602 3143 αὐτὴν
1637 3047 1848 3142 ἠμφιά-

1958 3061 2134 3115 minus
2181 3072 2335 3115 suam
2372 3077 2503 3132 erga
2546 3062 2798 3118 homines
2843 3068 3204 3122 mconomiam
3262 3070 3516 3141 implens,

277 3163 815 3237 μωθήτενδσον..ἶΑρχή
848 3179 929 3218 σοι
952 3164 1046 3218 καὶ
1066 3165 1218 3229 τέλος
1246 3163 1354 3219 τῶν
1374 3163 1639 3234 ἀγαθῶνὴ
1662 3181 1852 3218 ταπει-

275 3266 425 3305 σατο.
461 3251 596 3322 Φησὶ
640 3251 780 3322 γάρ’
813 3249 1043 3304 Μάθετε
1067 3250 1166 3305 ἀπ’
1191 3251 1360 3321 ἐμοῦ,
1397 3249 1486 3304 ὅτι
1525 3249 1711 3318 πρᾶός
1731 3253 1848 3320 ειμι

271 3345 375 3397 καὶ
408 3345 684 3410 ταπεινὸς
702 3344 776 3413 τῇ
805 3345 1034 3413 καρδίᾳ.
1066 3346 1206 3416 Ὅρα
1223 3346 1307 3410 τίς
1338 3348 1366 3400 6
1393 3346 1586 3416 λέγων,
1629 3346 1849 3410 τελείως

270 3434 571 3507 νοφροσύνη
597 3437 845 3505 γινέσθω.
876 3438 1139 3509 Φρόνησιν
1153 3436 1297 3506 λέγω
1329 3437 1521 3511 [λέγει]
1562 3440 1843 3510 ταπεινὴν,

270 3527 333 3578 οὐ
366 3526 549 3598 σχῆμα
576 3528 752 3600 μόνον,
777 3529 868 3583 τὸν
891 3529 1038 3593 ἐντὸς
1062 3529 1344 3600 ἄνθρωπον
1365 3529 1680 3583 αἰνίττεται·
1717 3531 1848 3584 ἀκο-

270 3617 520 3690 λουθήσει
573 3619 680 3691 γὰρ
702 3619 876 3689 τούτῳ
908 3621 1000 3674 καὶ
1027 3622 1054 3673 6
1087 3620 1260 3683 ἐκτός.
1285 3620 1472 3684 Πάσας
1497 3621 1597 3683 τὰς
1627 3619 1848 3685 ἐντολάς

270 3705 607 3778 πεποίηκας;
637 3705 788 3761 οἶδεν
817 3711 844 3762 6
870 3709 1072 3780 Κύριος
1092 3725 1105 3738 ·
1140 3710 1254 3764 ἀλλ’
1284 3711 1446 3774 αὐτός
1480 3702 1560 3764 σοι
1605 3711 1847 3765 ἐντέλλε-

270 3815 361 3852 ται
416 3799 579 3854 πάλιν
622 3801 794 3873 ἀρχὴν
838 3802 1081 3867 δουλείας
1133 3802 1464 3873 λαμϐάνεινο
1521 3803 1655 3875 φησὶ
1697 3804 1840 3876 γάρ’

273 3888 457 3942 Ὅταν
497 3889 692 3944 πάντα
730 3892 1039 3962 ποιήσητε,
1072 3892 1308 3946 εἴποι-ε’
1352 3893 1565 3948 Δοῦλοι
1617 3894 1847 3964 ἀχρεῖοι

270 3978 477 4048 ἐσμεν.

337 4069 427 4125 58.
463 4071 528 4124 Ἡ
555 4067 650 4125 οὖν
676 4074 1140 4147 ταπεινοφροσύνη
1192 4076 1547 4149 κατορθοῦται
1601 4079 1667 4131 δι’
1705 4080 1844 4133 ὀνει-

265 4161 506 4233 δισμῶν,
564 4163 632 4217 δι’
682 4164 928 4236 ὕϐρεων,
969 4166 1059 4220 διὰ
1116 4168 1370 4241 πληγῶνο
1449 4171 1536 4224 ἵνα
1603 4171 1842 4244 ἀκούσῃς

265 4254 454 4324 ἄφρων
481 4255 574 4308 καὶ
599 4257 796 4326 μωρὸς,
833 4257 1000 4329 πένης
1059 4260 1154 4312 καὶ
1203 4261 1434 4332 πτωχὸς,
1467 4263 1698 4335 ἀσθενὴς
1748 4264 1841 4317 καὶ

265 4343 505 4417 εὐτελὴς,
541 4347 852 4418 ἀπρόκοπος
885 4350 943 4402 ὲν
989 4349 1190 4421 ἔργοις,
1229 4351 1420 4422 ἄλογος
1450 4357 1508 4406 ὲν
1555 4357 1836 4427 προφορᾷ,

263 4439 454 4508 ἄτιμος
484 4441 542 4490 ὲν
583 4440 730 4505 εἴδει,
765 4440 994 4513 ἀσθενὴς
1023 4445 1081 4495 ὲν
1123 4443 1368 4514 δυνάμει.
1397 4445 1577 4498 Ταῦτα
1611 4446 1709 4518 τῆς
1741 4464 1837 4501 τα-

262 4531 687 4602 πεινοφροσύνης
701 4531 767 4585 τά
783 4531 967 4604 νεῦρα.
988 4534 1173 4588 Ταῦτα
1191 4536 1219 4587 ὁ
1239 4536 1440 4607 Κύριος
1460 4539 1491 4608 ἡ
1500 4537 1615 4610 μῶν
1634 4538 1836 4609 ἤκουσε

261 4623 357 4675 καὶ
389 4623 644 4677 πέπονθε.
663 4625 1010 4697 Σαμαρείτην
1035 4625 1144 4698 γὰρ
1164 4627 1324 4681 αὑτὸν
1356 4622 1516 4684 εἶπαν
1540 4630 1634 4683 καὶ
1653 4631 1833 4701 δαιμό-

260 4730 373 4766 νιον
416 4713 625 4784 ἔχοντα.
684 4716 879 4770 Δούλου
927 4717 1157 4790 μορφὴνξ
1176 4719 1482 4792 ἀνείληφεν,
1539 4721 1827 4793 ὲραπίσθη,

261 4805 496 4876 πληγαῖς
532 4807 750 4878 ᾐκίσθη.

331 4917 418 4972 59.
463 4919 555 4971 Δεῖ
602 4916 695 4973 οὖν
741 4922 836 4974 καὶ
873 4925 1020 4993 ἡμᾶς
1061 4926 1340 4996 μιμεῖσθαι
1382 4926 1480 4998 τὴν
1514 4928 1828 5002 ἔμπρακτον

256 5011 460 5082 ταύτην
487 5015 1002 5088 ταπεινοφροσύνην.
1032 5019 1155 5074 Εἰσὶ
1186 5021 1284 5091 μὲν
1312 5018 1405 5077 οὖν
1441 5042 1584 5088 τινες
1610 5027 1704 5079 καὶ
1741 5026 1829 5081 διὰ

257 5104 367 5158 τῶν
390 5105 544 5170 ἐκτὸς
567 5107 858 5179 σχημάτων
883 5111 1317 5185 ὑποκρινόμενοι,
1336 5118 1430 5171 καὶ
1450 5119 1829 5185 ταπεινοῦντες

257 5198 502 5262 ἑαυτοὺς,
541 5199 688 5270 αὑτῷ
717 5204 890 5274 τούτῳ
915 5203 1071 5270 δόξαν
1105 5205 1442 5279 θηρώμενοι·
1483 5211 1595 5265 ἀλλ’
1628 5215 1692 5267 ὲκ
1719 5215 1826 5269 τῶν

257 5289 481 5361 καρπῶν
519 5291 1000 5360 ὲπιγινώσκονταιο
1040 5297 1266 5372 καὶγὰρ
1298 5303 1627 5369 ἐπιπολαίως
1674 5308 1827 5378 ὑϐρι-

1951 3166 2047 3208 seu
2077 3151 2418 3217 incarnatus,
2441 3167 2560 3208 eam
2602 3155 2798 3211 induit.
2843 3156 2936 3210 Ait
2973 3158 3175 3229 quippe
3210 3180 3222 3216 :
3254 3160 3458 3217 Discite
3489 3183 3522 3219 a

1951 3260 2032 3298 me
2057 3244 2184 3314 quia
2213 3246 2357 3298 mitis
2388 3261 2504 3299 sum
2527 3255 2578 3301 et
2603 3246 2816 3302 humilis
2843 3249 2998 3304 corde
3025 3253 3090 3305 ¹¹.
3123 3252 3354 3310 Attende
3396 3258 3522 3326 quis

1949 3337 2022 3392 sit
2061 3338 2157 3407 qui
2191 3339 2455 3407 loquitur,
2491 3347 2719 3410 estoque
2756 3342 3034 3412 perlectus
3075 3344 3399 3416 discipulus.
3439 3347 3520 3402 Sit

1949 3425 2045 3479 tibi
2095 3425 2380 3483 humilitas
2415 3417 2742 3498 principium
2784 3429 3019 3502 ﬁnisque
3056 3433 3339 3488 virtutum.
3382 3433 3521 3491 Sen-

1947 3532 2068 3572 sum
2097 3518 2265 3571 animi
2307 3518 2442 3573 dicit
2471 3520 2750 3586 humilem,
2781 3539 2888 3578 non
2928 3526 3098 3580 solam
3130 3527 3387 3596 speciem,
3424 3529 3517 3582 sed

1947 3608 2264 3665 interiorem
2294 3610 2474 3665 innuit
2509 3613 2782 3670 hominem
2822 3635 2834 3671 :
2875 3632 2998 3672 eum
3025 3633 3259 3688 namque
3281 3619 3519 3674 exterior

1946 3710 2332 3771 consequetur.
2377 3701 2570 3757 Omnia
2621 3714 2892 3776 praecepta
2941 3709 3216 3763 servasti?
3256 3709 3314 3764 ld
3368 3710 3518 3764 novit

1945 3791 2230 3849 Dominus.
2258 3793 2460 3849 Verum
2496 3799 2612 3866 ipse
2651 3798 2749 3852 tibi
2787 3800 3034 3870 praecipit
3073 3810 3131 3854 ut
3184 3801 3515 3872 principium

1945 3885 2228 3940 servitutis
2287 3902 2480 3943 rursus
2536 3904 2819 3956 assumas;
2869 3891 2944 3946 ait
2991 3891 3138 3946 enim
3175 3911 3186 3946 :
3221 3891 3354 3945 Cum
3408 3891 3516 3946 hac

1947 3975 2126 4028 omnia
2165 3975 2415 4044 feceritis,
2436 3977 2593 4033 dicite
2623 3996 2641 4033 :
2669 3978 2816 4034 Servi
2839 3982 3054 4037 inutiles
3081 3998 3264 4037 sumus
3293 3984 3358 4036 ι’.

2016 4088 2104 4143 58.
2138 4088 2432 4146 Humilitas
2463 4091 2646 4162 itaque
2680 4101 2966 4149 exercetur
3007 4108 3104 4165 per
3160 4095 3511 4166 imprOperia,

1942 4193 2039 4250 per
2066 4183 2468 4253 contumeliasA
2499 4198 2598 4255 per
2637 4185 2863 4255 plagas;
2897 4193 2955 4239 ut
2983 4186 3174 4242 audias
3216 4202 3406 4243 amens
3458 4198 3514 4242 et

1954 4273 2177 4337 stultus,
2202 4287 2408 4344 pauper
2445 4283 2498 4330 et
2526 4276 2706 4346 inops,
2735 4277 2984 4334 inlirmus
3014 4287 3068 4334 et
3093 4279 3235 4343 vilis,
3263 4280 3510 4337 inconsi-

1943 4363 2166 4420 deratus
2200 4365 2257 4419 in
2292 4367 2573 4434 operibus,
2612 4369 2842 4426 rationis
2871 4385 3070 4439 expers
3118 4372 3173 4424 in
3216 4372 3506 4442 loquendo,

1943 4453 2118 4509 forma
2161 4456 2534 4526 despicabilis,
2581 4460 2777 4516 debilis
2811 4461 3042 4518 viribus.
3081 4461 3147 4516 Hi
3181 4475 3307 4518 sunt
3351 4466 3504 4520 nervi

1940 4544 2288 4602 humilitatis.
2345 4547 2472 4603 Haec
2537 4548 2805 4606 Dominus
2852 4561 3039 4608 noster
3103 4554 3332 4619 audivit,
3391 4556 3508 4609 haec

1939 4655 2137 4710 passus
2181 4649 2285 4697 est.
2338 4641 2475 4698 Nam
2530 4643 2935 4702 Samaritanum
2976 4663 3101 4704 eum
3147 4649 3420 4710 dicebant,
3455 4657 3510 4704 et

1939 4734 2267 4789 daemonium
2328 4737 2644 4792 habentem.
2707 4738 3017 4809 Assumpsit
3062 4739 3295 4794 formam
3342 4741 3507 4808 servi,

1939 4825 2189 4894 colaphis
2215 4841 2390 4882 caesus
2413 4835 2518 4892 est,
2545 4829 2829 4903 plagisque
2861 4831 3273 4886 dehonestatus.

2009 4939 2095 4995 59.
2137 4939 2327 5011 Operae
2352 4943 2585 5012 pretium
2615 4943 2798 5012 itaque
2817 4949 2972 4998 estut
2993 4959 3133 4998 verae
3158 4959 3258 4998 nos
3282 4943 3503 4998 humili-

1940 5034 2068 5087 tatis
2118 5035 2298 5088 aamuli
2331 5036 2526 5090 simus.
2562 5034 2796 5102 Quidam
2850 5036 2995 5091 enim
3035 5045 3163 5090 sunt
3197 5039 3292 5106 qui
3324 5045 3505 5092 exter-

1936 5141 2061 5179 nam
2099 5126 2336 5196 speciem
2362 5127 2688 5182 humilitatis
2712 5128 3282 5200 ementiuntur,atque
3302 5131 3503 5201 eoipso

1933 5218 2160 5288 gloriam
2194 5229 2559 5290 aucupantur.
2603 5218 2707 5275 Sed
2756 5236 2822 5276 ex
2855 5220 3126 5276 fructibus
3153 5236 3499 5292 cognoscun-

1933 5317 2023 5365 tur
2047 5329 2058 5364 :
2091 5311 2175 5366 vel
2194 5311 2467 5367 levissima
2490 5312 2688 5384 quippe
2717 5312 2916 5384 injuria
2935 5313 3136 5382 aﬂ'ecti,
3155 5328 3501 5386 nequaquam

386 5444 404 5496 l
442 5445 582 5502 Petr.
615 5465 669 5514 v,
705 5449 756 5504 5.
836 5453 879 5484 ¹⁰
919 5451 1054 5510 Dan.
1093 5472 1189 5520 ιιι,
1221 5457 1309 5513 87.
1390 5461 1429 5491 “
1475 5460 1664 5520 Matth.
1701 5481 1786 5532 ιι,
1821 5466 1912 5523 29.
1994 5469 2036 5500 “
2077 5467 2208 5525 Luc.
2248 5486 2393 5534 xvu,
2433 5470 2512 5524 10.

325 5600 431 5670 (88)
474 5601 576 5656 Vit.
609 5602 718 5660 PP.
746 5606 781 5662 l.
816 5625 869 5674 v,
896 5609 983 5675 15,
1011 5611 1099 5666 48.
1132 5610 1350 5668 Doroth.
1389 5613 1536 5670 Doct.
1569 5616 1620 5670 ιι.
