3880 6200
364 255 597 325 1525'

1592 279 2054 338 ATHANASIUS.
2095 315 2166 326 —
2205 284 2480 344 SPURIA.
2546 287 2593 312 "'

3472 299 3616 352 1524

363 387 658 451 sustinent,
696 387 1094 459 confestimque
1135 404 1235 445 ceu
1272 402 1554 462 serpentes
1589 398 1742 453 virus
1775 415 1936 455 suum

2047 401 2282 467 σθέντες,
2325 405 2426 458 οὐκ
2450 407 2713 476 ἧνεγκαν·
2752 407 2887 461 ἄλλά
2935 408 3188 480 παραυτά
3223 409 3410 474 ὥσπερ
3459 410 3618 480 ὄφεις

331 485 344 502 ⁸
360 488 618 536 evomunt

433 571 522 627 60.
555 573 630 629 De
659 576 1005 634 sermonibus
1026 580 1297 650 ejusmodi
1327 596 1541 637 summe
1587 583 1937 638 exsultabant

363 681 486 734 qua:
527 679 917 736 convenerant,
951 673 1236 745 adhucque
1284 676 1729 745 perseverabant,
1785 677 1936 731 nulla

363 757 633 814 bonorum
687 763 936 820 satietate
991 766 1250 822 admissa.
1294 767 1404 839 (89)
1446 767 1760 837 lterumque
1812 769 1935 824 illas

361 849 521 903 beata
549 850 715 924 Virgo
757 856 838 911 sic
869 857 1184 928 alloquitur.
1223 858 1478 930 Magnum
1532 868 1617 916 est
1655 867 1934 916 certamen

364 941 436 997 iis
478 945 570 1014 qui
633 947 903 1003 accedunt
954 951 1022 1004 ad
1063 950 1254 1017 Deum,
1311 953 1577 1024 laborque
1625 954 1819 1025 ingens
1879 955 1935 1009 in

363 1036 659 1108 principio,
721 1042 917 1098 exinde
964 1060 1094 1100 vero
1148 1045 1408 1116 gaudium
1454 1046 1746 1102 ineﬂ‘abile.
1797 1046 1934 1102 Nam

364 1129 820 1196 quemadmodum
853 1134 947 1204 qui
972 1135 1148 1204 ignem
1179 1138 1419 1192 excitare
1449 1138 1661 1202 volunt,
1697 1139 1932 1209 primum

364 1218 518 1274 fumo
543 1221 862 1277 inliciuntur
888 1239 951 1278 ac
973 1225 1242 1296 lacrymas
1259 1227 1538 1292 emittunt,
1577 1243 1755 1298 eoque
1772 1229 1936 1283 modo

363 1312 565 1379 optatis
599 1313 916 1382 potiuntur;
947 1315 1024 1369 ait
1050 1315 1194 1370 enim
1230 1335 1243 1370 :
1272 1316 1412 1372 Deus
1443 1327 1619 1372 noster
1642 1320 1777 1390 ignis
1804 1335 1934 1374 con-

364 1419 576 1458 sumens
627 1405 888 1472 est";ita
943 1406 1198 1462 convenit
1257 1423 1362 1463 nos
1421 1425 1642 1480 quoque
1689 1409 1934 1464 divinum

365 1495 544 1564 ignem
573 1495 627 1549 in
658 1496 818 1551 nobis
857 1498 1155 1554 accendere
1188 1514 1314 1554 cum
1344 1501 1606 1572 lacrymis
1636 1509 1692 1556 et
1723 1502 1932 1556 labore.

363 1583 482 1654 Ipse
512 1586 788 1656 siquidem
803 1586 1068 1646 Dominus
1097 1591 1173 1648 ait
1215 1610 1227 1645 :
1269 1590 1451 1662 Ignem
1481 1593 1598 1647 ueni
1642 1595 1851 1648 mittere
1880 1593 1935 1648 in

2034 492 2126 546 τὸν
2145 495 2354 549 ἑαυτῶν
2384 498 2460 550 ίὸν
2491 498 2775 569 ἐξέμεσαν.

2104 588 2196 644 60.
2244 591 2366 643 Ἐπὶ
2423 595 2535 654 τοῖς
2588 591 2765 661 λόγοις
2809 593 2867 647 δέ
2913 594 3121 658 τούτοις
3173 594 3506 665 ὴγαλλιῶντο
3555 595 3618 650 αῖ

2037 682 2390 736 συνελθοῦσαι
2403 685 2627 755 σφόδρα,
2646 687 2740 739 καὶ
2760 686 2920 740 πάλιν
2941 688 3432 760 προσεκαρτέρουν,
3448 689 3620 759 κόρον

2034 775 2141 828 τῶν
2171 776 2390 844 ἀγαθῶν
2422 777 2496 846 μὴ
2529 776 2919 847 λαμϐάνουσαι.
2955 779 3064 831 Καὶ
3090 780 3249 832 πάλιν
3277 780 3411 850 πρὸς
3441 781 3619 842 αὐτὰς

2036 866 2219 935 ἔλεγεν
2257 871 2290 938 ἡ
2336 869 2600 939 μακαρία·
2643 868 2815 938 Ἀγών
2853 872 2967 924 ἐστι
2989 871 3156 934 πολὺς
3178 873 3291 934 τοῖς
3312 889 3620 942 προσερχο-

2039 959 2220 1030 μένοις
2250 960 2369 1031 Θεῷ
2393 962 2486 1014 καὶ
2523 961 2688 1024 κόπος
2714 960 2788 1013 τά
2808 960 3019 1032 πρῶτα,
3053 961 3241 1015 ἔπειτα
3273 963 3328 1016 δὲ
3352 963 3493 1033 χαρὰ
3517 965 3619 1014 ἁν-

2035 1051 2374 1122 εκδιήγητος.
2421 1052 2631 1123 ’Ὠσπερ
2685 1053 2792 1122 γὰρ
2824 1054 2872 1105 oi
2907 1051 3018 1123 πῦρ
3057 1051 3250 1122 ἐξάψαι
3298 1052 3618 1122 βουλόμενοι

2036 1143 2252 1214 πρῶτον
2303 1143 2656 1208 καπνίζονται
2705 1145 2800 1199 καὶ
2849 1144 3163 1218 δακρύουσι,
3193 1146 3288 1198 καὶ
3313 1143 3484 1206 οὕτως
3515 1143 3619 1196 τοῦ

2036 1233 2367 1304 ζητουμένου
2414 1236 2758 1304 τυγχάνουσι·
2818 1235 2911 1288 καὶ
2969 1235 3078 1307 γάρ
3132 1252 3323 1305 φησιν·
3369 1237 3430 1287 '0
3469 1235 3620 1300 Θεὸς

2036 1324 2206 1393 ἡμῶν
2260 1325 2379 1394 πῦρ
2435 1328 2918 1380 καταναλίσκον·
2959 1326 3103 1380 οὕτω
3129 1327 3209 1380 δεῖ
3241 1328 3335 1381 καὶ
3363 1329 3510 1398 ἡμᾶς
3552 1328 3620 1380 τὸ

2037 1417 2180 1470 θεῖον
2204 1417 2316 1490 πῦρ
2345 1420 2424 1483 είς
2460 1419 2684 1482 ἑαυτοὺς
2717 1419 2911 1488 ἐξάψαι
2948 1420 3085 1490 μετά
3119 1419 3368 1489 δακρύων
3399 1422 3494 1473 καὶ
3525 1419 3623 1472 κό-

2038 1527 2161 1566 που.
2187 1511 2357 1574 Αὐτὸς
2388 1511 2496 1583 γάρ
2526 1527 2690 1582 φησιν
2721 1514 2750 1564 ό
2786 1511 3006 1581 Κύριος·
3043 1511 3171 1580 Πῦρ
3190 1508 3380 1582 ἦλθον
3394 1511 3624 1576 βαλεῖν

2034 1603 2134 1657 ἐπὶ
2164 1603 2280 1672 τὴν
2312 1601 2445 1674 γῆν.
2495 1605 2604 1658 Καί
2653 1622 2797 1668 τινες
2838 1605 2904 1657 δι’
2942 1605 3347 1675 ὀλιγωρίανντοῦ
3382 1606 3481 1675 μὲν
3513 1623 3624 1659 κα-

366 1677 632 1732 ιενναηι¹⁶.
669 1677 736 1732 Et
763 1693 894 1736 sane
924 1681 1169 1751 quidam,
1210 1697 1334 1738 cum
1361 1683 1494 1738 fumi
1519 1685 1828 1741 molestiam
1857 1694 1937 1741 to-

2047 1692 2172 1746 πνοῦ
2221 1694 2528 1764 ἠνέσχοντο,
2562 1695 2625 1748 τὸ
2655 1694 2711 1748 δὲ
2752 1695 2864 1765 πῦρ
2890 1695 2989 1749 οὐκ
3023 1696 3247 1766 ἐξῆψαν,
3273 1695 3360 1749 διὰ
3398 1695 3461 1749 τὸ
3506 1715 3623 1767 μα-

365 1769 653 1834 lerassent,
688 1786 798 1826 non
855 1773 1224 1829 accenderunt
1277 1775 1482 1846 ignem,
1529 1792 1598 1833 eo
1643 1778 1792 1848 quod
1841 1794 1939 1850 pa-

2047 1755 2560 1857 κροθυμίαςάύτοῦς
2587 1787 2742 1851 ἐκτὸς
2767 1755 2924 1852 εἶναι,
2955 1789 3048 1842 καὶ
3065 1755 3282 1858 μάλλον
3308 1787 3488 1844 αὐτῶν
3506 1755 3625 1860 ’τὴν

365 1862 570 1917 tientia:
615 1870 803 1919 essent
846 1872 1120 1934 expertes,
1171 1882 1270 1922 seu
1320 1868 1506 1939 potius
1557 1870 1704 1940 quod
1746 1885 1936 1927 eorum

364 1968 495 2024 erga
531 1953 699 2010 Deum
729 1955 955 2014 aﬂ'ectus
976 1957 1174 2013 debilis
1203 1967 1259 2015 et
1290 1960 1542 2017 inﬁrmus
1568 1969 1734 2017 esset.

436 2045 524 2100 6i.
563 2045 926 2112 Quamobrem
981 2049 1224 2105 Charitas
1264 2050 1476 2120 grande
1501 2051 1778 2106 cimelium
1830 2058 1936 2118 est,

365 2137 434 2193 de
461 2154 572 2208 qua
600 2139 714 2194 haec
744 2139 974 2196 allirmat
996 2142 1322 2212 Apostolus:
1354 2141 1411 2196 Si
1441 2157 1630 2198 omnes
1653 2142 1938 2198 facultates

367 2229 738 2296 distribueris,
783 2240 838 2287 et
878 2248 1078 2304 corpus
1116 2234 1422 2305 subegeris,
1467 2233 1791 2290 cbaritatem
1835 2250 1938 2288 au-

365 2328 476 2376 tem
503 2335 613 2376 non
654 2321 936 2388 habueris,
971 2324 1147 2381 factus
1172 2341 1234 2381 es
1272 2327 1423 2380 velut
1466 2341 1541 2382 aes
1565 2341 1790 2390 sonans,
1843 2332 1939 2380 aut

367 2414 676 2484 cymbalum
708 2415 1021 2472 tinniens".
1042 2415 1237 2489 Ingens
1266 2417 1451 2488 itaque
1477 2417 1676 2472 bonum
1697 2428 1780 2472 est
1807 2417 1940 2471 cha-

368 2505 526 2567 ritas,
558 2505 1113 2578 proindeque‘ingens
1138 2509 1343 2563 malum
1375 2514 1462 2563 est
1491 2507 1777 2564 iracundia
1808 2526 1821 2562 :
1857 2515 1941 2561 to-

368 2605 478 2648 tam
501 2593 651 2649 enim
679 2597 920 2650 animam
951 2598 1117 2669 629
1134 2599 1377 2655 tenebris
1420 2598 1675 2666 oﬁ‘undit,
1717 2601 1773 2654 in
1812 2597 1941 2653 feri-

369 2696 538 2743 tatem
568 2691 732 2745 vertit
756 2699 809 2745 et
843 2691 1052 2746 ratione
1083 2692 1278 2762 privat.
1310 2691 1575 2747 Dominus
1618 2706 1783 2763 porro
1835 2707 1941 2745 un-

367 2782 654 2852 dequaque
686 2789 889 2838 nostra:
931 2798 1118 2837 curam
1149 2784 1342 2840 salutis
1385 2799 1577 2856 agens,
1629 2785 1941 2840 nullatenus

371 2875 669 2939 concessit,
701 2883 761 2930 ut
783 2877 865 2932 vel
887 2876 1172 2932 minimum
1203 2877 1335 2948 quid
1369 2879 1422 2932 in
1467 2878 1648 2933 anima
1683 2878 1940 2949 praesidio

369 2983 598 3023 vacuum
625 2978 887 3026 maneret.
921 2968 1224 3052 Libidinem
1255 2973 1493 3024 concitat
1517 2971 1810 3028 inimicus?
1830 2971 1940 3026 Do-

2040 1881 2168 1952 περὶ
2196 1880 2259 1934 τὺ
2291 1879 2434 1936 θεῖον
2465 1881 2651 1950 σχέσιν
2692 1881 2892 1953 ἀσθενῆ
2919 1882 3012 1934 καὶ
3033 1882 3279 1954 ἀμυδρὰν
3304 1883 3622 1953 τυγχάνειν.

2108 2059 2198 2114 61.
2239 2057 2399 2112 Ὅθεν
2427 2058 2568 2128 μέγα
2593 2058 2873 2129 κειμήλιον
2900 2060 2934 2128 ἠ
2969 2058 3179 2130 ἀγάπηο
3203 2059 3296 2111 καὶ
3328 2058 3459 2130 περὶ
3485 2059 3628 2110 ταύ-

2036 2167 2137 2221 της
2165 2150 2222 2203 δὲ
2247 2149 2721 2220 διαδεὸαιούμενος
2748 2150 2778 2201 ό
2818 2149 3137 2212 Ἀπόστολος
3163 2147 3459 2217 ἔλεγεν,ὡς
3490 2148 3630 2202 Ἐάν

2041 2243 2218 2296 πάντα
2243 2241 2313 2296 τὰ
2341 2242 2652 2313 ὑπάρχοντα
2708 2240 3011 2311 διανείμῃς,
3047 2242 3141 2294 καὶ
3182 2243 3241 2295 τὸ
3287 2241 3447 2311 σῶμα
3487 2241 3631 2292 ὑπο·

2040 2337 2261 2408 πιάσῃς,
2287 2335 2508 2407 ἀγάπην
2527 2336 2584 2389 δέ
2609 2336 2682 2408 μὴ
2706 2335 2855 2408 ἔχῃς,
2881 2335 3110 2402 γέγονας
3135 2333 3332 2402 χαλκὸς
3352 2331 3502 2401 ἠχῶν
3529 2333 3629 2384 καῖ

2041 2425 2318 2496 κύμϐαλον
2350 2424 2637 2488 ἀλαλάζον.
2679 2425 2838 2493 Μέγα
2870 2419 2962 2476 οὖν
2987 2424 3045 2477 ἐν
3077 2423 3299 2491 ἀγαθοῖς
3332 2424 3365 2492 ἡ
3406 2422 3624 2490 ἀγάπη,

2039 2515 2114 2579 ὡς
2141 2515 2236 2568 καὶ
2267 2514 2440 2569 δεινὸν
2459 2516 2516 2567 ἐν
2544 2517 2734 2577 κακοῖς
2755 2516 2784 2568 ό
2812 2513 2982 2585 θυμός
3000 2529 3014 2542 ·
3049 2514 3228 2566 πᾶσαν
3257 2511 3365 2582 γὰρ
3396 2512 3497 2581 τὴν
3521 2511 3630 2580 ψυ-

2041 2607 2144 2679 χὴν
2195 2607 2455 2669 -σκοτίσας
2498 2607 2592 2659 καὶ
2619 2604 3025 2676 ἀποθηριώσας,
3069 2605 3149 2666 είς
3184 2601 3404 2670 ἀλογίαν
3445 2600 3624 2671 φέρει.

2055 2701 2112 2754 '0
2156 2700 2214 2753 δὲ
2271 2700 2497 2771 Κύριος,
2546 2700 2853 2769 πανταχόσε
2895 2698 2993 2768 τῆς
3037 2697 3307 2768 σωτηρίας
3332 2696 3486 2767 ἡμῶν
3523 2713 3631 2766 κη⁴

2042 2793 2282 2865 δόμενος,
2318 2794 2426 2847 οὐδ’
2465 2793 2602 2852 ὅλως
2631 2790 2976 2862 συνεχώρησε
3001 2789 3174 2860 βραχύ
3192 2807 3243 2843 τι
3266 2788 3500 2851 ἀσκεπὲς
3521 2789 3630 2859 τῆς

2044 2885 2241 2957 ψυχῆς.
2271 2885 2543 2954 Λαγνείαν
2581 2886 2721 2938 κινεῖ
2746 2885 2774 2936 ὁ
2813 2881 3034 2952 ἐχθρός;
3065 2881 3384 2954 σωφροσύνῃ
3419 2883 3568 2952 ἡμᾶς
3597 2883 3629 2933 ὁ

2047 2978 2247 3050 Κύριος
2275 2977 2528 3032 ὥπλισεν.
2575 2975 2980 3048 Ὑπερηφανίαν
3008 2975 3202 3045 γεννᾷ;
3230 2974 3341 3028 ἀλλ’
3365 2975 3398 3044 ἡ
3430 2991 3626 3026 ταπει-

370 3060 555 3115 minus
588 3076 688 3115 nos
709 3061 1070 3131 temperantia
1097 3060 1347 3114 munivit.
1374 3058 1481 3114 Sed
1511 3060 1602 3115 ille
1627 3061 1938 3130 superbiam

2047 3070 2343 3141 νοφροσύνη
2377 3069 2441 3122 οὐ
2472 3069 2689 3140 μακρὰν
2719 3067 2996 3138 τυγχάνει.
3035 3066 3207 3129 Μῖσος
3253 3065 3628 3134 ἐνεφύσησεν;

370 3151 558 3220 parit?
588 3166 699 3205 non
729 3152 888 3222 longe
919 3151 1072 3206 abest
1109 3150 1412 3206 humilitas.
1443 3149 1640 3205 Odium
1671 3151 1943 3206 inseruit?

372 3242 634 3298 inmedio
667 3243 771 3300 sita
802 3251 888 3300 est
919 3243 1185 3298 charitas.
1239 3243 1518 3312 Quotquot
1563 3243 1782 3299 demum
1833 3244 1943 3298 tela

372 3335 430 3388 in
456 3348 560 3389 nos
597 3333 776 3389 vibrat
815 3333 1188 3399 adversarius,
1237 3334 1486 3404 pluribus
1533 3349 1634 3389 nos
1676 3332 1944 3390 Dominus

373 3427 543 3480 armis
573 3425 951 3490 communivit,
988 3440 1113 3479 cum
1145 3423 1213 3479 ad
1243 3425 1480 3481 salutem
1509 3434 1778 3493 nostram,
1825 3435 1941 3484 tum

372 3517 440 3572 ad
467 3532 592 3571 eum
621 3517 1035 3577 destruendum.

441 3607 538 3664 69..
573 3608 716 3665 Inter
754 3610 896 3664 mala
925 3610 1221 3669 maximum
1265 3618 1350 3666 est
1380 3610 1665 3665 iracundia
1700 3610 1940 3666 malum:

371 3703 469 3755 Ira
514 3703 691 3768 enim,
738 3701 950 3773 inquit,
998 3701 1098 3756 viri
1134 3701 1407 3771 justitiam
1454 3701 1552 3757 Dei
1602 3718 1708 3756 non
1761 3717 1944 3770 opera-

373 3803 460 3844 tur
487 3791 550 3847 “.
585 3791 967 3862 lmperandum
998 3791 1181 3862 itaque
1207 3799 1292 3848 est
1325 3793 1424 3858 illi,
1457 3793 1586 3863 quia
1620 3793 1677 3847 in
1701 3799 1944 3862 tempore

373 3881 525 3939 utilis
559 3882 674 3938 visa
699 3891 784 3938 est
818 3901 830 3936 :
863 3882 1130 3953 siquidem
1163 3883 1328 3939 irasci
1359 3891 1414 3939 et
1444 3884 1775 3940 commoveri
1809 3899 1944 3938 con-

371 3984 458 4030 tra
491 3977 770 4031 daemones
794 3977 1028 4046 expedit.
1079 3976 1148 4030 At
1195 3977 1252 4031 in
1285 3977 1560 4032 hominem
1591 3977 1944 4033 vehementer

371 4067 704 4122 commoveri
733 4084 1075 4140 nequaquam
1106 4070 1383 4136 convenit,
1408 4069 1534 4125 licet
1564 4069 1655 4124 ille
1685 4084 1943 4139 peccave-

368 4155 478 4221 rit;
507 4171 698 4212 verum
731 4157 799 4212 ad
830 4160 1263 4230 resipiscentiam
1295 4159 1554 4215 reducere
1596 4160 1750 4215 illum
1780 4175 1944 4232 opor-

367 4255 466 4315 tet,
499 4263 623 4304 cum
654 4249 842 4306 sedata
870 4250 1034 4307 fuerit
1061 4253 1155 4306 irae
1183 4251 1544 4322 perturbatio.

439 4341 526 4398 65.
565 4342 638 4396 At
664 4342 808 4398 enim
851 4343 1016 4400 irasci
1054 4343 1288 4400 fortasse
1320 4344 1502 4400 minus
1535 4345 1738 4399 malum
1769 4346 1946 4402 videri

2043 3161 2158 3218 ἀλλ’
2181 3164 2213 3232 ἡ
2241 3161 2430 3231 ἀγάπη
2460 3161 2517 3213 ἐν
2553 3160 2703 3230 μέσῳ
2729 3160 3080 3230 παρίσταται.
3107 3157 3246 3209 Ὅσα
3264 3152 3355 3209 οὖν
3377 3157 3405 3208 ὁ
3433 3155 3626 3226 ἐχθρὸς

2044 3251 2164 3304 καθ’
2198 3251 2354 3322 ἡμῶν
2382 3254 2522 3305 κινεῖ
2544 3251 2698 3321 βέλη,
2724 3249 2964 3302 πλείοσιν
2995 3250 3142 3319 ἡμᾶς
3170 3251 3198 3302 ὁ
3223 3247 3426 3318 Κύριος
3441 3247 3629 3310 ὅπλοις

2044 3343 2402 3412 ἠσφαλίσατο,
2441 3344 2576 3415 πρός
2618 3361 2678 3396 τε
2717 3343 2815 3414 τὴν
2856 3341 3012 3413 ἡμῶν
3044 3342 3314 3412 σωτηρίαν
3355 3339 3450 3392 καὶ
3489 3340 3630 3410 πρὸς

2042 3436 2140 3489 τὺν
2175 3437 2384 3490 ἐκείνου
2413 3437 2783 3490 κατάπτωσιν.

2113 3611 2204 3666 62.
2242 3612 2426 3665 Κακδν
2480 3613 2574 3684 μὲν
2621 3614 2680 3666 ἐν
2727 3616 2916 3676 κακοῖς
2965 3613 2993 3666 ό
3033 3612 3221 3683 θυμός·
3280 3611 3446 3681 Ὀργὴ
3489 3609 3630 3679 γὰρ,

2043 3705 2226 3776 φησὶν,
2260 3705 2482 3774 ἀνδρὸς
2506 3705 2904 3773 δικαιοσύνην
2929 3705 3076 3759 Θεοῦ
3100 3706 3172 3759 οὐ
3195 3701 3627 3773 κατεργάζεται.

2043 3800 2134 3850 Δεῖ
2165 3793 2257 3851 οὖν
2285 3797 2448 3851 αὐτὸν
2478 3800 2732 3869 ἠνιοχεῖν·
2759 3799 2840 3851 ὅτι
2871 3801 2928 3851 ἐν
2951 3796 3129 3869 καιρῷ
3147 3799 3416 3868 χρήσιμος
3444 3797 3624 3865 ὤφθη·

2045 3888 2346 3960 θυμοῦσθαι
2392 3888 2502 3961 γὰρ
2547 3890 2644 3943 καὶ
2688 3890 2953 3943 κινεῖσθαι
3002 3888 3147 3942 κατά
3202 3888 3312 3941 τῶν
3353 3887 3628 3958 δαιμόνων

2045 3981 2330 4054 συμφέρει.
2365 3983 2507 4052 Πρὸς
2540 3981 2596 4034 δέ
2639 3980 2922 4053 ἄνθρωπον
2967 3979 3208 4052 σφοδρῶς
3256 3979 3521 4033 κινεῖσθαι
3559 3979 3627 4031 ού

2045 4077 2332 4143 προσήκει,
2365 4071 2470 4126 κᾶν
2494 4073 2825 4144 ἁμαρτήσας
2871 4073 3116 4146 τυγχάνῃ
3141 4089 3162 4104 ’λ
3192 4071 3544 4144 ἐπιστρέφειν
3563 4071 3625 4125 δὲ

2043 4161 2204 4214 αὑτὸν
2235 4159 2316 4214 δεῖ
2351 4160 2489 4232 μετὰ
2514 4161 2576 4214 τὸ
2599 4161 2909 4216 παύσασθαι
2937 4163 2998 4214 τὸ
3029 4165 3129 4232 τῆς
3159 4161 3330 4233 ὀργῆς
3359 4160 3554 4223 πάθος.

2115 4333 2204 4391 65.
2247 4336 2360 4389 Καὶ
2390 4336 2452 4390 τὸ
2488 4335 2587 4406 μὲν
2615 4332 2932 4406 ὀργίζεσθαι
2962 4333 3039 4397 ὡς
3066 4333 3124 4386 ἐν
3158 4335 3346 4396 κακοῖς
3375 4331 3620 4386 ἔλαττον·

366 4432 562 4502 possit,
597 4432 848 4489 simultas
874 4443 1014 4489 ’vero
1047 4441 1102 4489 et
1143 4433 1471 4504 iniuriarum
1519 4434 1782 4488 memoria
1823 4449 1939 4489 om-

2047 4429 2078 4500 ή
2115 4427 2172 4480 δὲ
2203 4429 2535 4498 μνησικακία
2565 4427 2783 4480 πάντων
2816 4425 2933 4478 ἐστὶ
2964 4423 3256 4496 βαρυτέρα.
3305 4424 3362 4478 '0
3395 4425 3506 4495 γάρ
3531 4424 3629 4477 θυ-

364 4521 520 4577 nium
555 4521 942 4593 gravissimum
977 4530 1082 4578 est.
1122 4525 1207 4576 Ira
1239 4521 1440 4594 quippe
1473 4535 1573 4576 ceu
1605 4521 1810 4586 fumus,
1847 4523 1940 4578 ubi
1983 4585 1995 4598 ο

364 4615 434 4671 ad
479 4616 644 4672 breve
690 4622 906 4686 tempus
938 4615 1175 4670 animam
1215 4606 1584 4680 cOnturbavit,
1617 4615 1936 4670 evanescit:

363 4716 423 4762 at
467 4707 795 4777 iniuriarum
841 4708 1102 4763 memoria
1148 4708 1306 4777 quasi
1356 4708 1551 4762 animae
1603 4709 1712 4763 alte
1752 4709 1944 4776 inﬁxa,

363 4801 500 4858 feris
537 4815 658 4857 eam
707 4800 1084 4854 immaniorem
1129 4799 1310 4856 ellicit.
1359 4798 1496 4854 Nam
1531 4800 1686 4856 canis
1718 4801 1940 4871 quidem

362 4903 556 4948 contra
574 4891 883 4963 quempiam
917 4891 1169 4956 smviens,
1204 4906 1332 4947 esca
1362 4891 1640 4954 delinitus,
1675 4891 1810 4945 iram
1841 4891 1938 4946 de-

363 4984 562 5053 ponit:
599 4983 827 5052 aiiasque
877 4982 1072 5037 belluas
1115 4979 1512 5036 consuetudine
1557 4981 1937 5036 demulcentur

2050 4523 2150 4593 μὸς
2191 4520 2379 4593 ὥσπερ
2425 4519 2630 4584 καπνὸς
2664 4519 2802 4592 πρὸς
2841 4518 3021 4587 ὀλίγον
3049 4515 3288 4581 θολώσας
3318 4517 3416 4588 τὴν
3445 4518 3631 4589 ψυχὴν

2043 4610 2338 4665 διαλύεταιο
2368 4611 2401 4681 ἡ
2430 4608 2487 4662 δὲ
2521 4609 2871 4680 μνησικακία,
2905 4609 3094 4680 ὥσπερ
3123 4609 3535 4674 ἐναποπατεῖσα
3555 4611 3630 4679 τῇ

2043 4703 2212 4774 ψυχῇ,
2243 4701 2437 4774 θηρίου
2462 4701 2630 4773 αὐτὴν
2663 4700 2970 4772 δεινοτέραν
3000 4701 3161 4752 ποιεῖ·
3193 4699 3290 4753 καὶ
3319 4697 3466 4753 κύων
3498 4700 3631 4770 μὲν,

2045 4795 2189 4848 κατά
2211 4811 2356 4857 τινος
2385 4793 2662 4864 ἐκμανεὶς,
2695 4791 2797 4844 ὑπὸ
2823 4790 2924 4861 τῆς
2948 4789 3154 4861 τροφῆς
3178 4787 3501 4853 θωπευθεὶς,
3529 4805 3631 4860 με-

2044 4885 2372 4941 ταϐάλλεται
2399 4885 2495 4956 τῆς
2523 4884 2713 4957 ὀργῆς·
2758 4882 2852 4936 καὶ
2890 4881 3058 4936 τᾶλλα
3095 4881 3153 4934 δὲ
3184 4880 3348 4952 θηρία
3388 4879 3494 4932 ὑπὸ
3523 4881 3625 4950 τῆς

2044 4977 2331 5048 συνηθείας
2364 4977 2716 5048 μειλίσσεταιο
2753 4977 2781 5027 ό
2808 4973 2864 5026 δέ
2903 4989 2968 5041 γε
3007 4975 3071 5043 τῇ
3113 4971 3447 5042 μνησικακίᾳ
3485 4987 3628 5042 κρα-

361 5082 417 5128 et
444 5074 800 5138 cieurantur;
831 5075 925 5129 sed
951 5073 1046 5144 qui
1077 5073 1401 5142 iniuriarum
1432 5071 1698 5126 memoria
1752 5085 1933 5126 corre-

2047 5070 2304 5140 τούμενος
2328 5070 2389 5122 ού
2415 5067 2756 5140 παρακλήσει
2789 5064 3056 5127 πείθεται,
3089 5065 3150 5116 ού
3180 5065 3352 5134 τροφῇ
3381 5064 3626 5133 πραΰνε-

362 5175 490 5237 ptus
545 5173 662 5231 est,
711 5181 821 5219 non
861 5165 1227 5220 cohortationi
1257 5162 1595 5234 acquiescit,
1649 5177 1760 5216 non
1811 5162 1939 5217 cibo

2047 5178 2150 5225 ται,
2185 5159 2310 5213 οὕτε
2360 5161 2463 5230 μὴν
2491 5161 2520 5212 ὁ
2550 5159 2726 5213 πάντα
2762 5154 3110 5227 μεταϐάλλων
3140 5155 3329 5226 χρόνος
3357 5154 3422 5206 τὸ
3452 5156 3632 5218 πάθος

361 5259 659 5321 emollitur,
699 5273 874 5326 neque
915 5266 1127 5326 tempus
1169 5255 1352 5309 omnia
1391 5255 1706 5318 immutans,
1744 5254 1939 5323 liuius—

362 5352 510 5407 modi
547 5352 798 5407 morbum
845 5349 1142 5406 curaverit.
1186 5347 1257 5403 Hi
1297 5363 1427 5420 ergo
1465 5356 1786 5403 cunctorum
1836 5347 1939 5402 im-

435 5535 479 5565 "
519 5531 685 5588 Hebr.
723 5549 832 5596 xu,
870 5533 963 5586 ‘29.
1042 5533 1081 5564 ἀ
1118 5531 1249 5587 Luc.
1292 5548 1398 5596 xu,
1436 5533 1524 5586 49.
1606 5538 1648 5563 ”

435 5689 543 5754 (89)
583 5687 684 5740 γει.
719 5687 828 5740 PP.
857 5688 890 5740 l.
921 5704 970 5753 ν,
1001 5687 1052 5752 5,
1083 5687 1164 5739 t6.

2041 5253 2232 5307 τούτου
2271 5253 2476 5306 ἰάσατο.
2512 5244 2671 5305 Οὗτοι
2719 5245 2811 5303 οὖν
2851 5247 3204 5301 ἀσεϐέστατοι
3252 5247 3471 5300 πάντων
3516 5247 3628 5298 εἰσὶ

2043 5346 2139 5399 καὶ
2187 5343 2544 5417 ἁνομὼτατοι.
2590 5344 2665 5396 Ού
2697 5342 2807 5414 γὰρ
2840 5340 3176 5399 ὑπακούουσι
3224 5335 3319 5393 τοῦ
3368 5338 3628 5412 Σωτῆρος

1691 5529 1710 5584 i
1745 5531 1870 5587 Cor.
1912 5549 2042 5601 xui,
2077 5532 2130 5587 δ.
2211 5532 2254 5563 ¹⁶
2291 5529 2406 5587 Jac.
2446 5544 2497 5596 ῐ,
2532 5527 2620 5583 9.0.
