3880 6200
454 282 588 335 1527
1582 286 1640 342 S.

1686 287 2150 343 ΑΤΗΑΝΑειυε.
2177 315 2244 328 --
2286 284 2556 340 SPURIA.

3558 287 3580 340 1
3591 289 3694 343 528

450 413 638 450 canant
662 394 709 426 “
733 413 747 449 :
769 403 850 458 et,
911 395 1278 454 Dare/tentem
1339 409 1537 455 secreto
1585 403 1830 470 proximo
1886 418 2006 467 suo,

2123 398 2592 466 παραδέξασθαιο
2620 399 2735 462 καὶ,
2777 398 2885 452 Τὸν
2913 397 3370 452 καταλαλοῦντα
3393 399 3588 467 λάθρα
3617 403 3697 467 τῷ

449 488 586 540 hunc
625 487 966 556 peraeqtebar
991 489 1054 543 “.
1089 491 1245 560 Apud
1291 491 1634 547 Psalmistam
1684 509 1904 564 quoque
1939 494 2021 548 di-

447 581 592 635 citur
623 598 636 634 :
667 578 734 634 Ut
761 597 864 634 non
893 581 1140 651 loquatur
1167 599 1224 638 oe
1266 601 1436 638 meum
1467 601 1624 654 opera
1659 585 1930 640 hominum
1949 587 2014 638 “.

445 671 558 727 Nos
591 687 720 728 vero
753 673 917 728 etiam
947 689 1012 729 ea
1057 691 1177 744 quae
1209 691 1315 730 non
1355 687 1483 732 sunt
1516 692 1680 746 opera
1719 678 2014 748 loquimur.

445 763 633 834 Itaque
663 779 771 818 non
806 763 1138 820 credendum
1171 765 1484 834 hujusmodi
1515 769 1880 831 sermonibus,
1917 783 2018 822 nec

444 863 629 910 tamen
661 855 956 910 damnandi
987 857 1080 927 qui
1115 858 1242 911 talia
1275 858 1594 927 loquuntur.
1629 858 1829 913 Verum
1857 859 2013 929 juxta

444 947 682 1003 divinam
715 947 1052 1020 Scripturam
1083 950 1134 1004 id
1160 949 1352 1014 facias,
1386 951 1437 1006 id
1469 951 1622 1007 dicas
1648 970 1662 1006 :
1693 951 1805 1022 Ego
1838 963 2014 1005 autem

441 1041 578 1093 sicut
621 1039 812 1094 surdus
843 1057 945 1094 non
989 1041 1287 1105 audiebam,
1315 1053 1362 1096 et
1388 1044 1523 1096 sicut
1554 1053 1728 1096 mutue
1759 1059 1862 1097 non
1891 1059 2016 1113 ape-

443 1131 584 1185 riens
612 1148 669 1186 οι
705 1149 875 1186 meum
898 1133 964 1185 ³⁷.

515 1222 604 1280 68.
639 1222 758 1278 Non
813 1224 968 1280 decet
1020 1226 1190 1280 lauari
1248 1226 1316 1281 de
1371 1226 1612 1282 hominis
1665 1225 2011 1292 calamitate,

441 1317 690 1384 quamvis
727 1318 997 1373 maximus
1027 1319 1097 1373 sit
1124 1329 1394 1388 peccator.
1435 1319 1664 1386 Quidam
1695 1319 1862 1378 enim.
1885 1333 2011 1373 cum

440 1409 749 1476 quempiam
776 1408 959 1463 vident
983 1408 1165 1480 ﬂagris
1189 1410 1346 1473 caedi,
1377 1411 1461 1465 vel
1491 1411 1544 1464 in
1579 1425 1854 1465 carcerem
1879 1425 2014 1465 con-

434 1498 552 1567 jici,
605 1499 854 1568 imperite
889 1501 1234 1569 proverbium
1285 1501 1416 1554 illud
1467 1501 1728 1556 saeculare
1768 1516 2011 1570 pronun-

437 1593 574 1646 tiant
599 1611 612 1665 ς
635 1593 738 1656 Qui
771 1593 908 1648 male
941 1595 1206 1659 straverit,
1233 1595 1420 1647 mirere
1466 1592 1707 1648 omnabit.
1751 1593 1830 1648 Tu
1878 1610 2012 1664 ergo

437 1699 559 1754 qua
595 1685 766 1756 probe
796 1686 894 1740 tibi
930 1701 1018 1741 res
1061 1687 1334 1748 stravisti,
1375 1687 1606 1742 confidis
1635 1694 1688 1740 te
1716 1687 2011 1756 tranquille

437 1785 680 1831 acturam
731 1780 856 1833 vitae
889 1787 1122 1850 tempus.
1157 1779 1365 1850 Ecquid
1403 1780 1666 1835 faciemus
1716 1780 1762 1834 ei
1796 1779 1888 1849 qui
1924 1777 2010 1832 af-

436 1867 618 1921 ﬁrmat
660 1885 828 1924 unum
868 1881 1122 1926 eventum
1173 1887 1296 1927 esse
1323 1873 1474 1942 justo
1530 1880 1584 1926 et
1629 1869 2012 1940 peccaturi"?

437 1957 555 2014 Una
593 1961 793 2030 quippe
829 1963 988 2017 nobis
1038 1963 1126 2017 hic
1171 1975 1256 2018 est
1297 1965 1422 2018 vitae
1463 1964 1727 2028 conditio,
1760 1963 2007 2034 quamvis

434 2050 711 2106 diversum
744 2059 1017 2107 sectemur
1043 2053 1378 2109 institutum.

505 2141 594 2196 69.
635 2140 753 2196 Non
813 2142 939 2198 licet
990 2143 1120 2199 odio
1171 2144 1371 2199 habere
1425 2145 1696 2200 inimicos.
1743 2143 2009 2200 Dominus

433 2231 580 2286 enim
610 2231 715 2287 hoc
748 2232 906 2287 nobis
941 2248 1072 2287 voce
1103 2233 1324 2304 propria
1350 2234 1534 2303 jussit.
1571 2233 1660 2287 Ait
1683 2235 1828 2288 enim
1851 2254 1862 2290 :
1885 2233 2008 2289 Non

433 2324 605 2378 solum
645 2340 734 2378 eos
763 2325 852 2394 qui
891 2341 979 2379 vos
1007 2324 1236 2394 diligunt
1259 2325 1466 2394 diligite
1489 2325 1620 2379 :hoc
1649 2327 1786 2379 enim
1819 2336 1868 2380 et
1899 2342 2012 2394 pec-

433 2425 636 2469 catores
663 2426 713 2470 et
731 2414 998 2483 publicani
1027 2415 1230 2484 faciunt
1248 2417 1315 2472 ".
1341 2415 1548 2470 Bonum
1569 2417 1713 2470 enim
1738 2432 1844 2471 non
1869 2425 2006 2478 arte,

434 2516 544 2555 non
575 2502 879 2555 certamine
902 2500 1108 2570 indiget
1135 2508 1194 2554 ut
1224 2507 1493 2569 captetur,
1518 2516 1643 2554 nam
1669 2501 1735 2554 ad
1768 2501 2010 2556 seti-abit

436 2600 684 2648 amantes
712 2609 727 2656 ;
763 2593 968 2646 malum
1000 2608 1132 2647 vero
1161 2592 1347 2646 divina
1379 2591 1628 2647 doctrina
1676 2607 1815 2661 opus
1847 2592 2010 2647 habet

433 2691 493 2736 ut
523 2683 830 2746 aboleatur,
863 2690 1026 2751 atque
1062 2682 1248 2736 labore
1298 2683 1490 2736 multo.
1525 2679 1749 2736 Scilicet
1781 2695 2008 2752 regnum

432 2775 696 2829 caelorum
756 2788 867 2828 non
923 2782 1010 2830 est
1053 2772 1434 2846 languidorum
1480 2774 1856 2844 segniumque,
1913 2774 2008 2829 sed

429 2864 810 2919 violentorum.

506 2957 595 3011 70.
639 2954 1106 3022 Quemadmodum
1143 2969 1275 3024 ergo
1307 2969 1416 3008 non
1443 2956 1567 3012 licet
1603 2957 1855 3014 inimicos
1882 2955 2009 3012 odio

2121 491 2390 558 πλησίον
2444 489 2650 555 αὑτοῦ,
2709 489 2925 543 τοῦτον
2978 488 3319 553 ἑξεδίωκον.
3387 491 3473 543 Ἐν
3519 492 3579 544 δὲ
3620 491 3702 559 τῷ

2118 584 2409 656 Ψαλμῳδῷ
2441 600 2622 656 φησιν·
2671 585 2861 648 Ὅπως
2898 582 2973 635 ἂν
2997 581 3084 652 μὴ
3117 581 3362 650 λαλήσῃ
3399 584 3466 636 τὸ
3499 586 3699 652 στόμα

2110 695 2233 746 μου
2279 675 2351 728 τὰ
2383 677 2525 745 ἔργα
2554 675 2673 728 τῶν
2700 674 3045 742 ἀνθρώπων.
3090 676 3280 746 Ἡμεῖς
3305 675 3362 728 δὲ
3388 676 3484 728 καὶ
3510 676 3584 729 τὰ
3622 675 3700 747 μὴ

2117 769 2256 839 ἔργα
2294 767 2583 839 λαλοῦμεν.
2620 768 2751 820 Δέον
2781 763 2874 821 οὖν
2909 766 2983 838 μὴ
3019 766 3292 820 πιστεύειν
3324 770 3436 830 τοῖς
3465 767 3695 836 λεγομέ-

2116 878 2245 923 νοις,
2277 861 2414 930 μήτε
2445 861 2551 930 μὴν
2579 860 2926 930 κατακρίνειν
2947 859 3072 921 τοὺς
3092 858 3368 926 λέγονταςο
3392 859 3528 912 ἀλλὰ
3552 857 3698 912 κατὰ

2115 952 2216 1023 τὴν
2249 951 2398 1005 Θείαν
2438 951 2658 1022 Γραφὴν
2694 953 2865 1004 ποιεῖν
2897 951 2992 1003 καὶ
3024 950 3219 1017 λέγειν’
3273 950 3413 1020 Ἐγὼ
3446 949 3514 1002 δὲ
3550 949 3698 1003 ὡσεὶ

2114 1043 2312 1112 κωφὸς
2341 1047 2450 1098 οὐκ
2481 1043 2728 1111 ἤκουον,
2757 1043 2853 1096 καὶ
2879 1043 3023 1097 ὡσεὶ
3052 1044 3279 1108 ἇλαλος
3303 1045 3415 1096 οὐκ
3438 1043 3696 1111 ἀνοίγων

2112 1135 2180 1187 τὸ
2208 1138 2401 1204 στόμα
2425 1153 2564 1203 μου.

2186 1227 2274 1281 68.
2317 1228 2390 1279 Οὐ
2418 1227 2497 1279 δεῖ
2522 1228 2614 1280 ἐπὶ
2646 1227 2899 1297 συμφορᾷ
2926 1225 3212 1297 ἀνθρώπου
3241 1227 3565 1297 ἐπιχαίρειν,
3592 1229 3699 1282 κᾶν

2115 1319 2257 1372 πάνυ
2289 1318 2614 1390 ἁμαρτωλὸς
2644 1319 2883 1390 ὑπάρχῃ.
2917 1318 3072 1380 Τινὲς
3094 1319 3190 1388 μὲν
3213 1318 3340 1390 γὰρ,
3367 1319 3698 1390 θεασάμενοι

2115 1405 2506 1480 μαστιξόμενον
2527 1409 2559 1480 ἢ
2585 1409 3031 1480 φυλακιζόμενον,
3053 1409 3281 1481 ἀμαθῶς
3299 1410 3396 1481 τὴν
3419 1413 3702 1484 κοσμικὴν

2111 1502 2324 1573 ὲκείνην
2375 1503 2673 1573 παροιμίαν
2729 1502 2958 1573 ἔφασαν,
3012 1503 3110 1573 τὴν
3158 1503 3446 1572 λέγουσαν,
3504 1505 3584 1567 ὡς
3641 1506 3698 1556 Ὁ

2110 1591 2388 1662 στρώσας
2419 1592 2618 1659 κακῶς
2650 1593 3090 1662 ταλαιπωρήσει
3115 1595 3184 1647 ἐν
3210 1594 3291 1659 τῷ
3316 1594 3538 1660 δείπνῳ
3556 1594 3696 1664 (90).

2111 1683 2183 1736 Σὺ
2215 1680 2330 1746 οὖν,
2376 1685 2408 1754 ἡ
2457 1683 2637 1746 καλῶς
2689 1684 2978 1754 στρώσασα
3028 1686 3196 1754 ἑαυτῇ
3241 1684 3310 1737 τά
3365 1684 3700 1755 πράγματα,

2111 1773 2334 1846 θαρρεῖς
2367 1774 2746 1844 ἀναπαυθῆναι
2778 1778 2837 1829 ὲν
2869 1775 2946 1846 τῷ
2983 1775 3115 1846 βίῳ;
3150 1777 3261 1828 Καὶ
3297 1775 3350 1828 τί
3391 1779 3701 1847 ποιήσομεν

2108 1865 2198 1918 τδν
2225 1865 2450 1936 λέγοντα
2479 1867 2589 1933 ὡς,
2615 1870 2717 1920 Ἓν
2747 1865 3100 1934 Mdv-emta
3129 1865 3207 1930 τῷ
3238 1865 3444 1930 δικαίῳ
3477 1866 3580 1918 καὶ
3617 1865 3703 1930 τῷ

2109 1957 2434 2027 ἁμαρτωλῷ
2456 1976 2474 2023 ;
2509 1961 2572 2012 'H
2595 1960 2705 2030 γὰρ
2725 1958 2958 2012 ἐνταῦθα
2977 1958 3133 2029 ἡμῶν
3153 1959 3394 2028 διαγωγὴ
3427 1959 3527 2029 μία
3553 1958 3697 2021 ἐστὶ,

2109 2051 2214 2104 κᾶν
2245 2051 2504 2121 διάφορον
2536 2051 2812 2105 πολιτείαν
2839 2051 3071 2121 ἔχωμεν.

2179 2140 2266 2196 69.
2309 2144 2384 2194 υύ
2409 2141 2491 2195 δεῖ
2516 2144 2692 2212 μισεῖν
2715 2141 2842 2203 τοὺς
2868 2140 3116 2211 ἐχθρούς.
3141 2140 3250 2193 Καὶ
3277 2138 3387 2208 γὰρ
3425 2138 3454 2189 ὁ
3481 2136 3703 2208 Κύριος

2108 2231 2174 2298 τῇ
2211 2229 2319 2300 ἰδίᾳ.
2346 2231 2496 2299 φωνῇ
2529 2228 2687 2282 τοῦτο
2733 2230 2864 2299 ἡμῖν
2911 2226 3232 2298 προσέταξε.
3269 2227 3409 2296 Φησὶ
3449 2225 3584 2296 γὰρ,
3617 2225 3705 2288 ὡς

2109 2318 2206 2386 Μὴ
2237 2321 2429 2388 μόνον
2472 2319 2617 2385 τοὺς
2661 2318 3015 2388 ἀγαπῶντας
3053 2315 3334 2386 ἀγαπᾶτε·
3368 2317 3547 2370 τοῦτο
3582 2316 3700 2386 γὰρ

2110 2411 2207 2466 καὶ
2236 2414 2290 2464 οἱ
2319 2411 2652 2480 ἁμαρτωλοὶ
2689 2412 2787 2466 καὶ
2819 2415 2873 2465 οἱ
2906 2412 3153 2464 τελῶναι
3182 2409 3442 2463 ποιοῦσι.
3475 2409 3551 2460 Τὸ
3582 2409 3702 2478 γὰρ

2109 2501 2271 2556 καλὸν
2295 2503 2355 2555 ού
2381 2501 2549 2555 δεῖται
2573 2501 2768 2572 τέχνης
2793 2501 2886 2555 καὶ
2907 2501 3118 2570 ἀγῶνος
3135 2499 3269 2568 πρὸς
3294 2498 3485 2568 Θήραν·
3511 2497 3698 2565 ἑαυτῷ

2110 2594 2218 2667 γὰρ
2246 2593 2530 2662 ἐφέλκεται
2550 2593 2674 2655 τοὺς
2692 2591 3042 2660 ἀγαπῶντας·
3061 2591 3121 2643 τὸ
3134 2590 3187 2642 δὲ
3207 2587 3407 2658 φαῦλον
3423 2585 3524 2655 τῆς
3541 2585 3700 2647 θείας

2107 2685 2452 2748 διδασκαλίας
2474 2685 2664 2756 χρῄζει
2683 2685 2816 2756 πρὸς
2832 2682 3140 2752 ἀπάλειψιν,
3164 2683 3257 2734 καὶ
3274 2680 3444 2734 κόπου
3464 2676 3689 2731 πολλοῦ.

2109 2777 2185 2832 Ού
2220 2775 2329 2848 γὰρ
2359 2777 2560 2829 ἀνέτων
2600 2776 2694 2830 καὶ
2730 2775 3048 2847 ἀμερίμνων
3079 2773 3225 2826 ἐστὶν
3257 2775 3290 2843 ἡ
3327 2770 3572 2841 βασιλεία
3596 2770 3691 2820 ού-

2112 2869 2310 2942 ρανῶν,
2346 2868 2482 2924 ἀλλὰ
2513 2867 2770 2938 βιαστῶν.

2179 2961 2269 3014 70.
2312 2961 2523 3030 Ὠσπερ
2553 2955 2645 3013 οὖν
2674 2959 2736 3012 ού
2765 2958 2847 3011 δεῖ
2870 2959 2994 3020 τοὺς
3027 2956 3252 3028 ἐχθροὺς
3281 2956 3478 3025 μισεῖν,
3512 2951 3691 3013 οὕτως

430 3049 668 3116 habere;
693 3049 768 3103 ita
791 3065 970 3120 neque
993 3050 1327 3120 negligentes
1350 3059 1404 3104 et
1427 3050 1610 3121 pigros
1639 3050 1824 3120 fugere
1843 3065 2006 3119 Opor-

2114 3051 2230 3106 ούδὲ
2257 3051 2384 3114 τοὺς
2418 3050 2638 3121 ἀμελεῖς
2662 3049 2757 3102 καὶ
2791 3047 3068 3140 ῥᾳθύμους
3098 3047 3320 3115 φεύγειν
3351 3043 3445 3096 καί
3475 3058 3688 3112 μυκτη-

427 3147 510 3196 tet
535 3147 590 3194 et
620 3141 980 3196 subsannare.
1006 3142 1235 3207 Quidam
1262 3149 1392 3196 sunt
1415 3143 1509 3211 qui
1539 3141 1682 3197 hanc
1707 3142 2005 3211 Scriptum

2114 3145 2299 3214 ρίζειν.
2326 3143 2480 3206 Τινὲς
2505 3142 2602 3214 μὲν
2627 3139 2719 3195 οὖν
2737 3141 2798 3194 τὸ
2816 3137 3085 3212 γραφικδν
3105 3141 3278 3192 1⁷έκεῖνο
3295 3137 3459 3208 ῥητὸν
3475 3137 3693 3197 ἑαυτοῖς

430 3232 757 3286 sententiam
788 3231 892 3286 sibi
922 3233 1208 3302 proferunt
1233 3251 1247 3286 :
1273 3230 1406 3286 Cum
1428 3240 1610 3286 sancto
1634 3243 1848 3286 sanctus
1877 3231 2002 3297 eris,

428 3331 616 3378 etcum
638 3339 876 3392 peruerso
897 3341 1004 3376 una
1026 3334 1291 3378 convertes
1304 3324 1370 3378 '°.
1394 3322 1706 3394 Propterea,
1728 3325 2003 3394 inquiunt,

430 3413 672 3484 fugimus
698 3422 1036 3484 peccatores,
1067 3429 1136 3468 ne
1165 3413 1235 3467 ab
1263 3414 1344 3468 eis
1375 3424 1773 3483 pervertamur.
1808 3413 1873 3468 lli
1935 3429 2002 3468 ex

430 3507 600 3560 animi
647 3506 952 3576 ignorantia
992 3519 1153 3560 secus
1195 3521 1254 3560 se
1293 3511 1510 3575 gerunt.
1561 3503 1724 3561 lubet
1767 3521 2006 3576 namque

431 3597 672 3668 Spiritus
713 3605 959 3660 sanctus,
1019 3614 1128 3652 non
1175 3597 1395 3667 quidem
1448 3606 1509 3652 ut
1559 3614 1684 3653 cum
1733 3600 2006 3669 perversis

427 3699 836 3760 pervertamur;
864 3688 956 3744 sed
997 3697 1058 3742 ut
1089 3705 1152 3744 ex
1184 3698 1432 3746 tortuosa
1461 3691 1550 3744 via
1581 3689 1650 3745 ad
1671 3699 1880 3746 rectam
1904 3706 2005 3745 nos

429 3789 835 3837 convertamus.
895 3779 1013 3834 Una
1065 3790 1330 3835 convertes
1369 3781 1515 3836 enim
1559 3782 1852 3854 significat,
1897 3797 2004 3837 una

427 3873 616 3926 trahes
647 3871 827 3942 ipsum
857 3871 925 3925 ad
959 3879 1034 3936 te,
1065 3886 1097 3926 a
1131 3873 1374 3931 sinistris
1408 3873 1477 3929 ad
1508 3875 1724 3929 dextra.

501 4043 588 4099 7|.
631 4042 761 4099 Tria
797 4053 926 4100 sunt
964 4047 1353 4102 sententiarum
1394 4065 1596 4119 genera
1625 4050 1797 4106 'circa
1827 4051 2007 4107 homi-

429 4152 562 4191 num
581 4139 746 4192 vitam
776 4157 789 4193 :
819 4153 1048 4208 quarum
1080 4140 1252 4210 prima
1277 4149 1362 4197 est
1397 4157 1624 4198 summa:
1647 4145 1891 4212 malitiae;
1917 4160 2005 4200 se-

429 4227 611 4282 cunda
636 4227 826 4284 mediae
860 4228 1216 4296 conditionis,
1245 4247 1366 4301 qua:
1398 4233 1558 4303 quasi
1599 4241 1888 4304 utramque
1917 4250 2006 4290 re-

428 4319 613 4389 spicit,
653 4328 845 4390 estque
880 4323 1164 4392 utriusque
1195 4323 1506 4394 particeps;
1544 4325 1704 4380 tertia
1747 4326 1813 4380 ad
1853 4343 2014 4382 sum~

2105 3231 2620 3304 προσφέρουσιν,ὼς
2669 3230 2834 3285 Μετὰ
2867 3232 3042 3285 ὁσίου
3079 3229 3248 3294 ὅσιος
3265 3229 3398 3294 ἐσῃ,
3423 3227 3521 3279 καὶ
3543 3225 3688 3291 μετὰ

2105 3324 2400 3391 στρεϐλοῦ
2439 3321 2966 3390 συνδιαστρέψεις.
2997 3320 3094 3374 Διὰ
3125 3319 3301 3380 τοῦτο,
3335 3319 3520 3387 φησιν,
3557 3317 3692 3368 ἀπο-

2105 3415 2379 3486 φεύγομεν
2409 3415 2536 3478 τοὺς
2570 3414 2949 3486 ἁμαρτωλοὺς,
2980 3412 3116 3483 πρὸς
3145 3411 3206 3464 τὸ
3234 3411 3361 3480 παρ’
3393 3407 3575 3461 αὐτῶν
3614 3407 3686 3476 μὴ

2103 3508 2520 3579 διαστραφῆναι.
2559 3504 2778 3575 Ἀγνοίᾳ
2807 3503 2986 3574 ψυχῆς
3019 3503 3069 3554 οἱ
3097 3500 3327 3555 τοιοῦτοι
3364 3498 3434 3551 τὰ
3465 3497 3692 3551 ἐναντία

2104 3600 2424 3670 πράττουσι.
2463 3596 2800 3668 Προστάττει
2849 3593 2959 3663 γὰρ
3000 3591 3062 3645 τὸ
3094 3590 3321 3662 Πνεῦμα
3352 3589 3412 3641 τὸ
3443 3588 3603 3656 ἅγιον
3627 3587 3693 3638 ού.

2108 3691 2246 3763 μετὰ
2267 3690 2376 3744 τῶν
2400 3689 2674 3762 στρεϐλῶν
2705 3686 3222 3756 συνδιαστραφῆναι,
3252 3684 3388 3737 ἀλλά
3410 3682 3506 3752 τῆς
3534 3699 3691 3752 στρεο

2105 3784 2238 3853 ὁλῆς
2260 3782 2458 3846 αὐτοὺς
2480 3778 2990 3851 ἐπανορθώσασθαι.
3020 3774 3534 3843 Συνδιαστρέψεις
3554 3774 3685 3844 γὰρ,

2103 3874 2372 3935 τουτέστι,
2411 3871 2761 3934 συνελκύσεις
2808 3871 2973 3924 αὑτὸν
3020 3869 3158 3941 πρὸς
3190 3866 3438 3930 σεαυτὸν,
3483 3867 3550 3918 ἐκ
3581 3866 3688 3918 τῶν

2104 3965 2413 4038 ἀριστερῶν
2441 3965 2533 4018 ἐπὶ
2559 3964 2630 4019 τὰ
2655 3963 2825 4029 δεξιά.

2174 4057 2264 4112 71.
2307 4057 2469 4126 Τρεῖς
2498 4057 2732 4128 γνωμῶν
2770 4056 2903 4110 ἰδέαι
2944 4054 3087 4109 κατά
3112 4053 3206 4106 τὸν
3241 4053 3350 4106 τῶν
3382 4048 3688 4122 ἀνθρώπων

2106 4147 2221 4218 βίον
2257 4148 2639 4218 τυγχάνουσιν·
2674 4141 2748 4203 ὧν
2777 4150 2810 4218 ἡ
2837 4147 2937 4219 μὲν
2959 4145 3150 4217 πρώτη
3179 4145 3298 4198 ἐστὶ
3324 4143 3426 4213 τῆς
3451 4143 3687 4214 ἀκροτά-

2103 4258 2204 4311 της
2231 4240 2451 4306 κακίας,
2485 4241 2518 4310 ὴ
2550 4239 2606 4293 δὲ
2633 4239 2864 4310 δευτέρα
2893 4238 3064 4308 μέσης
3093 4235 3235 4298 τινὸς
3262 4233 3682 4295 καταστάσεως·

2105 4331 2296 4403 ὥσπερ
2322 4331 2432 4402 γὰρ
2463 4331 2600 4401 πρὸς
2611 4331 2709 4395 τὰς
2739 4329 3060 4402 ἀμφοτέρας
3078 4330 3272 4382 σκοπεῖ
3285 4326 3390 4380 τῶν
3406 4325 3692 4395 ὁποτέρων

425 4425 576 4464 mum
611 4412 1088 4482 contemplationis
1115 4421 1259 4482 acta,
1288 4431 1397 4470 non
1439 4417 1602 4472 modo
1633 4433 1692 4473 se
1726 4418 1842 4488 ipsa
1874 4435 2006 4474 con-

2117 4424 2416 4496 μετέχουσα
2437 4440 2451 4454 ο
2475 4425 2509 4494 ἡ
2525 4423 2583 4477 δὲ
2611 4424 2792 4494 τρίτη,
2814 4424 2894 4486 εἰς
2923 4420 3150 4492 μέγεθος
3181 4419 3416 4491 θεωρίας
3431 4418 3683 4489 ἀχθεῖσα,

425 4502 676 4572 stringit;
727 4504 820 4559 sed
851 4505 1015 4559 etiam
1061 4507 1200 4561 duas
1240 4518 1364 4578 post
1421 4525 1480 4565 se
1511 4511 1722 4580 positas
1767 4521 2002 4567 conatur

422 4606 588 4646 manu
619 4590 841 4648 ducere.
872 4592 1116 4664 Nequam
1147 4605 1329 4651 autem
1359 4597 1610 4654 homines
1641 4614 1766 4654 cum
1798 4599 2000 4670 pejori-

421 4681 531 4737 bus
574 4682 818 4746 admisti,
855 4685 1148 4754 plurimam
1187 4687 1452 4741 malorum
1496 4690 1869 4745 accessionem
1911 4689 1998 4743 fa-

424 4774 600 4827 ciunt.
634 4771 738 4838 Qui
769 4782 950 4828 autem
986 4781 1116 4829 sunt
1160 4774 1215 4829 in
1262 4778 1442 4832 medio
1478 4779 1662 4849 positi,
1696 4779 1884 4850 fugere
1912 4780 1998 4834 ui-

420 4873 612 4920 tuntur
634 4881 731 4922 eos
760 4867 854 4936 qui
877 4875 1004 4920 sunt
1035 4867 1568 4939 intemperantiores,
1595 4871 1751 4926 veriti
1783 4887 1852 4926 ne
1870 4888 1996 4926 rur-

422 4970 544 5010 sum
570 4956 638 5010 ab
657 4955 737 5011 eis
770 4957 1156 5027 per-trahantur
1183 4977 1196 5010 :
1229 4971 1358 5013 sunt
1389 4960 1534 5014 cnim
1557 4961 1735 5016 adhuc
1758 4961 1996 5018 infantes

421 5045 479 5100 in
503 5047 767 5102 virtutum
802 5049 1085 5103 exercitio.
1115 5048 1286 5104 Tertii
1315 5067 1446 5106 vero
1471 5053 1614 5106 virili
1644 5054 1828 5108 animo
1858 5070 1995 5124 pra:—

421 5137 543 5202 diti,
580 5139 846 5212 firmaque
871 5151 1054 5197 mente
1083 5144 1359 5209 instructi,
1396 5160 1522 5200 cum
1555 5146 1715 5203 malis
1745 5161 1853 5200 una
1884 5162 1998 5200 ver-

422 5240 636 5298 santur,
659 5234 860 5304 quibus
891 5235 1116 5290 salutem
1142 5251 1335 5306 parare
1367 5239 1613 5308 cupiunt.
1645 5239 1728 5294 Ab
1753 5240 1996 5294 externis

424 5334 606 5380 autem
640 5326 1043 5396 vituperantur,
1076 5328 1144 5383 ab
1176 5330 1355 5399 iisque
1396 5330 1734 5396 deridentur,
1774 5333 1868 5399 qui
1907 5331 1989 5386 vi-

2107 4517 2170 4570 ού
2190 4517 2348 4588 μόνον
2367 4514 2564 4586 ἑαυτὴν
2578 4513 2886 4584 συσφίγγει,
2909 4512 3045 4566 ἀλλά
3057 4529 3120 4580 γε
3137 4511 3230 4564 καὶ
3252 4511 3352 4574 τὰς
3365 4509 3690 4571 τελευταίας

2108 4608 2366 4679 πειρᾶται
2391 4608 2772 4678 χειραγωγεῖν.
2810 4607 2873 4658 Οἱ
2917 4605 3014 4676 μὲν
3036 4601 3129 4658 οὖν
3149 4603 3312 4656 κακοὶ
3338 4602 3446 4654 τῶν
3469 4601 3683 4673 ἀνθρώ-

2106 4715 2247 4761 πων,
2273 4701 2387 4762 τοῖς
2417 4698 2625 4770 χείροσι
2650 4695 2989 4767 μιγνύμενοι,
3016 4695 3138 4748 ἐπεὶ
3168 4694 3339 4746 πλείω
3357 4692 3469 4745 τῶν
3493 4691 3687 4746 δεινῶν

2107 4790 2389 4845 ποιοῦνται
2421 4789 2522 4860 τὴν
2555 4787 2802 4859 αὔξησιν·
2847 4788 2898 4840 οἱ
2945 4787 3000 4840 δέ
3042 4803 3106 4855 γε
3157 4784 3308 4855 μέσοι
3348 4783 3684 4851 ἀποφεύγειν

2103 4886 2230 4947 τοὺς
2258 4883 2592 4944 ἀκολάστους
2625 4881 2944 4953 πειρῶνται,
2987 4877 3120 4931 αὐτὸ
3162 4876 3322 4930 τοῦτο
3360 4875 3682 4938 δεδοικότες,

2108 4976 2182 5046 μὴ
2210 4973 2373 5028 πάλιν
2405 4973 2497 5026 ὑπ’
2537 4971 2716 5026 αὐτῶν
2752 4967 3183 5024 καθελκυσθῶσι·
3226 4967 3411 5038 νήπιοι
3449 4964 3563 5036 γὰρ
3604 4964 3686 5016 ἔτι

2103 5064 2214 5117 τῶν
2247 5063 2460 5137 ἀρετῶν
2491 5061 2870 5133 τυγχάνουσιν·
2904 5061 2956 5114 oi-
2984 5059 3043 5112 δὲ
3073 5059 3266 5130 τρίτοι,
3308 5055 3563 5126 ἀνδρείαν
3583 5054 3684 5122 τὴν

2105 5155 2332 5228 γνώμην
2381 5155 2595 5226 ἔχοντες
2641 5156 2735 5208 καὶ
2767 5152 3022 5226 κραταιὸν
3067 5151 3128 5204 τὺ
3171 5150 3456 5221 φρόνημα,
3506 5147 3682 5200 συνδι-

2109 5250 2300 5318 άγουσι
2331 5252 2445 5313 τοῖς
2476 5249 2700 5319 φαύλοις
2715 5248 2808 5302 xui.
2833 5245 3260 5308 συνδιαιτῶνται,
3282 5241 3453 5295 σῶσαι
3483 5240 3682 5301 αὐτοὺς

2106 5340 2436 5413 βουλόμενοι.
2465 5344 2591 5398 ’Καὶ
2619 5341 2752 5412 γοῦν
2792 5340 2899 5394 ὑπὸ
2927 5338 3036 5392 τῶν
3065 5335 3263 5403 ἔξωθεν
3305 5333 3674 5396 ὀνειδίζοντας

499 5477 962 5564 ’ξηΕιοξιΛικμα
998 5481 1049 5535 Ι.
1125 5482 1354 5564 fnl’sal.
1390 5500 1455 5554 c,
1491 5487 1546 5542 5.
1623 5490 1668 5522 "
1705 5489 1851 5548 Psa-l.
1886 5509 2006 5564 xu,

2183 5499 2228 5531 ’⁷
2267 5499 2412 5556 Psal.
2450 5513 2669 5562 xxxv",
2709 5497 2797 5552 M.
2875 5493 2920 5525 ’⁸
2958 5490 3104 5547 Eccl.
3143 5506 3236 5556 Ix,
3267 5486 3324 5542 2.
3399 5487 3446 5518 ’θ
3481 5480 3672 5539 Matth.

422 5562 472 5606 v.
514 5548 604 5604 46.
683 5549 727 5581 ³ο
766 5548 912 5604 Psal.
947 5565 1097 5614 xvu,
1127 5553 1218 5608 26.

503 5689 616 5759 (90)
637 5688 897 5755 Coteler.,
926 5689 1102 5759 ὕπνῳ,
