3852 6206
200 249 341 306 1529

1335 247 1499 303 “TA
1540 244 1835 302 SANCTJE
1875 237 2348 298 SYNCLETICAE.

3302 236 3448 291 1550

198 370 293 423 καὶ
319 367 425 422 ὑπὸ
447 365 556 421 τῶν
577 366 922 440 θεωρούντων
942 370 1000 425 δὲ
1026 370 1222 433 αὐτοὺς
1251 368 1632 436 συνδιάγοντας
1658 366 1772 428 τοῖς

1889 361 2005 416 ient
2048 358 2174 414 illos
2218 371 2329 412 una
2368 350 2565 425 degere
2594 368 2718 409 cum
2751 350 3232 423 negligentioribus
3255 367 3272 406 :
3297 351 3448 422 ipsos

196 458 584 532 ἀμελεστέροις
604 458 976 529 χλευάζονται·
1002 461 1098 515 καὶ
1118 461 1227 532 γὰρ
1248 459 1442 523 αὐτοὺς
1459 458 1535 523 ὡς
1556 457 1774 528 ὁμοίους

198 551 379 607 αὐτῶν
407 550 804 605 διαϐάλλουσιν.
833 554 895 605 Οἱ
925 552 983 605 δὲ
1015 552 1090 615 ὡς
1111 552 1369 611 ἐπαίνους
1398 551 1468 604 τά
1493 549 1643 620 παρὰ
1666 548 1775 602 τῶν

198 641 299 695 ἀνθ
310 640 505 714 ρώπων
530 640 843 707 ἀκούοντες,
866 643 1037 707 ἀδεῶς
1059 642 1119 697 τὸ
1135 644 1274 698 θεῖον
1300 643 1460 715 ἔργον
1474 643 1773 697 ἐκτελοῦσι.

199 733 443 802 Χαίρετε
483 733 614 803 γὰρ,
655 733 809 804 φησι,
862 735 963 788 καὶ
1012 734 1405 804 ἀγαλλιᾶσθε,
1454 734 1601 788 ὅταν
1654 732 1778 789 πᾶν

198 823 429 893 ⁴Ψεῦδος
452 825 665 878 εἴπωσι
687 828 817 879 καθ’
844 825 1011 895 ὑμῶν
1040 829 1094 880 οἱ
1121 825 1437 896 ἄνθρωποι.
1474 825 1776 896 Δεσποτικὴ

204 915 305 987 μὲν
337 911 430 968 οὖν
462 914 667 969 τούτων
713 918 746 987 ἡ
796 918 1010 988 πρᾶξις·
1063 918 1158 972 καὶ
1202 919 1313 990 γὰρ
1344 920 1373 971 ὁ
1408 918 1611 990 Κύριος
1640 919 1778 988 μετὰ

198 1003 449 1059 τελωνῶν
476 1006 570 1058 καὶ
594 1006 935 1078 ἁμαρτωλῶν
958 1007 1113 1078 ἤσθιε
1134 1024 1148 1038 ’
1189 1008 1388 1079 μᾶλλον
1429 1008 1486 1062 δέ
1536 1008 1778 1077 φιλάδελ-

200 1113 302 1163 φος
341 1100 374 1162 ἡ
421 1097 625 1151 τούτων
667 1098 860 1169 γνώμη
909 1100 1052 1171 ῆπερ
1105 1100 1381 1172 φίλαυτοςἓ
1432 1100 1641 1172 Ὠσπερ
1668 1099 1776 1170 γάρ

199 1189 562 1259 ἐμπρησμοὺς
587 1189 772 1243 οἰκιῶν
792 1188 1025 1262 ὁρῶντες
1055 1193 1180 1255 τοὺς
1213 1192 1651 1264 ἁμαρτάνοντας,
1684 1193 1778 1245 καὶ

197 1277 308 1333 τῶν
366 1278 508 1333 ἰδίων
547 1282 1090 1352 καταφρονήσαντες,
1130 1282 1209 1352 τάξ
1242 1283 1495 1355 ἀλλότρια
1532 1284 1626 1337 καὶ
1673 1283 1779 1336 ἀπ-

199 1368 466 1439 ολλύμενα
509 1369 702 1435 σώζειν
726 1371 1144 1444 διισχυρίζονται
1162 1389 1176 1403 ·
1209 1374 1304 1426 καὶ
1328 1373 1777 1444 περιφλεγόμενοι

198 1462 267 1515 ἐκ
292 1460 402 1515 τῶν
430 1448 739 1516 καυστικῶν
767 1462 997 1536 ῦϐρεων,
1027 1464 1327 1534 ἀνέχονται.
1358 1465 1422 1518 Ol
1448 1465 1507 1518 δέ
1534 1481 1595 1534 γε
1622 1464 1778 1535 μέσοι

199 1552 297 1606 ἐάν
324 1552 477 1607 ἴδωσι
500 1553 590 1607 τὸν
621 1553 847 1623 ἀδελφὸν
878 1556 982 1608 ὑπὸ
1000 1555 1099 1626 τῆς
1125 1555 1397 1627 ἁμαρτίας
1424 1556 1776 1626 ιλλεγόμενον,

195 1641 589 1712 ἀποφεύγουσι,
612 1642 907 1707 δεδοικότες
954 1644 1028 1715 μὴ
1072 1646 1165 1697 καὶ
1207 1648 1286 1709 είς
1328 1646 1525 1709 αὐτοὺς
1567 1646 1628 1699 τὸ
1667 1646 1778 1717 πῦρ

1878 466 2117 521 namque
2154 449 2314 520 quasi
2360 446 2470 502 illis
2530 445 2739 500 similes
2790 452 2974 500 essent
3024 444 3445 499 calumniantur.

1880 543 1991 613 Ipsi
2018 556 2150 596 vero
2177 538 2460 594 hominum
2489 535 2855 591 contumelias
2889 536 3045 605 quasi
3078 534 3266 590 laudes
3303 535 3451 589 acci-

1877 633 2114 703 pientes,
2156 628 2429 699 intrepide
2458 627 2702 681 divinum
2733 640 2873 696 Opus
2892 633 3285 696 exsequuntur.
3310 624 3449 680 Nam

1877 724 1953 776 ait
1981 741 1994 777 :
2017 721 2254 775 Gaudete
2274 729 2324 774 et
2342 719 2621 782 exsultale,
2643 734 2760 771 cum
2783 734 2934 771 omne
2958 718 3284 771 mendacium
3302 717 3452 772 dixe-

1876 813 1984 867 rint
2024 812 2259 865 homines
2299 809 2576 862 adversum
2622 824 2707 862 vos
2729 807 2796 861 ³¹.
2835 807 3176 863 Dominicum
3219 815 3304 862 est
3333 808 3451 861 hu-

1872 903 2115 974 jusmodi
2150 902 2422 968 cilicium;
2458 900 2719 954 Dominus
2752 901 2898 953 enim
2928 898 3291 954 manducabat
3324 914 3450 953 cum

1877 994 2188 1066 publicanis
2223 1000 2276 1049 et
2306 991 2710 1064 peccatoribus.
2737 989 2937 1044 Eorum
2974 989 3190 1044 animus
3221 989 3452 1043 fratrum

1877 1087 2051 1157 magis
2097 1100 2262 1156 quam
2298 1084 2384 1139 sui
2427 1097 2619 1138 amans
2648 1089 2752 1137 est.
2797 1080 2933 1136 Cum
2988 1081 3132 1136 enim
3164 1088 3454 1151 peccantes

1877 1179 2086 1242 vident,
2124 1174 2273 1229 haud
2307 1189 2492 1238 secus,
2533 1188 2597 1227 ac
2633 1173 2680 1226 si
2711 1173 2997 1226 domorum
3034 1169 3285 1225 incendia
3315 1184 3453 1223 con-

1879 1270 2175 1339 spicerent,
2213 1265 2480 1336 neglectis
2525 1263 2663 1326 suis,
2698 1263 2874 1318 aliena
2900 1277 3020 1332 quae
3064 1268 3293 1332 pereunt
3334 1276 3453 1315 ser-

1881 1372 2006 1417 vare
2046 1360 2318 1424 nituntur,
2359 1364 2522 1426 atque
2553 1356 2877 1411 ardentibus
2907 1354 3066 1426 631
3107 1353 3456 1408 contumeliis

1883 1449 2184 1513 combusti,
2210 1449 2263 1504 id
2295 1448 2557 1503 tolerant.
2589 1445 2694 1513 Qui
2725 1455 2907 1500 autem
2938 1444 3104 1500 medii
3128 1452 3275 1505 sunt,
3311 1443 3357 1498 si
3383 1443 3458 1498 vi-

1883 1542 2070 1598 derint
2123 1538 2351 1596 fratrem
2406 1547 2632 1610 peccato
2673 1537 2950 1593 ardentem
3007 1535 3455 1608 flagrantemque,

1883 1634 2194 1704 aufugiunt,
2230 1631 2394 1687 veriti
2425 1647 2495 1686 ne
2527 1629 2594 1685 ad
2627 1646 2686 1685 se
2714 1644 2933 1700 quoque
2976 1628 3120 1700 ignis
3153 1630 3452 1699 pertingat.

197 1710 522 1805 διανεμηθῇ.
562 1735 626 1788 Οἱ
651 1733 708 1787 δέ
738 1750 802 1802 γε
831 1710 1027 1806 τρίτοι,
1056 1735 1306 1806 χαλεπῶν
1335 1736 1592 1804 γειτόνων
1619 1710 1773 1808 δίκην

1889 1725 2049 1782 I‘ertii
2098 1732 2279 1779 autem
2319 1710 2588 1777 malorum
2628 1722 2938 1777 vicinorum
2982 1729 3169 1792 partes
3211 1730 3453 1791 agentes,

198 1823 507 1894 ἐπέχοντες,
550 1827 676 1888 τοὺς
723 1825 1047 1893 καιομένους
1081 1826 1175 1879 ἐπὶ
1214 1827 1396 1880 πλεῖον
1430 1826 1773 1893 ἐξάπτουσιν,

200 1913 335 1979 ὔλας
349 1915 543 1979 αὐτοὺς
572 1913 709 1987 (90‘)
740 1917 878 1986 πρὸς
899 1916 1193 1982 ἀπώλειαν,
1221 1918 1322 1988 τὴν
1349 1917 1556 1971 οἰκείαν
1579 1918 1777 1971 κακίαν

199 2007 624 2078 προσφέροντες.
684 2009 897 2080 Ὠσπερ
957 2008 1067 2080 γὰρ
1126 2009 1381 2081 πισσηρῷ
1437 2009 1776 2076 διαλαϐόντες

201 2098 396 2170 πλοίῳ,
433 2100 554 2153 ἀντὶ
593 2098 784 2164 ὓδατος
831 2101 1052 2172 κεδρίαν
1100 2102 1498 2161 ἐπιϐάλλουσιν.
1535 2106 1598 2157 υἱ
1628 2104 1685 2157 δέ
1712 2121 1777 2173 γε

198 2192 433 2245 ἐναντίοι
465 2191 694 2259 τούτοις,
722 2195 772 2246 οἱ
804 2194 1021 2262 ἀγαθοὶ,
1049 2194 1118 2247 τά
1154 2195 1330 2248 οίκεῖα
1373 2196 1629 2266 κτήματα
1654 2196 1777 2248 δεύ-

197 2298 336 2354 τερα
364 2281 548 2336 ἔθεντο
584 2284 684 2355 τῆς
709 2284 933 2337 ἐκείνων
962 2284 1250 2357 σωτηρίας.
1295 2285 1481 2339 Ταῦτα
1520 2288 1618 2357 τῆς
1643 2288 1777 2359 ἀλη-

201 2372 360 2443 θινῆς
398 2374 620 2444 ἀγάπης
665 2374 735 2427 τά
783 2376 1080 2446 τεκμήριαο
1132 2371 1421 2448 οὗτοιτῆς
1455 2375 1780 2448 εἰλικρινοῦς

199 2464 422 2536 ἀγάπης
451 2468 499 2519 oi
524 2467 783 2535 φύλακες.

277 2556 363 2610 72.
400 2557 610 2630 Ὠσπερ
639 2559 697 2612 δὲ
720 2559 790 2612 τὰ
815 2558 963 2613 δεινά
994 2559 1052 2614 ἐν
1098 2559 1165 2613 δι’
1232 2559 1352 2622 ἐνὸς
1404 2559 1665 2630 ἧρτηται’
1710 2560 1778 2629 τῇ

211 2646 324 2717 γὰρ
348 2646 679 2719 φιλαργυρίᾳ
713 2647 995 2702 ἀκολουθεῖ
1035 2649 1246 2719 φθόνος,
1296 2648 1465 2715 δόλος,
1504 2648 1779 2719 ἐπιορκία,

219 2737 408 2809 θυμὸς,
439 2740 804 2810 μνησικακία’
870 2739 1014 2794 οὕτω
1072 2740 1143 2794 τά
1184 2741 1402 2795 ἐναντία
1455 2741 1657 2794 τούτων
1685 2740 1783 2810 τῆς

208 2828 431 2900 ἀγάπης
457 2829 635 2900 ἔχεται
663 2847 676 2860 ·
710 2831 957 2903 πραΰτης
981 2830 1045 2901 δὴ
1093 2831 1236 2900 λέγω
1282 2832 1378 2885 καὶ
1414 2830 1781 2903 μακροθυμία,

208 2911 306 2974 καλ
354 2920 693 2987 ἀνεξικακία,
742 2923 837 2975 καὶ
887 2923 950 2975 τὸ
979 2922 1182 2976 τέλειον
1214 2922 1439 2991 ἀγαθὸν,
1471 2925 1505 2993 ἡ
1538 2924 1783 2993 ἀκτημο-

206 3011 363 3083 σύνη.
421 3014 533 3066 Οὐκ
562 3013 835 3083 ἐνδέχεται
877 3012 988 3082 γάρ
1015 3030 1138 3067 τινα
1181 3013 1385 3084 ταύτης
1433 3015 1531 3083 τῆς
1559 3014 1778 3086 ἀρετῆς,

1875 1834 1971 1874 eos
2016 1816 2110 1888 qui
2146 1815 2545 1870 comburuntur
2584 1812 2760 1883 magis
2825 1810 3187 1877 succendunt,
3252 1811 3460 1867 submi-

1876 1912 2109 1965 nistrata
2142 1907 2249 1960 illis
2279 1905 2348 1959 ad
2376 1905 2652 1959 interitum
2702 1903 2954 1970 materia,
2993 1902 3215 1972 propria
3248 1901 3459 1956 scilicet

1877 2002 2107 2056 malitia.
2139 1999 2274 2054 Nam
2317 2013 2382 2052 ac
2419 1998 2466 2052 si
2501 1997 2622 2068 pice
2655 1996 2853 2050 illitum
2897 1995 3174 2064 navigium
3221 1994 3459 2049 offende—

1877 2104 2021 2161 rent,
2048 2108 2149 2166 pro
2177 2106 2317 2160 aqua
2347 2091 2589 2145 cedriam
2612 2088 2850 2143 resinam
2885 2087 3206 2143 immittunt.
3252 2087 3459 2142 Contra

1876 2200 2010 2240 vero
2040 2185 2197 2254 probi
2228 2181 2501 2244 homines,
2537 2176 2792 2248 proprias
2820 2175 3120 2230 facultates
3153 2188 3339 2229 eorum
3371 2187 3460 2229 sas-

1879 2276 1980 2330 luti
2009 2274 2358 2346 posthabent.
2391 2271 2518 2325 Haec
2546 2277 2676 2324 sunt
2700 2284 2842 2323 verae
2870 2274 3191 2337 argumenta
3217 2266 3459 2321 charita-

1879 2372 1983 2436 tis;
2012 2368 2069 2423 hi
2100 2369 2330 2424 sincera:
2362 2363 2670 2420 dilectionis
2703 2360 2980 2417 custodes.

1953 2546 2041 2600 7‘2.
2084 2544 2237 2601 Sicut
2264 2551 2446 2598 autem
2473 2541 2604 2597 vitia
2630 2555 2797 2594 unum
2822 2539 2889 2593 ab
2922 2539 3028 2592 alio
3057 2537 3294 2608 pendent
3325 2554 3338 2590 :
3372 2538 3460 2591 ni-

1881 2636 2081 2690 mirum
2108 2635 2394 2687 avaritiam
2419 2632 2666 2701 sequitur
2688 2629 2914 2695 invidia,
2932 2628 3110 2693 dolus,
3137 2628 3457 2697 perjurium,

1882 2727 1986 2782 ira.
2010 2725 2272 2781 memoria
2310 2723 2670 2793 injuriarum;
2720 2721 2800 2775 sic
2847 2734 2968 2789 quas
3025 2719 3136 2773 illis
3186 2720 3461 2772 contraria

1884 2824 2012 2874 sunt
2033 2817 2354 2871 charitatem
2381 2819 2794 2880 consequuntur
2817 2827 2830 2863 :
2867 2808 3227 2863 mansuetudo
3247 2824 3459 2878 nempe,

1885 2904 2308 2976 aequanimitas,
2351 2902 2661 2965 tolerantia,
2699 2907 2755 2954 et
2814 2899 3080 2954 bonorum
3128 2896 3463 2967 perfectissi-

1885 3012 2035 3051 mum
2106 2995 2412 3050 voluntaria
2493 2999 2808 3063 paupertas.
2879 2989 3001 3044 Non
3064 2989 3210 3044 enim
3284 2996 3462 3058 potest

204 3073 352 3172 λέγω)
370 3103 435 3175 δὴ
458 3105 558 3174 τῆς
590 3073 832 3175 ἀγάπης,
862 3073 1171 3175 ιέριξςέσθαι,
1192 3106 1241 3157 εἰ
1292 3073 1455 3175 μὲιίκ
1479 3073 1577 3176 ita;
1599 3073 1781 3176 ’ἀκέῆζ

1889 3086 2158 3158 quispiam
2186 3102 2306 3141 eam
2339 3084 2490 3139 adire
2516 3085 2772 3138 virtutem
2798 3120 2814 3145 ,
2858 3080 3068 3136 scilicet
3097 3080 3415 3134 charitatem
3443 3120 3459 3143 ,

209 3197 479 3269 μοσύνης·
513 3200 574 3251 οὐ
620 3197 728 3271 γὰρ
757 3199 894 3270 πρὸς
945 3198 1041 3251 ἕνα
1100 3197 1384 3270 ἄνθρωπον
1408 3200 1435 3251 ὁ
1460 3198 1661 3269 Κύριος
1689 3197 1789 3268 τὴν

205 3287 427 3359 ἀγάπην
451 3288 768 3352 ἐνετείλατο,
802 3289 937 3341 ἀλλά
990 3290 1128 3361 πρὸς
1175 3289 1438 3352 ἅπαντας.
1491 3287 1698 3342 Οὐκοῦν
1727 3289 1788 3342 οὐ

192 3379 325 3431 δέον
352 3378 574 3448 ἔχοντας
620 3380 863 3449 παριδεῖν
891 3380 1019 3444 τοὺς
1045 3381 1366 3451 χρῄζοντας.
1415 3378 1788 3435 Ύποκλέπτε-

206 3486 299 3523 ται
328 3470 444 3542 (91)
469 3469 577 3544 γὰρ
594 3469 656 3523 τδ
686 3471 788 3541 τῆς
813 3472 1051 3543 ἀγάπης.
1084 3473 1158 3525 Τὸ
1196 3471 1293 3542 μὲν
1322 3470 1432 3543 γὰρ
1485 3474 1647 3527 πᾶσιν
1675 3472 1791 3540 ἐξα-

211 3561 365 3633 ρκείν
406 3562 662 3615 ἀδύνατον
685 3561 957 3633 ἀνθρώπῳ
975 3579 991 3592 ·
1025 3561 1160 3615 Θεοῦ
1197 3561 1255 3614 δὲ
1275 3562 1434 3614 τοῦτο
1461 3561 1640 3634 ἔργον.

280 3735 369 3790 75.
407 3734 473 3788 Τί
513 3730 627 3801 οὖν,
650 3735 837 3806 φησὶν,
870 3736 899 3788 ὁ
924 3735 999 3807 μὴ
1029 3735 1190 3807 ἔχων,
1231 3737 1361 3808 περὶ
1420 3736 1790 3808 ἐλεημοσύνης

207 3827 473 3899 ἀγωνίζῃ,
499 3828 596 3880 καὶ
626 3827 764 3898 αὕτη
799 3844 881 3882 σοι
915 3828 1186 3898 πρόφασις
1201 3829 1294 3882 τοῦ
1318 3829 1623 3900 κτήσασθαι
1651 3829 1792 3898 γίνε-

208 3935 338 3984 ται;
366 3921 661 3989 Κοσμικοῖς
702 3916 860 3971 τοῦτο
907 3919 1330 3989 προστέτακται.
1364 3918 1440 3972 Οὐ
1470 3920 1579 3989 γὰρ
1603 3917 1789 3971 τοσοῦ-

207 4026 304 4063 τον
341 4009 478 4081 πρὸς
506 4009 569 4063 τὸ
591 4008 861 4080 τραφῆναι
886 4009 978 4063 τὸν
1002 4009 1210 4080 πένητα.
1226 4012 1260 4081 ἡ
1284 4009 1625 4081 ἐλεημοσύνη
1657 4008 1790 4081 ῶρι-

214 4100 367 4166 σται,
382 4102 505 4156 ὅσον
529 4101 616 4155 διά
639 4100 737 4172 τὴν
769 4101 1010 4173 ἀγάπην.
1057 4102 1115 4156 ’0
1140 4101 1247 4173 γάρ
1268 4102 1360 4156 τὸν
1384 4101 1637 4157 πλούσιον
1659 4102 1789 4155 διοι-

210 4193 329 4248 κῶν
356 4193 487 4257 Θεὸς
526 4195 621 4248 καὶ
677 4194 769 4248 τὸν
828 4194 1038 4264 πένητα
1082 4194 1294 4266 τρέφει.
1322 4193 1600 4266 Περιττῶς
1630 4191 1722 4248 οὖν
1752 4195 1785 4264 ἡ

212 4282 552 4353 ἐλεημοσύνη
578 4283 925 4355 προσετάγη;
956 4285 1048 4356 Μὴ
1072 4284 1282 4353 γένοιτο
1308 4284 1475 4337 tam
1500 4284 1642 4355 ἀρχὴ
1686 4284 1787 4353 τῆς

212 4374 434 4446 ἀγάπης
457 4376 570 4438 τοῖς
598 4375 672 4446 μὴ
699 4375 862 4428 είδόσι
879 4375 1105 4444 γίνεται.
1126 4376 1338 4447 Ὠσπερ
1355 4375 1466 4446 γάρ
1491 4376 1780 4446 ὑπογραμ-

215 4462 315 4535 μὺς
337 4458 405 4535 ἦν
437 4464 472 4533 ἡ
502 4462 603 4533 τῆς
661 4464 1025 4536 ἀκροϐυστίας
1072 4465 1343 4537 περιτομὴ
1395 4464 1495 4535 τῆς
1531 4463 1779 4535 καρδίας,

210 4553 384 4618 οὕτως
414 4557 447 4625 ή
474 4554 808 4627 ἐλεημοσύνη
860 4555 960 4626 τῆς
1022 4556 1243 4625 ἀγάπης
1277 4554 1594 4619 διδάσκαλος
1653 4571 1787 4609 κατ-

212 4644 368 4716 έστη.
415 4639 511 4709 Οἷς
539 4642 632 4700 οὖν
683 4647 718 4716 ή
747 4646 934 4718 ἀγάπη
962 4646 1028 4700 ἐκ
1051 4646 1272 4719 χάριτος
1313 4644 1470 4717 ἐδόθη
1494 4644 1718 4717 περιττὴ
1749 4646 1783 4717 ὴ

212 4735 567 4806 ἐλεημοσύνη.

288 4824 374 4880 74.
405 4824 482 4880 Οὐ
509 4824 867 4879 διαϐάλλουσα
893 4826 985 4879 τὸν
1042 4825 1189 4880 ἔλεον
1228 4824 1400 4879 ταῦτα
1429 4824 1572 4893 λεγω
1597 4840 1612 4854 ο
1646 4822 1784 4877 ἀλλά

211 4915 316 4986 τῆς
346 4916 734 5001 ’ἀκτημοσύνης
764 4917 824 4970 τὸ
866 4916 1103 4989 καθαρὸν
1132 4916 1469 4971 δεικνύουσα.
1504 4915 1593 4986 Μὴ
1637 4914 1783 4983 γινὲ-
1821 4917 1834 4929 '

217 5008 332 5062 σθω
355 5003 448 5061 οὖν
473 5007 706 5071 κώλυσις
734 5008 795 5061 τὸ
819 5007 1039 5062 ἔλαττον
1065 5008 1159 5062 τοῦ
1190 5009 1454 5080 μείζονος.
1500 5009 1587 5061 Ἐν
1618 5008 1783 5078 ὀλίγῳ

213 5096 278 5149 τὺ
312 5096 503 5167 μικρὸν
538 5096 939 5168 κατώρθωσας·
965 5099 1143 5152 πάντα
1167 5097 1277 5171 γὰρ
1310 5100 1400 5169 ὑφ’
1434 5097 1493 5152 ἐν
1518 5097 1782 5160 δέδωκας’

216 5187 357 5260 πρὸς
386 5188 449 5241 τὸ
480 5187 663 5259 μεῖζον
689 5188 871 5243 λοιπὸν
895 5190 1207 5256 ἀνάνευσον,
1239 5191 1338 5263 τὴν
1355 5190 1594 5261 ἀγάπην.
1617 5189 1786 5241 Σταυ-

220 5278 450 5350 ροφόρος
483 5278 593 5351 γὰρ
640 5281 945 5350 τυγχάνεις.
989 5283 1063 5336 Σὺ
1107 5283 1209 5353 τὴν
1262 5283 1552 5355 ἐλευθέραν
1605 5282 1789 5352 φωνὴν

213 5369 453 5435 ὀφείλεις
501 5372 692 5437 εἰπεῖν,
745 5372 827 5437 τὸ,
870 5373 1025 5429 Ἰδοὺ
1057 5373 1255 5430 πάντα
1295 5374 1630 5447 ἀφήκαμεν,
1686 5374 1784 5429 καί

289 5525 332 5557 ⁸⁸
372 5523 560 5600 Matth.
595 5542 648 5591 v,
680 5526 765 5581 11.

289 5613 428 5685 (90‘)
468 5612 649 5679 Forte,
676 5616 877 5679 αὐτοῖς.
908 5615 1066 5669 Ευιτ.

1887 3181 1995 3235 nisi
2026 3194 2123 3249 per
2144 3176 2507 3233 voluntariam
2540 3181 2939 3245 paupertatem.
2972 3171 3159 3242 Neque
3179 3172 3322 3226 enim
3357 3169 3463 3226 Do-

1891 3271 2076 3326 minus
2108 3270 2429 3324 charitatem
2472 3264 2751 3319 mandavit
2784 3277 2912 3334 erga
2952 3277 3122 3317 unum
3164 3262 3462 3326 hominem,

1898 3362 1993 3418 scd
2024 3375 2153 3432 erga
2177 3373 2388 3415 omnes.
2417 3353 2545 3413 Non
2565 3353 2919 3425 decetigitur
2960 3367 3055 3409 eos
3097 3367 3191 3423 qm
3234 3352 3465 3405 faculta-
3556 3382 3567 3391 ~

1888 3466 2000 3508 tum
2033 3452 2319 3524 potiuntur
2341 3463 2542 3521 egenos
2570 3445 2870 3516 despicere.
2891 3442 2983 3498 Sic
3006 3458 3240 3512 namque
3259 3442 3468 3496 subdu-

1892 3552 2049 3600 cetur
2070 3559 2102 3597 a
2130 3542 2417 3597 charitate.
2441 3538 2576 3617 Nam
2629 3536 2975 3607 suppeditare
3022 3534 3277 3590 omnibus
3306 3549 3469 3588 nemo

1885 3643 2089 3706 potest,
2116 3649 2241 3688 cum
2268 3632 2340 3688 sit
2361 3630 2494 3685 illud
2524 3629 2696 3685 solius
2730 3626 2823 3681 Dei
2856 3643 3013 3697 opus.

1959 3727 2044 3780 73.
2070 3722 2213 3791 Quid
2244 3737 2394 3792 ergo,
2418 3720 2619 3792 inquit,
2642 3719 2737 3790 qui
2766 3718 2902 3772 nihil
2938 3715 3210 3787 possides,
3238 3725 3473 3770 conten-

1887 3817 1975 3873 dis
2003 3818 2070 3871 de
2113 3816 2455 3884 eleemosyna
2477 3851 2492 3876 ,
2528 3811 2757 3882 ipsaque
2797 3809 2895 3863 tibi
2926 3816 3012 3863 est
3041 3806 3259 3862 occasio
3295 3805 3470 3875 possi-

1887 3908 2096 3964 dendi?
2124 3905 2184 3961 ld
2218 3903 2579 3959 sazcularibus
2625 3901 2843 3971 jussum
2877 3906 2982 3954 est.
3017 3896 3137 3951 Non
3167 3896 3310 3952 enim
3343 3903 3468 3949 tan-

1887 4011 2004 4057 tum
2028 4000 2097 4055 ad
2127 4000 2306 4069 inopis
2336 3998 2657 4053 alimentum
2684 3993 2936 4049 instituta
2967 3990 3069 4045 fuit
3096 3990 3471 4059 eleemosyna,

1891 4100 2162 4166 quantum
2196 4097 2418 4162 propter
2443 4090 2783 4144 charitatem.
2830 4081 2967 4137 Nam
2996 4082 3092 4152 qui
3123 4079 3343 4134 divitem
3375 4093 3467 4133 re-

1894 4189 1974 4258 git
2021 4184 2185 4248 Deus,
2212 4183 2379 4239 etiam
2420 4193 2712 4251 pauperem
2744 4176 2860 4229 alit.
2906 4172 3134 4228 Frustra
3178 4170 3346 4242 igitur
3384 4170 3470 4224 in-

1891 4280 2084 4349 juncta
2139 4276 2242 4330 fuit
2299 4270 2681 4342 eleemosyna?
2720 4267 2888 4324 absit!
2933 4264 3130 4321 Verum
3183 4263 3468 4318 charitatis

1892 4368 2223 4441 principium
2271 4362 2504 4420 edicitur
2532 4362 2602 4418 iis
2651 4359 2744 4431 qui
2800 4358 3072 4428 ignorant.
3105 4353 3468 4421 Quemadmo-

1899 4461 2032 4516 dum
2061 4473 2192 4528 ergo
2215 4453 2563 4510 circumcisio
2596 4449 2845 4522 praeputii
2896 4448 3064 4519 ﬁgura
3090 4454 3206 4500 erat
3230 4444 3465 4498 circnma

1896 4550 2126 4606 cisionis
2156 4546 2370 4612 cordis;
2402 4545 2478 4599 ita
2510 4543 2855 4612 eleemosyna
2896 4536 3178 4594 charitatis
3207 4533 3465 4605 magistra

1893 4643 2200 4699 constituta
2221 4647 2327 4696 est.
2360 4636 2571 4703 Quibus
2603 4632 2769 4704 igitur
2814 4630 3055 4685 charitas
3092 4642 3189 4699 per
3234 4628 3463 4696 gratiam

1891 4734 2017 4790 data
2040 4741 2144 4798 est,
2172 4731 2242 4787 iis
2273 4739 2677 4800 supervacanea
2707 4728 2792 4778 est
2818 4721 3180 4790 eleemosyna.
3211 4758 3217 4769 .

1968 4824 2056 4878 74.
2090 4822 2448 4891 Nequaquam
2510 4817 2615 4870 hoc
2649 4814 2808 4877 dico,
2846 4819 2906 4866 ut
2950 4805 3338 4864 misericordia:
3377 4802 3466 4859 de-

1888 4916 2128 4978 traham,
2164 4912 2262 4969 sed
2308 4924 2418 4979 quo
2452 4906 2734 4962 ostendam
2785 4909 3099 4973 spontaneae
3128 4892 3466 4968 paupertatis

1889 5005 2205 5076 puritatem.
2271 4999 2355 5053 Ne
2409 4997 2501 5052 ﬁat
2548 4996 2714 5065 igitur
2765 4994 2949 5047 minus
2982 4988 3206 5058 majoris
3236 4984 3471 5056 impedi-

1890 5104 2159 5152 mentum.
2189 5092 2399 5162 Exiguo
2441 5097 2684 5158 tempore
2713 5099 2941 5157 parvum
2996 5082 3201 5137 bonum
3239 5077 3463 5140 fecisti,

1893 5189 1989 5260 qui
2021 5187 2204 5242 omnia
2234 5183 2396 5241 simul
2426 5179 2701 5251 erogasti;
2745 5178 2857 5247 jam
2897 5174 2963 5229 ad
2995 5173 3050 5228 id
3098 5169 3241 5242 quod
3282 5167 3470 5237 majus

1901 5285 2007 5340 est,
2040 5277 2365 5332 charitatem
2384 5266 2913 5338 nimirum,respice.
2945 5262 3196 5321 Crucil‘er
3227 5272 3465 5329 namque

1892 5388 1973 5431 es.
2015 5369 2096 5425 Tu
2126 5369 2351 5424 liberam
2381 5366 2528 5420 illam
2557 5375 2747 5417 vocem
2804 5356 3047 5429 proferre
3088 5354 3290 5411 debes:
3329 5349 3471 5407 Ecce

1962 5611 2073 5681 (9|)
2115 5611 2300 5684 Vulg”
2330 5611 2725 5666 ύποκτέπεται.
2758 5605 2835 5661 En
