3852 6206
351 245 479 300 1551

1475 243 1530 296 S.
1569 239 2035 297 ATHANASIUS.
2077 271 2146 282 —
2196 239 2465 297 SPUBIA.

3461 238 3487 290 1
3499 235 3616 290 552

351 357 653 428 reliquimus
681 357 878 420 omnia,
909 365 957 409 et
988 356 1152 409 secuti
1181 371 1363 408 sumus
1398 365 1444 408 te
1478 354 1542 409 ³².
1578 353 1659 407 Tu
1696 355 1799 407 hoc
1829 354 1928 408 do-

2063 352 2535 421 νκολουθήσαμέν
2557 369 2674 406 σοι.
2709 351 2779 404 Σὺ
2806 351 2902 422 τὴν
2935 351 3414 422 εὐπαρῤησίαστον
3435 351 3616 419 γλῶτ-

351 459 512 504 natus
546 464 607 503 es
654 463 901 511 munere,
937 454 996 500 ut
1049 448 1246 501 ﬁducia
1281 447 1498 516 plenam
1557 446 1927 515 apostolorum

353 540 621 611 loquelam
649 539 947 593 imitarere.
983 539 1151 592 Aiunt
1174 539 1318 593 enim
1343 537 1538 592 Petrus
1567 545 1620 592 et
1645 535 1884 591 Joannes
1914 555 1926 587 :

353 634 555 684 Aurum
579 639 628 684 et
661 639 936 698 argentum
973 646 1074 683 non
1108 639 1186 684 est
1219 629 1345 683 mihi
1377 630 1440 682 ³³.
1479 629 1685 700 Duplex
1714 628 1935 699 quidem

353 722 556 791 lingua,
585 719 679 774 sed
701 720 864 774 unica
892 720 1043 774 ﬁdes.

428 832 510 886 75.
555 831 702 886 Inter
732 832 1022 887 saeculares
1052 846 1235 902 porro,
1260 848 1329 888 ne
1368 839 1574 888 temere
1611 841 1662 887 et
1690 833 1935 888 inconsi-

355 922 544 976 derate
569 929 826 988 erogatur
852 922 1220 993 eleemosyna.
1261 923 1350 976 Ait
1376 923 1522 977 enim
1550 943 1563 978 :
1603 923 1790 978 Oleum
1819 942 1938 994 pec-

355 1013 550 1066 catoris
579 1028 682 1066 non
711 1014 996 1082 impinguet
1025 1021 1180 1081 caput
1212 1030 1382 1066 meum
1413 1013 1479 1067 ".
1511 1012 1781 1070 Convenit
1808 1031 1939 1086 ergo

361 1112 420 1157 ut
447 1104 540 1173 qui
569 1103 968 1174 eleemosynam
991 1111 1177 1173 erogat
1202 1105 1495 1158 Abrahami
1535 1107 1824 1176 prudentia
1867 1108 1940 1161 sit

361 1196 654 1265 praeditus,
697 1209 762 1249 ac
812 1194 1270 1264 quemadmodum
1329 1196 1418 1250 ille
1469 1195 1616 1264 juste
1663 1207 1717 1251 et
1771 1199 1940 1266 probe

359 1291 505 1354 agat.
558 1283 695 1337 Nam
743 1286 834 1353 qui
897 1284 1142 1352 hospites
1200 1284 1610 1354 perhumaniter
1638 1286 1942 1356 excipiebat
2004 1287 2010 1292 ’

361 1372 524 1426 homo
553 1371 761 1441 justus,
794 1387 919 1424 cum
965 1371 1140 1440 epulis
1168 1387 1328 1426 suum
1371 1371 1537 1426 etiam
1573 1371 1816 1424 animum
1849 1376 1942 1424 ex—

362 1461 602 1517 hibebat.
645 1462 806 1518 Stetit
871 1463 1071 1531 quippe
1126 1462 1491 1527 ministrans',
1537 1476 1639 1516 nec
1682 1461 1944 1516 sustinuit

363 1552 596 1608 famulos
626 1553 897 1622 ejusmodi
929 1533 1062 1606 lucri
1089 1568 1274 1607 secum
1302 1561 1588 1609 consortes
1619 1569 1761 1608 esse.
1795 1552 1942 1608 Sane

2027 463 2127 497 ταν
2154 445 2262 498 τῶν
2295 445 2607 499 ἀποστόλων
2665 444 3000 515 μιμήσασθαι
3049 443 3414 514 κατηξιώθης.
3472 444 3620 512 Φησὶ

2030 536 2139 609 γὰρ
2164 537 2367 607 Πέτρος
2395 538 2490 590 καὶ
2505 537 2785 606 Ἰωάννης,
2810 535 2884 598 ὡς
2911 535 3180 602 Χρυσίον
3200 534 3299 586 καὶ
3323 535 3623 602 ἀργύρια·

2033 630 2144 695 οὐχ
2180 627 2435 695 ὑπάρχει
2465 625 2785 696 μοι.’Διπλῆ
2819 627 2914 697 μὲν
2948 628 2980 696 ή
3012 624 3250 694 γλῶττα,
3275 624 3415 678 ἀλλὰ
3455 624 3623 677 novd—

2033 737 2232 792 τροπος
2260 723 2293 790 ή
2321 719 2520 783 πίστις.

2108 835 2193 887 75.
2223 833 2332 888 Καὶ
2359 835 2416 886 ἐν
2435 835 2545 896 τοῖς
2574 831 2858 901 κοσμικαῖς
2871 828 2927 882 δὲ
2961 827 3036 899 μὴ
3061 826 3244 889 ἁπλῶς
3258 825 3432 888 οὕτως
3456 824 3622 892 ἐλεη-

2041 926 2242 997 μοσύνη
2277 924 2527 994 γινέσθω.
2561 923 2699 994 Φησὶ
2729 921 2858 992 γὰρ,
2896 922 2971 982 ὡς
2997 922 3238 974 Ἐλάιον
3260 917 3626 987 ἀμαρτωλοῦ

2032 1015 2120 1084 μὴ
2148 1011 2454 1067 λιπανάτω
2478 1011 2593 1080 τὴν
2618 1009 2892 1080 κεφαλήν
2908 1029 3050 1080 μου.
3082 1009 3355 1079 Προσήκει
3386 1003 3483 1060 οὖν
3527 1007 3627 1058 τὸν

2041 1104 2295 1157 ἐλεοῦντα
2341 1103 2693 1174 Ἀδραμιαῖον
2746 1101 2888 1172 ἔχειν
2949 1102 3009 1154 τὸ
3069 1099 3346 1170 φρόνημα,
3408 1097 3509 1150 καὶ
3547 1097 3630 1156 ὡς

2041 1197 2247 1258 ἐκεῖνος
2275 1194 2336 1246 τὸ
2367 1193 2574 1248 δίκαιον
2622 1193 2844 1257 δικαίως
2879 1193 3156 1263 πράττειν.
3185 1188 3483 1254 Φιλοξενῶν
3512 1189 3631 1258 γὰρ

2041 1293 2069 1343 ὁ
2096 1291 2323 1354 δίκαιος,
2355 1289 2494 1360 μετὰ
2518 1290 2615 1360 τῆς
2647 1288 2830 1352 ἑστίας
2861 1287 2956 1340 καὶ
2983 1286 3080 1356 τὴν
3113 1285 3338 1355 γνώμην
3371 1282 3632 1354 παρέθη-

2043 1400 2158 1436 κεν.
2192 1382 2361 1452 Ἐστη
2427 1380 2556 1452 γὰρ,
2609 1379 2792 1450 φησιν,
2843 1377 3152 1448 ὑπηρετῶν,
3217 1376 3291 1446 μὴ
3340 1373 3638 1445 βουληθεὶς

2042 1475 2170 1536 τοὺς
2222 1471 2437 1535 οἰκέτας
2489 1468 2868 1542 συμμεριστὰς
2909 1466 3002 1520 τοῦ
3049 1467 3272 1540 κέρδους
3338 1466 3633 1535 γενέσθαι.

2059 1563 2295 1635 Ἀληθῶς
2318 1565 2369 1615 οἰ
2401 1561 2631 1615 τοιοῦτοι
2663 1560 2852 1631 μισθὸν
2886 1559 2987 1629 τῆς
3018 1557 3388 1629 ἐλεημοσύνης
3416 1558 3650 1623 ἕξουσιν

367 1647 465 1717 qui
496 1646 764 1716 ejusmodi
816 1654 985 1712 sunt,
1050 1647 1407 1717 eleemosynae
1453 1646 1757 1701 mercedem
1804 1645 1946 1701 reci-

2063 1655 2151 1709 ιᾶν
2216 1656 2274 1708 ἐν
2315 1654 2393 1726 τῷ
2452 1653 2697 1724 δευτέρῳ
2735 1651 2977 1721 τάγματι
3017 1649 3377 1720 τυγχάνωσιν.
3418 1646 3482 1704 Ὀ
3519 1648 3640 1720 γὰρ

365 1739 556 1808 pient,
602 1737 854 1807 quamvis
906 1737 961 1790 in
993 1736 1235 1791 secundo
1273 1735 1464 1792 ordine
1517 1737 1937 1792 constituantur.

362 1826 609 1897 Namque
643 1826 903 1881 Dominus
933 1827 1027 1896 qui
1051 1828 1318 1882 mundum
1348 1829 1570 1896 creavit,
1591 1828 1861 1900 duplicem
1887 1830 1943 1884 in

366 1920 462 1972 illo
482 1919 668 1988 posuit
697 1918 997 1972 incolarum
1022 1918 1291 1973 ordinem.
1320 1919 1458 1975 Aliis
1485 1920 1751 1990 siquidem
1777 1921 1946 1991 probe

365 2010 704 2075 viventibus,
737 2017 960 2080 propter
982 2010 1282 2065 liberorum
1320 2012 1722 2081 susceptionem
1755 2013 1948 2065 matri-

367 2098 613 2152 monium
679 2099 962 2167 injunxit:
1020 2099 1143 2153 aliis
1191 2113 1322 2153 vero
1375 2107 1598 2168 propter
1655 2099 1948 2168 puritatem

367 2193 517 2254 vita,
551 2193 858 2245 castitatem
891 2191 1137 2256 tradidit,
1161 2190 1398 2259 azquales
1435 2191 1558 2245 illos
1587 2190 1797 2260 angelis
1818 2205 1950 2244 con-

369 2284 627 2338 stituens.
660 2281 727 2336 Et
753 2282 863 2338 illis
892 2283 1110 2352 quidem
1139 2283 1311 2352 leges.
1345 2283 1603 2347 ultiones,
1641 2282 1952 2336 doctrinas-

369 2388 478 2443 que
513 2372 663 2427 dedit
695 2393 707 2427 :
742 2373 827 2429 his
858 2388 986 2428 vero
1019 2374 1135 2428 ait:
1191 2372 1325 2428 Mihi
1369 2373 1621 2436 vindicta,
1663 2389 1756 2443 ego
1796 2373 1954 2426 retri-

371 2461 529 2516 buam
555 2502 570 2525 ,
616 2463 744 2516 dicit
780 2462 1038 2517 Dominus
1068 2465 1133 2517 ³⁵.
1177 2463 1292 2518 Illic
1323 2464 1440 2518 ait:
1485 2463 1797 2532 Operaberis
1843 2474 1952 2518 ter--

371 2567 490 2605 ram
519 2552 606 2617 ³⁶;
658 2551 744 2606 hic
778 2553 933 2620 jubet
969 2539 1212 2606 {Nolite
1238 2553 1458 2606 solliciti
1506 2569 1618 2607 esse
1651 2553 1714 2606 de
1765 2553 1956 2606 crasti-

371 2658 441 2696 no
469 2641 536 2697 ³⁷.
591 2642 702 2698 lllis
739 2642 910 2712 legem
959 2641 1143 2710 dedit;
1201 2643 1360 2699 nobis
1411 2659 1507 2713 per
1557 2643 1788 2714 gratiam
1842 2642 1957 2713 ipse

372 2749 560 2790 coram
585 2733 841 2788 mandata
885 2735 1180 2788 intimavit.

445 2847 530 2902 76.
572 2849 717 2902 Crux
759 2857 842 2904 est
879 2848 1038 2904 nobis
1079 2855 1343 2918 tropaeum
1374 2847 1634 2901 victoriae.
1671 2844 1959 2902 Professio

374 2939 575 3008 quippe
602 2931 738 2992 nihil
769 2937 915 2992 aliud
940 2947 1025 2994 est
1050 2954 1216 3008 quam
1262 2938 1537 2991 abdicatio
1592 2938 1735 3001 vitat,
1767 2947 1820 2991 et
1849 2953 1962 2991 me-

2045 1749 2271 1818 Κύριος,
2323 1746 2732 1816 δημιουργήσας
2776 1744 2876 1815 τὴν
2936 1741 3280 1813 οἰκουμένην,
3323 1741 3526 1812 διπλῆν
3568 1742 3637 1791 ἐν

2045 1841 2179 1912 αὐτῇ
2200 1839 2313 1893 τῶν
2341 1840 2642 1911 οἰκητόρων
2665 1837 2818 1890 ἔθετο
2870 1836 2965 1908 τὴν
3000 1835 3174 1900 τάξιν.
3206 1836 3330 1897 Τοῖς
3369 1835 3472 1904 μὲν
3525 1832 3657 1902 γὰρ

2047 1930 2258 2000 σεμνῶς
2291 1929 2463 2001 βιοῦσι
2478 1930 2566 1983 διὰ
2593 1929 2688 2000 τὴν
2710 1928 3052 1981 παιδοποιίαν
3105 1926 3196 1980 τὸν
3239 1925 3418 1996 γάμον
3459 1941 3644 1996 προσ-

2046 2022 2224 2088 έταξε·
2252 2025 2363 2086 τοῖς
2389 2021 2445 2075 δέ
2470 2021 2557 2075 διὰ
2579 2020 2927 2092 καθαρότητα
2960 2019 3074 2089 βίου
3104 2017 3200 2089 τὴν
3217 2017 3446 2086 ἁγνείαν
3467 2033 3648 2088 προσι-

2047 2113 2254 2180 έταξεν,
2293 2113 2610 2181 ίσαγγέλους
2642 2111 2840 2175 αὐτοὺς
2900 2108 3100 2164 ποιῶν·
3133 2108 3228 2162 καὶ
3256 2110 3372 2170 τοῖς
3401 2107 3504 2178 μὲν
3554 2105 3650 2160 νό-

2053 2219 2187 2272 μους
2250 2203 2344 2257 καὶ
2400 2202 2706 2273 ἐκδικήσεις
2763 2202 2858 2255 καὶ
2906 2200 3253 2264 διδασκαλίας
3304 2198 3602 2270 παρέδωκε
3629 2214 3645 2227 .

2049 2294 2262 2358 τούτοις
2280 2295 2339 2348 δέ
2373 2311 2570 2366 φησιν·
2614 2294 2776 2363 Ἐμοὶ
2816 2293 3152 2361 ἐκδίκησις,
3205 2291 3319 2361 ἐγὼ
3373 2293 3660 2344 ἀνταπο-

2051 2387 2244 2450 δώσω,
2284 2383 2445 2454 λέγει
2487 2386 2720 2452 Κύριος.
2766 2385 2911 2438 Ἐκεῖ
2963 2401 3127 2454 φησιν
3151 2400 3166 2414 ·
3201 2381 3460 2451 Ἐργάσῃ
3527 2381 3650 2447 τὴν

2052 2476 2169 2548 γῆν
2191 2495 2204 2508 ·
2235 2477 2330 2529 καὶ
2359 2469 2460 2528 ὧδε
2501 2474 2583 2542 μὴ
2619 2473 2980 2544 μεριμνῆσαι
3024 2472 3135 2541 τῆς
3164 2474 3377 2541 αῦριον
3401 2471 3645 2524 κελεύει.

2068 2570 2327 2632 Ἐκείνοις
2355 2570 2517 2641 νόμον
2547 2568 2747 2621 ἔδωκεν
2765 2584 2776 2596 ·
2813 2568 2946 2638 ἡμῖν
2968 2566 3027 2620 δέ
3056 2565 3144 2619 διὰ
3166 2565 3389 2637 χάριτος
3413 2563 3649 2632 αὐτοψεὶ

2056 2663 2155 2727 τὰς
2190 2660 2410 2724 ἐντολὰς
2441 2661 2757 2732 ἐγνώρισεν.

2139 2865 2219 2920 ιϐ.
2252 2863 2491 2934 Σταυρὸς
2524 2864 2657 2933 ἡμῖν
2687 2860 2801 2912 ἐστι
2847 2858 2910 2912 τὸ
2939 2858 3201 2929 τρόπαιον
3230 2857 3332 2927 τῆς
3358 2857 3538 2926 νίκης.
3570 2855 3648 2908 Τδ

2061 2957 2170 3028 γὰρ
2211 2955 2534 3025 ἐπάγγελμα
2563 2951 2718 3024 ήμῶν
2751 2951 2902 3005 οὐδὲν
2955 2949 3085 3004 ἄλλο
3137 2949 3286 3002 ἐστὶν
3317 2949 3352 3020 ἧ
3382 2950 3640 3018 ἁποταγὴ

374 3031 570 3084 ditatio
595 3032 808 3084 mortis.
836 3029 1306 3096 Quemadmodum
1348 3045 1479 3099 ergo
1528 3029 1728 3083 mortui
1767 3043 1954 3098 corpo-

2065 3049 2201 3120 βίου,
2258 3047 2456 3118 μελέτη
2506 3045 2760 3098 θανάτου.
2810 3043 3022 3114 Ὥσπερ
3078 3037 3170 3095 οὖν
3226 3043 3277 3093 οἱ
3325 3041 3514 3111 νεκροὶ
3544 3042 3650 3093 οὐκ

376 3139 438 3177 re
471 3137 580 3177 non
607 3130 938 3193 operantur;
965 3123 1038 3176 ita
1071 3131 1126 3178 et
1159 3137 1280 3176 nos.
1308 3120 1661 3191 Quaacunqne
1687 3122 1834 3175 enim
1866 3121 1959 3174 illo

375 3213 540 3283 632
556 3213 859 3283 peragenda
875 3220 1052 3279 erant,
1077 3212 1304 3266 iecimus
1319 3227 1441 3265 cum
1458 3227 1704 3268 essemus
1728 3211 1956 3280 parvuli.

379 3304 471 3357 Ait
500 3319 730 3374 namque
761 3305 1054 3374 Apostolus
1085 3323 1097 3358 :
1131 3303 1267 3356 Mihi
1295 3303 1520 3356 mundus
1543 3303 1831 3371 cruciﬁxus
1860 3313 1959 3370 est,

381 3404 431 3448 et
459 3412 549 3465 ego
572 3396 766 3450 mundo
789 3395 852 3448 ³⁸.
879 3397 1075 3450 Anima
1103 3397 1386 3462 vivamus;
1406 3410 1469 3450 ea
1491 3397 1844 3451 ostendamus
1863 3397 1965 3450 vir-

383 3493 528 3539 tutes
555 3505 568 3552 ;
603 3495 780 3541 mente
796 3501 1149 3541 exerceamus
1167 3485 1595 3540 misericordiam
1619 3504 1632 3539 :
1652 3485 1804 3540 Beati
1817 3488 1960 3542 enim

385 3575 748 3630 misericordes
773 3576 954 3629 anima
977 3577 1041 3627 ³⁵.
1060 3575 1125 3630 Εῑ
1151 3576 1606 3647 quemadmodum
1630 3575 1819 3632 eodem
1846 3580 1964 3633 loco

389 3667 559 3732 dicit,
607 3667 754 3737 quod
791 3669 884 3737 qui
923 3668 1386 3738 pulchritudinem
1420 3670 1800 3742 concupierit,
1851 3671 1958 3725 etsi

388 3760 525 3815 nihil
553 3761 793 3816 exterius
851 3768 998 3830 agat,
1031 3771 1312 3831 peccatum
1345 3761 1464 3816 sine
1523 3769 1660 3816 teste
1708 3770 1964 3831 operatus

388 3859 514 3918 est;
557 3851 746 3906 eadem
795 3853 1006 3907 ratione
1040 3853 1128 3907 hic
1162 3852 1228 3908 de
1285 3854 1629 3924 eleemosyna
1656 3868 1836 3908 sermo
1869 3855 1967 3908 ha-

394 3942 578 4007 betur,
608 3943 789 3999 animo
838 3943 1107 3998 actionem
1164 3943 1506 4012 perﬁciente,
1543 3943 1669 3998 licet
1701 3942 1841 3998 desit
1873 3959 1967 4014 pe-

393 4035 573 4099 cunia,
602 4034 810 4104 majore
847 4034 1116 4089 habemur
1142 4033 1370 4090 honore.

466 4146 554 4200 77.
593 4145 1064 4212 Quemadmodum
1123 4149 1271 4202 enim
1331 4146 1426 4217 qui
1485 4149 1541 4202 in
1591 4147 1791 4203 saeculo
1838 4155 1968 4202 sunt

393 4239 512 4294 heri
553 4242 704 4294 varia
736 4240 990 4296 obtinent
1046 4255 1335 4296 servorum
1385 4240 1711 4304 ministeria,
1747 4249 1801 4294 et
1832 4241 1970 4296 alios

395 4329 615 4400 quidem
643 4331 698 4384 in
728 4345 918 4399 agrum
959 4331 1205 4396 mittunt,
1242 4330 1308 4384 ad
1364 4330 1592 4385 colenda
1625 4330 1849 4400 praedia,
1873 4347 1968 4400 ge-

2063 3137 2345 3210 ἐνεργοῦσι
2361 3138 2438 3209 τῷ
2465 3136 2699 3206 σώματι,
2729 3133 2872 3188 οὕτω
2900 3135 2996 3187 καὶ
3023 3135 3208 3204 ἡμεῖς.
3253 3129 3400 3186 Ὅσα
3433 3133 3544 3202 γὰρ
3576 3127 3643 3200 ἦν

2061 3233 2128 3285 δι’
2158 3230 2321 3284 αὐτοῦ
2349 3229 2677 3305 ἐπιτελέσαι,
2719 3226 3099 3296 πεποιήκαμεν
3143 3224 3233 3276 ὅτε
3264 3217 3410 3293 ἦμεν
3439 3224 3641 3292 νήπιοι.

2062 3324 2199 3394 Φησὶ
2227 3321 2336 3391 γὰρ
2363 3323 2392 3374 ὁ
2428 3319 2769 3382 Ἀπόστολος,
2832 3317 2908 3380 ὼς
2956 3315 3114 3385 Ἐμοὶ
3158 3315 3389 3382 κόσμος
3426 3313 3646 3366 ἐσταύ-

2055 3433 2258 3485 ρωται,
2281 3413 2442 3484 κάγὼ
2474 3412 2553 3478 τῷ
2586 3413 2808 3481 κόσμῳ.
2835 3410 2912 3480 Τῇ
2941 3409 3086 3480 ψυχῇ
3127 3407 3344 3478 ζῶμεν*
3375 3405 3516 3476 αὐτῇ
3547 3405 3647 3468 τὰς

2065 3507 2266 3580 ἀρετὰς
2283 3505 2638 3574 ἐπιδείξωμεν
2657 3520 2670 3534 '
2707 3502 2849 3557 κατὰ
2880 3501 3120 3555 διάνοιαν
3153 3500 3468 3571 ἐλεήσωμεν
3490 3516 3504 3528 ·
3520 3500 3648 3550 Ma-

2066 3603 2256 3668 κάριοι
2277 3598 2387 3670 γὰρ
2417 3599 2466 3651 οἱ
2493 3597 2818 3665 ἐλεήμονες
2845 3597 2912 3665 τῇ
2940 3593 3108 3664 ψυχῇ.
3143 3593 3356 3663 Ὠσπερ
3384 3591 3496 3661 γὰρ
3535 3592 3649 3642 ἐκεῖ

2065 3691 2231 3760 λέγει,
2262 3691 2344 3743 ὅτι
2376 3692 2405 3743 ὁ
2427 3687 2770 3758 ἐπιθυμήσας
2797 3685 3044 3750 κάλλους,
3085 3685 3181 3738 καί
3210 3684 3334 3753 δίχα
3360 3682 3465 3750 τῆς
3502 3683 3646 3751 πρά-

2067 3784 2224 3849 ξεως,
2274 3783 2590 3853 ἀμάρτυρον
2622 3769 2742 3850 τὴν
2776 3778 3048 3849 ἁμαρτίαν
3102 3777 3421 3849 εἰργάσατο·
3477 3776 3658 3837 οὓτως

2067 3871 2302 3926 ἐνταῦθα
2325 3875 2358 3944 ἡ
2383 3871 2721 3944 ἐλεημοσύνη
2750 3872 2989 3941 εἴρηται,
3010 3870 3109 3940 τῆς
3136 3868 3364 3938 γνώμης
3377 3867 3478 3939 τὴν
3510 3870 3654 3938 πρᾶ-

2069 3967 2151 4030 ξιν
2183 3964 2467 4030 τελούσης,
2503 3963 2607 4017 κᾶν
2642 3963 2704 4016 τὸ
2751 3961 3014 4033 ἀργύριον
3046 3960 3261 4026 ἄπεστι,
3313 3963 3384 4031 τῇ
3443 3958 3658 4029 μείζονι·

2068 4056 2196 4124 ἀξίᾳ
2213 4056 2408 4126 τετιμή
2419 4055 2580 4125 μεθα.

2142 4166 2231 4222 77.
2262 4165 2474 4236 ’Ὠσπερ
2505 4164 2614 4236 γὰρ
2646 4167 2694 4218 οἱ
2727 4164 2872 4218 κατὰ
2897 4163 2990 4218 τὸν
3019 4163 3222 4234 κόσμον
3255 4162 3517 4216 δεσπόται
3532 4163 3650 4217 δια-

2071 4259 2272 4330 φόρους
2300 4257 2529 4310 οἰκετῶν
2557 4257 2863 4327 ὑπηρεσίας
2893 4255 3216 4326 κέκτηνται·
3259 4255 3353 4308 καὶ
3385 4255 3516 4318 τοὺς
3556 4255 3650 4325 μὲν

2073 4352 2132 4402 ἐν
2162 4353 2278 4412 τοῖς
2299 4348 2518 4420 χωρίοις
2543 4349 2914 4418 ἐκπέμπουσι,
2942 4347 3078 4418 πρὸς
3097 4347 3158 4400 τὸ
3177 4346 3276 4410 τὰς
3299 4347 3465 4414 γαίας
3488 4348 3648 4416 ἐργά-

396 4421 653 4490 uerisque
685 4423 1018 4491 propagandi
1049 4437 1253 4489 causa;
1281 4437 1471 4477 eorum
1506 4429 1689 4476 autem
1727 4421 1891 4488 ﬁlios,
1915 4423 1954 4478 si

2072 4437 2278 4502 ζεσθαι,
2315 4436 2410 4489 καὶ
2430 4436 2531 4506 τὴν
2553 4436 2648 4489 τοῦ
2682 4437 2873 4505 γένους
2895 4436 3141 4506 διαδοχὴν
3175 4436 3464 4504 φυλάττειν
3482 4455 3498 4467 ·
3530 4437 3648 4498 τοὺς

395 4514 782 4584 conSpexerint
845 4515 1044 4583 probos
1108 4516 1493 4586 elegantesque
1540 4530 1696 4580 esse,
1742 4515 1966 4570 domum

397 4603 740 4658 transferunt
790 4604 894 4658 sibi
934 4605 1379 4670 ministraturos;
1429 4607 1506 4659 ita
1535 4620 1753 4676 quoque
1781 4605 1968 4661 Domi-

397 4711 503 4750 nus
527 4711 622 4751 eos
645 4695 863 4765 quidem
895 4695 987 4764 qui
1039 4696 1350 4751 venerabile
1384 4697 1795 4750 matrimonium
1831 4697 1968 4752 inie-

397 4795 548 4852 runt,
583 4787 638 4841 in
666 4803 797 4858 agro
827 4786 1015 4840 mundi
1066 4789 1341 4856 reposuit;
1388 4803 1577 4843 eorum
1621 4797 1800 4843 autem
1831 4804 1971 4858 prte-

399 4876 694 4931 stantiores
722 4877 882 4942 ﬁlios,
911 4880 1179 4946 quotqhot
1209 4876 1443 4929 maxime
1475 4875 1704 4945 probum
1733 4876 1969 4945 amplexi

400 4976 532 5021 sunt
573 4969 946 5038 propositum,
1009 4971 1112 5026 sibi
1163 4971 1231 5025 ad
1276 4970 1648 5027 ministerium
1703 4971 1966 5025 admovit.

399 5059 496 5114 Isti
522 5059 592 5113 ab
615 5063 887 5118 universis
919 5063 1153 5118 terrenis
1183 5063 1418 5132 negotiis
1452 5070 1581 5117 sunt
1605 5061 1790 5126 alieni,
1831 5076 1972 5130 quo-

399 5150 548 5204 niam
579 5151 860 5208 Dominica
890 5169 1078 5209 mensa
1127 5153 1333 5223 dignati
1361 5160 1512 5208 sunt.
1544 5151 1655 5208 Nec
1704 5152 1772 5208 de
1803 5151 1968 5207 vesti-

402 5251 586 5297 mento
636 5244 855 5302 solliciti
913 5255 1075 5314 sunt,
1137 5244 1420 5301 Christum
1479 5259 1716 5316 namque
1785 5242 1974 5298 indue-

403 5343 554 5393 runt.

481 5563 522 5593 ³¹
560 5560 751 5616 Matth.
783 5581 906 5625 xix,
941 5565 1030 5618 27.
1109 5566 1152 5597 ³³
1193 5565 1311 5620 Act.
1348 5579 1433 5626 Ill,
1467 5563 1521 5617 6.
1599 5562 1642 5593 ³⁸
1681 5561 1824 5616 Psal.
1861 5576 1954 5616 cm

2063 5562 2084 5613 ι.
2174 5562 2216 5593 ³⁵
2257 5557 2412 5617 Rom.
2447 5575 2558 5625 xu,
2600 5559 2682 5614 l9.

409 5645 494 5695 Vt,
530 5631 618 5684 5L
694 5631 737 5664 ³⁸
777 5632 951 5688 Galat.
991 5651 1072 5701 vt,
1114 5635 1198 5689 M.
1277 5637 1317 5668 ⁸³
1360 5635 1546 5689 Matth.
1588 5649 1639 5698 v,
1681 5633 1727 5686 7.

2072 4528 2149 4589 δὲ,
2168 4527 2261 4580 ἐὰν
2289 4529 2549 4591 ἐπιεικεῖς
2569 4527 2664 4580 καὶ
2685 4527 3030 4598 περικαλλεῖς
3049 4526 3109 4591 ἐξ
3134 4526 3651 4598 αὐτῶνξγενομένους

2074 4620 2391 4682 θεάσωνται,
2413 4621 2471 4673 ἐν
2508 4623 2622 4684 τοῖς
2651 4619 2799 4685 ἰδίοις
2825 4619 2994 4682 οἴκοις
3049 4618 3345 4688 μεθιστῶσι
3385 4620 3526 4690 πρὸς
3555 4620 3658 4689 τὴν

2077 4713 2282 4766 ἑαυτῶν
2330 4713 2634 4784 ὑπηρεσίαν
2657 4731 2668 4742 ·
2713 4711 2890 4776 οὕτως
2925 4713 3021 4765 καὶ
3051 4711 3082 4763 ὁ
3114 4710 3319 4784 Κύριος
3371 4713 3503 4774 τοὺς
3556 4711 3650 4781 μὲν

2075 4807 2164 4860 τὸν
2197 4807 2392 4877 σεμνὸν
2434 4805 2612 4877 γάμον
2663 4805 2970 4875 ἑλομένους,
2995 4805 3052 4858 ἐν
3077 4802 3157 4873 τῷ
3186 4803 3281 4856 τοῦ
3313 4804 3524 4872 κόσμου
3550 4822 3650 4872 χω-

2079 4897 2178 4968 ρίῳ
2203 4895 2384 4949 ἑθετο·
2411 4897 2538 4959 τοὺς
2577 4895 2634 4948 δέ
2667 4894 2871 4948 τούτων
2906 4893 3201 4964 βελτίονας,
3257 4894 3373 4946 ὅσοι
3420 4894 3650 4961 μάλιστα

2073 4987 2252 5054 δεξιᾶς
2271 4988 2598 5058 τετυχήκασι
2640 4986 3036 5058 προαιρέσεως,
3079 4984 3258 5055 ἐαυτῷ
3311 4986 3658 5057 παρέστησεν

2076 5079 2154 5142 εἰς
2178 5078 2536 5147 λειτουργίαν.
2568 5071 2732 5133 Οὗτοι
2755 5077 2974 5132 πάντων
2997 5076 3107 5130 τῶν
3150 5077 3360 5149 γηΐνων
3391 5078 3648 5148 πραγμά-

2077 5188 2184 5224 των
2209 5171 2564 5240 τυγχάνουσιν
2591 5170 2882 5242 ἀλλότριοι·
2909 5169 3009 5239 τῆς
3040 5167 3148 5238 γὰρ
3176 5170 3520 5241 Δεσποτικῆς
3536 5187 3651 5240 τρα-

2080 5259 2251 5331 πέζης
2285 5260 2560 5331 ἠξίωνται.
2623 5259 2702 5314 Οὐ
2760 5259 3060 5332 μεριμνῶσι
3111 5260 3242 5330 περὶ
3299 5259 3644 5329 ἀμφιάσεως³

2078 5351 2310 5421 Χριστὸν
2338 5351 2446 5423 γὰρ
2471 5350 2796 5407 ἐνδέδυνται.

2777 5558 2818 5590 ³⁸
2857 5557 3052 5614 Genes.
3092 5570 3177 5620 tu,
3211 5553 3306 5612 9.5.
3390 5556 3431 5588 ³⁷
3475 5553 3650 5611 Matth.
