  <div class='ocr_page' id='page_1' title='image "/cluster/home/n/w/nwhite01/storage/ocr_20150623/28/nnc1.0046978690/860.png"; bbox 0 0 3880 6200; ppageno 0'>
   <div class='ocr_carea' id='block_1_1' title="bbox 140 255 286 312">
    <p class='ocr_par' dir='ltr' id='par_1_1' title="bbox 140 255 286 312">
     <span class='ocr_line' id='line_1_1' title="bbox 140 255 286 312; baseline 0.014 -4"><span class='ocrx_word' id='word_1_1' title='bbox 140 255 286 312; x_wconf 72' lang='grc'><strong>1535</strong></span> 
     </span>
    </p>
   </div>
   <div class='ocr_carea' id='block_1_2' title="bbox 1237 260 2262 318">
    <p class='ocr_par' dir='ltr' id='par_1_2' title="bbox 1237 260 2262 318">
     <span class='ocr_line' id='line_1_2' title="bbox 1237 260 2262 318; baseline 0.003 -4"><span class='ocrx_word' id='word_1_2' title='bbox 1237 261 1402 316; x_wconf 73' lang='grc' dir='ltr'><strong>ἯΤΑ</strong></span> <span class='ocrx_word' id='word_1_3' title='bbox 1443 260 1741 318; x_wconf 66' lang='grc' dir='ltr'><strong>ΒΑΝΟΤλιΕ</strong></span> <span class='ocrx_word' id='word_1_4' title='bbox 1784 260 2262 317; x_wconf 74' lang='lat' dir='ltr'><strong>SYNCLETICAS.</strong></span> 
     </span>
    </p>
   </div>
   <div class='ocr_carea' id='block_1_3' title="bbox 3249 265 3386 320">
    <p class='ocr_par' dir='ltr' id='par_1_3' title="bbox 3249 265 3386 320">
     <span class='ocr_line' id='line_1_3' title="bbox 3249 265 3386 320; baseline 0.022 -3"><span class='ocrx_word' id='word_1_5' title='bbox 3249 265 3386 320; x_wconf 71' lang='lat'><strong>1554</strong></span> 
     </span>
    </p>
   </div>
   <div class='ocr_carea' id='block_1_4' title="bbox 215 366 1709 451">
    <p class='ocr_par' dir='ltr' id='par_1_4' title="bbox 215 366 1709 449">
     <span class='ocr_line' id='line_1_4' title="bbox 215 366 1709 449; baseline 0.007 -26"><span class='ocrx_word' id='word_1_6' title='bbox 215 369 304 425; x_wconf 88' lang='lat'><strong>78.</strong></span> <span class='ocrx_word' id='word_1_7' title='bbox 343 371 463 424; x_wconf 87' lang='grc' dir='ltr'><strong>Τῶν</strong></span> <span class='ocrx_word' id='word_1_8' title='bbox 493 366 587 426; x_wconf 81' lang='grc' dir='ltr'><strong>οῦν</strong></span> <span class='ocrx_word' id='word_1_9' title='bbox 614 374 938 447; x_wconf 82' lang='grc' dir='ltr'><strong>ἀμφοτέρων</strong></span> <span class='ocrx_word' id='word_1_10' title='bbox 968 379 1262 449; x_wconf 79' lang='grc' dir='ltr'>ταγμάτων</span> <span class='ocrx_word' id='word_1_11' title='bbox 1285 378 1364 446; x_wconf 78' lang='grc' dir='ltr'>εἷς</span> <span class='ocrx_word' id='word_1_12' title='bbox 1390 383 1504 435; x_wconf 72' lang='grc' dir='ltr'>ἐστι</span> <span class='ocrx_word' id='word_1_13' title='bbox 1529 381 1709 434; x_wconf 89' lang='grc' dir='ltr'>δεσπό-</span> 
     </span>
    </p>
   </div>
   <div class='ocr_carea' id='block_1_5' title="bbox 1814 366 3386 451">
    <p class='ocr_par' dir='ltr' id='par_1_5' title="bbox 1893 381 3386 451">
     <span class='ocr_line' id='line_1_5' title="bbox 1893 381 3386 451; baseline 0.004 -17"><span class='ocrx_word' id='word_1_14' title='bbox 1893 382 1981 436; x_wconf 85' lang='grc'><strong>78.</strong></span> <span class='ocrx_word' id='word_1_15' title='bbox 2028 381 2324 451; x_wconf 88' lang='lat' dir='ltr'><strong>Utriusque</strong></span> <span class='ocrx_word' id='word_1_16' title='bbox 2357 390 2611 436; x_wconf 64' lang='lat' dir='ltr'><strong>caeterum</strong></span> <span class='ocrx_word' id='word_1_17' title='bbox 2641 382 2849 437; x_wconf 86' lang='lat' dir='ltr'><strong>ordinis</strong></span> <span class='ocrx_word' id='word_1_18' title='bbox 2879 399 3022 438; x_wconf 91' lang='lat' dir='ltr'><strong>unus</strong></span> <span class='ocrx_word' id='word_1_19' title='bbox 3071 393 3156 438; x_wconf 83' lang='lat' dir='ltr'><strong>est</strong></span> <span class='ocrx_word' id='word_1_20' title='bbox 3204 386 3386 440; x_wconf 84' lang='lat' dir='ltr'><strong>Domi-</strong></span> 
     </span>
    </p>
   </div>
   <div class='ocr_carea' id='block_1_6' title="bbox 137 461 1715 535">
    <p class='ocr_par' dir='ltr' id='par_1_6' title="bbox 137 461 1715 535">
     <span class='ocr_line' id='line_1_6' title="bbox 137 461 1715 535; baseline 0.008 -24"><span class='ocrx_word' id='word_1_21' title='bbox 137 476 241 530; x_wconf 88' lang='grc' dir='ltr'><strong>της</strong></span> <span class='ocrx_word' id='word_1_22' title='bbox 262 461 292 512; x_wconf 83' lang='grc' dir='ltr'><strong>ό</strong></span> <span class='ocrx_word' id='word_1_23' title='bbox 313 461 536 532; x_wconf 84' lang='grc' dir='ltr'>Κύριος.</span> <span class='ocrx_word' id='word_1_24' title='bbox 566 463 773 534; x_wconf 86' lang='grc' dir='ltr'>’Ὠσπερ</span> <span class='ocrx_word' id='word_1_25' title='bbox 806 465 915 535; x_wconf 81' lang='grc' dir='ltr'>γὰρ</span> <span class='ocrx_word' id='word_1_26' title='bbox 958 469 1028 520; x_wconf 83' lang='grc' dir='ltr'>ὲκ</span> <span class='ocrx_word' id='word_1_27' title='bbox 1051 468 1144 520; x_wconf 84' lang='grc' dir='ltr'><strong>τοῦ</strong></span> <span class='ocrx_word' id='word_1_28' title='bbox 1185 469 1348 522; x_wconf 81' lang='grc' dir='ltr'>αὑτοῦ</span> <span class='ocrx_word' id='word_1_29' title='bbox 1407 471 1553 523; x_wconf 91' lang='grc' dir='ltr'>σίτου</span> <span class='ocrx_word' id='word_1_30' title='bbox 1599 472 1715 522; x_wconf 74' lang='grc' dir='ltr'>ἐστὶ</span> 
     </span>
    </p>
   </div>
   <div class='ocr_carea' id='block_1_7' title="bbox 138 551 1712 628">
    <p class='ocr_par' dir='ltr' id='par_1_7' title="bbox 138 551 1712 628">
     <span class='ocr_line' id='line_1_7' title="bbox 138 551 1712 628; baseline 0.008 -25"><span class='ocrx_word' id='word_1_31' title='bbox 138 553 234 604; x_wconf 78' lang='grc' dir='ltr'><strong>καὶ</strong></span> <span class='ocrx_word' id='word_1_32' title='bbox 283 551 345 604; x_wconf 86' lang='grc' dir='ltr'><strong>τὸ</strong></span> <span class='ocrx_word' id='word_1_33' title='bbox 378 551 580 625; x_wconf 81' lang='grc' dir='ltr'>ἄχυρον</span> <span class='ocrx_word' id='word_1_34' title='bbox 613 557 706 607; x_wconf 75' lang='grc' dir='ltr'><strong>καὶ</strong></span> <span class='ocrx_word' id='word_1_35' title='bbox 734 557 792 608; x_wconf 87' lang='grc' dir='ltr'>τὸ</span> <span class='ocrx_word' id='word_1_36' title='bbox 844 558 1084 628; x_wconf 81' lang='grc' dir='ltr'>σπέρμα,</span> <span class='ocrx_word' id='word_1_37' title='bbox 1136 559 1305 624; x_wconf 83' lang='grc' dir='ltr'>οὓτως</span> <span class='ocrx_word' id='word_1_38' title='bbox 1333 564 1398 615; x_wconf 84' lang='grc' dir='ltr'><strong>ἐκ</strong></span> <span class='ocrx_word' id='word_1_39' title='bbox 1427 561 1521 614; x_wconf 90' lang='grc' dir='ltr'><strong>τοῦ</strong></span> <span class='ocrx_word' id='word_1_40' title='bbox 1549 561 1712 614; x_wconf 80' lang='grc' dir='ltr'>αὑτοῦ</span> 
     </span>
    </p>
   </div>
   <div class='ocr_carea' id='block_1_8' title="bbox 136 642 1712 730">
    <p class='ocr_par' dir='ltr' id='par_1_8' title="bbox 136 642 1712 730">
     <span class='ocr_line' id='line_1_8' title="bbox 136 642 1712 730; baseline 0.008 -36"><span class='ocrx_word' id='word_1_41' title='bbox 136 642 274 695; x_wconf 83' lang='grc' dir='ltr'>Θεοῦ</span> <span class='ocrx_word' id='word_1_42' title='bbox 302 645 518 697; x_wconf 75' lang='grc' dir='ltr'>είσικαὶ</span> <span class='ocrx_word' id='word_1_43' title='bbox 544 646 593 697; x_wconf 90' lang='grc' dir='ltr'>οἱ</span> <span class='ocrx_word' id='word_1_44' title='bbox 619 646 760 699; x_wconf 85' lang='grc' dir='ltr'><strong>κατά</strong></span> <span class='ocrx_word' id='word_1_45' title='bbox 791 648 882 700; x_wconf 82' lang='grc' dir='ltr'><strong>τὸν</strong></span> <span class='ocrx_word' id='word_1_46' title='bbox 921 650 1125 719; x_wconf 83' lang='grc' dir='ltr'><strong>κόσμον</strong></span> <span class='ocrx_word' id='word_1_47' title='bbox 1174 652 1390 730; x_wconf 65' lang='grc' dir='ltr'>σεμνῶς</span> <span class='ocrx_word' id='word_1_48' title='bbox 1449 652 1712 722; x_wconf 83' lang='grc' dir='ltr'><strong>βιοῦντες,</strong></span> 
     </span>
    </p>
   </div>
   <div class='ocr_carea' id='block_1_9' title="bbox 137 725 1713 810">
    <p class='ocr_par' dir='ltr' id='par_1_9' title="bbox 137 725 1713 810">
     <span class='ocr_line' id='line_1_9' title="bbox 137 725 1713 810; baseline 0.008 -28"><span class='ocrx_word' id='word_1_49' title='bbox 137 725 311 783; x_wconf 76' lang='grc' dir='ltr'>καὶόί</span> <span class='ocrx_word' id='word_1_50' title='bbox 340 732 431 786; x_wconf 83' lang='grc' dir='ltr'><strong>τὸν</strong></span> <span class='ocrx_word' id='word_1_51' title='bbox 464 736 1111 810; x_wconf 62' lang='grc' dir='ltr'>μονήρηὲπανῃρημένοε</span> <span class='ocrx_word' id='word_1_52' title='bbox 1140 725 1270 809; x_wconf 77' lang='grc' dir='ltr'>βίον.</span> <span class='ocrx_word' id='word_1_53' title='bbox 1307 742 1415 794; x_wconf 74' lang='grc' dir='ltr'>Καὶ</span> <span class='ocrx_word' id='word_1_54' title='bbox 1448 742 1578 810; x_wconf 91' lang='grc' dir='ltr'>γοῦν</span> <span class='ocrx_word' id='word_1_55' title='bbox 1605 742 1713 794; x_wconf 87' lang='grc' dir='ltr'><strong>τῶν</strong></span> 
     </span>
    </p>
   </div>
   <div class='ocr_carea' id='block_1_10' title="bbox 136 822 1712 903">
    <p class='ocr_par' dir='ltr' id='par_1_10' title="bbox 136 822 1712 903">
     <span class='ocr_line' id='line_1_10' title="bbox 136 822 1712 903; baseline 0.008 -30"><span class='ocrx_word' id='word_1_56' title='bbox 136 822 466 891; x_wconf 78' lang='grc' dir='ltr'><strong>ἀμφοτέρων</strong></span> <span class='ocrx_word' id='word_1_57' title='bbox 486 825 642 897; x_wconf 83' lang='grc' dir='ltr'>χρεία</span> <span class='ocrx_word' id='word_1_58' title='bbox 667 826 780 878; x_wconf 83' lang='grc' dir='ltr'>ὲστί</span> <span class='ocrx_word' id='word_1_59' title='bbox 800 843 813 855; x_wconf 73' lang='grc' dir='ltr'><strong>ο</strong></span> <span class='ocrx_word' id='word_1_60' title='bbox 837 827 945 880; x_wconf 90' lang='grc' dir='ltr'><strong>τῶν</strong></span> <span class='ocrx_word' id='word_1_61' title='bbox 977 830 1078 898; x_wconf 81' lang='grc' dir='ltr'><strong>μὲν</strong></span> <span class='ocrx_word' id='word_1_62' title='bbox 1118 830 1330 898; x_wconf 78' lang='grc' dir='ltr'>φύλλων</span> <span class='ocrx_word' id='word_1_63' title='bbox 1361 833 1495 903; x_wconf 81' lang='grc' dir='ltr'>πρὸς</span> <span class='ocrx_word' id='word_1_64' title='bbox 1525 834 1712 903; x_wconf 79' lang='grc' dir='ltr'>χρείαν</span> 
     </span>
    </p>
   </div>
   <div class='ocr_carea' id='block_1_11' title="bbox 136 913 1714 994">
    <p class='ocr_par' dir='ltr' id='par_1_11' title="bbox 136 913 1714 994">
     <span class='ocr_line' id='line_1_11' title="bbox 136 913 1714 994; baseline 0.009 -30"><span class='ocrx_word' id='word_1_65' title='bbox 136 913 235 965; x_wconf 74' lang='grc' dir='ltr'><strong>καὶ</strong></span> <span class='ocrx_word' id='word_1_66' title='bbox 278 913 524 986; x_wconf 80' lang='grc' dir='ltr'>φυλακὴν</span> <span class='ocrx_word' id='word_1_67' title='bbox 559 916 653 969; x_wconf 88' lang='grc' dir='ltr'><strong>τοῦ</strong></span> <span class='ocrx_word' id='word_1_68' title='bbox 710 918 1022 989; x_wconf 85' lang='grc' dir='ltr'>σπέρματος</span> <span class='ocrx_word' id='word_1_69' title='bbox 1041 961 1055 984; x_wconf 92' lang='grc'><strong>,</strong></span> <span class='ocrx_word' id='word_1_70' title='bbox 1086 921 1179 973; x_wconf 87' lang='grc' dir='ltr'><strong>τοῦ</strong></span> <span class='ocrx_word' id='word_1_71' title='bbox 1203 922 1259 974; x_wconf 83' lang='grc' dir='ltr'>δὲ</span> <span class='ocrx_word' id='word_1_72' title='bbox 1287 925 1497 994; x_wconf 81' lang='grc' dir='ltr'>καρποῦ</span> <span class='ocrx_word' id='word_1_73' title='bbox 1547 926 1714 992; x_wconf 86' lang='grc' dir='ltr'>ἀναγ-</span> 
     </span>
    </p>
   </div>
   <div class='ocr_carea' id='block_1_12' title="bbox 138 1004 1708 1083">
    <p class='ocr_par' dir='ltr' id='par_1_12' title="bbox 138 1004 1708 1083">
     <span class='ocr_line' id='line_1_12' title="bbox 138 1004 1708 1083; baseline 0.007 -27"><span class='ocrx_word' id='word_1_74' title='bbox 138 1004 271 1056; x_wconf 88' lang='grc' dir='ltr'>καία</span> <span class='ocrx_word' id='word_1_75' title='bbox 320 1005 354 1075; x_wconf 80' lang='grc' dir='ltr'>ἡ</span> <span class='ocrx_word' id='word_1_76' title='bbox 397 1006 589 1075; x_wconf 81' lang='grc' dir='ltr'>κτῆσις</span> <span class='ocrx_word' id='word_1_77' title='bbox 618 1024 630 1036; x_wconf 75' lang='grc' dir='ltr'><strong>ο</strong></span> <span class='ocrx_word' id='word_1_78' title='bbox 678 1008 890 1076; x_wconf 87' lang='grc' dir='ltr'>γένεσις</span> <span class='ocrx_word' id='word_1_79' title='bbox 935 1008 1044 1080; x_wconf 87' lang='grc' dir='ltr'>γὰρ</span> <span class='ocrx_word' id='word_1_80' title='bbox 1069 1010 1162 1062; x_wconf 86' lang='grc' dir='ltr'><strong>τοῦ</strong></span> <span class='ocrx_word' id='word_1_81' title='bbox 1197 1013 1397 1075; x_wconf 90' lang='grc' dir='ltr'>παντὸς</span> <span class='ocrx_word' id='word_1_82' title='bbox 1434 1013 1708 1083; x_wconf 79' lang='grc' dir='ltr'><strong>τυγχάνει.</strong></span> 
     </span>
    </p>
   </div>
   <div class='ocr_carea' id='block_1_13' title="bbox 137 1095 1712 1175">
    <p class='ocr_par' dir='ltr' id='par_1_13' title="bbox 137 1095 1712 1175">
     <span class='ocr_line' id='line_1_13' title="bbox 137 1095 1712 1175; baseline 0.008 -29"><span class='ocrx_word' id='word_1_83' title='bbox 137 1095 356 1166; x_wconf 85' lang='grc' dir='ltr'>’Ὠσπερ</span> <span class='ocrx_word' id='word_1_84' title='bbox 393 1095 503 1167; x_wconf 87' lang='grc' dir='ltr'>γὰρ</span> <span class='ocrx_word' id='word_1_85' title='bbox 537 1097 636 1151; x_wconf 89' lang='grc' dir='ltr'><strong>οὐκ</strong></span> <span class='ocrx_word' id='word_1_86' title='bbox 677 1101 913 1170; x_wconf 82' lang='grc' dir='ltr'>ἐγχωρεῖ</span> <span class='ocrx_word' id='word_1_87' title='bbox 963 1101 1106 1154; x_wconf 80' lang='grc' dir='ltr'>κατὰ</span> <span class='ocrx_word' id='word_1_88' title='bbox 1153 1103 1320 1156; x_wconf 85' lang='grc' dir='ltr'>ταυτὸ</span> <span class='ocrx_word' id='word_1_89' title='bbox 1354 1105 1448 1156; x_wconf 76' lang='grc' dir='ltr'><strong>καὶ</strong></span> <span class='ocrx_word' id='word_1_90' title='bbox 1485 1104 1712 1175; x_wconf 83' lang='grc' dir='ltr'>βοτάνην</span> 
     </span>
    </p>
   </div>
   <div class='ocr_carea' id='block_1_14' title="bbox 135 1178 1711 1265">
    <p class='ocr_par' dir='ltr' id='par_1_14' title="bbox 135 1178 1711 1265">
     <span class='ocr_line' id='line_1_14' title="bbox 135 1178 1711 1265; baseline 0.007 -29"><span class='ocrx_word' id='word_1_91' title='bbox 135 1178 281 1238; x_wconf 78' lang='grc' dir='ltr'>εῖναι</span> <span class='ocrx_word' id='word_1_92' title='bbox 309 1185 402 1237; x_wconf 83' lang='grc' dir='ltr'><strong>καὶ</strong></span> <span class='ocrx_word' id='word_1_93' title='bbox 429 1186 672 1257; x_wconf 89' lang='grc' dir='ltr'>σπέρμα,</span> <span class='ocrx_word' id='word_1_94' title='bbox 690 1187 860 1252; x_wconf 80' lang='grc' dir='ltr'>οὕτως</span> <span class='ocrx_word' id='word_1_95' title='bbox 889 1189 1166 1256; x_wconf 88' lang='grc' dir='ltr'>ἀδύνατον,</span> <span class='ocrx_word' id='word_1_96' title='bbox 1190 1193 1289 1262; x_wconf 82' lang='grc' dir='ltr'><strong>τῆς</strong></span> <span class='ocrx_word' id='word_1_97' title='bbox 1318 1197 1587 1265; x_wconf 77' lang='grc' dir='ltr'><strong>κοσμικῆς</strong></span> <span class='ocrx_word' id='word_1_98' title='bbox 1629 1195 1711 1247; x_wconf 74' lang='lat'><strong>66—</strong></span> 
     </span>
    </p>
   </div>
   <div class='ocr_carea' id='block_1_15' title="bbox 137 1274 1708 1356">
    <p class='ocr_par' dir='ltr' id='par_1_15' title="bbox 137 1274 1708 1356">
     <span class='ocr_line' id='line_1_15' title="bbox 137 1274 1708 1356; baseline 0.005 -26"><span class='ocrx_word' id='word_1_99' title='bbox 137 1274 238 1348; x_wconf 81' lang='grc' dir='ltr'><strong>ξης</strong></span> <span class='ocrx_word' id='word_1_100' title='bbox 265 1278 396 1348; x_wconf 79' lang='grc' dir='ltr'>ἡμῖν</span> <span class='ocrx_word' id='word_1_101' title='bbox 430 1280 844 1352; x_wconf 85' lang='grc' dir='ltr'>περικειμένης,</span> <span class='ocrx_word' id='word_1_102' title='bbox 901 1281 1114 1353; x_wconf 83' lang='grc' dir='ltr'>καρπὸν</span> <span class='ocrx_word' id='word_1_103' title='bbox 1164 1284 1412 1356; x_wconf 84' lang='grc' dir='ltr'>οὐράνιον</span> <span class='ocrx_word' id='word_1_104' title='bbox 1466 1286 1708 1356; x_wconf 84' lang='grc' dir='ltr'>ποιῆσαι.</span> 
     </span>
    </p>
   </div>
   <div class='ocr_carea' id='block_1_16' title="bbox 134 1367 1709 1448">
    <p class='ocr_par' dir='ltr' id='par_1_16' title="bbox 134 1367 1709 1448">
     <span class='ocr_line' id='line_1_16' title="bbox 134 1367 1709 1448; baseline 0.005 -27"><span class='ocrx_word' id='word_1_105' title='bbox 134 1367 259 1422; x_wconf 84' lang='grc' dir='ltr'><strong>Τῶν</strong></span> <span class='ocrx_word' id='word_1_106' title='bbox 287 1369 344 1422; x_wconf 84' lang='grc' dir='ltr'>δὲ</span> <span class='ocrx_word' id='word_1_107' title='bbox 380 1369 594 1439; x_wconf 81' lang='grc' dir='ltr'>φύλλων</span> <span class='ocrx_word' id='word_1_108' title='bbox 621 1372 1029 1443; x_wconf 77' lang='grc' dir='ltr'>ἀπορρυέντων,</span> <span class='ocrx_word' id='word_1_109' title='bbox 1055 1375 1151 1429; x_wconf 75' lang='grc' dir='ltr'><strong>καὶ</strong></span> <span class='ocrx_word' id='word_1_110' title='bbox 1181 1376 1282 1447; x_wconf 86' lang='grc' dir='ltr'><strong>τῆς</strong></span> <span class='ocrx_word' id='word_1_111' title='bbox 1311 1376 1562 1447; x_wconf 83' lang='grc' dir='ltr'><strong>καλάμης</strong></span> <span class='ocrx_word' id='word_1_112' title='bbox 1613 1378 1709 1448; x_wconf 84' lang='grc' dir='ltr'>ξη-</span> 
     </span>
    </p>
   </div>
   <div class='ocr_carea' id='block_1_17' title="bbox 136 1460 1708 1540">
    <p class='ocr_par' dir='ltr' id='par_1_17' title="bbox 136 1460 1708 1540">
     <span class='ocr_line' id='line_1_17' title="bbox 136 1460 1708 1540; baseline 0.005 -26"><span class='ocrx_word' id='word_1_113' title='bbox 136 1460 450 1532; x_wconf 73' lang='grc' dir='ltr'>ρανθείσης,</span> <span class='ocrx_word' id='word_1_114' title='bbox 483 1463 786 1534; x_wconf 76' lang='grc' dir='ltr'>ἐπιτήδειος</span> <span class='ocrx_word' id='word_1_115' title='bbox 807 1467 836 1518; x_wconf 83' lang='grc' dir='ltr'>ὁ</span> <span class='ocrx_word' id='word_1_116' title='bbox 858 1467 1061 1536; x_wconf 85' lang='grc' dir='ltr'>στάχυς</span> <span class='ocrx_word' id='word_1_117' title='bbox 1088 1468 1225 1540; x_wconf 82' lang='grc' dir='ltr'>πρὸς</span> <span class='ocrx_word' id='word_1_118' title='bbox 1276 1467 1535 1538; x_wconf 85' lang='grc' dir='ltr'>θερισμόν</span> <span class='ocrx_word' id='word_1_119' title='bbox 1571 1471 1708 1523; x_wconf 77' lang='grc' dir='ltr'>ἐστι.</span> 
     </span>
    </p>
   </div>
   <div class='ocr_carea' id='block_1_18' title="bbox 132 1548 1711 1627">
    <p class='ocr_par' dir='ltr' id='par_1_18' title="bbox 132 1548 1711 1627">
     <span class='ocr_line' id='line_1_18' title="bbox 132 1548 1711 1627; baseline 0.006 -24"><span class='ocrx_word' id='word_1_120' title='bbox 132 1550 250 1604; x_wconf 74' lang='grc' dir='ltr'><strong>Καὶ</strong></span> <span class='ocrx_word' id='word_1_121' title='bbox 285 1553 449 1623; x_wconf 83' lang='grc' dir='ltr'><strong>ἡμεῖς</strong></span> <span class='ocrx_word' id='word_1_122' title='bbox 482 1548 596 1617; x_wconf 81' lang='grc' dir='ltr'>οὖν,</span> <span class='ocrx_word' id='word_1_123' title='bbox 660 1554 1031 1609; x_wconf 88' lang='grc' dir='ltr'>ἀποϐαλοῦσαι</span> <span class='ocrx_word' id='word_1_124' title='bbox 1057 1557 1156 1627; x_wconf 83' lang='grc' dir='ltr'><strong>τὴν</strong></span> <span class='ocrx_word' id='word_1_125' title='bbox 1188 1560 1252 1610; x_wconf 85' lang='grc' dir='ltr'>ὲκ</span> <span class='ocrx_word' id='word_1_126' title='bbox 1279 1558 1383 1626; x_wconf 78' lang='grc' dir='ltr'><strong>γῆς</strong></span> <span class='ocrx_word' id='word_1_127' title='bbox 1413 1559 1711 1626; x_wconf 74' lang='grc' dir='ltr'>φαντασίαν</span> 
     </span>
    </p>
   </div>
   <div class='ocr_carea' id='block_1_19' title="bbox 1822 473 3386 545">
    <p class='ocr_par' dir='ltr' id='par_1_19' title="bbox 1822 473 3386 545">
     <span class='ocr_line' id='line_1_19' title="bbox 1822 473 3386 545; baseline 0.004 -17"><span class='ocrx_word' id='word_1_128' title='bbox 1822 490 1944 528; x_wconf 89' lang='lat' dir='ltr'><strong>nus.</strong></span> <span class='ocrx_word' id='word_1_129' title='bbox 1983 473 2118 527; x_wconf 85' lang='lat' dir='ltr'><strong>Nam</strong></span> <span class='ocrx_word' id='word_1_130' title='bbox 2171 476 2315 528; x_wconf 88' lang='lat' dir='ltr'><strong>sicut</strong></span> <span class='ocrx_word' id='word_1_131' title='bbox 2350 491 2414 527; x_wconf 83' lang='lat' dir='ltr'><strong>ex</strong></span> <span class='ocrx_word' id='word_1_132' title='bbox 2463 475 2651 528; x_wconf 84' lang='lat' dir='ltr'><strong>eodem</strong></span> <span class='ocrx_word' id='word_1_133' title='bbox 2691 474 2964 530; x_wconf 90' lang='lat' dir='ltr'><strong>frumento</strong></span> <span class='ocrx_word' id='word_1_134' title='bbox 3011 485 3095 531; x_wconf 92' lang='lat' dir='ltr'><strong>est</strong></span> <span class='ocrx_word' id='word_1_135' title='bbox 3142 478 3293 545; x_wconf 80' lang='lat' dir='ltr'><strong>palea</strong></span> <span class='ocrx_word' id='word_1_136' title='bbox 3332 491 3386 534; x_wconf 88' lang='lat' dir='ltr'><strong>et</strong></span> 
     </span>
    </p>
   </div>
   <div class='ocr_carea' id='block_1_20' title="bbox 1821 566 3384 639">
    <p class='ocr_par' dir='ltr' id='par_1_20' title="bbox 1821 566 3384 639">
     <span class='ocr_line' id='line_1_20' title="bbox 1821 566 3384 639; baseline 0.002 -18"><span class='ocrx_word' id='word_1_137' title='bbox 1821 581 2042 630; x_wconf 86' lang='lat' dir='ltr'><strong>semen;</strong></span> <span class='ocrx_word' id='word_1_138' title='bbox 2087 566 2159 620; x_wconf 90' lang='lat' dir='ltr'><strong>ita</strong></span> <span class='ocrx_word' id='word_1_139' title='bbox 2197 583 2262 620; x_wconf 83' lang='lat' dir='ltr'><strong>ex</strong></span> <span class='ocrx_word' id='word_1_140' title='bbox 2290 566 2477 620; x_wconf 86' lang='lat' dir='ltr'><strong>eodem</strong></span> <span class='ocrx_word' id='word_1_141' title='bbox 2513 567 2621 620; x_wconf 86' lang='lat' dir='ltr'><strong>Deo</strong></span> <span class='ocrx_word' id='word_1_142' title='bbox 2670 575 2798 622; x_wconf 89' lang='lat' dir='ltr'><strong>sunt</strong></span> <span class='ocrx_word' id='word_1_143' title='bbox 2848 576 2901 622; x_wconf 92' lang='lat' dir='ltr'><strong>et</strong></span> <span class='ocrx_word' id='word_1_144' title='bbox 2941 569 3033 639; x_wconf 90' lang='lat' dir='ltr'><strong>qui</strong></span> <span class='ocrx_word' id='word_1_145' title='bbox 3089 571 3144 623; x_wconf 93' lang='lat' dir='ltr'><strong>in</strong></span> <span class='ocrx_word' id='word_1_146' title='bbox 3179 573 3384 624; x_wconf 89' lang='lat' dir='ltr'><strong>mundo</strong></span> 
     </span>
    </p>
   </div>
   <div class='ocr_carea' id='block_1_21' title="bbox 1820 658 3384 730">
    <p class='ocr_par' dir='ltr' id='par_1_21' title="bbox 1820 658 3384 730">
     <span class='ocr_line' id='line_1_21' title="bbox 1820 658 3384 730; baseline 0.002 -17"><span class='ocrx_word' id='word_1_147' title='bbox 1820 659 1959 713; x_wconf 84' lang='lat' dir='ltr'><strong>bene</strong></span> <span class='ocrx_word' id='word_1_148' title='bbox 1991 658 2221 723; x_wconf 86' lang='lat' dir='ltr'><strong>vivunt,</strong></span> <span class='ocrx_word' id='word_1_149' title='bbox 2269 668 2322 712; x_wconf 89' lang='lat' dir='ltr'><strong>et</strong></span> <span class='ocrx_word' id='word_1_150' title='bbox 2363 659 2455 728; x_wconf 86' lang='lat' dir='ltr'><strong>qui</strong></span> <span class='ocrx_word' id='word_1_151' title='bbox 2489 660 2848 712; x_wconf 72' lang='lat' dir='ltr'><strong>monasticam</strong></span> <span class='ocrx_word' id='word_1_152' title='bbox 2875 663 3105 730; x_wconf 71' lang='lat' dir='ltr'><strong>amplexi</strong></span> <span class='ocrx_word' id='word_1_153' title='bbox 3138 671 3264 716; x_wconf 87' lang='lat' dir='ltr'><strong>sunt</strong></span> <span class='ocrx_word' id='word_1_154' title='bbox 3301 665 3384 715; x_wconf 91' lang='lat' dir='ltr'><strong>vi-</strong></span> 
     </span>
    </p>
   </div>
   <div class='ocr_carea' id='block_1_22' title="bbox 1816 749 3380 824">
    <p class='ocr_par' dir='ltr' id='par_1_22' title="bbox 1816 749 3380 824">
     <span class='ocr_line' id='line_1_22' title="bbox 1816 749 3380 824; baseline 0.005 -22"><span class='ocrx_word' id='word_1_155' title='bbox 1816 757 1948 803; x_wconf 90' lang='lat' dir='ltr'><strong>tam.</strong></span> <span class='ocrx_word' id='word_1_156' title='bbox 1981 749 2050 804; x_wconf 88' lang='lat' dir='ltr'><strong>Et</strong></span> <span class='ocrx_word' id='word_1_157' title='bbox 2081 766 2213 806; x_wconf 84' lang='lat' dir='ltr'><strong>sane</strong></span> <span class='ocrx_word' id='word_1_158' title='bbox 2243 751 2404 805; x_wconf 88' lang='lat' dir='ltr'><strong>ambo</strong></span> <span class='ocrx_word' id='word_1_159' title='bbox 2432 760 2561 806; x_wconf 88' lang='lat' dir='ltr'><strong>sunt</strong></span> <span class='ocrx_word' id='word_1_160' title='bbox 2608 753 2951 818; x_wconf 88' lang='lat' dir='ltr'><strong>necessaria;</strong></span> <span class='ocrx_word' id='word_1_161' title='bbox 2986 753 3114 808; x_wconf 89' lang='lat' dir='ltr'><strong>folia</strong></span> <span class='ocrx_word' id='word_1_162' title='bbox 3162 756 3380 824; x_wconf 88' lang='lat' dir='ltr'><strong>quidem</strong></span> 
     </span>
    </p>
   </div>
   <div class='ocr_carea' id='block_1_23' title="bbox 1817 841 3384 909">
    <p class='ocr_par' dir='ltr' id='par_1_23' title="bbox 1817 841 3384 909">
     <span class='ocr_line' id='line_1_23' title="bbox 1817 841 3384 909; baseline 0.005 -15"><span class='ocrx_word' id='word_1_163' title='bbox 1817 841 1886 895; x_wconf 90' lang='lat' dir='ltr'><strong>ad</strong></span> <span class='ocrx_word' id='word_1_164' title='bbox 1919 842 2140 896; x_wconf 86' lang='lat' dir='ltr'><strong>tutelam</strong></span> <span class='ocrx_word' id='word_1_165' title='bbox 2166 850 2220 897; x_wconf 94' lang='lat' dir='ltr'><strong>et</strong></span> <span class='ocrx_word' id='word_1_166' title='bbox 2249 858 2408 898; x_wconf 89' lang='lat' dir='ltr'><strong>usum</strong></span> <span class='ocrx_word' id='word_1_167' title='bbox 2442 843 2702 909; x_wconf 87' lang='lat' dir='ltr'><strong>seminis;</strong></span> <span class='ocrx_word' id='word_1_168' title='bbox 2732 842 2968 899; x_wconf 87' lang='lat' dir='ltr'><strong>fructum</strong></span> <span class='ocrx_word' id='word_1_169' title='bbox 3000 861 3131 900; x_wconf 90' lang='lat' dir='ltr'><strong>vero</strong></span> <span class='ocrx_word' id='word_1_170' title='bbox 3158 861 3384 902; x_wconf 87' lang='lat' dir='ltr'><strong>necesse</strong></span> 
     </span>
    </p>
   </div>
   <div class='ocr_carea' id='block_1_24' title="bbox 1815 931 3381 1006">
    <p class='ocr_par' dir='ltr' id='par_1_24' title="bbox 1815 931 3381 1006">
     <span class='ocr_line' id='line_1_24' title="bbox 1815 931 3381 1006; baseline 0.003 -20"><span class='ocrx_word' id='word_1_171' title='bbox 1815 941 1899 986; x_wconf 75' lang='grc' dir='ltr'><strong>εει</strong></span> <span class='ocrx_word' id='word_1_172' title='bbox 1920 931 2218 1000; x_wconf 83' lang='lat' dir='ltr'><strong>acquirere,</strong></span> <span class='ocrx_word' id='word_1_173' title='bbox 2239 933 2365 1001; x_wconf 83' lang='lat' dir='ltr'><strong>quia</strong></span> <span class='ocrx_word' id='word_1_174' title='bbox 2385 947 2449 986; x_wconf 85' lang='lat' dir='ltr'><strong>ex</strong></span> <span class='ocrx_word' id='word_1_175' title='bbox 2467 948 2531 986; x_wconf 85' lang='lat' dir='ltr'><strong>eo</strong></span> <span class='ocrx_word' id='word_1_176' title='bbox 2548 943 2745 987; x_wconf 90' lang='lat' dir='ltr'><strong>cuncta</strong></span> <span class='ocrx_word' id='word_1_177' title='bbox 2766 941 3089 989; x_wconf 87' lang='lat' dir='ltr'><strong>nascuntur.</strong></span> <span class='ocrx_word' id='word_1_178' title='bbox 3111 935 3247 1006; x_wconf 76' lang='lat'><strong>(91‘)</strong></span> <span class='ocrx_word' id='word_1_179' title='bbox 3264 935 3381 991; x_wconf 78' lang='lat' dir='ltr'><strong>Cae-</strong></span> 
     </span>
    </p>
   </div>
   <div class='ocr_carea' id='block_1_25' title="bbox 1817 1024 3376 1094">
    <p class='ocr_par' dir='ltr' id='par_1_25' title="bbox 1817 1024 3376 1094">
     <span class='ocr_line' id='line_1_25' title="bbox 1817 1024 3376 1094; baseline 0.004 -19"><span class='ocrx_word' id='word_1_180' title='bbox 1817 1031 1990 1076; x_wconf 90' lang='lat' dir='ltr'><strong>terum</strong></span> <span class='ocrx_word' id='word_1_181' title='bbox 2014 1024 2156 1078; x_wconf 88' lang='lat' dir='ltr'><strong>sicut</strong></span> <span class='ocrx_word' id='word_1_182' title='bbox 2171 1039 2278 1077; x_wconf 92' lang='lat' dir='ltr'><strong>non</strong></span> <span class='ocrx_word' id='word_1_183' title='bbox 2297 1033 2473 1093; x_wconf 85' lang='lat' dir='ltr'><strong>potest</strong></span> <span class='ocrx_word' id='word_1_184' title='bbox 2486 1040 2608 1080; x_wconf 90' lang='lat' dir='ltr'><strong>esse</strong></span> <span class='ocrx_word' id='word_1_185' title='bbox 2623 1026 2785 1080; x_wconf 87' lang='lat' dir='ltr'><strong>simul</strong></span> <span class='ocrx_word' id='word_1_186' title='bbox 2807 1027 2973 1082; x_wconf 90' lang='lat' dir='ltr'><strong>herba</strong></span> <span class='ocrx_word' id='word_1_187' title='bbox 2999 1043 3120 1082; x_wconf 91' lang='lat' dir='ltr'><strong>cum</strong></span> <span class='ocrx_word' id='word_1_188' title='bbox 3138 1029 3376 1094; x_wconf 88' lang='lat' dir='ltr'><strong>semine;</strong></span> 
     </span>
    </p>
   </div>
   <div class='ocr_carea' id='block_1_26' title="bbox 1815 1113 3377 1190">
    <p class='ocr_par' dir='ltr' id='par_1_26' title="bbox 1815 1113 3377 1190">
     <span class='ocr_line' id='line_1_26' title="bbox 1815 1113 3377 1190; baseline 0.003 -22"><span class='ocrx_word' id='word_1_189' title='bbox 1815 1114 1891 1168; x_wconf 88' lang='lat' dir='ltr'><strong>ita</strong></span> <span class='ocrx_word' id='word_1_190' title='bbox 1914 1113 2029 1168; x_wconf 88' lang='lat' dir='ltr'><strong>fieri</strong></span> <span class='ocrx_word' id='word_1_191' title='bbox 2052 1116 2336 1185; x_wconf 89' lang='lat' dir='ltr'><strong>nequitut,</strong></span> <span class='ocrx_word' id='word_1_192' title='bbox 2369 1116 2754 1186; x_wconf 84' lang='lat' dir='ltr'><strong>circumposita</strong></span> <span class='ocrx_word' id='word_1_193' title='bbox 2783 1118 2938 1172; x_wconf 88' lang='lat' dir='ltr'><strong>nobis</strong></span> <span class='ocrx_word' id='word_1_194' title='bbox 2963 1119 3151 1173; x_wconf 88' lang='lat' dir='ltr'><strong>mundi</strong></span> <span class='ocrx_word' id='word_1_195' title='bbox 3186 1120 3377 1190; x_wconf 79' lang='lat' dir='ltr'><strong>gloria,</strong></span> 
     </span>
    </p>
   </div>
   <div class='ocr_carea' id='block_1_27' title="bbox 1813 1207 3377 1281">
    <p class='ocr_par' dir='ltr' id='par_1_27' title="bbox 1813 1207 3377 1281">
     <span class='ocr_line' id='line_1_27' title="bbox 1813 1207 3377 1281; baseline 0.003 -20"><span class='ocrx_word' id='word_1_196' title='bbox 1813 1208 2090 1263; x_wconf 73' lang='lat' dir='ltr'><strong>ccelestem</strong></span> <span class='ocrx_word' id='word_1_197' title='bbox 2110 1207 2346 1262; x_wconf 90' lang='lat' dir='ltr'><strong>fructum</strong></span> <span class='ocrx_word' id='word_1_198' title='bbox 2378 1211 2711 1265; x_wconf 89' lang='lat' dir='ltr'><strong>emittamus.</strong></span> <span class='ocrx_word' id='word_1_199' title='bbox 2739 1208 2906 1265; x_wconf 86' lang='lat' dir='ltr'><strong>Foliis</strong></span> <span class='ocrx_word' id='word_1_200' title='bbox 2927 1226 3089 1280; x_wconf 91' lang='lat' dir='ltr'><strong>porro</strong></span> <span class='ocrx_word' id='word_1_201' title='bbox 3118 1211 3377 1281; x_wconf 90' lang='lat' dir='ltr'><strong>delapsis,</strong></span> 
     </span>
    </p>
   </div>
   <div class='ocr_carea' id='block_1_28' title="bbox 1814 1298 3381 1372">
    <p class='ocr_par' dir='ltr' id='par_1_28' title="bbox 1814 1298 3381 1372">
     <span class='ocr_line' id='line_1_28' title="bbox 1814 1298 3381 1372; baseline 0.006 -21"><span class='ocrx_word' id='word_1_202' title='bbox 1814 1298 2164 1368; x_wconf 89' lang='lat' dir='ltr'><strong>arefactoque</strong></span> <span class='ocrx_word' id='word_1_203' title='bbox 2202 1301 2403 1364; x_wconf 89' lang='lat' dir='ltr'><strong>culmo,</strong></span> <span class='ocrx_word' id='word_1_204' title='bbox 2431 1309 2554 1370; x_wconf 88' lang='lat' dir='ltr'><strong>apta</strong></span> <span class='ocrx_word' id='word_1_205' title='bbox 2592 1311 2676 1356; x_wconf 90' lang='lat' dir='ltr'><strong>est</strong></span> <span class='ocrx_word' id='word_1_206' title='bbox 2701 1301 2768 1355; x_wconf 89' lang='lat' dir='ltr'><strong>ad</strong></span> <span class='ocrx_word' id='word_1_207' title='bbox 2803 1317 3034 1357; x_wconf 89' lang='lat' dir='ltr'><strong>messem</strong></span> <span class='ocrx_word' id='word_1_208' title='bbox 3065 1305 3236 1372; x_wconf 87' lang='lat' dir='ltr'><strong>spica.</strong></span> <span class='ocrx_word' id='word_1_209' title='bbox 3268 1303 3381 1360; x_wconf 89' lang='lat' dir='ltr'><strong>Nos</strong></span> 
     </span>
    </p>
   </div>
   <div class='ocr_carea' id='block_1_29' title="bbox 1813 1391 3378 1463">
    <p class='ocr_par' dir='ltr' id='par_1_29' title="bbox 1813 1391 3378 1463">
     <span class='ocr_line' id='line_1_29' title="bbox 1813 1391 3378 1463; baseline 0.003 -18"><span class='ocrx_word' id='word_1_210' title='bbox 1813 1391 1997 1461; x_wconf 87' lang='lat' dir='ltr'><strong>itaque</strong></span> <span class='ocrx_word' id='word_1_211' title='bbox 2019 1407 2142 1447; x_wconf 89' lang='lat' dir='ltr'><strong>cum</strong></span> <span class='ocrx_word' id='word_1_212' title='bbox 2165 1406 2265 1446; x_wconf 91' lang='lat' dir='ltr'><strong>ceu</strong></span> <span class='ocrx_word' id='word_1_213' title='bbox 2294 1392 2442 1458; x_wconf 89' lang='lat' dir='ltr'><strong>folia,</strong></span> <span class='ocrx_word' id='word_1_214' title='bbox 2469 1400 2750 1448; x_wconf 89' lang='lat' dir='ltr'><strong>terrenum</strong></span> <span class='ocrx_word' id='word_1_215' title='bbox 2781 1394 2970 1447; x_wconf 84' lang='lat' dir='ltr'><strong>luxum</strong></span> <span class='ocrx_word' id='word_1_216' title='bbox 2997 1393 3378 1463; x_wconf 82' lang='lat' dir='ltr'><strong>abjecerimus,</strong></span> 
     </span>
    </p>
   </div>
   <div class='ocr_carea' id='block_1_30' title="bbox 1816 1483 3374 1560">
    <p class='ocr_par' dir='ltr' id='par_1_30' title="bbox 1816 1483 3374 1560">
     <span class='ocr_line' id='line_1_30' title="bbox 1816 1483 3374 1560; baseline 0.003 -24"><span class='ocrx_word' id='word_1_217' title='bbox 1816 1497 2129 1560; x_wconf 87' lang='lat' dir='ltr'><strong>corpusque</strong></span> <span class='ocrx_word' id='word_1_218' title='bbox 2161 1491 2410 1538; x_wconf 88' lang='lat' dir='ltr'><strong>nostrum</strong></span> <span class='ocrx_word' id='word_1_219' title='bbox 2441 1483 2633 1538; x_wconf 81' lang='lat' dir='ltr'><strong>calami</strong></span> <span class='ocrx_word' id='word_1_220' title='bbox 2666 1486 2840 1538; x_wconf 89' lang='lat' dir='ltr'><strong>instar</strong></span> <span class='ocrx_word' id='word_1_221' title='bbox 2880 1485 3333 1540; x_wconf 78' lang='lat' dir='ltr'><strong>exsiccaverimus</strong></span> <span class='ocrx_word' id='word_1_222' title='bbox 3359 1526 3374 1548; x_wconf 91' lang='lat'><strong>,</strong></span> 
     </span>
    </p>
   </div>
   <div class='ocr_carea' id='block_1_31' title="bbox 1814 1575 3380 1648">
    <p class='ocr_par' dir='ltr' id='par_1_31' title="bbox 1814 1575 3380 1648">
     <span class='ocr_line' id='line_1_31' title="bbox 1814 1575 3380 1648; baseline 0.001 -20"><span class='ocrx_word' id='word_1_223' title='bbox 1814 1581 2169 1644; x_wconf 87' lang='lat' dir='ltr'><strong>nostramque</strong></span> <span class='ocrx_word' id='word_1_224' title='bbox 2203 1575 2585 1645; x_wconf 83' lang='lat' dir='ltr'><strong>cogitationem</strong></span> <span class='ocrx_word' id='word_1_225' title='bbox 2641 1577 2998 1643; x_wconf 79' lang='lat' dir='ltr'><strong>erexerimus,</strong></span> <span class='ocrx_word' id='word_1_226' title='bbox 3034 1584 3146 1630; x_wconf 91' lang='lat' dir='ltr'><strong>tum</strong></span> <span class='ocrx_word' id='word_1_227' title='bbox 3176 1578 3380 1648; x_wconf 86' lang='lat' dir='ltr'><strong>poteri-</strong></span> 
     </span>
    </p>
   </div>
   <div class='ocr_carea' id='block_1_32' title="bbox 132 1642 1709 1736">
    <p class='ocr_par' dir='ltr' id='par_1_32' title="bbox 132 1642 1709 1719">
     <span class='ocr_line' id='line_1_32' title="bbox 132 1642 1709 1719; baseline 0.003 -23"><span class='ocrx_word' id='word_1_228' title='bbox 132 1642 257 1696; x_wconf 77' lang='grc' dir='ltr'>ἀντὶ</span> <span class='ocrx_word' id='word_1_229' title='bbox 274 1642 382 1694; x_wconf 89' lang='grc' dir='ltr'><strong>τῶν</strong></span> <span class='ocrx_word' id='word_1_230' title='bbox 408 1643 641 1712; x_wconf 80' lang='grc' dir='ltr'>φύλλων,</span> <span class='ocrx_word' id='word_1_231' title='bbox 667 1646 764 1698; x_wconf 80' lang='grc' dir='ltr'><strong>καὶ</strong></span> <span class='ocrx_word' id='word_1_232' title='bbox 795 1643 1097 1716; x_wconf 84' lang='grc' dir='ltr'>ξηράνασαι</span> <span class='ocrx_word' id='word_1_233' title='bbox 1126 1646 1335 1700; x_wconf 79' lang='grc' dir='ltr'>ἑαυτῶν</span> <span class='ocrx_word' id='word_1_234' title='bbox 1367 1647 1427 1699; x_wconf 85' lang='grc' dir='ltr'><strong>τὸ</strong></span> <span class='ocrx_word' id='word_1_235' title='bbox 1449 1649 1607 1719; x_wconf 89' lang='grc' dir='ltr'>σῶμα</span> <span class='ocrx_word' id='word_1_236' title='bbox 1635 1649 1709 1712; x_wconf 86' lang='grc' dir='ltr'>ὼς</span> 
     </span>
    </p>
   </div>
   <div class='ocr_carea' id='block_1_33' title="bbox 1814 1642 2642 1736">
    <p class='ocr_par' dir='ltr' id='par_1_33' title="bbox 1814 1665 2642 1736">
     <span class='ocr_line' id='line_1_33' title="bbox 1814 1665 2642 1736; baseline 0.006 -18"><span class='ocrx_word' id='word_1_237' title='bbox 1814 1680 1937 1721; x_wconf 90' lang='lat' dir='ltr'><strong>mus</strong></span> <span class='ocrx_word' id='word_1_238' title='bbox 1967 1665 2160 1722; x_wconf 89' lang='lat' dir='ltr'><strong>salutis</strong></span> <span class='ocrx_word' id='word_1_239' title='bbox 2190 1681 2373 1722; x_wconf 82' lang='lat' dir='ltr'><strong>semen</strong></span> <span class='ocrx_word' id='word_1_240' title='bbox 2402 1666 2642 1736; x_wconf 77' lang='lat' dir='ltr'><strong>gignere.</strong></span> 
     </span>
    </p>
   </div>
   <div class='ocr_carea' id='block_1_34' title="bbox 129 1727 1784 1812">
    <p class='ocr_par' dir='ltr' id='par_1_34' title="bbox 129 1727 1784 1812">
     <span class='ocr_line' id='line_1_34' title="bbox 129 1727 1784 1812; baseline 0.005 -26"><span class='ocrx_word' id='word_1_241' title='bbox 129 1734 230 1806; x_wconf 83' lang='grc' dir='ltr'>τὴν</span> <span class='ocrx_word' id='word_1_242' title='bbox 257 1736 530 1808; x_wconf 86' lang='grc' dir='ltr'>καλάμην,</span> <span class='ocrx_word' id='word_1_243' title='bbox 550 1736 836 1806; x_wconf 82' lang='grc' dir='ltr'>ύψὼσασαι</span> <span class='ocrx_word' id='word_1_244' title='bbox 871 1738 926 1791; x_wconf 84' lang='grc' dir='ltr'><strong>δὲ</strong></span> <span class='ocrx_word' id='word_1_245' title='bbox 966 1738 1171 1792; x_wconf 81' lang='grc' dir='ltr'>ἑαυτῶν</span> <span class='ocrx_word' id='word_1_246' title='bbox 1197 1739 1288 1792; x_wconf 86' lang='grc' dir='ltr'><strong>τὸν</strong></span> <span class='ocrx_word' id='word_1_247' title='bbox 1319 1739 1595 1812; x_wconf 84' lang='grc' dir='ltr'>λογισμὸν,</span> <span class='ocrx_word' id='word_1_248' title='bbox 1625 1741 1714 1794; x_wconf 92' lang='grc' dir='ltr'>δυ-</span> <span class='ocrx_word' id='word_1_249' title='bbox 1746 1727 1784 1782; x_wconf 79' lang='grc' dir='ltr'><strong><em>Β</em></strong></span> 
     </span>
    </p>
   </div>
   <div class='ocr_carea' id='block_1_35' title="bbox 129 1827 1287 1902">
    <p class='ocr_par' dir='ltr' id='par_1_35' title="bbox 129 1827 1287 1902">
     <span class='ocr_line' id='line_1_35' title="bbox 129 1827 1287 1902; baseline 0.005 -24"><span class='ocrx_word' id='word_1_250' title='bbox 129 1827 415 1896; x_wconf 86' lang='grc' dir='ltr'>νησόμεθα</span> <span class='ocrx_word' id='word_1_251' title='bbox 456 1829 680 1900; x_wconf 87' lang='grc' dir='ltr'>σπέρμα</span> <span class='ocrx_word' id='word_1_252' title='bbox 706 1831 981 1901; x_wconf 82' lang='grc' dir='ltr'>σωτηρίας</span> <span class='ocrx_word' id='word_1_253' title='bbox 1010 1831 1287 1902; x_wconf 82' lang='grc' dir='ltr'>γεννῆσαι.</span> 
     </span>
    </p>
   </div>
   <div class='ocr_carea' id='block_1_36' title="bbox 201 1917 1712 1993">
    <p class='ocr_par' dir='ltr' id='par_1_36' title="bbox 201 1917 1712 1993">
     <span class='ocr_line' id='line_1_36' title="bbox 201 1917 1712 1993; baseline 0.001 -21"><span class='ocrx_word' id='word_1_254' title='bbox 201 1917 294 1972; x_wconf 83' lang='lat'><strong>79.</strong></span> <span class='ocrx_word' id='word_1_255' title='bbox 347 1920 712 1975; x_wconf 88' lang='grc' dir='ltr'>Ἐπικίνδυνον</span> <span class='ocrx_word' id='word_1_256' title='bbox 730 1922 821 1975; x_wconf 81' lang='grc' dir='ltr'><strong>τὸν</strong></span> <span class='ocrx_word' id='word_1_257' title='bbox 847 1922 921 1993; x_wconf 80' lang='grc' dir='ltr'><strong>μή</strong></span> <span class='ocrx_word' id='word_1_258' title='bbox 944 1922 1031 1975; x_wconf 81' lang='grc' dir='ltr'><strong>διὰ</strong></span> <span class='ocrx_word' id='word_1_259' title='bbox 1055 1921 1359 1993; x_wconf 82' lang='grc' dir='ltr'>πρακτικοῦ</span> <span class='ocrx_word' id='word_1_260' title='bbox 1379 1922 1492 1992; x_wconf 90' lang='grc' dir='ltr'>βίου</span> <span class='ocrx_word' id='word_1_261' title='bbox 1514 1922 1712 1993; x_wconf 88' lang='grc' dir='ltr'>ἀχθέν-</span> 
     </span>
    </p>
   </div>
   <div class='ocr_carea' id='block_1_37' title="bbox 132 2010 1712 2084">
    <p class='ocr_par' dir='ltr' id='par_1_37' title="bbox 132 2010 1712 2084">
     <span class='ocr_line' id='line_1_37' title="bbox 132 2010 1712 2084; baseline 0 -18"><span class='ocrx_word' id='word_1_262' title='bbox 132 2028 228 2076; x_wconf 77' lang='grc' dir='ltr'><strong>τα,</strong></span> <span class='ocrx_word' id='word_1_263' title='bbox 249 2010 520 2066; x_wconf 86' lang='grc' dir='ltr'>διδάσκειν</span> <span class='ocrx_word' id='word_1_264' title='bbox 545 2015 859 2084; x_wconf 76' lang='grc' dir='ltr'>ἐπιχειρεῖν.</span> <span class='ocrx_word' id='word_1_265' title='bbox 893 2015 1105 2083; x_wconf 85' lang='grc' dir='ltr'>Ὥσπερ</span> <span class='ocrx_word' id='word_1_266' title='bbox 1132 2013 1240 2084; x_wconf 83' lang='grc' dir='ltr'>γὰρ</span> <span class='ocrx_word' id='word_1_267' title='bbox 1261 2013 1348 2076; x_wconf 84' lang='grc' dir='ltr'><strong>ἂν,</strong></span> <span class='ocrx_word' id='word_1_268' title='bbox 1365 2015 1513 2076; x_wconf 84' lang='grc' dir='ltr'>εῐτις</span> <span class='ocrx_word' id='word_1_269' title='bbox 1535 2014 1712 2067; x_wconf 79' lang='grc' dir='ltr'>οἰκίαν</span> 
     </span>
    </p>
   </div>
   <div class='ocr_carea' id='block_1_38' title="bbox 133 2099 1711 2173">
    <p class='ocr_par' dir='ltr' id='par_1_38' title="bbox 133 2099 1711 2173">
     <span class='ocr_line' id='line_1_38' title="bbox 133 2099 1711 2173; baseline 0.001 -20"><span class='ocrx_word' id='word_1_270' title='bbox 133 2100 277 2170; x_wconf 79' lang='grc' dir='ltr'>ἔχων</span> <span class='ocrx_word' id='word_1_271' title='bbox 305 2099 533 2172; x_wconf 77' lang='grc' dir='ltr'>σαθρὰν,</span> <span class='ocrx_word' id='word_1_272' title='bbox 553 2099 734 2164; x_wconf 81' lang='grc' dir='ltr'>ξένους</span> <span class='ocrx_word' id='word_1_273' title='bbox 755 2100 1171 2172; x_wconf 84' lang='grc' dir='ltr'>ὑποδεξάμενος,</span> <span class='ocrx_word' id='word_1_274' title='bbox 1197 2102 1388 2172; x_wconf 81' lang='grc' dir='ltr'>βλάψει</span> <span class='ocrx_word' id='word_1_275' title='bbox 1406 2104 1472 2173; x_wconf 76' lang='grc' dir='ltr'>τῇ</span> <span class='ocrx_word' id='word_1_276' title='bbox 1504 2101 1711 2154; x_wconf 86' lang='grc' dir='ltr'>πτώσει</span> 
     </span>
    </p>
   </div>
   <div class='ocr_carea' id='block_1_39' title="bbox 131 2189 1711 2266">
    <p class='ocr_par' dir='ltr' id='par_1_39' title="bbox 131 2189 1711 2266">
     <span class='ocr_line' id='line_1_39' title="bbox 131 2189 1711 2266; baseline 0 -20"><span class='ocrx_word' id='word_1_277' title='bbox 131 2193 230 2246; x_wconf 88' lang='grc' dir='ltr'><strong>τοῦ</strong></span> <span class='ocrx_word' id='word_1_278' title='bbox 258 2194 554 2264; x_wconf 79' lang='grc' dir='ltr'>οἰκήματος</span> <span class='ocrx_word' id='word_1_279' title='bbox 573 2210 586 2224; x_wconf 82' lang='grc'><em>’</em></span> <span class='ocrx_word' id='word_1_280' title='bbox 613 2193 754 2247; x_wconf 73' lang='grc' dir='ltr'>οὕτω</span> <span class='ocrx_word' id='word_1_281' title='bbox 780 2193 874 2246; x_wconf 74' lang='grc' dir='ltr'><strong>καὶ</strong></span> <span class='ocrx_word' id='word_1_282' title='bbox 905 2189 1072 2258; x_wconf 75' lang='grc' dir='ltr'>οὗτοι,</span> <span class='ocrx_word' id='word_1_283' title='bbox 1106 2193 1179 2264; x_wconf 84' lang='grc' dir='ltr'>μὴ</span> <span class='ocrx_word' id='word_1_284' title='bbox 1203 2195 1463 2266; x_wconf 85' lang='grc' dir='ltr'>πρότερον</span> <span class='ocrx_word' id='word_1_285' title='bbox 1487 2195 1711 2257; x_wconf 80' lang='grc' dir='ltr'>ἑαυτοὺς</span> 
     </span>
    </p>
   </div>
   <div class='ocr_carea' id='block_1_40' title="bbox 129 2284 1709 2358">
    <p class='ocr_par' dir='ltr' id='par_1_40' title="bbox 129 2284 1709 2358">
     <span class='ocr_line' id='line_1_40' title="bbox 129 2284 1709 2358; baseline 0.001 -19"><span class='ocrx_word' id='word_1_286' title='bbox 129 2284 391 2354; x_wconf 83' lang='grc' dir='ltr'>ἀσφαλῶς</span> <span class='ocrx_word' id='word_1_287' title='bbox 415 2285 890 2356; x_wconf 73' lang='grc' dir='ltr'>οἰκοδομήσαντες,</span> <span class='ocrx_word' id='word_1_288' title='bbox 920 2286 1014 2338; x_wconf 73' lang='grc' dir='ltr'><strong>καὶ</strong></span> <span class='ocrx_word' id='word_1_289' title='bbox 1039 2287 1163 2349; x_wconf 84' lang='grc' dir='ltr'>τοὺς</span> <span class='ocrx_word' id='word_1_290' title='bbox 1191 2286 1584 2358; x_wconf 86' lang='grc' dir='ltr'>προσελθόντας</span> <span class='ocrx_word' id='word_1_291' title='bbox 1613 2288 1709 2340; x_wconf 82' lang='grc' dir='ltr'><strong>σὺν</strong></span> 
     </span>
    </p>
   </div>
   <div class='ocr_carea' id='block_1_41' title="bbox 128 2377 1712 2450">
    <p class='ocr_par' dir='ltr' id='par_1_41' title="bbox 128 2377 1712 2450">
     <span class='ocr_line' id='line_1_41' title="bbox 128 2377 1712 2450; baseline -0.001 -18"><span class='ocrx_word' id='word_1_292' title='bbox 128 2378 318 2442; x_wconf 80' lang='grc' dir='ltr'>αὐτοῖς</span> <span class='ocrx_word' id='word_1_293' title='bbox 375 2377 680 2433; x_wconf 84' lang='grc' dir='ltr'>ἀπώλεσαν.</span> <span class='ocrx_word' id='word_1_294' title='bbox 731 2379 855 2442; x_wconf 84' lang='grc' dir='ltr'>Τοῖς</span> <span class='ocrx_word' id='word_1_295' title='bbox 913 2378 1012 2448; x_wconf 79' lang='grc' dir='ltr'>μὲν</span> <span class='ocrx_word' id='word_1_296' title='bbox 1035 2378 1144 2450; x_wconf 85' lang='grc' dir='ltr'><strong>γάρ</strong></span> <span class='ocrx_word' id='word_1_297' title='bbox 1193 2378 1372 2447; x_wconf 87' lang='grc' dir='ltr'>λόγοις</span> <span class='ocrx_word' id='word_1_298' title='bbox 1416 2379 1712 2449; x_wconf 89' lang='grc' dir='ltr'>προεκαλέ-</span> 
     </span>
    </p>
   </div>
   <div class='ocr_carea' id='block_1_42' title="bbox 132 2467 1711 2540">
    <p class='ocr_par' dir='ltr' id='par_1_42' title="bbox 132 2467 1711 2540">
     <span class='ocr_line' id='line_1_42' title="bbox 132 2467 1711 2540; baseline 0 -20"><span class='ocrx_word' id='word_1_299' title='bbox 132 2485 301 2521; x_wconf 85' lang='grc' dir='ltr'>σαντο</span> <span class='ocrx_word' id='word_1_300' title='bbox 328 2469 407 2532; x_wconf 78' lang='grc' dir='ltr'><strong>εἰς</strong></span> <span class='ocrx_word' id='word_1_301' title='bbox 439 2468 736 2539; x_wconf 88' lang='grc' dir='ltr'>σωτηρίαν,</span> <span class='ocrx_word' id='word_1_302' title='bbox 766 2471 832 2538; x_wconf 84' lang='grc' dir='ltr'>τῇ</span> <span class='ocrx_word' id='word_1_303' title='bbox 873 2468 930 2520; x_wconf 83' lang='grc' dir='ltr'>δὲ</span> <span class='ocrx_word' id='word_1_304' title='bbox 947 2467 1040 2522; x_wconf 86' lang='grc' dir='ltr'><strong>τοῦ</strong></span> <span class='ocrx_word' id='word_1_305' title='bbox 1094 2469 1294 2540; x_wconf 89' lang='grc' dir='ltr'>τρόπου</span> <span class='ocrx_word' id='word_1_306' title='bbox 1351 2467 1537 2538; x_wconf 80' lang='grc' dir='ltr'>κακίᾳ,</span> <span class='ocrx_word' id='word_1_307' title='bbox 1585 2468 1711 2530; x_wconf 82' lang='grc' dir='ltr'>τοὺς</span> 
     </span>
    </p>
   </div>
   <div class='ocr_carea' id='block_1_43' title="bbox 134 2557 1710 2632">
    <p class='ocr_par' dir='ltr' id='par_1_43' title="bbox 134 2557 1710 2632">
     <span class='ocr_line' id='line_1_43' title="bbox 134 2557 1710 2632; baseline 0.001 -21"><span class='ocrx_word' id='word_1_308' title='bbox 134 2557 494 2626; x_wconf 83' lang='grc' dir='ltr'>συλλεγέντας</span> <span class='ocrx_word' id='word_1_309' title='bbox 527 2559 724 2630; x_wconf 80' lang='grc' dir='ltr'>μᾶλλον</span> <span class='ocrx_word' id='word_1_310' title='bbox 747 2560 1035 2631; x_wconf 63' lang='grc' dir='ltr'><strong>¹ἠδίκησαν.</strong></span> <span class='ocrx_word' id='word_1_311' title='bbox 1075 2560 1140 2611; x_wconf 90' lang='grc' dir='ltr'><strong>Ἦ</strong></span> <span class='ocrx_word' id='word_1_312' title='bbox 1173 2560 1270 2631; x_wconf 85' lang='grc' dir='ltr'><strong>μὲν</strong></span> <span class='ocrx_word' id='word_1_313' title='bbox 1308 2559 1416 2632; x_wconf 85' lang='grc' dir='ltr'>γὰρ</span> <span class='ocrx_word' id='word_1_314' title='bbox 1449 2558 1577 2628; x_wconf 77' lang='grc' dir='ltr'>ψιλὴ</span> <span class='ocrx_word' id='word_1_315' title='bbox 1602 2558 1710 2612; x_wconf 89' lang='grc' dir='ltr'><strong>τῶν</strong></span> 
     </span>
    </p>
   </div>
   <div class='ocr_carea' id='block_1_44' title="bbox 130 2648 1712 2722">
    <p class='ocr_par' dir='ltr' id='par_1_44' title="bbox 130 2648 1712 2722">
     <span class='ocr_line' id='line_1_44' title="bbox 130 2648 1712 2722; baseline -0.001 -21"><span class='ocrx_word' id='word_1_316' title='bbox 130 2649 311 2716; x_wconf 90' lang='grc' dir='ltr'>λόγων</span> <span class='ocrx_word' id='word_1_317' title='bbox 339 2648 720 2714; x_wconf 79' lang='grc' dir='ltr'>ἔκθεσιςέοικε</span> <span class='ocrx_word' id='word_1_318' title='bbox 753 2653 988 2722; x_wconf 84' lang='grc' dir='ltr'>γραφαῖς</span> <span class='ocrx_word' id='word_1_319' title='bbox 1037 2649 1124 2704; x_wconf 85' lang='grc' dir='ltr'>διὰ</span> <span class='ocrx_word' id='word_1_320' title='bbox 1169 2649 1473 2720; x_wconf 88' lang='grc' dir='ltr'>χρωμάτων</span> <span class='ocrx_word' id='word_1_321' title='bbox 1520 2649 1712 2702; x_wconf 84' lang='grc' dir='ltr'>εὐαπο-</span> 
     </span>
    </p>
   </div>
   <div class='ocr_carea' id='block_1_45' title="bbox 133 2725 1710 2814">
    <p class='ocr_par' dir='ltr' id='par_1_45' title="bbox 133 2741 1710 2814">
     <span class='ocr_line' id='line_1_45' title="bbox 133 2741 1710 2814; baseline -0.002 -18"><span class='ocrx_word' id='word_1_322' title='bbox 133 2741 365 2796; x_wconf 80' lang='grc' dir='ltr'>πτώτων</span> <span class='ocrx_word' id='word_1_323' title='bbox 407 2745 774 2810; x_wconf 89' lang='grc' dir='ltr'>συνιστάσαις,</span> <span class='ocrx_word' id='word_1_324' title='bbox 827 2745 1052 2808; x_wconf 76' lang='grc' dir='ltr'>ἅστινας</span> <span class='ocrx_word' id='word_1_325' title='bbox 1103 2744 1465 2814; x_wconf 88' lang='grc' dir='ltr'>σμικρότατος</span> <span class='ocrx_word' id='word_1_326' title='bbox 1522 2741 1710 2812; x_wconf 89' lang='grc' dir='ltr'>χρόνος</span> 
     </span>
    </p>
   </div>
   <div class='ocr_carea' id='block_1_46' title="bbox 133 2833 1709 2907">
    <p class='ocr_par' dir='ltr' id='par_1_46' title="bbox 133 2833 1709 2907">
     <span class='ocr_line' id='line_1_46' title="bbox 133 2833 1709 2907; baseline -0.002 -19"><span class='ocrx_word' id='word_1_327' title='bbox 133 2835 379 2889; x_wconf 78' lang='grc' dir='ltr'>διέλυσεν</span> <span class='ocrx_word' id='word_1_328' title='bbox 405 2837 618 2907; x_wconf 88' lang='grc' dir='ltr'>ἀνέμων</span> <span class='ocrx_word' id='word_1_329' title='bbox 641 2840 826 2907; x_wconf 79' lang='grc' dir='ltr'>ῥιπαῖς</span> <span class='ocrx_word' id='word_1_330' title='bbox 846 2838 940 2890; x_wconf 77' lang='grc' dir='ltr'><strong>καὶ</strong></span> <span class='ocrx_word' id='word_1_331' title='bbox 969 2837 1137 2890; x_wconf 85' lang='grc' dir='ltr'>ὑετῶν</span> <span class='ocrx_word' id='word_1_332' title='bbox 1182 2836 1404 2904; x_wconf 89' lang='grc' dir='ltr'>σταγόσι</span> <span class='ocrx_word' id='word_1_333' title='bbox 1433 2852 1446 2864; x_wconf 88' lang='grc'><strong>·</strong></span> <span class='ocrx_word' id='word_1_334' title='bbox 1502 2835 1600 2904; x_wconf 79' lang='grc' dir='ltr'>τὴν</span> <span class='ocrx_word' id='word_1_335' title='bbox 1653 2833 1709 2885; x_wconf 73' lang='grc' dir='ltr'>δὲ</span> 
     </span>
    </p>
   </div>
   <div class='ocr_carea' id='block_1_47' title="bbox 134 2924 1710 2997">
    <p class='ocr_par' dir='ltr' id='par_1_47' title="bbox 134 2924 1710 2997">
     <span class='ocr_line' id='line_1_47' title="bbox 134 2924 1710 2997; baseline -0.001 -19"><span class='ocrx_word' id='word_1_336' title='bbox 134 2925 453 2997; x_wconf 81' lang='grc' dir='ltr'>ἔμπρακτον</span> <span class='ocrx_word' id='word_1_337' title='bbox 483 2928 830 2982; x_wconf 82' lang='grc' dir='ltr'>διδασκαλίαν</span> <span class='ocrx_word' id='word_1_338' title='bbox 862 2929 969 2980; x_wconf 79' lang='grc' dir='ltr'>οὐδ’</span> <span class='ocrx_word' id='word_1_339' title='bbox 999 2930 1028 2981; x_wconf 90' lang='grc' dir='ltr'>ὁ</span> <span class='ocrx_word' id='word_1_340' title='bbox 1062 2929 1168 2991; x_wconf 84' lang='grc' dir='ltr'>πᾶς</span> <span class='ocrx_word' id='word_1_341' title='bbox 1195 2926 1326 2980; x_wconf 85' lang='grc' dir='ltr'>αίὼν</span> <span class='ocrx_word' id='word_1_342' title='bbox 1354 2925 1598 2980; x_wconf 87' lang='grc' dir='ltr'>διαλῦσαι</span> <span class='ocrx_word' id='word_1_343' title='bbox 1621 2924 1710 2977; x_wconf 85' lang='grc' dir='ltr'>δυ-</span> 
     </span>
    </p>
   </div>
   <div class='ocr_carea' id='block_1_48' title="bbox 133 3017 1709 3090">
    <p class='ocr_par' dir='ltr' id='par_1_48' title="bbox 133 3017 1709 3090">
     <span class='ocr_line' id='line_1_48' title="bbox 133 3017 1709 3090; baseline -0.001 -18"><span class='ocrx_word' id='word_1_344' title='bbox 133 3017 347 3090; x_wconf 87' lang='grc' dir='ltr'>νηθείη.</span> <span class='ocrx_word' id='word_1_345' title='bbox 387 3019 468 3072; x_wconf 88' lang='grc' dir='ltr'><strong>Τά</strong></span> <span class='ocrx_word' id='word_1_346' title='bbox 526 3020 633 3090; x_wconf 86' lang='grc' dir='ltr'><strong>γὰρ</strong></span> <span class='ocrx_word' id='word_1_347' title='bbox 680 3019 874 3089; x_wconf 83' lang='grc' dir='ltr'>στερεὰ</span> <span class='ocrx_word' id='word_1_348' title='bbox 916 3021 1012 3090; x_wconf 82' lang='grc' dir='ltr'>τῆς</span> <span class='ocrx_word' id='word_1_349' title='bbox 1060 3018 1237 3089; x_wconf 76' lang='grc' dir='ltr'>ψυχῆς</span> <span class='ocrx_word' id='word_1_350' title='bbox 1290 3017 1638 3070; x_wconf 82' lang='grc' dir='ltr'>ὲκκολάπτων</span> <span class='ocrx_word' id='word_1_351' title='bbox 1679 3018 1709 3070; x_wconf 86' lang='grc' dir='ltr'>ὁ</span> 
     </span>
    </p>
   </div>
   <div class='ocr_carea' id='block_1_49' title="bbox 132 3106 1706 3181">
    <p class='ocr_par' dir='ltr' id='par_1_49' title="bbox 132 3106 1706 3181">
     <span class='ocr_line' id='line_1_49' title="bbox 132 3106 1706 3181; baseline -0.004 -16"><span class='ocrx_word' id='word_1_352' title='bbox 132 3109 315 3179; x_wconf 82' lang='grc' dir='ltr'>λόγος,</span> <span class='ocrx_word' id='word_1_353' title='bbox 367 3109 584 3165; x_wconf 79' lang='grc' dir='ltr'>αἰώνιον</span> <span class='ocrx_word' id='word_1_354' title='bbox 625 3111 848 3181; x_wconf 84' lang='grc' dir='ltr'>ἄγαλμα</span> <span class='ocrx_word' id='word_1_355' title='bbox 902 3109 1139 3178; x_wconf 83' lang='grc' dir='ltr'>Χριστοῦ</span> <span class='ocrx_word' id='word_1_356' title='bbox 1192 3111 1304 3172; x_wconf 85' lang='grc' dir='ltr'>τοῖς</span> <span class='ocrx_word' id='word_1_357' title='bbox 1363 3109 1571 3170; x_wconf 87' lang='grc' dir='ltr'>πιστοῖς</span> <span class='ocrx_word' id='word_1_358' title='bbox 1602 3106 1706 3160; x_wconf 80' lang='grc' dir='ltr'>δω-</span> 
     </span>
    </p>
   </div>
   <div class='ocr_carea' id='block_1_50' title="bbox 139 3203 336 3272">
    <p class='ocr_par' dir='ltr' id='par_1_50' title="bbox 139 3203 336 3272">
     <span class='ocr_line' id='line_1_50' title="bbox 139 3203 336 3272; baseline 0.015 -19"><span class='ocrx_word' id='word_1_359' title='bbox 139 3203 336 3272; x_wconf 78' lang='grc' dir='ltr'>ρεῖται.</span> 
     </span>
    </p>
   </div>
   <div class='ocr_carea' id='block_1_51' title="bbox 207 3367 1709 3446">
    <p class='ocr_par' dir='ltr' id='par_1_51' title="bbox 207 3367 1709 3446">
     <span class='ocr_line' id='line_1_51' title="bbox 207 3367 1709 3446; baseline -0.009 -13"><span class='ocrx_word' id='word_1_360' title='bbox 207 3378 297 3433; x_wconf 85' lang='grc'><strong>80.</strong></span> <span class='ocrx_word' id='word_1_361' title='bbox 323 3376 450 3432; x_wconf 83' lang='grc' dir='ltr'>Δέον</span> <span class='ocrx_word' id='word_1_362' title='bbox 478 3371 572 3430; x_wconf 79' lang='grc' dir='ltr'><strong>οῦν</strong></span> <span class='ocrx_word' id='word_1_363' title='bbox 604 3376 699 3429; x_wconf 70' lang='grc' dir='ltr'>καὶ</span> <span class='ocrx_word' id='word_1_364' title='bbox 729 3376 878 3446; x_wconf 85' lang='grc' dir='ltr'>ἡμᾶς</span> <span class='ocrx_word' id='word_1_365' title='bbox 913 3374 988 3444; x_wconf 86' lang='grc' dir='ltr'><strong>μὴ</strong></span> <span class='ocrx_word' id='word_1_366' title='bbox 1028 3371 1348 3425; x_wconf 80' lang='grc' dir='ltr'>ἐπιπόλαιον</span> <span class='ocrx_word' id='word_1_367' title='bbox 1393 3370 1491 3440; x_wconf 80' lang='grc' dir='ltr'>τῆς</span> <span class='ocrx_word' id='word_1_368' title='bbox 1531 3367 1709 3438; x_wconf 72' lang='grc' dir='ltr'>ψυχῆς</span> 
     </span>
    </p>
   </div>
   <div class='ocr_carea' id='block_1_52' title="bbox 133 3458 1706 3538">
    <p class='ocr_par' dir='ltr' id='par_1_52' title="bbox 133 3458 1706 3538">
     <span class='ocr_line' id='line_1_52' title="bbox 133 3458 1706 3538; baseline -0.006 -16"><span class='ocrx_word' id='word_1_369' title='bbox 133 3466 406 3522; x_wconf 81' lang='grc' dir='ltr'>ποιεῖσθαι</span> <span class='ocrx_word' id='word_1_370' title='bbox 432 3467 532 3538; x_wconf 84' lang='grc' dir='ltr'><strong>τὴν</strong></span> <span class='ocrx_word' id='word_1_371' title='bbox 561 3465 877 3537; x_wconf 79' lang='grc' dir='ltr'>θεραπείαν,</span> <span class='ocrx_word' id='word_1_372' title='bbox 931 3463 1045 3518; x_wconf 87' lang='grc' dir='ltr'>ἀλλ’</span> <span class='ocrx_word' id='word_1_373' title='bbox 1100 3463 1227 3532; x_wconf 86' lang='grc' dir='ltr'>ὅλην</span> <span class='ocrx_word' id='word_1_374' title='bbox 1260 3461 1429 3529; x_wconf 78' lang='grc' dir='ltr'>αὐτὴν</span> <span class='ocrx_word' id='word_1_375' title='bbox 1473 3459 1540 3512; x_wconf 87' lang='grc' dir='ltr'>δι’</span> <span class='ocrx_word' id='word_1_376' title='bbox 1583 3458 1706 3512; x_wconf 85' lang='grc' dir='ltr'>ὃλου</span> 
     </span>
    </p>
   </div>
   <div class='ocr_carea' id='block_1_53' title="bbox 133 3551 1706 3630">
    <p class='ocr_par' dir='ltr' id='par_1_53' title="bbox 133 3551 1706 3630">
     <span class='ocr_line' id='line_1_53' title="bbox 133 3551 1706 3630; baseline -0.008 -15"><span class='ocrx_word' id='word_1_377' title='bbox 133 3563 380 3630; x_wconf 85' lang='grc' dir='ltr'>κοσμεῖν,</span> <span class='ocrx_word' id='word_1_378' title='bbox 411 3559 642 3630; x_wconf 87' lang='grc' dir='ltr'>μάλιστα</span> <span class='ocrx_word' id='word_1_379' title='bbox 664 3557 758 3610; x_wconf 86' lang='grc' dir='ltr'><strong>τοῦ</strong></span> <span class='ocrx_word' id='word_1_380' title='bbox 795 3556 988 3626; x_wconf 88' lang='grc' dir='ltr'>βάθους</span> <span class='ocrx_word' id='word_1_381' title='bbox 1008 3554 1082 3626; x_wconf 82' lang='grc' dir='ltr'>μὴ</span> <span class='ocrx_word' id='word_1_382' title='bbox 1117 3551 1445 3624; x_wconf 88' lang='grc' dir='ltr'>ἁμελούσας.</span> <span class='ocrx_word' id='word_1_383' title='bbox 1481 3551 1706 3621; x_wconf 87' lang='grc' dir='ltr'>,Τριχῶν</span> 
     </span>
    </p>
   </div>
   <div class='ocr_carea' id='block_1_54' title="bbox 133 3641 1709 3724">
    <p class='ocr_par' dir='ltr' id='par_1_54' title="bbox 133 3641 1709 3724">
     <span class='ocr_line' id='line_1_54' title="bbox 133 3641 1709 3724; baseline -0.01 -16"><span class='ocrx_word' id='word_1_384' title='bbox 133 3651 510 3724; x_wconf 71' lang='grc' dir='ltr'>ἐποιησάμεθα</span> <span class='ocrx_word' id='word_1_385' title='bbox 539 3650 637 3721; x_wconf 80' lang='grc' dir='ltr'><strong>τὴν</strong></span> <span class='ocrx_word' id='word_1_386' title='bbox 663 3648 952 3719; x_wconf 86' lang='grc' dir='ltr'>ἀφαίρεσιν</span> <span class='ocrx_word' id='word_1_387' title='bbox 983 3662 998 3678; x_wconf 89' lang='grc'><strong>·</strong></span> <span class='ocrx_word' id='word_1_388' title='bbox 1053 3644 1436 3714; x_wconf 86' lang='grc' dir='ltr'>συναφέλωμεν</span> <span class='ocrx_word' id='word_1_389' title='bbox 1474 3641 1709 3704; x_wconf 77' lang='grc' dir='ltr'>καὶτοὺς</span> 
     </span>
    </p>
   </div>
   <div class='ocr_carea' id='block_1_55' title="bbox 133 3727 1708 3815">
    <p class='ocr_par' dir='ltr' id='par_1_55' title="bbox 133 3727 1708 3815">
     <span class='ocr_line' id='line_1_55' title="bbox 133 3727 1708 3815; baseline -0.008 -18"><span class='ocrx_word' id='word_1_390' title='bbox 133 3746 191 3797; x_wconf 80' lang='grc' dir='ltr'>ὲν</span> <span class='ocrx_word' id='word_1_391' title='bbox 211 3746 280 3815; x_wconf 78' lang='grc' dir='ltr'>τῇ</span> <span class='ocrx_word' id='word_1_392' title='bbox 306 3742 514 3812; x_wconf 82' lang='grc' dir='ltr'>κεφαλῇ</span> <span class='ocrx_word' id='word_1_393' title='bbox 549 3740 834 3810; x_wconf 84' lang='grc' dir='ltr'>σκώληκας</span> <span class='ocrx_word' id='word_1_394' title='bbox 853 3757 866 3769; x_wconf 87' lang='grc'>·</span> <span class='ocrx_word' id='word_1_395' title='bbox 916 3736 1244 3809; x_wconf 89' lang='grc' dir='ltr'>μονάσαντες</span> <span class='ocrx_word' id='word_1_396' title='bbox 1268 3735 1381 3815; x_wconf 0' lang='grc' dir='ltr'>,γὰρ</span> <span class='ocrx_word' id='word_1_397' title='bbox 1413 3727 1578 3799; x_wconf 77' lang='grc' dir='ltr'>οὗτοι,</span> <span class='ocrx_word' id='word_1_398' title='bbox 1617 3733 1708 3785; x_wconf 77' lang='grc' dir='ltr'>ἐπὶ</span> 
     </span>
    </p>
   </div>
   <div class='ocr_carea' id='block_1_56' title="bbox 133 3814 1708 3906">
    <p class='ocr_par' dir='ltr' id='par_1_56' title="bbox 133 3814 1708 3906">
     <span class='ocr_line' id='line_1_56' title="bbox 133 3814 1708 3906; baseline -0.006 -18"><span class='ocrx_word' id='word_1_399' title='bbox 133 3814 322 3889; x_wconf 86' lang='grc' dir='ltr'>πλεῖον</span> <span class='ocrx_word' id='word_1_400' title='bbox 351 3835 499 3906; x_wconf 82' lang='grc' dir='ltr'>ἡμᾶς</span> <span class='ocrx_word' id='word_1_401' title='bbox 526 3833 861 3902; x_wconf 84' lang='grc' dir='ltr'>ὀδυνήσουσι.</span> <span class='ocrx_word' id='word_1_402' title='bbox 901 3829 974 3883; x_wconf 89' lang='grc' dir='ltr'>Τὸ</span> <span class='ocrx_word' id='word_1_403' title='bbox 1011 3829 1109 3900; x_wconf 80' lang='grc' dir='ltr'><strong>μὲν</strong></span> <span class='ocrx_word' id='word_1_404' title='bbox 1132 3827 1239 3899; x_wconf 82' lang='grc' dir='ltr'>γὰρ</span> <span class='ocrx_word' id='word_1_405' title='bbox 1268 3814 1523 3897; x_wconf 42' lang='grc' dir='ltr'>’τρίχωμα</span> <span class='ocrx_word' id='word_1_406' title='bbox 1551 3824 1708 3895; x_wconf 85' lang='grc' dir='ltr'>ήμῶν</span> 
     </span>
    </p>
   </div>
   <div class='ocr_carea' id='block_1_57' title="bbox 131 3922 1708 3998">
    <p class='ocr_par' dir='ltr' id='par_1_57' title="bbox 131 3922 1708 3998">
     <span class='ocr_line' id='line_1_57' title="bbox 131 3922 1708 3998; baseline -0.004 -17"><span class='ocrx_word' id='word_1_407' title='bbox 131 3924 200 3998; x_wconf 75' lang='grc' dir='ltr'>ἦν</span> <span class='ocrx_word' id='word_1_408' title='bbox 227 3929 254 3980; x_wconf 86' lang='grc' dir='ltr'>ὁ</span> <span class='ocrx_word' id='word_1_409' title='bbox 285 3925 428 3980; x_wconf 78' lang='grc' dir='ltr'>κατὰ</span> <span class='ocrx_word' id='word_1_410' title='bbox 472 3925 562 3978; x_wconf 83' lang='grc' dir='ltr'><strong>τὸν</strong></span> <span class='ocrx_word' id='word_1_411' title='bbox 596 3925 710 3994; x_wconf 89' lang='grc' dir='ltr'>βίον</span> <span class='ocrx_word' id='word_1_412' title='bbox 741 3924 962 3994; x_wconf 84' lang='grc' dir='ltr'>κόσμος,</span> <span class='ocrx_word' id='word_1_413' title='bbox 988 3923 1165 3994; x_wconf 74' lang='grc' dir='ltr'>τιμαὶ,</span> <span class='ocrx_word' id='word_1_414' title='bbox 1197 3922 1366 3987; x_wconf 81' lang='grc' dir='ltr'>δόξαι,</span> <span class='ocrx_word' id='word_1_415' title='bbox 1411 3922 1708 3994; x_wconf 88' lang='grc' dir='ltr'>χρημάτων</span> 
     </span>
    </p>
   </div>
   <div class='ocr_carea' id='block_1_58' title="bbox 133 4015 1706 4091">
    <p class='ocr_par' dir='ltr' id='par_1_58' title="bbox 133 4015 1706 4091">
     <span class='ocr_line' id='line_1_58' title="bbox 133 4015 1706 4091; baseline -0.005 -17"><span class='ocrx_word' id='word_1_416' title='bbox 133 4019 347 4091; x_wconf 79' lang='grc' dir='ltr'>κτῆσις,</span> <span class='ocrx_word' id='word_1_417' title='bbox 383 4017 632 4088; x_wconf 73' lang='grc' dir='ltr'>λαμπραὶ</span> <span class='ocrx_word' id='word_1_418' title='bbox 684 4016 910 4085; x_wconf 77' lang='grc' dir='ltr'>ἐσθῆτος</span> <span class='ocrx_word' id='word_1_419' title='bbox 957 4016 1162 4078; x_wconf 82' lang='grc' dir='ltr'>στολαὶ,</span> <span class='ocrx_word' id='word_1_420' title='bbox 1194 4015 1435 4087; x_wconf 88' lang='grc' dir='ltr'>λουτρῶν</span> <span class='ocrx_word' id='word_1_421' title='bbox 1464 4017 1706 4086; x_wconf 88' lang='grc' dir='ltr'>χρήσεις,</span> 
     </span>
    </p>
   </div>
   <div class='ocr_carea' id='block_1_59' title="bbox 135 4103 1704 4178">
    <p class='ocr_par' dir='ltr' id='par_1_59' title="bbox 135 4103 1704 4178">
     <span class='ocr_line' id='line_1_59' title="bbox 135 4103 1704 4178; baseline -0.003 -18"><span class='ocrx_word' id='word_1_422' title='bbox 135 4106 439 4178; x_wconf 88' lang='grc' dir='ltr'>βρωμάτων</span> <span class='ocrx_word' id='word_1_423' title='bbox 466 4104 809 4168; x_wconf 88' lang='grc' dir='ltr'>ἀπολαύσεις.</span> <span class='ocrx_word' id='word_1_424' title='bbox 853 4103 1035 4158; x_wconf 80' lang='grc' dir='ltr'>Ταῦτα</span> <span class='ocrx_word' id='word_1_425' title='bbox 1068 4104 1326 4175; x_wconf 82' lang='grc' dir='ltr'>ἐδόξαμεν</span> <span class='ocrx_word' id='word_1_426' title='bbox 1363 4104 1704 4158; x_wconf 83' lang='grc' dir='ltr'>ἀποϐάλλειν·</span> 
     </span>
    </p>
   </div>
   <div class='ocr_carea' id='block_1_60' title="bbox 131 4191 1705 4266">
    <p class='ocr_par' dir='ltr' id='par_1_60' title="bbox 131 4191 1705 4266">
     <span class='ocr_line' id='line_1_60' title="bbox 131 4191 1705 4266; baseline -0.004 -14"><span class='ocrx_word' id='word_1_427' title='bbox 131 4196 268 4254; x_wconf 78' lang='grc' dir='ltr'>ἀλλὰ</span> <span class='ocrx_word' id='word_1_428' title='bbox 288 4197 414 4259; x_wconf 81' lang='grc' dir='ltr'>τοὺς</span> <span class='ocrx_word' id='word_1_429' title='bbox 448 4193 816 4266; x_wconf 79' lang='grc' dir='ltr'>ψυχοφθόρους</span> <span class='ocrx_word' id='word_1_430' title='bbox 836 4193 1123 4263; x_wconf 83' lang='grc' dir='ltr'>σκώληκας</span> <span class='ocrx_word' id='word_1_431' title='bbox 1156 4193 1355 4263; x_wconf 76' lang='grc' dir='ltr'>μᾶλλον</span> <span class='ocrx_word' id='word_1_432' title='bbox 1394 4191 1705 4262; x_wconf 81' lang='grc' dir='ltr'>ὲξώσωμεν.</span> 
     </span>
    </p>
   </div>
   <div class='ocr_carea' id='block_1_61' title="bbox 131 4280 1710 4357">
    <p class='ocr_par' dir='ltr' id='par_1_61' title="bbox 131 4280 1710 4357">
     <span class='ocr_line' id='line_1_61' title="bbox 131 4280 1710 4357; baseline -0.003 -15"><span class='ocrx_word' id='word_1_433' title='bbox 131 4290 293 4352; x_wconf 90' lang='grc' dir='ltr'>Τίνες</span> <span class='ocrx_word' id='word_1_434' title='bbox 319 4287 376 4341; x_wconf 88' lang='grc' dir='ltr'><strong>δέ</strong></span> <span class='ocrx_word' id='word_1_435' title='bbox 397 4289 532 4340; x_wconf 78' lang='grc' dir='ltr'>εἰσιν</span> <span class='ocrx_word' id='word_1_436' title='bbox 556 4280 730 4351; x_wconf 74' lang='grc' dir='ltr'>οὗτοι;</span> <span class='ocrx_word' id='word_1_437' title='bbox 764 4286 1084 4352; x_wconf 83' lang='grc' dir='ltr'>καταλαλιά,</span> <span class='ocrx_word' id='word_1_438' title='bbox 1124 4286 1402 4357; x_wconf 78' lang='grc' dir='ltr'>ἐπιορκία,</span> <span class='ocrx_word' id='word_1_439' title='bbox 1446 4285 1710 4356; x_wconf 87' lang='grc' dir='ltr'>φιλαργυ-</span> 
     </span>
    </p>
   </div>
   <div class='ocr_carea' id='block_1_62' title="bbox 1884 1908 3375 1981">
    <p class='ocr_par' dir='ltr' id='par_1_62' title="bbox 1884 1908 3375 1981">
     <span class='ocr_line' id='line_1_62' title="bbox 1884 1908 3375 1981; baseline -0.001 -16"><span class='ocrx_word' id='word_1_440' title='bbox 1884 1913 1971 1968; x_wconf 88' lang='grc'><strong>79.</strong></span> <span class='ocrx_word' id='word_1_441' title='bbox 2015 1911 2125 1967; x_wconf 79' lang='lat' dir='ltr'><strong>Res</strong></span> <span class='ocrx_word' id='word_1_442' title='bbox 2155 1917 2240 1966; x_wconf 91' lang='lat' dir='ltr'><strong>est</strong></span> <span class='ocrx_word' id='word_1_443' title='bbox 2277 1909 2606 1981; x_wconf 87' lang='lat' dir='ltr'><strong>periculosa,</strong></span> <span class='ocrx_word' id='word_1_444' title='bbox 2634 1923 2760 1962; x_wconf 90' lang='lat' dir='ltr'><strong>cum</strong></span> <span class='ocrx_word' id='word_1_445' title='bbox 2787 1909 2834 1964; x_wconf 89' lang='lat' dir='ltr'><strong>is</strong></span> <span class='ocrx_word' id='word_1_446' title='bbox 2867 1908 2959 1978; x_wconf 87' lang='lat' dir='ltr'><strong>qui</strong></span> <span class='ocrx_word' id='word_1_447' title='bbox 2984 1909 3092 1964; x_wconf 89' lang='lat' dir='ltr'><strong>vita</strong></span> <span class='ocrx_word' id='word_1_448' title='bbox 3123 1909 3176 1964; x_wconf 91' lang='lat' dir='ltr'><strong>in</strong></span> <span class='ocrx_word' id='word_1_449' title='bbox 3199 1909 3375 1964; x_wconf 82' lang='lat' dir='ltr'><strong>actio-</strong></span> 
     </span>
    </p>
   </div>
   <div class='ocr_carea' id='block_1_63' title="bbox 1810 1999 3372 2075">
    <p class='ocr_par' dir='ltr' id='par_1_63' title="bbox 1810 1999 3372 2075">
     <span class='ocr_line' id='line_1_63' title="bbox 1810 1999 3372 2075; baseline -0.003 -16"><span class='ocrx_word' id='word_1_450' title='bbox 1810 2019 1882 2060; x_wconf 89' lang='lat' dir='ltr'><strong>ne</strong></span> <span class='ocrx_word' id='word_1_451' title='bbox 1920 2005 2097 2075; x_wconf 90' lang='lat' dir='ltr'><strong>posita</strong></span> <span class='ocrx_word' id='word_1_452' title='bbox 2147 2005 2429 2060; x_wconf 90' lang='lat' dir='ltr'><strong>institutus</strong></span> <span class='ocrx_word' id='word_1_453' title='bbox 2475 2021 2586 2059; x_wconf 90' lang='lat' dir='ltr'><strong>non</strong></span> <span class='ocrx_word' id='word_1_454' title='bbox 2624 2013 2743 2066; x_wconf 85' lang='lat' dir='ltr'><strong>est,</strong></span> <span class='ocrx_word' id='word_1_455' title='bbox 2797 2002 2994 2057; x_wconf 89' lang='lat' dir='ltr'><strong>docere</strong></span> <span class='ocrx_word' id='word_1_456' title='bbox 3041 1999 3372 2072; x_wconf 74' lang='lat' dir='ltr'><strong>aggreditur.</strong></span> 
     </span>
    </p>
   </div>
   <div class='ocr_carea' id='block_1_64' title="bbox 1809 2095 3381 2166">
    <p class='ocr_par' dir='ltr' id='par_1_64' title="bbox 1809 2095 3381 2166">
     <span class='ocr_line' id='line_1_64' title="bbox 1809 2095 3381 2166; baseline -0.001 -16"><span class='ocrx_word' id='word_1_457' title='bbox 1809 2096 1944 2150; x_wconf 88' lang='lat' dir='ltr'><strong>Nam</strong></span> <span class='ocrx_word' id='word_1_458' title='bbox 1984 2097 2129 2152; x_wconf 84' lang='lat' dir='ltr'><strong>sicut</strong></span> <span class='ocrx_word' id='word_1_459' title='bbox 2176 2099 2222 2152; x_wconf 90' lang='lat' dir='ltr'><strong>si</strong></span> <span class='ocrx_word' id='word_1_460' title='bbox 2255 2099 2379 2166; x_wconf 89' lang='lat' dir='ltr'><strong>quis</strong></span> <span class='ocrx_word' id='word_1_461' title='bbox 2425 2097 2648 2151; x_wconf 91' lang='lat' dir='ltr'><strong>domum</strong></span> <span class='ocrx_word' id='word_1_462' title='bbox 2699 2095 2906 2150; x_wconf 85' lang='lat' dir='ltr'><strong>habens</strong></span> <span class='ocrx_word' id='word_1_463' title='bbox 2953 2095 3270 2158; x_wconf 89' lang='lat' dir='ltr'><strong>ruinosam,</strong></span> <span class='ocrx_word' id='word_1_464' title='bbox 3322 2102 3381 2149; x_wconf 73' lang='lat' dir='ltr'><strong>et</strong></span> 
     </span>
    </p>
   </div>
   <div class='ocr_carea' id='block_1_65' title="bbox 1813 2186 3378 2260">
    <p class='ocr_par' dir='ltr' id='par_1_65' title="bbox 1813 2186 3378 2260">
     <span class='ocr_line' id='line_1_65' title="bbox 1813 2186 3378 2260; baseline -0.003 -17"><span class='ocrx_word' id='word_1_465' title='bbox 1813 2189 2061 2260; x_wconf 87' lang='lat' dir='ltr'><strong>hospites</strong></span> <span class='ocrx_word' id='word_1_466' title='bbox 2088 2191 2384 2259; x_wconf 82' lang='lat' dir='ltr'><strong>exceperit,</strong></span> <span class='ocrx_word' id='word_1_467' title='bbox 2419 2188 2713 2260; x_wconf 86' lang='lat' dir='ltr'><strong>perniciem</strong></span> <span class='ocrx_word' id='word_1_468' title='bbox 2749 2187 2857 2242; x_wconf 89' lang='lat' dir='ltr'><strong>illis</strong></span> <span class='ocrx_word' id='word_1_469' title='bbox 2884 2202 2980 2255; x_wconf 87' lang='lat' dir='ltr'><strong>per</strong></span> <span class='ocrx_word' id='word_1_470' title='bbox 3005 2187 3138 2241; x_wconf 63' lang='lat' dir='ltr'><strong>aulis</strong></span> <span class='ocrx_word' id='word_1_471' title='bbox 3162 2186 3378 2240; x_wconf 89' lang='lat' dir='ltr'><strong>ruinam</strong></span> 
     </span>
    </p>
   </div>
   <div class='ocr_carea' id='block_1_66' title="bbox 1809 2271 3379 2343">
    <p class='ocr_par' dir='ltr' id='par_1_66' title="bbox 1809 2271 3379 2343">
     <span class='ocr_line' id='line_1_66' title="bbox 1809 2271 3379 2343; baseline -0.006 -9"><span class='ocrx_word' id='word_1_472' title='bbox 1809 2280 1998 2343; x_wconf 77' lang='lat' dir='ltr'><strong>affert;</strong></span> <span class='ocrx_word' id='word_1_473' title='bbox 2033 2279 2114 2335; x_wconf 88' lang='lat' dir='ltr'><strong>sic</strong></span> <span class='ocrx_word' id='word_1_474' title='bbox 2137 2287 2192 2334; x_wconf 91' lang='lat' dir='ltr'><strong>et</strong></span> <span class='ocrx_word' id='word_1_475' title='bbox 2216 2279 2307 2334; x_wconf 87' lang='lat' dir='ltr'><strong>isti</strong></span> <span class='ocrx_word' id='word_1_476' title='bbox 2336 2293 2462 2333; x_wconf 90' lang='lat' dir='ltr'><strong>cum</strong></span> <span class='ocrx_word' id='word_1_477' title='bbox 2490 2284 2650 2332; x_wconf 83' lang='lat' dir='ltr'><strong>antea</strong></span> <span class='ocrx_word' id='word_1_478' title='bbox 2699 2291 2809 2330; x_wconf 91' lang='lat' dir='ltr'><strong>non</strong></span> <span class='ocrx_word' id='word_1_479' title='bbox 2856 2273 3181 2343; x_wconf 89' lang='lat' dir='ltr'><strong>semetipsos</strong></span> <span class='ocrx_word' id='word_1_480' title='bbox 3212 2271 3379 2326; x_wconf 81' lang='lat' dir='ltr'><strong>firmi-</strong></span> 
     </span>
    </p>
   </div>
   <div class='ocr_carea' id='block_1_67' title="bbox 1809 2362 3376 2438">
    <p class='ocr_par' dir='ltr' id='par_1_67' title="bbox 1809 2362 3376 2438">
     <span class='ocr_line' id='line_1_67' title="bbox 1809 2362 3376 2438; baseline -0.006 -13"><span class='ocrx_word' id='word_1_481' title='bbox 1809 2379 1893 2426; x_wconf 90' lang='lat' dir='ltr'><strong>ter</strong></span> <span class='ocrx_word' id='word_1_482' title='bbox 1911 2370 2292 2434; x_wconf 82' lang='lat' dir='ltr'><strong>acdilicassent,</strong></span> <span class='ocrx_word' id='word_1_483' title='bbox 2317 2385 2411 2425; x_wconf 90' lang='lat' dir='ltr'><strong>eos</strong></span> <span class='ocrx_word' id='word_1_484' title='bbox 2439 2369 2532 2438; x_wconf 88' lang='lat' dir='ltr'><strong>qui</strong></span> <span class='ocrx_word' id='word_1_485' title='bbox 2581 2373 2933 2426; x_wconf 81' lang='lat' dir='ltr'><strong>accesserant</strong></span> <span class='ocrx_word' id='word_1_486' title='bbox 2959 2379 3146 2420; x_wconf 88' lang='lat' dir='ltr'><strong>secum</strong></span> <span class='ocrx_word' id='word_1_487' title='bbox 3193 2362 3376 2432; x_wconf 88' lang='lat' dir='ltr'><strong>perdi-</strong></span> 
     </span>
    </p>
   </div>
   <div class='ocr_carea' id='block_1_68' title="bbox 1809 2457 3376 2518">
    <p class='ocr_par' dir='ltr' id='par_1_68' title="bbox 1809 2457 3376 2518">
     <span class='ocr_line' id='line_1_68' title="bbox 1809 2457 3376 2518; baseline -0.007 0"><span class='ocrx_word' id='word_1_488' title='bbox 1809 2463 2022 2518; x_wconf 91' lang='lat' dir='ltr'><strong>derunt.</strong></span> <span class='ocrx_word' id='word_1_489' title='bbox 2062 2462 2273 2518; x_wconf 89' lang='lat' dir='ltr'><strong>Etenim</strong></span> <span class='ocrx_word' id='word_1_490' title='bbox 2312 2461 2493 2516; x_wconf 84' lang='lat' dir='ltr'><strong>verbis</strong></span> <span class='ocrx_word' id='word_1_491' title='bbox 2541 2459 2604 2514; x_wconf 82' lang='lat' dir='ltr'><strong>ad</strong></span> <span class='ocrx_word' id='word_1_492' title='bbox 2640 2460 2871 2514; x_wconf 85' lang='lat' dir='ltr'><strong>salutem</strong></span> <span class='ocrx_word' id='word_1_493' title='bbox 2914 2457 3217 2518; x_wconf 89' lang='lat' dir='ltr'><strong>vocabant,</strong></span> <span class='ocrx_word' id='word_1_494' title='bbox 3254 2470 3376 2508; x_wconf 84' lang='lat' dir='ltr'><strong>mo-</strong></span> 
     </span>
    </p>
   </div>
   <div class='ocr_carea' id='block_1_69' title="bbox 1811 2545 3377 2621">
    <p class='ocr_par' dir='ltr' id='par_1_69' title="bbox 1811 2545 3377 2621">
     <span class='ocr_line' id='line_1_69' title="bbox 1811 2545 3377 2621; baseline -0.005 -15"><span class='ocrx_word' id='word_1_495' title='bbox 1811 2569 1930 2606; x_wconf 89' lang='lat' dir='ltr'><strong>rum</strong></span> <span class='ocrx_word' id='word_1_496' title='bbox 1964 2560 2147 2607; x_wconf 89' lang='lat' dir='ltr'><strong>autem</strong></span> <span class='ocrx_word' id='word_1_497' title='bbox 2180 2551 2424 2621; x_wconf 89' lang='lat' dir='ltr'><strong>nequitia</strong></span> <span class='ocrx_word' id='word_1_498' title='bbox 2452 2565 2547 2604; x_wconf 91' lang='lat' dir='ltr'><strong>eos</strong></span> <span class='ocrx_word' id='word_1_499' title='bbox 2571 2548 2665 2619; x_wconf 91' lang='lat' dir='ltr'><strong>qui</strong></span> <span class='ocrx_word' id='word_1_500' title='bbox 2693 2546 2908 2602; x_wconf 84' lang='lat' dir='ltr'><strong>collecti</strong></span> <span class='ocrx_word' id='word_1_501' title='bbox 2932 2545 3151 2600; x_wconf 77' lang='lat' dir='ltr'><strong>fuerant</strong></span> <span class='ocrx_word' id='word_1_502' title='bbox 3175 2545 3377 2598; x_wconf 89' lang='lat' dir='ltr'><strong>damno</strong></span> 
     </span>
    </p>
   </div>
   <div class='ocr_carea' id='block_1_70' title="bbox 1809 2635 3378 2713">
    <p class='ocr_par' dir='ltr' id='par_1_70' title="bbox 1809 2635 3378 2713">
     <span class='ocr_line' id='line_1_70' title="bbox 1809 2635 3378 2713; baseline -0.007 -15"><span class='ocrx_word' id='word_1_503' title='bbox 1809 2644 2124 2700; x_wconf 71' lang='lat' dir='ltr'><strong>affecerunt.</strong></span> <span class='ocrx_word' id='word_1_504' title='bbox 2158 2641 2292 2696; x_wconf 86' lang='lat' dir='ltr'><strong>Nam</strong></span> <span class='ocrx_word' id='word_1_505' title='bbox 2323 2642 2557 2713; x_wconf 79' lang='lat' dir='ltr'><strong>simplex</strong></span> <span class='ocrx_word' id='word_1_506' title='bbox 2594 2640 2884 2696; x_wconf 84' lang='lat' dir='ltr'><strong>verborum</strong></span> <span class='ocrx_word' id='word_1_507' title='bbox 2918 2636 3192 2708; x_wconf 82' lang='lat' dir='ltr'><strong>expositio</strong></span> <span class='ocrx_word' id='word_1_508' title='bbox 3223 2635 3378 2691; x_wconf 89' lang='lat' dir='ltr'><strong>simi-</strong></span> 
     </span>
    </p>
   </div>
   <div class='ocr_carea' id='block_1_71' title="bbox 1809 2727 3374 2805">
    <p class='ocr_par' dir='ltr' id='par_1_71' title="bbox 1809 2727 3374 2805">
     <span class='ocr_line' id='line_1_71' title="bbox 1809 2727 3374 2805; baseline -0.006 -15"><span class='ocrx_word' id='word_1_509' title='bbox 1809 2736 1877 2791; x_wconf 87' lang='lat' dir='ltr'><strong>lis</strong></span> <span class='ocrx_word' id='word_1_510' title='bbox 1906 2743 1989 2790; x_wconf 91' lang='lat' dir='ltr'><strong>est</strong></span> <span class='ocrx_word' id='word_1_511' title='bbox 2026 2735 2256 2805; x_wconf 91' lang='lat' dir='ltr'><strong>picturis</strong></span> <span class='ocrx_word' id='word_1_512' title='bbox 2277 2776 2292 2801; x_wconf 93' lang='lat'><strong>,</strong></span> <span class='ocrx_word' id='word_1_513' title='bbox 2337 2749 2459 2804; x_wconf 72' lang='lat' dir='ltr'><strong>quae</strong></span> <span class='ocrx_word' id='word_1_514' title='bbox 2493 2732 2702 2787; x_wconf 87' lang='lat' dir='ltr'><strong>levibus</strong></span> <span class='ocrx_word' id='word_1_515' title='bbox 2731 2728 3058 2798; x_wconf 88' lang='lat' dir='ltr'><strong>vitiosisque</strong></span> <span class='ocrx_word' id='word_1_516' title='bbox 3088 2727 3374 2781; x_wconf 85' lang='lat' dir='ltr'><strong>coloribus</strong></span> 
     </span>
    </p>
   </div>
   <div class='ocr_carea' id='block_1_72' title="bbox 1809 2815 3377 2895">
    <p class='ocr_par' dir='ltr' id='par_1_72' title="bbox 1809 2815 3377 2895">
     <span class='ocr_line' id='line_1_72' title="bbox 1809 2815 3377 2895; baseline -0.011 -12"><span class='ocrx_word' id='word_1_517' title='bbox 1809 2834 2082 2891; x_wconf 89' lang='lat' dir='ltr'><strong>constant,</strong></span> <span class='ocrx_word' id='word_1_518' title='bbox 2112 2841 2252 2895; x_wconf 89' lang='lat' dir='ltr'><strong>quas</strong></span> <span class='ocrx_word' id='word_1_519' title='bbox 2287 2823 2671 2879; x_wconf 89' lang='lat' dir='ltr'><strong>brevissimum</strong></span> <span class='ocrx_word' id='word_1_520' title='bbox 2726 2832 2939 2890; x_wconf 88' lang='lat' dir='ltr'><strong>tempus</strong></span> <span class='ocrx_word' id='word_1_521' title='bbox 2964 2825 3248 2873; x_wconf 84' lang='lat' dir='ltr'><strong>ventorum</strong></span> <span class='ocrx_word' id='word_1_522' title='bbox 3280 2815 3377 2868; x_wconf 80' lang='lat' dir='ltr'><strong>ﬂa-</strong></span> 
     </span>
    </p>
   </div>
   <div class='ocr_carea' id='block_1_73' title="bbox 1809 2906 3376 2984">
    <p class='ocr_par' dir='ltr' id='par_1_73' title="bbox 1809 2906 3376 2984">
     <span class='ocr_line' id='line_1_73' title="bbox 1809 2906 3376 2984; baseline -0.008 -12"><span class='ocrx_word' id='word_1_523' title='bbox 1809 2917 1978 2980; x_wconf 85' lang='lat' dir='ltr'><strong>tibus,</strong></span> <span class='ocrx_word' id='word_1_524' title='bbox 2013 2914 2378 2983; x_wconf 88' lang='lat' dir='ltr'><strong>imbriumque</strong></span> <span class='ocrx_word' id='word_1_525' title='bbox 2405 2913 2718 2984; x_wconf 88' lang='lat' dir='ltr'><strong>perfusione</strong></span> <span class='ocrx_word' id='word_1_526' title='bbox 2748 2910 3016 2965; x_wconf 89' lang='lat' dir='ltr'><strong>dissolvit.</strong></span> <span class='ocrx_word' id='word_1_527' title='bbox 3054 2909 3123 2962; x_wconf 82' lang='lat' dir='ltr'><strong>At</strong></span> <span class='ocrx_word' id='word_1_528' title='bbox 3172 2906 3376 2962; x_wconf 85' lang='lat' dir='ltr'><strong>doctri-</strong></span> 
     </span>
    </p>
   </div>
   <div class='ocr_carea' id='block_1_74' title="bbox 1811 2999 3374 3076">
    <p class='ocr_par' dir='ltr' id='par_1_74' title="bbox 1811 2999 3374 3076">
     <span class='ocr_line' id='line_1_74' title="bbox 1811 2999 3374 3076; baseline -0.009 -14"><span class='ocrx_word' id='word_1_529' title='bbox 1811 3023 1936 3062; x_wconf 90' lang='lat' dir='ltr'><strong>nam</strong></span> <span class='ocrx_word' id='word_1_530' title='bbox 1960 3007 2216 3076; x_wconf 86' lang='lat' dir='ltr'><strong>operibus</strong></span> <span class='ocrx_word' id='word_1_531' title='bbox 2239 3005 2636 3067; x_wconf 75' lang='lat' dir='ltr'><strong>confirmatam,</strong></span> <span class='ocrx_word' id='word_1_532' title='bbox 2660 3019 2727 3056; x_wconf 91' lang='lat' dir='ltr'><strong>ne</strong></span> <span class='ocrx_word' id='word_1_533' title='bbox 2755 3010 2928 3057; x_wconf 89' lang='lat' dir='ltr'><strong>totum</strong></span> <span class='ocrx_word' id='word_1_534' title='bbox 2955 2999 3172 3070; x_wconf 90' lang='lat' dir='ltr'><strong>quidem</strong></span> <span class='ocrx_word' id='word_1_535' title='bbox 3201 3013 3374 3052; x_wconf 81' lang='lat' dir='ltr'><strong>aevum</strong></span> 
     </span>
    </p>
   </div>
   <div class='ocr_carea' id='block_1_75' title="bbox 1811 3089 3376 3167">
    <p class='ocr_par' dir='ltr' id='par_1_75' title="bbox 1811 3089 3376 3167">
     <span class='ocr_line' id='line_1_75' title="bbox 1811 3089 3376 3167; baseline -0.006 -15"><span class='ocrx_word' id='word_1_536' title='bbox 1811 3099 2107 3154; x_wconf 87' lang='lat' dir='ltr'><strong>dissolvere</strong></span> <span class='ocrx_word' id='word_1_537' title='bbox 2139 3097 2396 3167; x_wconf 88' lang='lat' dir='ltr'><strong>potuerit.</strong></span> <span class='ocrx_word' id='word_1_538' title='bbox 2437 3093 2569 3148; x_wconf 87' lang='lat' dir='ltr'><strong>Nam</strong></span> <span class='ocrx_word' id='word_1_539' title='bbox 2613 3093 2785 3150; x_wconf 88' lang='lat' dir='ltr'><strong>solida</strong></span> <span class='ocrx_word' id='word_1_540' title='bbox 2825 3093 3020 3145; x_wconf 85' lang='lat' dir='ltr'><strong>animae</strong></span> <span class='ocrx_word' id='word_1_541' title='bbox 3049 3089 3376 3158; x_wconf 81' lang='lat' dir='ltr'><strong>exsculpens</strong></span> 
     </span>
    </p>
   </div>
   <div class='ocr_carea' id='block_1_76' title="bbox 1809 3179 3378 3252">
    <p class='ocr_par' dir='ltr' id='par_1_76' title="bbox 1809 3179 3378 3252">
     <span class='ocr_line' id='line_1_76' title="bbox 1809 3179 3378 3252; baseline -0.006 -8"><span class='ocrx_word' id='word_1_542' title='bbox 1809 3203 2032 3252; x_wconf 88' lang='lat' dir='ltr'><strong>sermo,</strong></span> <span class='ocrx_word' id='word_1_543' title='bbox 2097 3199 2357 3242; x_wconf 82' lang='lat' dir='ltr'><strong>aeternum</strong></span> <span class='ocrx_word' id='word_1_544' title='bbox 2415 3184 2620 3241; x_wconf 82' lang='lat' dir='ltr'><strong>Christi</strong></span> <span class='ocrx_word' id='word_1_545' title='bbox 2701 3183 3052 3239; x_wconf 87' lang='lat' dir='ltr'><strong>simulacrum</strong></span> <span class='ocrx_word' id='word_1_546' title='bbox 3125 3179 3378 3234; x_wconf 82' lang='lat' dir='ltr'><strong>fidelibus</strong></span> 
     </span>
    </p>
   </div>
   <div class='ocr_carea' id='block_1_77' title="bbox 1809 3279 2050 3338">
    <p class='ocr_par' dir='ltr' id='par_1_77' title="bbox 1809 3279 2050 3338">
     <span class='ocr_line' id='line_1_77' title="bbox 1809 3279 2050 3338; baseline -0.008 -4"><span class='ocrx_word' id='word_1_547' title='bbox 1809 3279 2018 3334; x_wconf 87' lang='lat' dir='ltr'><strong>tribuit.</strong></span> <span class='ocrx_word' id='word_1_548' title='bbox 2040 3328 2050 3338; x_wconf 89' lang='grc'><strong>,</strong></span> 
     </span>
    </p>
   </div>
   <div class='ocr_carea' id='block_1_78' title="bbox 1881 3359 3373 3433">
    <p class='ocr_par' dir='ltr' id='par_1_78' title="bbox 1881 3359 3373 3433">
     <span class='ocr_line' id='line_1_78' title="bbox 1881 3359 3373 3433; baseline -0.008 -9"><span class='ocrx_word' id='word_1_549' title='bbox 1881 3370 1970 3424; x_wconf 90' lang='grc'><strong>80.</strong></span> <span class='ocrx_word' id='word_1_550' title='bbox 2013 3366 2377 3433; x_wconf 83' lang='lat' dir='ltr'><strong>Quamobrem</strong></span> <span class='ocrx_word' id='word_1_551' title='bbox 2422 3365 2682 3419; x_wconf 87' lang='lat' dir='ltr'><strong>debemus</strong></span> <span class='ocrx_word' id='word_1_552' title='bbox 2722 3361 2915 3415; x_wconf 69' lang='lat' dir='ltr'><strong>anima:</strong></span> <span class='ocrx_word' id='word_1_553' title='bbox 2967 3375 3154 3414; x_wconf 84' lang='lat' dir='ltr'><strong>curam</strong></span> <span class='ocrx_word' id='word_1_554' title='bbox 3190 3359 3373 3414; x_wconf 88' lang='lat' dir='ltr'><strong>susci-</strong></span> 
     </span>
    </p>
   </div>
   <div class='ocr_carea' id='block_1_79' title="bbox 1808 3450 3376 3534">
    <p class='ocr_par' dir='ltr' id='par_1_79' title="bbox 1808 3450 3376 3534">
     <span class='ocr_line' id='line_1_79' title="bbox 1808 3450 3376 3534; baseline -0.007 -18"><span class='ocrx_word' id='word_1_555' title='bbox 1808 3477 1958 3534; x_wconf 91' lang='lat' dir='ltr'><strong>pere,</strong></span> <span class='ocrx_word' id='word_1_556' title='bbox 1981 3457 2570 3528; x_wconf 73' lang='lat' dir='ltr'><strong>nonEperfunctoriam.</strong></span> <span class='ocrx_word' id='word_1_557' title='bbox 2601 3470 2711 3508; x_wconf 94' lang='lat' dir='ltr'><strong>non</strong></span> <span class='ocrx_word' id='word_1_558' title='bbox 2735 3453 2973 3507; x_wconf 91' lang='lat' dir='ltr'><strong>fucatam</strong></span> <span class='ocrx_word' id='word_1_559' title='bbox 3004 3468 3018 3516; x_wconf 92' lang='lat'><strong>;</strong></span> <span class='ocrx_word' id='word_1_560' title='bbox 3045 3451 3140 3506; x_wconf 90' lang='lat' dir='ltr'><strong>sed</strong></span> <span class='ocrx_word' id='word_1_561' title='bbox 3173 3450 3227 3503; x_wconf 92' lang='lat' dir='ltr'><strong>in</strong></span> <span class='ocrx_word' id='word_1_562' title='bbox 3259 3458 3376 3505; x_wconf 86' lang='lat' dir='ltr'><strong>tota</strong></span> 
     </span>
    </p>
   </div>
   <div class='ocr_carea' id='block_1_80' title="bbox 1809 3544 3373 3617">
    <p class='ocr_par' dir='ltr' id='par_1_80' title="bbox 1809 3544 3373 3617">
     <span class='ocr_line' id='line_1_80' title="bbox 1809 3544 3373 3617; baseline -0.008 -9"><span class='ocrx_word' id='word_1_563' title='bbox 1809 3555 1903 3608; x_wconf 89' lang='lat' dir='ltr'><strong>illa</strong></span> <span class='ocrx_word' id='word_1_564' title='bbox 1933 3550 2246 3609; x_wconf 82' lang='lat' dir='ltr'><strong>exornanda</strong></span> <span class='ocrx_word' id='word_1_565' title='bbox 2271 3556 2438 3603; x_wconf 90' lang='lat' dir='ltr'><strong>totam</strong></span> <span class='ocrx_word' id='word_1_566' title='bbox 2469 3562 2668 3616; x_wconf 89' lang='lat' dir='ltr'><strong>ponere</strong></span> <span class='ocrx_word' id='word_1_567' title='bbox 2699 3559 2944 3617; x_wconf 90' lang='lat' dir='ltr'><strong>operam,</strong></span> <span class='ocrx_word' id='word_1_568' title='bbox 2977 3560 3086 3598; x_wconf 93' lang='lat' dir='ltr'><strong>non</strong></span> <span class='ocrx_word' id='word_1_569' title='bbox 3124 3544 3373 3614; x_wconf 88' lang='lat' dir='ltr'><strong>neglecta</strong></span> 
     </span>
    </p>
   </div>
   <div class='ocr_carea' id='block_1_81' title="bbox 1809 3637 3376 3714">
    <p class='ocr_par' dir='ltr' id='par_1_81' title="bbox 1809 3637 3376 3714">
     <span class='ocr_line' id='line_1_81' title="bbox 1809 3637 3376 3714; baseline -0.006 -17"><span class='ocrx_word' id='word_1_570' title='bbox 1809 3645 2115 3714; x_wconf 86' lang='lat' dir='ltr'><strong>praesertim</strong></span> <span class='ocrx_word' id='word_1_571' title='bbox 2167 3639 2557 3711; x_wconf 83' lang='lat' dir='ltr'><strong>profunditate.</strong></span> <span class='ocrx_word' id='word_1_572' title='bbox 2598 3637 2943 3691; x_wconf 86' lang='lat' dir='ltr'><strong>Abscidimus</strong></span> <span class='ocrx_word' id='word_1_573' title='bbox 2980 3649 3220 3702; x_wconf 89' lang='lat' dir='ltr'><strong>comam;</strong></span> <span class='ocrx_word' id='word_1_574' title='bbox 3267 3649 3376 3687; x_wconf 87' lang='lat' dir='ltr'><strong>una</strong></span> 
     </span>
    </p>
   </div>
   <div class='ocr_carea' id='block_1_82' title="bbox 1812 3727 3379 3798">
    <p class='ocr_par' dir='ltr' id='par_1_82' title="bbox 1812 3727 3379 3798">
     <span class='ocr_line' id='line_1_82' title="bbox 1812 3727 3379 3798; baseline -0.008 -7"><span class='ocrx_word' id='word_1_575' title='bbox 1812 3735 2127 3791; x_wconf 80' lang='lat' dir='ltr'><strong>auferamus</strong></span> <span class='ocrx_word' id='word_1_576' title='bbox 2174 3741 2228 3788; x_wconf 87' lang='lat' dir='ltr'><strong>et</strong></span> <span class='ocrx_word' id='word_1_577' title='bbox 2278 3733 2456 3785; x_wconf 90' lang='lat' dir='ltr'><strong>tineas</strong></span> <span class='ocrx_word' id='word_1_578' title='bbox 2488 3730 2719 3798; x_wconf 88' lang='lat' dir='ltr'><strong>capitis:</strong></span> <span class='ocrx_word' id='word_1_579' title='bbox 2773 3743 2897 3782; x_wconf 92' lang='lat' dir='ltr'><strong>nam</strong></span> <span class='ocrx_word' id='word_1_580' title='bbox 2950 3727 2997 3780; x_wconf 92' lang='lat' dir='ltr'><strong>si</strong></span> <span class='ocrx_word' id='word_1_581' title='bbox 3041 3727 3169 3782; x_wconf 70' lang='lat' dir='ltr'><strong>solae</strong></span> <span class='ocrx_word' id='word_1_582' title='bbox 3212 3727 3379 3780; x_wconf 77' lang='lat' dir='ltr'><strong>relin-</strong></span> 
     </span>
    </p>
   </div>
   <div class='ocr_carea' id='block_1_83' title="bbox 1810 3817 3373 3898">
    <p class='ocr_par' dir='ltr' id='par_1_83' title="bbox 1810 3817 3373 3898">
     <span class='ocr_line' id='line_1_83' title="bbox 1810 3817 3373 3898; baseline -0.007 -16"><span class='ocrx_word' id='word_1_583' title='bbox 1810 3833 2049 3898; x_wconf 89' lang='lat' dir='ltr'><strong>quantur</strong></span> <span class='ocrx_word' id='word_1_584' title='bbox 2108 3825 2241 3887; x_wconf 57' lang='lat' dir='ltr'><strong>illa,</strong></span> <span class='ocrx_word' id='word_1_585' title='bbox 2309 3822 2568 3889; x_wconf 87' lang='lat' dir='ltr'><strong>majorem</strong></span> <span class='ocrx_word' id='word_1_586' title='bbox 2620 3819 2778 3874; x_wconf 90' lang='lat' dir='ltr'><strong>nobis</strong></span> <span class='ocrx_word' id='word_1_587' title='bbox 2833 3817 3059 3872; x_wconf 73' lang='lat' dir='ltr'><strong>afferent</strong></span> <span class='ocrx_word' id='word_1_588' title='bbox 3109 3817 3373 3872; x_wconf 91' lang='lat' dir='ltr'><strong>dolorem.</strong></span> 
     </span>
    </p>
   </div>
   <div class='ocr_carea' id='block_1_84' title="bbox 1809 3909 3375 3986">
    <p class='ocr_par' dir='ltr' id='par_1_84' title="bbox 1809 3909 3375 3986">
     <span class='ocr_line' id='line_1_84' title="bbox 1809 3909 3375 3986; baseline -0.008 -12"><span class='ocrx_word' id='word_1_589' title='bbox 1809 3919 2076 3974; x_wconf 72' lang='lat' dir='ltr'><strong>Cazsaries</strong></span> <span class='ocrx_word' id='word_1_590' title='bbox 2107 3915 2307 3986; x_wconf 91' lang='lat' dir='ltr'><strong>quippe</strong></span> <span class='ocrx_word' id='word_1_591' title='bbox 2362 3921 2551 3967; x_wconf 89' lang='lat' dir='ltr'><strong>nostra</strong></span> <span class='ocrx_word' id='word_1_592' title='bbox 2599 3918 2753 3978; x_wconf 89' lang='lat' dir='ltr'><strong>erat,</strong></span> <span class='ocrx_word' id='word_1_593' title='bbox 2804 3909 3083 3964; x_wconf 60' lang='lat' dir='ltr'><strong>saecularis</strong></span> <span class='ocrx_word' id='word_1_594' title='bbox 3112 3915 3375 3973; x_wconf 86' lang='lat' dir='ltr'><strong>ornatus,</strong></span> 
     </span>
    </p>
   </div>
   <div class='ocr_carea' id='block_1_85' title="bbox 1809 4002 3380 4079">
    <p class='ocr_par' dir='ltr' id='par_1_85' title="bbox 1809 4002 3380 4079">
     <span class='ocr_line' id='line_1_85' title="bbox 1809 4002 3380 4079; baseline -0.006 -13"><span class='ocrx_word' id='word_1_595' title='bbox 1809 4014 2085 4075; x_wconf 87' lang='lat' dir='ltr'><strong>honores,</strong></span> <span class='ocrx_word' id='word_1_596' title='bbox 2144 4010 2350 4079; x_wconf 87' lang='lat' dir='ltr'><strong>gloria,</strong></span> <span class='ocrx_word' id='word_1_597' title='bbox 2394 4006 2717 4068; x_wconf 82' lang='lat' dir='ltr'><strong>facultates,</strong></span> <span class='ocrx_word' id='word_1_598' title='bbox 2776 4005 3008 4060; x_wconf 92' lang='lat' dir='ltr'><strong>vestium</strong></span> <span class='ocrx_word' id='word_1_599' title='bbox 3055 4002 3380 4074; x_wconf 88' lang='lat' dir='ltr'><strong>splendidus</strong></span> 
     </span>
    </p>
   </div>
   <div class='ocr_carea' id='block_1_86' title="bbox 1810 4093 3380 4167">
    <p class='ocr_par' dir='ltr' id='par_1_86' title="bbox 1810 4093 3380 4167">
     <span class='ocr_line' id='line_1_86' title="bbox 1810 4093 3380 4167; baseline -0.008 -8"><span class='ocrx_word' id='word_1_600' title='bbox 1810 4104 2064 4167; x_wconf 86' lang='lat' dir='ltr'><strong>amictus,</strong></span> <span class='ocrx_word' id='word_1_601' title='bbox 2097 4102 2416 4156; x_wconf 89' lang='lat' dir='ltr'><strong>balneorum</strong></span> <span class='ocrx_word' id='word_1_602' title='bbox 2448 4113 2583 4152; x_wconf 93' lang='lat' dir='ltr'><strong>usus</strong></span> <span class='ocrx_word' id='word_1_603' title='bbox 2609 4138 2624 4160; x_wconf 91' lang='lat'><strong>,</strong></span> <span class='ocrx_word' id='word_1_604' title='bbox 2670 4097 2917 4150; x_wconf 87' lang='lat' dir='ltr'><strong>ciborum</strong></span> <span class='ocrx_word' id='word_1_605' title='bbox 2944 4097 3212 4165; x_wconf 87' lang='lat' dir='ltr'><strong>voluptas.</strong></span> <span class='ocrx_word' id='word_1_606' title='bbox 3257 4093 3380 4148; x_wconf 65' lang='lat' dir='ltr'><strong>Haec</strong></span> 
     </span>
    </p>
   </div>
   <div class='ocr_carea' id='block_1_87' title="bbox 1809 4185 3382 4257">
    <p class='ocr_par' dir='ltr' id='par_1_87' title="bbox 1809 4185 3382 4257">
     <span class='ocr_line' id='line_1_87' title="bbox 1809 4185 3382 4257; baseline -0.009 -7"><span class='ocrx_word' id='word_1_607' title='bbox 1809 4195 2059 4250; x_wconf 90' lang='lat' dir='ltr'><strong>videmur</strong></span> <span class='ocrx_word' id='word_1_608' title='bbox 2089 4192 2412 4257; x_wconf 88' lang='lat' dir='ltr'><strong>abdicasse;</strong></span> <span class='ocrx_word' id='word_1_609' title='bbox 2463 4203 2653 4244; x_wconf 90' lang='lat' dir='ltr'><strong>verum</strong></span> <span class='ocrx_word' id='word_1_610' title='bbox 2705 4187 2900 4242; x_wconf 85' lang='lat' dir='ltr'><strong>animae</strong></span> <span class='ocrx_word' id='word_1_611' title='bbox 2929 4185 3266 4256; x_wconf 87' lang='lat' dir='ltr'><strong>perniciosas</strong></span> <span class='ocrx_word' id='word_1_612' title='bbox 3311 4186 3382 4237; x_wconf 90' lang='lat' dir='ltr'><strong>ti-</strong></span> 
     </span>
    </p>
   </div>
   <div class='ocr_carea' id='block_1_88' title="bbox 1812 4277 3381 4354">
    <p class='ocr_par' dir='ltr' id='par_1_88' title="bbox 1812 4277 3381 4354">
     <span class='ocr_line' id='line_1_88' title="bbox 1812 4277 3381 4354; baseline -0.008 -12"><span class='ocrx_word' id='word_1_613' title='bbox 1812 4302 1944 4342; x_wconf 87' lang='lat' dir='ltr'><strong>neas</strong></span> <span class='ocrx_word' id='word_1_614' title='bbox 1975 4285 2317 4354; x_wconf 85' lang='lat' dir='ltr'><strong>abjiciamus.</strong></span> <span class='ocrx_word' id='word_1_615' title='bbox 2343 4281 2604 4348; x_wconf 64' lang='lat' dir='ltr'><strong>Quaenam</strong></span> <span class='ocrx_word' id='word_1_616' title='bbox 2637 4280 2742 4334; x_wconf 75' lang='lat' dir='ltr'><strong>illae</strong></span> <span class='ocrx_word' id='word_1_617' title='bbox 2773 4279 2936 4335; x_wconf 88' lang='lat' dir='ltr'><strong>sunt?</strong></span> <span class='ocrx_word' id='word_1_618' title='bbox 2965 4277 3121 4331; x_wconf 68' lang='lat' dir='ltr'><strong>malae</strong></span> <span class='ocrx_word' id='word_1_619' title='bbox 3171 4277 3381 4347; x_wconf 89' lang='lat' dir='ltr'><strong>cogita-</strong></span> 
     </span>
    </p>
   </div>
   <div class='ocr_carea' id='block_1_89' title="bbox 137 4367 1709 4458">
    <p class='ocr_par' dir='ltr' id='par_1_89' title="bbox 137 4376 1709 4455">
     <span class='ocr_line' id='line_1_89' title="bbox 137 4376 1709 4455; baseline -0.004 -20"><span class='ocrx_word' id='word_1_620' title='bbox 137 4381 248 4455; x_wconf 89' lang='grc' dir='ltr'>ρία.</span> <span class='ocrx_word' id='word_1_621' title='bbox 301 4380 367 4435; x_wconf 86' lang='grc' dir='ltr'><em>Ἦ</em></span> <span class='ocrx_word' id='word_1_622' title='bbox 416 4376 509 4433; x_wconf 81' lang='grc' dir='ltr'><strong>οὖν</strong></span> <span class='ocrx_word' id='word_1_623' title='bbox 541 4378 750 4449; x_wconf 84' lang='grc' dir='ltr'>κεφαλὴ</span> <span class='ocrx_word' id='word_1_624' title='bbox 801 4377 958 4449; x_wconf 84' lang='grc' dir='ltr'>ήμῶν</span> <span class='ocrx_word' id='word_1_625' title='bbox 983 4380 1130 4431; x_wconf 78' lang='grc' dir='ltr'>ἐστιν</span> <span class='ocrx_word' id='word_1_626' title='bbox 1158 4378 1192 4448; x_wconf 86' lang='grc' dir='ltr'><strong>ή</strong></span> <span class='ocrx_word' id='word_1_627' title='bbox 1234 4376 1380 4448; x_wconf 82' lang='grc' dir='ltr'>ψυχή</span> <span class='ocrx_word' id='word_1_628' title='bbox 1408 4395 1420 4408; x_wconf 84' lang='grc'>·</span> <span class='ocrx_word' id='word_1_629' title='bbox 1459 4378 1554 4430; x_wconf 77' lang='grc' dir='ltr'><strong>καὶ</strong></span> <span class='ocrx_word' id='word_1_630' title='bbox 1605 4377 1709 4440; x_wconf 71' lang='grc' dir='ltr'><strong>ἕως</strong></span> 
     </span>
    </p>
   </div>
   <div class='ocr_carea' id='block_1_90' title="bbox 1814 4367 3382 4458">
    <p class='ocr_par' dir='ltr' id='par_1_90' title="bbox 1815 4367 3382 4443">
     <span class='ocr_line' id='line_1_90' title="bbox 1815 4367 3382 4443; baseline -0.008 -10"><span class='ocrx_word' id='word_1_631' title='bbox 1815 4379 2011 4441; x_wconf 87' lang='lat' dir='ltr'><strong>tiones,</strong></span> <span class='ocrx_word' id='word_1_632' title='bbox 2035 4373 2361 4430; x_wconf 89' lang='lat' dir='ltr'><strong>obtrectatio</strong></span> <span class='ocrx_word' id='word_1_633' title='bbox 2386 4413 2401 4436; x_wconf 97' lang='lat'><strong>,</strong></span> <span class='ocrx_word' id='word_1_634' title='bbox 2436 4372 2760 4443; x_wconf 84' lang='lat' dir='ltr'><strong>perjurium,</strong></span> <span class='ocrx_word' id='word_1_635' title='bbox 2788 4369 3035 4425; x_wconf 88' lang='lat' dir='ltr'><strong>avaritia.</strong></span> <span class='ocrx_word' id='word_1_636' title='bbox 3067 4367 3246 4438; x_wconf 88' lang='lat' dir='ltr'><strong>Caput</strong></span> <span class='ocrx_word' id='word_1_637' title='bbox 3281 4383 3382 4422; x_wconf 90' lang='lat' dir='ltr'><strong>no-</strong></span> 
     </span>
    </p>
   </div>
   <div class='ocr_carea' id='block_1_91' title="bbox 132 4469 1714 4545">
    <p class='ocr_par' dir='ltr' id='par_1_91' title="bbox 132 4469 1714 4545">
     <span class='ocr_line' id='line_1_91' title="bbox 132 4469 1714 4545; baseline -0.001 -21"><span class='ocrx_word' id='word_1_638' title='bbox 132 4471 237 4545; x_wconf 82' lang='grc' dir='ltr'><strong>μὲν</strong></span> <span class='ocrx_word' id='word_1_639' title='bbox 258 4473 319 4524; x_wconf 81' lang='grc' dir='ltr'>ὲν</span> <span class='ocrx_word' id='word_1_640' title='bbox 338 4474 462 4535; x_wconf 86' lang='grc' dir='ltr'>ταῖς</span> <span class='ocrx_word' id='word_1_641' title='bbox 500 4470 652 4534; x_wconf 79' lang='grc' dir='ltr'>ὕλαις</span> <span class='ocrx_word' id='word_1_642' title='bbox 683 4470 793 4524; x_wconf 85' lang='grc' dir='ltr'><strong>τῶν</strong></span> <span class='ocrx_word' id='word_1_643' title='bbox 850 4469 1126 4540; x_wconf 89' lang='grc' dir='ltr'>κοσμικῶν</span> <span class='ocrx_word' id='word_1_644' title='bbox 1176 4471 1514 4540; x_wconf 87' lang='grc' dir='ltr'>πραγμάτων</span> <span class='ocrx_word' id='word_1_645' title='bbox 1565 4469 1714 4522; x_wconf 77' lang='grc' dir='ltr'>ἐσκέ-</span> 
     </span>
    </p>
   </div>
   <div class='ocr_carea' id='block_1_92' title="bbox 130 4557 1714 4631">
    <p class='ocr_par' dir='ltr' id='par_1_92' title="bbox 130 4557 1714 4631">
     <span class='ocr_line' id='line_1_92' title="bbox 130 4557 1714 4631; baseline -0.003 -16"><span class='ocrx_word' id='word_1_646' title='bbox 130 4579 301 4616; x_wconf 86' lang='grc' dir='ltr'>ποντο</span> <span class='ocrx_word' id='word_1_647' title='bbox 329 4560 398 4615; x_wconf 80' lang='grc' dir='ltr'>τὰ</span> <span class='ocrx_word' id='word_1_648' title='bbox 431 4560 624 4631; x_wconf 84' lang='grc' dir='ltr'>θηρία,</span> <span class='ocrx_word' id='word_1_649' title='bbox 651 4559 868 4613; x_wconf 75' lang='grc' dir='ltr'>ἐδόκουν</span> <span class='ocrx_word' id='word_1_650' title='bbox 897 4558 1177 4613; x_wconf 83' lang='grc' dir='ltr'>λανθάνειν</span> <span class='ocrx_word' id='word_1_651' title='bbox 1195 4576 1209 4588; x_wconf 89' lang='grc'><strong>·</strong></span> <span class='ocrx_word' id='word_1_652' title='bbox 1236 4557 1331 4613; x_wconf 90' lang='grc' dir='ltr'><strong>νῦν</strong></span> <span class='ocrx_word' id='word_1_653' title='bbox 1377 4558 1453 4623; x_wconf 85' lang='grc' dir='ltr'><strong>δὲ,</strong></span> <span class='ocrx_word' id='word_1_654' title='bbox 1502 4573 1714 4628; x_wconf 75' lang='grc' dir='ltr'>γυμνω-</span> 
     </span>
    </p>
   </div>
   <div class='ocr_carea' id='block_1_93' title="bbox 131 4647 1710 4721">
    <p class='ocr_par' dir='ltr' id='par_1_93' title="bbox 131 4647 1710 4721">
     <span class='ocr_line' id='line_1_93' title="bbox 131 4647 1710 4721; baseline -0.005 -15"><span class='ocrx_word' id='word_1_655' title='bbox 131 4652 318 4716; x_wconf 84' lang='grc' dir='ltr'>θέντα,</span> <span class='ocrx_word' id='word_1_656' title='bbox 348 4650 515 4704; x_wconf 83' lang='grc' dir='ltr'>πᾶσίν</span> <span class='ocrx_word' id='word_1_657' title='bbox 540 4653 687 4704; x_wconf 75' lang='grc' dir='ltr'>ἐστιν</span> <span class='ocrx_word' id='word_1_658' title='bbox 710 4649 936 4721; x_wconf 79' lang='grc' dir='ltr'>ἔκδηλα·</span> <span class='ocrx_word' id='word_1_659' title='bbox 986 4648 1073 4703; x_wconf 85' lang='grc' dir='ltr'>διὰ</span> <span class='ocrx_word' id='word_1_660' title='bbox 1097 4649 1255 4702; x_wconf 86' lang='grc' dir='ltr'>τοῦτο</span> <span class='ocrx_word' id='word_1_661' title='bbox 1282 4650 1340 4702; x_wconf 83' lang='grc' dir='ltr'>ὲν</span> <span class='ocrx_word' id='word_1_662' title='bbox 1388 4647 1640 4719; x_wconf 84' lang='grc' dir='ltr'>παρθένῳ</span> <span class='ocrx_word' id='word_1_663' title='bbox 1673 4647 1710 4717; x_wconf 83' lang='grc' dir='ltr'>ἢ</span> 
     </span>
    </p>
   </div>
   <div class='ocr_carea' id='block_1_94' title="bbox 129 4740 1712 4816">
    <p class='ocr_par' dir='ltr' id='par_1_94' title="bbox 129 4740 1712 4816">
     <span class='ocr_line' id='line_1_94' title="bbox 129 4740 1712 4816; baseline -0.003 -18"><span class='ocrx_word' id='word_1_664' title='bbox 129 4747 192 4799; x_wconf 74' lang='grc' dir='ltr'>ἐν</span> <span class='ocrx_word' id='word_1_665' title='bbox 224 4744 443 4816; x_wconf 86' lang='grc' dir='ltr'>μοναχῷ</span> <span class='ocrx_word' id='word_1_666' title='bbox 489 4744 740 4815; x_wconf 80' lang='grc' dir='ltr'>προφανῆ</span> <span class='ocrx_word' id='word_1_667' title='bbox 785 4743 1040 4812; x_wconf 80' lang='grc' dir='ltr'>τυγχάνει</span> <span class='ocrx_word' id='word_1_668' title='bbox 1095 4743 1189 4795; x_wconf 78' lang='grc' dir='ltr'><strong>καὶ</strong></span> <span class='ocrx_word' id='word_1_669' title='bbox 1244 4741 1312 4794; x_wconf 77' lang='grc' dir='ltr'>τὰ</span> <span class='ocrx_word' id='word_1_670' title='bbox 1352 4740 1712 4810; x_wconf 80' lang='grc' dir='ltr'>εὐτελέστερα.</span> 
     </span>
    </p>
   </div>
   <div class='ocr_carea' id='block_1_95' title="bbox 131 4832 1707 4908">
    <p class='ocr_par' dir='ltr' id='par_1_95' title="bbox 131 4832 1707 4908">
     <span class='ocr_line' id='line_1_95' title="bbox 131 4832 1707 4908; baseline -0.006 -17"><span class='ocrx_word' id='word_1_671' title='bbox 131 4836 530 4908; x_wconf 83' lang='grc' dir='ltr'>ἁμαρτήματα·</span> <span class='ocrx_word' id='word_1_672' title='bbox 559 4834 747 4904; x_wconf 86' lang='grc' dir='ltr'>ῶσπερ</span> <span class='ocrx_word' id='word_1_673' title='bbox 774 4833 882 4903; x_wconf 84' lang='grc' dir='ltr'>γὰρ</span> <span class='ocrx_word' id='word_1_674' title='bbox 928 4835 985 4886; x_wconf 82' lang='grc' dir='ltr'>ὲν</span> <span class='ocrx_word' id='word_1_675' title='bbox 1014 4832 1238 4904; x_wconf 87' lang='grc' dir='ltr'>καθαρῷ</span> <span class='ocrx_word' id='word_1_676' title='bbox 1263 4833 1518 4902; x_wconf 80' lang='grc' dir='ltr'>οἰκήματι</span> <span class='ocrx_word' id='word_1_677' title='bbox 1540 4847 1707 4884; x_wconf 89' lang='grc' dir='ltr'>κατα-</span> 
     </span>
    </p>
   </div>
   <div class='ocr_carea' id='block_1_96' title="bbox 130 4921 1706 5000">
    <p class='ocr_par' dir='ltr' id='par_1_96' title="bbox 130 4921 1706 5000">
     <span class='ocr_line' id='line_1_96' title="bbox 130 4921 1706 5000; baseline -0.004 -20"><span class='ocrx_word' id='word_1_678' title='bbox 130 4928 300 5000; x_wconf 83' lang='grc' dir='ltr'>φανὲς</span> <span class='ocrx_word' id='word_1_679' title='bbox 333 4927 469 4980; x_wconf 79' lang='grc' dir='ltr'>πᾶσι</span> <span class='ocrx_word' id='word_1_680' title='bbox 493 4926 699 4994; x_wconf 86' lang='grc' dir='ltr'>γίνεται</span> <span class='ocrx_word' id='word_1_681' title='bbox 722 4925 784 4978; x_wconf 85' lang='grc' dir='ltr'>τὺ</span> <span class='ocrx_word' id='word_1_682' title='bbox 800 4925 963 4994; x_wconf 84' lang='grc' dir='ltr'>ὀφθὲν</span> <span class='ocrx_word' id='word_1_683' title='bbox 989 4925 1195 4995; x_wconf 88' lang='grc' dir='ltr'>θηρίον,</span> <span class='ocrx_word' id='word_1_684' title='bbox 1231 4923 1336 4979; x_wconf 76' lang='grc' dir='ltr'><strong>κᾶν</strong></span> <span class='ocrx_word' id='word_1_685' title='bbox 1369 4921 1706 4994; x_wconf 87' lang='grc' dir='ltr'>βραχύτατον</span> 
     </span>
    </p>
   </div>
   <div class='ocr_carea' id='block_1_97' title="bbox 129 5012 1708 5086">
    <p class='ocr_par' dir='ltr' id='par_1_97' title="bbox 129 5012 1708 5086">
     <span class='ocr_line' id='line_1_97' title="bbox 129 5012 1708 5086; baseline -0.004 -15"><span class='ocrx_word' id='word_1_686' title='bbox 129 5017 377 5086; x_wconf 81' lang='grc' dir='ltr'>τυγχάνῃ</span> <span class='ocrx_word' id='word_1_687' title='bbox 407 5033 420 5045; x_wconf 89' lang='grc'><strong>·</strong></span> <span class='ocrx_word' id='word_1_688' title='bbox 452 5018 510 5068; x_wconf 81' lang='grc' dir='ltr'><strong>ἐν</strong></span> <span class='ocrx_word' id='word_1_689' title='bbox 563 5015 619 5068; x_wconf 83' lang='grc' dir='ltr'>δὲ</span> <span class='ocrx_word' id='word_1_690' title='bbox 650 5016 762 5079; x_wconf 86' lang='grc' dir='ltr'>τοῖς</span> <span class='ocrx_word' id='word_1_691' title='bbox 792 5018 1075 5086; x_wconf 86' lang='grc' dir='ltr'>κοσμικοίς</span> <span class='ocrx_word' id='word_1_692' title='bbox 1097 5014 1285 5084; x_wconf 82' lang='grc' dir='ltr'>ὥσπερ</span> <span class='ocrx_word' id='word_1_693' title='bbox 1305 5016 1362 5066; x_wconf 85' lang='grc' dir='ltr'><strong>ὲν</strong></span> <span class='ocrx_word' id='word_1_694' title='bbox 1379 5012 1708 5084; x_wconf 82' lang='grc' dir='ltr'>ἀκαθάρτοις</span> 
     </span>
    </p>
   </div>
   <div class='ocr_carea' id='block_1_98' title="bbox 132 5103 1710 5179">
    <p class='ocr_par' dir='ltr' id='par_1_98' title="bbox 132 5103 1710 5179">
     <span class='ocr_line' id='line_1_98' title="bbox 132 5103 1710 5179; baseline -0.004 -17"><span class='ocrx_word' id='word_1_695' title='bbox 132 5106 420 5179; x_wconf 84' lang='grc' dir='ltr'>σπηλαίοις</span> <span class='ocrx_word' id='word_1_696' title='bbox 444 5107 825 5178; x_wconf 84' lang='grc' dir='ltr'>ὲμφωλεύοντα</span> <span class='ocrx_word' id='word_1_697' title='bbox 848 5106 917 5159; x_wconf 85' lang='grc' dir='ltr'>τὰ</span> <span class='ocrx_word' id='word_1_698' title='bbox 949 5107 1178 5176; x_wconf 89' lang='grc' dir='ltr'>μέγιστα</span> <span class='ocrx_word' id='word_1_699' title='bbox 1204 5105 1311 5158; x_wconf 89' lang='grc' dir='ltr'><strong>τῶν</strong></span> <span class='ocrx_word' id='word_1_700' title='bbox 1343 5103 1559 5160; x_wconf 73' lang='grc' dir='ltr'>ἰοϐόλων</span> <span class='ocrx_word' id='word_1_701' title='bbox 1583 5104 1710 5157; x_wconf 90' lang='grc' dir='ltr'>λαν-</span> 
     </span>
    </p>
   </div>
   <div class='ocr_carea' id='block_1_99' title="bbox 131 5189 1709 5270">
    <p class='ocr_par' dir='ltr' id='par_1_99' title="bbox 131 5189 1709 5270">
     <span class='ocr_line' id='line_1_99' title="bbox 131 5189 1709 5270; baseline -0.004 -16"><span class='ocrx_word' id='word_1_702' title='bbox 131 5201 307 5263; x_wconf 88' lang='grc' dir='ltr'>θάνει,</span> <span class='ocrx_word' id='word_1_703' title='bbox 338 5198 448 5252; x_wconf 86' lang='grc' dir='ltr'><strong>ὑπὸ</strong></span> <span class='ocrx_word' id='word_1_704' title='bbox 468 5199 567 5269; x_wconf 82' lang='grc' dir='ltr'><strong>τῆς</strong></span> <span class='ocrx_word' id='word_1_705' title='bbox 593 5197 846 5268; x_wconf 85' lang='grc' dir='ltr'>συνεχοῦς</span> <span class='ocrx_word' id='word_1_706' title='bbox 876 5197 1008 5270; x_wconf 78' lang='grc' dir='ltr'>ὕλης</span> <span class='ocrx_word' id='word_1_707' title='bbox 1031 5197 1432 5268; x_wconf 85' lang='grc' dir='ltr'>καλυπτόμενα.</span> <span class='ocrx_word' id='word_1_708' title='bbox 1469 5197 1596 5249; x_wconf 89' lang='grc' dir='ltr'>Δέον</span> <span class='ocrx_word' id='word_1_709' title='bbox 1616 5189 1709 5248; x_wconf 81' lang='grc' dir='ltr'><strong>οὖν</strong></span> 
     </span>
    </p>
   </div>
   <div class='ocr_carea' id='block_1_100' title="bbox 130 5284 1712 5362">
    <p class='ocr_par' dir='ltr' id='par_1_100' title="bbox 130 5284 1712 5362">
     <span class='ocr_line' id='line_1_100' title="bbox 130 5284 1712 5362; baseline -0.008 -13"><span class='ocrx_word' id='word_1_710' title='bbox 130 5294 218 5360; x_wconf 68' lang='grc' dir='ltr'><strong>ἐφ’</strong></span> <span class='ocrx_word' id='word_1_711' title='bbox 237 5289 395 5362; x_wconf 77' lang='grc' dir='ltr'>ἡμῶν</span> <span class='ocrx_word' id='word_1_712' title='bbox 423 5289 708 5361; x_wconf 83' lang='grc' dir='ltr'>καθαίρειν</span> <span class='ocrx_word' id='word_1_713' title='bbox 729 5289 818 5342; x_wconf 82' lang='grc' dir='ltr'><strong>τὸν</strong></span> <span class='ocrx_word' id='word_1_714' title='bbox 850 5284 995 5341; x_wconf 79' lang='grc' dir='ltr'>οἷκον</span> <span class='ocrx_word' id='word_1_715' title='bbox 1026 5286 1306 5360; x_wconf 87' lang='grc' dir='ltr'>διηνεκῶς,</span> <span class='ocrx_word' id='word_1_716' title='bbox 1335 5287 1428 5340; x_wconf 75' lang='grc' dir='ltr'><strong>καὶ</strong></span> <span class='ocrx_word' id='word_1_717' title='bbox 1459 5285 1712 5358; x_wconf 84' lang='grc' dir='ltr'>περιϐλέ-</span> 
     </span>
    </p>
   </div>
   <div class='ocr_carea' id='block_1_101' title="bbox 131 5377 1708 5452">
    <p class='ocr_par' dir='ltr' id='par_1_101' title="bbox 131 5377 1708 5452">
     <span class='ocr_line' id='line_1_101' title="bbox 131 5377 1708 5452; baseline -0.004 -17"><span class='ocrx_word' id='word_1_718' title='bbox 131 5383 334 5438; x_wconf 77' lang='grc' dir='ltr'>πεσθαι</span> <span class='ocrx_word' id='word_1_719' title='bbox 367 5381 440 5452; x_wconf 91' lang='grc' dir='ltr'><strong>μή</strong></span> <span class='ocrx_word' id='word_1_720' title='bbox 469 5398 521 5434; x_wconf 88' lang='grc' dir='ltr'><strong>τι</strong></span> <span class='ocrx_word' id='word_1_721' title='bbox 553 5380 661 5434; x_wconf 90' lang='grc' dir='ltr'><strong>τῶν</strong></span> <span class='ocrx_word' id='word_1_722' title='bbox 700 5380 1054 5452; x_wconf 72' lang='grc' dir='ltr'>ψυχοφθόρων</span> <span class='ocrx_word' id='word_1_723' title='bbox 1097 5379 1348 5448; x_wconf 81' lang='grc' dir='ltr'>ζωῠφίων</span> <span class='ocrx_word' id='word_1_724' title='bbox 1405 5377 1708 5449; x_wconf 87' lang='grc' dir='ltr'>παρεισδύῃ</span> 
     </span>
    </p>
   </div>
   <div class='ocr_carea' id='block_1_102' title="bbox 132 5468 1707 5542">
    <p class='ocr_par' dir='ltr' id='par_1_102' title="bbox 132 5468 1707 5542">
     <span class='ocr_line' id='line_1_102' title="bbox 132 5468 1707 5542; baseline -0.004 -13"><span class='ocrx_word' id='word_1_725' title='bbox 132 5477 196 5534; x_wconf 73' lang='grc' dir='ltr'>ὲν</span> <span class='ocrx_word' id='word_1_726' title='bbox 220 5475 336 5537; x_wconf 88' lang='grc' dir='ltr'>τοῖς</span> <span class='ocrx_word' id='word_1_727' title='bbox 366 5473 467 5541; x_wconf 83' lang='grc' dir='ltr'>τῆς</span> <span class='ocrx_word' id='word_1_728' title='bbox 491 5471 670 5542; x_wconf 77' lang='grc' dir='ltr'>ψυχῆς</span> <span class='ocrx_word' id='word_1_729' title='bbox 701 5471 948 5542; x_wconf 87' lang='grc' dir='ltr'>ταμείοις</span> <span class='ocrx_word' id='word_1_730' title='bbox 966 5484 978 5502; x_wconf 80' lang='grc'><strong>⁸</strong></span> <span class='ocrx_word' id='word_1_731' title='bbox 1016 5472 1109 5525; x_wconf 65' lang='grc' dir='ltr'>καὶ</span> <span class='ocrx_word' id='word_1_732' title='bbox 1130 5471 1328 5542; x_wconf 81' lang='grc' dir='ltr'>θυμιᾷν</span> <span class='ocrx_word' id='word_1_733' title='bbox 1359 5470 1416 5524; x_wconf 86' lang='grc' dir='ltr'>δὲ</span> <span class='ocrx_word' id='word_1_734' title='bbox 1443 5470 1569 5535; x_wconf 77' lang='grc' dir='ltr'>τοὺς</span> <span class='ocrx_word' id='word_1_735' title='bbox 1617 5468 1707 5523; x_wconf 78' lang='grc' dir='ltr'>τόο</span> 
     </span>
    </p>
   </div>
   <div class='ocr_carea' id='block_1_103' title="bbox 207 5622 990 5695">
    <p class='ocr_par' dir='ltr' id='par_1_103' title="bbox 207 5622 990 5695">
     <span class='ocr_line' id='line_1_103' title="bbox 207 5622 990 5695; baseline -0.006 -14"><span class='ocrx_word' id='word_1_736' title='bbox 207 5625 346 5695; x_wconf 75' lang='grc'><strong>(91⁸)</strong></span> <span class='ocrx_word' id='word_1_737' title='bbox 390 5623 493 5678; x_wconf 78' lang='lat' dir='ltr'><strong>Vit.</strong></span> <span class='ocrx_word' id='word_1_738' title='bbox 531 5623 644 5679; x_wconf 86' lang='lat' dir='ltr'><strong>PP.</strong></span> <span class='ocrx_word' id='word_1_739' title='bbox 675 5624 710 5680; x_wconf 92' lang='grc'><strong>1.</strong></span> <span class='ocrx_word' id='word_1_740' title='bbox 745 5641 795 5686; x_wconf 84' lang='lat' dir='ltr'><strong>v,</strong></span> <span class='ocrx_word' id='word_1_741' title='bbox 823 5623 876 5688; x_wconf 89' lang='lat'><strong>8,</strong></span> <span class='ocrx_word' id='word_1_742' title='bbox 898 5622 990 5676; x_wconf 67' lang='grc' dir='ltr'><strong>ΞΘ.</strong></span> 
     </span>
    </p>
   </div>
   <div class='ocr_carea' id='block_1_104' title="bbox 1815 4459 3379 4533">
    <p class='ocr_par' dir='ltr' id='par_1_104' title="bbox 1815 4459 3379 4533">
     <span class='ocr_line' id='line_1_104' title="bbox 1815 4459 3379 4533; baseline -0.008 -9"><span class='ocrx_word' id='word_1_743' title='bbox 1815 4479 1989 4526; x_wconf 92' lang='lat' dir='ltr'><strong>strum</strong></span> <span class='ocrx_word' id='word_1_744' title='bbox 2023 4475 2109 4523; x_wconf 88' lang='lat' dir='ltr'><strong>est</strong></span> <span class='ocrx_word' id='word_1_745' title='bbox 2137 4466 2338 4521; x_wconf 89' lang='lat' dir='ltr'><strong>anima.</strong></span> <span class='ocrx_word' id='word_1_746' title='bbox 2385 4464 2528 4519; x_wconf 88' lang='lat' dir='ltr'><strong>Sane</strong></span> <span class='ocrx_word' id='word_1_747' title='bbox 2574 4461 2814 4533; x_wconf 88' lang='lat' dir='ltr'><strong>quandiu</strong></span> <span class='ocrx_word' id='word_1_748' title='bbox 2873 4460 2927 4514; x_wconf 89' lang='lat' dir='ltr'><strong>in</strong></span> <span class='ocrx_word' id='word_1_749' title='bbox 2987 4459 3140 4515; x_wconf 91' lang='lat' dir='ltr'><strong>silvis</strong></span> <span class='ocrx_word' id='word_1_750' title='bbox 3199 4474 3379 4526; x_wconf 78' lang='lat' dir='ltr'><strong>rerum</strong></span> 
     </span>
    </p>
   </div>
   <div class='ocr_carea' id='block_1_105' title="bbox 1812 4552 3378 4627">
    <p class='ocr_par' dir='ltr' id='par_1_105' title="bbox 1812 4552 3378 4627">
     <span class='ocr_line' id='line_1_105' title="bbox 1812 4552 3378 4627; baseline -0.005 -12"><span class='ocrx_word' id='word_1_751' title='bbox 1812 4561 2216 4616; x_wconf 87' lang='lat' dir='ltr'><strong>mundanarum</strong></span> <span class='ocrx_word' id='word_1_752' title='bbox 2242 4556 2372 4611; x_wconf 67' lang='lat' dir='ltr'><strong>feras</strong></span> <span class='ocrx_word' id='word_1_753' title='bbox 2401 4553 2819 4627; x_wconf 82' lang='lat' dir='ltr'><strong>obtegebantur,</strong></span> <span class='ocrx_word' id='word_1_754' title='bbox 2835 4552 3007 4610; x_wconf 83' lang='lat' dir='ltr'><strong>iatere</strong></span> <span class='ocrx_word' id='word_1_755' title='bbox 3021 4555 3344 4610; x_wconf 88' lang='lat' dir='ltr'><strong>videbantur</strong></span> <span class='ocrx_word' id='word_1_756' title='bbox 3363 4571 3378 4608; x_wconf 87' lang='lat'><strong>:</strong></span> 
     </span>
    </p>
   </div>
   <div class='ocr_carea' id='block_1_106' title="bbox 1811 4643 3382 4715">
    <p class='ocr_par' dir='ltr' id='par_1_106' title="bbox 1811 4643 3382 4715">
     <span class='ocr_line' id='line_1_106' title="bbox 1811 4643 3382 4715; baseline -0.003 -13"><span class='ocrx_word' id='word_1_757' title='bbox 1811 4663 1960 4702; x_wconf 90' lang='lat' dir='ltr'><strong>nunc</strong></span> <span class='ocrx_word' id='word_1_758' title='bbox 2013 4652 2192 4700; x_wconf 82' lang='lat' dir='ltr'><strong>autem</strong></span> <span class='ocrx_word' id='word_1_759' title='bbox 2241 4643 2558 4709; x_wconf 65' lang='lat' dir='ltr'><strong>denudataa,</strong></span> <span class='ocrx_word' id='word_1_760' title='bbox 2624 4645 2840 4699; x_wconf 91' lang='lat' dir='ltr'><strong>cunctis</strong></span> <span class='ocrx_word' id='word_1_761' title='bbox 2896 4652 3024 4698; x_wconf 91' lang='lat' dir='ltr'><strong>sunt</strong></span> <span class='ocrx_word' id='word_1_762' title='bbox 3073 4653 3276 4715; x_wconf 73' lang='lat' dir='ltr'><strong>apertae</strong></span> <span class='ocrx_word' id='word_1_763' title='bbox 3328 4651 3382 4698; x_wconf 90' lang='lat' dir='ltr'><strong>et</strong></span> 
     </span>
    </p>
   </div>
   <div class='ocr_carea' id='block_1_107' title="bbox 1811 4733 3382 4808">
    <p class='ocr_par' dir='ltr' id='par_1_107' title="bbox 1811 4733 3382 4808">
     <span class='ocr_line' id='line_1_107' title="bbox 1811 4733 3382 4808; baseline -0.006 -14"><span class='ocrx_word' id='word_1_764' title='bbox 1811 4739 2137 4808; x_wconf 72' lang='lat' dir='ltr'><strong>conspicuae.</strong></span> <span class='ocrx_word' id='word_1_765' title='bbox 2190 4734 2482 4805; x_wconf 87' lang='lat' dir='ltr'><strong>Propterea</strong></span> <span class='ocrx_word' id='word_1_766' title='bbox 2532 4735 2587 4789; x_wconf 91' lang='lat' dir='ltr'><strong>in</strong></span> <span class='ocrx_word' id='word_1_767' title='bbox 2623 4735 2833 4804; x_wconf 84' lang='lat' dir='ltr'><strong>virgine</strong></span> <span class='ocrx_word' id='word_1_768' title='bbox 2874 4735 2958 4789; x_wconf 85' lang='lat' dir='ltr'><strong>vel</strong></span> <span class='ocrx_word' id='word_1_769' title='bbox 3010 4735 3066 4788; x_wconf 91' lang='lat' dir='ltr'><strong>in</strong></span> <span class='ocrx_word' id='word_1_770' title='bbox 3117 4733 3382 4788; x_wconf 81' lang='lat' dir='ltr'><strong>inunacho</strong></span> 
     </span>
    </p>
   </div>
   <div class='ocr_carea' id='block_1_108' title="bbox 1810 4825 3381 4894">
    <p class='ocr_par' dir='ltr' id='par_1_108' title="bbox 1810 4825 3381 4894">
     <span class='ocr_line' id='line_1_108' title="bbox 1810 4825 3381 4894; baseline -0.006 -7"><span class='ocrx_word' id='word_1_771' title='bbox 1810 4831 2079 4887; x_wconf 87' lang='lat' dir='ltr'><strong>evidentia</strong></span> <span class='ocrx_word' id='word_1_772' title='bbox 2104 4835 2234 4885; x_wconf 85' lang='lat' dir='ltr'><strong>sunt</strong></span> <span class='ocrx_word' id='word_1_773' title='bbox 2274 4828 2362 4882; x_wconf 88' lang='lat' dir='ltr'><strong>vel</strong></span> <span class='ocrx_word' id='word_1_774' title='bbox 2393 4826 2670 4881; x_wconf 87' lang='lat' dir='ltr'><strong>levissima</strong></span> <span class='ocrx_word' id='word_1_775' title='bbox 2705 4833 2930 4894; x_wconf 88' lang='lat' dir='ltr'><strong>peccata</strong></span> <span class='ocrx_word' id='word_1_776' title='bbox 2961 4844 2973 4878; x_wconf 93' lang='lat'>:</span> <span class='ocrx_word' id='word_1_777' title='bbox 3027 4825 3381 4894; x_wconf 83' lang='lat' dir='ltr'><strong>quemadmo-</strong></span> 
     </span>
    </p>
   </div>
   <div class='ocr_carea' id='block_1_109' title="bbox 1810 4914 3379 4986">
    <p class='ocr_par' dir='ltr' id='par_1_109' title="bbox 1810 4914 3379 4986">
     <span class='ocr_line' id='line_1_109' title="bbox 1810 4914 3379 4986; baseline -0.006 -8"><span class='ocrx_word' id='word_1_778' title='bbox 1810 4925 1939 4979; x_wconf 92' lang='lat' dir='ltr'><strong>dum</strong></span> <span class='ocrx_word' id='word_1_779' title='bbox 1971 4923 2026 4976; x_wconf 92' lang='lat' dir='ltr'><strong>in</strong></span> <span class='ocrx_word' id='word_1_780' title='bbox 2053 4921 2258 4977; x_wconf 89' lang='lat' dir='ltr'><strong>mundo</strong></span> <span class='ocrx_word' id='word_1_781' title='bbox 2289 4919 2590 4981; x_wconf 90' lang='lat' dir='ltr'><strong>domicilio,</strong></span> <span class='ocrx_word' id='word_1_782' title='bbox 2638 4917 2878 4986; x_wconf 79' lang='lat' dir='ltr'><strong>quodvis</strong></span> <span class='ocrx_word' id='word_1_783' title='bbox 2900 4915 3100 4969; x_wconf 85' lang='lat' dir='ltr'><strong>animal</strong></span> <span class='ocrx_word' id='word_1_784' title='bbox 3132 4914 3379 4984; x_wconf 87' lang='lat' dir='ltr'><strong>quamvis</strong></span> 
     </span>
    </p>
   </div>
   <div class='ocr_carea' id='block_1_110' title="bbox 1812 5005 3381 5081">
    <p class='ocr_par' dir='ltr' id='par_1_110' title="bbox 1812 5005 3381 5081">
     <span class='ocr_line' id='line_1_110' title="bbox 1812 5005 3381 5081; baseline -0.006 -11"><span class='ocrx_word' id='word_1_785' title='bbox 1812 5015 2197 5072; x_wconf 86' lang='lat' dir='ltr'><strong>tenuissimum</strong></span> <span class='ocrx_word' id='word_1_786' title='bbox 2253 5011 2501 5068; x_wconf 90' lang='lat' dir='ltr'><strong>omnium</strong></span> <span class='ocrx_word' id='word_1_787' title='bbox 2549 5018 2695 5081; x_wconf 85' lang='lat' dir='ltr'><strong>patet</strong></span> <span class='ocrx_word' id='word_1_788' title='bbox 2736 5009 2951 5064; x_wconf 88' lang='lat' dir='ltr'><strong>oculis:</strong></span> <span class='ocrx_word' id='word_1_789' title='bbox 2983 5008 3037 5060; x_wconf 92' lang='lat' dir='ltr'><strong>in</strong></span> <span class='ocrx_word' id='word_1_790' title='bbox 3089 5005 3381 5060; x_wconf 89' lang='lat' dir='ltr'><strong>mundanis</strong></span> 
     </span>
    </p>
   </div>
   <div class='ocr_carea' id='block_1_111' title="bbox 1813 5097 3378 5177">
    <p class='ocr_par' dir='ltr' id='par_1_111' title="bbox 1813 5097 3378 5177">
     <span class='ocr_line' id='line_1_111' title="bbox 1813 5097 3378 5177; baseline -0.008 -15"><span class='ocrx_word' id='word_1_791' title='bbox 1813 5115 1994 5162; x_wconf 90' lang='lat' dir='ltr'><strong>autem</strong></span> <span class='ocrx_word' id='word_1_792' title='bbox 2026 5105 2188 5177; x_wconf 78' lang='lat'><strong>633</strong></span> <span class='ocrx_word' id='word_1_793' title='bbox 2216 5118 2316 5158; x_wconf 90' lang='lat' dir='ltr'><strong>ceu</strong></span> <span class='ocrx_word' id='word_1_794' title='bbox 2345 5103 2400 5156; x_wconf 89' lang='lat' dir='ltr'><strong>in</strong></span> <span class='ocrx_word' id='word_1_795' title='bbox 2449 5101 2678 5171; x_wconf 90' lang='lat' dir='ltr'><strong>impuris</strong></span> <span class='ocrx_word' id='word_1_796' title='bbox 2710 5098 3112 5166; x_wconf 90' lang='lat' dir='ltr'><strong>immundisque</strong></span> <span class='ocrx_word' id='word_1_797' title='bbox 3156 5097 3378 5166; x_wconf 85' lang='lat' dir='ltr'><strong>spelun-</strong></span> 
     </span>
    </p>
   </div>
   <div class='ocr_carea' id='block_1_112' title="bbox 1811 5186 3379 5253">
    <p class='ocr_par' dir='ltr' id='par_1_112' title="bbox 1811 5186 3379 5253">
     <span class='ocr_line' id='line_1_112' title="bbox 1811 5186 3379 5253; baseline -0.008 -1"><span class='ocrx_word' id='word_1_798' title='bbox 1811 5200 1894 5253; x_wconf 88' lang='lat' dir='ltr'><strong>cis</strong></span> <span class='ocrx_word' id='word_1_799' title='bbox 1922 5197 2084 5252; x_wconf 85' lang='lat' dir='ltr'><strong>etiam</strong></span> <span class='ocrx_word' id='word_1_800' title='bbox 2114 5194 2430 5250; x_wconf 90' lang='lat' dir='ltr'><strong>ineubantia</strong></span> <span class='ocrx_word' id='word_1_801' title='bbox 2451 5203 2769 5247; x_wconf 87' lang='lat' dir='ltr'><strong>venatorum</strong></span> <span class='ocrx_word' id='word_1_802' title='bbox 2795 5189 3026 5242; x_wconf 80' lang='lat' dir='ltr'><strong>maxima</strong></span> <span class='ocrx_word' id='word_1_803' title='bbox 3051 5186 3379 5253; x_wconf 84' lang='lat' dir='ltr'><strong>Iatentden-</strong></span> 
     </span>
    </p>
   </div>
   <div class='ocr_carea' id='block_1_113' title="bbox 1812 5277 3378 5355">
    <p class='ocr_par' dir='ltr' id='par_1_113' title="bbox 1812 5277 3378 5355">
     <span class='ocr_line' id='line_1_113' title="bbox 1812 5277 3378 5355; baseline -0.01 -8"><span class='ocrx_word' id='word_1_804' title='bbox 1812 5293 1971 5347; x_wconf 91' lang='lat' dir='ltr'><strong>sitate</strong></span> <span class='ocrx_word' id='word_1_805' title='bbox 1994 5289 2231 5344; x_wconf 88' lang='lat' dir='ltr'><strong>materiae</strong></span> <span class='ocrx_word' id='word_1_806' title='bbox 2253 5287 2490 5342; x_wconf 89' lang='lat' dir='ltr'><strong>obtecta.</strong></span> <span class='ocrx_word' id='word_1_807' title='bbox 2527 5283 2639 5355; x_wconf 70' lang='lat'><strong>(92)</strong></span> <span class='ocrx_word' id='word_1_808' title='bbox 2671 5282 2896 5352; x_wconf 88' lang='lat' dir='ltr'><strong>Oportet</strong></span> <span class='ocrx_word' id='word_1_809' title='bbox 2949 5294 3081 5350; x_wconf 88' lang='lat' dir='ltr'><strong>ergo</strong></span> <span class='ocrx_word' id='word_1_810' title='bbox 3135 5294 3236 5333; x_wconf 89' lang='lat' dir='ltr'><strong>nos</strong></span> <span class='ocrx_word' id='word_1_811' title='bbox 3277 5277 3378 5332; x_wconf 84' lang='lat' dir='ltr'><strong>do-</strong></span> 
     </span>
    </p>
   </div>
   <div class='ocr_carea' id='block_1_114' title="bbox 1812 5369 3380 5448">
    <p class='ocr_par' dir='ltr' id='par_1_114' title="bbox 1812 5369 3380 5448">
     <span class='ocr_line' id='line_1_114' title="bbox 1812 5369 3380 5448; baseline -0.011 -11"><span class='ocrx_word' id='word_1_812' title='bbox 1812 5399 1958 5437; x_wconf 93' lang='lat' dir='ltr'><strong>mum</strong></span> <span class='ocrx_word' id='word_1_813' title='bbox 1982 5381 2201 5436; x_wconf 86' lang='lat' dir='ltr'><strong>assidue</strong></span> <span class='ocrx_word' id='word_1_814' title='bbox 2216 5392 2542 5448; x_wconf 79' lang='lat' dir='ltr'><strong>expurgare,</strong></span> <span class='ocrx_word' id='word_1_815' title='bbox 2571 5381 2624 5429; x_wconf 89' lang='lat' dir='ltr'><strong>et</strong></span> <span class='ocrx_word' id='word_1_816' title='bbox 2652 5373 3094 5442; x_wconf 88' lang='lat' dir='ltr'><strong>circumspicere,</strong></span> <span class='ocrx_word' id='word_1_817' title='bbox 3119 5385 3188 5424; x_wconf 91' lang='lat' dir='ltr'><strong>ne</strong></span> <span class='ocrx_word' id='word_1_818' title='bbox 3207 5369 3380 5438; x_wconf 69' lang='lat' dir='ltr'><strong>qunt-</strong></span> 
     </span>
    </p>
   </div>
   <div class='ocr_carea' id='block_1_115' title="bbox 1810 5457 3381 5539">
    <p class='ocr_par' dir='ltr' id='par_1_115' title="bbox 1810 5457 3381 5539">
     <span class='ocr_line' id='line_1_115' title="bbox 1810 5457 3381 5539; baseline -0.006 -18"><span class='ocrx_word' id='word_1_819' title='bbox 1810 5468 1957 5539; x_wconf 90' lang='lat' dir='ltr'><strong>piam</strong></span> <span class='ocrx_word' id='word_1_820' title='bbox 1982 5466 2176 5521; x_wconf 80' lang='lat' dir='ltr'><strong>anima:</strong></span> <span class='ocrx_word' id='word_1_821' title='bbox 2204 5465 2493 5519; x_wconf 82' lang='lat' dir='ltr'><strong>noxiorum</strong></span> <span class='ocrx_word' id='word_1_822' title='bbox 2525 5464 2880 5527; x_wconf 87' lang='lat' dir='ltr'><strong>insectorum,</strong></span> <span class='ocrx_word' id='word_1_823' title='bbox 2911 5459 3154 5530; x_wconf 85' lang='lat' dir='ltr'><strong>ejusdem</strong></span> <span class='ocrx_word' id='word_1_824' title='bbox 3187 5457 3381 5512; x_wconf 64' lang='lat' dir='ltr'><strong>animae</strong></span> 
     </span>
    </p>
   </div>
   <div class='ocr_carea' id='block_1_116' title="bbox 1878 5615 2625 5689">
    <p class='ocr_par' dir='ltr' id='par_1_116' title="bbox 1878 5615 2625 5689">
     <span class='ocr_line' id='line_1_116' title="bbox 1878 5615 2625 5689; baseline -0.001 -16"><span class='ocrx_word' id='word_1_825' title='bbox 1878 5619 1988 5689; x_wconf 72' lang='lat' dir='ltr'><strong>(ea)</strong></span> <span class='ocrx_word' id='word_1_826' title='bbox 2029 5617 2131 5673; x_wconf 68' lang='lat' dir='ltr'><strong>vn.</strong></span> <span class='ocrx_word' id='word_1_827' title='bbox 2168 5615 2283 5673; x_wconf 88' lang='lat' dir='ltr'><strong>PP.</strong></span> <span class='ocrx_word' id='word_1_828' title='bbox 2313 5616 2349 5672; x_wconf 90' lang='grc' dir='ltr'>ι.</span> <span class='ocrx_word' id='word_1_829' title='bbox 2378 5633 2430 5684; x_wconf 91' lang='lat' dir='ltr'><strong>v,</strong></span> <span class='ocrx_word' id='word_1_830' title='bbox 2461 5616 2512 5681; x_wconf 70' lang='grc'>4,</span> <span class='ocrx_word' id='word_1_831' title='bbox 2537 5616 2625 5672; x_wconf 72' lang='lat'><strong>42.</strong></span> 
     </span>
    </p>
   </div>
  </div>
