3852 6206
494 250 636 308 1555

1670 237 1727 292 S.
1772 224 2240 291 ATHANASIUS.
2279 258 2349 270 —
2385 226 2654 284 SPUBIA.

3617 220 3741 279 ιῶθ

492 370 689 425 subeat
711 364 1030 438 penetralia.
1064 360 1209 416 Loca
1245 358 1431 415 itidem
1460 356 1649 412 divino
1674 352 1942 410 orationis
1988 350 2071 403 in-

2176 363 2310 409 πους
2338 345 2414 416 τῷ
2448 345 2577 416 θείῳ
2609 344 2915 417 θυμιάματι
2941 344 3040 416 τῆς
3070 342 3747 416 προσευχης.”Ωσπεργάρ

489 474 658 517 censo
704 457 1076 527 suﬂumigare.
1130 452 1285 507 Sicut
1327 451 1474 506 enim
1528 448 1743 503 acriora
1775 446 2072 516 pharmaca

494 553 697 609 bestias
732 551 958 619 exigunt
997 555 1326 609 venenatas;
1363 543 1444 597 sic
1495 538 1830 595 immundam
1861 534 2072 605 cogita-

492 647 699 701 tionem
730 644 880 712 ejicit
912 642 1090 696 oratio
1121 654 1243 694 cum
1275 636 1502 707 jejunio.
1925 693 1931 697 _

564 736 653 791 81.
696 734 815 789 Una
856 747 1023 803 porro
1085 731 1280 784 animae
1337 727 1690 782 exitiosarum
1764 721 2069 776 belluarum

493 827 611 883 haec
643 835 766 882 est:
798 824 975 893 decipi
1008 823 1219 879 scilicet
1250 820 1320 874 ab
1358 819 1428 873 iis
1453 816 1545 887 qui
1571 830 1694 870 esse
1727 813 1893 866 fatum
1926 809 2071 863 affir-

494 924 664 971 mant.
710 914 864 981 Quod
917 914 1080 968 etiam
1125 911 1347 981 genesin
1389 912 1610 961 vocant.
1647 902 1699 959 ls
1737 909 1823 958 est
1859 901 2071 971 gravis-

496 1009 670 1061 simus
708 1005 909 1059 diaboli
957 1002 1231 1058 stimulus.
1287 1000 1351 1054 Et
1396 999 1718 1070 plerumque
1781 991 2070 1047 animabus

494 1098 779 1159 studiosis,
825 1104 1115 1166 postquam
1159 1095 1212 1146 in
1254 1100 1435 1146 urente
1478 1086 1793 1161 pestiferam
1842 1084 2069 1155 phanta-

495 1193 635 1248 siam
668 1188 942 1252 excitarit,
989 1188 1168 1242 evolat
1214 1204 1226 1238 :
1272 1192 1330 1239 at
1375 1180 1722 1252 segnioribus
1760 1176 2071 1232 dominatur

493 1282 824 1339 hominibus.
874 1279 1046 1333 Nemo
1097 1276 1242 1333 enim
1291 1290 1484 1331 eorum
1540 1271 1636 1342 qui
1688 1284 1811 1326 cum
1868 1267 2072 1322 virtute

491 1374 658 1429 vitam
726 1372 1071 1441 transigunt,
1125 1374 1272 1423 tenet
1331 1365 1643 1420 admittitve
1702 1359 2068 1432 perniciosam

491 1480 796 1535 vanamque
854 1461 1125 1532 ejusmodi
1182 1458 1538 1523 doctrinam;
1602 1454 1776 1509 Deum
1830 1465 2071 1519 namque

492 1556 822 1627 principium
881 1551 1072 1608 statuit
1125 1549 1307 1605 omnis
1359 1544 1623 1617 praeteriti
1671 1541 2072 1614 praesentisque

492 1645 621 1699 boni
659 1659 674 1696 :
718 1659 783 1698 ac
825 1642 1067 1697 secundo
1106 1640 1226 1695 loco
1267 1638 1546 1709 pr0priam
1592 1642 1829 1690 mentem
1872 1632 2068 1687 ducem

488 1734 840 1805 judicemqne
891 1731 1111 1785 virtutis
1157 1744 1220 1782 ac
1265 1728 1380 1782 vitii
1434 1725 1739 1781 constituit.
1788 1722 2068 1791 Quotquot

493 1833 674 1880 autem
717 1824 920 1892 injuria
976 1822 1061 1876 vel
1103 1820 1340 1890 segnitie
1387 1818 1537 1889 passi
1588 1825 1716 1872 sunt
1779 1830 1901 1885 quae
1957 1828 2067 1867 non

491 1914 916 1984 exspectabant,
959 1912 1104 1967 illico
1160 1910 1430 1966 accedunt
1482 1910 1548 1963 ad
1603 1905 1916 1976 huiusmodi
1961 1904 2072 1958 da:-

494 2019 732 2060 monem.
776 2002 1246 2069 Quemadmodum
1290 2000 1445 2071 pueri
1481 2000 1674 2053 relicto
1702 1997 1926 2058 ordine,
1960 2009 2069 2048 non

494 2098 731 2152 ferentes
770 2105 1059 2166 parentum
1094 2110 1319 2150 suorum
1368 2092 1768 2147 institutionem
1804 2089 1907 2144 sibi
1946 2101 2069 2157 per-

492 2188 703 2250 utilem,
735 2186 1045 2257 aufugiunt,
1067 2188 1296 2255 locaque
1323 2185 1528 2239 adeunt
1563 2183 1800 2243 deserta,
1830 2180 2070 2248 ferisque

494 2294 558 2335 ac
594 2280 844 2336 barbaris
882 2281 1255 2350 adjunguntur
1285 2275 1647 2330 daemonibus.
1694 2272 1827 2326 Nam
1871 2272 2071 2326 erube-

493 2380 712 2429 scentes
749 2372 990 2427 facinora
1034 2386 1147 2427 suae
1179 2368 1444 2424 voluntati
1496 2367 1788 2438 imputare,
1830 2380 1894 2418 ea
1945 2378 2068 2434 quae

493 2479 606 2518 non
646 2463 847 2517 adsunt
880 2462 1019 2516 falso
1054 2460 1438 2514 criminantur.

562 2555 653 2610 82.
707 2553 973 2608 Praeterea
1004 2567 1034 2605 a
1066 2551 1253 2605 divino
1298 2551 1523 2605 numine
1578 2562 1702 2602 sese
1750 2545 2070 2614 abjicientes

496 2643 605 2699 sibi
639 2642 913 2697 affirmant
959 2658 1028 2697 ex
1067 2642 1255 2712 genesi
1299 2655 1398 2695 seu
1435 2639 1722 2694 nativitate
1764 2637 2070 2705 voluptates

493 2734 754 2790 obvenire
806 2753 821 2788 :
866 2733 1201 2789 fornicantes
1247 2731 1469 2801 quippe,
1530 2729 1791 2792 furantes,
1843 2727 2072 2781 avaritia

495 2827 843 2889 laborantes,
917 2824 1279 2887 fraudulenti,
1343 2821 1551 2892 pudore
1614 2828 1834 2890 propter
1905 2833 2071 2888 opera

494 2933 595 2974 sua
625 2917 823 2983 affecti,
860 2933 891 2971 a
922 2918 1151 2971 veritate
1178 2915 1538 2971 deﬂexerunt.
1572 2912 1779 2984 Estque
1803 2913 2072 2967 terminus

2172 442 2240 495 τὰ
2272 440 2449 494 ίοϐόλα
2473 438 2589 505 ζῶα
2611 440 2680 493 τὰ
2697 438 2995 512 δριμύτερα
3024 437 3132 491 τῶν
3169 435 3480 506 φαρμάκων
3516 432 3753 486 eum-

2171 548 2272 595 νει,
2309 532 2450 585 οὕτω
2499 531 2757 603 λογισμὸν
2816 529 3064 604 ῥυπαρὸν
3123 527 3258 599 εὐχὴ
3303 528 3447 599 μετά
3498 526 3752 596 νηστείας

2171 625 2444 679 ἐκδιώκει.

2240 717 2330 771 81.
2385 716 2480 768 Ἓν
2525 714 2581 769 δὲ
2636 713 2745 767 τῶν
2790 712 3144 784 ψυχοφθόρων
3175 712 3292 766 ἐστὶ
3322 709 3535 782 θηρίων
3566 710 3662 763 καὶ
3696 709 3755 761 τὸ

2171 808 2507 879 ὑποωρῆναι
2562 806 2711 877 παρά
2740 806 2850 858 τῶν
2886 805 3151 873 λεγόντων
3194 799 3334 858 εἶναι
3372 802 3753 873 εἱμαρμένην,

2169 897 2344 968 ἥνπερ
2371 897 2465 950 καὶ
2493 896 2704 965 γένεσιν
2729 894 2973 949 καλοῦσι.
2996 895 3234 964 Κέντρον
3258 893 3315 946 δέ
3339 895 3459 947 ἐστι
3484 894 3587 947 καὶ
3605 893 3757 946 τοῦτο

2170 987 2263 1040 τοῦ
2325 987 2572 1041 διαϐόλου
2625 987 2949 1040 δεινότατον.
2993 988 3105 1040 Καὶ
3139 988 3261 1048 ταῖς
3292 985 3392 1057 μὲν
3438 984 3757 1046 σπουδαίαις·

2169 1081 2368 1152 ψυχαῖς
2401 1080 2661 1140 πολλάκις
2705 1079 2847 1134 κατά
2897 1079 3022 1132 νοῦν
3057 1078 3215 1150 μόνον
3243 1078 3554 1147 φαντασίαν
3585 1078 3757 1147 λοιμιο

2172 1172 2271 1244 κὴν
2324 1174 2574 1243 κινῆσαν,
2630 1170 2968 1241 ἀφίπταταισ
3004 1170 3112 1224 τῶν
3143 1170 3200 1223 δὲ
3232 1169 3627 1241 ἀμελεστέρων
3668 1169 3759 1223 καὶ

2170 1264 2439 1330 δεσπόζει.
2464 1265 2653 1328 Οὐδεὶς
2672 1263 2780 1337 γάρ
2805 1262 2913 1317 τῶν
2932 1264 3051 1317 κατ’
3080 1261 3279 1333 ἀρετὴν
3309 1261 3578 1332 βιούντων
3599 1265 3761 1332 ὲμπι·

2174 1359 2352 1411 στεύει
2369 1358 2402 1429 ἢ
2419 1356 2781 1429 παραδέχεται
2795 1355 2857 1408 τὸ
2868 1354 3229 1426 φρενοϐλαϐὲς
3243 1355 3340 1409 καὶ
3356 1355 3598 1424 μάταιον
3608 1356 3759 1408 τοῦτο

2173 1448 2447 1520 φρόνημαο
2466 1448 2598 1502 Θεὸν
2621 1446 2731 1519 γάρ
2745 1446 2917 1517 ἀρχὴν
2934 1448 3151 1500 πάντων
3172 1447 3385 1500 τίθεται
3401 1446 3517 1499 τῶν
3532 1447 3760 1517 γενομέ-

2172 1556 2279 1592 νων
2295 1535 2387 1590 ml.
2408 1536 2706 1608 γινομένων
2723 1536 2942 1605 ἀγαθῶν
2965 1553 2979 1566 ο
3016 1538 3109 1591 καὶ¹
3124 1537 3387 1607 δευτέραν
3418 1537 3524 1608 τὴν
3556 1538 3760 1591 οἰκείαν

2173 1627 2400 1700 γνώμην
2419 1631 2519 1699 ήγε
2527 1628 2665 1698 μόνα
2691 1629 2787 1681 καὶ
2810 1627 2999 1699 κριτὴν
3023 1626 3341 1698 καθίστησιν
3361 1629 3577 1700 ἀρετῆς
3596 1646 3661 1682 τε
3675 1630 3760 1682 καὶ

2172 1721 2390 1783 κακίας.
2426 1721 2582 1774 Ὅσοι
2614 1720 2672 1773 δὲ
2693 1720 2752 1786 ἐξ
2781 1719 3037 1783 ἀϐουλίας
3060 1718 3132 1772 τά
3155 1721 3220 1772 ὲκ
3255 1719 3543 1791 ῥᾳθυμίας
3570 1722 3760 1773 mdv-

2170 1813 2348 1876 θασιν,
2410 1813 2572 1877 εὐθὺς
2635 1813 2828 1883 ἐκείνῳ
2886 1813 2965 1883 τῷ
3021 1811 3284 1883 δαιμονίῳ
3340 1815 3756 1884 προσέρχονται.

2172 1906 2382 1977 Ὠσπερ
2402 1905 2512 1977 γάρ
2535 1905 2725 1969 παῖδες
2771 1905 3254 1970 λειποτακτοῦντες
3278 1907 3377 1959 καὶ
3400 1908 3481 1976 μὴ
3508 1908 3760 1979 φέροντες

2168 1998 2266 2068 τὴν
2297 1997 2406 2050 τῶν
2436 1996 2639 2065 γονέων
2692 1997 2831 2068 πρὸς
2876 1996 3145 2065 ὠφέλειαν
3187 1998 3499 2062 παίδευσιν,
3537 2000 3761 2069 ἀποφοι-

2166 2088 2387 2153 τῶντες,
2429 2088 2555 2151 τοὺς
2610 2088 2852 2159 ἐρήμους
2881 2088 3369 2160 καταλαμϐάνουσι
3393 2090 3646 2155 τόπους,
3681 2093 3762 2145 καὶ

2168 2178 2378 2249 ἀγρίοις
2405 2178 2497 2231 καὶ
2515 2175 2905 2249 μαρμαριίῶεσι
2925 2176 3058 2249 (92')
3090 2178 3456 2232 συνάπτονται
3478 2180 3761 2250 δαίμοσιν·

2168 2270 2475 2341 αἰδούμενοι
2524 2268 2633 2339 γὰρ
2677 2270 2775 2339 τὴν
2812 2267 3037 2339 γνώμην
3066 2270 3164 2339 τὴν
3185 2269 3368 2324 αἰτίαν
3412 2270 3633 2325 τιθέναι
3665 2272 3766 2325 τῶν

2171 2364 2299 2434 παρ’
2351 2363 2535 2425 αὐτοῖς
2599 2360 2989 2435 πραττομένων
3017 2400 3031 2424 ,
3092 2360 3493 2431 συκοφαντοῦσι
3560 2362 3635 2416 τὰ
3696 2364 3763 2435 μή

2171 2454 2433 2525 παρόντα.

2242 2545 2330 2599 8‘2.
2349 2546 2468 2599 Ἔτι
2484 2562 2549 2614 γε
2578 2545 2686 2616 μὴν
2712 2545 2805 2598 καὶ
2829 2543 2924 2598 τοῦ
2944 2544 3090 2597 θείου
3123 2545 3352 2608 ἑαυτοὺς
3378 2545 3758 2616 ἀπωσάμενοι,

2170 2639 2236 2691 ὲκ
2258 2638 2360 2709 τῆς
2380 2638 2647 2707 γενέσεως
2659 2640 2842 2701 αὐτοῖς
2865 2638 3131 2706 φάσκουσι
3153 2637 3222 2690 τὰ
3237 2637 3361 2691 καθ’
3382 2638 3586 2710 ἡδονὴν
3604 2656 3758 2712 προσο

2170 2731 2437 2801 γίνεσθαι.
2485 2730 2849 2801 Πορνεὺοντες
2878 2729 2986 2801 γὰρ
3038 2729 3133 2783 καὶ
3180 2730 3535 2794 κλέπτοντες,
3574 2732 3755 2803 φιλαρ-

2172 2841 2239 2893 γυ
2249 2824 2369 2896 ρίαν
2392 2841 2451 2877 τε
2462 2825 2743 2886 νοσοῦντες
2771 2824 2867 2877 καὶ
2889 2824 3306 2896 δολοφροσύνην,
3329 2824 3647 2895 αἰδούμενοι
3668 2825 3755 2888 τὰς

2174 2912 2324 2982 σφῶν
2349 2913 2525 2966 αὐτῶν
2549 2912 2793 2983 πράξεις,
2818 2913 3097 2976 ἐξέκλιναν
3130 2914 3236 2967 ἀπὸ
3255 2914 3355 2984 τῆς
3376 2915 3661 2985 ἀληθείας.
3690 2916 3755 2967 Τὸ

494 3026 684 3065 eorum
741 3010 1027 3080 propositi,
1092 3008 1340 3064 lethifera
1396 3008 1724 3078 desperatio.
1783 3006 1921 3072 Quia
1976 3020 2071 3060 ne-

2176 3003 2281 3074 γὰρ
2292 3003 2442 3066 τέλος
2457 3002 2636 3056 αὐτῶν
2657 3002 2750 3056 τοῦ
2776 3003 2976 3057 σκοποῦ
2994 3002 3397 3077 ήόλεθροφόρος
3414 3006 3596 3070 αὐτοῖς
3614 3007 3752 3059 ἐστιν

494 3118 654 3158 cesse
709 3110 910 3158 estex
978 3102 1064 3156 his
1130 3101 1553 3168 cogitationibus
1626 3097 2073 3169 argumentisque

497 3192 669 3248 Deum
704 3193 773 3247 ab
815 3192 950 3263 ipsis
988 3190 1105 3245 tolli
1153 3190 1221 3246 de
1261 3190 1477 3254 medio,
1513 3198 1882 3259 praetereaque
1919 3187 2072 3257 judi-

498 3286 666 3339 cium.
725 3284 817 3338 Ait
869 3282 1013 3338 enim
1076 3300 1091 3337 :
1152 3280 1210 3336 Si
1257 3283 1332 3336 ita
1371 3280 1674 3351 judicatum
1719 3279 1786 3334 de
1835 3295 1921 3333 me
1973 3278 2075 3332 fuit

497 3383 559 3430 ut
597 3383 867 3431 scortator
915 3375 1019 3429 sim
1058 3383 1113 3430 et
1152 3389 1384 3436 avarus,
1430 3370 1764 3441 superfluum
1811 3378 1895 3425 est
1933 3369 2076 3439 judi-

497 3467 665 3522 cium.
700 3465 854 3522 Justa
895 3466 1163 3535 siquidem
1199 3466 1334 3520 ultio
1379 3465 1576 3519 delicta
1627 3470 1837 3534 spectat
1880 3471 2074 3532 sponte

498 3558 762 3615 admissa.
823 3558 959 3612 Illud
1011 3567 1194 3612 autem
1253 3573 1392 3629 cpus
1445 3555 1591 3627 quod
1652 3570 1752 3611 ceu
1806 3570 1875 3608 ex
1933 3569 2073 3625 quo-

498 3651 623 3705 dam
672 3651 936 3721 principio
994 3650 1272 3721 pendens,
1332 3647 1759 3702 involuntarium
1816 3654 1930 3709 est,
1990 3644 2074 3697 in-

500 3750 713 3797 sontem
762 3742 940 3797 reddit
991 3752 1291 3797 auctorem.
1350 3740 1499 3795 Adeo
1551 3746 1611 3794 ut
1660 3732 1795 3793 hinc
1852 3736 2075 3791 tollatur

495 3833 785 3903 judicium.

570 3926 660 3982 85.
701 3924 983 3992 Quomodo
1006 3927 1168 3980 etiam
1193 3923 1451 3978 divinitas
1478 3923 1546 3978 ab
1578 3922 1659 3979 eis
1681 3921 1953 3991 exigatur,
1983 3934 2074 3972 au-

499 4014 756 4072 diendum
791 4025 895 4072 est.
939 4014 1069 4069 Eam
1103 4015 1523 4085 quippe'dicent
1545 4056 1560 4079 ,
1593 4020 1686 4066 aut
1717 4013 1945 4083 primam
1981 4020 2074 4063 aut

498 4106 832 4167 secundam.
877 4115 970 4160 aut
1011 4120 1118 4159 una
1172 4120 1390 4175 semper
1431 4105 1787 4159 exsistentem
1833 4116 1957 4156 cum
2006 4115 2073 4154 eo

498 4196 646 4268 quod
691 4197 930 4253 inaniter
970 4198 1284 4251 admittunt.
1335 4195 1393 4250 Si
1457 4194 1625 4249 Deum
1685 4193 1818 4249 fassi
1869 4192 2073 4248 fuerint

500 4292 705 4363 primas
757 4303 980 4357 tenere,
1037 4290 1347 4345 necessario
1402 4295 1662 4357 sequetur
1716 4286 1900 4342 omnia
1975 4299 2073 4355 per

2173 3096 2504 3163 ἀπόγνωσις.
2554 3095 2791 3166 ’Δνάγκη
2838 3095 2947 3166 γὰρ
2994 3097 3059 3148 ὲκ
3085 3095 3291 3149 τούτων
3341 3096 3456 3149 τῶν
3487 3096 3752 3167 λογισμῶν

2173 3187 2512 3260 ἀναιρεῖσθαι
2562 3190 2693 3260 παρ’
2740 3187 2919 3240 αὐτῶν
2960 3188 3050 3239 τὸν
3083 3186 3237 3251 Θεὸν,
3265 3189 3360 3241 καὶ
3397 3190 3625 3261 προσέτι
3662 3188 3752 3259 τὴν

2173 3280 2373 3351 κρίσιν.
2418 3281 2555 3350 Φησὶ
2588 3280 2719 3351 γὰρ,
2763 3280 2839 3343 ὡς
2892 3278 2955 3332 Εἰ
2988 3280 3146 3333 τοῦτό
3185 3298 3276 3350 μοι
3302 3281 3580 3353 κέκριται,
3622 3298 3750 3353 πορο

2173 3372 2403 3445 νεύεινῆ
2441 3373 2803 3439 πλεονεκτεῖν,
2836 3373 3065 3445 περιττὴ
3099 3375 3132 3445 ἡ
3177 3375 3381 3445 κρίσις.
3429 3376 3497 3428 Ἠ
3533 3376 3750 3447 μὲνγὰρ

2172 3466 2357 3521 δικαία
2383 3465 2619 3537 τιμωρία
2672 3466 2933 3519 ἑκουσίων
2966 3467 3081 3519 ἐστὶ
3115 3469 3477 3539 πταισμάτων
3498 3486 3512 3499 ·
3544 3470 3579 3539 ἡ
3604 3468 3657 3521 δὲ
3682 3468 3750 3530 ὡς

2174 3558 2238 3612 ἐκ
2296 3576 2439 3621 τινος
2483 3558 2658 3629 ἀρχῆς
2716 3558 2945 3611 ἀκουσία
2992 3557 3191 3630 πρᾶξις
3238 3559 3481 3613 ἀναίτιον
3529 3564 3750 3613 ποιεῖται

2172 3649 2264 3704 τὸν
2310 3650 2617 3719 δράσαντα’
2678 3650 2771 3703 καὶ
2830 3652 2895 3704 ἐκ
2958 3649 3148 3702 τούτου
3200 3651 3511 3725 ἀναιρεῖται
3570 3654 3669 3724 μὲν
3720 3654 3751 3723 ή

2174 3739 2375 3813 κρίσις.

2247 3924 2333 3979 85.
2363 3924 2487 3988 Πῶς
2516 3923 2572 3977 δὲ
2612 3925 2706 3977 καὶ
2734 3924 2794 3977 τὸ
2834 3923 2978 3977 θεῖον
3022 3926 3155 3994 παρ’
3198 3926 3385 3989 αὐτοῖς
3417 3926 3750 3991 ἐκϐάλλεται,

2174 4015 2484 4069 ἀκουστέον.
2512 4016 2743 4085 Φήσουσι
2771 4014 2880 4087 γὰρ
2911 4016 3044 4070 αὐτὸ
3069 4016 3102 4087 ἢ
3135 4018 3375 4088 πρῶτον,
3410 4020 3445 4089 ἡ
3475 4019 3751 4090 aedessas],

2173 4109 2206 4178 ἢ
2235 4107 2323 4160 ἀεὶ
2355 4107 2512 4161 συνὸν
2541 4109 2608 4177 τῇ
2661 4106 2838 4160 αὐτῶν
2872 4109 3214 4179 ματαιότητι.
3247 4110 3313 4162 El
3341 4110 3445 4180 μὲν
3480 4107 3578 4165 οὖν
3612 4129 3755 4183 πρω-

2173 4196 2351 4251 τεύειν
2396 4197 2591 4250 εἴπωσι
2620 4196 2714 4249 τὸν
2741 4197 2874 4250 Θεὸν
2891 4239 2905 4263 ,
2934 4199 3148 4271 ἀνάγκῃ
3176 4200 3540 4271 ἀκολουθήσει
3585 4204 3752 4258 πάντα

2171 4290 2238 4344 δι’
2268 4289 2432 4343 αὑτοῦ
2479 4289 2836 4360 γεγενῆσθαι·
2868 4292 2961 4344 καὶ
2992 4290 3103 4363 γὰρ
3127 4291 3290 4355 αὐτὸς
3311 4293 3371 4345 ἐν
3396 4295 3568 4346 πᾶσιν
3586 4312 3600 4325 ·
3631 4296 3751 4348 οὐκ·

500 4384 680 4454 ipsum
724 4382 866 4437 facta
906 4398 1072 4447 esse;
1120 4382 1322 4435 etenim
1375 4380 1492 4450 ipse
1536 4380 1589 4433 in
1630 4378 1888 4433 omnibus
1923 4385 2008 4431 est
2050 4393 2061 4427 :

2176 4380 2265 4434 οῦν
2318 4380 2478 4443 αὐτὸς
2542 4380 2641 4451 τῆς
2698 4379 3041 4452 εἱμαρμένης
3098 4380 3309 4452 κύριος.
3368 4384 3435 4437 Et
3491 4384 3553 4437 δὲ
3604 4385 3751 4438 πλεο-

500 4472 852 4541 quamobrem
920 4479 974 4527 et
1021 4471 1137 4541 ipse
1207 4480 1292 4526 est
1362 4471 1617 4526 dominus
1686 4468 1798 4523 fati.
1836 4467 1989 4535 Quod
2025 4466 2072 4523 si

501 4562 880 4619 fraudulentus
927 4571 980 4618 et
1022 4573 1293 4618 scortator
1332 4571 1414 4619 est
1451 4579 1517 4617 ex
1562 4562 1747 4631 genesi
1791 4577 1887 4616 seu
1932 4560 2076 4614 nati-

499 4656 708 4720 vitate,
772 4671 995 4711 necesse
1048 4664 1133 4711 est
1179 4671 1275 4726 per
1324 4654 1561 4710 medium
1632 4654 1849 4725 genesis
1902 4652 2070 4707 Deum

499 4765 625 4804 esse
664 4749 791 4803 mali
834 4763 1054 4803 causam
1086 4766 1100 4815 ;
1133 4749 1275 4819 quod
1316 4749 1612 4803 absurdum
1654 4757 1756 4803 est.
1794 4746 1892 4801 Sin
1931 4745 2074 4800 allir-

501 4848 651 4895 ment
706 4839 1045 4895 divinitatem
1110 4840 1381 4895 secundas
1434 4848 1667 4905 tenere;
1715 4839 2075 4908 consequitur

498 4947 621 4989 eam
667 4948 790 4988 esse
840 4934 1018 5004 primo
1058 4934 1351 4988 subditam.
1404 4931 1467 4985 Et
1499 4929 1764 5001 quidquid
1805 4929 2074 4999 optaverit

500 5027 647 5096 quod
682 5033 898 5096 praeest,
932 5026 983 5079 id
1013 5024 1325 5079 necessario
1345 5030 1673 5092 exsequetur
1704 5024 1847 5092 quod
1878 5035 2074 5075 conse-

501 5119 689 5189 quitur
748 5137 761 5173 :
824 5131 1150 5186 rursumque
1218 5113 1360 5185 apud
1426 5115 1549 5169 illos
1615 5113 1757 5169 Deus
1815 5114 1922 5168 erit
1983 5102 2075 5166 au-

502 5219 623 5265 ctor
681 5209 985 5273 malorum,
1046 5210 1191 5280 quod
1235 5207 1391 5263 nefas
1462 5205 1609 5261 dictu
1662 5216 1767 5262 est.
1823 5205 1980 5271 Quod
2024 5206 2071 5259 si

500 5308 835 5357 coaeternum
875 5300 1010 5355 illud
1049 5316 1171 5356 esse
1219 5300 1510 5363 voluerint,
1563 5299 1790 5353 omnino
1833 5313 2071 5370 pugnam

503 5394 648 5450 inter
692 5410 757 5451 ea
801 5394 923 5465 ipsa
975 5394 1358 5458 concitabunt,
1403 5409 1523 5464 quae
1571 5393 1780 5449 scilicet
1836 5393 2074 5448 habeant

505 5483 816 5540 contrarias
845 5491 1093 5539 naturas.
1122 5483 1219 5539 llis
1248 5499 1378 5555 ergo
1404 5483 1711 5542 rationibus
1739 5483 1896 5555 quasi
1920 5498 2072 5540 sum-

577 5632 710 5701 (92⁸)
740 5633 1122 5705 Βαρϐαρὼδεσι
1168 5635 1290 5689 Cot.

2174 4474 2389 4544 νέκτης,
2419 4473 2453 4545 ἦ
2482 4473 2818 4551 πορνοκόπος
2850 4475 2914 4526 ἐκ
2933 4474 3033 4545 τῆς
3044 4473 3330 4542 γενέσεως,
3348 4476 3649 4545 ἀναγκαῖον
3673 4478 3752 4530 διά

2178 4564 2345 4636 μέσου
2384 4564 2485 4635 τῆς
2542 4564 2812 4633 γενέσεως
2855 4563 2948 4617 τὸν
3003 4563 3137 4617 Θεὸν
3189 4565 3364 4619 αῐτιον
3405 4568 3510 4639 τῆς
3564 4569 3752 4632 κακίας

2175 4657 2468 4728 ὑπάρχειν·
2511 4656 2649 4728 ὅπερ
2684 4656 2907 4711 ἄτοπον.
2954 4655 3017 4708 Ei
3049 4656 3107 4709 δὲ
3137 4655 3393 4728 δεύτερον
3438 4660 3577 4713 αὐτὸ
3605 4660 3752 4715 πάλιν

2174 4751 2461 4819 φήσουσιν,
2494 4749 2639 4811 είκὸς
2669 4747 2801 4801 αὐτὸ
2818 4746 3105 4801 ὑπόδουλον
3133 4747 3392 4817 γενέσθαι
3412 4750 3494 4821 τῷ
3526 4753 3750 4823 πρώτῳ·

2174 4840 2268 4893 καὶ
2313 4839 2450 4910 ὅπερ
2512 4836 2756 4908 βούλεται
2783 4835 2844 4889 τὸ
2878 4834 3204 4907 ἡγούμενον,
3235 4836 3416 4907 τούτῳ
3447 4838 3753 4907 ἀναγκαίως

2175 4930 2531 5000 ἀκολουθήσει
2559 4929 2621 4982 τὸ
2643 4928 2906 4999 ἑπόμενον
2923 4944 2938 4958 ο
2971 4928 3066 4980 καὶ
3091 4927 3254 4982 πάλιν
3274 4928 3387 4981 τῶν
3410 4929 3602 4982 κακῶν
3632 4930 3751 5000 παρ’

2175 5025 2357 5087 αὐτοῖς
2416 5022 2589 5087 αἴτιος
2639 5022 2668 5075 ὁ
2726 5020 2896 5084 Θεός·
2943 5020 3082 5091 ὅπερ
3136 5019 3424 5091 ἀθέμιτον.
3469 5021 3540 5074 Εἰ
3584 5022 3751 5075 δὲκαὶ

2176 5116 2442 5170 ωναῖδιον
2471 5114 2605 5169 αὐτὸ
2647 5112 2921 5166 ἐθέλουσιν
2950 5107 3113 5177 εἶναι,
3157 5112 3379 5176 πάντως
3413 5113 3602 5184 μάχην
3629 5112 3752 5183 πρὶς

2174 5203 2345 5257 ἑαυτά
2374 5205 2683 5274 κινήσουσιν
2703 5201 2950 5265 ἐναντίας
2970 5201 3163 5274 ἔχοντα
3181 5201 3393 5271 φύσεις.
3431 5203 3534 5256 Ἐκ
3562 5202 3748 5257 τούτων

2173 5289 2267 5348 οὖν
2296 5292 2406 5346 τῶν
2454 5289 2750 5361 λογισμῶν,
2780 5290 2857 5353 ὡς
2883 5292 2943 5344 ὲν
2979 5289 3265 5362 κεφαλαίῳ
3291 5291 3569 5363 ἀνῄρηται
3588 5290 3749 5346 αὐτῶν

2175 5386 2443 5457 ἡματαία
2493 5386 2737 5439 ὑπόνοια.
2768 5383 2906 5454 Περὶ
2952 5382 3161 5438 τούτων
3194 5385 3423 5458 εἴρηκεν
3464 5388 3502 5457 ἠ
3547 5383 3744 5458 Γραφῇ

2174 5480 2251 5543 ὥς
2287 5495 2487 5550 φησιν·
2526 5473 2712 5533 Εἶπεν
2737 5474 2942 5545 ἄφρων
2973 5474 3042 5528 ἐν
3095 5476 3314 5546 καρδίᾳ
3358 5476 3586 5532 αὐτοῦ’
3639 5478 3745 5531 οὐκ
