3880 6200
131 304 289 358 1537

1255 301 1414 357 VITA
1454 300 1750 357 SANCTJE
1805 299 2289 357 SYNCLETlC:E.

3246 304 3389 360 i538

124 429 272 481 ἐστι
304 427 452 493 Θεός
471 443 484 456 ’
531 426 643 490 καὶ,
686 427 792 491 Εἰς
820 424 886 479 τὸ
917 425 1077 495 ὕψος
1106 424 1425 494 ἐλάλησαν
1447 426 1723 494 ἀνομίαν.

1839 425 2022 480 malim
2053 426 2373 481 confutatur
2407 440 2543 479 vana
2582 424 2799 479 illorum
2835 424 3128 481 sententia.
3160 423 3236 480 De
3281 425 3408 497 qui-

126 532 244 586 bus
302 530 419 586 haec
473 531 711 601 loquitur
757 529 1041 602 Scriptura
1092 546 1105 581 :
1152 530 1299 585 Dixit
1349 533 1603 601 insipiens
1650 533 1705 586 in
1753 530 1910 586 corde
1942 550 2041 588 suo
2073 549 2092 587 :
2135 532 2261 587 Non
2300 543 2378 589 est
2408 532 2548 587 Deus
2582 533 2681 600 δ⁰,;
2711 541 2806 587 et:
2841 531 3181 604 Iniquitate»:
3219 532 3273 587 in
3312 544 3410 588 es-

129 624 278 678 ceiso
315 624 477 679 locuti
506 634 628 679 sunt
654 625 721 680 “.

207 716 302 771 84.
352 718 461 772 Kal
519 717 944 791 προφασίζονται
984 719 1042 773 δὲ
1074 719 1288 783 ἑαυτοῖς
1327 721 1627 792 προφάσεις
1668 723 1727 776 ὲν

133 809 464 881 ἁμαρτίαις.
530 810 1030 882 Ἀκρωτηριάζουσι
1076 810 1187 883 γὰρ
1217 812 1314 876 τὰς
1350 812 1590 883 Γραφάς,
1634 832 1729 868 τυ-

136 897 500 967 φλώττοντες,
532 899 591 964 ἐξ
624 900 801 954 αὐτῶν
818 900 916 973 τὴν
944 903 1359 973 κακοφροσύνην
1387 903 1565 956 αὐτῶν
1597 904 1729 975 πλη-

143 992 400 1061 ροφορεῖν
429 990 758 1063 βουλόμενοι.
798 993 909 1047 Kal
940 993 1154 1064 πρῶτον
1189 994 1287 1065 μὲν
1319 995 1385 1049 ὲκ
1420 995 1513 1048 τοῦ
1543 997 1724 1065 Εύαγ-

138 1082 326 1152 γελίου
359 1083 450 1137 τὸν
472 1084 682 1138 ἑαυτῶν
722 1084 798 1137 ἰὸν
824 1084 1039 1156 ἐξεμεῖν
1070 1085 1421 1158 πειρώμενοι,
1444 1086 1726 1151 ἐκϐιάζον-

138 1190 234 1227 ται
252 1191 264 1203 ·
301 1175 435 1244 φησὶ
457 1175 590 1246 γὰρ,
616 1174 692 1239 ὡς
718 1175 828 1230 Τοῦ
844 1176 911 1229 δὲ
928 1177 1187 1245 Χριστοῦ
1219 1178 1259 1245 ἡ
1282 1176 1518 1248 γένεσις
1538 1178 1726 1245 οὕτως

140 1266 247 1335 ἦν.
284 1266 396 1338 Τὴν
422 1267 672 1338 γέννησιν
723 1269 832 1341 γὰρ
857 1269 1019 1330 αὐτοῦ
1052 1270 1264 1338 γένεσιν
1305 1272 1339 1341 ἠ
1384 1270 1505 1324 θεία
1535 1270 1726 1342 Γραφὴ

142 1359 454 1431 ὠνόμασεν.
483 1361 603 1414 Ἔτι
628 1378 692 1430 γε
725 1362 830 1432 μὴν
853 1363 948 1414 καὶ
977 1361 1038 1415 τὸ
1060 1362 1196 1434 πρὸς
1220 1361 1539 1435 ἀνθρώπους
1567 1362 1729 1417 αὐτὸν

144 1452 505 1524 οἰκονομικῶς
534 1452 789 1521 γενέσθαι
824 1453 1130 1519 ἀκολούθως
1148 1454 1362 1524 γένεσις
1391 1452 1725 1527 ὠνόμασται.

144 1542 209 1594 Εἰ
268 1543 325 1596 δὲ
366 1544 460 1597 καὶ
506 1544 633 1613 περὶ
652 1543 1014 1617 τοῦ’ἀστέρος
1048 1564 1101 1600 τι
1133 1546 1533 1615 ψευδολογοῦσι,
1567 1550 1729 1601 κάκεῖ

143 1633 312 1687 πάλιν
366 1635 465 1706 τὴν
508 1633 716 1702 ἔνδοξον
745 1635 906 1689 αὐτοῦ
946 1638 1248 1709 παρουσίαν
1280 1637 1723 1709 μανθανέτωσαν.

1906 717 1996 772 84.
2064 717 2377 797 Quinetiam
2443 716 2548 771 sibi
2614 716 3105 772 comminiscnntur
3170 734 3407 774 excusa-

1830 810 2010 866 tiones
2055 811 2111 865 in
2171 811 2434 882 peccatis.
2489 809 2828 864 Detruncant
2868 810 3015 864 enim
3059 809 3406 881 Scripturas,

1830 903 2199 965 caecutientes,
2228 918 2293 957 ea
2323 910 2505 957 mente
2540 910 2598 954 ut
2636 917 2704 956 ex
2734 902 2843 956 illis
2873 918 3091 972 pravam
3124 918 3280 959 suam
3309 903 3410 958 do-

1830 995 2063 1048 ctrinam
2087 994 2465 1063 comprobent.
2496 993 2559 1046 Et
2583 995 2758 1063 primo
2784 993 3003 1063 quidem
3026 1009 3093 1049 ex
3116 993 3412 1065 Evangelia

1832 1094 2101 1143 conantur
2147 1103 2400 1142 evomere
2444 1103 2604 1142 suum
2655 1088 2827 1141 virus.
2881 1087 2974 1140 Ait
3017 1086 3163 1142 enim
3214 1105 3230 1141 :
3279 1086 3412 1141 Jesu

1833 1176 2036 1233 Christi
2071 1186 2246 1231 autent
2283 1187 2546 1248 generum
2593 1177 2670 1231 sic
2716 1187 2831 1231 erat
2874 1179 2941 1231 “.
2992 1176 3411 1232 Generationem

1832 1271 1954 1339 ejus
2000 1269 2243 1340 genesim
2290 1269 2477 1323 divina
2534 1267 2819 1338 Scriptura
2869 1266 3194 1322 nominavit.
3250 1265 3411 1321 lusu-

1832 1376 2059 1432 perque,
2107 1360 2254 1430 quod
2305 1359 2423 1429 ipse
2475 1375 2573 1429 per
2629 1358 2992 1414 (economiam
3041 1358 3110 1413 ad
3160 1357 3413 1413 homines

1834 1455 2165 1517 accesserit,
2211 1459 2613 1521 consequenter
2650 1466 2849 1505 nomen
2893 1450 3154 1504 tribuitur
3181 1462 3413 1520 genera-

1834 1544 2022 1599 tionis.
2078 1542 2234 1609 Quod
2290 1543 2339 1598 si
2390 1543 2597 1612 aliquid
2657 1543 2821 1598 etiam
2876 1542 2944 1596 de
2989 1542 3147 1596 stella
3197 1539 3412 1596 mentiti

1835 1635 2061 1700 fuerint,
2094 1636 2222 1689 inde
2255 1649 2451 1690 rursus
2479 1635 2693 1688 discant
2733 1633 3029 1703 gloriosum
3067 1634 3189 1701 ejus
3218 1630 3415 1687 adven-

146 1720 242 1790 Εἷς
275 1727 407 1797 ἡμῖν
439 1726 615 1797 ἀστὴρ
644 1728 1031 1794 φωτεινότατος
1057 1729 1235 1800 κήρυξ
1269 1729 1461 1798 γέγονε
1480 1732 1576 1799 τῆς
1606 1729 1733 1801 ἁλη-

1839 1735 1972 1781 tum.
2018 1726 2191 1781 Unica
2234 1727 2393 1783 nobis
2445 1728 2601 1781 stella
2652 1726 2992 1781 lucidissima
3028 1724 3193 1797 635
3231 1739 3419 1795 praeco

149 1817 332 1881 θείας⁶
376 1817 488 1890 ἡδὲ
525 1819 746 1872 ἐκείνων
779 1819 980 1890 ματαία
1019 1819 1211 1891 γνώμη
1246 1819 1475 1885 πολλοὺς
1509 1837 1737 1891 παρεισ-

150 1909 309 1982 φέρει
338 1910 417 1974 εἰς
444 1909 616 1981 θήραν
639 1908 986 1983 ἀνθρωπίνης
1010 1911 1294 1979 γενέσεως.
1326 1911 1436 1965 Kal
1457 1912 1521 1964 ὲκ
1544 1911 1733 1964 τούτου

144 2001 437 2065 δέδεικται,
484 2003 561 2066 ὡς
610 2003 890 2073 πανταχοῦ
915 2004 1083 2073 ἑαυτῇ
1133 2003 1499 2074 ἀντίκειταιή
1545 2003 1733 2058 κακία.

146 2094 259 2147 Καὶ
318 2093 410 2146 τὸν
481 2093 707 2148 Ἡσαΐαν
774 2093 830 2147 δὲ
885 2096 962 2158 εἰς
1015 2094 1319 2165 μαρτυρίαν
1376 2095 1474 2165 τῆς
1528 2094 1735 2149 ἑαυτῶν

146 2185 334 2248 ἀνοίας
383 2185 627 2239 καλοῦσι.
659 2187 929 2240 Φάσκουσι
981 2186 1088 2259 γὰρ
1122 2188 1283 2241 αὑτὸν
1330 2188 1607 2258 εἰρηκέναι
1640 2188 1729 2241 τό·

146 2278 367 2345 Κύριος
401 2281 434 2332 ὀ
479 2276 667 2331 ποιῶν
716 2278 983 2348 εἰρήνην,
1038 2278 1135 2332 καί
1198 2277 1404 2339 κτίζων
1443 2278 1619 2333 κακά.
1670 2280 1735 2333 Ἠ

153 2370 254 2440 μὲν
292 2367 385 2424 οὖν
436 2373 628 2441 εἰρήνη
677 2372 828 2442 παρὰ
878 2372 1042 2425 πᾶσιν
1085 2369 1433 2442 ὡμολόγηται
1474 2371 1549 2436 ὡς
1596 2372 1732 2426 Θεοῦ

152 2462 312 2533 ἔργον
339 2461 681 2532 τυγχάνουσα
705 2479 720 2493 ·
761 2464 794 2534 ὴ
822 2462 879 2515 δὲ
908 2462 1075 2516 κακία
1113 2463 1241 2531 παρ’
1268 2463 1451 2527 αὐτοῖς
1484 2464 1581 2534 μὲν
1604 2464 1735 2536 ἀλη-

150 2553 260 2618 θῶς
281 2554 643 2621 πολιτεύεται,
668 2555 836 2609 κακία
866 2556 965 2627 τῆς
993 2555 1172 2626 ψυχῆς
1198 2556 1519 2627 ὑπάρχουσα
1538 2573 1552 2588 ’
1584 2556 1734 2627 παρά

148 2645 206 2698 δὲ
244 2646 376 2716 ἡμῖν
400 2647 433 2715 ἡ
463 2647 526 2699 ὲκ
549 2643 643 2698 τοῦ
664 2644 797 2698 Θεοῦ
820 2645 1111 2717 γενηθεῖσα
1135 2646 1305 2699 κακία
1332 2645 1733 2719 ὠφελιμωτάτη

150 2736 287 2791 ἐστί.
319 2736 462 2808 Πρὸς
482 2735 590 2808 γὰρ
620 2736 896 2809 σωτηρίαν
934 2736 1113 2808 ψυχῆς
1147 2738 1242 2790 καὶ
1269 2737 1522 2791 παιδείαν
1557 2738 1736 2809 σωμά-

148 2845 259 2882 των
280 2829 519 2897 γίνονται
544 2827 694 2900 λιμοὶ
715 2828 805 2883 καὶ
828 2828 1142 2903 ἀνομϐρίαι,
1165 2829 1311 2882 νόσοι
1334 2837 1392 2882 τε
1412 2829 1504 2883 καὶ
1530 2829 1732 2896 πενίαι,

151 2921 248 2975 καὶ
263 2920 568 2986 άλλαιτινὲς
584 2922 953 2994 περιστάσεις.
974 2920 1055 2975 Τὰ
1072 2921 1180 2994 γάρ
1192 2922 1435 2993 σωτήρια
1448 2922 1735 2993 φάρμακα,

151 3014 188 3068 ἃ
216 3015 413 3068 ἐκεῖνοι
437 3013 631 3068 κακίαν
665 3014 842 3085 ψυχῆς
873 3015 967 3068 καὶ
984 3014 1130 3068 κακά
1142 3013 1242 3067 οὐκ
1278 3012 1494 3084 ἀληθῶς
1511 3014 1736 3086 ὑπενόη-

1833 1820 2044 1875 exstitit
2108 1822 2309 1873 veritas
2366 1838 2378 1873 :
2443 1819 2660 1872 illorum
2728 1829 2908 1872 autem
2960 1832 3102 1872 vana
3161 1816 3413 1873 doctrina

1835 1912 2036 1967 multas
2072 1911 2375 1967 introducit
2417 1911 2484 1967 ad
2534 1911 2813 1966 hominum
2854 1910 3179 1981 captandam
3216 1909 3412 1964 obser-

1831 2004 2178 2074 van-iamque
2224 2003 2489 2075 genesim.
2539 2003 2716 2073 Atque
2765 2003 2895 2057 hinc
2954 2010 3237 2058 ostensum
3288 2008 3411 2067 est,

1833 2098 2037 2168 ubique
2060 2097 2325 2151 malitiam
2357 2096 2461 2151 sibi
2488 2096 2591 2166 ipsi
2645 2094 2940 2150 adversari.
2972 2094 3164 2150 Isaiam
3195 2108 3415 2164 quoque

1834 2188 1889 2243 in
1925 2189 2299 2244 testimonium
2337 2187 2589 2242 amentiae
2627 2201 2741 2241 suae
2786 2192 3004 2240 vocant.
3043 2184 3215 2251 Quem
3256 2184 3415 2240 aiunt

1833 2280 2040 2335 dixisse
2071 2298 2085 2335 :
2119 2278 2377 2334 Dominus
2408 2277 2611 2347 faciem
2642 2292 2845 2345 pacem,
2875 2285 2925 2330 et
2947 2292 3132 2330 creans
3164 2274 3312 2328 mala
3340 2274 3410 2329 “.

1832 2372 2029 2428 Pacem
2079 2379 2229 2428 certe
2276 2386 2419 2441 opus
2461 2385 2586 2426 esse
2634 2368 2729 2426 Dei
2774 2384 2937 2424 nemo
2981 2383 3090 2423 non
3142 2367 3344 2422 fatetur
3393 2383 3410 2421 :

1832 2464 2044 2520 malitia
2088 2479 2220 2519 vero
2265 2462 2410 2535 apud
2460 2463 2612 2532 ipsos
2659 2478 2850 2517 revera
2892 2471 3163 2525 versatur,
3204 2460 3415 2514 malitia

1832 2558 2089 2614 videlicet
2117 2556 2334 2611 animae.
2369 2554 2538 2610 Nobis
2575 2560 2756 2610 autem
2795 2569 2858 2610 ea
2888 2568 3010 2623 qua:
3045 2569 3114 2608 ex
3145 2551 3256 2607 Deo
3289 2567 3418 2621 pro-

1833 2648 1979 2704 cedit
2040 2647 2271 2713 malitia,
2333 2646 2627 2702 utilissima
2678 2652 2784 2700 est.
2846 2643 2982 2698 Nam
3043 2644 3114 2698 ob
3179 2644 3414 2699 salutem

1834 2742 2029 2795 animae
2059 2738 2420 2810 corporisque
2469 2737 2879 2808 castigationem
2917 2736 3173 2792 oriuntur
3221 2734 3416 2802 fames,

1836 2832 2082 2897 siccitas,
2129 2830 2308 2885 morbi
2363 2844 2429 2884 ac
2482 2836 2800 2898 paupertas,
2856 2827 3084 2897 aliaeque
3137 2827 3416 2882 nonnullae

1835 2924 2193 2980 calamitates.
2254 2920 2527 2976 Salutaria
2598 2920 2745 2976 enim
2811 2920 3084 2985 remedia,
3154 2934 3280 2989 qua:
3335 2917 3417 2974 illi

1836 3014 2039 3069 malum
2073 3020 2127 3068 et
2153 3012 2452 3084 perniciem
2491 3012 2689 3067 anima:
2717 3025 2842 3066 esse
2874 3011 3079 3080 opinati
3117 3017 3266 3074 sunt,
3299 3009 3417 3065 haec

156 3106 455 3172 σαν,ταῦτα
476 3106 614 3179 πρὸς
627 3105 958 3178 ἐπιστροφὴν
988 3108 1120 3178 ἡμῖν
1136 3106 1286 3179 παρά
1312 3103 1407 3159 τοῦ
1430 3105 1732 3178 κρείττονος

1839 3106 1904 3159 ad
1952 3105 2366 3160 conversionem
2411 3102 2572 3159 nobis
2621 3100 2944 3171 inﬂiguntur
2992 3116 3023 3155 a
3062 3100 3174 3155 Deo
3215 3118 3228 3155 :
3280 3100 3417 3167 Quis

155 3199 549 3271 προσφέρεται·
590 3198 685 3263 Τίς
712 3198 823 3269 γάρ
852 3198 1023 3253 ἐστιν
1046 3199 1177 3266 υἱός
1210 3200 1283 3253 ὃν
1303 3202 1376 3255 οὺ
1410 3199 1677 3255 παιδεύει
1699 3202 1733 3255 ό

154 3286 348 3356 πατήρ
361 3303 381 3351 ;
401 3287 522 3341 Ἔτι
538 3286 595 3341 δὲ
616 3287 816 3352 καὶτὸ,
859 3291 980 3343 Οὐκ
996 3290 1065 3343 ὲν
1082 3290 1368 3359 ἀνθρώπῳ
1385 3295 1443 3346 αἱ
1468 3291 1593 3346 6δοί
1624 3294 1732 3347 αὺ-

153 3378 283 3446 τοῦ,
315 3369 477 3433 πάλιν
509 3378 713 3450 ὁμοίως
735 3379 1133 3452 προσφέρουσιν
1158 3382 1239 3445 εἰς
1263 3380 1365 3452 τὴν
1395 3381 1530 3435 ἰδίαν
1564 3399 1736 3437 κατα-

154 3469 393 3541 στροφήν
410 3485 423 3499 ·
444 3469 598 3533 ὁδοὺς
624 3469 734 3542 γὰρ
752 3471 826 3541 μὴ
848 3470 1082 3541 ἔχοντες,
1104 3469 1403 3543 ὲξιχνιάσαι
1432 3472 1731 3544 βούλονται.

167 3561 313 3615 ὐδδν
354 3562 455 3615 οὐκ
495 3560 607 3633 ἔχει
658 3561 959 3630 πλεονεξία,
1004 3563 1438 3635 γαστριμαργία,
1478 3566 1731 3636 πορνεία·

155 3653 500 3707 ἀνυπόστατα
531 3652 641 3725 γάρ
679 3652 873 3718 ταῦτα,
915 3653 1038 3707 καθ’
1065 3653 1231 3707 ἑαυτά
1261 3652 1336 3724 μὴ
1366 3653 1515 3710 ὄντα.
1551 3656 1737 3710 Ταῦτα

156 3744 262 3818 γὰρ
312 3747 510 3797 ἐκεῖνοι
548 3743 699 3809 ὁδοὺς
747 3744 1008 3799 εἰώθεσαν
1057 3745 1259 3815 λέγειν.
1304 3747 1486 3810 Ὁδοὺς
1517 3747 1575 3800 δὲ
1603 3750 1736 3818 ἡμῖν

155 3833 397 3906 ήΓραφὴ
422 3834 571 3904 λέγει
596 3834 696 3900 τὰς
722 3836 908 3901 κοινάς
948 3839 1102 3902 πᾶσι,
1131 3839 1231 3908 τήν
1261 3854 1318 3891 τε
1350 3837 1492 3909 ζωὴν
1516 3838 1611 3891 καὶ
1645 3838 1736 3892 τὸν

156 3925 406 3980 θάνατον.
462 3925 701 3998 Ἀληθῶς
744 3928 851 3998 γάρ
895 3928 1108 4001 πορεῖαί
1139 3929 1244 3981 εἰσι
1266 3928 1368 3998 τῆς
1407 3945 1469 3980 τε
1499 3926 1736 3983 ἐνταῦθα

155 4018 466 4089 εἰσαγωγῆς
509 4020 604 4072 καὶ
646 4019 746 4089 τῆς
799 4021 864 4073 ὲκ
909 4019 1020 4074 τῶν
1054 4019 1327 4090 αἰσθητῶν
1360 4018 1564 4075 τούτων
1610 4037 1738 4092 μετ-

154 4107 527 4171 αναστάσεως.

227 4200 316 4254 85.
344 4199 529 4254 Πάντα
562 4195 655 4254 οὖν
688 4200 933 4255 ποιοῦσιν
960 4202 1010 4254 οἱ
1030 4201 1445 4271 κακοδαίμονες,
1472 4202 1614 4256 ὥστε
1641 4202 1736 4256 τοῦ

155 4289 502 4355 αὖτεξουσίου
519 4291 747 4354 ἑαυτοὺς
768 4289 1090 4344 ἀπώσασθαι
1111 4307 1126 4323 ο
1156 4292 1252 4344 καὶ
1277 4291 1480 4368 ταύτην
1504 4294 1738 4366 σπουδὴν

155 4382 391 4437 τίθενται
421 4381 516 4435 τοῦ
546 4381 996 4447 ἀντικαταλλάξαι
1029 4386 1127 4455 τῆς
1151 4382 1463 4458 ἐλευθερίας
1485 4385 1585 4456 τὴν
1613 4385 1735 4439 Gou-

154 4475 325 4529 λείαν.
386 4474 498 4528 Kal
534 4473 643 4547 γὰρ
688 4473 846 4527 τοῦτο
867 4475 966 4545 τῆς
994 4476 1193 4539 κακίας
1221 4474 1401 4545 ἔργον,
1423 4476 1483 4529 τὸ
1507 4477 1738 4532 πάντοτε

155 4569 268 4629 τοῖς
309 4565 547 4637 χείροσιν
576 4565 774 4638 ἑαυτὴν
806 4564 1196 4634 συγκαθέλκειν
1217 4582 1232 4597 ο
1267 4566 1478 4621 ἑαυτῶν
1506 4568 1618 4640 γάρ
1654 4570 1737 4638 γί-

155 4677 339 4715 νονται
373 4659 668 4731 μάρτυρες,
700 4658 776 4723 ὡς
799 4661 867 4731 τῇ
900 4660 1069 4731 κακία
1111 4661 1337 4723 ἑαυτοὺς
1373 4661 1736 4732 πεπρακότες.

158 4753 269 4807 Kal
294 4754 454 4806 τοῦτο
478 4748 571 4807 οῦν
595 4750 689 4805 τοῦ
723 4750 969 4805 διαϐόλου
1001 4752 1063 4806 τὸ
1110 4752 1387 4825 ἀπατηλὸν
1420 4753 1702 4825 τέχνασμα
1722 4771 1735 4785 ·

156 4843 258 4908 τὰς
298 4843 407 4915 γὰρ
457 4842 678 4914 ἀμελεῖς
728 4841 905 4914 ψυχὰς
953 4842 1044 4897 διά
1072 4843 1173 4914 τῆς
1214 4843 1535 4911 κακοδοξίας
1590 4845 1741 4899 κάτω

160 4935 452 5007 κεκυφέναι
479 4936 905 5008 παρασκευάζει,
944 4936 1020 5008 μὴ
1056 4935 1354 5008 συγχωρῶν
1393 4936 1564 5000 αύτάς
1605 4938 1736 4991 ἀνα-

161 5030 331 5101 νῆψαι
379 5029 516 5101 πρὸς
569 5027 865 5098 ἐπίγνωσιν
907 5028 1008 5098 τῆς
1039 5027 1320 5100 ἀληθείας.
1373 5028 1585 5102 Ὠσπερ
1629 5029 1736 5101 γάρ

158 5123 293 5185 ναῦς
332 5123 490 5187 ἐκτὸς
515 5120 788 5193 πηδαλίων
838 5120 1077 5174 πλέουσα
1113 5120 1202 5174 ἀεὶ
1228 5118 1574 5191 χειμάζεται,
1595 5117 1739 5172 οὓτω

157 5215 369 5278 τούτοις
397 5215 625 5270 πάντοτε
667 5217 697 5269 ό
743 5214 985 5278 κίνδυνος
1019 5214 1266 5266 ἐπιπνεῖ·
1308 5211 1430 5264 οὐδὲ
1462 5209 1570 5283 γὰρ
1602 5209 1739 5282 πρὸς

158 5309 252 5362 τὸν
275 5310 540 5380 σωτήριον
588 5306 782 5379 λιμένα
803 5290 1060 5379 όρμῆσαι
1100 5303 1377 5367 δύνανται,
1418 5304 1510 5357 τὸν
1532 5302 1737 5375 κυϐερ-

158 5398 339 5456 νῶντα
364 5401 567 5473 Κύριον
603 5398 1014 5462 καταλιπόντες.
1049 5397 1162 5451 Kal
1196 5394 1295 5461 τὰς
1322 5397 1421 5468 μὲν
1462 5394 1741 5466 ἐκδεδομέ-

157 5510 261 5558 νας
300 5491 450 5564 αύτῷ
494 5491 671 5564 ψυχὰς
695 5491 869 5556 οὕτως
921 5490 1118 5562 πλανᾷ.
1148 5488 1417 5554 Πολλάκις
1444 5488 1501 5543 δὲ
1526 5487 1741 5552 καὶτὰς

234 5647 283 5684 δ’
317 5647 465 5708 Psal.
497 5666 628 5720 xm,
665 5650 715 5704 1.
790 5649 833 5682 ιι
872 5646 1020 5705 Psal.
1065 5662 1212 5703 um
1236 5686 1250 5714 ,
1286 5645 1341 5702 8.
1420 5643 1466 5678 δ’
1507 5641 1699 5703 Matth.
1733 5658 1786 5713 ι,
1825 5643 1912 5701 l8.

161 5735 230 5785 ι,
266 5720 358 5777 25.

1834 3199 1976 3253 enim
2023 3197 2191 3268 ﬁlius,
2241 3212 2392 3266 quem
2441 3212 2547 3249 non
2582 3194 2803 3262 corripit
2844 3202 2996 3264 pater
3048 3192 3129 3247 ⁸δῖ
3171 3192 3419 3262 llludque

1835 3299 2097 3362 praeterea
2150 3308 2164 3344 :
2211 3285 2336 3342 Non
2381 3295 2503 3341 sunt
2540 3287 2596 3339 in
2642 3285 2851 3340 homine
2895 3284 2991 3338 vita
3031 3284 3147 3352 ejus
3186 3283 3254 3347 ",
3297 3282 3419 3353 pari

1834 3384 1998 3439 modo
2035 3382 2101 3436 ad
2143 3381 2420 3454 propriam
2459 3377 3167 3450 eversionem.proferunt;
3207 3377 3419 3433 scilicet

1835 3475 1953 3529 vias
2007 3489 2132 3528 cum
2180 3488 2290 3528 non
2337 3471 2599 3538 habeant,
2644 3471 2761 3525 vias
2795 3469 2986 3525 volunt
3032 3468 3358 3538 investigare
3397 3485 3415 3526 :

1834 3569 1979 3624 viam
2004 3582 2119 3622 non
2150 3567 2313 3621 habet
2332 3565 2585 3630 avaritia,
2617 3572 2711 3619 aut
2735 3565 2882 3635 gula,
2904 3579 3083 3635 neque
3102 3562 3418 3618 fornicatio.

1836 3659 1933 3715 illa
1965 3675 2203 3729 namque
2241 3673 2366 3713 cum
2397 3672 2496 3728 per
2522 3672 2582 3713 se
2615 3671 2727 3712 non
2759 3656 2902 3720 sint,
2937 3655 3291 3712 subsistentia
3323 3669 3419 3709 ca-

1836 3761 1979 3807 rent.
2011 3741 2143 3817 Qua:
2175 3761 2356 3805 tamen
2399 3750 2475 3804 illi
2512 3749 2633 3804 vias
2674 3748 2861 3803 dicere
2899 3753 3324 3802 consueverunt.
3348 3745 3419 3799 At

1839 3860 1971 3900 vero
2008 3844 2291 3915 Scriptura
2320 3842 2459 3898 duas
2496 3855 2622 3897 esse
2653 3839 2911 3895 omnibus
2953 3852 3274 3892 communes
3300 3836 3418 3892 vias

1838 3937 1989 3999 dicit,
2014 3936 2182 3991 vitam
2213 3944 2268 3991 et
2288 3941 2542 3989 mortem.
2570 3930 2709 3987 Vere
2736 3928 3005 4001 siquidem
3041 3928 3236 3982 itinera
3264 3935 3415 3993 sunt,

1838 4029 2094 4084 introitus
2136 4028 2191 4081 in
2226 4026 2373 4082 hunc
2413 4022 2700 4088 mundum,
2731 4029 2786 4078 et
2815 4018 3311 4091 transmigrationis
3347 4031 3419 4075 ex

1838 4121 1928 4176 his
1958 4118 2331 4175 sensibilibns.

1914 4211 2006 4266 85.
2061 4209 2207 4264 Nihil
2252 4209 2437 4278 itaque
2479 4220 2589 4261 non
2641 4204 2851 4259 faciunt
2905 4200 3158 4258 infelices
3209 4199 3322 4265 illi,
3356 4206 3419 4255 ut

1840 4302 2076 4357 liberum
2128 4316 2160 4355 a
2200 4316 2261 4356 se
2306 4299 2570 4368 abjiciant
2606 4296 2894 4351 arbitrium
2947 4314 2961 4350 :
3006 4303 3170 4364 atque
3209 4293 3264 4346 in
3313 4290 3420 4347 hoc

1845 4408 2032 4449 curam
2100 4392 2452 4461 studiumque
2499 4395 2743 4460 ponunt,
2803 4395 2866 4441 ut
2925 4386 3238 4440 libertatem
3290 4396 3419 4436 cum

1843 4487 2106 4541 servitute
2138 4491 2494 4540 commutent.
2520 4482 2730 4537 Etenim
2766 4480 2869 4534 hoe
2890 4486 2975 4535 est
3007 4478 3228 4533 malitiae
3256 4489 3419 4545 opus,

1838 4587 1898 4633 ut
1943 4593 2158 4649 semper
2208 4576 2448 4645 seipsam
2497 4574 2893 4645 pertrahatad
2940 4570 3151 4642 pejora.
3200 4567 3421 4639 Ipsique

1838 4670 2133 4725 adversum
2190 4683 2251 4724 se
2308 4675 2474 4722 tenes
2526 4664 2780 4726 evadent,
2838 4660 2987 4732 quod
3037 4675 3159 4716 sese
3197 4656 3425 4711 malitiae

1838 4761 2205 4818 vendiderint.
2264 4757 2470 4828 Estque
2521 4755 2659 4811 illud
2702 4753 2908 4811 diaboli
2958 4749 3254 4806 artificium
3310 4762 3425 4818 quo

1839 4854 2123 4924 decipiat:
2176 4866 2371 4923 segnes
2415 4850 2617 4921 quippe
2664 4848 2876 4902 animas
2917 4859 3016 4915 per
3055 4855 3278 4913 pravam
3320 4838 3423 4893 do-

1843 4943 2077 4998 ctrinam
2123 4941 2380 4997 deorsum
2412 4938 2756 5010 pr0pendere
2787 4933 3104 5004 compellit;
3150 4945 3250 4987 nec
3289 4929 3424 4987 sinit

1842 5051 1941 5091 eas
1970 5049 2191 5090 sursum
2221 5033 2358 5104 erigi
2388 5032 2456 5087 ad
2485 5030 2815 5103 agnitionem
2855 5025 3123 5082 veritatis.
3150 5019 3394 5089 Quemad

1844 5125 2071 5179 modum
2121 5125 2270 5181 enim
2321 5123 2482 5180 navis
2534 5124 2655 5179 sine
2698 5118 3074 5192 gubernaculo
3131 5114 3424 5184 navigans.

1846 5214 2268 5286 tempestatibus
2306 5228 2523 5285 semper
2566 5212 2849 5284 agitatur;
2882 5209 2955 5263 ita
2992 5206 3104 5262 illis
3138 5204 3428 5275 undequa-

1849 5318 1958 5373 que
1976 5303 2345 5374 periculorum
2371 5310 2566 5360 ventus
2582 5301 2753 5358 instat
2782 5318 2796 5357 :
2822 5312 3002 5370 neque
3021 5295 3168 5352 enim
3193 5299 3429 5365 possunt

1848 5394 1916 5449 ad
1964 5393 2263 5451 salutarem
2309 5402 2526 5466 portum
2584 5392 2894 5466 appellere,
2953 5385 3173 5459 quando
3222 5383 3426 5454 guber-

1845 5493 2097 5543 natorem
2133 5486 2428 5542 Dominum
2465 5484 2831 5557 reliquerunt.
2862 5480 3064 5551 Sicque
3100 5475 3275 5533 hostis
3307 5470 3428 5525 ani-

2020 5644 2068 5678 "
2108 5642 2215 5702 lsa.
2252 5654 2377 5710 xu,
2414 5640 2466 5696 7.
2568 5639 2615 5672 “
2651 5637 2818 5695 Hebr.
2855 5651 2968 5701 xu,
3007 5634 3057 5688 7.
3135 5631 3180 5663 “
3219 5624 3422 5684 Jerem.
