3852 6206
471 279 610 334 1539
1602 273 1660 328 S.
1703 269 2166 327 ATHANASIUS.
2209 300 2279 310 —
2308 268 2580 325 SPURIA.
3626 274 3785 317 13-50

467 409 589 450 mas
650 391 754 463 ipsi
802 391 1016 447 deditas
1063 392 1287 462 decipit.
1348 391 1505 464 Saepe
1553 393 1719 448 etiam
1771 410 1868 465 per
1924 394 2040 448 haec

2173 389 2448 451 τπουδαίας
2477 385 2938 459 παρυφιζάνειδιά
2954 385 3159 439 τούτων
3187 386 3214 437 6
3234 383 3452 455 ἐχθρὸς,
3490 384 3601 436 τὸν
3639 383 3792 450 d7:-

469 482 757 537 animabus
791 481 1048 536 virtutum
1079 482 1343 537 studiosis
1367 482 1677 546 insidiatur,
1702 483 1806 538 hoc
1838 498 2042 538 curans

2173 483 2237 535 ιὸν
2262 480 2440 536 αὐτῶν
2473 480 2672 552 δρόμον
2717 478 2943 542 ἐκκόψαι
2976 476 3315 547 βουλόμενος.
3355 477 3500 529 Κατ’
3535 476 3792 529 ἔννοιαν

471 581 532 627 ut
562 573 763 628 bonum
797 587 986 628 earum
1024 586 1246 628 cursum
1291 573 1618 642 intercipiat.
1650 572 1847 628 Animo
1890 587 2042 628 nam-

2173 573 2254 644 ’ὰρ
2287 572 2566 642 ἐμϐάλλει,
2589 571 2665 636 ώς
2693 571 2789 624 καὶ
2815 571 2875 625 τὸ
2903 566 2962 624 εὖ
2994 572 3256 642 πράττειν
3283 570 3440 640 παρὰ
3465 569 3582 639 τῆς
3619 572 3799 638 κενή-

470 681 578 736 que
628 665 890 735 suggerit,
927 665 1074 734 quod
1127 665 1266 720 bene
1319 663 1659 735 feliciterque
1701 679 1947 737 agamus,
1989 663 2042 719 id

2173 681 2287 726 rem;
2317 662 2428 716 τῶν
2456 663 2669 733 ἄστρων
2711 662 2938 731 γίνεται.
2976 662 3177 714 Τοῦτον
3203 663 3260 715 δὲ
3300 662 3391 714 τὸν
3423 661 3732 730 λογισμὸν
3759 661 3795 709 ὁ

469 771 536 810 ex
565 765 836 811 astrorum
859 763 1007 810 motu
1026 756 1338 825 provenire;
1372 753 1521 810 llanc
1550 762 1730 810 autem
1763 755 2042 827 cogitatio-

2177 753 2384 817 ναντίος
2427 753 2691 825 προσάγει
2727 755 2839 818 τοῖς
2872 755 2936 808 ἐκ
2981 755 3174 824 σοφίας
3216 755 3493 824 κοσμικῆς
3524 753 3642 806 ἐπὶ
3679 754 3789 805 τὸν

466 863 595 903 nem
644 848 712 902 iis
775 849 1017 902 immittit
1075 846 1459 910 adversarius,
1512 847 1604 917 qui
1659 862 1726 901 ex
1796 839 2042 903 saeculari

2173 847 2357 917 ιονήρη
2402 846 2514 916 βίον
2553 847 2809 916 τραπεῖσι
2835 861 2848 875 ·
2879 847 3140 918 φρόνιμος
3172 845 3281 918 γὰρ
3302 848 3361 899 ἐν
3394 849 3514 908 τοῖς
3551 849 3788 908 κακοῖς

472 939 741 1008 sapientia
809 939 1062 993 conversi
1123 945 1253 991 sunt
1301 937 1369 991 ad
1425 937 1590 992 vitam
1664 939 2042 993 monasticam.

2173 939 2425 1008 υγχάνων
2445 941 2473 991 6
2494 937 2757 1002 διάϐολος,
2785 937 2920 1010 πρὸς
2951 940 3050 1002 τὰς
3074 937 3264 1009 φύσεις
3288 938 3396 993 τῶν
3429 938 3783 1009 ἀνθρώπων

469 1027 606 1082 Nam
655 1044 779 1084 cum
822 1029 876 1082 in
915 1029 1074 1082 malis
1111 1029 1285 1082 solers
1327 1027 1400 1082 sit
1444 1027 1716 1091 diabolus,
1753 1028 1909 1096 juxta
1955 1028 2042 1082 ho-

2173 1031 2244 1094 τὰς
2267 1031 2496 1098 παγίδας
2517 1031 2821 1102 ὑποτίθησι.
2846 1031 2970 1093 Τοῖς
2997 1031 3094 1100 μὲν
3121 1031 3230 1102 γὰρ
3250 1031 3336 1085 διὰ
3357 1031 3462 1102 τῆς
3490 1030 3782 1099 ἀπογνὼ-

470 1118 678 1171 minum
709 1117 945 1172 indolem
976 1117 1203 1186 laqueos
1233 1117 1476 1185 subjicit.
1518 1117 1859 1183 Quibusdam
1899 1119 2042 1172 enim

2173 1141 2284 1186 rem;
2311 1123 2573 1192 ἐνδελεχεῖ
2592 1141 2606 1153 ·
2625 1123 2778 1186 τινὰς
2807 1123 2863 1176 δὲ
2889 1124 2978 1177 διὰ
3009 1124 3107 1194 τῆς
3131 1125 3434 1191 κενοδοξίας
3455 1125 3777 1188 καθέλκει,

471 1211 693 1264 assidue
759 1212 927 1264 instat
995 1223 1093 1278 per
1159 1207 1558 1279 desperationis
1639 1209 2042 1273 tentationem;

2173 1219 2239 1271 ιαὶ
2297 1219 2514 1288 ἐτέρους
2585 1220 2673 1274 διὰ
2738 1221 2838 1290 τῆς
2897 1221 3329 1293 φιλοχρηματίας
3386 1223 3776 1294 κατορύττει.

471 1301 610 1356 alios
673 1316 770 1370 per
822 1315 980 1355 vana:
1055 1300 1239 1370 gloria:
1301 1301 1611 1370 cupidinem
1658 1302 1849 1366 trahit,
1907 1302 2042 1356 alios

2175 1310 2360 1379 Ωσπερ
2416 1308 2522 1380 γὰρ
2565 1309 2936 1382 θανατηφόρος
2978 1313 3162 1383 ἰατρὸς
3210 1315 3479 1384 προσάγει
3505 1317 3641 1377 τοῖς
3663 1316 3772 1366 ἀν-

469 1405 569 1459 per
620 1392 865 1459 pecuniae
929 1391 1286 1460 cupiditatem
1353 1391 1558 1445 obruit.
1626 1392 1805 1461 Atque
1871 1392 2042 1446 instar

2173 1399 2386 1470 ιρώποις
2419 1401 2486 1453 τὰ
2513 1400 2814 1472 δηλητήρια
2837 1419 2851 1432 ·
2907 1402 3001 1455 καὶ
3028 1402 3120 1455 τὸν
3180 1405 3277 1474 μὲν
3317 1408 3383 1458 ἐκ
3435 1405 3534 1458 τοῦ
3607 1407 3772 1476 ἧπα-

471 1481 705 1535 lethil‘eri
749 1481 944 1536 medici
993 1481 1306 1536 hominibus
1358 1489 1619 1536 venenata
1664 1482 1823 1537 oﬂ‘ert
1873 1483 2042 1537 medi-

2173 1508 2235 1554 ος
2309 1492 2555 1563 ἀναιρεῖ,
2639 1493 2931 1564 προσάγων
2981 1495 3130 1566 αύτῷ
3173 1496 3233 1548 τὸ
3291 1497 3390 1567 τῆς
3436 1497 3768 1568 ἐπιθυμίας

469 1581 744 1628 camenta.
813 1574 992 1643 Atque
1059 1573 1211 1627 hunc
1271 1573 1492 1644 quidem
1551 1590 1616 1628 ex
1669 1575 1853 1644 jecore
1899 1575 2042 1628 occi-

2173 1581 2388 1647 ηξικόνο
2426 1583 2582 1637 ἄλλον
2640 1583 2697 1636 δὲ
2747 1584 3138 1655 καρδιότρωτον
3197 1589 3376 1650 ποιεῖ,
3414 1587 3513 1640 τὸν
3565 1587 3759 1657 θυμὸν

469 1665 590 1728 dit,
651 1665 885 1720 oﬂ'erens
955 1665 1033 1719 illi
1104 1665 1420 1736 cupiditatis
1502 1667 1748 1722 toxicum
1809 1685 1821 1721 :
1877 1667 2042 1720 alium

2173 1672 2313 1725 ιύτοῦ
2372 1674 2510 1745 πρὸς
2553 1675 2722 1745 ὀργὴν
2771 1676 3017 1740 ἐξάπτων
3037 1694 3050 1706 ·
3082 1678 3242 1732 τινῶν
3271 1679 3328 1731 δέ
3353 1680 3451 1732 καὶ
3473 1680 3586 1750 τὴν
3619 1683 3760 1751 ἡγε-

470 1757 527 1811 in
579 1757 745 1811 corde
799 1756 1071 1820 vulnerat,
1111 1757 1352 1811 animum
1404 1757 1524 1826 ejus
1569 1759 1634 1812 ad
1683 1759 1820 1812 iram
1858 1760 2042 1813 conci-

2416 1725 2506 1745 |"'
2561 1725 2713 1745 ’ro'l'
2775 1725 3008 1740 'i""""
3094 1725 3234 1732 *⁷⁷η*
3275 1725 3327 1731 ⁷⁷
3354 1725 3451 1732 "'"
3485 1725 3577 1750 "4'
3625 1725 3729 1751 Ἰδ*

2173 1763 2378 1835 ιονικὴν
2437 1765 2703 1836 ἀμϐλύνει
2760 1767 3010 1838 δύναμιν,
3043 1769 3076 1838 ἦ
3125 1769 3320 1840 ἀγνοίᾳ
3349 1771 3561 1835 αὐτοὺς
3595 1788 3761 1842 περι-

468 1857 594 1905 t-ans
629 1866 642 1900 :
676 1850 1039 1919 quorumdam
1105 1864 1236 1904 vero
1273 1849 1578 1921 principem
1609 1851 1777 1905 animi
1835 1861 2042 1922 partem

2173 1852 2380 1920 ἱάλλων,
2409 1854 2441 1924 ἢ
2474 1854 2560 1908 διὰ
2578 1856 2900 1928 περιεργίας
2931 1858 3126 1921 αὐτοὺς
3147 1858 3442 1928 στρεϐλῶν.

469 1941 744 2006 obtundit,
787 1949 879 1995 aut
925 1941 1235 2012 ignorantia
1291 1943 1602 2007 involvens,
1653 1955 1748 1998 aut
1800 1959 1896 2014 per
1944 1959 2042 1998 cu-

468 2035 768 2090 riositatem
789 2042 1060 2089 evertens.

545 2123 633 2178 86.
690 2122 966 2188 Quosdam
1023 2123 1192 2193 igitur
1258 2138 1356 2192 per
1406 2123 1621 2193 ineptas
1677 2132 1732 2179 et
1776 2124 2042 2180 absurdas

2217 2116 2306 2171 86.
2342 2115 2503 2180 Τινὰς
2535 2112 2626 2171 οὖν
2664 2117 2730 2170 ἐκ
2753 2117 3032 2190 ζητήσεων
3057 2119 3155 2172 οὐκ
3190 2119 3365 2190 ὀρθῶν
3397 2120 3753 2190 παρέτρεψε.

467 2215 797 2284 quaestiones
839 2214 1177 2270 subornavit.
1225 2212 1384 2277 Nam,
1435 2229 1558 2268 cum
1593 2217 1793 2270 vellent
1822 2216 1890 2269 de
1923 2214 2034 2270 Deo

2173 2209 2282 2280 Ιερὶ
2306 2209 2414 2280 γὰρ
2438 2209 2571 2262 Θεοῦ
2599 2210 2692 2262 καὶ
2726 2211 2824 2280 τῆς
2858 2209 3024 2264 αὐτοῦ
3055 2210 3241 2273 οὐσίας
3273 2212 3559 2265 διαλαϐεῖν
3589 2209 3756 2281 θελή-

471 2305 729 2375 illiusque
776 2313 972 2360 natura
1016 2306 1346 2376 disceptare,
1378 2306 1725 2377 naufragium
1774 2306 2042 2361 fecerunt.

2173 2317 2360 2364 παντες,
2417 2301 2777 2372 ἐναυάγησαν.
2819 2301 2922 2354 Τὸν
2961 2301 3071 2373 γάρ
3120 2302 3423 2374 πρακτικὸν
3452 2302 3573 2372 βίον
3615 2306 3752 2356 ἁκο-

469 2397 607 2450 Cum
637 2398 782 2451 enim
811 2398 980 2451 vitam
1005 2398 1240 2453 actionis
1263 2397 1565 2454 studiosam
1594 2415 1704 2453 non
1739 2413 2042 2468 congruen-

2173 2392 2350 2456 ,ούθως
2387 2393 2463 2463 μὴ
2515 2395 2926 2464 ήνιοχήσαντες,
2983 2395 3120 2464 πρὸς
3172 2391 3405 2465 Θεωρίαν
3440 2394 3747 2467 ὥρμησαν,

468 2497 554 2542 ter
604 2487 840 2552 inirent,
893 2487 962 2542 ad
1009 2489 1524 2558 contemplationem
1571 2488 1945 2558 prosilierunt,
1983 2505 2042 2545 ac

2173 2487 2242 2539 ιαὶ
2307 2484 2704 2554 ἰλιγγιάσαντες
2740 2484 3082 2540 πεπτώκασι.
3115 2485 3222 2539 Τοῦ
3252 2487 3362 2558 γάρ
3398 2487 3630 2557 πρώτου
3669 2489 3746 2549 ὡς

468 2579 737 2648 vertigine
771 2579 1010 2649 correpti
1055 2580 1436 2634 conciderunt.
1483 2577 1750 2650 Quodque
1802 2581 2042 2650 primum

2173 2574 2285 2644 ιρὸς
2320 2573 2416 2644 τὴν
2444 2572 2598 2637 τάξιν
2633 2573 2707 2644 μὴ
2732 2573 3131 2644 ἐπιλαϐόμενοι,
3162 2574 3257 2627 τοῦ
3280 2575 3541 2646 δεύτερον
3572 2577 3741 2646 ἠστό-

469 2670 663 2725 ordine
705 2678 796 2726 est
854 2686 962 2725 non
1017 2671 1279 2738 assecuti,
1333 2687 1364 2727 a
1408 2673 1649 2728 secundo
1703 2673 2042 2728 aberrarunt.

2173 2683 2345 2736 ῐησαν-
2407 2665 2617 2736 ’Ὥσπερ
2643 2649 2752 2736 ίάρ
2799 2667 2849 2718 οἱ
2886 2666 2963 2736 τῷ
2995 2667 3142 2736 ἄλφα
3179 2666 3426 2737 στοιχείῳ
3469 2668 3740 2737 ἐντυγχά-

471 2761 945 2827 Quemadmodum
999 2763 1094 2834 qui
1139 2763 1378 2818 litteram
1425 2763 1471 2816 A
1505 2763 1826 2832 edocentur,
1861 2765 2042 2834 primo

2173 2772 2350 2822 νοντες,
2383 2755 2597 2826 πρῶτον
2625 2753 2791 2809 αὐτοῦ
2821 2754 2881 2808 τὸ
2918 2756 3104 2826 σχῆμα
3135 2753 3325 2826 ὁρῶσι,
3353 2757 3448 2809 καὶ
3477 2755 3736 2826 δεύτερον

471 2851 594 2923 ejus
626 2852 854 2924 ﬁguram
887 2853 1262 2919 considerant,
1294 2853 1538 2910 secundo
1569 2869 1770 2910 nomen
1803 2854 2042 2921 discunt,

2173 2844 2209 2897 rb
2239 2845 2410 2916 ὄνομα
2433 2844 2794 2911 διδάσκονται,
2824 2845 2918 2898 καὶ
2941 2842 3113 2906 οὕτως
3133 2844 3222 2896 τὸν
3252 2843 3485 2915 ἀριθμὸν
3521 2844 3734 2914 μανθά-

471 2952 530 3000 ct
573 2943 655 2998 sic
697 2960 986 3001 numerum
1013 2985 1028 3010 ,
1059 2953 1360 3017 posteaque
1398 2954 1678 3003 accentus.
1722 2946 1782 3002 Si
1826 2963 1958 3019 ergo
1989 2952 2042 3004 in

2173 2951 2317 2998 ιουσι,
2342 2935 2521 2990 καὶτὸ
2548 2934 2854 2988 τελευταῖον
2891 2934 3017 2998 τοὺς
3042 2935 3227 2999 τόνους
3265 2935 3731 3007 παραλαμϐάνου-

473 3035 654 3104 primo
685 3035 955 3092 elemento
977 3045 1130 3092 tanta
1156 3053 1298 3108 opus
1331 3048 1417 3094 est
1443 3039 1860 3106 exercitatione,
1893 3055 2042 3096 mora

2173 3040 2256 3078 ςιν.
2287 3025 2351 3077 El
2375 3019 2468 3078 οὖν
2497 3023 2590 3077 ἐπὶ
2633 3023 2727 3076 τοῦ
2757 3022 2974 3094 πρώτου
3001 3023 3264 3094 στοιχείου
3305 3024 3543 3094 τοσαύτη
3569 3025 3732 3094 χρεία

471 3086 531 3182 et
578 3133 737 3196 arte;
793 3137 997 3197 quanto
1055 3086 1230 3199 magirs
1293 3128 1454 3184 debet
1515 3136 1732 3199 tempus
1790 3086 1860 3186 et,
1893 3131 2042 3186 labor

2173 3112 2344 3185 τριϐῆς
2372 3113 2465 3166 καὶ
2489 3111 2705 3183 τέχνης,
2737 3086 2890 3182 πόσῳ
2920 3086 3240 3183 μᾶλλονηέπὶ
3267 3111 3362 3164 τοῦ
3384 3086 3730 3182 Δημιούργοῦ

473 3217 690 3288 praeire,
740 3218 807 3273 ad
853 3220 1326 3290 contemplandam
1386 3218 1720 3276 ineffabilem
1769 3221 2042 3278 Creatoris

2173 3207 2353 3276 ὶφείλει
2403 3205 2564 3269 πόνος
2613 3206 2707 3261 καὶ
2758 3206 2949 3277 χρόνος
2983 3205 3344 3277 προηγεῖσθαι
3391 3207 3474 3269 είς
3516 3207 3613 3277 τὴν
3636 3206 3729 3257 τοῦ

475 3309 570 3380 qui
607 3309 927 3379 proponitur
960 3309 1230 3380 gloriam?
1262 3307 1332 3363 At
1371 3325 1439 3366 ne
1467 3310 1592 3380 quis
1625 3310 1858 3381 superbe
1891 3311 2042 3365 adeat

2173 3293 2470 3365 ιξιουμένου
2495 3293 2728 3365 θεωρίαν
2774 3294 2876 3364 τῆς
2922 3294 3296 3366 άνεκφράστου
3351 3295 3548 3365 δόξηςς

475 3400 641 3474 635
674 3401 992 3456 divinorum
1027 3400 1572 3471 comprehensionem
1595 3440 1610 3466 ,
1645 3417 1712 3456 ex
1744 3401 2042 3471 disciplinis

2173 3388 2230 3457 ιή
2261 3403 2344 3449 τις
2379 3387 2660 3458 γαυριάτω
2688 3385 2825 3457 πρὸς
2858 3386 3160 3457 κατάληψιν
3188 3387 3296 3440 τῶν
3329 3387 3489 3442 θείων
3521 3391 3586 3442 ἐκ
3623 3389 3728 3441 τῶν

477 3493 838 3548 saecularibus
875 3509 942 3548 eo
975 3491 1275 3563 profectus.
1318 3491 1369 3548 Is
1402 3508 1640 3563 namque
1671 3507 1796 3548 sese
1825 3493 2042 3563 decipit,

2173 3478 2352 3545 Ξξωθεν
2389 3477 2724 3549 μαθημάτων
2747 3477 3086 3549 ὁρμώμενος.
3124 3480 3448 3551 Φρεναπατᾷ
3476 3481 3585 3551 γάρ
3610 3482 3732 3533 ἐαυ-

477 3585 675 3640 illusus
719 3598 751 3637 a
789 3583 1056 3638 demoue.
1107 3583 1198 3636 Ait
1245 3583 1390 3638 enim
1431 3581 1726 3638 Psalmista
1771 3599 1784 3634 :
1832 3582 1916 3637 Ea:
1962 3601 2042 3640 ore

2173 3570 2243 3622 τὸν
2264 3572 2293 3623 6
2317 3568 2575 3632 τοιοῦτος,
2612 3569 2716 3622 ὑπὸ
2745 3569 2838 3622 τοῦ
2867 3569 3115 3640 δαίμονος
3147 3570 3574 3641 φανταζόμενος.
3593 3573 3729 3641 Φησὶ

478 3677 770 3746 infantium
799 3686 849 3731 et
886 3675 1193 3730 laetantium
1225 3676 1494 3746 perfecisti
1527 3674 1737 3730 laudem
1767 3675 1834 3730 "'.
1855 3675 2042 3746 .Domi-

2173 3661 2260 3733 (dp
2302 3663 2331 3714 6
2365 3661 2667 3732 ’Υμνῳδόςο
2735 3661 2830 3714 Ἐκ
2873 3659 2982 3714 τοῦ
3035 3662 3334 3730 στόματος
3357 3664 3591 3731 νηπίων
3632 3665 3727 3718 καὶ

478 3781 585 3821 nus
613 3781 830 3836 quoque
860 3767 916 3820 in
940 3765 1232 3836 Evangelio
1259 3765 1339 3820 sic
1366 3766 1640 3835 loquitur:
1661 3763 1829 3820 Sinite
1865 3782 2042 3834 puero:

2173 3752 2526 3820 ὶηλαζόντων
2554 3753 2886 3821 κατηρτίσω
2935 3748 3127 3806 αἶνον.
3159 3755 3271 3807 Καὶ
3293 3757 3323 3808 6
3349 3755 3550 3826 Κύριος
3577 3757 3636 3809 δε
3670 3759 3728 3810 ἐν

479 3857 651 3910 venire
680 3855 747 3908 ad
785 3871 866 3908 me
901 3841 932 3907 ξ’
952 3855 1142 3907 talium
1171 3863 1250 3907 est
1279 3855 1416 3907 enim
1453 3857 1950 3925 regnum‘ccelorum
1984 3857 2042 3909 ⁸⁷.

2173 3843 2230 3914 τῷ
2251 3843 2596 3913 Εὑαγγελίῳ·
2634 3845 2850 3912 Ἅφετε
2886 3843 2959 3896 τὰ
2989 3842 3197 3898 παιδία
3233 3845 3430 3900 ἐλθεῖν
3457 3846 3608 3914 πρὸς
3615 3847 3689 3916 μέ
3708 3864 3723 3878 ο

483 3946 550 4000 Ει
580 3946 688 4001 alio
718 3946 838 4000 loco
874 3964 888 3998 :
930 3943 1074 4009 Nisi,
1115 3945 1314 4014 inquit,
1348 3945 1647 4014 eﬂiciamini
1684 3947 1821 3999 sicut
1849 3946 2042 4014 parvuli

2173 3934 2271 3987 τῶν
2294 3938 2404 4004 τὰρ
2433 3936 2713 3988 τοιούτων
2727 3935 2900 3988 ἐστὶν
2925 3937 2963 4003 ἡ
2981 3936 3270 3998 ,βασιλεία
3299 3936 3417 3990 τῶν
3440 3938 3724 4006 οἰερανῶν.

481 4039 596 4103 isti,
624 4053 728 4090 non
769 4034 1040 4090 intrabitis
1071 4036 1126 4088 in
1153 4051 1369 4105 regnum
1401 4035 1650 4090 caelorum
1681 4037 1746 4092 ⁵⁵.
1783 4037 1880 4092 His
1924 4053 2042 4092 eru-

2173 4030 2263 4082 (αὶ
2283 4029 2514 4100 ἀλλαχοῦ
2571 4045 2760 4099 φησιν·
2807 4030 2942 4083 Ἐὰν
2979 4031 3066 4099 μὴ
3101 4030 3361 4099 γένησθε
3394 4031 3475 4096 ὡς
3504 4031 3573 4084 τὰ
3598 4046 3723 4085 ,ται-

481 4127 631 4182 ditus
672 4125 825 4181 fuisti
871 4135 1092 4196 propter
1123 4126 1430 4192 mundum;
1462 4126 1662 4181 stultus
1693 4126 1790 4181 ﬁas
1833 4136 2042 4196 propter

2173 4121 2273 4183 ila,
2309 4122 2381 4174 οὐ
2420 4119 2504 4190 μὴ
2547 4121 2859 4188 εἰσέλθητε
2882 4123 2970 4186 είς
2999 4120 3115 4189 τὴν
3131 4123 3463 4186 βασιλείαν
3487 4122 3603 4175 τῶν
3628 4127 3721 4177 οὐ.

482 4217 652 4273 Deum
699 4237 713 4272 :
747 4217 919 4272 evelle
951 4225 1136 4272 vetera
1156 4257 1171 4282 ,
1204 4225 1265 4271 ut
1295 4218 1505 4288 plantes
1536 4233 1697 4274 nova.
1731 4219 1894 4275 Dirue
1933 4220 2042 4273 rui-

2173 4212 2371 4266 πινῶν.
2438 4211 2622 4265 Ταῦτα
2656 4211 2983 4282 ἐπαιδεύθης
3015 4213 3104 4266 διὰ
3153 4213 3244 4266 τὸν
3282 4215 3512 4283 κόσμον·
3549 4217 3720 4286 μωρὸς

482 4324 620 4364 nosa
661 4308 1040 4370 fundamenta,
1084 4315 1144 4361 ut
1183 4308 1586 4362 adamantinam
1639 4307 1855 4362 Domini
1897 4309 2042 4363 basir

2173 4304 2315 4374 (avo?)
2340 4303 2428 4357 διὰ
2458 4304 2547 4356 τὸν
2585 4304 2743 4357 Θεόν·
2783 4303 3015 4373 ἔκκοψον
3038 4302 3358 4367 “rd-ﬂama,
3391 4305 3480 4358 ἵνα
3511 4306 3602 4359 νέα
3625 4324 3718 4374 φυ-

484 4399 786 4454 substituas
821 4415 835 4464 ;
870 4405 930 4451 ut
962 4404 1044 4462 tu,
1075 4399 1536 4467 quemadmodum
1564 4399 1878 4470 Apostolus,
1923 4401 2042 4456 αιᾱὶ-

2173 4396 2395 4468 ιεύσῃςο
2449 4397 2575 4459 τοὺς
2603 4395 2861 4466 ισαθροὺς
2915 4395 3196 4465 θεμελίους
3254 4395 3468 4458 κάθελε,
3516 4397 3598 4450 ἵνα

483 4489 662 4544 ﬁceris
690 4503 862 4557 supra
888 4487 1096 4542 ﬁrmam
1128 4496 1359 4559 petram.

2173 4492 2517 4563 Ξιδαμάντινον
2545 4489 2640 4543 τοῦ
2669 4490 2875 4562 Κυρίου
2900 4490 3053 4561 βάσιν
3085 4489 3280 4561 ἐπιθῇς
3300 4509 3313 4520 ·
3343 4491 3433 4544 ἵνα
3455 4492 3545 4544 καὶ
3567 4495 3627 4545 σὺ
3652 4493 3718 4554 ὡς

2173 4584 2492 4648 Ἀπόστολος
2519 4583 2610 4637 ἐπὶ
2642 4582 2740 4655 τὴν
2772 4581 2996 4653 στερεὰν
3025 4582 3228 4654 πέτραν
3253 4583 3620 4654 οίκοδομηθῇς.

556 4665 646 4720 87.
668 4664 854 4736 Neque
879 4682 1009 4722 vero
1038 4669 1442 4724 contentiosum
1464 4683 1589 4725 esse
1616 4677 1868 4740 oportet:
1894 4685 1963 4724 ne
1988 4671 2042 4724 ol

2233 4673 2320 4726 87.
2353 4674 2426 4726 Οὺ
2453 4673 2534 4725 δεῖ
2574 4667 2667 4724 οὖν
2707 4671 3005 4740 φιλόνεικον
3051 4665 3190 4725 εἶναι
3210 4689 3224 4701 ·
3257 4672 3347 4724 διὰ
3383 4673 3481 4742 τὴν
3511 4674 3716 4727 πολυλο-

485 4757 791 4813 aﬂluentem
843 4759 1102 4830 loquendi
1157 4758 1470 4816 facultatem
1517 4763 1747 4816 multum
1793 4762 2042 4832 temporis

2173 4767 2289 4836 γίαν
2320 4766 2392 4836 μὴ
2427 4763 2597 4817 πολλὰ
2627 4762 2952 4834 ἁσχοληθῇς.
2987 4763 3096 4816 Καὶ
3123 4764 3229 4834 γὰρ
3258 4763 3348 4816 διὰ
3384 4765 3482 4833 τῆς
3507 4765 3715 4838 ἀκαίρου

485 4851 722 4907 insume.
763 4851 898 4906 Nam
941 4869 1039 4922 per
1089 4855 1527 4924 intempestivam
1557 4857 1931 4926 garrulitatem
1963 4857 2042 4910 lae-

2173 4855 2432 4927 ιρλυαρίας
2467 4854 2688 4908 δύναται
2725 4854 2980 4924 βλάπτειν
3027 4856 3056 4907 6
3104 4854 3369 4918 διάϐολος.
3398 4857 3598 4921 Πολλὰς
3622 4859 3716 4926 γὰρ

487 4944 617 4998 dere
634 4953 686 5000 te
717 4952 897 5015 potest
915 4945 1185 5003 diabolus.
1209 4947 1392 5002 Multis
1414 4948 1718 5003 instructus
1737 4949 1948 5014 laqueis
1977 4963 2042 5004 es

2173 4949 2278 5023 ἕχει
2300 4948 2554 5017 παγίδας,
2578 4947 2670 5000 καὶ
2697 4946 2864 5009 δεινός
2888 4949 3002 4998 ἐστι
3033 4945 3307 5016 θηρευτής
3325 4964 3337 4976 ·
3374 4949 3471 5001 καὶ
3503 4952 3604 5013 tot;
3631 4952 3714 5020 μὲν

488 5042 678 5105 utpote
699 5037 1066 5105 peritissimus
1101 5047 1349 5094 venator.
1370 5038 1436 5091 Et
1459 5038 1679 5108 quidem
1693 5040 2042 5108 passerculis.

2173 5039 2525 5112 βραχυτάτοις
2554 5037 2856 5109 στρουθίοις
2886 5037 3059 5109 μικρά
3086 5038 3270 5108 τίθησι
3300 5023 3590 5093 σκάνδαλα·
3619 5045 3713 5104 τοῖς

487 5128 744 5184 minimas
763 5137 918 5197 parat
943 5129 1248 5187 tendiculas
1267 5146 1281 5184 :
1301 5132 1600 5202 majoribus
1630 5141 1809 5186 autem
1845 5131 2036 5186 avibus

2173 5133 2224 5186 δὲ
2261 5130 2515 5202 μεγάλοις
2553 5130 2764 5202 ὀρνέοις
2804 5130 3058 5200 ἰσχυροὺς
3098 5131 3412 5201 εὐτρεπίζει
3463 5134 3577 5193 τοὺς
3607 5133 3709 5204 βρὸ-

489 5217 742 5273 l'ortiores
777 5220 1007 5275 adornat
1033 5221 1807 5294 1aqueos.Atroxlethil‘erque
1831 5225 2042 5293 laqueus

2173 5241 2316 5294 κους.
2350 5224 2531 5294 Βαρὺς
2573 5223 2668 5277 καὶ
2712 5222 3088 5294 θανατηφόρος
3111 5223 3261 5278 ,ἐστὶ
3312 5221 3506 5294 βρόχος
3549 5224 3602 5276 τὸ
3635 5242 3705 5276 πι-

486 5320 592 5375 est,
623 5311 805 5379 genesi
841 5312 1038 5368 habere
1080 5314 1259 5370 ﬁdem.
1313 5313 1589 5386 Fugienda
1609 5331 1730 5385 qua:
1758 5331 1825 5371 eo
1851 5323 2042 5385 specta

2173 5316 2379 5369 στεύειν
2411 5301 2549 5368 εἶναι
2583 5317 2818 5385 γένεσιν.
2852 5317 3145 5378 Φευκταίος
3176 5316 3206 5368 6
3238 5315 3378 5386 πρὸς
3417 5315 3565 5369 τοῦτο
3590 5316 3705 5383 λογι-

491 5402 762 5471 cogitatio.
782 5401 887 5457 Sed
912 5407 1202 5474 persuadet
1223 5415 1276 5460 te
1293 5422 1389 5476 per
1413 5422 1504 5462 res
1526 5407 1676 5477 ipsas
1698 5417 1752 5462 et
1774 5423 1870 5477 per
1897 5423 2033 5462 even

2173 5409 2326 5478 σμός.
2361 5409 2521 5463 Ἀλλὰ
2546 5409 2720 5463 πείθει
2757 5426 2816 5462 σε
2847 5408 2938 5462 διὰ
2981 5409 3324 5480 πραγμάτων
3371 5409 3468 5461 καὶ
3502 5407 3704 5480 προγνώ-

493 5501 645 5546 tuum
672 5496 1106 5564 praescientiam?
1134 5499 1203 5552 At
1228 5499 1617 5569 conjecturalis
1649 5509 1733 5556 est
1778 5501 1938 5564 ratio,
1975 5501 2042 5554 in-

2173 5519 2344 5567 σεωνς
2395 5485 2752 5573 Στοχαστικδς
2801 5503 2829 5555 6
2874 5501 3102 5572 τρόπος·
3139 5501 3400 5565 ἀϐέϐαιος
3452 5505 3483 5572 η
3531 5502 3700 5572 γνώμη.

571 5648 615 5678 ⁴¹⁶
653 5648 798 5703 Psal.
835 5667 964 5717 vm,
1001 5654 1051 5706 5.
1131 5657 1173 5693 ⁸⁷
1203 5655 1347 5725 Luc.
1385 5672 1547 5723 xvm,
1585 5656 1671 5710 16.
1751 5657 1796 5689 ⁸³
1832 5655 2020 5714 Matth.

2182 5658 2330 5723 1,5.
