3852 6206
168 315 295 369 15H

1318 317 1480 372 VITA
1522 317 1816 373 SANCTxE
1859 315 2344 374 SYNCLETICIE.

3271 320 3411 375 1549.

155 429 294 485 δίδέ
323 429 429 500 γὰρ
456 429 764 498 ἀναγκαίως
792 431 1074 487 ἀκολουθεῖ
1100 431 1169 486 τὰ
1199 435 1329 506 παρ’
1368 433 1549 488 αὐτῶν
1573 434 1720 503 λεγό-

1831 431 1985 487 firma
2011 434 2275 503 cognitio.
2302 431 2489 503 Neque
2516 431 2660 487 enim
2674 434 2988 489 necessario
3013 434 3270 490 eveniunt
3287 452 3408 505 quae

164 538 297 592 ςιενα
314 537 328 552 ·
365 521 550 594 ὥσπερ
576 522 684 593 γάρ
706 525 818 586 τοῖς
846 522 1080 587 ἰδιώταις
1104 527 1198 579 καὶ
1230 530 1341 590 τοῖς
1363 527 1634 590 ναυτίλοις
1661 529 1728 582 ἐκ

159 613 258 683 τῆς
301 611 411 665 τῶν
453 612 629 682 νεφῶν
684 614 944 686 ἰδιότητος
989 615 1106 669 ἐστί
1157 634 1242 680 τις
1271 617 1487 689 ἀμυδρὰ
1527 619 1727 687 γνῶσις

155 703 372 774 ἀνέμων
398 704 430 775 ἢ
454 704 651 758 ὑετῶνο
673 705 813 758 οὕτω
871 705 1081 771 τούτοις
1109 708 1173 762 ἐκ
1193 709 1461 781 δαιμόνων
1494 713 1527 782 ἡ
1552 711 1729 783 σαθρά

159 796 485 867 πρόγνωσις.
519 797 628 851 Καὶ
661 795 794 864 γοῦν
821 816 941 852 τινα
977 800 1070 852 καὶ
1097 801 1249 854 αὐτοὶ
1276 801 1493 870 λέγουσι
1536 820 1728 874 στοχα-

158 886 380 952 στικῶς,
410 889 487 951 ὡς
533 887 628 942 καὶ
659 888 709 942 oi
754 891 1206 963 ἐγγαστρίμυθοι·
1241 893 1336 946 καὶ
1368 893 1526 946 τοῦτο
1574 895 1618 947 δ’
1661 895 1726 948 ἂν

157 978 336 1033 αὐτῶν
360 979 558 1051 μᾶλλον
586 981 932 1038 διασκεδάσαι
957 984 1210 1056 δυνηθείη
1235 986 1334 1058 τὴν
1364 988 1576 1059 φαύλην
1610 989 1728 1043 διά-

157 1082 307 1118 νοιαν
331 1084 352 1100 ἠ
396 1069 445 1121 εί
494 1067 600 1141 γὰρ
636 1071 700 1122 ἐκ
745 1071 1015 1142 δαιμόνων
1059 1076 1115 1127 ai
1170 1079 1524 1144 στοχαστικαὶ
1567 1073 1726 1133 αὗται

156 1155 497 1226 ψευδολογίαι
525 1159 880 1232 συνέστησαν,
913 1165 1118 1234 ματαία
1161 1165 1272 1220 τῶν
1309 1167 1652 1240 ψηφιζόντων
1687 1174 1721 1244 ἠ

156 1246 344 1319 τέχνη.

229 1341 316 1396 88.
349 1342 410 1394 Εί
438 1341 495 1394 δὲ
528 1343 620 1396 ἐπὶ
645 1343 826 1397 πλεῖον
860 1345 1128 1416 ἐνδελεχεῖ
1160 1348 1287 1422 περὶ
1315 1349 1494 1403 αὐτῶν
1523 1350 1726 1405 δικαιο-

158 1430 317 1499 λογού
327 1433 524 1502 μενοςὸ
540 1433 752 1504 ἐχθρὸς,
775 1437 840 1488 ἐκ
859 1435 1046 1489 τούτου
1071 1439 1231 1491 αὑτὸν
1260 1440 1520 1508 ἐλέγξεις,
1542 1445 1606 1496 ἐκ
1629 1445 1722 1498 τοῦ

153 1520 343 1575 ἄλλοτε
373 1521 554 1585 ἄλλοις
579 1523 860 1594 λογισμοῖς
898 1529 964 1597 τῇ
994 1527 1139 1598 ψυχῇ
1185 1530 1462 1601 πολεμεῖν.
1494 1534 1566 1586 Τὸ
1613 1534 1723 1607 γὰρ

153 1614 384 1668 ἄστατον
416 1615 668 1669 ἀϐέϐαιον
692 1633 705 1646 ·
739 1616 801 1669 τὸ
837 1617 896 1670 δὲ
940 1617 1194 1673 ἀϐέϐαιον
1228 1623 1500 1688 ἀπωλείας
1533 1627 1719 1696 ἐγγύς.

153 1705 288 1759 Οὐδὲ
319 1706 426 1778 γὰρ
452 1709 518 1778 τῇ
549 1707 738 1778 πρώτῃ
776 1708 942 1762 αὐτοῦ
980 1711 1148 1783 κακίᾳ
1190 1714 1511 1786 ἐπαρκεῖται
1543 1721 1571 1771 ὁ
1601 1719 1718 1774 διά-

153 1796 309 1860 ϐολος
325 1813 338 1828 ⁸
367 1797 502 1850 ἀλλά
519 1815 582 1866 γε
604 1799 698 1851 καὶ
718 1781 1427 1871 αὐτοματισμὸν-ὑποϐάλλει
1451 1811 1516 1878 τῇ
1536 1808 1715 1882 ψυχῇ·
1757 1781 1798 1838 Β

152 1888 248 1942 καὶ
280 1889 438 1953 ἄνθος
485 1891 699 1958 φύσεως
742 1889 831 1944 τὸν
859 1892 1099 1963 ἡγεμόνα
1131 1895 1289 1966 ἡμῶν
1325 1897 1450 1952 νοῦν
1482 1901 1722 1973 ὑπογρά-

152 1996 272 2048 φειο
306 1981 400 2033 καὶ
427 1981 528 2046 ὅτι,
551 1981 901 2053 διαλυομένου
927 1983 1020 2036 τοῦ
1045 1983 1311 2056 σώματος,
1331 1993 1724 2065 συμφθείρεται

151 2080 249 2133 καὶ
271 2082 304 2151 ἡ
329 2080 494 2153 ψυχή.
531 2081 715 2136 Ταῦτα
745 2083 800 2137 δὲ
822 2085 952 2154 ἡμῖν
981 2085 1155 2139 πάντα
1185 2085 1474 2140 ὑποϐάλλει
1499 2087 1636 2157 πρὸς
1661 2088 1722 2141 τὸ

149 2172 383 2243 ἀμελείᾳ
422 2173 521 2244 τὴν
569 2173 744 2246 ψυχὴν
785 2175 1112 2249 διαφθεῖραι.
1166 2178 1324 2231 Ἀλλὰ
1360 2180 1721 2250 προσγινομέ-

150 2280 261 2316 νων
285 2263 487 2318 τούτων
517 2264 627 2319 τῶν
663 2267 907 2320 σκιωδῶν
937 2269 1357 2340 φαντασμάτων,
1391 2271 1464 2342 μὴ
1494 2270 1569 2334 ὡς
1591 2260 1722 2342 ἀλη-

151 2352 303 2406 θέσιν
330 2354 515 2418 αύτοῖς
551 2355 890 2426 συνθώμεθα.
919 2357 1102 2412 Ταῦτα
1137 2359 1247 2432 γὰρ
1282 2361 1458 2414 αὐτῶν
1486 2361 1585 2432 τὴν
1617 2380 1721 2416 κα-

151 2442 280 2495 κίαν
336 2441 635 2508 δείκνυσιν,
687 2444 872 2499 ἄλλοτε
910 2445 1085 2512 ἄλλως
1134 2451 1577 2523 προσερχόμενα,
1627 2454 1722 2507 καὶ

152 2534 287 2604 ῥιπῇ
317 2533 596 2606 ὀφθαλμοῦ
619 2536 986 2609 ἀφιπτάμενα.
1005 2539 1116 2593 Καὶ
1147 2540 1276 2609 γοῦν
1305 2539 1420 2602 οἶδά
1447 2561 1566 2597 τινα
1586 2545 1718 2599 Θεοῦ

147 2626 338 2680 δοῦλον
369 2631 487 2682 κατ’
523 2629 722 2701 ἀρετὴν
765 2631 1012 2701 βιοῦντα,
1045 2633 1224 2701 ὅστις,
1275 2635 1631 2708 καθεζόμενος
1663 2640 1720 2694 ἐν

150 2717 232 2788 τῷ
275 2719 502 2791 κελλίῳ,
552 2723 806 2794 ἐπετήρει
849 2722 958 2778 τῶν
1011 2724 1282 2798 λογισμῶν
1341 2729 1440 2791 τὰς
1491 2747 1718 2801 παρεισ-

151 2810 403 2878 αγωγάς,
443 2811 538 2866 καὶ
575 2813 793 2885 ἐμέτρει
817 2817 966 2879 ποῖος
991 2817 1222 2886 πρῶτος,
1243 2818 1337 2874 καὶ
1361 2822 1510 2884 ποῖος
1538 2821 1720 2875 δεύτε-

152 2917 270 2974 ρος,
317 2904 410 2956 καὶ
441 2904 668 2969 ἕκαστος
705 2907 882 2961 αὐτῶν
918 2907 1081 2961 πόσον
1121 2910 1310 2980 χρόνον
1348 2915 1594 2984 κατεῖχεο
1627 2914 1722 2968 καὶ

150 2994 203 3046 εί
226 2992 522 3067 ὑστέρησεν
541 2997 573 3068 ἢ
600 2997 938 3068 προέφθασεν
957 2999 1056 3070 τῆς
1077 2999 1449 3071 παρελθούσης
1471 3003 1686 3076 ἡμέρας
1702 3021 1716 3035 ·

1826 522 1896 577 ab
1922 523 2004 578 eis
2036 523 2431 592 praedicuntur.
2453 522 2589 576 Nam
2619 522 2766 579 sicut
2793 525 3151 594 popularibus
3183 534 3237 581 et
3270 541 3407 581 nau-

1828 611 1920 675 tis,
1952 628 2021 666 ex
2054 614 2280 667 nubium
2317 614 2668 684 proprietate,
2713 616 2962 685 quaedam
3001 617 3143 672 inest
3170 617 3407 674 obscura

1825 710 2110 757 ventorum
2140 711 2196 758 et
2226 704 2534 774 pluviarum
2561 705 2792 772 notitia;
2824 705 2900 759 ita
2927 716 2982 761 et
3013 705 3122 761 illis
3157 706 3319 762 fallax
3338 725 3407 763 ex

1825 791 2164 849 daemonibus
2221 794 2586 865 praescientia.
2645 794 2712 849 Et
2752 811 2885 851 vero
2910 798 3158 867 quaedam
3196 799 3272 852 illi
3310 814 3406 868 per

1825 879 2200 952 conjecturam
2264 885 2586 956 proferunt;
2621 887 3081 956 quemadmodum
3119 898 3173 943 et
3200 889 3407 943 ventri-

1825 973 1975 1044 loqui
2007 994 2020 1030 :
2050 976 2196 1046 quod
2245 991 2379 1031 sane
2425 977 2607 1046 ipsum
2637 979 2870 1033 validius
2915 981 3152 1049 potuerit
3182 994 3406 1050 pravam

1825 1080 2016 1120 eorum
2063 1067 2378 1137 opinionem
2411 1068 2705 1139 dissipare.
2742 1068 2878 1124 Nam
2914 1072 2961 1126 si
2998 1086 3030 1125 a
3065 1070 3406 1128 daemonibus

1824 1156 2219 1224 conjecturalis
2255 1157 2371 1214 haec
2410 1158 2715 1227 mendacia,
2744 1175 2884 1214 vana
2915 1167 2998 1216 est
3025 1177 3116 1218 ars
3149 1167 3406 1218 nativita-

1824 1255 1934 1303 tem
1961 1251 2402 1317 supputantium.

1893 1337 1984 1392 88.
2022 1337 2175 1404 Quod
2212 1340 2258 1393 si
2290 1341 2468 1394 adhuc
2491 1350 2803 1410 perseveret
2835 1341 3093 1398 inimicus
3157 1345 3402 1400 eamdem

1823 1443 2047 1484 causam
2095 1446 2458 1502 propugnare,
2486 1449 2548 1487 ex
2590 1433 2695 1488 hoc
2724 1450 2848 1489 eum
2880 1435 3148 1490 mendacii
3173 1439 3403 1491 convin-

1824 1537 1938 1584 ces,
1960 1523 2109 1592 quod
2142 1524 2304 1578 modo
2334 1525 2442 1578 illis
2475 1526 2638 1581 modo
2673 1527 2797 1580 aliis
2847 1528 3274 1597 cogitationibus
3301 1531 3406 1584 im-

1822 1621 2024 1682 pugnet
2081 1613 2338 1670 animam.
2387 1617 2653 1672 lnstabile
2681 1618 2902 1687 quidvis
2956 1619 3234 1674 infirmum
3275 1629 3400 1676 est:

1824 1703 2104 1759 infirmum
2165 1713 2346 1762 autem
2391 1718 2474 1763 est
2535 1711 2844 1778 proximum
2897 1712 3160 1768 interitui.
3218 1713 3406 1786 Neque

1825 1794 1972 1850 enim
2003 1797 2139 1852 satis
2160 1796 2379 1852 diabolo
2395 1807 2478 1854 est
2500 1800 2676 1870 prima
2705 1816 2804 1856 sua
2837 1803 3080 1871 malitia;
3111 1805 3207 1861 sed
3237 1807 3404 1861 etiam

1826 1886 2112 1942 fortuitum
2160 1905 2346 1944 rerum
2407 1899 2661 1946 eventum
2718 1894 2913 1948 animae
2973 1897 3243 1966 suggerit;
3284 1897 3404 1951 ani-

1826 1993 2086 2048 mumque
2113 1988 2379 2035 rectorem
2405 1991 2654 2071 nostrupi
2689 1983 2896 2050 definit,
2931 1984 3118 2041 ﬂorem
3147 1996 3357 2043 naturae
3385 2008 3400 2044 :

1827 2069 2094 2142 docetque
2147 2072 2416 2130 dissoluto
2474 2069 2725 2147 corpore,
2780 2081 3017 2135 animam
3073 2083 3235 2136 simul
3279 2098 3404 2138 cor-

1826 2162 2027 2232 rumpi.
2053 2161 2178 2218 Haec
2213 2175 2394 2220 autem
2424 2170 2610 2223 omnia
2653 2170 2877 2241 subjicit
2899 2211 2914 2236 ,
2949 2179 3007 2226 ut
3039 2188 3106 2228 ex
3150 2176 3404 2233 socordia

1826 2252 2062 2306 animam
2120 2255 2357 2310 deducat
2410 2257 2464 2310 in
2493 2259 2810 2327 perniciem.
2850 2260 2955 2317 Sed
3016 2264 3403 2322 accedentibus

1826 2343 2142 2413 caliginosis
2159 2345 2473 2414 huiusmodi
2495 2349 2822 2419 phantasiis,
2853 2368 2923 2408 ne
2952 2354 3058 2410 illis
3074 2357 3230 2426 quasi
3256 2359 3403 2414 veris

1827 2436 2214 2490 assentiamur.
2237 2439 2358 2508 Ipsa
2390 2439 2592 2520 quippe
2641 2457 2796 2498 suam
2824 2445 3063 2514 produnt
3095 2449 3404 2520 malignita-

1827 2533 1957 2590 tem,
2005 2543 2154 2582 nunc
2198 2530 2310 2597 illo,
2348 2545 2473 2586 mox
2502 2516 2610 2587 alio
2643 2534 2807 2590 modo
2828 2536 3166 2604 accedentia,
3196 2516 3250 2596 et
3287 2542 3402 2597 ictu

1826 2618 1972 2673 oculi
2003 2621 2295 2676 avolantia.
2353 2622 2490 2678 Novi
2531 2625 2767 2695 aliquem
2809 2626 2904 2683 Dei
2947 2645 3186 2696 servum,
3227 2634 3401 2692 virtu-

1827 2710 2006 2780 tisque
2039 2711 2367 2778 studiosum,
2400 2715 2494 2786 qui
2522 2731 2646 2770 cum
2673 2718 2885 2774 sederet
2914 2720 2968 2775 in
3001 2724 3216 2790 cellula,
3251 2729 3402 2797 cogi-

1828 2801 2098 2855 tationnm
2148 2804 2328 2861 aditus
2369 2807 2715 2875 observabat,
2767 2824 2833 2864 ac
2883 2825 3072 2868 secum
3115 2817 3401 2885 reputabat;

1827 2892 1956 2962 quid
1992 2893 2252 2963 primum,
2284 2896 2415 2966 quid
2465 2901 2769 2955 secundum
2811 2912 2976 2965 esset,
3028 2912 3082 2959 et
3130 2915 3395 2977 quantum

1826 2990 2090 3058 temporis
2124 2989 2552 3060 unumquodque
2598 2991 2842 3062 ipsorum
2891 3006 3304 3066 perseveraret:
3333 3015 3398 3056 ac

148 3085 325 3151 οὕτως
357 3088 600 3159 ἀκριϐῶς
631 3091 898 3158 ἠπίστατο
929 3092 1030 3162 τήν
1063 3109 1122 3145 τε
1150 3092 1244 3146 τοῦ
1273 3092 1407 3146 Θεοῦ
1437 3095 1595 3167 χάριν
1625 3097 1720 3151 καὶ

1830 3079 1876 3134 si
1915 3079 2126 3135 tardius
2153 3080 2386 3136 citiusve
2437 3097 2599 3152 quam
2628 3084 2803 3154 pridie
2831 3087 3136 3147 accederet.
3198 3089 3276 3146 Ita
3306 3109 3400 3148 ac-

147 3178 252 3250 τὴν
281 3179 485 3234 οἰκείαν
521 3181 814 3252 καρτερίαν
852 3199 911 3236 τε
957 3183 1052 3236 καὶ
1096 3183 1353 3255 δύναμινσ
1390 3184 1472 3239 ἔτι
1511 3203 1574 3255 γε
1611 3188 1718 3259 μὴν

1827 3179 2015 3228 curate
2068 3179 2296 3227 noverat
2341 3188 2466 3228 cum
2500 3177 2731 3245 gratiam
2790 3176 2908 3243 Dei,
2961 3187 3078 3234 tum
3119 3183 3396 3252 propriam

148 3269 249 3322 καὶ
272 3269 371 3340 τὴν
388 3269 482 3323 τοῦ
517 3271 711 3343 ἐχθροῦ
735 3273 1070 3345 καθαίρεσιν.

224 3445 313 3497 89.
343 3446 478 3496 Δεον
511 3440 602 3498 οῦν
627 3446 773 3517 ἡμᾶς
795 3447 1014 3513 τούτους
1041 3451 1166 3514 τοὺς
1201 3453 1428 3517 κανόνας
1456 3453 1718 3522 ὑποδεξα-

148 3530 323 3602 μένας
360 3533 742 3601 φυλάττειν.Εί
770 3536 878 3608 γὰρ
906 3540 955 3591 οἱ
983 3540 1406 3613 ἐμπορευόμενοι
1431 3543 1530 3607 τάς
1549 3562 1718 3617 προσ-

144 3622 375 3694 καίρους
403 3629 779 3698 πραγματείας
801 3630 924 3682 καθ’
953 3632 1187 3704 ἐκάστην
1219 3634 1432 3705 ἡμέραν
1452 3637 1718 3706 ζυγοστα-

145 3712 304 3766 τοῦσι
332 3712 402 3766 τὰ
428 3714 593 3786 κέρδη
610 3733 624 3746 ·
653 3717 746 3770 καὶ
783 3718 1032 3788 ἀσμένως
1067 3721 1164 3790 μὲν
1190 3721 1257 3774 τὰ
1282 3722 1502 3776 πλείονα
1530 3725 1718 3777 ὑποδέ-

142 3821 355 3874 χονται,
371 3805 506 3877 πρὸς
525 3807 581 3860 δὲ
604 3809 702 3871 τὰς
727 3808 930 3880 ζημίας
950 3811 1343 3881 ἀπεχθάνονται
1363 3830 1376 3845 °
1401 3815 1534 3869 πολὺ
1559 3816 1718 3869 πλέον

141 3897 355 3950 τούτων
384 3900 682 3970 ἀγρυπνεῖν
719 3904 984 3974 προσήκει
1012 3907 1139 3968 τοὺς
1189 3907 1280 3960 τὸν
1326 3908 1576 3980 ἀληθινὸν
1620 3911 1718 3982 θη-

144 3990 354 4061 σαυρὸν
389 3991 887 4063 ἐμπορευομένους·
919 3997 1137 4050 καὶτῶν
1171 3999 1269 4068 μὲν
1293 3998 1552 4054 πλειόνων
1580 4002 1714 4071 ἀγα-

142 4079 263 4132 θῶν
288 4081 531 4149 ἐφίεσθαι
550 4099 563 4112 ο
594 4085 642 4136 εἰ
679 4083 736 4136 δὲ
765 4085 859 4138 καὶ
889 4087 1060 4158 μικρά
1086 4106 1170 4152 τις
1195 4089 1367 4162 κλοπὴ
1397 4092 1490 4144 τοῦ
1524 4092 1718 4164 ἐχθροῦ

138 4171 380 4240 γένοιτο,
413 4171 622 4243 βαρέως
658 4175 754 4245 μὲν
780 4176 965 4248 φέρειν
993 4177 1158 4231 διὰτὸ
1187 4181 1487 4251 κρίνεσθαι,
1512 4181 1626 4235 ἀλλ’
1657 4184 1718 4236 ού

145 4263 263 4334 μὴν
299 4263 701 4332 ἀπογικώσκειν
746 4268 989 4333 ἑαυτοὺς,
1029 4270 1122 4324 καὶ
1164 4271 1342 4326 πάντα
1381 4271 1591 4344 ῥίπτειν
1632 4274 1720 4328 διά

139 4357 210 4410 τὸ
244 4357 497 4410 ἀκούσιον
527 4360 795 4430 πταῖσμα.
835 4361 1022 4431 Ἔχεις
1069 4361 1140 4415 τὰ
1200 4365 1520 4436 ἐνενήκοντα
1564 4367 1720 4421 ἐννέα

1819 3266 2282 3332 perseverantiam
2323 3275 2379 3321 et
2407 3265 2804 3335 fortitudinem,
2836 3278 2999 3341 atque
3029 3272 3098 3328 ad
3144 3273 3260 3330 haec
3285 3276 3398 3332 ini-

1818 3357 1946 3412 mici
1976 3359 2339 3415 eversionem.

1889 3448 1979 3504 89.
2008 3448 2113 3503 Par
2139 3457 2224 3505 est
2270 3465 2402 3521 ergo
2429 3464 2533 3507 nos
2570 3465 2666 3508 eas
2691 3462 2944 3526 acceptas
2968 3461 3183 3531 regulas
3208 3460 3398 3518 obser-

1818 3555 1967 3596 vare.
1999 3539 2135 3594 Nam
2185 3540 2233 3596 si
2255 3542 2350 3610 qui
2382 3555 2565 3596 rerum
2618 3547 2996 3614 temporalium
3030 3563 3394 3608 mercaturam

1817 3643 2093 3694 exercent,
2120 3628 2367 3700 quotidie
2394 3629 2548 3685 lucra
2567 3632 2939 3700 considerant,
2972 3638 3208 3695 libenter
3237 3643 3394 3712 plura

1819 3719 2113 3788 recipiunt,
2165 3718 2364 3772 damna
2422 3729 2786 3775 aversantur:
2822 3726 2994 3782 multo
3055 3733 3228 3800 magis
3261 3745 3396 3786 con-

1820 3809 1968 3864 venit
2009 3824 2106 3864 eos
2131 3809 2356 3880 vigilare
2380 3810 2476 3879 qui
2506 3811 2619 3866 veri
2679 3813 2926 3870 thesauri
2967 3817 3394 3888 negotiationem

1818 3909 2102 3967 exercent;
2131 3902 2396 3971 pluraque
2420 3901 2562 3955 bona
2593 3913 2868 3974 appetere.
2905 3907 3061 3973 Quod
3094 3911 3140 3965 si
3162 3926 3392 3981 parvum

1819 3990 2277 4046 inimici'furtum
2334 3992 2645 4063 contigerit,
2701 3997 2939 4065 graviter
2974 3999 3193 4068 quidem
3252 4002 3396 4060 ferre

1817 4083 2009 4154 judicii
2043 4080 2315 4154 subeundi
2349 4096 2538 4148 causa,
2569 4099 2671 4139 nec
2697 4093 2879 4140 tamen
2899 4087 3239 4158 despondere
3276 4093 3398 4146 ani-

1819 4190 1990 4238 mum,
2025 4189 2202 4244 neque
2237 4182 2435 4229 cuncta
2465 4183 2688 4244 propter
2724 4176 3151 4236 involuntarium
3180 4182 3394 4252 lapsum

1819 4268 2106 4338 projicere.
2158 4266 2338 4323 Habes
2370 4268 2662 4339 nonaginta
2695 4283 2888 4324 novem
2928 4286 3078 4337 oves,
3109 4289 3290 4344 quaere
3329 4277 3398 4330 il-

1820 4361 1928 4414 lam
1967 4375 2088 4431 quaa
2123 4360 2285 4431 periit
2320 4379 2332 4415 :
2369 4376 2438 4416 ne
2472 4362 2638 4416 unius
2676 4345 2972 4419 amissione
3002 4369 3393 4432 consterneris,

141 4449 420 4519 πρόϐατα,
444 4449 593 4522 ζήτει
619 4451 712 4505 καὶ
743 4453 804 4505 τὸ
831 4453 1126 4518 ἀπολωλός.
1152 4456 1244 4527 Μὴ
1278 4457 1518 4529 πτοηθῇς
1550 4459 1638 4513 διὰ
1659 4461 1720 4514 τὸ

1827 4465 1999 4521 neque
2028 4451 2206 4520 fugias
2232 4465 2261 4504 a
2302 4449 2438 4506 facie
2464 4449 2700 4515 Domini,
2749 4467 2817 4506 ne
2846 4454 3232 4523 sanguinarius
3278 4459 3400 4512 dia-

138 4540 231 4601 ἓν,
258 4539 331 4610 μὴ
365 4539 652 4614 ἁποφύγῃς
675 4541 765 4595 τὸν
786 4544 1082 4616 Δεσπότην,
1117 4548 1213 4600 καὶ
1237 4550 1265 4601 ὁ
1290 4550 1580 4620 αίμοϐόρος
1604 4551 1720 4606 διά-

138 4628 306 4692 ϐολος
329 4631 507 4683 πᾶσάν
537 4648 630 4684 σου
659 4631 757 4704 τὴν
780 4633 982 4706 ἀγέλην
1012 4635 1118 4689 τῶν
1155 4638 1406 4708 πράξεων
1436 4641 1720 4711 αἰχμαλω-

134 4720 308 4783 τίσας
339 4721 615 4776 ἀπολέσει.
644 4723 735 4794 Μὴ
786 4723 879 4780 οὖν
918 4725 1352 4801 λειποτακτήσῃς
1395 4729 1482 4784 διὰ
1528 4732 1587 4786 τὸ
1625 4733 1718 4786 ἐν·

136 4812 355 4882 ἀγαθὸς
403 4815 512 4885 γάρ
568 4817 717 4868 ἐστιν
745 4819 773 4869 ὁ
805 4818 1123 4890 Δεσπότηςο
1177 4823 1310 4890 φησὶ
1353 4823 1457 4894 γὰρ
1491 4823 1580 4877 διὰ
1627 4823 1720 4878 τοῦ

133 4905 480 4976 Ψαλμῳδοῦ,
509 4907 584 4970 ὡς
626 4909 765 4962 Ἐὰν
791 4911 973 4980 πέσῃ,
1013 4914 1085 4966 οὐ
1126 4915 1678 4984 καταρῤαχθήσεται
1699 4935 1712 4948 ·

134 4997 242 5051 ὅτι
268 4997 648 5066 ὑποστηρίζει
677 5001 892 5069 Κύριος
916 5002 1086 5071 χεῖρα
1115 5005 1328 5060 αὐτοῦ.

222 5085 312 5140 90.
337 5087 474 5142 Ὅσα
489 5089 597 5160 γὰρ
618 5090 712 5144 ἐὰν
734 5091 1076 5165 πράξωμενῆ
1099 5095 1445 5167 κερδάνωμεν
1462 5099 1714 5165 ἐνταῦθα,

136 5177 330 5252 μικρά
359 5180 697 5253 ἡγησώμεθα
733 5184 870 5254 πρὸς
894 5185 984 5237 τὸν
1009 5185 1268 5255 μέλλοντα
1295 5189 1514 5243 αἰώνιον
1549 5191 1715 5244 πλοῦ-

126 5289 262 5326 τον.
304 5270 392 5325 Ἐν
422 5271 529 5343 γὰρ
563 5275 628 5344 τῇ
671 5276 742 5344 γῇ
789 5275 962 5348 ταύτῃ
999 5277 1074 5341 ὡς
1107 5281 1166 5332 ἐν
1210 5279 1440 5352 δευτέρᾳ
1486 5282 1716 5355 μητρῴᾳ

129 5361 330 5433 κοιλίᾳ
381 5363 742 5435 τυγχάνομεν.
795 5367 1005 5441 Ὥσπερ
1051 5369 1160 5442 γὰρ
1207 5373 1266 5425 ἐν
1316 5373 1543 5437 ἐκείνοις
1599 5377 1714 5438 τοῖς

130 5455 342 5528 μυχοῖς
382 5455 442 5506 οὐ
494 5457 748 5527 τοιαύτην
781 5455 925 5530 ζωὴν
975 5460 1191 5532 εἴχομεν
1211 5479 1225 5492 ·
1275 5462 1398 5517 οὗτε
1452 5463 1560 5536 γὰρ
1607 5464 1717 5518 τῶν

122 5545 403 5604 τοιούτων
432 5547 765 5618 στερεμνίων
790 5550 1004 5621 τροφῶν
1029 5553 1374 5626 ἀπελαύομεν
1405 5558 1462 5610 ἐν
1490 5557 1719 5621 ἐκείνοις

220 5703 264 5734 δ’
305 5701 444 5759 Psal.
484 5719 676 5764 xxxvi,
712 5704 800 5759 9.4.

1822 4541 1981 4596 holus
2007 4547 2178 4594 totum
2226 4540 2503 4594 actionum
2533 4547 2751 4593 tuarum
2788 4555 3027 4610 gregem,
3079 4542 3134 4597 in
3169 4545 3398 4614 captivi-

1821 4641 1986 4688 tatem
2021 4631 2311 4686 deductum
2345 4629 2643 4701 disperdat.
2679 4630 2800 4686 Noli
2824 4635 3006 4702 itaque
3034 4636 3195 4692 unius
3226 4652 3394 4694 causa

1821 4725 2004 4780 locum
2036 4725 2285 4779 amittere
2328 4731 2503 4777 tuum.
2537 4722 2722 4778 Bonus
2751 4733 2835 4780 est
2863 4723 3127 4783 Dominus
3165 4729 3259 4798 qui
3297 4745 3396 4800 per

1821 4816 2170 4874 Psalmistam
2199 4817 2275 4870 ait
2305 4834 2319 4871 :
2351 4814 2484 4870 Cum
2523 4816 2770 4870 ceciderit
2799 4833 2902 4871 non
2933 4819 3232 4884 collidetur,
3269 4823 3395 4890 quia

1822 4909 2079 4964 Dominus
2107 4909 2349 4978 supponit
2385 4923 2600 4962 manum
2629 4923 2782 4962 suam
2801 4908 2866 4962 ".

1892 5090 2060 5161 636
2127 5087 2215 5143 90.
2252 5085 2600 5158 Quaecunque
2629 5088 2719 5143 hic
2764 5087 3024 5159 negotiati
3069 5097 3163 5142 aut
3198 5088 3392 5146 lucrati

1823 5181 2108 5246 fuerimus,
2147 5181 2299 5251 parvi
2342 5183 2605 5238 momenti
2657 5188 2992 5250 reputemus,
3039 5182 3086 5237 si
3133 5196 3258 5236 cum
3305 5181 3393 5236 fu-

1824 5276 1966 5330 turis
2002 5275 2223 5330 aeternis
2255 5273 2452 5344 opibus
2499 5282 2908 5343 comparentur.
2961 5272 3018 5326 In
3054 5273 3155 5327 hac
3191 5275 3394 5343 quippe

1822 5378 1987 5434 terra,
2020 5368 2169 5422 velut
2207 5367 2264 5421 in
2289 5365 2532 5422 secundo
2557 5373 2714 5419 utero
2743 5372 2989 5419 materno
3017 5364 3391 5420 consistimus.

1823 5460 2292 5529 Quemadmodum
2346 5459 2491 5515 enim
2537 5458 2592 5512 in
2642 5459 2900 5514 claustris
2949 5457 3242 5521 maternis,
3281 5472 3389 5511 non

1823 5554 1952 5610 huic
1991 5553 2226 5610 similem
2274 5551 2487 5624 agimus
2518 5550 2708 5616 vitam,
2750 5563 2925 5620 neque
2961 5549 3107 5603 enim
3159 5547 3270 5602 illic
3316 5548 3391 5602 ita
