3852 6206
435 301 578 356 1545

1528 285 1589 342 S.
1619 277 2085 338 ATIIANASIUS.
2123 307 2196 319 —
2232 274 2503 330 SPITRIA.

3562 269 3703 326 ‘5“

434 411 627 465 solidis
652 407 793 463 cibis
819 414 878 460 ut
910 421 1057 460 nunc
1081 404 1307 459 utimur.
1347 401 1466 458 Non
1495 402 1687 458 eodem
1721 400 1799 456 ibi
1849 399 2011 454 modo

2127 394 2225 456 τοῖς
2250 393 2471 465 χωρίοις
2487 391 2564 456 ὡς
2589 391 2715 445 νῦν’
2741 389 2867 444 οὔτε
2892 391 2998 462 μὴν
3020 391 3198 455 οὕτως
3226 390 3477 462 ἐνεργεῖν
3500 389 3571 458 ﬁli
3582 391 3705 443 avﬁ-

434 500 651 571 operari
701 497 923 561 licebat,
975 510 1087 567 quo
1124 496 1179 550 in
1225 495 1330 549 hac
1376 494 1530 559 vita;
1563 491 1761 547 solaris
1817 489 2021 561 quippe

440 593 582 646 lucis
613 591 903 660 omnisque
937 587 1249 658 splendoris
1277 592 1528 655 expertes
1565 597 1805 639 eramus.
1867 580 2023 636 Sicut

437 699 569 754 ergo
596 682 671 751 ._in
720 678 981 736 claustris
1035 677 1415 747 hujuscemodi
1464 683 1773 740 versantes,
1832 675 2021 730 multis

438 771 723 842 praesentis
746 772 872 825 vitae
900 769 1066 824 rebus
1104 767 1581 832 destituebamur;
1630 766 1705 821 ita
1735 773 1790 820 et
1820 765 1876 820 in
1917 766 2023 821 hoc

454 862 659 918 mundo
712 861 1099 918 defraudamur
1151 863 1309 931 longe
1359 860 1557 931 potiori
1620 859 2021 931 magnificentia

453 959 606 1026 regni
653 958 938 1012 caelorum.
995 955 1302 1011 Periculum
1353 952 1584 1008 fecimus
1632 952 2020 1007 alimentorum

438 1048 604 1117 hujus
629 1049 773 1111 vitae,
806 1047 991 1102 divina
1017 1047 1132 1115 jam
1155 1051 1496 1115 expetamus.
1522 1040 1783 1098 Praesenti
1816 1044 2021 1099 lumine

438 1143 595 1213 potiti
625 1158 856 1211 sumus;
892 1144 1062 1199 solem
1093 1142 1319 1211 justitim
1353 1155 1499 1195 nunc
1526 1151 1886 1210 exoptemus;
1929 1157 2022 1196 su-

441 1249 664 1303 pernam
717 1232 1042 1297 Jerusalem,
1090 1249 1189 1303 pro
1238 1233 1460 1288 civitate
1510 1241 1793 1302 matreque
1831 1240 2019 1288 nostra

442 1322 774 1389 habeamus;
822 1332 1031 1393 patrem
1065 1338 1197 1379 vero
1236 1331 1488 1379 nostrum
1524 1338 1785 1379 vocemus
1821 1322 2015 1381 Deum.

441 1413 541 1468 Hic
573 1416 821 1472 vivamus
856 1423 1247 1487 temperanter,
1299 1425 1360 1471 ut
1387 1417 1552 1471 vitam
1583 1427 1842 1471 aeternam
1877 1432 2018 1471 con-

441 1520 756 1575 sequamur.

512 1596 600 1652 9|.
640 1596 1110 1663 Quemadmodum
1164 1597 1312 1651 enim
1374 1595 1614 1654 infantes
1682 1598 1736 1652 in
1791 1600 2019 1655 matrice

439 1686 749 1750 constituti,
777 1684 847 1740 ad
890 1685 1156 1755 majorem
1189 1686 1578 1755 perfectionem
1611 1701 1678 1742 ex
1712 1688 1863 1742 tenui
1891 1689 2016 1743 cibo

441 1785 604 1847 atque
630 1777 738 1832 vita
771 1777 1012 1843 deducti,
1038 1793 1135 1847 per
1164 1778 1254 1833 illa
1281 1779 1349 1834 ad
1371 1779 1637 1847 majorem
1659 1781 2017 1850 vegetiorem-

440 1884 548 1939 que
576 1870 968 1925 incolumitatis
992 1870 1361 1925 conditionem
1406 1870 1693 1940 feruntur;
1742 1874 1820 1927 ita
1851 1874 2015 1928 etiam

441 1959 573 2028 justi
599 1976 667 2015 ex
695 1962 941 2016 saeculari
971 1961 1224 2017 instituto
1256 1962 1327 2018 ad
1352 1963 1458 2017 iter
1482 1963 1706 2018 caeleste
1732 1963 2016 2028 secedunt,

438 2048 585 2103 sicut
623 2050 886 2120 scriptum
908 2059 994 2106 est
1029 2071 1043 2105 :
1089 2049 1246 2104 Ibunt
1282 2050 1347 2105 de
1381 2052 1569 2107 virtute
1595 2053 1650 2106 in
1680 2053 1924 2106 virtutem
1948 2052 2014 2105 '°.

442 2137 768 2196 Peccatores
802 2148 1008 2205 autem,
1041 2141 1188 2196 velut
1217 2140 1384 2196 foetus
1412 2141 1550 2196 uteri
1587 2143 1679 2212 qui
1708 2142 1765 2196 in
1786 2144 2017 2197 matrice

445 2231 754 2296 intereunt,
808 2249 874 2287 ex
896 2233 1138 2289 tenebris
1176 2233 1231 2286 in
1281 2233 1532 2288 tenebras
1575 2232 2010 2289 transferuntur.

442 2319 505 2376 In
545 2331 693 2377 terra
724 2338 958 2393 namque
988 2324 1152 2378 morti
1178 2324 1500 2388 traduntur,
1530 2325 1878 2385 multitudine
1900 2339 2022 2395 pec.

445 2424 689 2475 ratorum
726 2415 931 2470 obruti.
992 2413 1287 2485 Postquam
1333 2424 1516 2470 autem
1555 2416 1760 2470 fuerint
1809 2432 1878 2472 ex
1913 2417 2018 2471 hac

444 2509 557 2564 vita
586 2509 802 2579 dejecti,
863 2509 920 2563 in
969 2508 1291 2563 obscuriora
1327 2515 1384 2562 et
1410 2515 1649 2561 tartarea
1680 2509 1797 2562 loca
1830 2508 2020 2563 detru-

443 2601 675 2655 duntur.
709 2600 820 2671 695)
852 2598 960 2655 Ter
1000 2600 1057 2654 in
1084 2600 1194 2653 vita
1225 2599 1525 2654 nascimur.
1577 2598 1760 2653 Prima
1793 2614 2021 2669 genera-

446 2692 525 2746 tio
551 2702 635 2747 est
665 2706 734 2746 ex
763 2691 886 2744 sinu
915 2697 1163 2745 materno
1194 2688 1394 2752 exitus,
1430 2701 1556 2742 cum
1586 2702 1617 2740 a
1643 2695 1789 2741 terra
1821 2687 1877 2740 in
1905 2694 2020 2740 ter-

445 2797 563 2837 ram
615 2782 867 2853 agimur:
906 2781 1127 2850 reliquae
1186 2789 1367 2835 autem
1404 2779 1546 2842 duae,
1605 2793 1671 2833 ex
1729 2786 1875 2833 terra
1922 2794 2020 2834 nos

444 2875 682 2932 evehunt
707 2875 765 2928 in
794 2874 1030 2941 coelum;
1059 2888 1295 2944 quarum
1331 2873 1499 2927 altera
1528 2886 1628 2943 per
1655 2872 1884 2941 gratiam
1906 2878 2015 2936 est,

445 2981 568 3036 qua:
619 2980 717 3037 per
764 2965 1010 3020 divinum
1059 2963 1220 3019 nobis
1258 2963 1535 3017 lavacrum
1585 2962 1796 3017 accedit
1831 2980 1844 3017 :
1877 2963 2020 3017 hanc

445 3059 647 3129 quippe
671 3059 797 3129 jure
826 3055 1295 3127 regenerationem
1319 3054 1678 3125 appellamus.
1708 3053 1891 3108 Tertia
1921 3069 2021 3109 au-
2048 3077 2087 3131 (ς

448 3158 558 3205 tem
589 3165 656 3205 ex
709 3147 1033 3220 poenitentia
1082 3147 1242 3201 nobis
1277 3156 1333 3201 et
1380 3145 1540 3200 bonis
1590 3147 1847 3215 operibus
1886 3161 2021 3200 con—

447 3239 625 3308 tingit.
663 3237 843 3308 Atque
876 3237 931 3291 in
965 3237 1067 3291 hac
1105 3245 1381 3306 postrema
1412 3249 1560 3289 nunc
1587 3251 1888 3292 versamur.

519 3324 607 3378 92.
647 3324 919 3380 Debemus
961 3323 1166 3392 itaque,
1206 3331 1495 3393 postquam
1529 3322 1599 3377 ad
1629 3340 1815 3379 verum
1851 3341 2021 3396 spon-

449 3430 571 3470 sum
608 3415 967 3476 accessimus,
1001 3412 1285 3468 decentius
1323 3413 1528 3468 ornari.
1560 3414 1642 3468 Ad
1676 3422 1922 3471 nostram
1951 3418 2023 3471 sit

447 3506 860 3562 aediﬁcationem
908 3506 1222 3575 nuptiarum
1274 3503 1439 3574 hujus
1493 3506 1677 3561 saeculi
1738 3517 2027 3576 spectacu-

450 3599 583 3652 lum.
624 3597 763 3652 Nam
802 3597 849 3653 si
879 3597 1071 3667 puellm
1098 3597 1218 3651 viro
1252 3596 1559 3665 conjunctae
1585 3597 1679 3666 qui
1707 3597 1921 3651 illarum
1952 3599 2026 3653 fa-

450 3691 557 3746 cile
606 3691 788 3761 specie
819 3690 942 3761 capi
986 3689 1183 3760 possit,
1215 3694 1426 3743 tantam
1468 3689 1820 3745 nihilominus
1869 3691 2028 3745 adhi-

452 3781 584 3837 bent
612 3796 822 3846 curam,
856 3781 911 3836 in
940 3781 1172 3845 balneis,
1208 3780 1501 3850 unguentis
1520 3820 1536 3845 ,
1567 3781 1905 3852 reliquisque
1929 3798 2028 3837 va-

451 3874 519 3927 rii
545 3874 761 3943 generis
788 3874 1076 3928 ornatibus
1100 3911 1116 3935 ,
1147 3872 1276 3942 quia
1308 3873 1396 3927 bis
1424 3887 1484 3928 se
1514 3874 1857 3931 venustiores
1877 3889 2027 3929 ama-

451 3962 783 4033 bilioresque
813 3961 930 4018 fore
959 3968 1187 4032 putant;
1244 3962 1292 4018 si
1319 3971 1469 4017 tanta
1517 3966 1587 4022 iis
1634 3980 1757 4036 quae
1781 3965 2027 4034 corporis

453 4055 623 4109 cultui
678 4054 875 4111 deditae
924 4063 1056 4109 sunt
1103 4055 1245 4110 inest
1293 4057 1679 4112 ostentationis
1711 4057 2023 4126 cupiditas:

454 4146 662 4208 quanto
713 4141 888 4210 magis
917 4138 1075 4194 decet
1093 4155 1196 4195 nos
1226 4141 1437 4196 caelesti
1470 4139 1685 4210 Sponsa
1717 4142 2026 4211 desponsa-

453 4237 562 4292 tas,
595 4244 691 4286 eas
734 4244 1085 4299 exsuperare,
1146 4237 1310 4299 atque
1336 4230 1608 4287 laboriosa
1639 4233 2030 4287 exercitatione

456 4319 676 4374 abluere
703 4318 892 4374 sordes
921 4326 1291 4388 peccatorum,
1320 4319 1745 4389 indumentaque
1772 4334 2029 4391 corpora-

2123 483 2263 556 μεθα
2300 485 2375 548 ὡς
2417 480 2681 537 ἐνταῦθα·
2714 480 2946 553 καὶγὰρ
2977 481 3072 535 τοῦ
3116 481 3342 552 ἡλιακοῦ
3385 480 3569 549 φωτὸς
3607 481 3703 534 καὶ

2119 575 2302 646 πάσης
2326 575 2504 645 αὐγῆς
2535 574 2694 639 ἐκτὸς
2729 574 3045 645 ὑπήρχομεν
3064 591 3079 605 ο
3117 573 3308 645 ῶσπερ
3342 569 3439 627 οὖν
3473 575 3535 626 ὲν
3554 573 3705 626 ἐκεί-

2120 682 2230 728 νοις
2256 668 2371 729 τοῖς
2407 665 2675 735 ταμιείοις
2702 659 2880 728 οὖσαι,
2914 664 3125 718 πολλῶν
3155 662 3265 717 τῶν
3294 646 3536 717 ἐνταῦθα
3560 662 3705 716 ἑλει-

2120 756 2337 828 πόμεθα
2359 773 2373 787 ·
2406 756 2583 821 οὕτως
2633 758 2729 811 καὶ
2777 759 2836 809 ἑν
2862 756 2941 827 τῷ
2977 756 3072 810 νῦν
3114 757 3305 827 κόσμῳ
3335 755 3701 809 πλεονεκτού-

2122 849 2263 920 μεθα
2307 848 2446 920 πρὸς
2494 849 2595 921 τὴν
2623 847 2731 901 τῶν
2771 846 3016 917 οὐρανῶν
3060 845 3354 917 βασιλείαν.
3397 847 3702 916 Ἐλάσομεν

2121 942 2315 1011 πεῖραν
2340 940 2448 993 τῶν
2488 938 2722 993 ἐνταῦθα
2751 938 2988 1009 τροφῶν,
3016 938 3127 992 τῶν
3166 937 3328 991 θείων
3354 937 3699 1009 δρεχθῶμεν.

2136 1029 2548 1101 ’Δπελαύσαμεν
2588 1029 2681 1084 τοῦ
2708 1028 2944 1083 ἐνταῦθα
2977 1028 3172 1117 φωτὸς,
3197 1028 3288 1081 τὸν
3315 1028 3468 1098 ἣλιον
3492 1030 3597 1099 τῆς
3621 1028 3704 1081 δι-

2121 1122 2412 1194 καιοσύνης
2432 1122 2778 1194 ποθήσωμεν.
2810 1122 2922 1193 Τὴν
2946 1120 3060 1176 ἀνω
3096 1121 3450 1194 Ἰερουσαλὴμ
3477 1121 3704 1191 ἡγησώ-

2123 1212 2263 1283 μεθα
2291 1212 2499 1265 ἑαυτῶν
2527 1211 2682 1265 πόλιν
2725 1228 2785 1263 τε
2834 1211 2928 1263 καὶ
2971 1211 3218 1282 μητέρα⁹
3260 1210 3475 1282 πατέρα
3519 1211 3580 1263 δὲ
3607 1211 3703 1264 τὸν

2118 1304 2251 1358 Θεὸν
2284 1302 2602 1373 καλέσωμεν
2643 1301 2872 1355 ἑαυτῶν.
2922 1303 3185 1372 Ζήσωμεν
3221 1300 3458 1355 ἐνταῦθα
3482 1301 3704 1373 σωφρό-

2119 1412 2245 1458 νως,
2272 1394 2361 1449 ἵνα
2390 1393 2490 1464 τῆς
2519 1393 2737 1447 αἰωνίου
2763 1390 2908 1464 ζωῆς
2927 1392 3203 1464 τύχωμεν.

2188 1569 2276 1623 91.
2311 1569 2522 1639 Ὥσπερ
2548 1564 2657 1637 γὰρ
2685 1564 2754 1620 τὰ
2788 1568 2846 1620 ἐν
2880 1567 3064 1637 μήτρᾳ
3099 1565 3299 1636 βρέφη,
3339 1564 3706 1619 τελεωθέν-τα

2118 1661 2179 1726 ἐξ
2198 1660 2477 1723 ὲλάττονος
2496 1661 2704 1730 τροφῆς
2726 1675 2785 1711 τε
2812 1658 2907 1712 καὶ
2935 1658 3099 1727 ζωῆς,
3116 1657 3204 1710 διά
3225 1655 3418 1710 τούτου
3442 1656 3541 1709 καὶ
3562 1656 3705 1728 πρὸς

2048 1746 2091 1800 Β
2116 1752 2216 1823 τὴν
2244 1749 2466 1823 μείζονα
2494 1749 2751 1822 φέρονται
2779 1747 3053 1818 σωτηρίαν
3072 1763 3085 1776 ·
3108 1746 3283 1807 οὕτως
3302 1745 3399 1800 καὶ
3424 1747 3476 1799 oi
3499 1745 3705 1800 δίκαιοι

2119 1847 2184 1898 ἐκ
2217 1845 2316 1915 τῆς
2343 1842 2436 1896 τοῦ
2468 1842 2674 1913 κόσμου
2713 1838 2992 1910 διαγωγῆς
3025 1838 3161 1910 πρὸς
3195 1838 3295 1909 τὴν
3324 1839 3439 1892 ἀνω
3468 1839 3705 1909 πορείαν

2119 1933 2461 2005 ἀναχωροῦσι
2502 1931 2646 1986 κατᾶ
2684 1932 2745 1984 τὸ
2790 1932 3205 2002 γεγραμμένον·
3250 1930 3345 1982 Ἐκ
3387 1927 3704 1998 δυνάμεως

2117 2030 2204 2092 εὶς
2252 2025 2528 2094 δύναμιν.
2575 2024 2645 2077 Οἵ
2687 2041 2751 2093 γε
2795 2022 3145 2095 ἁμαρτωλοὶ,
3200 2020 3392 2093 ῶσπερ
3436 2022 3511 2076 τὰ
3557 2022 3704 2077 κατά

2118 2116 2358 2189 γαστρὸς
2384 2115 2597 2187 ἔμϐρυα
2622 2117 2681 2168 ἐν
2715 2117 2783 2186 τῇ
2817 2116 3001 2185 μήτρᾳ
3032 2113 3452 2185 τελευτήσαντα,
3478 2117 3547 2169 ὲκ
3577 2118 3705 2169 σκό-

2118 2227 2243 2273 τους
2278 2209 2477 2271 σκότει
2531 2207 2935 2278 παραδίδονται.
2968 2207 3077 2259 Καὶ
3115 2206 3225 2277 γὰρ
3270 2207 3329 2261 ἐν
3373 2210 3441 2278 τῇ
3482 2210 3557 2277 γῇ
3612 2224 3702 2260 νε-

2119 2298 2376 2371 κροῦνται
2408 2297 2485 2369 τῷ
2516 2296 2714 2368 πλήθει
2746 2296 2853 2351 τῶν
2896 2297 3310 2367 ἁμαρτημάτων
3343 2298 3703 2369 κεκαλυμμέ-

2119 2407 2232 2444 νοι·
2268 2390 2363 2443 καὶ
2392 2388 2732 2459 ἀπαχθέντες
2772 2387 2830 2441 δὲ
2870 2388 2964 2440 τοῦ
3004 2387 3140 2457 βίου,
3175 2389 3257 2452 είς
3300 2387 3565 2457 (mea;
3608 2393 3703 2443 καὶ

2119 2481 2486 2554 ταρταρώδεις
2525 2481 2724 2544 τόπους
2776 2480 3193 2550 καταφέρονται.
3240 2480 3436 2550 Τρίτον
3475 2480 3559 2550 τῷ
3603 2481 3705 2551 βίῳ

2120 2572 2413 2644 τικτόμεθα
2433 2589 2445 2602 ·
2476 2567 2549 2626 ὧν
2575 2574 2608 2643 ἡ
2637 2573 2734 2643 μὲν
2763 2570 2953 2642 πρώτη
2980 2571 3126 2623 ἐστὶν
3148 2573 3182 2641 ή
3206 2572 3272 2625 ὲκ
3292 2571 3403 2624 τῶν
3428 2572 3704 2643 μητρῲιιιν

2121 2665 2335 2718 κόλπων
2369 2663 2625 2736 πρόοδος,
2675 2662 2911 2733 ὁπηνίκα
2965 2663 3046 2724 είς
3090 2662 3195 2730 γῆν
3240 2661 3595 2733 ἀπαγώμεθα
3638 2666 3704 2717 ὲκ

2120 2757 2227 2827 γῆς
2245 2774 2258 2786 ’
2283 2759 2338 2809 αἱ
2367 2757 2424 2810 δὲ
2452 2755 2636 2809 λοιπαὶ
2663 2754 2758 2807 δύο
2804 2756 2869 2807 ὲκ
2904 2756 3010 2825 γῆς
3038 2755 3189 2824 ἡμᾶς
3213 2756 3294 2818 εἰς
3320 2756 3591 2825 οὐρανοὺς
3614 2758 3707 2810 ἀν-

2120 2850 2343 2918 άγουσιν
2363 2864 2378 2878 °
2408 2842 2482 2901 ὧν
2517 2850 2550 2920 ἡ
2592 2847 2691 2918 μὲν
2725 2844 2824 2917 μία
2864 2846 3013 2900 ἐστὶν
3047 2849 3114 2900 ὲκ
3140 2847 3383 2918 χάριτος,
3413 2849 3447 2919 ἡ
3481 2847 3571 2902 διὰ
3605 2849 3701 2903 τοῦ

2123 2940 2269 2995 θείου
2310 2938 2535 3011 λουτροῦ
2578 2942 2708 3011 ἡμῖν
2742 2941 3153 3013 προσερχομὲνη
3175 2957 3187 2969 ⁸
3215 2940 3310 2993 καὶ
3341 2939 3455 3010 γὰρ
3496 2938 3704 3011 ταύτην

2124 3029 2339 3102 ἀληθῶς
2362 3027 2779 3098 παλιγγενεσίαν
2819 3030 3089 3101 καλοῦμεν
3108 3046 3123 3059 ο
3154 3032 3189 3100 ἡ
3219 3029 3278 3082 δὲ
3310 3029 3473 3101 τρίτη
3505 3032 3571 3083 ὲκ
3600 3032 3707 3101 τῆς

2125 3122 2414 3194 μετανοίας
2437 3123 2570 3193 ἡμῖν
2606 3121 2699 3174 καὶ
2731 3120 2837 3174 τῶν
2863 3120 3084 3190 ἀγαθῶν
3114 3122 3289 3176 πόνων
3321 3123 3702 3193 προσγίνεται.

2137 3215 2224 3267 Ἐν
2248 3212 2420 3286 ταύτῃ
2445 3216 2540 3267 νῦν
2571 3215 2733 3283 ἡμεῖς
2760 3214 3112 3285 ἑστήκαμεν.’

2195 3304 2287 3362 92.
2329 3303 2647 3375 Ὀφείλομεν
2673 3303 2790 3369 νῦν,
2822 3302 2901 3374 τῷ
2931 3301 3170 3373 ἀληθινῷ
3208 3302 3430 3373 νυμφίῳ
3472 3300 3703 3373 προσελ-

2128 3394 2338 3460 θοῦσαι,
2392 3394 2830 3466 εὐπρεπέστερον
2882 3393 3245 3465 κοσμηθῆναι.
3309 3394 3350 3444 Γ
3355 3392 3555 3446 ινέσθω
3573 3396 3705 3464 ἡμῖν

2124 3487 2378 3559 οἰκοδομὴ
2412 3484 2565 3558 ὴθέα
2596 3483 2690 3538 τοῦ
2713 3483 2977 3555 κοσμικοῦ
3011 3484 3213 3555 γάμου.
3247 3484 3313 3537 Ei
3336 3484 3445 3556 γὰρ
3472 3486 3703 3549 ἐκεῖναι,

2127 3581 2262 3652 πρὸς
2301 3578 2391 3633 τὸν
2436 3577 2703 3632 εὐάλωτον
2753 3575 3153 3646 συναπτόμεναι
3191 3576 3382 3648 ἄνδρα,
3433 3577 3709 3646 τοσαύτην

2127 3670 2363 3724 τίθενται
2392 3668 2626 3738 σπουδὴν
2650 3666 2890 3736 λουτρῶν
2937 3684 2997 3720 τε
3031 3667 3128 3720 καὶ
3172 3668 3579 3738 μυραλοιφιῶν,
3614 3669 3711 3722 καὶ

2126 3760 2376 3832 ποικίλης
2402 3758 2725 3830 κοσμήσεως
2762 3757 2849 3829 (ὲκ
2869 3756 2979 3828 γὰρ
2997 3756 3201 3811 τούτων
3222 3755 3478 3812 δοκοῦσιν
3507 3757 3711 3819 ἑαυτὰς

2127 3852 2424 3922 ἐρασμίους
2467 3850 2666 3923 μᾶλλον
2719 3848 3207 3920 παρασκευάζειν),
3242 3849 3339 3902 καὶ
3385 3850 3437 3903 εί
3466 3849 3707 3917 τοσαύτη

2125 3945 2238 4006 τοῖς
2270 3943 2413 3997 κατὰ
2452 3942 2514 3996 τὸ
2556 3940 2717 4011 σῶμα
2764 3942 3201 4008 πολιτευομενοις
3235 3937 3509 4008 φαντασία
3555 3936 3709 3989 ἐντέ-

2126 4032 2315 4087 τεκται
2333 4049 2347 4062 ·
2385 4032 2535 4103 πόσῳ
2566 4030 2763 4103 μᾶλλον
2794 4030 2913 4085 δέον
2943 4031 3089 4100 ἡμᾶς
3117 4028 3459 4098 ἐπαναϐῆναι
3491 4028 3711 4090 ὲκείνας

2126 4126 2193 4195 τῇ
2227 4122 2440 4195 γνώμῃ,
2477 4123 2556 4195 τῷ
2588 4122 2824 4193 οὐρανίῳ
2863 4121 3082 4193 νυμφίῳ
3117 4119 3571 4192 μνηστευθείσας,
3613 4119 3709 4171 καὶ

2130 4213 2531 4269 ἀπολούσασθαι
2562 4214 2659 4286 μὲν
2691 4219 2801 4268 τῶν
2838 4212 3125 4284 ἁμαρτιῶν
3164 4212 3256 4265 τὸν
3291 4211 3464 4282 ῥύπον
3492 4214 3562 4281 τῇ
3591 4213 3709 4264 ἐπι-

2132 4307 2279 4377 πόνῳ
2308 4306 2571 4376 ἀσκήσει,
2621 4303 3075 4370 ἀντικαταλλάξαι
3111 4302 3169 4356 δὲ
3212 4301 3322 4354 τῶν
3375 4300 3708 4372 σωματικῶν

454 4410 527 4464 lia
559 4416 897 4464 commutare
926 4426 1050 4466 cum
1081 4410 1474 4481 spiritualibus.
1530 4409 1741 4480 Corpus
1787 4411 1892 4466 illae
1921 4419 2023 4467 ter-

2135 4398 2451 4470 ἐνδυμάτων
2495 4396 2565 4450 τὰ
2606 4395 2975 4466 πνευματικά.
3017 4396 3253 4449 Ἐκεῖναι
3281 4393 3343 4446 τὸ
3379 4393 3547 4463 σῶμα
3596 4394 3708 4455 τοῖς

454 4499 607 4555 renis
641 4499 1105 4571 saecularibusque
1140 4499 1369 4556 ﬂoribus
1405 4506 1676 4556 exornant
1712 4519 1726 4554 :
1756 4515 1858 4555 nos
1913 4500 2032 4554 ani-

455 4605 602 4645 mam
645 4589 939 4646 virtutibus
989 4591 1381 4647 concinnemus
1435 4591 1785 4661 lapidumque
1828 4591 2032 4660 pretio-

456 4697 645 4738 sorum
689 4681 812 4735 loco
849 4683 1014 4752 capiti
1045 4683 1539 4751 circumponamus
1566 4683 1838 4752 triplicem
1867 4697 2031 4737 coro-

457 4772 837 4847 nam,-ﬁdem,
885 4789 1035 4844 spem
1090 4783 1145 4830 et
1200 4774 1545 4830 charitatem.
1595 4775 1807 4830 Collum
1851 4782 2031 4830 autem

462 4869 700 4939 pretioso
760 4866 950 4921 monili
1008 4866 1415 4922 circumdemus
1475 4867 1818 4933 humilitate;
1881 4881 2033 4921 zona:

461 4959 604 5021 loco,
639 4956 995 5020 temperantia
1036 4955 1361 5026 cingamur;
1402 4956 1724 5026 magniﬁcus
1770 4958 1842 5010 sit
1873 4956 2033 5011 nobis

461 5049 753 5104 linteorum
807 5048 1061 5114 amictus,
1096 5054 1401 5118 spontanea
1437 5055 1730 5117 paupertas
1759 5064 1774 5114 ;
1810 5048 1864 5101 in
1920 5061 2033 5101 cm-

461 5154 587 5193 nam
635 5147 979 5210 apponantur
1007 5153 1131 5210 quae
1181 5154 1292 5194 non
1321 5146 1750 5210 corrumpuntur
1777 5138 2030 5202 obsonia,

460 5246 652 5300 preces
679 5242 732 5287 et
761 5234 976 5304 psalmi.
1004 5231 1230 5300 Verum,
1261 5239 1322 5286 ut
1361 5232 1438 5286 ait
1465 5231 1757 5302 Apostolus
1779 5269 1797 5296 ,
1844 5246 1914 5285 ne
1943 5245 2036 5284 so-

464 5323 575 5377 lum
621 5324 859 5394 linguam
908 5339 1149 5389 moveas,
1199 5321 1295 5379 sed
1340 5322 1504 5378 etiam
1551 5321 1746 5392 spiritu
1794 5317 2035 5389 intellige

541 5520 587 5551 ⁸⁰
625 5518 771 5575 Psal.
806 5537 1015 5577 uxqu
1039 5563 1053 5587 ,
1088 5521 1139 5576 8.

544 5692 654 5763 (95)
694 5694 875 5753 Schol.
902 5702 957 5766 5,
989 5700 1053 5756 ad
1080 5699 1239 5767 grad.
1270 5714 1341 5756 vn
1391 5696 1639 5754 Climaci.

2131 4494 2416 4562 κοσμικοίς
2450 4490 2545 4544 καὶ
2568 4490 2778 4559 γηῖνοις
2807 4487 2993 4542 ἄνθεσι
3037 4484 3366 4557 κοσμοῦσινο
3404 4487 3574 4555 ἡμεῖς
3609 4485 3707 4555 τὴν

2129 4582 2306 4653 ψυχὴν
2329 4584 2448 4643 ταῖς
2467 4580 2686 4653 ἀρεταῖς
2715 4578 3092 4650 φαιδρύνωμεν
3110 4593 3125 4608 ’
3161 4577 3255 4629 καὶ
3274 4576 3397 4629 ἀντὶ
3424 4575 3530 4645 μὲν
3548 4574 3705 4627 λίθων

2132 4672 2440 4729 πολυτελῶν
2467 4675 2534 4744 τῇ
2567 4672 2776 4742 κεφαλῇ
2809 4668 3122 4742 περιθῶμεν
3151 4668 3243 4721 τὸν
3265 4666 3561 4737 τρίπλοκον
3590 4663 3707 4717 στὲ-

2133 4781 2320 4835 φανον,
2354 4763 2568 4826 πίστιν,
2606 4761 2800 4815 ἐλπίδα
2828 4760 2924 4814 καὶ
2960 4758 3181 4828 ἀγάπην
3203 4771 3218 4784 ·
3244 4754 3322 4826 τῷ
3353 4754 3413 4807 δὲ
3450 4751 3704 4824 τραχήλῳ

2132 4856 2231 4927 τὴν
2275 4854 2463 4925 τιμίαν
2532 4855 2805 4922 κόσμησιν
2881 4847 3233 4923 περιθῶμεν,
3282 4845 3385 4915 τὴν
3452 4858 3702 4896 mimae-

2134 4945 2407 5017 φροσύνην
2427 4960 2441 4974 ·
2474 4943 2596 4998 ἀντὶ⁵
2629 4943 2685 4996 δὲ
2716 4941 2893 5012 ζώνης
2934 4940 3035 5011 τὴν
3083 4933 3439 5007 σωφροσύνην
3473 4931 3705 5003 περιζω-

2135 5036 2352 5107 σώμεθα
2373 5053 2387 5065 ·
2423 5034 2652 5107 λαμπρὰ
2699 5033 2757 5087 δὲ
2782 5035 2915 5104 ἡμῖν
2962 5027 3224 5103 περιϐολὴ
3266 5028 3302 5098 ἠ
3350 5021 3701 5096 ἀκτημοσύνη

2133 5126 2363 5196 γινέσθω
2380 5143 2393 5157 ⁸
2422 5126 2781 5197 προσαγέσθω
2799 5125 2857 5178 δὲ
2872 5122 2951 5195 τῷ
2971 5122 3171 5192 δείπνῳ
3185 5119 3253 5173 τὰ
3277 5118 3352 5191 μὴ
3376 5116 3702 5188 φθειρόμενα

2133 5218 2274 5288 ὄψα,
2318 5216 2474 5289 εὐχαί
2520 5235 2582 5272 τε
2630 5217 2726 5272 καὶ
2755 5215 2983 5287 ψαλμοί.
3018 5212 3157 5267 Ἀλλ’
3188 5211 3265 5275 ὡς
3307 5211 3338 5263 ό
3388 5204 3700 5266 ’Δπόστολός

2136 5326 2291 5382 φησι,
2345 5308 2419 5381 μὴ
2464 5310 2622 5381 μόνον
2675 5309 2773 5380 τὴν
2813 5308 3060 5377 γλῶτταν
3098 5303 3267 5359 κίνει’
3315 5300 3457 5357 ἀλλά
3501 5314 3564 5368 γε
3610 5296 3698 5350 καὶ
