3852 6206
190 377 331 452 ista

1305 393 1459 448 VITA
1501 393 1793 449 ΞΑΝΟΤᾹΞ
1837 391 2337 450 δωρητιοῶ

3298 393 3436 452 ιω

186 518 270 591 τῷ
295 519 566 590 πνεύματι
592 525 702 573 νάει
731 520 797 572 τὰ
825 519 1111 590 λεγόμενα,
1140 517 1407 581 Πολλάκις
1432 518 1538 589 γάρ
1564 517 1626 570 τὸ
1655 517 1755 587 μὲν

1871 531 1978 586 luas
2021 517 2298 572 dicuntur.
2359 515 2514 585 Stepe
2541 514 2798 586 namque
2829 514 3108 587 contingit
3143 520 3202 568 ut
3237 528 3301 569 os
3329 516 3436 568 atia

190 609 368 682 στόμα
389 609 706 680 φθέγγεται,
736 612 772 681 ή
797 609 852 662 δὲ
877 609 1074 680 καρδία
1105 608 1233 680 περὶ
1269 608 1561 678 λογισμοὺς
1594 608 1761 677 ἀσχο-

188 705 382 760 λεῖται.
412 705 704 778 Προσέχειν
727 704 782 756 δὲ
811 704 910 764 δεῖ,
932 704 1028 774 μὴ,
1052 704 1162 766 τοῖς
1188 701 1351 765 θείοις
1370 701 1567 772 γάμοις
1589 717 1760 772 προσ-

189 797 462 861 ελθοῦσαι,
480 796 669 850 πενίαν
690 795 1006 865 λαμπάδων,
1036 793 1311 848 τουτέστιν
1336 792 1569 864 ἀρετῶν,
1601 793 1761 863 νοσή-

191 906 397 960 σωμεν.
431 889 665 959 Μισὴσει
691 888 798 959 γάρ
822 889 967 958 ἡμᾶς
1003 889 1032 939 ὁ
1067 884 1332 956 μνηστήρ,
1360 886 1452 938 καὶ
1492 885 1602 937 οὐδ’
1623 884 1760 945 ὅλως

189 980 564 1054 προσδέξεται,
606 979 700 1034 ἐὰν
734 979 806 1050 μὴ
849 980 945 1043 τὰς
977 979 1296 1048 ὑποσχέσεις
1327 977 1486 1051 λάϐῃ.
1518 979 1674 1040 Τίνες
1701 975 1760 1029 δέ

188 1073 328 1125 εἰσιν
356 1065 546 1136 abeat;
578 1070 673 1123 τοῦ
703 1070 801 1139 μὲν
842 1069 1091 1139 σώματος
1117 1069 1265 1139 ἦττω
1307 1066 1637 1140 φροντίζειν,
1668 1067 1760 1120 ἐπὶ

190 1165 363 1218 πλείω
405 1164 462 1217 δὲ
515 1164 614 1234 τὴν
659 1162 836 1233 ψυχὴν
864 1162 1141 1232 ἀρδεύειν·
1181 1154 1338 1215 αὗται
1382 1161 1490 1232 γάρ
1525 1162 1662 1214 εἰσιν
1700 1161 1756 1212 αί

189 1257 330 1328 πρὸς
363 1255 526 1309 αὐτὸν
563 1254 844 1325 συνθῆκαι.

261 1349 348 1403 95.
383 1349 589 1418 ’Ὠσπερ
617 1348 673 1399 δὲ
713 1347 814 1400 οὐκ
861 1348 1094 1417 ἐγχωρεῖ
1135 1343 1230 1398 δύο
1282 1343 1476 1406 κάδους
1529 1341 1671 1396 κατὰ
1697 1341 1759 1394 τὸ

189 1442 325 1495 αὐτὸ
367 1442 588 1509 ἀνάγειν
625 1439 1084 1511 πεπληρωμένους
1127 1437 1346 1500 ὓδατος·
1398 1436 1486 1489 διὰ
1526 1437 1634 1506 γάρ
1661 1435 1755 1488 τοῦ

191 1550 395 1605 στρεφο
405 1533 569 1603 μένου
603 1531 806 1598 άξωνος
827 1572 842 1595 ,
867 1529 896 1580 ὁ
930 1530 1025 1600 μὲν
1055 1524 1134 1592 εἷς
1154 1529 1356 1598 κοῦφος
1383 1529 1702 1596 κατάγεται,
1729 1528 1758 1580 ὁ

188 1623 248 1675 δὲ
297 1623 482 1694 ἓτερος
547 1622 741 1696 μεστὸς
783 1620 1065 1689 ἀνάγεται·
1101 1619 1271 1682 οὕτως
1321 1619 1414 1672 καὶ
1462 1620 1548 1687 ἐφ’
1599 1615 1758 1688 ὴμῶν

190 1717 372 1767 ἐστιν*
434 1715 560 1767 ὅταν
591 1714 698 1782 γὰρ
745 1712 842 1782 τὴν
887 1713 1067 1765 πᾶσαν
1133 1711 1461 1782 κηδεμονίαν
1499 1712 1563 1780 τῇ
1611 1709 1755 1778 ψυχῇ

190 1807 588 1880 προσοίσωμεν,
621 1804 969 1875 πληρωθεῖσα
999 1803 1106 1856 τῶν
1138 1801 1318 1857 καλῶν
1345 1802 1624 1869 ἀνάγεται,
1649 1801 1758 1853 τῶν

193 1879 502 1971 μεταρσίων
553 1896 835 1967 ἐφιεμένη.
888 1895 960 1947 Τὸ
999 1895 1055 1948 δὲ
1092 1894 1251 1966 σῶμα
1307 1893 1486 1965 ἡμῶν,
1525 1893 1614 1947 διὰ
1656 1893 1758 1964 τῆς
1788 1879 1831 1933 Β

189 1991 474 2060 ἀσκήσεως
507 1987 706 2057 κοῦφον
744 1985 1052 2056 γενόμενον,
1098 1986 1158 2039 οὐ
1190 1985 1361 2058 βρίθει
1410 1985 1507 2056 τὴν
1557 1987 1758 2056 ἡγεμο-

190 2082 388 2135 νοῦσαν
416 2081 664 2152 δύναμιν.
715 2081 824 2133 Καὶ
864 2079 1053 2132 τούτου
1101 2080 1309 2149 μάρτυς
1340 2079 1369 2131 ὀ
1416 2078 1755 2142 Ἀπόστολος,

190 2170 329 2240 φησὶ
369 2171 508 2242 γάρ·
537 2171 728 2224 Ὅσον
761 2173 792 2223 ὀ
817 2169 1037 2232 ἔξωθεν
1058 2168 1226 2238 ἡμῶν
1261 2167 1568 2237 ἄνθρωπος
1599 2167 1760 2237 φθεί-

181 2279 373 2332 ρεται,
403 2262 695 2316 τοσοῦτον
720 2265 752 2315 ό
769 2261 948 2315 ἔνδον
976 2259 1422 2315 ἀνακαινοῦται.

265 2351 350 2406 94.
397 2351 485 2403 Ἐν
513 2353 644 2422 μονῇ
681 2349 942 2402 κοινοὸίου
958 2349 1280 2420 τυγχάνεις;
1317 2348 1390 2419 μὴ
1427 2348 1760 2419 μεταλλάξῃς

189 2445 283 2498 τδν
299 2445 459 2498 τόπον
482 2460 496 2474 ·
530 2443 769 2514 βλαϐήσῃ
786 2442 893 2512 γὰρ
918 2441 1187 2512 μεγάλως.
1224 2441 1431 2514 Ὥσπερ
1453 2441 1560 2510 γὰρ
1591 2441 1757 2512 ὅρνις,

189 2533 585 2604 ὲξανισταμένη
610 2533 718 2586 τῶν
739 2531 883 2594 ὠῶν,
903 2530 1061 2603 οὔρια
1081 2531 1251 2584 ταῦτα
1277 2531 1366 2582 καὶ
1391 2530 1559 2597 ἄγονα
1584 2546 1763 2600 παρα-

192 2624 477 2688 σκευάζειο
562 2621 732 2686 οὕτως
801 2621 1064 2693 παρθένος
1112 2621 1145 2690 ἦ
1186 2621 1412 2691 μοναχὸς
1461 2619 1760 2690 ψυχροῦται

191 2718 290 2770 καὶ
347 2716 631 2788 νεκροῦται
666 2715 767 2786 τῆς
825 2715 1078 2778 πίστεως,
1112 2715 1273 2767 τόπον
1299 2714 1363 2766 ἐκ
1389 2713 1554 2766 τόπου
1593 2729 1760 2783 μετα.-

193 2809 413 2864 ϐαίνων.

265 2896 352 2950 95.
381 2897 470 2967 Μή
509 2913 566 2948 σε
591 2895 816 2968 δελεάσῃ
871 2897 899 2967 ή
925 2896 1033 2949 τῶν
1065 2896 1207 2952 κατὰ
1238 2897 1328 2950 τὸν
1362 2896 1564 2967 κόσμον
1599 2900 1761 2949 πλου-

193 2986 327 3040 σίων
349 2987 548 3057 τρυφὴ,
581 2987 654 3052 ὥς
677 3006 730 3041 τι
771 2991 1034 3060 χρήσιμον
1063 2987 1282 3058 ἔχουσα.
1322 2987 1540 3058 Ἡδονῆς
1578 2989 1762 3042 ἕνεκεν

189 3079 294 3148 τὴν
325 3078 687 3151 ὀψαρτυτικήν
719 3079 919 3151 τιμῶσι
958 3081 1154 3150 τέχνην
1179 3097 1192 3111 ⁸
1219 3080 1442 3152 νηστείᾳ
1481 3081 1574 3133 καὶ
1601 3078 1762 3140 αὐτὸς

189 3169 284 3224 διὰ
314 3171 420 3224 τῶν
479 3172 708 3226 εὐτελῶν
737 3173 832 3243 τὴν
861 3173 1082 3240 ἐκείνων
1121 3173 1381 3245 εὐπορίαν
1409 3173 1518 3226 τῶν
1548 3171 1762 3244 τροφῶν

193 3263 553 3335 ὐπερόάλλου.
604 3265 741 3336 Φησὶ
761 3266 888 3337 γὰρ,
959 3265 1034 3328 ὡς
1060 3263 1257 3333 Ψυχὴ,
1310 3265 1380 3318 ἐν
1436 3259 1761 3331 πλησμονῇ

190 3351 371 3420 οὖσα,
413 3358 638 3424 κηρίοις
685 3355 963 3425 ἐμπαίζει.
1011 3355 1104 3427 Μὴ
1152 3355 1416 3428 κορεσθῇς
1442 3354 1630 3426 ἄρτου,
1672 3355 1771 3408 καὶ

190 3449 296 3504 οὐκ
323 3451 681 3521 ἐπιθυμήσεις
703 3449 866 3503 οἴνου.

267 3539 355 3594 96.
379 3541 516 3612 Τρία
549 3543 663 3594 ἐστὶ
690 3541 783 3594 τοῦ
831 3539 1024 3612 ἐχθροῦ
1052 3540 1118 3594 τὰ
1149 3539 1338 3611 πρῶτα
1378 3537 1670 3608 κεφάλαια,
1705 3537 1765 3606 ἐξ

190 3627 268 3686 ὧν
305 3634 453 3686 πᾶσα
488 3633 653 3686 κακία
703 3633 1030 3701 κατάγεταιο
1065 3631 1345 3702 ἐπιθυμία,
1378 3630 1560 3702 ἡδονὴ,
1595 3630 1762 3702 λύπη.

197 3726 297 3777 Ἓν
317 3723 376 3788 ἐξ
435 3723 552 3787 ἑνὸς
593 3723 764 3776 ταῦτα
813 3725 1065 3794 ἢρτηται,
1101 3723 1196 3776 καὶ
1231 3723 1289 3775 ἓν
1323 3723 1404 3775 ένὶ
1448 3722 1764 3776 ἀκολουθεῖ*

192 3815 288 3868 καὶ
319 3814 513 3884 ἡδονῆς
537 3815 634 3885 μὲν
650 3814 919 3886 κρατῆσαι
948 3815 1170 3868 δυνατὸν
1195 3814 1449 3885 μετρίως,
1473 3812 1768 3884 ἐπιθυμίας

190 3907 250 3960 δὲ
274 3907 548 3960 ἀδύνατον.
579 3907 652 3959 Τὸ
683 3908 778 3977 μὲν
805 3907 912 3979 γὰρ
934 3906 1034 3976 τῆς
1068 3906 1257 3978 ἡδονῆς
1290 3906 1376 3959 διά
1402 3907 1494 3960 τοῦ
1518 3905 1766 3978 σώματος

190 3998 465 4052 τελεῖταιο
504 4000 565 4052 τὸ
596 3999 652 4052 δὲ
684 3999 794 4052 ἀπὸ
843 4000 1021 4068 ψυχῆς
1056 3999 1281 4069 ἄρχεται
1305 4014 1318 4028 ’
1364 3999 1397 4068 ή
1426 3997 1482 4051 δὲ
1513 3998 1659 4068 λύπη
1702 3999 1767 4051 ὲκ

190 4093 304 4146 τῶν
327 4094 644 4164 ἀμφοτέρων
664 4091 1145 4156 κατασκευάζεται.
1180 4091 1271 4162 Μὴ
1297 4093 1656 4164 συγχωρήσῃς
1675 4085 1766 4144 οὖν

191 4186 296 4254 τὴν
323 4185 614 4255 ἐπιθυμίαν
665 4185 972 4255 ἐνεργῆσαι,
1019 4184 1114 4236 καὶ
1143 4181 1213 4235 τὰ
1261 4181 1422 4235 λοιπὰ
1467 4181 1769 4235 ἀποσκεδά-

197 4293 332 4338 σεις.
373 4276 436 4328 Ei
468 4275 524 4327 δὲ
553 4276 912 4345 συγχωρήσῃς
943 4271 1218 4343 προκύψαι
1240 4270 1302 4324 τὸ
1325 4271 1560 4341 πρῶτον,
1587 4271 1766 4326 διανε-

197 4369 369 4442 μηθὲν
401 4369 536 4440 πρὸς
553 4369 614 4421 τὸ
640 4367 910 4439 δεύτερον,
945 4366 1206 4436 κυκλικὴν
1236 4365 1588 4418 ἀνταπόδοσιν
1611 4365 1768 4434 ποιή-

196 4478 383 4514 σονται
444 4460 578 4529 πρὸς
625 4458 812 4521 ἑαυτὰ,
859 4457 954 4511 καὶ
1008 4457 1260 4528 οὐδαμῶς
1308 4457 1653 4529 συγχωρήσει
1696 4459 1770 4527 τῇ

1861 611 2140 680 loquatur,
2190 609 2318 663 dum
2371 623 2469 662 cor
2523 609 2668 663 circa
2721 608 3081 680 cogitationes
3112 616 3433 677 occupatur.

1859 701 2172 757 Cavendum
2200 715 2382 771 porro,
2415 715 2484 754 ne
2511 714 2612 754 nos
2659 715 2781 770 quae
2828 700 3041 755 divinas
3069 699 3284 756 adimus
3339 715 3438 754 nua

1861 794 2023 862 ptias,
2053 790 2387 860 lampadum,
2422 789 2475 844 id
2511 796 2597 846 est
2643 791 2929 854 virtutum,
2963 790 3191 860 penuria
3221 789 3435 844 labore—

1861 899 2002 938 mus.
2051 882 2308 952 Alioquin
2346 881 2523 937 oderit
2575 897 2678 937 nos
2724 897 2980 952 sponsus,
3019 896 3122 936 nec
3162 881 3436 936 ullatenus

1861 976 2129 1036 admittet,
2165 974 2210 1029 si
2262 989 2372 1028 non
2421 975 2692 1044 acceperit
2722 973 3013 1044 promissa.
3050 973 3309 1039 Quaenam
3342 974 3435 1027 illa

1861 1067 2029 1123 sunt?
2077 1065 2324 1134 corporis
2381 1066 2646 1120 minorem
2695 1079 2881 1119 curam
2921 1079 3141 1134 gerere,
3195 1063 3433 1118 animam

1860 1167 2039 1213 autem
2079 1157 2286 1228 largius
2322 1157 2547 1227 irrigare
2581 1173 2598 1210 ι
2638 1157 2753 1211 hac
2806 1164 2936 1212 sunt
2968 1163 3124 1225 pacta
3163 1169 3289 1210 cum
3337 1155 3436 1208 illo

1857 1250 2010 1304 inita.

1928 1344 2017 1398 95.
2061 1342 2216 1398 Sicut
2246 1352 2427 1399 autem
2471 1357 2633 1398 nemo
2669 1349 2848 1412 potest
2876 1341 3014 1396 duas
3062 1341 3263 1396 situlas
3283 1354 3429 1411 aqua

1858 1439 2049 1506 plenas
2072 1451 2179 1490 una
2215 1437 2406 1492 tollere
2431 1448 2446 1490 τ
2482 1450 2608 1489 nam
2631 1449 2730 1505 per
2755 1449 2911 1488 axem
2943 1433 3034 1503 qui
3058 1434 3304 1499 vertitur,
3329 1433 3437 1488 alia

1859 1541 2030 1582 vacua
2051 1527 2376 1589 demittitur,
2398 1527 2502 1580 alia
2532 1527 2691 1596 plena
2719 1526 2996 1591 elevatur;
3026 1524 3251 1594 perinde
3274 1524 3436 1581 nobis

1859 1620 2142 1690 contingit.
2175 1619 2310 1676 Cum
2334 1620 2496 1692 637
2511 1628 2678 1675 totam
2701 1621 2846 1676 enim
2872 1619 3291 1675 sollicitudinem
3318 1618 3438 1672 ani-i-

1859 1725 1960 1765 mae
2002 1711 2453 1781 impenderimus,
2495 1712 2655 1766 bonis
2707 1710 2907 1766 referta
2957 1711 3206 1766 evehitur
3260 1709 3433 1766 sublis

1858 1802 1966 1856 mia
2017 1811 2297 1874 appetens.
2343 1804 2561 1875 Corpus;
2583 1810 2765 1858 autem
2797 1811 3074 1868 nostrum,
3119 1817 3214 1872 per
3237 1802 3433 1857 duram

1859 1894 2303 1950 exercitationem
2337 1895 2454 1950 lere
2489 1894 2763 1962 eﬂ'ectum,
2795 1909 2905 1949 non
2931 1891 3188 1963 deprimit
3223 1901 3434 1963 partem

1858 1982 2007 2036 illam
2071 1983 2371 2053 principem
2421 1998 2486 2038 ac
2549 1983 2938 2039 moderantem.
3001 1981 3172 2052 Cujus
3211 1983 3289 2037 rei
3353 1990 3435 2038 te-

1859 2074 1959 2130 stis
1984 2082 2069 2130 est
2112 2073 2405 2144 Apostolus
2451 2074 2640 2130 dicens
2673 2092 2687 2128 :
2721 2075 2931 2142 Quanto
2970 2084 3147 2130 noster
3181 2075 3271 2145 qui
3298 2074 3436 2144 fori:

1858 2175 1937 2219 est
1968 2165 2123 2219 homo
2177 2164 2550 2233 corrumpitur,
2592 2173 2737 2218 tanto
2767 2165 2813 2219 is
2854 2165 2945 2236 qui
2988 2165 3131 2219 intus
3172 2173 3250 2219 est
3280 2180 3431 2220 rena-

1858 2267 2013 2311 vatur
2026 2257 2091 2310 ⁵⁸.

1931 2349 2020 2405 94.
2059 2349 2170 2422 (94)
2221 2348 2280 2404 In
2313 2349 2646 2424 monasterio
2668 2358 2723 2403 et
2761 2349 3014 2404 ccenobio
3046 2349 3330 2404 versaris?
3357 2359 3435 2404 ηδ’

1863 2444 2162 2499 mutaveris
2197 2444 2399 2498 locum.
2444 2442 2579 2497 Nam
2630 2441 2686 2496 id
2730 2442 2829 2497 tibi
2873 2456 3069 2512 magno
3114 2442 3220 2496 erit
3264 2440 3433 2496 detri‘

1861 2541 2066 2589 mento.
2101 2533 2235 2588 Nam
2276 2536 2420 2590 sicut
2449 2535 2568 2589 avis
2613 2548 2712 2588 ova
2747 2533 3029 2596 deserens,
3068 2542 3234 2587 vento
3263 2513 3436 2602 οἰνα-

1861 2627 1966 2681 sita
1992 2627 2083 2680 illa
2112 2634 2166 2682 et
2198 2625 2492 2682 infecunda
2521 2625 2716 2692 reddit,
2739 2625 2820 2680 sic
2840 2623 2994 2693 virgo
3018 2622 3103 2677 vel
3132 2623 3439 2678 monachus

1862 2719 2041 2772 locum
2085 2727 2152 2774 ex
2195 2719 2318 2774 loco
2365 2726 2582 2774 mutans
2625 2722 2677 2773 in
2708 2716 2818 2783 ﬁde,
2842 2714 3084 2788 frigescit
3125 2729 3188 2770 ac
3226 2715 3435 2772 exstin-

1861 2811 2067 2882 guitur'.

1933 2903 2022 2958 95.
2057 2901 2168 2973 (95)
2201 2901 2280 2958 Ne
2323 2911 2373 2958 te
2428 2901 2703 2972 decipiant
2755 2899 2984 2957 divitum
3030 2903 3194 2973 hujus
3249 2904 3437 2959 seculi

1862 2995 2090 3059 deliciae,
2121 2994 2278 3065 quasi
2300 2989 2432 3050 utile
2457 2994 2736 3064 quidpiam
2768 2993 3018 3050 habeant.
3048 2995 3436 3066 Coquinariam

1864 3087 1942 3142 illi
1973 3094 2144 3142 artem
2168 3089 2463 3158 voluptatis
2493 3103 2658 3143 causa
2681 3087 2870 3142 colunt
2895 3095 2950 3142 et
2983 3088 3161 3158 magni
3189 3087 3436 3143 faciunt:

1865 3186 1929 3232 ω
1956 3193 2088 3234 vero
2110 3178 2320 3248 jejunio
2359 3179 2718 3248 ciborumque
2758 3179 2962 3234 vilitate
2993 3194 3184 3235 eorum
3221 3181 3437 3252 copiam

1865 3279 2141 3340 superato.
2192 3269 2281 3322 Ait
2320 3270 2466 3325 enim
2501 3290 2513 3324 :
2543 3270 2734 3324 Anima
2760 3287 2876 3342 qua:
2911 3273 2968 3326 in
2997 3274 3280 3328 saturitate
3334 3283 3434 3341 est,

1866 3360 2004 3430 favis
2031 3359 2210 3414 illudit
2237 3361 2304 3415 δ’.
2325 3359 2404 3416 Ne
2432 3361 2650 3418 satieris
2676 3377 2834 3433 pane,
2879 3372 2933 3418 et
2959 3379 3068 3418 non
3099 3364 3441 3422 desiderabis

1866 3452 2074 3506 vinum.

1936 3545 2025 3600 96.
2067 3543 2196 3599 Tria
2254 3553 2382 3600 sunt
2432 3545 2607 3616 prima
2651 3547 2860 3602 inimici
2903 3548 3195 3618 capita,“
3222 3547 3444 3619 quibus

1867 3632 2047 3686 omnis
2075 3633 2281 3686 malitia
2309 3633 2597 3689 deducitur
2621 3653 2636 3688 :
2664 3636 3128 3709 concupiscentia,
3160 3639 3434 3708 voluptas,

1868 3723 2046 3778 dolor.
2077 3721 2204 3778 Haec
2243 3739 2373 3779 vero
2405 3741 2573 3780 unum
2607 3741 2674 3780 ex
2715 3728 2823 3783 alio
2855 3729 3116 3798 pendent,
3164 3735 3220 3784 et
3267 3738 3439 3784 unum

1868 3815 2018 3870 aliud
2074 3817 2340 3887 sequitur.
2386 3815 2731 3889 Voluptatem
2789 3818 3138 3887 mediocriter
3181 3822 3438 3877 cohibere

1867 3921 2186 3977 possumus,
2227 3909 2730 3980 concupiscentiam
2782 3926 2889 3967 non
2935 3927 3247 3983 possumus.
3280 3912 3438 3978 Quod

1867 3999 2169 4070 voluptatis
2193 4007 2279 4056 est
2323 4006 2552 4072 corpore
2585 4002 2902 4073 peragitur;
2937 4003 3084 4073 quod
3111 4018 3243 4059 vero
3282 4005 3438 4074 cupi-

1867 4091 2077 4155 ditatis,
2110 4093 2178 4147 ab
2217 4093 2398 4147 anima
2425 4094 2648 4164 incipit;
2692 4095 2850 4150 dolor
2889 4106 3067 4150 autem
3105 4111 3171 4150 ex
3203 4102 3445 4166 utroque

1869 4185 2177 4242 conﬁcitur.
2211 4184 2291 4241 Ne
2327 4189 2670 4243 concesseris
2701 4189 2868 4259 igitur
2909 4188 3258 4260 cupiditatem
3307 4204 3438 4260 ope-

1869 4277 2002 4342 rari,
2050 4284 2104 4332 et
2155 4278 2368 4349 reliqua
2407 4279 2724 4349 dissipabis.
2777 4279 2840 4334 Si
2866 4287 3048 4335 autem
3096 4281 3440 4337 concesseris

1869 4375 1930 4420 ut
1963 4377 2212 4438 erumpat
2245 4368 2505 4438 primum,
2557 4369 2704 4440 quod
2756 4369 2824 4424 ad
2879 4371 3178 4427 secundum
3227 4374 3432 4445 vergit:

1870 4459 2124 4512 circulari
2147 4471 2297 4513 motu
2318 4467 2625 4526 recurrent,
2654 4476 2753 4516 nec
2770 4477 2996 4532 prorsus
3019 4464 3253 4520 animam
3271 4479 3439 4520 emer-

162 4585 174 4594 -
191 4553 344 4624 ψυχῇ
372 4551 697 4622 άνασφῆλαι.
725 4550 1036 4622 Γέγραπται
1068 4549 1198 4621 γὰρ,
1222 4550 1304 4620 ,ὡς
1329 4549 1424 4617 Μὴ
1451 4548 1556 4614 δὸς
1594 4547 1762 4602 ὕδατι

1872 4566 1998 4621 gere
2036 4551 2237 4622 sinent.
2271 4543 2547 4623 Scriptum
2575 4562 2658 4608 est
2687 4554 2832 4609 enim
2866 4575 2879 4609 :
2914 4553 2997 4610 Ne
3025 4555 3116 4611 de:
3151 4573 3301 4627 aquae
3345 4572 3442 4612 ea:-

193 4643 488 4708 διέξοδον.

270 4735 356 4788 97.
392 4735 466 4788 Οὐ
494 4734 625 4786 πᾶσι
655 4733 830 4787 πάντα
866 4732 1134 4803 συμφέρει
1159 4748 1172 4761 ·
1205 4731 1434 4794 ἕκαστος
1461 4730 1518 4782 δὲ
1545 4729 1626 4800 τῷ
1654 4729 1766 4802 ἰδίῳ

193 4826 280 4882 νοῒ
298 4824 760 4897 πληροφορείσθω.
795 4826 918 4878 Ὅτι
957 4825 1167 4888 πολλοῖς
1205 4826 1262 4879 ἐν
1290 4824 1542 4894 κοινοϐίῳ
1568 4825 1770 4894 συμφέ-

197 4935 305 4992 ρει,
340 4918 433 4970 καὶ
454 4916 630 4979 ἄλλοις
672 4915 789 4969 κατ’
827 4915 960 4968 ἰδίαν
987 4917 1286 4987 ἀναχωρεῖν
1328 4914 1608 4985 ὠφέλιμον
1640 4931 1771 4983 τυγ-

193 5010 371 5082 χάνει.
416 5011 624 5080 ’Ὡισπερ
667 5008 774 5080 γὰρ
816 5008 924 5060 τῶν
962 5009 1142 5078 φυτῶν
1195 5009 1266 5062 τὰ
1294 5010 1392 5078 μὲν
1435 5010 1492 5062 ὲν
1537 5010 1649 5071 τοῖς
1690 5007 1770 5060 δι-

196 5102 386 5173 ύγροις
404 5101 586 5164 τόποις
602 5101 934 5170 τυγχάνοντα
951 5099 1312 5172 εὐθαλέστερα
1339 5099 1598 5168 γίνονται,
1621 5100 1690 5153 τὰ
1710 5099 1768 5152 δὲ

197 5196 260 5246 ὲν
311 5195 422 5255 τοῖς
465 5191 774 5264 ξηροτέροις
820 5190 1199 5263 μονιμώτερα·
1230 5191 1373 5245 οὕτω
1416 5192 1643 5246 καὶτῶν
1670 5193 1768 5246 ἀν-

200 5286 437 5359 θρώπων
467 5289 516 5340 oi
549 5287 644 5358 μὲν
683 5289 742 5340 ὲν
772 5289 882 5350 τοῖς
919 5286 1266 5358 ὑψηλοτέροις
1292 5287 1477 5351 τόποις
1506 5281 1566 5340 εὖ
1595 5285 1769 5358 πράτ-

197 5397 406 5444 τουσιν,
457 5381 507 5433 οἱ
565 5380 622 5433 δὲ
672 5381 729 5433 ὲν
787 5381 898 5446 τοῖς
947 5379 1346 5450 ταπεινοτέροις
1383 5378 1764 5445 διασώζονται.

1865 4647 2000 4697 itum
2037 4645 2106 4699 ⁸³.

1939 4736 2028 4791 97.
2059 4735 2180 4791 Non
2217 4738 2478 4795 omnibus
2502 4740 2686 4794 omnia
2723 4736 3077 4796 conveniunt.
3121 4739 3438 4811 Unusquis-

1871 4841 1978 4897 que
2013 4839 2190 4884 autem
2225 4832 2447 4901 propria
2481 4839 2660 4886 mente
2706 4831 2836 4902 quid
2889 4832 3143 4902 expediat
3173 4833 3438 4902 exploret.

1873 4921 2055 4977 Multis
2085 4923 2302 4991 expedit
2331 4937 2551 4979 manere
2588 4926 2644 4977 in
2679 4925 2949 4986 ccenobio.
2983 4925 3170 4979 multis
3193 4924 3326 4977 utile
3354 4932 3440 4978 est

1873 5026 2118 5066 seorsum
2142 5011 2414 5067 secedere.
2439 5011 2575 5066 Nam
2600 5014 2741 5067 sicut
2778 5015 3083 5083 plantarum
3116 5014 3241 5068 alite
3258 5015 3312 5068 in
3334 5004 3442 5067 hu-

1871 5103 2036 5157 midis
2067 5103 2212 5158 locis
2226 5104 2550 5160 virentiores
2577 5105 2815 5159 evadunt
2841 5122 2856 5172 ;
2886 5104 3007 5158 aliae
3029 5103 3085 5158 in
3113 5103 3440 5159 siccioribus

1873 5194 2085 5250 ﬁrmius
2142 5194 2464 5266 feliciusque
2514 5195 2864 5250 consistunt:
2908 5194 2983 5248 ita
3014 5193 3298 5250 hominum
3347 5196 3442 5248 alii

1870 5287 2157 5342 altioribus
2182 5287 2238 5340 in
2268 5288 2403 5344 locis
2431 5288 2600 5359 probe
2639 5286 2982 5356 feliciterque
3007 5295 3196 5356 agunt,
3237 5288 3295 5341 in
3338 5286 3446 5339 hu-

1871 5379 2177 5435 milioribus
2207 5381 2298 5434 alii
2332 5388 2747 5436 conservantur.
2777 5379 2934 5435 Multi
2955 5393 3087 5436 sane
3113 5379 3171 5434 in
3198 5378 3443 5444 civitate.

171 5548 178 5553 '
275 5536 320 5569 τί
363 5535 406 5592 ΙΙ
435 5535 563 5592 Cor.
595 5551 680 5600 ιν,
717 5532 803 5591 {6.
875 5536 921 5568 "
957 5534 1118 5593 Prov.
1153 5551 1338 5603 xxvii,
1375 5523 1426 5591 7.
1501 5536 1549 5568 ⁸³
1585 5531 1754 5592 Eccli'.

1871 5551 1916 5600 ν,
1951 5534 2042 5590 54.

278 5712 393 5843 E94)
431 5717 536 5800 Vp.
578 5717 695 5773 pp.
725 5717 762 5771 1.
783 5733 836 5784 v,
862 5717 913 5779 7,
941 5715 1026 5770 ιδ.
1072 5712 1332 5769 Scholion
1368 5699 1455 5782 τε,
1485 5711 1554 5769 ad
1585 5699 1752 5767 G‘rad.

204 5790 243 5846 4
323 5789 525 5844 lunam.

346 5803 525 5844 unacn.

524 5880 794 5943 Pnaoz.
827 5879 946 5940 Gn.
967 5869 1264 5941 XXVIII.

1931 5701 2042 5782 (95)
2089 5711 2194 5766 Vit.
2233 5709 2348 5764 pp.
2383 5710 2420 5766 l.
2454 5727 2507 5776 v,
2547 5711 2601 5776 4,
2630 5711 2730 5766 ιτ».Δ
