3852 6206
367 366 530 426 ’15δῖ

1476 348 1534 408 S.
1575 343 2034 405 ATHANASIUS.
2073 376 2145 387 —-
2183 341 2451 399 SPUEIA.

3514 336 3660 392 ’διε

392 497 520 540 eum
537 494 604 536 ea
640 491 762 549 qua
797 474 855 529 iu
888 485 1074 529 ererno
1114 473 1404 541 agerentur
1445 463 1712 520 memoria
1758 461 1965 516 recole-

2096 459 2260 514 ἰολλοὶ
2285 454 2378 513 οὖν
2437 457 2498 509 ὲν
2558 453 2732 516 πόλει,
2769 451 2837 506 τὰ
2869 451 2969 522 τῆς
2999 452 3208 523 ἐρήμου
3237 447 3660 519 φανταζόμενοι,

392 581 536 640 rent,
567 570 797 626 salutem
822 570 950 620 sunt
970 561 1254 618 consecuti
1281 578 1295 614 :
1322 557 1480 612 multi
1514 557 1678 612 etiam
1706 557 1762 609 in
1784 560 1970 609 monte

391 669 675 722 versantes
703 658 1008 730 perierunt,
1036 653 1166 724 quia
1198 651 1290 706 illa
1326 655 1549 720 agerent
1591 661 1713 717 qua:
1743 645 1970 716 popula-

394 756 550 810 ribus
590 758 802 806 tantum
863 748 1255 815 competerent.
1322 737 1467 794 Fieri
1501 752 1738 806 namque
1791 741 1972 806 potest

396 853 458 902 ut
485 845 578 916 qui
609 857 734 898 cum
769 839 1019 910 pluribus
1039 842 1312 897 versatur,
1346 833 1528 886 animo
1560 829 1839 884 solitarius
1868 827 1968 893 sit;

396 941 452 991 et
480 933 572 1002 qui
600 929 753 986 solus
778 934 884 990 est,
925 940 1050 980 cum
1081 923 1239 978 turba
1277 927 1457 975 mente
1489 925 1756 973 versetur.

468 1023 558 1081 98.
603 1021 714 1093 (96)
751 1019 902 1076 Multi
942 1024 1070 1074 sunt
1124 1014 1330 1070 diaboli
1379 1012 1574 1067 aculei.
1627 1007 1747 1064 Non
1794 1006 1972 1078 potuit

400 1122 720 1188 paupertate
749 1114 991 1167 animum
1024 1105 1336 1163 dimovere?
1363 1104 1585 1159 divitias
1620 1101 1775 1156 aﬁert
1805 1100 1860 1154 in
1886 1114 1972 1154 es.

400 1223 542 1264 cam.
578 1207 682 1262 Per
707 1203 1064 1261 contumelias
1098 1208 1151 1256 et
1181 1197 1477 1270 approbria
1517 1210 1628 1250 non
1660 1189 1974 1264 praevaluit?

399 1301 594 1357 laudes
620 1298 842 1354 adhibet
872 1305 1036 1366 atque
1072 1293 1323 1364 gloriam.
1366 1289 1470 1344 Per
1504 1289 1794 1343 sanitatem
1826 1283 1976 1340 devi-

403 1400 524 1447 ctus
551 1390 678 1446 est?
707 1387 959 1442 morbum
990 1382 1234 1438 immittit
1262 1378 1500 1449 corpori.
1533 1376 1670 1432 Cum
1703 1374 1850 1430 enim
1879 1386 1977 1426 vo-

403 1482 702 1554 luptatibus
719 1494 828 1533 non
849 1475 1087 1549 potuerit
1105 1472 1376 1540 decipere,
1397 1485 1494 1540 per
1516 1467 1715 1522 invitos
1736 1465 1974 1526 labores,

403 1575 597 1631 anima:
641 1586 836 1642 parare
890 1574 1121 1624 conatur
1175 1565 1537 1626 eversionem,
1584 1557 1974 1618 inconsultam,

405 1684 508 1726 nec
538 1675 915 1738 spontaneam.
951 1659 1169 1714 Morbos
1198 1657 1344 1711 enim
1373 1652 1727 1726 gravissimos
1756 1650 1982 1719 injicere

405 1758 762 1832 permittitur,
811 1754 1013 1826 quibus
1045 1755 1221 1806 tentat
1278 1747 1532 1801 homines
1580 1744 1637 1798 in
1689 1741 1980 1812 segnitiem

2075 550 2356 620 ἐσώθησαν
2375 565 2390 580 ο
2433 548 2528 602 καί⁵
2555 546 2760 610 πολλοὶ,
2797 547 2856 598 ὲν
2892 544 3009 617 δρει
3035 543 3206 607 ὄντες,
3242 541 3311 595 τὰ
3337 540 3451 594 τῶν
3483 540 3666 611 amo.

2073 642 2182 696 τῶν
2241 640 2590 712 πράττοντες,
2651 635 2950 690 ἀπώλοντο.
2998 632 3232 687 Δυνατὺν
3268 629 3410 703 μετά
3449 629 3669 683 πολλῶν

2076 735 2204 789 ὄντα
2243 734 2494 806 μονάζειν
2515 735 2580 802 τῇ
2602 729 2818 803 γνώμῃ,
2848 729 2942 782 καὶ
2977 728 3137 798 μόνον
3162 725 3293 778 ὄντα
3318 724 3459 790 μετά
3485 723 3670 793 ὄχλων

2075 833 2143 900 τῇ
2170 827 2378 898 διανοίᾳ
2412 825 2732 892 συνδιάγειν.

2145 1002 2232 1057 98.
2261 1000 2438 1054 Πολλὰ
2468 997 2561 1052 τοῦ
2593 996 2840 1051 διαϐόλου
2881 995 2949 1048 τὰ
2997 993 3218 1066 κέντρα.
3247 992 3347 1048 Διά
3379 989 3575 1054 πενίας
3605 989 3671 1042 οὐ

2084 1093 2402 1163 μετεκίνησε
2429 1091 2640 1162 ψυχήνς
2677 1086 2904 1140 πλοῦτον
2941 1087 3206 1158 προσάγει
3230 1086 3309 1148 είς
3334 1083 3552 1154 δέλεαρ.
3585 1081 3672 1134 Δι’

2083 1185 2291 1258 ὕϐρεων
2337 1184 2431 1237 καὶ
2465 1179 2784 1251 ὀνειδισμῶν
2827 1180 2927 1233 οὐκ
2975 1178 3227 1249 ἴσχυσε-η
3270 1176 3530 1237 ἐπαίνους
3575 1173 3676 1228 καὶ

2080 1279 2235 1344 δόξαν
2284 1275 2664 1348 προϐάλλεται.
2703 1272 2804 1326 Διά
2861 1272 2957 1342 τῆς
3007 1270 3196 1338 ὑγείας
3235 1267 3476 1339 ήττήθη;
3514 1283 3676 1320 voso-

2083 1371 2226 1423 ποιεῖ
2265 1369 2323 1421 τὸ
2346 1366 2524 1437 σῶμα.
2551 1366 2685 1428 Ταῖς
2717 1363 2827 1432 γὰρ
2873 1363 3091 1432 ἡδοναῖς
3127 1361 3202 1431 μὴ
3241 1357 3494 1429 δυνηθεὶς
3526 1357 3676 1410 ἀπα.-

2081 1465 2264 1533 τῆσαι,
2292 1460 2380 1514 διὰ
2410 1459 2518 1513 τῶν
2549 1457 2819 1511 ἀκουσίων
2845 1455 3021 1508 πόνων
3049 1453 3148 1522 τὴν
3175 1450 3540 1521 παρατροπὴν
3569 1448 3681 1517 τῆς

2083 1555 2260 1625 ψυχῆς
2288 1555 2540 1625 πειρᾶται
2579 1551 2802 1621 ποιῆσαι
2823 1547 3187 1620 ἀπροαίρετον
3219 1547 3314 1599 καὶ
3342 1537 3678 1612 ἀϐούλητον.

2084 1647 2290 1709 Νόσους
2319 1645 2424 1714 γάρ
2457 1660 2604 1706 τινας
2640 1641 2734 1696 καλ⁵
2772 1640 3079 1712 βαρυτάτας
3105 1637 3164 1703 ἐξ
3197 1637 3468 1708 αἰτήσεως
3500 1653 3681 1708 προσ-

2088 1740 2228 1808 άγει.
2252 1739 2388 1811 πρὸς
2419 1737 2480 1791 τὸ
2506 1737 2595 1790 διὰ
2628 1735 2830 1788 τούτων
2861 1733 3301 1804 ὁλιγωρήσαντας
3339 1730 3682 1784 ὲπιθολιῖισαι

406 1855 702 1924 conjicere,
733 1862 1035 1918 eorumque
1056 1859 1183 1916 erga
1204 1841 1374 1896 Deum
1406 1839 1730 1895 charitatem
1754 1843 1977 1891 contur-

2096 1830 2259 1884 ιύτῶν
2305 1831 2403 1901 τὴν
2463 1829 2599 1900 πρὸς
2643 1827 2775 1880 Θεὸν
2823 1823 3067 1894 ἀγάπην.
3109 1823 3246 1875 Ἀλλ’
3273 1824 3322 1875 εί
3349 1823 3449 1876 καὶ
3498 1837 3680 1875 κατα-

408 1950 560 2004 bare.
591 1944 698 2000 Sed
731 1944 845 1998 sive
877 1955 1077 2009 corpus
1107 1936 1437 1998 conciditur,
1471 1947 1534 1986 ac
1565 1925 1981 1984 vehementissi-

407 2039 515 2094 mis
568 2035 814 2091 febribus
861 2029 1248 2092 inﬂammatur,
1288 2041 1352 2081 ac
1392 2021 1610 2080 etiamsi
1651 2016 1980 2074 intolerabili

411 2128 500 2184 siti
537 2124 903 2185 excrucietur,
937 2120 983 2176 si
1009 2116 1227 2188 quidem
1258 2123 1511 2186 peccator
1533 2126 1656 2166 cum
1685 2109 1763 2164 sis
1795 2106 1982 2162 isthmc

410 2220 638 2294 pateris,
679 2214 972 2273 recordare
1025 2211 1334 2266 futurorum
1371 2204 1787 2277 suppliciorum,
1842 2199 1984 2270 ignis

411 2313 624 2376 aeterni,
654 2321 1050 2382 panarumqiie
1073 2303 1282 2374 judicio
1313 2297 1728 2368 inﬂigendarum
1763 2311 1777 2348 :
1811 2307 1987 2361 neque

413 2407 470 2462 in
495 2402 774 2477 praesenti,
805 2397 1023 2455 socordi
1051 2403 1216 2466 atque
1248 2392 1461 2460 abiecto
1491 2388 1676 2442 animo
1704 2385 1834 2439 eris.
1868 2383 1987 2438 Lre-

413 2469 532 2548 tare
575 2505 706 2562 quia
761 2485 1002 2543 visitavit
1051 2491 1106 2538 te
1161 2479 1450 2540 Dominus,
1489 2483 1652 2544 atque
1698 2469 1986 2540 pulchrum

415 2583 552 2639 illud
584 2582 788 2638 dictum
821 2579 880 2633 in
915 2590 1012 2631 ore
1041 2573 1182 2628 habe
1216 2590 1229 2626 :
1273 2568 1554 2638 Castigans
1595 2562 1871 2632 castigat-it
1910 2575 1990 2612 me

413 2674 696 2737 Dominus,
730 2679 780 2725 et
810 2669 970 2722 morti
999 2665 1207 2737 peccati
1245 2679 1348 2717 non
1389 2657 1611 2715 tradidit
1641 2673 1720 2710 me
1759 2654 1827 2706 ⁸⁸.
1861 2652 1991 2706 Fer-

415 2780 538 2821 rum
594 2779 759 2830 eras,
811 2759 904 2816 sed
955 2759 1080 2829 igne
1128 2754 1432 2826 rubiginem
1479 2749 1706 2804 amittis.
1747 2744 1902 2812 Quod
1944 2741 1992 2798 si

416 2856 581 2913 etiam
614 2854 822 2924 probus
859 2866 940 2919 es,
989 2847 1308 2903 inﬁrmitate
1349 2843 1576 2906 teneris,
1610 2854 1640 2894 a
1680 2836 1891 2908 magnis
1924 2834 1993 2887 ad

416 2946 629 3017 majora
662 2942 1031 3015 progrederis.
1067 2940 1279 2994 Aurum
1310 2951 1370 2991 es
1401 2952 1416 2988 :
1452 2939 1506 2987 at
1532 2946 1636 3002 per
1666 2931 1843 2999 ignem
1873 2940 1996 2996 pro«
2033 2925 2040 2939 '

417 3039 599 3094 batior
626 3035 836 3092 evadis.
871 3033 1045 3087 Datus
1073 3038 1158 3086 est
1191 3028 1290 3084 tibi
1327 3026 1590 3094 carnique
1632 3030 1740 3076 tua:
1769 3018 1996 3090 angelus

420 3127 660 3194 Satanae,
694 3126 932 3183 exsulta.
966 3121 1104 3177 Vide
1126 3121 1215 3176 cui
1247 3118 1443 3175 similis
1471 3115 1697 3171 ellectus
1729 3115 1808 3168 sis
1841 3131 1854 3166 :
1891 3110 1994 3166 do-

2077 1923 2332 1992 τέμνεται
2360 1921 2422 1973 τὸ
2451 1919 2630 1989 σῶμα,
2685 1916 2780 1969 καὶ
2813 1915 3066 1986 πυρετοῖς
3095 1912 3478 1984 σφοδροτάτοις
3509 1926 3680 1963 κατα.-

2081 2015 2355 2082 ερλέγεται,
2377 2011 2455 2064 ἔτι
2488 2011 2594 2082 μὴν
2621 2011 2714 2064 καὶ
2737 2009 2876 2079 δίψει
2911 2009 3118 2079 ἀνιάτῳ
3149 2007 3244 2060 καὶ
3273 2005 3496 2075 ἀσχέτῳ
3513 2021 3683 2058 κατα-

2082 2106 2351 2160 θλίϐεται·
2394 2106 2442 2158 εί
2502 2104 2600 2174 μὲν
2645 2102 2964 2174 ἁμαρτωλὸς
3008 2101 3084 2154 ὢν
3126 2100 3299 2155 ταῦτα
3346 2100 3679 2168 ὑφίστασαι,

2085 2197 2459 2269 ὑπομνήσθητι
2495 2195 2593 2264 τῆς
2640 2193 2940 2265 μελλούσης
2970 2193 3264 2257 κολάσεως,
3293 2192 3391 2246 καὶ
3423 2190 3522 2245 τοῦ
3546 2193 3684 2244 αἰω-

2084 2291 2197 2343 νίου
2248 2289 2416 2361 πυρὸς
2463 2286 2692 2340 καὶτῶν
2725 2285 3052 2340 δικαστικῶν
3076 2283 3393 2357 τιμωριῶν,
3448 2285 3548 2336 καὶ
3578 2285 3683 2336 οὐκ

2087 2381 2437 2452 ὀλιγωρήσεις
2461 2379 2599 2451 πρὸς
2644 2377 2712 2431 τά
2756 2379 3018 2449 παρόντα.
3050 2377 3277 2448 Χαίρου,
3318 2377 3404 2429 ὅτι
3446 2375 3685 2429 ἐπεσκό-

2089 2472 2230 2540 πησέ
2257 2487 2315 2524 σε
2365 2472 2394 2523 ὁ
2447 2472 2672 2542 Κύριος,
2708 2472 2803 2523 καὶ
2829 2470 2889 2523 τὸ
2919 2468 3165 2540 εὐφημον
3203 2467 3259 2522 δὲ
3301 2470 3483 2521 ἐκεῖνο
3515 2469 3683 2540 ῥητὸν

2089 2566 2182 2617 ἐπὶ
2213 2564 2312 2635 τῆς
2371 2561 2622 2632 γλώσσης
2666 2561 2777 2632 ἔχε,
2813 2561 2890 2625 ὡς
2913 2562 3220 2616 Παιδεύων
3251 2561 3586 2615 ἐπαίδευσέ
3604 2579 3683 2630 με

2091 2659 2123 2710 ὁ
2159 2657 2373 2724 Κύριος
2397 2673 2410 2685 ο
2449 2654 2528 2719 τῷ
2558 2655 2627 2708 δὲ
2678 2654 2912 2718 θανάτῳ
2956 2655 3053 2724 τῆς
3088 2653 3364 2724 ἁμαρτίας
3401 2656 3478 2708 οὐ
3531 2671 3681 2722 παρ-

2089 2747 2272 2803 έδωκέ
2292 2765 2387 2817 με.
2422 2747 2643 2819 Σίδηρος
2663 2747 2978 2817 ἐτύγχανες,
3006 2745 3142 2800 ἀλλὰ
3171 2746 3258 2800 διὰ
3277 2746 3371 2799 τοῦ
3403 2747 3680 2817 παρὸςτδν

2095 2840 2170 2894 ίδν
2217 2840 2518 2910 ἀποϐάλλῃ.
2555 2841 2618 2892 Εἰ
2642 2839 2698 2892 δὲ
2729 2840 2823 2893 καὶ
2850 2839 3054 2902 δίκαιος
3099 2838 3174 2892 ὢν
3205 2840 3533 2911 ἀῤῥωστεῖς,
3571 2839 3680 2892 ἀπὸ

2091 2931 2200 2985 τῶν
2242 2932 2490 3004 μεγάλων
2529 2931 2623 2984 ἐπὶ
2640 2931 2709 2985 τὰ
2771 2931 2942 3002 μείζω
2976 2931 3324 3004 προκόπτεις.
3351 2931 3567 3003 Χρυσὺς
3601 2927 3677 2993 si,

2094 3024 2230 3079 ἀλλὰ
2264 3023 2352 3077 διὰ
2372 3022 2467 3076 τοῦ
2487 3023 2660 3094 πυρὸς
2683 3021 3048 3094 δοκιμώτερος
3071 3023 3219 3094 γίνῃ.
3258 3023 3446 3093 Ἐδόθη
3473 3040 3554 3076 σοι
3576 3024 3676 3090 ἀγ-

2095 3117 2254 3185 γελος
2297 3117 2474 3169 Σατᾶν
2507 3118 2572 3186 τῇ
2626 3115 2818 3186 σαρκὶ,
2867 3113 3126 3182 ἀγαλλιῶ,
3161 3114 3325 3183 βλέπε
3355 3114 3464 3166 τίνι
3494 3115 3678 3183 ὅμοιος

417 3231 582 3277 natus
610 3236 671 3275 es
702 3217 853 3272 Pauli
887 3228 1134 3270 munere.
1167 3210 1337 3265 Febre
1367 3207 1636 3279 probaris,
1668 3206 1847 3274 rigore
1871 3218 1989 3258 eru-

2096 3209 2321 3277 γέγονας
2348 3225 2361 3238 ·
2404 3208 2504 3277 τῆς
2559 3207 2666 3278 γὰρ
2692 3205 2906 3259 Παύλου
2933 3205 3140 3277 δωρεᾶς
3162 3204 3425 3274 ὴξιώθης.
3458 3204 3562 3258 Διά
3581 3204 3678 3257 τοῦ

419 3312 579 3376 diris,
613 3319 669 3365 at
705 3308 988 3377 Scriptura
1013 3304 1146 3358 dicit
1177 3321 1191 3358 ;
1227 3299 1590 3355 Transioimus
1622 3310 1714 3364 per
1743 3296 1914 3365 ignem
1943 3303 1989 3347 et

2098 3299 2330 3371 πυρετοῦ
2365 3299 2634 3373 δοκιμάζῃ
2654 3315 2666 3328 ’
2696 3299 2785 3353 διὰ
2825 3299 3010 3370 ῥίγους
3049 3297 3278 3369 παιδεύῃ
3301 3315 3314 3328 ·
3348 3298 3488 3352 ἀλλά
3515 3315 3681 3369 φησιν

420 3419 613 3474 aquam
637 3402 706 3456 ⁵⁵.
739 3399 895 3466 Quod
926 3402 1196 3468 superest,
1228 3401 1479 3464 paratum
1509 3388 1854 3458 refrigerium
1887 3394 1989 3441 est.

2096 3394 2127 3463 ἡ
2159 3393 2349 3464 Γραφή
2373 3408 2384 3420 ·
2423 3392 2756 3460 Διήλθομεν
2785 3391 2880 3444 διὰ
2927 3389 3116 3457 πυρὸς
3152 3391 3251 3444 καὶ
3282 3390 3528 3456 ὓδατος.
3558 3395 3681 3444 Λοι-

420 3494 767 3552 Consecutus
789 3507 850 3546 es
877 3491 1136 3562 primum,
1178 3483 1346 3557 638
1380 3482 1684 3539 secundum
1714 3485 1989 3549 exspecta.

2097 3483 2196 3536 πὸν
2228 3482 2289 3534 τὸ
2317 3480 2719 3554 ἀναψυκτήριον
2748 3481 3092 3552 ἡτοίμασται.
3127 3482 3354 3552 Ἔτυχες
3388 3480 3486 3535 τοῦ
3534 3481 3682 3554 πρώ-

421 3587 559 3642 Dum
588 3585 860 3658 operaris,
899 3583 1144 3638 exclama
1191 3580 1306 3634 llaec
1333 3575 1552 3631 Davidis
1604 3574 1770 3630 verba
1815 3569 1989 3642 prole

2096 3590 2209 3637 του,
2239 3572 2511 3642 προσδόκα
2558 3572 2620 3625 τὸ
2669 3570 2941 3643 δεύτερον.
2973 3572 3237 3642 Πράττων
3273 3570 3554 3644 [πάσχων]
3584 3572 3683 3642 βόα

419 3693 553 3734 rens
589 3695 602 3730 :
640 3675 800 3744 Inops
829 3682 880 3728 et
906 3686 1102 3740 pauper
1141 3677 1191 3722 et
1223 3667 1406 3721 dolens
1434 3681 1552 3720 sum
1582 3680 1675 3734 ego
1701 3664 1767 3716 ⁵⁸.
1811 3660 1999 3716 Perfe-

423 3781 547 3828 ctus
583 3771 692 3825 eris
719 3782 817 3838 per
864 3764 1162 3821 ternarium
1196 3775 1507 3816 numerum.
1549 3758 1640 3812 Ait
1677 3756 1823 3812 enim
1869 3773 1883 3810 :
1929 3753 1998 3808 In

423 3862 764 3918 tribulatione
797 3856 1042 3912 dilatasti
1068 3854 1195 3908 mihi
1222 3854 1291 3910 ⁵⁷.
1334 3851 1432 3906 His
1475 3851 1710 3906 maxime
1740 3848 1997 3903 certami-

423 3951 588 4007 nibus
610 3947 809 4004 animis
828 3959 1182 4002 exerceamur
1206 3962 1219 3998 :
1239 3959 1350 4014 prae
1367 3941 1544 3998 oculis
1566 3940 1712 3997 enim
1733 3939 1998 3994 habemus

425 4043 826 4099 adversarium.

497 4241 586 4297 99.
620 4241 731 4312 (97)
769 4239 847 4295 Ne
879 4238 1064 4293 animo
1097 4235 1508 4299 contristemur,
1553 4247 1678 4288 cum
1709 4247 1810 4303 per
1848 4230 2000 4286 inﬁr-

425 4335 670 4390 mitatem
695 4347 757 4387 ac
779 4332 982 4388 vulnus
1012 4330 1261 4401 corporis
1289 4343 1398 4383 non
1430 4339 1725 4397 possumus
1757 4331 1903 4380 stare
1931 4322 2000 4377 ad

426 4423 750 4485 orationem,
774 4429 869 4476 aut
891 4435 1023 4477 voce
1041 4421 1275 4490 psallere
1307 4437 1321 4473 :
1349 4418 1532 4474 omnia
1560 4417 1666 4472 ista
1689 4415 1851 4471 nobis
1874 4429 2002 4485 pro-

427 4515 627 4571 derunt
658 4512 728 4568 ad
766 4507 1126 4581 cupiditatum
1171 4511 1530 4567 eversionem.
1574 4507 1710 4563 Nam
1751 4507 2001 4577 jejunare

427 4621 495 4662 ac
528 4605 676 4658 humi
703 4604 920 4658 cubare
951 4603 1169 4672 jussum
1219 4603 1376 4656 nobis
1417 4609 1502 4658 est
1532 4601 1600 4656 ad
1655 4599 2002 4670 turpissimas

426 4697 735 4767 voluptates
774 4694 1152 4750 declinandas.
1198 4692 1257 4748 Si
1291 4707 1422 4764 ergo
1450 4707 1546 4748 eas
1596 4691 1821 4746 morbus
1850 4690 2006 4744 obtu-

427 4787 591 4852 derit,
632 4784 943 4857 superﬂuus
970 4792 1055 4839 est
1105 4784 1279 4839 labor.
1315 4783 1429 4838 Cur
1475 4783 1598 4837 dico
1651 4779 2006 4852 superﬂuus?

426 4877 556 4953 quia
593 4886 854 4946 tanquam
884 4874 1126 4945 graviori
1153 4872 1480 4943 fortiorique
1509 4870 1773 4934 remedio,
1809 4885 2004 4938 nempe

427 4967 620 5022 morbo
643 4963 893 5022 lethil‘era
919 4971 1283 5035 symptomata
1305 4962 1482 5032 scpita
1510 4968 1658 5016 sunt.
1684 4960 1861 5029 Atque
1888 4959 2004 5014 haec

427 5067 512 5117 est
545 5073 741 5130 magna
787 5057 1130 5122 evercitatio,
1165 5056 1388 5110 morbos
1432 5055 1703 5126 patienter
1752 5052 1918 5116 ferre,
1953 5057 2009 5106 et

427 5154 728 5222 gratiarum
768 5151 1002 5206 actionis
1033 5149 1266 5222 hymnos
1297 5147 1407 5202 Deo
1448 5147 1718 5201 emittere.
1757 5142 2010 5213 Adempti

403 5243 590 5296 nobis
625 5250 754 5297 sunt
788 5242 979 5298 oculi?
1019 5256 1090 5296 ne
1125 5240 1364 5310 graviter
1397 5237 1658 5304 feramus,
1701 5235 1852 5306 quia,
1883 5235 2008 5288 licet

428 5333 757 5390 iusatiabilis
819 5333 1140 5403 cupiditatis
1195 5333 1563 5388 instrumenta
1624 5310 2005 5390 amiserimus,

428 5429 673 5478 attamen
699 5423 929 5480 internis
957 5423 1132 5478 oculis
1164 5421 1599 5492 contemplamur
1635 5419 1864 5491 gloriam
1897 5416 2009 5473 Do-

2096 3663 2166 3717 τά
2196 3664 2289 3717 τοῦ
2327 3663 2481 3731 ἁγίου
2531 3662 2694 3716 Δαϐὶδ
2745 3665 2999 3736 ῥήματα·
3049 3664 3182 3734 φησὶ
3226 3663 3356 3733 γὰρ,
3382 3663 3456 3726 ὡς
3483 3663 3683 3731 [Ib-1:1,-

2098 3755 2195 3810 καὶ
2224 3755 2459 3822 πτωχὸς
2497 3754 2596 3808 καὶ
2651 3754 2854 3825 ἀλγῶν
2883 3757 3002 3824 ειμι
3037 3753 3169 3824 ἐγώ.
3221 3754 3438 3818 Τέλειος
3474 3756 3684 3829 γενήσῃ

2097 3845 2187 3898 διὰ
2214 3845 2312 3916 τῆς
2338 3844 2573 3916 τριάδος.
2601 3846 2710 3898 Καὶ
2734 3844 2842 3916 γάρ
2875 3861 3041 3916 φησιν
3064 3861 3078 3874 ·
3122 3843 3227 3898 Ἐν
3261 3847 3467 3915 θλίψει
3498 3846 3684 3901 ἐπλά-

2098 3935 2283 4000 τυνάς
2306 3951 2400 4002 με.
2445 3935 2533 3987 Ἐν
2567 3934 2776 3998 τούτοις
2818 3933 3050 4005 μάλιστα
3074 3936 3190 3998 τοῖς
3221 3935 3546 4005 γυμνασίοις
3585 3935 3684 4006 τᾲς

2097 4027 2272 4096 ψυχὰς
2303 4027 2666 4099 ἁσκηθῶμεν·
2717 4029 2803 4080 ἐπ’
2851 4027 3152 4099 ὀφθαλμοῖς
3197 4027 3307 4098 γὰρ
3337 4023 3560 4100 δρῶμεν
3590 4029 3683 4081 τὸν

2100 4118 2412 4173 ἀντίπαλον.

2169 4234 2258 4322 9θ.
2288 4232 2380 4304 Μὴ
2431 4232 2779 4304 λυπηθῶμεν,
2805 4232 2879 4297 ὡς
2909 4233 2998 4287 διὰ
3032 4233 3130 4306 τὴν
3155 4234 3440 4289 ἀσθένειαν
3461 4236 3557 4290 καὶ
3581 4235 3680 4307 τὴν

2101 4323 2316 4395 πληγὴν
2341 4323 2436 4376 τοῦ
2471 4323 2722 4395 σώματος
2750 4323 2824 4395 μὴ
2856 4323 3142 4395 δυνάμενοι
3163 4327 3244 4389 είς
3271 4325 3437 4397 εὐχὴν
3471 4327 3676 4396 στῆναι,

2101 4413 2135 4484 ἢ
2164 4413 2386 4483 ψάλλειν
2407 4413 2544 4482 μετά
2564 4413 2746 4484 φωνῆς
2766 4429 2780 4442 ·
2811 4412 2986 4466 πάντα
3007 4415 3139 4484 ἡμῖν
3160 4412 3334 4466 ταῦτα
3353 4415 3519 4486 ἤνυτο
3547 4416 3680 4486 πρὸς

2033 4537 2076 4593 D
2103 4503 2423 4575 καθαίρεσιν
2445 4503 2768 4574 ἐπιθυμιῶν.
2791 4501 2896 4557 Καὶ
2911 4504 3020 4576 γὰρ
3047 4504 3267 4575 νηστεία
3296 4507 3390 4558 καὶ
3419 4508 3680 4576 χαμευνία
3699 4504 3712 4516 ⁸

2103 4595 2193 4648 διὰ
2220 4595 2318 4658 τάς
2346 4595 2658 4666 αἰσχίστους
2705 4595 2837 4667 ἡμῖν
2882 4592 3078 4666 ἡδονὰς
3127 4597 3678 4669 νενομοθέτηνται.Εί

2103 4683 2195 4741 οὖν
2245 4688 2277 4757 ἡ
2327 4687 2480 4750 νόσος
2509 4685 2711 4748 ταύτας
2752 4684 3015 4756 ἤμϐλυνε,
3049 4687 3304 4756 περιττὸς
3334 4688 3365 4740 δ
3406 4689 3584 4754 πόνος.
3617 4689 3678 4743 Τί

2103 4779 2160 4833 δὲ
2187 4779 2334 4848 λέγω
2362 4779 2644 4850 περιττός;
2687 4777 2875 4850 ὥσπερ
2898 4779 3008 4850 γὰρ
3037 4780 3242 4851 μείζονί
3271 4798 3383 4834 τινι
3422 4784 3517 4836 καὶ
3549 4786 3680 4853 ἰσχυ-

2108 4872 2312 4943 ροτέρῳ
2361 4871 2637 4942 φαρμάκῳ
2683 4873 2750 4942 τῇ
2794 4871 2935 4942 νόσῳ
2964 4871 3035 4924 τὰ
3066 4871 3402 4944 ὀλεθροφόρα
3431 4874 3678 4943 συμπτώ-

2109 4978 2254 5032 ματα
2285 4960 2662 5032 κεκοίμηνται.
2713 4961 2821 5014 Καὶ
2854 4960 2995 5032 αὓτη
3023 4963 3174 5016 ἐστὶν
3207 4963 3240 5032 ἡ
3278 4964 3490 5034 μεγάλη
3521 4964 3678 5033 ἄσκη-

2105 5067 2208 5114 σις,
2231 5051 2293 5104 τὸ
2325 5053 2382 5104 ὲν
2402 5052 2520 5113 ταῖς
2540 5050 2715 5114 νόσοις
2730 5051 3104 5123 ἐγκαρτερεῖν,
3123 5052 3221 5105 καὶ
3239 5052 3678 5123 εὐχαριστηρίους

2106 5142 2310 5213 ὕμνους
2379 5143 2724 5214 ἀναπέμπειν
2786 5141 2864 5212 τῷ
2915 5143 3205 5213 κρείττονι.
3285 5143 3676 5214 ’Δφαιρούμεθα

2105 5231 2427 5302 ὀφθαλμῶν;
2454 5232 2758 5304 μὴ’βαρέως
2782 5234 3127 5304 ὲνέγκωμεν·
3158 5233 3226 5288 τά
3252 5234 3365 5307 γὰρ
3391 5237 3493 5306 τῆς
3520 5235 3675 5304 ἀπλη-

2108 5324 2261 5387 στίας
2290 5323 2496 5394 δργανα
2527 5324 2893 5395 ἀπεϐάλομεν,
2918 5323 3054 5377 ἀλλά
3078 5328 3194 5390 τοῖς
3221 5325 3372 5381 ἔνδον
3395 5326 3674 5397 ὀφθαλμοῖς

2103 5415 2204 5487 τὴν
2236 5416 2396 5484 δόξαν
2421 5417 2625 5489 Κυρίου
2670 5416 3171 5488 κατοπτριζόμεθα.
3225 5417 3672 5489 Ἐκωφεύσαμιη

464 5598 549 5662 ,⁸⁵
583 5598 730 5656 Psal.
764 5615 947 5668 cxvn,
981 5603 1068 5658 i8;
1145 5603 1192 5635 "
1231 5602 1377 5658 Psal.
1412 5620 1537 5668 va,
1579 5605 1666 5659 12.
1741 5606 1788 5638 ⁵⁸
1827 5603 1974 5660 Psal.
2011 5603 2215 5670 uvmf,
2250 5601 2338 5657 50.
2414 5602 2460 5634 ⁸⁷
2498 5599 2646 5657 Psal.
2685 5617 2762 5669 IV,
2796 5601 2853 5656 2.

509 5754 624 5827 (96)
654 5755 714 5811 ln
756 5755 889 5812 Vitis
917 5760 1033 5814 PP.
1067 5763 1101 5815 l.
1137 5777 1189 5826 v,
1218 5761 1268 5826 7,
1302 5761 1386 5816 16.

2096 5761 2207 5833 (97)
2232 5761 2291 5814 In
2327 5760 2462 5816 νειεε
2490 5759 2608 5816 pp.
2636 5761 2674 5817 ι.
2707 5777 2759 5831 ν,
2789 5759 2839 5828 7,
2868 5759 2956 5816 ιτ.
