3852 6206
186 449 320 506 1549

1302 433 1462 505 vim
1501 448 1793 506 εΑΝετιιΕ
1833 428 2314 507 εῨΝειΕτιεΑΞέὶ

3287 427 3429 503 i550

180 568 470 639 εὐχαριστη
480 584 655 638 σωμεν
671 566 770 639 τὴν
793 566 1027 638 ματαίαν
1051 566 1219 638 ἀκοὴν
1240 566 1421 620 τέλεον
1448 563 1739 621 ἀποϐαλόν-

1854 566 2006 621 mini.
2039 563 2489 622 Obsurduimus?
2524 554 2731 635 grat'ias
2760 562 3004 634 agamus,
3038 561 3181 633 quod
3206 560 3425 622 inanem

177 673 287 722 τες.
311 658 421 722 Τὰς
443 660 631 729 χεῖρας
657 657 1041 728 πεπόνθαμεν;
1082 657 1219 712 ἀλλὰ
1243 658 1342 721 τὰς
1369 657 1515 710 ἔνδον
1555 657 1748 729 ἔχομεν

177 748 621 820 εύτρεπισθείσας
669 749 804 821 πρὸς
842 749 933 802 τὸν
972 748 1112 803 κατά
1140 747 1232 803 τοῦ
1268 748 1460 821 ἐχθροῦ
1491 749 1745 821 πόλεμον.

189 838 490 912 Ἀρῤωστία
518 841 640 895 καθ’
684 828 803 895 ὅλον
839 843 902 896 τὸ
951 841 1111 913 σῶμα
1138 845 1355 914 κρατεί;
1391 840 1504 894 ἀλλ’
1537 843 1570 912 ἡ
1609 842 1750 896 κατά

175 931 264 984 τὸν
285 931 393 985 ἔσω
415 931 698 1004 ἄνθρωπον
723 933 879 1001 ὑγεία
915 934 1111 1004 μᾶλλον
1131 933 1302 999 αὔξει.

138 1074 151 1167 ί
246 1113 366 1168 100.
408 1114 496 1167 Ἐν
517 1112 765 1184 κοινοὸίῳ
798 1109 977 1178 οὖσαι,
1011 1114 1107 1186 τὴν
1144 1116 1388 1188 ὑπακοὴν
1414 1119 1612 1189 μᾶλλον
1646 1119 1743 1190 τῆς

94 5660 128 5699 Ι

173 1204 458 1275 ἀσκήσεως
504 1204 914 1275 προκρίνωμεν·
969 1207 1000 1275 ἠ
1046 1206 1144 1276 μὲν
1172 1206 1281 1277 γὰρ
1323 1207 1624 1279 ὑπεροψίαν
1667 1208 1746 1262 δι-

171 1295 380 1359 δάσκει,
423 1298 457 1368 ἡ
502 1296 559 1349 δὲ
618 1297 1115 1368 ταπεινοφροσύνην
1144 1299 1557 1367 ἐπαγγέλλεται.
1588 1301 1744 1353 Ἔστι

175 1387 229 1440 δὲ
260 1388 352 1441 καὶ
378 1389 442 1439 ἐκ
466 1386 559 1440 τοῦ
591 1387 785 1459 ἐχθροῦ
827 1388 1184 1461 ἐπιτεταμένη
1206 1389 1456 1462 ἄσκησις.
1492 1392 1601 1445 Καὶ
1637 1392 1745 1464 γὰρ

174 1479 224 1532 οἱ
251 1476 415 1531 αὐτοῦ
446 1478 685 1548 μαθηταὶ
715 1478 873 1533 τοῦτο
904 1480 1135 1535 ποιοῦσι.
1165 1481 1291 1545 Πῶς
1325 1476 1419 1535 οῦν
1452 1481 1743 1552 διακρίνω-

175 1584 275 1637 μεν
297 1567 394 1638 τὴν
424 1566 573 1620 Θείαν
600 1570 694 1622 καὶ
725 1568 1010 1642 βασιλικὴν
1035 1571 1267 1640 ἄσκησιν
1297 1576 1396 1644 τῆς
1419 1578 1745 1646 τυραννικῆς

173 1657 268 1711 καὶ
315 1657 737 1729 δαιμονιώδους;
781 1659 957 1729 δῆλον,
997 1660 1072 1725 ὼς
1103 1662 1211 1715 ἀπὸ
1242 1663 1340 1734 τῆς
1379 1665 1740 1736 συμμετρίας.

173 1746 355 1810 ’Λπας
388 1763 470 1801 σοι
500 1749 528 1799 ὁ
558 1749 746 1820 χρόνος
789 1746 869 1813 εἷς
926 1749 1105 1804 κανὼν
1144 1754 1396 1822 νηστείας
1430 1753 1740 1825 ὑπαρχέτω.

170 1837 262 1909 Μὴ
314 1838 584 1911 τέσσαρας
634 1840 667 1912 ἢ
709 1840 867 1893 πέντε
908 1842 1228 1914 νηστεύσῃς,
1274 1844 1368 1897 καὶ
1418 1844 1519 1914 τὴν
1573 1845 1740 1915 ἄλλην

1851 660 2096 713 auditum
2128 656 2376 713 funditus
2405 655 2775 712 amiserimus.
2806 652 3001 711 Manus
3050 655 3301 712 laborant
3338 657 3425 712 in-

1850 743 2146 799 ﬁrmitate?
2173 753 2228 798 at
2260 744 2407 799 intus
2435 743 2638 798 adsunt
2663 757 2860 799 manus
2890 748 3092 814 paratae
3125 743 3193 799 ad
3220 745 3425 801 bellum

1848 850 1972 888 cum
2009 832 2326 890 adversario
2354 835 2672 906 gerendum.
2704 832 2893 890 Morbo
2917 840 3090 889 totum
3118 851 3320 907 corpus
3340 843 3425 892 εει

1850 927 2143 983 affectum?
2171 943 2359 983 verum
2391 929 2563 999 magis
2603 929 2888 998 magisque
2930 924 3210 985 interioris
3245 931 3422 984 hemi-

1848 1019 1934 1074 nis
1966 1021 2173 1074 sanitas
2198 1028 2448 1091 augetur.
2652 1076 2658 1085 ,

1919 1111 2041 1167 100.
2065 1111 2179 1182 (98)
2198 1112 2334 1168 Cum
2368 1112 2421 1166 in
2448 1112 2702 1167 coenobio
2727 1112 2986 1180 vivimus,
3004 1112 3422 1184 obsequentiam‘

1845 1205 2223 1261 exercitationi
2269 1220 2676 1275 praeponamus.
2711 1190 2838 1261 Haec
2869 1221 3107 1276 namque
3132 1205 3293 1261 docet
3327 1220 3423 1259 su-

1844 1299 2087 1370 perbiam
2109 1317 2124 1367 ;
2149 1298 2240 1353 illa
2266 1315 2395 1354 vero
2425 1299 2791 1356 humilitatem
2821 1300 3129 1370 pollicetur.
3151 1297 3421 1354 Caeterum

1844 1390 2011 1445 etiam
2039 1388 2106 1444 ab
2152 1387 2374 1443 inimico
2403 1387 2649 1444 exoritur
2687 1387 2857 1443 ardua
2894 1388 3230 1443 exercitatio.
3282 1386 3419 1440 Nam

1844 1480 2081 1551 idipsum
2109 1479 2229 1550 ejus
2250 1478 2510 1548 discipuli
2538 1484 2819 1548 praestant.
2845 1476 2963 1544 Qua
2987 1478 3152 1548 igitur
3178 1484 3307 1531 nota
3335 1476 3424 1530 di-’

1842 1571 2024 1625 vinam
2055 1570 2370 1642 regiamque
2396 1568 2842 1625 exercitationem
2876 1584 2907 1621 a
2932 1569 3216 1640 tyrannica
3238 1576 3293 1624 et
3310 1569 3422 1624 dae-
3482 1580 3485 1583 ‘

1843 1659 2094 1714 moniaca
2141 1658 2619 1714 internoscemus?
2676 1658 2865 1729 utique
2915 1673 2981 1713 ex
3022 1659 3419 1714 moderatione:

1842 1748 1948 1805 Per
1979 1758 2150 1805 totum
2176 1750 2300 1805 vitae
2328 1756 2437 1805 tuae
2460 1756 2677 1820 tempus
2708 1765 2815 1804 una
2841 1750 2912 1805 sit
2943 1750 3041 1805 tibi
3071 1750 3256 1821 regula
3275 1749 3420 1820 jeju-

1845 1840 1943 1893 nii.
1968 1838 2046 1894 Ne
2075 1847 2311 1909 quatuor
2352 1846 2446 1893 aut
2475 1841 2716 1909 quinque
2740 1838 2858 1897 dies
2891 1854 2923 1894 a
2964 1839 3088 1894 cibo
3118 1842 3416 1902 abstineas,

170 1932 370 2004 πλήθει
409 1934 625 2006 τροφῶν
683 1935 989 2009 καταλύσῃς
1032 1937 1127 2008 τὴν
1160 1937 1403 2011 δύναμιν.
1446 1939 1615 1994 Τοῦτο
1644 1941 1739 2013 ήδὺ

1845 1944 1897 1987 ει
1927 1934 2246 2003 insequente
2280 1932 2369 1989 die
2394 1948 2492 2004 per
2528 1936 2774 1989 ciborum
2821 1934 3114 2005 ingluviem
3145 1934 3418 1990 dissolvas

168 2024 248 2094 τῷ
273 2023 470 2098 ἐχθρῷ.
496 2025 778 2096 Πανταχοῦ
802 2026 1084 2099 ήάμετρία
1110 2027 1431 2101 φθοροποιὺς
1459 2031 1737 2102 τυγχάνει.

167 2117 262 2187 Μὴ
294 2117 382 2186 ὑφ’
409 2117 467 2170 ἐν
493 2134 583 2170 σου
624 2117 694 2171 τά
720 2117 861 2171 ὅπλα
906 2118 1208 2194 ἀναλώσῃς,
1237 2122 1330 2175 καὶ
1358 2107 1564 2194 γυμνὸς
1588 2124 1744 2196 εὑρε-

169 2204 286 2268 θεὶς
311 2206 368 2259 ἐν
396 2206 475 2277 τῷ
497 2206 716 2279 πολέμῳ
744 2210 1011 2274 εὐάλωτος
1057 2213 1281 2287 γενήσῃ.
1311 2214 1391 2267 Τά
1410 2215 1551 2269 ὅπλα
1583 2215 1742 2287 ήμῶν

166 2295 287 2348 ἐστι
319 2295 381 2349 τὸ
402 2297 587 2369 σῶμα·
619 2301 653 2371 ή
672 2299 728 2353 δὲ
749 2300 894 2373 ψυχὴ
933 2303 962 2354 ὁ
986 2303 1351 2375 στρατιώτης·
1379 2304 1599 2359 καὶτῶν
1630 2308 1740 2376 ἀμ-

167 2384 413 2458 φοτέρων
460 2389 718 2461 ἐπιμελοῦ
771 2392 909 2465 πρὸς
950 2392 1048 2457 τὰς
1089 2394 1297 2465 χρείας.
1349 2394 1488 2461 Νέος
1528 2394 1603 2451 ῶν
1648 2396 1742 2450 καὶ

167 2476 348 2549 ὑγιὴς,
386 2480 697 2550 νήστευσον.
742 2482 897 2547 Ἥξει
932 2483 1042 2557 γὰρ
1079 2486 1139 2538 τὸ
1174 2485 1350 2558 γῆρας
1398 2486 1538 2557 μετὰ
1567 2487 1743 2540 ἀσθε-

165 2570 334 2633 νείας.
378 2573 464 2635 Ὠς
519 2573 670 2647 δύνῃ,
705 2574 1032 2648 θησαύρισον
1074 2577 1297 2650 τροφὰς,
1325 2578 1433 2641 ἵνα,
1473 2579 1547 2651 μὴ
1579 2579 1739 2632 δυνά-

169 2680 349 2734 μενος,
393 2663 578 2736 εὕρῃς.
650 2667 896 2738 Νήστευε
945 2668 1081 2739 μετά
1116 2668 1277 2737 λόγου
1311 2669 1404 2723 καὶ
1430 2671 1736 2741 ἀκριϐείας.

170 2755 316 2826 Ὅρα
357 2756 431 2826 μὴ
466 2760 494 2809 ὁ
531 2757 723 2829 ἐχθρὸς
759 2759 1045 2834 ἐπεισέλθῃ
1092 2763 1157 2832 τῇ
1228 2761 1467 2833 ἐμπορίᾳ
1503 2762 1603 2832 τῆς
1645 2781 1741 2834 νη-

167 2845 350 2909 στείας
374 2864 388 2879 ο
445 2848 539 2900 καὶ
594 2846 734 2919 τάχα
770 2847 922 2920 οἶμαι
960 2850 1089 2921 περὶ
1137 2849 1326 2907 τούτου
1370 2851 1462 2904 τὸν
1508 2852 1741 2924 Σωτῆρα

163 2935 444 3006 εἰρηκέναι
466 2936 544 2989 τόν
564 2936 818 2993 Γίνεσθε
836 2938 1070 3009 δόκιμοι
1094 2936 1447 3009 τραπεζῖται·
1468 2940 1741 3006 τουτέστι,

163 3026 226 3080 τὸ
256 3026 529 3097 βασιλικὸν
563 3028 827 3100 χάραγμα
863 3028 1106 3100 ἀκριϐῶς
1137 3027 1454 3098 γινώσκετε’
1494 3029 1600 3082 είσλ⁵
1629 3029 1738 3100 γάρ

164 3118 260 3172 καὶ
319 3118 827 3189 παραχαράγματα·
863 3119 957 3172 καὶ
995 3120 1028 3190 ἡ
1062 3118 1162 3188 μὲν
1192 3118 1286 3172 τοῦ
1314 3117 1517 3190 χρυσοῦ
1575 3117 1738 3189 φύσις

163 3210 200 3278 ὴ
234 3208 394 3280 αὐτὴ,
432 3208 679 3281 ’διαφέρει
724 3209 880 3282 δὲτῷ
919 3210 1252 3283 χαράγματι.
1304 3212 1363 3265 'O
1399 3212 1497 3283 μέν
1540 3200 1739 3283 χρυσός

1845 2024 1990 2081 vires
2018 2032 2164 2083 tuas.
2197 2026 2253 2080 ld
2282 2026 2683 2096 periucundum
2728 2025 2953 2081 inimico
2986 2033 3089 2080 est.
3123 2023 3261 2090 Quia
3293 2025 3421 2079 ubi:

1845 2130 1952 2185 que
1989 2116 2373 2171 immoderatio
2413 2115 2714 2186 perniciem
2772 2114 2955 2171 affert.-
2991 2114 3109 2168 Noli
3134 2128 3292 2169 .arma
3323 2123 3421 2170 tua

1845 2218 1953 2261 una
1983 2213 2194 2264 tantum
2225 2223 2407 2279 pugna
2435 2208 2731 2271 insumere.
2764 2221 2832 2263 ne
2865 2208 2912 2263 si
2936 2208 3117 2262 nudus
3151 2207 3207 2262 in
3233 2208 3424 2278 praelia

1844 2301 2156 2370 reperiaris,
2208 2300 2384 2358 facilis
2425 2310 2586 2371 captu
2632 2300 2735 2356 sis.
2779 2301 2944 2354 Arma
2988 2307 3178 2355 nostra
3216 2310 3419 2371 corpus

1845 2396 2000 2457 sunt;
2041 2390 2221 2444 anima
2257 2406 2386 2446 vero
2421 2392 2579 2446 miles
2611 2409 2625 2445 :
2658 2387 2949 2461 utriusque
2977 2403 3171 2445 curam
3196 2404 3323 2459 gere
3349 2389 3421 2444 ad

1843 2482 2192 2539 necessitatis
2227 2491 2464 2554 tempus.
2497 2481 2633 2536 Dum
2658 2481 2879 2552 juvenis
2912 2495 3191 2553 sanusque
3219 2494 3299 2545 es,
3330 2480 3422 2551 je-I

1837 2574 1993 2644 juna.
2031 2573 2223 2630 Veniet
2248 2589 2485 2644 namque
2512 2574 2608 2628 tibi
2639 2580 2895 2630 senectus
2924 2587 3049 2627 cum
3079 2572 3419 2628 inﬁrmitate.

1842 2666 2072 2733 Quando
2103 2676 2279 2737 potes,
2311 2667 2546 2722 reconde
2577 2668 2674 2722 tibi
2705 2668 2894 2736 cibos;
2927 2676 2987 2724 ut
3019 2683 3144 2724 cum
3179 2683 3285 2722 non
3320 2681 3422 2738 po.“-

1842 2757 1976 2813 teris
2003 2758 2257 2828 amplius,
2300 2759 2548 2815 invenias
2592 2760 2762 2830 ipsos.
2808 2759 3002 2831 Jejuna
3037 2775 3162 2815 cum
3207 2759 3421 2815 ratione

1841 2853 1895 2900 et
1921 2845 2217 2917 diligentia.
2248 2846 2393 2903 Cave
2427 2864 2494 2903 ne
2533 2848 2790 2904 inimicus
2832 2850 3029 2920 jejunii
3060 2848 3141 2905 tui
3170 2849 3420 2921 negotia-3

1842 2939 2041 2993 tionem
2082 2938 2273 3005 subeat
2329 2957 2346 2993 :
2395 2938 2722 3011 videturque
2778 2942 2912 2995 mihi
2960 2956 3024 2998 ea
3072 2941 3302 2997 forsitan
3350 2940 3425 2996 de

1840 3043 2008 3084 causa
2039 3028 2247 3083 dictum
2284 3028 2454 3085 fuisse
2485 3044 2516 3084 a
2548 3028 2830 3087 Salvatore
2857 3051 2871 3088 :
2910 3031 3089 3088 Estole
3125 3031 3274 3103 probi
3303 3042 3419 3085 Ira-

1837 3121 2020 3188 pezitae
2036 3118 2145 3191 (99)
2162 3136 2183 3186 ;-
2193 3119 2295 3174 hoc
2321 3126 2428 3188 est,
2451 3120 2613 3190 regiae
2640 3130 2872 3178 monetae
2893 3122 3304 3194 impressionem
3327 3135 3422 3178 ac;

1841 3217 2032 3265 curate
2052 3210 2368 3280 cognoscite
2398 3228 2414 3265 :
2446 3210 2573 3280 quia
2607 3217 2736 3267 sunt
2759 3212 2921 3267 etiam
2949 3210 3243 3267 adulterini
3266 3226 3422 3265 num-

161 3302 284 3356 ἐστι
346 3302 589 3372 νηστεία,
654 3302 970 3375 ἐγκράτεια,
1028 3302 1397 3376 ἐλεημοσύνη·
1454 3304 1592 3359 ἀλλὰ
1642 3306 1737 3359 καὶ

1845 3303 1934 3356 mi.
1960 3302 2140 3373 Atque
2170 3302 2292 3356 auri
2313 3302 2535 3372 quidem
2560 3310 2757 3358 natura
2787 3302 3005 3371 eadem,
3027 3300 3207 3358 diﬂ‘ert
3237 3308 3423 3358 autem‘

176 3392 443 3465 Ἑλλήνων
482 3393 667 3458 παῖδες
693 3395 792 3467 τὴν
819 3395 1146 3467 τυραννικὴν
1188 3394 1367 3449 αὐτῶν
1410 3397 1592 3451 εἰκόνα
1617 3396 1739 3450 τού-

160 3502 279 3550 τοις
323 3486 639 3551 ἐντίθενται,
672 3487 768 3541 καὶ
796 3487 1060 3559 αίρετικοὶ
1096 3486 1153 3539 δὲ
1186 3486 1385 3549 πάντες
1410 3485 1498 3539 διὰ
1532 3486 1739 3541 τούτων

165 3576 543 3648 σεμνύνονται.
592 3579 754 3650 Ὀρᾷν
813 3575 871 3632 δὲ
907 3578 989 3632 δεῖ
1014 3577 1258 3644 τούτους,
1287 3577 1382 3630 καὶ
1405 3577 1738 3647 ἀποφεύγειν

162 3668 242 3731 ὡς
278 3668 724 3740 παραχαράκτας.
760 3667 935 3722 Βλέπε
972 3667 1070 3739 μὴ,
1110 3666 1474 3738 ἀγυμνάστως
1511 3684 1739 3739 περιπε-

165 3757 277 3811 σὼν
316 3759 520 3822 αὐτοῖς,
552 3757 854 3831 ζημιωθῇς.
913 3758 1078 3828 Δέχου
1126 3752 1219 3809 οὖν
1258 3754 1399 3827 μετὰ
1434 3755 1740 3826 ἀσφαλείας

160 3848 259 3903 τὸν
316 3847 411 3902 τοῦ
486 3847 723 3920 Χριστοῦ
780 3849 1010 3920 σταυρὸν
1063 3844 1552 3917 διεντετυπωμὲνον
1616 3848 1738 3910 ταῖς

160 3941 419 4010 ἀρεταῖς’
480 3940 762 4004 τουτέστι,
839 3939 1022 3993 πίστιν
1072 3938 1239 4010 ὀρθὴν
1311 3936 1452 4007 μετὰ
1524 3937 1738 4007 σεμνῶν

161 4029 440 4094 πράξεων.

241 4204 358 4260 101.
386 4204 478 4257 Δεῖ
514 4204 661 4275 ἡμᾶς
698 4201 849 4278 πάσῃ
884 4201 1150 4275 διακρίσει
1196 4200 1465 4273 κυϐερνᾷν
1498 4202 1596 4273 τὴν
1637 4202 1741 4271 ψυέ

157 4296 285 4368 χὴν,
306 4297 399 4350 καὶ
416 4298 473 4349 ἐν
491 4295 740 4367 κοινοὸίῳ
760 4295 944 4359 οὖσας,
967 4295 1041 4366 μὴ
1056 4293 1127 4348 τὰ
1141 4294 1350 4348 ἑαυτῶν
1372 4293 1575 4366 ζητεῖν,
1599 4297 1735 4366 μήτε

161 4390 274 4459 μὴν
324 4386 497 4460 οἰκείᾳ
553 4386 820 4440 δουλεύειν
866 4385 1080 4457 γνώμῃ,
1117 4384 1253 4438 ἀλλὰ.
1283 4387 1350 4457 τῇ
1389 4384 1532 4439 κατά
1556 4386 1736 4439 πίστιν

160 4479 334 4551 μητρὶ
386 4479 717 4550 πειθαρχεῖν.
779 4478 995 4549 Ἐξορία
1048 4479 1244 4541 ἐαυτάς
1296 4476 1690 4549 παρεδώκαμεν
1719 4484 1736 4507 ·’

1840 3399 2109 3468 impresso
2138 3398 2316 3468 signo.
2350 3398 2561 3453 Aurum
2608 3405 2693 3455 εει
2722 3397 3017 3468 jejunium,
3051 3396 3418 3461 continentia,

1839 3481 2205 3552 eleemosyna.
2236 3479 2344 3537 Sed
2368 3481 2470 3551 ipsi
2489 3482 2721 3553 gentiles
2742 3481 3082 3553 tyrannicam
3107 3483 3421 3538 suamima-

1838 3572 2017 3642 ginem
2056 3572 2210 3627 hisce
2246 3573 2586 3643 imprimunt,
2628 3589 2930 3645 omnesque
2954 3574 3200 3631 haeretici
3231 3574 3300 3630 de
3322 3574 3421 3630 iis—

1839 3659 1959 3714 dem
2040 3660 2367 3731 gloriantur.
2447 3661 2590 3718 Istos
2651 3670 2832 3717 autem
2890 3677 3086 3720 cavere
3138 3663 3422 3734 vitareque

1839 3738 2055 3821 oportet
2088 3759 2349 3822 tanquam
2384 3751 2536 3809 falsae
2563 3761 2797 3809 monetae
2852 3769 3228 3826 percussores.
3282 3755 3426 3813 Vide

1782 3864 1797 3881 ο
1839 3861 1909 3901 ηε
1940 3846 1993 3899 in
2025 3859 2124 3901 eos
2169 3845 2419 3916 imperite
2462 3845 2742 3916 delapsus,
2776 3845 3106 3902 detrimento
3137 3844 3418 3903 aﬂiciaris.

1839 3937 2039 4008 Accipe
2095 3935 2261 4007 igitur
2288 3951 2414 3991 cum
2465 3937 2763 3993 securitate
2802 3937 3018 3993 Domini
3045 3953 3285 4003 crucem,
3316 3939 3421 3994 im~

1838 4028 2047 4099 pressis
2075 4027 2376 4082 virtutibus
2415 4027 2731 4099 sigillatam,
2769 4028 2826 4084 id
2863 4037 2968 4097 est,
3014 4028 3176 4084 ﬁdem
3211 4037 3423 4085 rectam

1838 4130 1962 4174 eum
2000 4117 2163 4172 bonis
2196 4117 2477 4187 operibus.

1910 4207 2035 4260 101.
2063 4205 2139 4279 (1)
2169 4204 2394 4276 Oportet
2423 4223 2525 4263 nos
2571 4224 2695 4263 cum
2734 4209 2889 4267 omni
2918 4210 3275 4275 discretione.
3292 4214 3419 4268 ani-

1837 4313 1982 4352 mam
2014 4312 2223 4370 regere,
2251 4306 2304 4355 ει
2331 4299 2385 4353 in
2417 4299 2671 4356 omnobio
2693 4315 2820 4355 cum
2850 4316 3065 4368 sumus,
3095 4317 3206 4359 non
3230 4314 3421 4360 nostra

1837 4406 2103 4460 quaerere,
2137 4406 2316 4463 neque
2346 4394 2585 4464 propriae.
2620 4393 2890 4449 voluntati
2922 4393 3176 4451 famulari
3192 4414 3215 4464 ;-
3240 4397 3336 4453 sed
3367 4398 3418 4453 ei

1838 4497 1960 4551 quae
1987 4482 2291 4539 secundum
2313 4483 2475 4539 fidem
2504 4492 2684 4541 mater
2705 4492 2792 4543 est
2818 4486 3220 4559 obtemperare.
3256 4489 3420 4547 Exsia

154 4571 405 4625 τουτέστι
434 4569 540 4624 τῶν
575 4569 853 4642 κοσμικῶν
878 4571 1019 4640 ὅρων
1050 4568 1154 4635 ἔξω
1172 4569 1498 4641 ἐγενόμεθα³
1538 4569 1735 4622 οὐκοῦν

1845 4572 1914 4627 lio
1943 4587 2047 4628 nos
2076 4572 2227 4643 ipsas
2260 4574 2683 4642 mulctavimus;
2710 4577 2764 4632 id
2791 4586 2895 4642 est,
2925 4586 3080 4635 extra
3103 4579 3297 4636 mundi
3351 4581 3420 4636 li-'

154 4662 540 4734 ἐκϐεϐλήμεῡα
564 4675 577 4688 ⁸
608 4626 692 4733 μη
726 4661 796 4714 τὰ
819 4626 958 4714 αύτιὰ
989 4626 1344 4732 ζητησωμεν..
1384 4661 1532 4714 Ἐκεῖ
1575 4660 1732 4726 δόξαν

1845 4663 2001 4718 mites
2036 4664 2328 4721 exivimus.
2381 4663 2552 4737 Igitur
2591 4669 2779 4739 ejectaa
2813 4680 3015 4726 sumus‘
3049 4686 3069 4723 :
3116 4671 3306 4728 eadem
3348 4686 3419 4729 ne

153 4747 506 4824 εἷχομεν,ὧδε
537 4751 836 4823 ὀνειδισμὸν
860 4769 871 4782 ·
902 4752 1019 4804 ἐκεῖ
1046 4749 1324 4819 δαψίλειαν
1353 4750 1591 4823 τροφῶν,
1628 4744 1732 4805 ὧδε

1845 4755 2210 4825 requiramus.
2255 4755 2373 4811 Illic
2412 4758 2640 4828 gloriam
2692 4760 3007 4826 habuimus,
3057 4761 3149 4817 hic
3186 4762 3419 4833 ignomi-

154 4848 255 4900 καὶ
279 4845 375 4900 τοῦ
421 4845 588 4915 ἄρτου
627 4844 851 4898 ἔνδειαν.
891 4844 980 4898 Ἐν
1011 4841 1088 4913 τῷ
1120 4843 1310 4915 κόσμῳ
1341 4844 1390 4895 oi
1423 4843 1732 4908 πταίοντες,

1845 4848 1988 4901 niam
2014 4867 2029 4903 :
2059 4847 2172 4905 illic
2197 4849 2449 4904 ciborum
2473 4852 2821 4922 copiam,bic
2849 4853 3008 4922 panis
3033 4852 3413 4925 indigentiam.

154 4936 257 4991 καὶ
285 4936 360 5008 μὴ
395 4935 702 5007 βουλόμενοι
728 4935 809 4999 είς
834 4934 1077 5007 φυλακὴν
1108 4933 1389 5005 βάλλονται
1412 4947 1423 4959 ·
1456 4935 1550 4987 καὶ
1570 4936 1731 5006 ἡμεῖς

1845 4939 1900 4992 ln
1940 4940 2150 4995 mundo
2182 4941 2279 5012 qui
2324 4941 2381 4997 in
2418 4943 2628 4999 crimen
2668 4944 2875 5015 delapsi
2913 4952 3066 5011 sunt,
3109 4946 3196 5003 vel
3259 4945 3418 5001 inviti

152 5028 251 5083 διὰ
266 5028 366 5092 τὰς
394 5029 666 5101 ἁμαρτίας
697 5027 853 5098 ήμῶν
883 5026 1078 5090 ἑαυτὰς
1104 5026 1509 5097 φυλακίσωμεν,
1546 5027 1634 5080 ἵνα
1671 5026 1739 5080 τὺ

1845 5031 2047 5086 carceri
2096 5033 2483 5105 mancipantur
2510 5053 2532 5089 :-
2554 5050 2656 5090 nos
2699 5050 2919 5107 quoque
2961 5038 3034 5091 ob
3061 5047 3288 5108 peccata
3311 5052 3455 5093 nn-m

152 5118 404 5175 ἑκούσιον
445 5118 545 5190 τῆς
581 5116 805 5191 γνώμης
852 5117 951 5190 τὴν
1007 5114 1303 5188 μέλλουσαν
1330 5116 1552 5170 κόλασιν
1590 5117 1735 5171 ἀπο-

1845 5122 2044 5178 strain
2087 5126 2396 5180 custodiam
2443 5142 2547 5183 nos
2584 5128 2953 5197 intrudamus,
2996 5137 3058 5183 ut
3105 5131 3413 5201 voluntaria

156 5212 389 5283 σοϐήσῃ.
1840 5226 2003 5283 paena
2034 5212 2275 5269 futurum
2304 5216 2539 5287 depellat
2564 5218 2921 5289 supplicium.

226 5303 355 5357 102.
383 5300 714 5373 Νηστεύεις;
751 5299 825 5372 μὴ
864 5299 1177 5372 προφασίσῃ
1203 5298 1376 5353 νόεον.
1402 5299 1516 5353 Καὶ
1537 5298 1646 5370 γὰρ
1676 5300 1727 5353 ot

1909 5303 2032 5359 102.
2061 5304 2326 5376 Jejunas?
2345 5322 2415 5365 ne
2444 5312 2693 5365 morbum
2715 5311 3183 5369 comminiscaris.
3197 5310 3414 5369 Etenim

157 5394 237 5468 μὴ
264 5393 613 5465 νηστεύοντες
662 5395 776 5456 τοῖς
821 5392 1005 5456 αὐτοῖς
1043 5391 1369 5463 περιέπεσον
1401 5392 1726 5463 νοσήμασιν.

156 5486 356 5559 Ἦρξω
415 5484 511 5540 τοῦ
548 5484 747 5549 καλοῦ;
784 5483 858 5555 μὴ
907 5482 1280 5556 ἀναχαιτίσῃς,
1318 5481 1412 5536 τοῦ
1446 5482 1640 5554 ἐχθροῦ
1668 5499 1729 5536 σε

138 5579 530 5651 ἳγκόπτοντος.
553 5576 722 5642 Αὐτὸς
737 5576 845 5648 γὰρ
858 5576 1182 5647 τῇύπομονῇ
1208 5590 1301 5628 σου
1332 5576 1687 5645 καταργεῖται
1712 5592 1725 5607 θ

150 5805 191 5861 ι
219 5732 343 5859 gs)
372 5732 432 5788 ιη
464 5731 598 5787 Vitis
619 5730 733 5787 PP.
761 5732 798 5786 ι.
824 5748 876 5799 v,
911 5730 1085 5798 14,9.
1111 5728 1296 5787 Schol.
1325 5716 1419 5799 97,
1452 5729 1520 5785 ad
1543 5727 1721 5787 Grad.

285 5820 381 5858 ull.

285 5820 381 5858 ιω.

1836 5395 2000 5452 etiam
2032 5398 2124 5467 qui
2152 5413 2263 5453 non
2288 5400 2562 5469 jejunant,
2594 5400 2653 5456 in
2673 5402 2896 5458 easdem
2919 5402 3166 5459 incidunt
3191 5404 3412 5475 aegritu‘

1836 5484 2013 5541 dines.
2072 5485 2280 5541 BonUm
2328 5488 2553 5545 iniisti‘!
2592 5505 2664 5545 ne
2706 5492 2945 5559 resilias,
2977 5493 3107 5548 dum
3153 5492 3414 5549 inimicus

1837 5575 1937 5631 tibi
1963 5577 2149 5634 obices
2169 5587 2345 5649 parat.
2372 5580 2493 5652 Ipse
2513 5597 2752 5655 namque
2772 5585 3037 5654 patientia
3057 5593 3152 5641 tua
3180 5585 3417 5643 destruit

1899 5730 2252 5814 (9§)'De_jioc
2281 5735 2610 5814 (ξίειο-εειευε⁸
2630 5745 2812 5814 actum
2845 5750 2929 5800 est
2955 5743 3242 5814 superius:

1908 5800 2074 5872 (1⁸)’1η
2112 5803 2241 5860 Vitis
2280 5804 2394 5862 PP.
2428 5809 2467 5865 l.
2501 5800 2555 5875 ν’,
2591 5809 2679 5875 11,
2718 5809 2806 5866 17.
