3852 6206
429 422 559 479 1551

1557 426 1611 478 S.
1657 422 2122 480 ATHANASIUS.
2162 455 2233 468 ——
2276 424 2547 479 SPURIA.

3545 424 3568 476 1
3580 421 3684 476 552

428 547 537 594 tur.
556 533 693 591 Nam
714 534 807 606 qui
833 534 1090 607 navigare
1115 537 1584 610 639incipiunt,
1614 539 1850 609 primum
1877 539 1960 610 qui

2066 589 2072 601 ,
2100 541 2192 592 καὶ
2223 539 2330 610 γὰρ
2358 541 2406 592 οἱ
2437 539 2586 592 πλεῖν
2612 539 2920 609 ἀρχόμενοι,
2956 539 3172 610 πρῶτον
3193 539 3290 609 μὲν
3307 537 3482 605 δεξιοῦ
3518 540 3684 592 πνεύ-

424 632 548 685 dem
576 629 820 686 secundo
848 637 1077 684 utuntur
1108 639 1290 695 vento,
1317 647 1442 685 cum
1466 631 1581 685 vela
1602 633 1952 702 expanserint
1981 652 1992 684 :

2100 649 2267 701 ματος
2309 631 2638 700 τυγχάνουσι
2694 629 3045 694 ἀπλώσαντες
3083 629 3150 682 τά
3220 630 3400 682 ἱστία·
3430 625 3587 693 αὖθις
3627 631 3686 682 δὲ

429 728 619 790 postea
647 736 778 776 vero
797 728 993 776 ventus
1022 722 1332 776 contrarius
1364 721 1531 775 instat
1564 739 1576 775 :
1612 729 1788 775 nauta:
1815 729 1955 774 tame

2095 721 2279 784 αὐτοῖς
2308 721 2548 783 ἐναντίος
2585 721 2783 790 ἄνεμος
2816 720 3059 790 ἀπαντᾷ·
3101 720 3214 772 ἀλλ’
3247 721 3295 771 οἱ
3325 721 3570 773 ναυτικοὶ
3593 719 3686 772 διὰ

418 824 764 880 nequaquam
789 818 1011 882 propter
1035 811 1374 879 ingruentem
1423 818 1644 865 ventum
1677 826 1869 865 navem
1894 827 1990 865 ex~

2093 815 2154 866 τὸ
2180 813 2534 886 παρεμπεσὸν
2557 813 2772 884 πνεῦμα
2812 813 2910 866 οὐκ
2937 813 3372 876 ἀποσκευάζουσι
3395 813 3491 884 τὴν
3527 812 3680 866 ναῦν·

419 911 679 969 onerant;
709 902 805 958 sed
842 902 933 957 ubi
958 903 1177 972 paulum
1208 903 1532 972 quieverint,
1566 903 1648 957 vel
1665 904 1826 956 etiam
1857 910 1960 956 tem

2096 905 2289 976 μικρὸν
2333 905 2390 958 δὲ
2451 904 2885 976 ἡσυχάσαντεςῆ
2931 905 3027 956 καὶ
3072 904 3564 975 ἀπομαχησάμενοι
3611 906 3682 973 τῇ

416 995 620 1062 pestati
672 996 1050 1065 repugnarint,
1092 995 1494 1065 navigationem
1554 993 1870 1048 coniiciunt.
1915 994 1990 1048 Ita

415 1093 469 1137 et
498 1100 622 1148 nos,
653 1085 935 1140 contrario
970 1085 1208 1140 instante
1243 1084 1460 1155 spiritu,
1494 1099 1713 1140 crucem
1747 1086 1864 1140 loco
1887 1085 1988 1140 veli

413 1176 725 1243 tendamus,
765 1184 928 1246 atque
953 1184 1068 1230 tuto
1098 1191 1323 1232 cursum
1359 1175 1735 1231 conﬁciemus.

484 1270 607 1324 105.
638 1268 760 1324 Haac
794 1269 1114 1325 veneranda:
1143 1269 1464 1339 cunctisque
1490 1269 1786 1324 virtutibus
1824 1282 1985 1322 exor-

408 1369 552 1416 nata:
579 1359 897 1432 Syncleticae
926 1360 1255 1415 documenta
1278 1358 1431 1416 fuere
1462 1379 1474 1413 :
1505 1361 1797 1430 potiusque
1822 1374 1986 1430 opera

408 1467 572 1522 quam
598 1453 763 1508 verba
791 1473 802 1508 :
838 1454 934 1509 sed
960 1453 1124 1509 etiam
1148 1454 1317 1508 multa
1342 1454 1447 1508 alia
1468 1463 1522 1509 et
1544 1455 1764 1524 quidem
1790 1468 1986 1524 magna

405 1563 504 1616 per
533 1547 680 1602 illam
719 1548 1006 1603 innotuere
1035 1547 1103 1602 ad
1145 1549 1508 1618 spectantium
1543 1546 1985 1616 audientiumque

403 1638 718 1694 utilitatem.
779 1637 951 1693 Tanta
995 1647 1178 1695 autem
1236 1639 1504 1694 bonorum
1559 1639 1716 1708 copia
1775 1652 1841 1693 ex
1893 1638 1984 1692 illa

401 1731 666 1795 manavit,
720 1738 779 1785 ut
826 1732 1065 1786 humana
1121 1733 1306 1804 lingua
1359 1731 1668 1787 enarrando
1697 1747 1807 1786 non
1865 1731 1984 1787 suf-

404 1823 576 1879 ﬁciat.

2093 995 2251 1068 ζάλῃ,
2284 997 2378 1050 τὸν
2403 996 2569 1049 πλοῦν
2587 996 2862 1050 ποιοῦνται
2880 1013 2896 1027 ο
2937 995 3080 1048 οὕτω
3096 996 3188 1049 καὶ
3210 999 3395 1067 ἡμεῖς,
3431 998 3683 1049 ἐναντίου

2091 1087 2399 1158 πνεύματος
2461 1088 2897 1160 προσπεσόντος,
2951 1087 3040 1141 τὸν
3080 1088 3312 1158 σταυρὸν
3348 1088 3468 1140 ἀντὶ
3505 1088 3680 1140 ἱστίου

2087 1179 2412 1244 τανύσασαι,
2443 1179 2616 1242 ἀδεῶς
2644 1179 2735 1232 τὸν
2771 1179 2936 1232 πλοῦν
2963 1179 3341 1249 ἐκτελέσομεν.

2158 1271 2277 1325 105.
2321 1271 2506 1326 Ταῦτα
2537 1272 2636 1342 τῆς
2671 1272 2874 1342 σεμνῆς
2907 1273 3000 1326 καὶ
3024 1273 3332 1343 παναρέτου
3372 1271 3682 1342 Συγκλητι-

2088 1365 2188 1435 κῆς
2214 1364 2280 1417 τά
2310 1364 2615 1436 διδάγματα
2637 1381 2651 1393 ·
2690 1365 2784 1418 καὶ
2837 1364 3036 1436 μᾶλλον
3075 1363 3302 1435 πράξεις
3336 1364 3369 1434 ἢ
3411 1365 3678 1434 ῥήματα·

2087 1456 2181 1509 καὶ
2210 1455 2344 1510 ἄλλα
2371 1456 2428 1509 δέ
2462 1457 2633 1510 πολλά
2664 1458 2759 1510 καὶ
2785 1456 2999 1528 μεγάλα
3029 1454 3120 1510 ὑπ’
3165 1457 3336 1520 αὐτῆς
3361 1456 3675 1526 ἐγνωρίσθη

2085 1546 2220 1617 πρὸς
2253 1547 2518 1616 ὠφέλειαν
2547 1546 2655 1600 τῶν
2687 1547 3035 1600 ἀκουσάντων
3064 1563 3124 1598 τε
3166 1547 3259 1599 καὶ
3292 1544 3674 1615 θεασαμένων.

2087 1634 2348 1689 Τοσοῦτον
2392 1636 2448 1688 δὲ
2493 1636 2697 1708 πλῆθος
2743 1637 2800 1702 ἐξ
2843 1636 3016 1705 αὐτῆς
3047 1635 3266 1702 ἀγαθῶν
3313 1635 3675 1705 ἐϐλάστησεν.

2083 1728 2207 1781 ὅσον
2233 1728 2548 1800 ἀνθρωπίνη
2576 1728 2798 1796 γλῶσσα
2826 1728 3153 1800 ἀπορήσειεν
3189 1727 3253 1779 ἂν
3281 1728 3557 1797 ἐκφράσαι

480 1916 599 1971 104.
648 1918 718 1969 At
756 1915 884 1971 boni
925 1930 1055 1972 osor
1089 1915 1365 1980 diabolus,
1411 1929 1518 1969 non
1562 1914 1741 1970 ferens
1771 1922 1960 1970 tantan

2151 1908 2274 1961 10-5.
2327 1909 2384 1962 '0
2421 1909 2476 1961 δὲ
2531 1909 2822 1980 μισόκαλος
2877 1907 3152 1972 διάϐολος,
3209 1907 3284 1978 μὴ
3337 1907 3522 1977 φέρων
3571 1907 3678 1978 τὴν

400 2007 668 2062 bonorum
697 2007 828 2070 vim,
862 2005 1307 2073 contabescebat,
1347 2019 1642 2074 secumque
1690 2003 1979 2074 reputabat

397 2115 510 2171 quo
545 2099 774 2155 artiﬁcio
803 2106 990 2170 posset
1036 2099 1305 2154 bonorum
1356 2104 1537 2151 ortum
1587 2095 1971 2150 interturbare.

397 2191 646 2248 Tandem
678 2192 920 2261 postulat
950 2189 1014 2243 ad
1052 2189 1306 2243 ultimum
1335 2198 1612 2244 certamen
1660 2187 1976 2258 generosis-

397 2283 593 2338 simam
633 2281 921 2352 virginem,
950 2288 1214 2350 tantoque
1243 2279 1370 2334 odio
1400 2280 1548 2333 illam
1576 2279 1886 2342 ulciscitur,
1915 2285 1974 2331 ut

394 2389 505 2429 non
532 2373 603 2429 ab
629 2373 992 2430 exterioribus
1033 2371 1293 2428 membris
1325 2372 1535 2442 plagam
1569 2386 1730 2426 orsus
1770 2369 1969 2436 fuerit;

394 2465 490 2520 sed
519 2463 680 2518 tactis
710 2462 1064 2518 interioribus
1097 2461 1433 2531 profundum
1460 2461 1512 2515 ei
1551 2460 1795 2515 dolorem
1826 2460 1972 2514 indi-

392 2554 535 2609 derit
559 2572 573 2621 ;
600 2554 736 2609 adeo
759 2560 818 2607 ut
841 2551 991 2608 nullo
1025 2551 1308 2606 hominum
1339 2551 1544 2607 auxilio
1564 2551 1743 2607 solatii
1765 2549 1970 2622 aliquid

391 2648 674 2718 percipere
706 2657 910 2718 posset.

439 2806 584 2880 Δ105.
621 2823 806 2877 Primo
837 2824 1020 2893 itaque
1052 2829 1262 2893 partem
1292 2821 1416 2875 vitae
1453 2819 1688 2874 maxime
1717 2831 1969 2872 necessa—

383 2915 524 2970 riam
551 2915 822 2977 vulnerat,
855 2915 1165 2984 pulmonem
1188 2911 1466 2976 videlicet,
1490 2925 1554 2964 ac
1577 2925 1674 2979 per
1703 2908 1965 2964 exitiosos

386 3007 611 3061 morbos
659 3006 920 3077 paulatim
965 3003 1214 3060 accendit
1256 3003 1673 3073 malignitatem.
1719 2999 1786 3054 Et
1832 3015 1965 3056 sane

385 3106 623 3169 poterat,
653 3105 941 3171 postquam
972 3095 1026 3150 id
1055 3097 1440 3166 impetraverat
1465 3110 1493 3147 a
1528 3093 1780 3160 Domino,
1811 3092 1960 3148 brevi

2079 1999 2346 2069 τοσαύτην
2401 2000 2510 2052 τῶν
2541 2000 2722 2053 καλῶν
2769 1999 3062 2067 ἀφθονίαν,
3099 1998 3419 2068 ἐξετήκετο,
3464 1997 3561 2048 καὶ
3591 2000 3676 2060 εἰς

2077 2089 2268 2143 ἐαυτὸν
2294 2089 2745 2161 ἐδραματούργει,
2775 2093 2924 2153 ὅπως
2955 2089 3022 2143 ἂν
3054 2089 3309 2160 δυνηθείη
3331 2088 3672 2141 ἐπιθολῶσαι

2075 2182 2176 2253 τὴν
2214 2181 2321 2236 τῶν
2350 2183 2602 2252 χρηστῶν
2649 2182 2934 2253 ἀνατολήν.
2976 2183 3088 2236 Καὶ
3133 2182 3320 2236 λοιπὸν
3369 2181 3673 2246 ἐξαιτείται

2075 2275 2213 2345 πρὸς
2255 2274 2343 2327 τὸν
2373 2275 2681 2328 τελευταῖον
2722 2273 2910 2343 ἀγῶνα
2949 2274 3049 2346 τὴν
3096 2272 3483 2344 γενναιοτάτην
3531 2289 3674 2342 παρ-

2075 2368 2258 2422 θένον·
2307 2371 2401 2422 καὶ
2447 2369 2700 2423 τοσοῦτον
2738 2371 2875 2440 αὐτῇ
2933 2372 2998 2439 τῇ
3035 2367 3206 2439 ἔχθρᾳ
3245 2367 3515 2438 ἀμύνεται
3540 2407 3555 2431 ,
3588 2367 3669 2429 ὡς

2075 2463 2210 2533 μηδέ
2255 2462 2362 2516 τῶν
2412 2461 2608 2526 ἔξωθεν
2665 2461 2842 2532 μελῶν
2884 2462 3210 2533 ἐνάρξασθαι
3258 2460 3358 2529 τῆς
3403 2460 3663 2531 πληγῆς·

2071 2552 2228 2618 ἀλλά,
2257 2552 2364 2605 τῶν
2394 2553 2676 2605 ἐνδοσθίων
2711 2553 3007 2622 ἁψάμενος,
3041 2550 3224 2621 βύθιον
3256 2550 3393 2620 αὐτῇ
3421 2549 3521 2620 τὴν
3560 2549 3664 2601 ἀλ-

2070 2644 2269 2715 γηδόνα
2303 2643 2578 2714 ἀπένεμεν
2601 2661 2615 2673 ο
2648 2644 2723 2706 ὡς
2759 2643 3192 2714 ἀπαραμύθητον
3226 2643 3396 2713 αὐτὴν
3439 2645 3506 2694 ἐκ
3560 2642 3664 2712 τῆς

2069 2734 2374 2806 ἀνθρώπων
2405 2737 2726 2805 ἐπικουρίας
2759 2735 3034 2804 γενέσθαι.

2141 2827 2263 2882 105.
2304 2829 2415 2880 Καὶ
2449 2828 2664 2898 πρῶτον
2723 2829 2821 2898 μὲν
2881 2828 2943 2880 τὸ
2975 2828 3404 2896 ἀναγκαιότατον
3442 2829 3501 2880 ἐν
3541 2827 3660 2898 ζωῇ

2067 2918 2293 2992 πλήττει
2331 2920 2538 2992 μόριον,
2565 2920 2656 2975 τὸν
2680 2919 2976 2991 πνεύμονα,
3002 2921 3096 2974 καὶ
3119 2920 3206 2973 διά
3238 2921 3408 2974 νόσων
3435 2919 3663 2992 ὀλεθρο-

2067 3011 2248 3084 φόρων
2279 3016 2396 3064 κατ’
2432 3013 2611 3081 ὀλίγον
2661 3012 2883 3077 ἐξάπτει
2934 3013 3034 3083 τὴν
3093 3013 3310 3067 κακίαν.
3365 3013 3660 3084 Ἐνεχὼρει

2068 3104 2168 3175 μὲν
2201 3103 2310 3176 γάρ
2338 3105 2432 3157 καὶ
2457 3106 2515 3158 ἐν
2545 3105 2712 3176 ὀλίγῳ
2746 3105 2833 3158 διά
2871 3105 2969 3176 τῆς
3003 3105 3332 3178 ἐξαιτήσεως
3365 3108 3658 3176 συντεμεῖν

383 3201 616 3246 mortem
651 3191 756 3261 ipsi
786 3204 1020 3261 parare;
1057 3187 1154 3244 sed
1184 3195 1371 3258 utpote
1412 3186 1796 3256 sanguinarius
1839 3200 1956 3239 car-

2066 3195 2236 3264 αύτῆς
2257 3196 2355 3266 τὴν
2383 3195 2640 3267 τελευτήν
2661 3213 2674 3226 ·
2704 3195 2817 3248 ἀλλ’
2861 3194 3049 3266 ὥσπερ
3098 3196 3395 3268 αἱμοὸόρος
3434 3196 3653 3266 δήμιος,

381 3280 552 3343 nifex,
579 3280 755 3350 plagis
782 3278 1070 3349 permultis
1096 3278 1464 3346 diuturnoque
1505 3285 1750 3346 tempore
1777 3283 1959 3330 osten-

381 3373 461 3428 dit
508 3371 780 3428 feritatem
826 3385 1003 3425 suam.
1057 3367 1324 3423 Paulatim
1377 3368 1579 3438 quippe
1630 3367 1957 3422 dissolutum

379 3466 698 3535 pulmonem
750 3471 1035 3533 sputorum
1084 3461 1381 3517 emissione
1445 3460 1664 3530 abjecit.
1714 3461 1957 3515 Aderant

379 3555 908 3626 quoquecontinua:
939 3555 1138 3620 febres,
1187 3553 1331 3608 limae
1378 3552 1554 3608 instar
1602 3553 1956 3608 absumentes

380 3666 600 3720 corpus.

454 3741 576 3796 106.
613 3738 1018 3809 Octogesimum
1063 3752 1266 3792 annum
1303 3738 1517 3808 agebat,
1549 3751 1672 3791 cum
1703 3735 1953 3790 diabolus

375 3831 502 3889 Jobi
531 3831 750 3886 labores
784 3831 840 3882 in
887 3845 1006 3884 eam
1041 3829 1323 3885 transtulit
1357 3849 1368 3883 :
1403 3843 1528 3882 nam
1579 3827 1774 3883 iisdem
1823 3836 1954 3882 tunc

376 3940 599 3996 quoque
629 3939 766 3978 usus
797 3930 881 3978 est
913 3921 1163 3992 ﬂagellis.
1209 3917 1330 3975 Jam
1372 3929 1553 3976 autem
1601 3922 1693 3977 ille
1738 3929 1953 3992 tempus

379 4017 682 4082 abbreviat,
736 4031 800 4069 ac
849 4013 1371 4069 intolerabilioribus
1409 4014 1605 4082 premit
1646 4012 1949 4068 doloribus.

378 4111 632 4178 Quinque
660 4109 804 4163 enim
835 4115 888 4162 et
919 4106 1141 4177 triginta
1171 4120 1344 4160 annos
1371 4101 1474 4160 Job
1506 4105 1561 4159 in
1588 4106 1743 4176 plaga
1770 4115 1952 4160 trans-

375 4203 522 4272 egit:
552 4207 607 4254 at
644 4200 733 4254 hic
776 4199 1053 4264 inimicus,
1085 4213 1210 4252 cum
1254 4213 1352 4251 ceu
1382 4197 1652 4267 primitias
1685 4199 1948 4268 quasdam

376 4291 644 4346 decadum
693 4297 941 4360 tempora
993 4291 1286 4359 rapuisset,
1322 4287 1390 4342 ad
1418 4289 1648 4359 ‘plagas
1699 4289 1949 4342 admovet

375 4395 537 4435 sacro
576 4379 695 4449 ejus
729 4381 964 4449 corpori.
994 4377 1194 4434 Tribus
1226 4393 1462 4448 namque
1508 4379 1667 4434 annis
1695 4387 1748 4433 et
1786 4377 1948 4431 dimi-

373 4472 465 4525 dio
497 4486 590 4540 per
619 4469 887 4540 gloriosos
918 4470 1085 4525 hosce
1124 4471 1341 4525 labores
1375 4469 1691 4525 adversario
1726 4470 1945 4525 restitit.

2060 3289 2148 3342 διὰ
2174 3289 2394 3360 πληγῶν
2429 3288 2639 3343 πολλῶν
2681 3289 2774 3343 καὶ
2812 3290 3002 3360 χρόνου
3040 3289 3253 3360 μακροῦ
3299 3290 3400 3360 τὴν
3443 3289 3654 3341 οἰκείαν

2058 3379 2337 3451 δεινότητα
2387 3382 2740 3436 ἐνδείκνυται.
2787 3383 2946 3436 Κατὰ
2989 3382 3183 3453 μικρὸν
3230 3382 3342 3453 γάρ
3399 3381 3653 3434 ἀναλύων

2057 3472 2150 3525 τὸν
2179 3472 2457 3543 πνεύμονα
2482 3472 2570 3527 διά
2602 3473 2711 3527 τῶν
2737 3473 3090 3545 ἀναγομένων
3116 3475 3450 3545 πτυσμάτων
3469 3515 3484 3538 ,
3520 3473 3651 3527 τοῦ-

2056 3580 2147 3617 τον
2177 3564 2467 3618 ἀπέϐαλλε.
2502 3566 2764 3637 Παρῆσαν
2809 3565 2863 3619 δὲ
2898 3566 2989 3620 καὶ
3018 3567 3245 3638 πυρετοὶ
3284 3567 3647 3631 ἀδιάλειπτοι,

2058 3659 2211 3731 ῥίνης
2239 3657 2395 3729 δίκην
2425 3657 2882 3720 ἀποδαπανῶντες
2905 3656 2967 3710 τὸ
2994 3657 3175 3728 σῶμα.

2131 3748 2250 3803 106.
2305 3745 2690 3819 Ὀγδοηκοστδν
2730 3743 2866 3817 ἦγεν
2899 3747 3050 3813 ἔτος,
3083 3749 3171 3801 ὅτε
3205 3750 3236 3801 ὁ
3276 3746 3522 3811 διάὸολος
3573 3747 3645 3801 τά

2043 3815 2145 3888 ’τοῦ
2164 3834 2282 3888 Ἰὼὸ
2307 3815 2444 3889 ἆθλα
2474 3815 2552 3898 είς
2579 3815 2789 3906 ταύτην
2815 3837 3112 3908 μετέφερεν
3137 3853 3152 3868 ο
3179 3839 3371 3902 αὐταῖς
3400 3839 3501 3908 μὲν
3529 3838 3642 3909 γάρ

2054 3931 2145 3982 καὶ
2183 3931 2300 3984 τότε
2337 3927 2604 4001 ἐκέχρητο
2633 3935 2754 3994 ταῖς
2783 3932 3033 4002 μάστιξιν
3053 3949 3066 3962 ·
3106 3931 3222 3985 ἀλλ’
3255 3935 3348 3986 ἐπὶ
3374 3933 3470 3986 τοῦ
3505 3951 3644 4006 παρ-

2051 4024 2200 4086 όντος
2231 4023 2512 4092 συντέμνει
2545 4023 2637 4076 τὸν
2664 4023 2886 4093 χρόνον,
2927 4027 3337 4097 φορτικωτέρας
3379 4027 3645 4098 ποιούμε-

2051 4131 2140 4175 νος
2176 4115 2271 4176 τάς
2292 4113 2608 4185 ἀλγηδόνας.
2637 4114 2891 4184 Πέμπτον
2915 4117 3012 4186 μὲν
3045 4118 3140 4170 καὶ
3164 4119 3489 4187 τριακοστὸν
3517 4119 3641 4183 ἔτος

2049 4210 2077 4260 ό
2103 4207 2369 4279 μακάριος
2409 4207 2525 4259 ’1ὼὸ
2558 4209 2617 4260 ἐν
2647 4209 2711 4278 τῇ
2736 4207 2916 4280 πληγῇ
2954 4211 3254 4283 πεποίηκεν
3277 4229 3290 4241 ·
3317 4213 3554 4267 ἐνταῦθα
3581 4214 3640 4267 δὲ

2049 4301 2076 4351 ό
2103 4299 2327 4370 ἐχθρὸς,
2359 4298 2548 4369 ὥσπερ
2595 4300 2846 4372 ἀπαρχάς
2895 4319 3049 4366 τινας
3098 4303 3225 4366 τοὺς
3257 4303 3364 4356 τῶν
3396 4305 3640 4359 δεκάδων

2050 4392 2274 4461 χρόνους
2306 4392 2673 4464 ἀποσυλήσας,
2707 4393 2844 4464 πρὸς
2871 4395 2968 4458 τὰς
2999 4395 3214 4466 πληγάς
3248 4400 3510 4453 συνάπτει
3557 4400 3638 4468 τῷ

2052 4480 2182 4550 ἱερῷ
2214 4482 2420 4552 ταύτης
2461 4481 2694 4552 σώματι.
2737 4482 2873 4552 Τρία
2927 4483 3036 4552 γὰρ
3068 4485 3240 4552 ἥμισυ
3285 4486 3378 4557 έτη
3406 4486 3495 4539 διά
3527 4487 3641 4538 τῶν

371 4562 527 4617 Acin
561 4559 699 4614 Jobo
729 4559 946 4629 quidem
980 4561 1049 4613 ab
1078 4559 1444 4616 exterioribus
1473 4560 1630 4614 initia
1657 4561 1942 4615 vulnerum

2066 4570 2287 4623 εὐκλεῶν
2318 4572 2521 4625 τούτων
2545 4572 2722 4626 πόνων
2741 4573 2818 4643 τῷ
2842 4573 3021 4644 ἐχθρῷ
3052 4575 3475 4646 ἀπεμαχήσατο.
3512 4577 3636 4629 Ἐπὶ

372 4650 624 4706 diabolus
661 4649 848 4715 duxit;
901 4649 958 4703 in
990 4649 1094 4703 hac
1120 4663 1250 4705 vero
1295 4650 1364 4703 ab
1404 4650 1638 4706 internis
1663 4652 1943 4706 cruciatus

373 4743 709 4811 auspicatur.
735 4739 902 4796 Lazsis
936 4741 1204 4812 siquidem
1251 4743 1480 4797 internis
1510 4744 1630 4813 ejus
1658 4745 1943 4811 membris,

370 4835 608 4904 majores
633 4835 683 4890 ei
711 4834 1096 4904 gravioresque
1135 4837 1359 4892 immisit
1395 4836 1630 4894 dolores.
1667 4837 1784 4893 Non
1818 4856 1946 4910 per-

371 4927 497 4999 inde
526 4927 766 4982 arbitror
810 4927 1264 4997 generosissimos
1297 4938 1569 5001 martyres
1602 4933 1938 5000 decertasse,

371 5028 532 5087 atque
553 5019 870 5088 praeclaram
905 5017 1290 5090 Syncleticam.
1336 5020 1461 5079 lllos
1504 5039 1739 5095 namque
1772 5027 1944 5081 scele-

367 5118 487 5161 slus
536 5108 624 5162 ille
675 5108 1014 5163 extrinsecus
1067 5110 1440 5176 adoriebatur,
1483 5128 1547 5167 ac
1581 5114 1697 5171 sive
1729 5131 1938 5183 ensem,

368 5202 483 5252 sive
516 5197 693 5267 ignem
726 5199 1060 5265 admoveret,
1102 5203 1274 5258 levius
1305 5204 1436 5258 illud
1471 5213 1588 5259 erat
1618 5209 1940 5262 tentationi-

365 5289 468 5341 bus
496 5295 701 5342 sanctae
722 5290 940 5345 oblatis.
984 5290 1114 5360 Ejus
1143 5307 1381 5364 namque
1411 5295 1621 5348 viscera
1651 5298 1809 5367 quasi
1843 5314 1941 5368 per

364 5375 642 5432 fornacem
679 5380 895 5450 igneam
941 5385 1330 5451 succendebat,
1363 5386 1621 5455 paulatim
1653 5389 1830 5458 ignem
1873 5407 1937 5445 ex

364 5467 716 5524 interioribus
768 5474 1106 5541 accendens;
1158 5492 1220 5530 ac
1262 5477 1402 5532 limae
1459 5479 1636 5535 instar
1680 5483 1939 5540 diuturno

368 5566 610 5623 tempore
645 5576 846 5630 corpus
883 5565 1002 5633 ejus
1030 5567 1338 5621 insumebat
1372 5589 1384 5624 :
1418 5572 1563 5641 quod
1610 5580 1669 5626 ut
1702 5591 1827 5630 vere
1855 5577 1940 5631 di-

364 5727 641 5824 judiciarii
681 5740 1030 5804 magistratus
1067 5749 1345 5803 commissi
1391 5761 1540 5816 sunt,
1575 5727 1794 5824 quando
1824 5761 1934 5815 reis

367 5814 640 5874 voluerint
691 5828 939 5889 graviora
999 5832 1239 5901 inﬂigere
1277 5842 1563 5908 supplicia,
1591 5814 1930 5905 “lentissimo

2051 4663 2148 4734 μὲν
2175 4658 2268 4717 οῦν
2291 4663 2385 4716 τοῦ
2429 4662 2548 4716 Ἰὼϐ
2571 4667 2636 4717 ἐκ
2663 4663 2770 4717 τῶν
2794 4664 2898 4730 ἔξω
2927 4665 3026 4729 τὰς
3054 4666 3231 4736 ἀρχὰς
3253 4667 3362 4720 τῶν
3383 4671 3636 4741 τραυμά-

2045 4770 2152 4807 των
2184 4755 2417 4806 ἐποιεῖτο
2448 4756 2475 4808 ὁ
2501 4755 2745 4819 διάϐολος
2764 4771 2778 4784 ο
2823 4755 2915 4808 ἐπὶ
2946 4755 3001 4808 δέ
3037 4759 3240 4827 ταύτης
3274 4761 3340 4811 ἐκ
3370 4761 3480 4814 τῶν
3526 4762 3635 4813 ἔσω

2046 4847 2297 4917 πρόσεισι
2337 4850 2458 4911 ταῖς
2489 4848 2804 4920 τιμωρίαις.
2853 4848 2943 4920 Τῷ
2983 4849 3093 4922 γάρ
3133 4851 3423 4905 ἐνδοσθίων
3465 4855 3635 4921 αὐτῆς

2048 4939 2224 5010 μελῶν
2273 4937 2537 4993 ἅπτεσθαι
2564 4981 2577 5002 ,
2644 4941 2896 5010 μείζονας
2947 4943 3081 5013 αὐτῇ
3118 4945 3210 4995 καὶ
3243 4944 3632 5018 χαλεπωτέρας

2042 5031 2140 5095 τάς
2170 5031 2468 5102 ἀλγηδόνας
2498 5033 2812 5104 ἀπένειμεν.
2921 5037 3033 5106 Οὐχ
3080 5037 3253 5100 οὕτως
3287 5036 3446 5110 οἶμαι
3505 5045 3632 5105 τοὺς

2043 5122 2453 5192 γενναιοτάτους
2483 5122 2842 5195 ἐνηθληκέναι
2887 5128 3170 5199 μάρτυρας
3190 5170 3204 5192 ,
3228 5129 3304 5193 ὡς
3329 5131 3433 5201 τὴν
3467 5133 3629 5186 ἀοίδι-

2045 5231 2144 5284 μον
2192 5214 2585 5286 Συγκλητικήν.
2648 5217 2918 5280 Ἐκείνους
2969 5219 3067 5289 μὲν
3114 5221 3224 5291 γὰρ
3266 5223 3333 5275 ἐκ
3367 5224 3480 5277 τῶν
3526 5226 3628 5292 ἔξω

2044 5306 2270 5376 προσῄει
2296 5308 2324 5358 ὁ
2346 5306 2704 5376 παλαμναῖος.
2733 5308 2852 5361 Κάν
2871 5327 2928 5362 τε
2957 5310 3066 5382 γὰρ
3089 5310 3262 5380 ξίφος,
3297 5314 3402 5367 κάν
3429 5332 3487 5367 τε
3516 5315 3625 5387 περ

2041 5398 2223 5460 αὐτοῖς
2245 5398 2603 5468 προσέφερεν,
2628 5399 2932 5472 ἠπιώτερον
2958 5402 3169 5473 ὑπῆρχε
3205 5405 3316 5457 τῶν
3343 5410 3623 5478 παρόντων

2039 5489 2175 5559 αὐτῇ
2206 5491 2595 5562 πειρατηρίων.
2646 5492 2789 5544 Ἀντὶ
2826 5493 2924 5562 μὲν
2962 5494 3072 5566 γὰρ
3100 5497 3333 5567 καμίνου
3367 5517 3624 5568 πεπυρω-

2041 5577 2212 5649 μένης
2235 5579 2301 5632 τά
2332 5579 2614 5650 σπλάγχνα
2648 5582 2819 5651 αὐτῆς
2848 5584 3130 5648 ύπέκαιεν,
3171 5588 3236 5638 ἐκ
3273 5587 3385 5640 τῶν
3427 5590 3536 5642 ἔσω
3563 5590 3624 5642 τὸ

2037 5669 2150 5742 πῦρ
2192 5673 2311 5724 κατ’
2349 5671 2527 5742 ὀλίγον
2561 5675 2845 5740 ἐξάπτων·
2876 5679 2971 5730 καὶ
3014 5680 3169 5750 ῥίνης
3209 5681 3366 5751 δίκην
3401 5683 3490 5736 διά
3521 5702 3623 5754 μα·

2035 5760 2170 5830 κροῦ
2203 5762 2396 5832 χρόνου
2423 5764 2741 5818 ἀπεδαπάνα
2772 5766 2833 5819 τὸ
2864 5767 3044 5838 σῶμα.
3080 5771 3189 5822 Καὶ
3221 5770 3373 5825 ἔστιν
3405 5774 3619 5844 άληθῶς

2038 5851 2175 5922 βαρὺ
2200 5851 2358 5906 τοῦτο
2392 5855 2484 5908 καὶ
2513 5856 2879 5928 ἀπάνθρωπον
2921 5863 3112 5915 εἰπεῖν.
3149 5864 3260 5916 Καὶ
3296 5865 3409 5934 γὰρ
3446 5869 3496 5920 οἱ
3525 5867 3614 5930 τὰς
