3864 6208
191 215 216 266 1
230 213 336 268 555

1321 213 1480 269 vm
1522 212 1814 270 suam
1853 195 2331 271 sif'NCLETICIE.‘

3291 217 3312 271 Ι
3325 216 3437 274 554-

186 328 509 392 δικαστικάς
534 295 1026 401 ἐμπεπιστευμένοι
1059 330 1252 402 ἀρχάς,
1279 332 1512 402 ὁπηνίκα
1546 333 1612 386 ἂν
1642 332 1761 402 βου-

1871 347 1964 387 eos
1994 334 2118 404 igne
2149 332 2464 388 absumunt.
2503 329 2593 385 Sic
2620 345 2837 402 quoque
2868 329 3123 387 inimicus
3166 348 3232 388 ex
3273 333 3417 388 inter

189 419 399 490 ληθῶσι
433 423 544 482 τοῖς
573 421 922 491 άμαρτήσασι
957 421 1256 493 βαρυτέρας
1291 422 1552 476 ἐπιθεῖναι
1596 439 1766 492 τιμω-

190 511 336 581 ρίας.
363 511 449 565 διὰ
477 511 838 593 βληχροτάτου
881 515 1051 582 πυρὸς
1091 513 1312 577 τούτους
1356 514 1762 568 ἀναλίσκουσιν·

1869 426 1978 490 nis,
2009 426 2155 480 velut
2201 425 2555 479 suburentem
2609 437 2958 478 commovens
2992 422 3218 487 febrem,
3251 425 3430 479 inces-

1870 522 2057 569 santer
2087 513 2175 568 die
2217 519 2485 581 nocteque
2511 511 2815 566 cruciatum
2843 511 3112 566 movebat.

185 601 364 667 οὕτως
409 599 501 657 οῦν
549 605 643 687 καῖ
674 605 703 656 ὁ
741 604 934 675 ἐχθρὸς
985 609 1048 659 ἐκ
1081 607 1186 659 τῶν
1226 607 1409 675 ἔνδον,
1448 608 1636 678 ὥσπερ
1706 607 2151 678 ὑποσμυχόμενον
2189 606 2279 659 τὸν
2333 603 2563 677 πυρετὸν
2609 602 2797 669 κινῶν,
2857 605 3132 668 ἄπαυστον
3171 607 3230 659 ἐν
3278 604 3429 658 νυκτὶ

188 695 288 748 καὶ
314 695 431 765 μεθ’
459 695 670 767 ήμέραν
699 698 933 751 ἐποιεῖτο
955 698 1050 770 τὴν
1076 701 1368 770 τιμωρίαν.

269 807 387 865 107.
427 810 536 862 Καὶ
554 810 757 882 ταύτην
780 812 836 864 δὲ
880 813 978 884 τὴν
1011 814 1222 885 πληγὴν
1257 815 1518 882 γενναίως
1556 811 1760 882 ὑποφέ-

191 917 362 971 ρουσα
391 902 450 954 ού
493 903 786 955 συνέπιπτε
827 904 905 974 τῷ
956 908 1297 976 φρονήματι·
1343 904 1478 959 ἀλλά
1527 905 1688 959 πάλιν
1726 905 1758 973 ἡ

191 994 440 1066 μακαρία
476 997 618 1050 κατά
649 997 741 1050 τοῦ
768 997 960 1068 ἐχθροῦ
986 998 1301 1067 ἠγωνίζετο.
1335 999 1444 1052 Καὶ
1480 998 1607 1067 γοῦν
1657 996 1762 1049 πά-

188 1085 276 1140 λιν
303 1091 424 1151 ταῖς
448 1089 679 1156 ἀγαθαῖς
711 1091 1077 1154 διδασκαλίαις
1113 1093 1236 1155 τοὺς
1281 1092 1370 1144 ὑπ’
1403 1089 1566 1143 αὑτοῦ
1596 1106 1760 1158 τραυ-

194 1177 587 1248 ματιζομένους
617 1181 731 1232 ἰᾶτο
751 1196 764 1209 ·
793 1180 888 1233 καὶ
914 1179 1021 1252 γὰρ
1051 1179 1238 1251 ῶσπερ
1267 1182 1331 1232 ἐκ
1355 1178 1565 1241 λέοντος
1603 1179 1761 1248 αἱμο-

191 1265 354 1337 δόρου
387 1269 485 1332 τὰς
520 1269 696 1340 ψυχὰς
739 1269 1016 1342 ἀπλήγους
1058 1270 1287 1324 ἁνέσπα.
1346 1266 1674 1339 Ἐθεράπευε
1705 1265 1762 1318 δέ

190 1358 318 1420 τοὺς
347 1361 682 1430 τραυματίας
713 1364 824 1424 τοῖς
859 1362 1144 1432 σωτηρίοις
1178 1360 1272 1413 τοῦ
1303 1362 1508 1432 Κυρίου
1547 1359 1765 1430 φαρμά-

192 1465 328 1512 κοις.
363 1451 525 1515 Τινάς
555 1452 610 1504 δὲ
629 1453 719 1505 καὶ
744 1453 1018 1524 ἀτρώτους
1038 1453 1382 1523 διεφύλαττεν
1405 1469 1418 1482 ·
1448 1451 1762 1505 ὑποδεικνύ-

191 1555 327 1592 ουσα
357 1540 462 1613 γάρ
493 1543 674 1606 αὐτοῖς
699 1543 792 1596 τοῦ
819 1544 1062 1598 διαϐόλου
1106 1544 1205 1608 τὰς
1244 1543 1464 1617 δολερὰς
1510 1541 1762 1610 παγίδας,

192 1629 510 1701 ἐλευθέρους
534 1635 767 1687 ἐποιεῖτο
787 1636 886 1705 τῆς
921 1634 1207 1706 ἁμαρτίας.

272 1722 388 1777 108.
417 1724 608 1792 Ἔλεγε
637 1725 694 1779 δὲ
721 1729 753 1796 ἡ
787 1726 1085 1797 θαυμασία,
1119 1728 1194 1790 ὡς
1225 1727 1298 1797 μὴ
1322 1727 1430 1779 δεῖν
1454 1726 1760 1797 ἀμεριμνᾷν

192 1831 325 1867 ποτε
362 1814 458 1879 τὰς
495 1816 612 1887 Θεῷ
641 1819 1001 1888 ἀνακειμένας
1029 1819 1222 1889 ψυχάς.
1261 1817 1498 1879 Ταύταις
1531 1815 1638 1886 γὰρ
1669 1817 1758 1884 μά-

193 1904 347 1961 λιστα
378 1909 675 1964 ἀντίκειται
716 1912 744 1962 ὁ
789 1912 999 1981 ἐχθρός.
1040 1911 1150 1965 Καὶ
1181 1911 1322 1982 γὰρ,
1376 1907 1760 1980 ήσυχαζουσῶν

192 2001 403 2066 αὐτῶν,
437 2003 623 2075 βρύχει
643 2047 657 2071 ,
691 2005 785 2058 καὶ
818 2004 1124 2075 ἡττώμενος
1151 2005 1390 2057 ἀνιᾶται·
1440 2003 1533 2056 καὶ
1568 2000 1759 2072 μικρὸν

192 2081 571 2165 ἀποχωρήσας,
602 2097 888 2167 ἐπιτηρεῖ·
922 2079 1026 2149 κᾶν
1056 2094 1227 2164 βραχύ
1257 2112 1310 2147 τι
1343 2091 1755 2163 άφυπνώσωσιν,

191 2184 362 2247 οὓτως
403 2185 811 2257 ἐπεισέρχεται·
852 2187 946 2240 καὶ
978 2187 1043 2240 δι’
1083 2180 1156 2240 ὧν
1190 2184 1397 2256 νομίζει
1418 2203 1499 2248 τις
1526 2184 1668 2255 ἔχειν
1700 2183 1760 2234 τὸ

191 2278 520 2347 ἀμέριμνον,
551 2278 637 2332 διὰ
686 2279 887 2333 τούτων
934 2280 1108 2332 αὐτῶν
1156 2278 1525 2342 ὑποσκελίζει·
1574 2275 1758 2345 ὥσπερ

192 2366 301 2438 γὰρ
327 2367 581 2422 ἀδύνατον
604 2370 730 2433 τοὺς
755 2371 892 2425 πάνυ
917 2369 1152 2438 φαύλους
1181 2369 1254 2441 μὴ
1292 2368 1432 2439 ἔχειν
1474 2367 1567 2420 καὶ
1609 2384 1760 2419 σπιν-

190 2460 336 2530 θῆρα
356 2460 544 2524 καλοῦ,
567 2461 707 2514 οὕτω
722 2463 781 2515 τὸ
797 2463 1034 2516 ἐναντίον
1059 2463 1172 2523 τοῖς
1197 2462 1449 2532 χρησταῖς
1479 2457 1754 2529 πρόσεστι.

190 2552 314 2606 Τῶν
333 2553 440 2624 γὰρ
472 2556 792 2625 μαχομένων
822 2556 984 2626 μοῖρά
1009 2573 1093 2619 τις
1136 2556 1194 2608 ἐν
1229 2557 1342 2617 τοῖς
1371 2550 1759 2621 ἀντικειμένοις

155 2703 157 2706 ς
196 2643 388 2714 μέρεσι
436 2645 712 2716 τυγχάνει.
764 2645 1031 2708 Πολλάκις
1077 2645 1207 2713 γοῦν
1254 2643 1537 2714 ἄνθρωπος
1597 2640 1758 2692 παντὶ

193 2734 454 2805 αἰσχίστῳ
482 2735 969 2805 περιεστοίχισται,
1005 2737 1100 2788 καὶ
1139 2734 1286 2806 πάσῃ
1316 2728 1577 2801 ἀκολασίᾳ
1619 2746 1756 2798 συμ-

195 2825 500 2897 πέφυρται’
557 2827 670 2880 ἀλλ’
721 2828 870 2898 ὅμως
921 2828 1167 2898 ἐλεήμων
1215 2825 1506 2895 τυγχάνει·
1557 2822 1650 2876 καὶ
1701 2825 1758 2874 ἐν

197 2915 502 2978 σπουδαίοις
529 2914 788 2979 πολλάκις
833 2915 1244 2985 ἐμπολιτεύεται
1280 2913 1597 2984 σωφροσύνη
1622 2952 1636 2975 ,
1667 2929 1760 2981 νη-

197 3005 370 3069 στεία,
399 2977 654 3069 ἐπίπονος
686 2977 917 3076 ἄσκησις
937 3023 948 3035 ·
974 3005 1079 3058 είσὶ
1106 3005 1164 3059 δὲ
1193 2977 1442 3074 φειδωλοὶ
1463 3003 1555 3057 καὶ
1587 2977 1756 3056 κατά·
1787 2977 1829 3035 c

194 3095 363 3150 λαλοι.

266 3296 386 3351 109.
427 3298 518 3348 Δεῖ
541 3289 632 3350 οὖν
665 3296 772 3349 τῶν
801 3295 1048 3368 σμικρῶν
1083 3296 1157 3366 μὴ
1183 3296 1401 3366 ἀμελεῖν
1422 3335 1436 3357 ,
1463 3288 1538 3358 ώξ
1569 3295 1642 3365 μὴ
1673 3295 1764 3347 δυ-

195 3387 440 3457 ναμένων
480 3387 752 3456 βλάπτειν.
808 3387 915 3440 Καὶ
955 3387 1062 3457 γάρ
1115 3387 1255 3458 ’ύδωρ
1293 3386 1437 3440 λίθον
1476 3385 1554 3456 τῷ
1590 3386 1766 3457 χρόνῳ

196 3478 424 3533 διέλυσε.
465 3480 545 3532 Τά
578 3479 674 3550 μὲν
711 3474 802 3533 οὖν
833 3479 1062 3550 μέγιστα
1093 3479 1203 3532 τῶν
1236 3481 1293 3530 ἐν
1327 3477 1633 3548 ἀνθρώποις
1668 3495 1765 3530 κα-

196 3570 304 3625 λῶν
333 3572 397 3624 ἐκ
430 3571 578 3635 θείας
611 3570 828 3642 χάριτος
854 3572 1034 3634 αὐτοῖς
1069 3570 1448 3642 προσγίνεται·
1491 3569 1559 3623 τὰ
1595 3569 1652 3620 δὲ
1682 3569 1766 3622 δο-

196 3659 394 3714 κοῦντα
419 3659 625 3730 σμικρά
651 3659 936 3728 τυγχάνειν
963 3659 1028 3711 δι’
1058 3658 1264 3712 ἑαυτῶν
1308 3657 1593 3711 ἀποσοϐεῖν
1624 3657 1760 3710 δεδι-

195 3750 461 3822 δάγμεθα.
499 3753 558 3805 ’0
595 3747 686 3804 οῦν
713 3749 790 3820 τῷ
818 3751 1035 3821 μεγάλῳ
1057 3749 1145 3803 διά
1168 3750 1267 3820 τῆς
1307 3749 1525 3820 χάριτος
1553 3751 1767 3817 ἀπομα-

197 3843 523 3914 χησάμενος,
559 3841 651 3895 τοῦ
691 3842 748 3895 δέ
776 3841 1006 3912 σμικροῦ
1043 3841 1479 3911 καταφρονήσας,
1519 3839 1765 3910 μεγάλως

201 3935 545 4006 βλαϐήσεται.
599 3937 657 3988 '0
695 3933 802 4007 γὰρ
843 3935 1046 4005 Κύριος
1087 3931 1275 4004 ἡμῶν,
1315 3931 1503 4002 ὥσπερ
1549 3935 1766 4001 γνήσιος

197 4029 422 4100 Πατὴρ,
461 4027 658 4098 ἀρτίως
690 4026 797 4080 τῶν
839 4026 1066 4080 παιδίων
1105 4025 1267 4078 αὐτοῦ
1311 4024 1604 4096 ὁρμώντων
1633 4025 1765 4095 πρὸς

200 4120 426 4192 βάδισιν,
457 4120 636 4191 ὀρέγει
670 4119 768 4189 τὴν
801 4120 959 4190 χεῖρα
979 4137 990 4148 ·
1025 4119 1115 4171 καὶ⁸
1141 4117 1284 4171 κατά
1310 4118 1417 4170 πᾶν
1453 4116 1632 4169 ὁτιοῦν
1659 4115 1765 4168 τῶν

201 4213 449 4284 μεγάλων
472 4214 618 4282 ἡμᾶς
639 4211 893 4266 κινδύνων
920 4211 1196 4283 ῥυόμενος,
1231 4210 1310 4272 εἰς
1335 4209 1403 4262 τά
1445 4209 1614 4279 μικρά
1645 4224 1769 4274 συγ-

1937 805 2060 860 107.
2093 804 2190 858 Illa
2215 819 2366 869 vero,
2399 803 2714 873 hujusmodi
2735 805 2942 875 plagam
2975 813 3197 861 strenue
3230 805 3432 872 ferens,

1866 911 1978 951 non
2025 896 2266 951 concidit
2316 894 2523 950 animo.
2575 893 2924 966 Rursumque
2957 896 3115 951 beata
3144 897 3296 967 virgo
3333 898 3434 952 ad-

1864 1004 2058 1044 versus
2082 989 2292 1043 hostem
2317 987 2663 1042 instaurabat
2686 1003 2940 1059 pugnam.
2966 987 3274 1060 lterumque
3296 1006 3430 1060 prae

1863 1080 2028 1134 claris
2056 1081 2172 1135 suis
2193 1080 2555 1144 documentis,
2586 1080 2898 1134 vulneratos
2921 1079 2988 1134 ab
3020 1081 3242 1135 inimico
3265 1096 3432 1136 sana-

1863 1171 1956 1226 bat
1997 1189 2010 1225 :
2045 1186 2110 1225 ac
2136 1171 2284 1226 velut
2312 1187 2343 1225 e
2374 1170 2624 1227 faucibus
2653 1171 2988 1242 sanguinarii
3019 1172 3193 1228 leonis
3222 1174 3431 1229 animas

1861 1262 2060 1317 illaesas
2114 1261 2484 1318 extrahebat);
2529 1260 2757 1317 Saucios
2811 1263 3041 1317 curabat
3097 1264 3430 1320 salutaribus

1862 1354 2064 1409 Christi
2097 1353 2374 1408 remediis.
2410 1351 2712 1408 Nonnullos
2754 1352 3126 1409 invulneratos
3155 1355 3428 1422 servabat,

1865 1445 2229 1516 indicatisque
2257 1445 2465 1502 dolosis
2490 1445 2654 1518 640
2707 1445 2908 1502 diaboli
2954 1447 3184 1516 laqueis,
3227 1448 3428 1503 liberos

1867 1537 2126 1592 reddebat
2156 1552 2186 1591 a
2209 1523 2455 1608 peccato.

1940 1714 2058 1769 108.
2113 1713 2335 1768 Dicebat
2366 1728 2529 1784 porro
2569 1712 2890 1768 admiranda
2934 1714 3024 1767 illa
3053 1713 3209 1785 virgo
3246 1733 3258 1769 :
3295 1713 3428 1768 Ani-

1866 1821 1984 1860 mas
2014 1804 2122 1860 Deo
2154 1805 2362 1861 dicatas
2392 1820 2674 1874 nunquam
2705 1805 2905 1861 debere
2941 1820 3142 1875 ponere
3165 1805 3429 1860 sollicitu-

1867 1895 2069 1961 dinem,
2100 1895 2229 1968 quia
2255 1896 2335 1952 eis
2365 1897 2709 1964 potissimum
2760 1896 3080 1952 adversatur
3126 1896 3382 1952 inimicus
3409 1913 3424 1948 :

1869 2003 1992 2042 nam
2031 1987 2158 2042 dum
2199 1988 2256 2043 in
2305 2003 2521 2044 secessu
2555 1988 2662 2043 illae
2709 1998 2764 2044 et
2799 1991 2854 2044 in
2885 1990 3066 2060 quiete
3112 1997 3426 2055 versantur,

1865 2081 2011 2151 rugit
2035 2081 2146 2145 ille,
2171 2081 2351 2135 victus
2374 2080 2688 2151 indignatur
2711 2097 2726 2146 ;
2753 2083 3143 2153 paululumque
3168 2082 3430 2138 secedens

1865 2173 2116 2228 observat
2137 2187 2266 2227 num
2285 2172 2577 2242 aliquando
2596 2173 2682 2228 vel
2704 2173 2977 2228 tantillum
2998 2174 3426 2240 obdormiscant,

1866 2272 2104 2334 tuncque
2139 2264 2298 2318 irruit
2329 2282 2342 2318 :
2379 2278 2444 2318 ac
2471 2279 2566 2334 per
2594 2280 2717 2334 quae
2749 2265 2872 2334 quis
2911 2266 3188 2321 existimat
3230 2266 3286 2320 in
3315 2273 3429 2320 tuto

1866 2371 1924 2412 se
1955 2356 2182 2421 versari,
2213 2371 2309 2425 per
2339 2356 2525 2411 eadem
2557 2356 2708 2410 illum
2739 2356 3073 2425 supplantat.
3110 2355 3263 2412 Sicut
3284 2358 3426 2411 enim

1866 2450 1979 2505 ﬁeri
2026 2450 2214 2520 nequit
2248 2465 2344 2505 eos
2368 2451 2460 2520 qui
2493 2449 2787 2506 admodum
2832 2449 3082 2505 scelerati
3130 2459 3278 2514 sunt,
3318 2465 3430 2504 non

1866 2542 2065 2596 habere
2094 2541 2176 2596 vel
2221 2541 2515 2597 scintillam
2560 2541 2720 2608 boni;
2757 2540 2833 2595 ita
2857 2540 3098 2596 vicissim
3129 2556 3188 2596 se
3215 2556 3304 2597 res
3334 2541 3429 2593 ha-

1865 2633 1956 2688 bet
1981 2633 2038 2688 in
2064 2632 2225 2688 bonis
2247 2651 2260 2688 :
2281 2633 2552 2704 siquidem
2575 2647 2765 2688 eorum
2792 2648 2911 2702 quae
2940 2633 3079 2688 inter
3102 2647 3163 2688 se
3187 2642 3430 2704 pugnant

1866 2724 2042 2793 portio
2079 2725 2326 2795 quaedam
2362 2726 2418 2779 in
2442 2725 2706 2796 oppositis
2738 2724 2986 2794 partibus
3010 2725 3243 2782 exsistit.
3277 2723 3429 2781 Unde

1865 2831 2238 2886 saepenumero
2281 2816 2446 2872 homo
2484 2817 2630 2873 omni
2671 2817 3007 2888 turpitudine
3035 2815 3426 2878 circumdatus,

1866 2908 2014 2962 omni
2063 2907 2482 2978 intemperantia
2516 2907 2774 2972 fcedatus,
2825 2916 3061 2961 attamen
3113 2904 3429 2960 misericors

1863 3007 1946 3055 est
1981 3019 1993 3054 :
2024 3015 2272 3070 saepeque
2311 3001 2366 3054 in
2400 3000 2617 3055 virtutis
2661 2998 2922 3055 studiosis
2943 3005 3230 3054 versantur
3252 2997 3430 3051 conti-

1865 3089 2070 3153 nentia,
2090 3090 2382 3160 jejunium,
2417 3091 2688 3145 laboriosa
2714 3089 3036 3146 exercitatio
3055 3105 3068 3117 ·
3095 3094 3224 3144 sunt
3246 3094 3426 3143 autem

1866 3182 2050 3239 forsan
2083 3183 2234 3236 avari
2267 3191 2320 3238 et
2353 3185 2772 3242 obtrectatores.

1932 3291 2054 3347 109.
2105 3290 2223 3348 Non
2277 3291 2460 3362 itaque
2510 3291 2832 3362 negligenda
2867 3300 2993 3347 sunt
3035 3306 3220 3362 parva,
3272 3292 3427 3361 quasi

1870 3398 2068 3439 nocere
2118 3399 2227 3439 non
2276 3385 2507 3441 valeant.
2559 3382 2693 3438 Nam
2754 3384 3112 3444 diuturnitate
3169 3384 3428 3454 temporis

1863 3481 2015 3544 gutta
2049 3483 2208 3529 cavat
2235 3475 2492 3545 lapidem.
2525 3473 2701 3529 Porro
2732 3475 2967 3528 maxima
3001 3489 3128 3544 pars
3159 3474 3426 3529 bonorum

1865 3581 1985 3637 quae
2017 3567 2073 3620 in
2101 3566 2415 3622 hominibus
2444 3572 2595 3629 sunt,
2629 3580 2694 3620 ex
2725 3563 2909 3619 divina
2933 3565 3067 3635 ipsis
3103 3565 3277 3634 gratia
3312 3579 3432 3635 pro-

1864 3659 2118 3724 veniunt;
2149 3673 2271 3727 qua).
2307 3665 2486 3712 autem
2518 3658 2728 3711 minora
2754 3657 3006 3711 videntur
3030 3671 3169 3722 esse,
3206 3671 3302 3726 per
3328 3671 3428 3710 nos

1865 3749 2014 3819 ipsos
2043 3749 2328 3820 proﬂigare
2359 3747 2535 3804 edocti
2563 3763 2771 3804 sumus.
2803 3747 2906 3815 Qui
2932 3748 3095 3820 igitur
3131 3748 3430 3817 majoribus

1866 3840 2086 3912 quidem
2116 3856 2212 3911 per
2245 3840 2475 3911 gratiam
2519 3840 2865 3910 expugnatis,
2913 3839 3059 3910 quod
3089 3854 3315 3910 parvum
3346 3847 3430 3894 est

1866 3931 2275 4000 contempserit,
2302 3929 2506 4001 ingenti
2541 3929 2803 3985 aﬂicietur
2829 3930 3050 3986 damno.
3079 3929 3212 3984 Nam
3251 3929 3431 3984 Domi—

1867 4039 1971 4079 nus
1998 4031 2205 4086 noster,
2231 4028 2418 4091 utpote
2435 4036 2598 4076 verus
2623 4019 2804 4086 Pater,
2835 4019 3221 4088 incipientibus
3245 4019 3432 4073 ambu-

1869 4118 1980 4172 lare
2015 4115 2140 4170 ﬁliis
2170 4114 2286 4170 suis
2323 4127 2541 4167 manum
2573 4112 2803 4183 porrigit
2856 4132 2868 4166 :
2921 4119 3083 4182 atque
3113 4128 3143 4187 a
3171 4111 3432 4182 gravibus

1871 4208 2175 4277 quibusque
2205 4205 2464 4276 periculis
2492 4204 2772 4268 liberatos,
2800 4218 2901 4258 nos
2935 4202 3067 4257 sinit
3094 4218 3258 4272 parva
3281 4204 3426 4273 peri-

196 4308 364 4375 χωρεῖ
400 4305 528 4375 ήμίν
561 4305 652 4372 ἀφ’
701 4301 906 4356 ἑαυτῶν
953 4301 1250 4360 κινεῖσθαι.
1302 4299 1550 4370 καθάπερ
1604 4299 1753 4351 ποσί·

1876 4299 1997 4353 cula
2031 4313 2128 4366 per
2158 4311 2256 4352 nos
2289 4296 2438 4366 ipsos
2476 4294 2648 4360 adire,
2679 4295 2835 4364 quasi
2876 4294 3106 4364 pedibus
3151 4295 3436 4350 ambulan-

197 4395 402 4457 τούτοις
424 4394 518 4464 τὴν
538 4392 760 4464 γνώμην
787 4392 996 4454 δεικνὺς
1035 4391 1340 4460 ἐλευθέραν.
1392 4391 1448 4443 Ὁ
1477 4390 1584 4460 γὰρ
1628 4389 1761 4460 πρὸς

196 4487 267 4540 τά
300 4485 470 4556 μικρά
495 4485 782 4546 εὐάλωτος,
809 4482 923 4545 πῶς
959 4482 1022 4534 ἂν
1051 4483 1118 4534 τὰ
1155 4479 1325 4552 μείζω
1351 4480 1581 4549 φυλάξαι
1608 4480 1763 4550 δυνη-

198 4576 318 4647 θείη
344 4594 358 4642 ;

274 4689 391 4744 110.
424 4687 591 4741 Πάλιν
620 4686 760 4758 ὀρῶν
797 4685 964 4756 αὐτὴν
986 4683 1456 4755 διισχυριζομένην
1486 4682 1606 4735 καθ’
1635 4685 1761 4735 ἐαυ-

197 4778 294 4833 τοῦ
324 4781 352 4832 ὁ
381 4777 687 4848 μισόκαλος,
724 4777 939 4848 ήχθετο.
989 4777 1099 4829 Καὶ
1135 4775 1274 4845 όρῶν
1310 4774 1500 4827 ἐαυτοῦ
1533 4773 1629 4844 τὴν
1670 4792 1763 4826 τυ-

202 4868 419 4941 ραννίδα
456 4867 910 4939 καθαιρουμένην,
938 4866 1121 4936 ἔτερόν
1165 4880 1286 4917 τινα
1328 4864 1630 4934 μηχανᾶται
1676 4881 1766 4916 κα-

131 4957 137 4966 ’
199 4961 325 5023 κίας
343 4959 540 5031 τρόπον
560 4976 572 4988 ο
605 4960 698 5011 καὶ
725 4957 947 5027 πλήττει
980 4956 1048 5010 τὰ
1078 4952 1356 5026 φωνητικά
1389 4954 1764 5026 ὅργανα,πρὸς

168 5035 262 5121 ξτδ
292 5051 382 5103 τὸν
414 5049 740 5121 προφορικδν
767 5049 995 5117 ἐκκόψαι
1037 5047 1192 5117 λόγον
1213 5089 1227 5114 ,
1255 5048 1425 5100 δοκῶν
1455 5045 1540 5099 διὰ
1574 5047 1763 5098 τούτου

199 5141 590 5213 λιμαγχονῆσαι
638 5139 745 5193 τῶν
791 5136 948 5193 θείων
990 5139 1162 5219 λόγων
1212 5139 1310 5202 τάς
1345 5139 1760 5209 συνερχομένας.

211 5233 350 5286 Ἀλλ’
382 5233 430 5284 εἰ
457 5233 551 5284 καὶ
580 5231 677 5302 τὴν
720 5230 886 5300 ἀκοήν
923 5231 1020 5300 τῆς
1053 5230 1318 5299 ὡφελείας
1356 5230 1644 5300 ἐστέρησεν
1664 5268 1678 5291 ,
1707 5231 1764 5281 ἐν

196 5325 277 5396 τῷ
313 5323 514 5395 μείζονι
547 5323 608 5376 τὸ
657 5321 845 5392 κέρδος
887 5320 1210 5392 δεδώρηται·
1245 5323 1309 5390 τῇ
1357 5320 1466 5390 γάρ
1492 5319 1610 5389 wet
1654 5322 1764 5381 τοῖς

197 5415 427 5469 πάθεσιν
474 5411 891 5476 ἐνατενίζουσαι,
963 5413 1160 5483 μᾶλλον
1221 5409 1607 5482 ἐκραταιοῦντο
1669 5409 1764 5480 τὴν

195 5509 441 5578 γνώμην.
488 5505 567 5560 Τά
607 5505 714 5578 γὰρ
768 5505 977 5576 ἐκείνης
1031 5504 1123 5559 τοῦ
1187 5504 1432 5574 σώματος
1476 5501 1765 5576 τραύματα

195 5601 296 5664 τὰς
324 5598 706 5668 πεπληγμένας
731 5597 909 5668 ψυχὰς
938 5599 1050 5652 ἰᾶτο
1070 5614 1081 5627 ·
1115 5597 1206 5651 καὶ
1243 5592 1308 5666 ἦν
1345 5596 1468 5650 ἰδεῖν
1492 5595 1764 5668 προφυλαο

1869 4397 1949 4443 tes
1983 4407 1997 4443 :
2029 4387 2224 4457 hisque
2261 4388 2492 4442 liberum
2532 4385 2773 4442 declarat
2819 4384 3123 4440 arbitrium.
3165 4384 3297 4439 Nam
3337 4387 3434 4455 qui

1865 4480 2047 4548 parvis
2079 4480 2237 4535 facile
2280 4479 2542 4542 vincitur,
2596 4478 2806 4547 majora
2856 4492 3052 4533 cavere
3083 4492 3188 4548 qua
3219 4479 3439 4534 ratione

1865 4573 2060 4642 poterit
2082 4573 2104 4624 ?

1942 4685 2064 4740 HO.
2100 4683 2336 4738 Rursum
2373 4683 2536 4753 igitur
2559 4683 2848 4741 advertens
2874 4684 3002 4739 boni
3033 4699 3162 4740 osor
3189 4685 3278 4740 ille
3309 4699 3437 4740 eam-

1864 4755 2124 4830 adversus
2151 4775 2326 4842 ipsum
2357 4772 2727 4837 corroborari,
2756 4772 3163 4844 indignabatur.
3195 4770 3430 4826 Videns-

1865 4885 1971 4941 que
2000 4868 2207 4925 destrui
2257 4867 2604 4938 tyrannidem
2661 4882 2838 4934 suam,
2875 4867 3040 4921 alium
3087 4865 3430 4920 machinatur

1865 4959 2084 5014 malitia:
2112 4958 2328 5012 modum
2359 4977 2371 5012 :
2399 4958 2756 5027 vulneratque
2793 4957 3034 5012 membra
3061 4956 3289 5010 vocalia.
3321 4971 3434 5024 quo

1866 5063 2172 5103 sermonem
2216 5046 2630 5116 doctrinamque
2672 5047 2818 5100 illius
2860 5045 3247 5114 interpellaret,
3279 5052 3438 5100 ratus

1866 5139 1947 5195 sic
1972 5153 2066 5193 eas
2095 5154 2214 5207 quae
2236 5139 2591 5193 convenirent
2615 5137 2756 5192 farre
2779 5137 3085 5191 divinorum
3117 5150 3434 5192 sermonum

1867 5231 2205 5286 interituras.
2241 5233 2438 5285 Verum
2470 5229 2684 5285 etiamsi
2732 5243 2892 5281 aures
2918 5242 3103 5281 earum
3137 5228 3296 5282 solita
3319 5227 3431 5282 uti—

1865 5324 2012 5378 litate
2041 5322 2286 5392 privarit,
2308 5322 2485 5390 majus
2503 5328 2681 5373 tamen
2711 5317 2843 5387 ipsis
2871 5317 3080 5371 lucrum
3110 5331 3432 5372 concessum

1866 5413 1986 5476 fuit,
2023 5427 2147 5466 cum
2195 5411 2371 5465 oculis
2401 5424 2521 5478 qum
2582 5407 2672 5461 illa
2719 5415 2994 5476 pateretur
3038 5407 3431 5476 perspicerent,

1865 5503 2071 5572 majore
2108 5500 2278 5555 animi
2320 5499 2516 5553 robore
2561 5497 2936 5552 ﬁrmabantur.
2972 5495 3207 5550 Vulnera
3235 5495 3436 5565 quippe

1868 5593 2116 5666 corporis
2138 5592 2284 5662 ejus,
2316 5591 2631 5648 vulneratas
2658 5588 2869 5644 animas
2899 5589 3183 5644 curabant.
3219 5585 3440 5641 Videre.
