  <div class='ocr_page' id='page_1' title='image "/cluster/home/n/w/nwhite01/storage/ocr_20150623/28/nnc1.0046978690/871.png"; bbox 0 0 3864 6208; ppageno 0'>
   <div class='ocr_carea' id='block_1_1' title="bbox 414 188 554 261">
    <p class='ocr_par' dir='ltr' id='par_1_1' title="bbox 414 188 554 261">
     <span class='ocr_line' id='line_1_1' title="bbox 414 188 554 261; baseline 0 -14"><span class='ocrx_word' id='word_1_1' title='bbox 414 188 554 261; x_wconf 64' lang='grc' dir='ltr'><strong>με)σῦ</strong></span> 
     </span>
    </p>
   </div>
   <div class='ocr_carea' id='block_1_2' title="bbox 1516 197 2499 259">
    <p class='ocr_par' dir='ltr' id='par_1_2' title="bbox 1516 197 2499 259">
     <span class='ocr_line' id='line_1_2' title="bbox 1516 197 2499 259; baseline 0.003 -4"><span class='ocrx_word' id='word_1_2' title='bbox 1516 198 1577 256; x_wconf 88' lang='lat' dir='ltr'><strong>S.</strong></span> <span class='ocrx_word' id='word_1_3' title='bbox 1614 197 2078 259; x_wconf 81' lang='lat' dir='ltr'><strong>ATHANASIUS.</strong></span> <span class='ocrx_word' id='word_1_4' title='bbox 2118 232 2188 244; x_wconf 90' lang='lat'><strong>—-</strong></span> <span class='ocrx_word' id='word_1_5' title='bbox 2225 200 2499 259; x_wconf 68' lang='lat' dir='ltr'><strong>SPURIA.</strong></span> 
     </span>
    </p>
   </div>
   <div class='ocr_carea' id='block_1_3' title="bbox 3533 200 3670 259">
    <p class='ocr_par' dir='ltr' id='par_1_3' title="bbox 3533 200 3670 259">
     <span class='ocr_line' id='line_1_3' title="bbox 3533 200 3670 259; baseline 0 0"><span class='ocrx_word' id='word_1_6' title='bbox 3533 200 3670 259; x_wconf 63' lang='lat'><strong>£556</strong></span> 
     </span>
    </p>
   </div>
   <div class='ocr_carea' id='block_1_4' title="bbox 408 311 1954 409">
    <p class='ocr_par' dir='ltr' id='par_1_4' title="bbox 408 311 1954 409">
     <span class='ocr_line' id='line_1_4' title="bbox 408 311 1954 409; baseline 0.011 -48"><span class='ocrx_word' id='word_1_7' title='bbox 408 324 517 377; x_wconf 89' lang='lat' dir='ltr'><strong>que</strong></span> <span class='ocrx_word' id='word_1_8' title='bbox 545 318 683 375; x_wconf 86' lang='lat' dir='ltr'><strong>erat,</strong></span> <span class='ocrx_word' id='word_1_9' title='bbox 714 311 994 369; x_wconf 83' lang='lat' dir='ltr'><strong>munimen</strong></span> <span class='ocrx_word' id='word_1_10' title='bbox 1051 313 1453 388; x_wconf 69' lang='lat' dir='ltr'><strong>sanitatemque</strong></span> <span class='ocrx_word' id='word_1_11' title='bbox 1486 322 1885 409; x_wconf 40' lang='lat' dir='ltr'><strong>spectantibus.</strong></span> <span class='ocrx_word' id='word_1_12' title='bbox 1904 323 1954 379; x_wconf 89' lang='lat' dir='ltr'><strong>al</strong></span> 
     </span>
    </p>
   </div>
   <div class='ocr_carea' id='block_1_5' title="bbox 2057 311 3671 409">
    <p class='ocr_par' dir='ltr' id='par_1_5' title="bbox 2057 325 3671 401">
     <span class='ocr_line' id='line_1_5' title="bbox 2057 325 3671 401; baseline -0.001 -18"><span class='ocrx_word' id='word_1_13' title='bbox 2057 373 2061 383; x_wconf 83' lang='lat'><strong>.</strong></span> <span class='ocrx_word' id='word_1_14' title='bbox 2089 325 2192 397; x_wconf 80' lang='grc' dir='ltr'>κὴν</span> <span class='ocrx_word' id='word_1_15' title='bbox 2221 326 2317 380; x_wconf 76' lang='grc' dir='ltr'>καὶ</span> <span class='ocrx_word' id='word_1_16' title='bbox 2339 325 2636 400; x_wconf 75' lang='grc' dir='ltr'>θεραπείαν</span> <span class='ocrx_word' id='word_1_17' title='bbox 2666 328 2773 383; x_wconf 83' lang='grc' dir='ltr'>τῶν</span> <span class='ocrx_word' id='word_1_18' title='bbox 2807 329 3095 400; x_wconf 77' lang='grc' dir='ltr'><strong>θεωμένων</strong></span> <span class='ocrx_word' id='word_1_19' title='bbox 3121 329 3222 401; x_wconf 76' lang='grc' dir='ltr'><strong>τὴν</strong></span> <span class='ocrx_word' id='word_1_20' title='bbox 3255 328 3355 400; x_wconf 81' lang='grc' dir='ltr'>τῆς</span> <span class='ocrx_word' id='word_1_21' title='bbox 3386 325 3671 399; x_wconf 76' lang='grc' dir='ltr'><strong>μακαρίας</strong></span> 
     </span>
    </p>
   </div>
   <div class='ocr_carea' id='block_1_6' title="bbox 407 398 1984 485">
    <p class='ocr_par' dir='ltr' id='par_1_6' title="bbox 407 398 1984 485">
     <span class='ocr_line' id='line_1_6' title="bbox 407 398 1984 485; baseline 0.011 -31"><span class='ocrx_word' id='word_1_22' title='bbox 407 398 550 456; x_wconf 80' lang='lat' dir='ltr'><strong>ferre</strong></span> <span class='ocrx_word' id='word_1_23' title='bbox 581 399 752 456; x_wconf 60' lang='lat' dir='ltr'><strong>beata</strong></span> <span class='ocrx_word' id='word_1_24' title='bbox 786 400 1020 475; x_wconf 76' lang='lat' dir='ltr'><strong>virginis</strong></span> <span class='ocrx_word' id='word_1_25' title='bbox 1060 406 1563 477; x_wconf 73' lang='lat' dir='ltr'><strong>magnanimitatem</strong></span> <span class='ocrx_word' id='word_1_26' title='bbox 1597 419 1759 483; x_wconf 91' lang='lat' dir='ltr'><strong>atque</strong></span> <span class='ocrx_word' id='word_1_27' title='bbox 1795 399 1984 485; x_wconf 74' lang='lat' dir='ltr'><strong>perse-</strong></span> 
     </span>
    </p>
   </div>
   <div class='ocr_carea' id='block_1_7' title="bbox 404 491 730 561">
    <p class='ocr_par' dir='ltr' id='par_1_7' title="bbox 404 491 730 561">
     <span class='ocr_line' id='line_1_7' title="bbox 404 491 730 561; baseline 0.006 -17"><span class='ocrx_word' id='word_1_28' title='bbox 404 491 730 561; x_wconf 83' lang='lat' dir='ltr'><strong>verantiam.</strong></span> 
     </span>
    </p>
   </div>
   <div class='ocr_carea' id='block_1_8' title="bbox 475 601 1980 675">
    <p class='ocr_par' dir='ltr' id='par_1_8' title="bbox 475 601 1980 675">
     <span class='ocr_line' id='line_1_8' title="bbox 475 601 1980 675; baseline 0.009 -21"><span class='ocrx_word' id='word_1_29' title='bbox 475 601 598 655; x_wconf 90' lang='grc'><strong>111.</strong></span> <span class='ocrx_word' id='word_1_30' title='bbox 632 602 788 657; x_wconf 82' lang='lat' dir='ltr'><strong>Hanc</strong></span> <span class='ocrx_word' id='word_1_31' title='bbox 820 617 953 675; x_wconf 91' lang='lat' dir='ltr'><strong>ergo</strong></span> <span class='ocrx_word' id='word_1_32' title='bbox 985 604 1091 675; x_wconf 83' lang='lat' dir='ltr'><strong>ipsi</strong></span> <span class='ocrx_word' id='word_1_33' title='bbox 1124 606 1328 664; x_wconf 83' lang='lat' dir='ltr'><strong>ulceris</strong></span> <span class='ocrx_word' id='word_1_34' title='bbox 1350 622 1574 664; x_wconf 81' lang='lat' dir='ltr'><strong>causam</strong></span> <span class='ocrx_word' id='word_1_35' title='bbox 1604 608 1771 665; x_wconf 77' lang='lat' dir='ltr'><strong>efﬁcit</strong></span> <span class='ocrx_word' id='word_1_36' title='bbox 1796 611 1980 667; x_wconf 90' lang='lat' dir='ltr'><strong>inimi-</strong></span> 
     </span>
    </p>
   </div>
   <div class='ocr_carea' id='block_1_9' title="bbox 403 694 1976 769">
    <p class='ocr_par' dir='ltr' id='par_1_9' title="bbox 403 694 1976 769">
     <span class='ocr_line' id='line_1_9' title="bbox 403 694 1976 769; baseline 0.009 -24"><span class='ocrx_word' id='word_1_37' title='bbox 403 706 552 761; x_wconf 80' lang='lat' dir='ltr'><strong>cus;</strong></span> <span class='ocrx_word' id='word_1_38' title='bbox 594 694 854 750; x_wconf 81' lang='lat' dir='ltr'><strong>molarem</strong></span> <span class='ocrx_word' id='word_1_39' title='bbox 897 711 1068 751; x_wconf 90' lang='lat' dir='ltr'><strong>unum</strong></span> <span class='ocrx_word' id='word_1_40' title='bbox 1106 697 1322 754; x_wconf 85' lang='lat' dir='ltr'><strong>dentem</strong></span> <span class='ocrx_word' id='word_1_41' title='bbox 1366 699 1556 757; x_wconf 87' lang='lat' dir='ltr'><strong>dolore</strong></span> <span class='ocrx_word' id='word_1_42' title='bbox 1601 701 1802 769; x_wconf 83' lang='lat' dir='ltr'><strong>afl&#39;ecit,</strong></span> <span class='ocrx_word' id='word_1_43' title='bbox 1851 719 1976 759; x_wconf 83' lang='lat' dir='ltr'><strong>mox</strong></span> 
     </span>
    </p>
   </div>
   <div class='ocr_carea' id='block_1_10' title="bbox 399 783 1978 866">
    <p class='ocr_par' dir='ltr' id='par_1_10' title="bbox 399 783 1978 866">
     <span class='ocr_line' id='line_1_10' title="bbox 399 783 1978 866; baseline 0.009 -30"><span class='ocrx_word' id='word_1_44' title='bbox 399 783 673 865; x_wconf 76' lang='lat' dir='ltr'><strong>gingivam</strong></span> <span class='ocrx_word' id='word_1_45' title='bbox 703 786 995 856; x_wconf 82' lang='lat' dir='ltr'><strong>putrefacit</strong></span> <span class='ocrx_word' id='word_1_46' title='bbox 1030 806 1042 841; x_wconf 91' lang='lat'><strong>:</strong></span> <span class='ocrx_word' id='word_1_47' title='bbox 1076 790 1278 846; x_wconf 79' lang='lat' dir='ltr'><strong>excidit</strong></span> <span class='ocrx_word' id='word_1_48' title='bbox 1307 806 1408 859; x_wconf 86' lang='lat' dir='ltr'><strong>os;</strong></span> <span class='ocrx_word' id='word_1_49' title='bbox 1442 793 1600 848; x_wconf 89' lang='lat' dir='ltr'><strong>ulcus</strong></span> <span class='ocrx_word' id='word_1_50' title='bbox 1643 801 1812 849; x_wconf 88' lang='lat' dir='ltr'><strong>totam</strong></span> <span class='ocrx_word' id='word_1_51' title='bbox 1852 811 1978 866; x_wconf 85' lang='lat' dir='ltr'><strong>per-</strong></span> 
     </span>
    </p>
   </div>
   <div class='ocr_carea' id='block_1_11' title="bbox 399 875 1977 959">
    <p class='ocr_par' dir='ltr' id='par_1_11' title="bbox 399 875 1977 959">
     <span class='ocr_line' id='line_1_11' title="bbox 399 875 1977 959; baseline 0.01 -32"><span class='ocrx_word' id='word_1_52' title='bbox 399 875 577 937; x_wconf 68' lang='lat' dir='ltr'><strong>currit</strong></span> <span class='ocrx_word' id='word_1_53' title='bbox 604 878 918 947; x_wconf 80' lang='lat' dir='ltr'><strong>maxillam;</strong></span> <span class='ocrx_word' id='word_1_54' title='bbox 951 890 1383 952; x_wconf 86' lang='lat' dir='ltr'><strong>corrumpuntur</strong></span> <span class='ocrx_word' id='word_1_55' title='bbox 1406 884 1599 940; x_wconf 73' lang='lat' dir='ltr'><strong>vicina:</strong></span> <span class='ocrx_word' id='word_1_56' title='bbox 1628 895 1845 956; x_wconf 89' lang='lat' dir='ltr'><strong>partes:</strong></span> <span class='ocrx_word' id='word_1_57' title='bbox 1880 905 1977 959; x_wconf 91' lang='lat' dir='ltr'><strong>per</strong></span> 
     </span>
    </p>
   </div>
   <div class='ocr_carea' id='block_1_12' title="bbox 399 968 1973 1049">
    <p class='ocr_par' dir='ltr' id='par_1_12' title="bbox 399 968 1973 1049">
     <span class='ocr_line' id='line_1_12' title="bbox 399 968 1973 1049; baseline 0.011 -28"><span class='ocrx_word' id='word_1_58' title='bbox 399 968 764 1041; x_wconf 72' lang='lat' dir='ltr'><strong>quadraginta</strong></span> <span class='ocrx_word' id='word_1_59' title='bbox 792 973 910 1030; x_wconf 86' lang='lat' dir='ltr'><strong>dies</strong></span> <span class='ocrx_word' id='word_1_60' title='bbox 938 990 1002 1030; x_wconf 82' lang='lat' dir='ltr'><strong>os</strong></span> <span class='ocrx_word' id='word_1_61' title='bbox 1024 976 1354 1041; x_wconf 87' lang='lat' dir='ltr'><strong>corroditur,</strong></span> <span class='ocrx_word' id='word_1_62' title='bbox 1392 986 1624 1049; x_wconf 82' lang='lat' dir='ltr'><strong>postque</strong></span> <span class='ocrx_word' id='word_1_63' title='bbox 1653 980 1793 1037; x_wconf 92' lang='lat' dir='ltr'><strong>duos</strong></span> <span class='ocrx_word' id='word_1_64' title='bbox 1819 997 1973 1037; x_wconf 90' lang='lat' dir='ltr'><strong>men-</strong></span> 
     </span>
    </p>
   </div>
   <div class='ocr_carea' id='block_1_13' title="bbox 398 1060 1975 1142">
    <p class='ocr_par' dir='ltr' id='par_1_13' title="bbox 398 1060 1975 1142">
     <span class='ocr_line' id='line_1_13' title="bbox 398 1060 1975 1142; baseline 0.01 -29"><span class='ocrx_word' id='word_1_65' title='bbox 398 1074 491 1115; x_wconf 84' lang='lat' dir='ltr'><strong>ses</strong></span> <span class='ocrx_word' id='word_1_66' title='bbox 519 1060 767 1120; x_wconf 80' lang='lat' dir='ltr'><strong>foramen</strong></span> <span class='ocrx_word' id='word_1_67' title='bbox 805 1067 1070 1138; x_wconf 88' lang='lat' dir='ltr'><strong>aperitur.</strong></span> <span class='ocrx_word' id='word_1_68' title='bbox 1104 1067 1302 1131; x_wconf 84' lang='lat' dir='ltr'><strong>Omnia</strong></span> <span class='ocrx_word' id='word_1_69' title='bbox 1335 1069 1542 1125; x_wconf 90' lang='lat' dir='ltr'><strong>circum</strong></span> <span class='ocrx_word' id='word_1_70' title='bbox 1589 1071 1705 1127; x_wconf 89' lang='lat' dir='ltr'><strong>loca</strong></span> <span class='ocrx_word' id='word_1_71' title='bbox 1735 1072 1975 1142; x_wconf 86' lang='lat' dir='ltr'><strong>nigrica-</strong></span> 
     </span>
    </p>
   </div>
   <div class='ocr_carea' id='block_1_14' title="bbox 397 1152 1972 1232">
    <p class='ocr_par' dir='ltr' id='par_1_14' title="bbox 397 1152 1972 1232">
     <span class='ocr_line' id='line_1_14' title="bbox 397 1152 1972 1232; baseline 0.008 -27"><span class='ocrx_word' id='word_1_72' title='bbox 397 1152 551 1219; x_wconf 87' lang='lat' dir='ltr'><strong>bant,</strong></span> <span class='ocrx_word' id='word_1_73' title='bbox 581 1168 647 1212; x_wconf 86' lang='lat' dir='ltr'><strong>os</strong></span> <span class='ocrx_word' id='word_1_74' title='bbox 681 1155 861 1227; x_wconf 89' lang='lat' dir='ltr'><strong>ipsum</strong></span> <span class='ocrx_word' id='word_1_75' title='bbox 892 1159 1054 1213; x_wconf 89' lang='lat' dir='ltr'><strong>etiam</strong></span> <span class='ocrx_word' id='word_1_76' title='bbox 1085 1170 1401 1231; x_wconf 90' lang='lat' dir='ltr'><strong>corruptum</strong></span> <span class='ocrx_word' id='word_1_77' title='bbox 1433 1162 1696 1232; x_wconf 82' lang='lat' dir='ltr'><strong>paulatim</strong></span> <span class='ocrx_word' id='word_1_78' title='bbox 1727 1164 1972 1219; x_wconf 87' lang='lat' dir='ltr'><strong>absumi-</strong></span> 
     </span>
    </p>
   </div>
   <div class='ocr_carea' id='block_1_15' title="bbox 395 1253 1970 1331">
    <p class='ocr_par' dir='ltr' id='par_1_15' title="bbox 395 1253 1970 1331">
     <span class='ocr_line' id='line_1_15' title="bbox 395 1253 1970 1331; baseline 0.009 -30"><span class='ocrx_word' id='word_1_79' title='bbox 395 1257 488 1303; x_wconf 88' lang='lat' dir='ltr'><strong>tur</strong></span> <span class='ocrx_word' id='word_1_80' title='bbox 522 1265 537 1301; x_wconf 88' lang='lat'><strong>:</strong></span> <span class='ocrx_word' id='word_1_81' title='bbox 573 1253 803 1320; x_wconf 88' lang='lat' dir='ltr'><strong>putredo</strong></span> <span class='ocrx_word' id='word_1_82' title='bbox 839 1254 1331 1327; x_wconf 76' lang='lat' dir='ltr'><strong>fmtidissimusque</strong></span> <span class='ocrx_word' id='word_1_83' title='bbox 1377 1258 1514 1314; x_wconf 89' lang='lat' dir='ltr'><strong>odor</strong></span> <span class='ocrx_word' id='word_1_84' title='bbox 1558 1267 1731 1313; x_wconf 91' lang='lat' dir='ltr'><strong>totum</strong></span> <span class='ocrx_word' id='word_1_85' title='bbox 1771 1276 1970 1331; x_wconf 89' lang='lat' dir='ltr'><strong>corpus</strong></span> 
     </span>
    </p>
   </div>
   <div class='ocr_carea' id='block_1_16' title="bbox 394 1344 1970 1422">
    <p class='ocr_par' dir='ltr' id='par_1_16' title="bbox 394 1344 1970 1422">
     <span class='ocr_line' id='line_1_16' title="bbox 394 1344 1970 1422; baseline 0.009 -28"><span class='ocrx_word' id='word_1_86' title='bbox 394 1344 718 1413; x_wconf 76' lang='lat' dir='ltr'><strong>occupavit;</strong></span> <span class='ocrx_word' id='word_1_87' title='bbox 768 1346 841 1399; x_wconf 93' lang='lat' dir='ltr'><strong>ita</strong></span> <span class='ocrx_word' id='word_1_88' title='bbox 882 1355 941 1401; x_wconf 91' lang='lat' dir='ltr'><strong>ut</strong></span> <span class='ocrx_word' id='word_1_89' title='bbox 994 1362 1114 1418; x_wconf 70' lang='lat' dir='ltr'><strong>quae</strong></span> <span class='ocrx_word' id='word_1_90' title='bbox 1166 1349 1541 1405; x_wconf 86' lang='lat' dir='ltr'><strong>ministrarent</strong></span> <span class='ocrx_word' id='word_1_91' title='bbox 1589 1352 1716 1422; x_wconf 85' lang='lat' dir='ltr'><strong>ipsi,</strong></span> <span class='ocrx_word' id='word_1_92' title='bbox 1764 1354 1970 1422; x_wconf 85' lang='lat' dir='ltr'><strong>majore</strong></span> 
     </span>
    </p>
   </div>
   <div class='ocr_carea' id='block_1_17' title="bbox 393 1437 1968 1515">
    <p class='ocr_par' dir='ltr' id='par_1_17' title="bbox 393 1437 1968 1515">
     <span class='ocr_line' id='line_1_17' title="bbox 393 1437 1968 1515; baseline 0.009 -28"><span class='ocrx_word' id='word_1_93' title='bbox 393 1450 559 1503; x_wconf 81' lang='lat' dir='ltr'><strong>quam</strong></span> <span class='ocrx_word' id='word_1_94' title='bbox 575 1437 666 1491; x_wconf 90' lang='lat' dir='ltr'><strong>illa</strong></span> <span class='ocrx_word' id='word_1_95' title='bbox 684 1453 887 1495; x_wconf 85' lang='lat' dir='ltr'><strong>nausea</strong></span> <span class='ocrx_word' id='word_1_96' title='bbox 903 1439 1265 1501; x_wconf 78' lang='lat' dir='ltr'><strong>afﬁcerentur.</strong></span> <span class='ocrx_word' id='word_1_97' title='bbox 1286 1440 1637 1515; x_wconf 89' lang='lat' dir='ltr'><strong>Subindeque</strong></span> <span class='ocrx_word' id='word_1_98' title='bbox 1668 1461 1732 1500; x_wconf 92' lang='lat' dir='ltr'><strong>ac</strong></span> <span class='ocrx_word' id='word_1_99' title='bbox 1761 1446 1968 1502; x_wconf 89' lang='lat' dir='ltr'><strong>diutius</strong></span> 
     </span>
    </p>
   </div>
   <div class='ocr_carea' id='block_1_18' title="bbox 330 1527 1962 1601">
    <p class='ocr_par' dir='ltr' id='par_1_18' title="bbox 330 1527 1962 1601">
     <span class='ocr_line' id='line_1_18' title="bbox 330 1527 1962 1601; baseline 0.011 -24"><span class='ocrx_word' id='word_1_100' title='bbox 330 1594 335 1601; x_wconf 27' lang='grc' dir='ltr'><strong><em>ι</em></strong></span> <span class='ocrx_word' id='word_1_101' title='bbox 394 1527 787 1595; x_wconf 88' lang='lat' dir='ltr'><strong>abscedebant,</strong></span> <span class='ocrx_word' id='word_1_102' title='bbox 818 1530 1278 1588; x_wconf 82' lang='lat' dir='ltr'><strong>immanissimum</strong></span> <span class='ocrx_word' id='word_1_103' title='bbox 1301 1534 1551 1590; x_wconf 66' lang='lat' dir='ltr'><strong>faetorem</strong></span> <span class='ocrx_word' id='word_1_104' title='bbox 1574 1552 1680 1591; x_wconf 89' lang='lat' dir='ltr'><strong>non</strong></span> <span class='ocrx_word' id='word_1_105' title='bbox 1706 1537 1962 1595; x_wconf 80' lang='lat' dir='ltr'><strong>ferentes.</strong></span> 
     </span>
    </p>
   </div>
   <div class='ocr_carea' id='block_1_19' title="bbox 273 1616 1967 1695">
    <p class='ocr_par' dir='ltr' id='par_1_19' title="bbox 273 1616 1967 1695">
     <span class='ocr_line' id='line_1_19' title="bbox 273 1616 1967 1695; baseline 0.011 -26"><span class='ocrx_word' id='word_1_106' title='bbox 273 1645 277 1650; x_wconf 85' lang='lat'><strong><em>~</em></strong></span> <span class='ocrx_word' id='word_1_107' title='bbox 391 1616 530 1672; x_wconf 86' lang='lat' dir='ltr'><strong>Cum</strong></span> <span class='ocrx_word' id='word_1_108' title='bbox 578 1619 635 1675; x_wconf 89' lang='lat' dir='ltr'><strong>id</strong></span> <span class='ocrx_word' id='word_1_109' title='bbox 683 1623 987 1681; x_wconf 87' lang='lat' dir='ltr'><strong>necessitas</strong></span> <span class='ocrx_word' id='word_1_110' title='bbox 1034 1626 1355 1695; x_wconf 88' lang='lat' dir='ltr'><strong>postularet,</strong></span> <span class='ocrx_word' id='word_1_111' title='bbox 1414 1637 1717 1683; x_wconf 88' lang='lat' dir='ltr'><strong>aromatum</strong></span> <span class='ocrx_word' id='word_1_112' title='bbox 1760 1631 1812 1684; x_wconf 89' lang='lat' dir='ltr'><strong>vi</strong></span> <span class='ocrx_word' id='word_1_113' title='bbox 1843 1647 1967 1686; x_wconf 88' lang='lat' dir='ltr'><strong>suc—</strong></span> 
     </span>
    </p>
   </div>
   <div class='ocr_carea' id='block_1_20' title="bbox 391 1712 1963 1783">
    <p class='ocr_par' dir='ltr' id='par_1_20' title="bbox 391 1712 1963 1783">
     <span class='ocr_line' id='line_1_20' title="bbox 391 1712 1963 1783; baseline 0.008 -21"><span class='ocrx_word' id='word_1_114' title='bbox 391 1723 558 1766; x_wconf 89' lang='lat' dir='ltr'><strong>censa</strong></span> <span class='ocrx_word' id='word_1_115' title='bbox 607 1712 888 1783; x_wconf 68' lang='lat' dir='ltr'><strong>ingressae,</strong></span> <span class='ocrx_word' id='word_1_116' title='bbox 926 1731 1052 1771; x_wconf 79' lang='lat' dir='ltr'><strong>mox</strong></span> <span class='ocrx_word' id='word_1_117' title='bbox 1084 1718 1443 1774; x_wconf 86' lang='lat' dir='ltr'><strong>discedebant</strong></span> <span class='ocrx_word' id='word_1_118' title='bbox 1496 1720 1568 1776; x_wconf 89' lang='lat' dir='ltr'><strong>ob</strong></span> <span class='ocrx_word' id='word_1_119' title='bbox 1623 1723 1963 1776; x_wconf 88' lang='lat' dir='ltr'><strong>teterrimum</strong></span> 
     </span>
    </p>
   </div>
   <div class='ocr_carea' id='block_1_21' title="bbox 388 1798 1965 1883">
    <p class='ocr_par' dir='ltr' id='par_1_21' title="bbox 388 1798 1965 1883">
     <span class='ocr_line' id='line_1_21' title="bbox 388 1798 1965 1883; baseline 0.009 -29"><span class='ocrx_word' id='word_1_120' title='bbox 388 1798 637 1869; x_wconf 86' lang='lat' dir='ltr'><strong>odorem.</strong></span> <span class='ocrx_word' id='word_1_121' title='bbox 667 1803 738 1857; x_wconf 82' lang='lat' dir='ltr'><strong>At</strong></span> <span class='ocrx_word' id='word_1_122' title='bbox 768 1805 925 1860; x_wconf 88' lang='lat' dir='ltr'><strong>beata</strong></span> <span class='ocrx_word' id='word_1_123' title='bbox 957 1806 1112 1879; x_wconf 89' lang='lat' dir='ltr'><strong>virgo</strong></span> <span class='ocrx_word' id='word_1_124' title='bbox 1140 1818 1326 1880; x_wconf 89' lang='lat' dir='ltr'><strong>aperte</strong></span> <span class='ocrx_word' id='word_1_125' title='bbox 1348 1810 1720 1867; x_wconf 88' lang='lat' dir='ltr'><strong>adversarium</strong></span> <span class='ocrx_word' id='word_1_126' title='bbox 1747 1814 1965 1883; x_wconf 89' lang='lat' dir='ltr'><strong>conspi-</strong></span> 
     </span>
    </p>
   </div>
   <div class='ocr_carea' id='block_1_22' title="bbox 391 1893 1961 1966">
    <p class='ocr_par' dir='ltr' id='par_1_22' title="bbox 391 1893 1961 1966">
     <span class='ocr_line' id='line_1_22' title="bbox 391 1893 1961 1966; baseline 0.009 -20"><span class='ocrx_word' id='word_1_127' title='bbox 391 1893 592 1959; x_wconf 86' lang='lat' dir='ltr'><strong>ciebat,</strong></span> <span class='ocrx_word' id='word_1_128' title='bbox 624 1910 802 1966; x_wconf 90' lang='lat' dir='ltr'><strong>neque</strong></span> <span class='ocrx_word' id='word_1_129' title='bbox 831 1897 1045 1954; x_wconf 88' lang='lat' dir='ltr'><strong>sinebat</strong></span> <span class='ocrx_word' id='word_1_130' title='bbox 1072 1900 1354 1957; x_wconf 82' lang='lat' dir='ltr'><strong>admoveri</strong></span> <span class='ocrx_word' id='word_1_131' title='bbox 1386 1902 1491 1958; x_wconf 89' lang='lat' dir='ltr'><strong>sibi</strong></span> <span class='ocrx_word' id='word_1_132' title='bbox 1525 1902 1829 1959; x_wconf 90' lang='lat' dir='ltr'><strong>subsidium</strong></span> <span class='ocrx_word' id='word_1_133' title='bbox 1857 1904 1961 1960; x_wconf 85' lang='lat' dir='ltr'><strong>hu-</strong></span> 
     </span>
    </p>
   </div>
   <div class='ocr_carea' id='block_1_23' title="bbox 388 1988 1959 2053">
    <p class='ocr_par' dir='ltr' id='par_1_23' title="bbox 388 1988 1959 2053">
     <span class='ocr_line' id='line_1_23' title="bbox 388 1988 1959 2053; baseline 0.01 -16"><span class='ocrx_word' id='word_1_134' title='bbox 388 1999 633 2051; x_wconf 88' lang='lat' dir='ltr'><strong>manum,</strong></span> <span class='ocrx_word' id='word_1_135' title='bbox 658 1988 761 2042; x_wconf 88' lang='lat' dir='ltr'><strong>hac</strong></span> <span class='ocrx_word' id='word_1_136' title='bbox 776 1988 832 2042; x_wconf 87' lang='lat' dir='ltr'><strong>in</strong></span> <span class='ocrx_word' id='word_1_137' title='bbox 856 2004 915 2044; x_wconf 92' lang='lat' dir='ltr'><strong>re</strong></span> <span class='ocrx_word' id='word_1_138' title='bbox 931 2005 1087 2046; x_wconf 90' lang='lat' dir='ltr'><strong>suam</strong></span> <span class='ocrx_word' id='word_1_139' title='bbox 1108 2001 1547 2050; x_wconf 90' lang='lat' dir='ltr'><strong>commonstrans</strong></span> <span class='ocrx_word' id='word_1_140' title='bbox 1567 1995 1959 2053; x_wconf 83' lang='lat' dir='ltr'><strong>fortitudinem.</strong></span> 
     </span>
    </p>
   </div>
   <div class='ocr_carea' id='block_1_24' title="bbox 387 2072 1961 2154">
    <p class='ocr_par' dir='ltr' id='par_1_24' title="bbox 387 2072 1961 2154">
     <span class='ocr_line' id='line_1_24' title="bbox 387 2072 1961 2154; baseline 0.01 -26"><span class='ocrx_word' id='word_1_141' title='bbox 387 2072 525 2129; x_wconf 87' lang='lat' dir='ltr'><strong>Cum</strong></span> <span class='ocrx_word' id='word_1_142' title='bbox 578 2085 760 2133; x_wconf 86' lang='lat' dir='ltr'><strong>autem</strong></span> <span class='ocrx_word' id='word_1_143' title='bbox 815 2089 994 2137; x_wconf 58' lang='lat' dir='ltr'><strong>coetus</strong></span> <span class='ocrx_word' id='word_1_144' title='bbox 1035 2082 1304 2154; x_wconf 76' lang='lat' dir='ltr'><strong>virginum</strong></span> <span class='ocrx_word' id='word_1_145' title='bbox 1359 2085 1732 2154; x_wconf 87' lang='lat' dir='ltr'><strong>hortarentur,</strong></span> <span class='ocrx_word' id='word_1_146' title='bbox 1776 2095 1835 2142; x_wconf 91' lang='lat' dir='ltr'><strong>ut</strong></span> <span class='ocrx_word' id='word_1_147' title='bbox 1877 2090 1961 2144; x_wconf 91' lang='lat' dir='ltr'><strong>vel</strong></span> 
     </span>
    </p>
   </div>
   <div class='ocr_carea' id='block_1_25' title="bbox 388 2167 1964 2247">
    <p class='ocr_par' dir='ltr' id='par_1_25' title="bbox 388 2167 1964 2247">
     <span class='ocr_line' id='line_1_25' title="bbox 388 2167 1964 2247; baseline 0.01 -28"><span class='ocrx_word' id='word_1_148' title='bbox 388 2167 728 2225; x_wconf 80' lang='lat' dir='ltr'><strong>aromatibus</strong></span> <span class='ocrx_word' id='word_1_149' title='bbox 758 2169 880 2226; x_wconf 89' lang='lat' dir='ltr'><strong>loca</strong></span> <span class='ocrx_word' id='word_1_150' title='bbox 920 2173 1265 2231; x_wconf 84' lang='lat' dir='ltr'><strong>illinerentur</strong></span> <span class='ocrx_word' id='word_1_151' title='bbox 1292 2183 1516 2247; x_wconf 88' lang='lat' dir='ltr'><strong>propter</strong></span> <span class='ocrx_word' id='word_1_152' title='bbox 1544 2192 1699 2232; x_wconf 91' lang='lat' dir='ltr'><strong>suam</strong></span> <span class='ocrx_word' id='word_1_153' title='bbox 1740 2180 1964 2234; x_wconf 83' lang='lat' dir='ltr'><strong>infirmi-</strong></span> 
     </span>
    </p>
   </div>
   <div class='ocr_carea' id='block_1_26' title="bbox 387 2263 1962 2337">
    <p class='ocr_par' dir='ltr' id='par_1_26' title="bbox 387 2263 1962 2337">
     <span class='ocr_line' id='line_1_26' title="bbox 387 2263 1962 2337; baseline 0.008 -24"><span class='ocrx_word' id='word_1_154' title='bbox 387 2265 577 2323; x_wconf 89' lang='lat' dir='ltr'><strong>tatem,</strong></span> <span class='ocrx_word' id='word_1_155' title='bbox 609 2275 954 2333; x_wconf 89' lang='lat' dir='ltr'><strong>nequaquam</strong></span> <span class='ocrx_word' id='word_1_156' title='bbox 986 2263 1077 2321; x_wconf 88' lang='lat' dir='ltr'><strong>illa</strong></span> <span class='ocrx_word' id='word_1_157' title='bbox 1124 2281 1329 2322; x_wconf 90' lang='lat' dir='ltr'><strong>morem</strong></span> <span class='ocrx_word' id='word_1_158' title='bbox 1375 2268 1563 2337; x_wconf 78' lang='lat' dir='ltr'><strong>gessit.</strong></span> <span class='ocrx_word' id='word_1_159' title='bbox 1601 2267 1962 2326; x_wconf 81' lang='lat' dir='ltr'><strong>Existimabat</strong></span> 
     </span>
    </p>
   </div>
   <div class='ocr_carea' id='block_1_27' title="bbox 386 2350 1962 2430">
    <p class='ocr_par' dir='ltr' id='par_1_27' title="bbox 386 2350 1962 2430">
     <span class='ocr_line' id='line_1_27' title="bbox 386 2350 1962 2430; baseline 0.01 -28"><span class='ocrx_word' id='word_1_160' title='bbox 386 2350 532 2411; x_wconf 82' lang='lat' dir='ltr'><strong>enim</strong></span> <span class='ocrx_word' id='word_1_161' title='bbox 560 2366 659 2423; x_wconf 88' lang='lat' dir='ltr'><strong>per</strong></span> <span class='ocrx_word' id='word_1_162' title='bbox 682 2363 970 2411; x_wconf 85' lang='lat' dir='ltr'><strong>externum</strong></span> <span class='ocrx_word' id='word_1_163' title='bbox 996 2359 1257 2415; x_wconf 78' lang='lat' dir='ltr'><strong>auxilium</strong></span> <span class='ocrx_word' id='word_1_164' title='bbox 1299 2360 1680 2430; x_wconf 88' lang='lat' dir='ltr'><strong>gloriosissimi</strong></span> <span class='ocrx_word' id='word_1_165' title='bbox 1707 2366 1962 2417; x_wconf 90' lang='lat' dir='ltr'><strong>certami-</strong></span> 
     </span>
    </p>
   </div>
   <div class='ocr_carea' id='block_1_28' title="bbox 384 2442 1955 2525">
    <p class='ocr_par' dir='ltr' id='par_1_28' title="bbox 384 2442 1955 2525">
     <span class='ocr_line' id='line_1_28' title="bbox 384 2442 1955 2525; baseline 0.009 -29"><span class='ocrx_word' id='word_1_166' title='bbox 384 2442 473 2497; x_wconf 89' lang='lat' dir='ltr'><strong>nis</strong></span> <span class='ocrx_word' id='word_1_167' title='bbox 499 2442 749 2501; x_wconf 89' lang='lat' dir='ltr'><strong>imminui</strong></span> <span class='ocrx_word' id='word_1_168' title='bbox 779 2449 965 2505; x_wconf 90' lang='lat' dir='ltr'><strong>decus.</strong></span> <span class='ocrx_word' id='word_1_169' title='bbox 1002 2450 1109 2506; x_wconf 72' lang='lat' dir='ltr'><strong>lllze</strong></span> <span class='ocrx_word' id='word_1_170' title='bbox 1152 2467 1316 2521; x_wconf 92' lang='lat' dir='ltr'><strong>porro</strong></span> <span class='ocrx_word' id='word_1_171' title='bbox 1352 2454 1623 2509; x_wconf 88' lang='lat' dir='ltr'><strong>medicum</strong></span> <span class='ocrx_word' id='word_1_172' title='bbox 1666 2455 1955 2525; x_wconf 90' lang='lat' dir='ltr'><strong>quemdam</strong></span> 
     </span>
    </p>
   </div>
   <div class='ocr_carea' id='block_1_29' title="bbox 383 2538 1958 2619">
    <p class='ocr_par' dir='ltr' id='par_1_29' title="bbox 383 2538 1958 2619">
     <span class='ocr_line' id='line_1_29' title="bbox 383 2538 1958 2619; baseline 0.01 -32"><span class='ocrx_word' id='word_1_173' title='bbox 383 2542 635 2601; x_wconf 86' lang='lat' dir='ltr'><strong>evocant,</strong></span> <span class='ocrx_word' id='word_1_174' title='bbox 669 2538 716 2593; x_wconf 92' lang='lat' dir='ltr'><strong>si</strong></span> <span class='ocrx_word' id='word_1_175' title='bbox 755 2538 894 2595; x_wconf 82' lang='lat' dir='ltr'><strong>forte</strong></span> <span class='ocrx_word' id='word_1_176' title='bbox 931 2553 1115 2612; x_wconf 87' lang='lat' dir='ltr'><strong>posset</strong></span> <span class='ocrx_word' id='word_1_177' title='bbox 1162 2545 1252 2601; x_wconf 90' lang='lat' dir='ltr'><strong>ille</strong></span> <span class='ocrx_word' id='word_1_178' title='bbox 1293 2547 1621 2616; x_wconf 88' lang='lat' dir='ltr'><strong>persuadere</strong></span> <span class='ocrx_word' id='word_1_179' title='bbox 1659 2547 1855 2619; x_wconf 84' lang='lat' dir='ltr'><strong>virgini</strong></span> <span class='ocrx_word' id='word_1_180' title='bbox 1899 2558 1958 2603; x_wconf 94' lang='lat' dir='ltr'><strong>ut</strong></span> 
     </span>
    </p>
   </div>
   <div class='ocr_carea' id='block_1_30' title="bbox 382 2628 1959 2696">
    <p class='ocr_par' dir='ltr' id='par_1_30' title="bbox 382 2628 1959 2696">
     <span class='ocr_line' id='line_1_30' title="bbox 382 2628 1959 2696; baseline 0.011 -18"><span class='ocrx_word' id='word_1_181' title='bbox 382 2628 721 2685; x_wconf 89' lang='lat' dir='ltr'><strong>curationem</strong></span> <span class='ocrx_word' id='word_1_182' title='bbox 766 2632 1095 2689; x_wconf 87' lang='lat' dir='ltr'><strong>admitteret.</strong></span> <span class='ocrx_word' id='word_1_183' title='bbox 1144 2637 1213 2690; x_wconf 85' lang='lat' dir='ltr'><strong>At</strong></span> <span class='ocrx_word' id='word_1_184' title='bbox 1245 2637 1336 2691; x_wconf 89' lang='lat' dir='ltr'><strong>illa</strong></span> <span class='ocrx_word' id='word_1_185' title='bbox 1378 2638 1431 2692; x_wconf 92' lang='lat' dir='ltr'><strong>id</strong></span> <span class='ocrx_word' id='word_1_186' title='bbox 1467 2638 1688 2694; x_wconf 89' lang='lat' dir='ltr'><strong>minime</strong></span> <span class='ocrx_word' id='word_1_187' title='bbox 1718 2641 1843 2695; x_wconf 78' lang='lat' dir='ltr'><strong>ttulit</strong></span> <span class='ocrx_word' id='word_1_188' title='bbox 1873 2642 1959 2696; x_wconf 90' lang='lat' dir='ltr'><strong>di-</strong></span> 
     </span>
    </p>
   </div>
   <div class='ocr_carea' id='block_1_31' title="bbox 380 2719 1958 2801">
    <p class='ocr_par' dir='ltr' id='par_1_31' title="bbox 380 2719 1958 2801">
     <span class='ocr_line' id='line_1_31' title="bbox 380 2719 1958 2801; baseline 0.011 -30"><span class='ocrx_word' id='word_1_189' title='bbox 380 2730 514 2774; x_wconf 80' lang='lat' dir='ltr'><strong>cens</strong></span> <span class='ocrx_word' id='word_1_190' title='bbox 547 2738 563 2775; x_wconf 87' lang='lat'><strong>:</strong></span> <span class='ocrx_word' id='word_1_191' title='bbox 592 2719 735 2788; x_wconf 86' lang='lat' dir='ltr'><strong>Quid</strong></span> <span class='ocrx_word' id='word_1_192' title='bbox 770 2739 858 2781; x_wconf 90' lang='lat' dir='ltr'><strong>me</strong></span> <span class='ocrx_word' id='word_1_193' title='bbox 888 2726 957 2781; x_wconf 89' lang='lat' dir='ltr'><strong>ab</strong></span> <span class='ocrx_word' id='word_1_194' title='bbox 987 2727 1091 2784; x_wconf 92' lang='lat' dir='ltr'><strong>hoc</strong></span> <span class='ocrx_word' id='word_1_195' title='bbox 1109 2731 1369 2801; x_wconf 69' lang='lat' dir='ltr'><strong>praeclaro</strong></span> <span class='ocrx_word' id='word_1_196' title='bbox 1393 2732 1692 2789; x_wconf 85' lang='lat' dir='ltr'><strong>certamine</strong></span> <span class='ocrx_word' id='word_1_197' title='bbox 1717 2734 1958 2789; x_wconf 81' lang='lat' dir='ltr'><strong>arcetis?</strong></span> 
     </span>
    </p>
   </div>
   <div class='ocr_carea' id='block_1_32' title="bbox 379 2807 1957 2896">
    <p class='ocr_par' dir='ltr' id='par_1_32' title="bbox 379 2807 1957 2896">
     <span class='ocr_line' id='line_1_32' title="bbox 379 2807 1957 2896; baseline 0.01 -30"><span class='ocrx_word' id='word_1_198' title='bbox 379 2807 492 2866; x_wconf 87' lang='lat' dir='ltr'><strong>.Cur</strong></span> <span class='ocrx_word' id='word_1_199' title='bbox 528 2815 774 2883; x_wconf 83' lang='lat' dir='ltr'><strong>quaeritis</strong></span> <span class='ocrx_word' id='word_1_200' title='bbox 796 2819 943 2888; x_wconf 89' lang='lat' dir='ltr'><strong>quod</strong></span> <span class='ocrx_word' id='word_1_201' title='bbox 971 2830 1220 2891; x_wconf 88' lang='lat' dir='ltr'><strong>apparet,</strong></span> <span class='ocrx_word' id='word_1_202' title='bbox 1252 2823 1566 2894; x_wconf 85' lang='lat' dir='ltr'><strong>ignorantes</strong></span> <span class='ocrx_word' id='word_1_203' title='bbox 1592 2826 1721 2896; x_wconf 92' lang='lat' dir='ltr'><strong>quid</strong></span> <span class='ocrx_word' id='word_1_204' title='bbox 1752 2827 1957 2882; x_wconf 83' lang='lat' dir='ltr'><strong>lateat?</strong></span> 
     </span>
    </p>
   </div>
   <div class='ocr_carea' id='block_1_33' title="bbox 378 2899 1954 2986">
    <p class='ocr_par' dir='ltr' id='par_1_33' title="bbox 378 2899 1954 2986">
     <span class='ocr_line' id='line_1_33' title="bbox 378 2899 1954 2986; baseline 0.011 -30"><span class='ocrx_word' id='word_1_205' title='bbox 378 2899 519 2968; x_wconf 83' lang='lat' dir='ltr'><strong>Quid</strong></span> <span class='ocrx_word' id='word_1_206' title='bbox 557 2913 665 2975; x_wconf 83' lang='lat' dir='ltr'><strong>tam</strong></span> <span class='ocrx_word' id='word_1_207' title='bbox 700 2910 919 2969; x_wconf 79' lang='lat' dir='ltr'><strong>curiose</strong></span> <span class='ocrx_word' id='word_1_208' title='bbox 960 2910 1164 2969; x_wconf 87' lang='lat' dir='ltr'><strong>factum</strong></span> <span class='ocrx_word' id='word_1_209' title='bbox 1208 2917 1552 2986; x_wconf 90' lang='lat' dir='ltr'><strong>perquiritis,</strong></span> <span class='ocrx_word' id='word_1_210' title='bbox 1601 2934 1727 2973; x_wconf 91' lang='lat' dir='ltr'><strong>cum</strong></span> <span class='ocrx_word' id='word_1_211' title='bbox 1770 2929 1954 2973; x_wconf 89' lang='lat' dir='ltr'><strong>aucto-</strong></span> 
     </span>
    </p>
   </div>
   <div class='ocr_carea' id='block_1_34' title="bbox 2095 415 3056 491">
    <p class='ocr_par' dir='ltr' id='par_1_34' title="bbox 2095 415 3056 491">
     <span class='ocr_line' id='line_1_34' title="bbox 2095 415 3056 491; baseline 0.006 -24"><span class='ocrx_word' id='word_1_212' title='bbox 2095 415 2502 487; x_wconf 66' lang='grc' dir='ltr'><strong>μεγαλοψυχίαν</strong></span> <span class='ocrx_word' id='word_1_213' title='bbox 2534 434 2594 469; x_wconf 90' lang='grc' dir='ltr'><strong>τε</strong></span> <span class='ocrx_word' id='word_1_214' title='bbox 2628 417 2723 471; x_wconf 77' lang='grc' dir='ltr'><strong>καὶ</strong></span> <span class='ocrx_word' id='word_1_215' title='bbox 2743 418 3056 491; x_wconf 86' lang='grc' dir='ltr'>καρτερίαν.</span> 
     </span>
    </p>
   </div>
   <div class='ocr_carea' id='block_1_35' title="bbox 2154 620 3667 697">
    <p class='ocr_par' dir='ltr' id='par_1_35' title="bbox 2154 620 3667 697">
     <span class='ocr_line' id='line_1_35' title="bbox 2154 620 3667 697; baseline 0.003 -24"><span class='ocrx_word' id='word_1_216' title='bbox 2154 620 2273 674; x_wconf 84' lang='grc'><strong>111.</strong></span> <span class='ocrx_word' id='word_1_217' title='bbox 2314 623 2594 692; x_wconf 83' lang='grc' dir='ltr'><strong>Πρόφασιν</strong></span> <span class='ocrx_word' id='word_1_218' title='bbox 2618 623 2718 695; x_wconf 83' lang='grc' dir='ltr'><strong>μὲν</strong></span> <span class='ocrx_word' id='word_1_219' title='bbox 2744 620 2837 679; x_wconf 80' lang='grc' dir='ltr'><strong>οὖν</strong></span> <span class='ocrx_word' id='word_1_220' title='bbox 2863 626 3001 696; x_wconf 81' lang='grc' dir='ltr'>αὐτῇ</span> <span class='ocrx_word' id='word_1_221' title='bbox 3045 624 3145 697; x_wconf 83' lang='grc' dir='ltr'>τῆς</span> <span class='ocrx_word' id='word_1_222' title='bbox 3176 624 3391 696; x_wconf 80' lang='grc' dir='ltr'>πληγῆς</span> <span class='ocrx_word' id='word_1_223' title='bbox 3425 625 3667 678; x_wconf 81' lang='grc' dir='ltr'>ποιεῖται</span> 
     </span>
    </p>
   </div>
   <div class='ocr_carea' id='block_1_36' title="bbox 2077 713 3667 788">
    <p class='ocr_par' dir='ltr' id='par_1_36' title="bbox 2077 713 3667 788">
     <span class='ocr_line' id='line_1_36' title="bbox 2077 713 3667 788; baseline -0.001 -22"><span class='ocrx_word' id='word_1_224' title='bbox 2077 713 2281 785; x_wconf 89' lang='grc' dir='ltr'>ταύτην</span> <span class='ocrx_word' id='word_1_225' title='bbox 2307 716 2336 768; x_wconf 86' lang='grc' dir='ltr'>ὁ</span> <span class='ocrx_word' id='word_1_226' title='bbox 2363 713 2555 786; x_wconf 85' lang='grc' dir='ltr'>ἐχθρός</span> <span class='ocrx_word' id='word_1_227' title='bbox 2580 734 2592 746; x_wconf 89' lang='grc'><strong>·</strong></span> <span class='ocrx_word' id='word_1_228' title='bbox 2642 716 2771 787; x_wconf 83' lang='grc' dir='ltr'>μίαν</span> <span class='ocrx_word' id='word_1_229' title='bbox 2805 715 2914 788; x_wconf 86' lang='grc' dir='ltr'>γὰρ</span> <span class='ocrx_word' id='word_1_230' title='bbox 2953 716 3127 787; x_wconf 81' lang='grc' dir='ltr'><strong>μύλην</strong></span> <span class='ocrx_word' id='word_1_231' title='bbox 3162 715 3426 787; x_wconf 83' lang='grc' dir='ltr'>ὀδυνήσας</span> <span class='ocrx_word' id='word_1_232' title='bbox 3449 754 3466 777; x_wconf 94' lang='grc'><strong>,</strong></span> <span class='ocrx_word' id='word_1_233' title='bbox 3497 715 3667 784; x_wconf 82' lang='grc' dir='ltr'><strong>σήπει</strong></span> 
     </span>
    </p>
   </div>
   <div class='ocr_carea' id='block_1_37' title="bbox 2078 803 3666 879">
    <p class='ocr_par' dir='ltr' id='par_1_37' title="bbox 2078 803 3666 879">
     <span class='ocr_line' id='line_1_37' title="bbox 2078 803 3666 879; baseline 0 -21"><span class='ocrx_word' id='word_1_234' title='bbox 2078 804 2333 878; x_wconf 75' lang='grc' dir='ltr'>παραυτά</span> <span class='ocrx_word' id='word_1_235' title='bbox 2358 806 2421 860; x_wconf 86' lang='grc' dir='ltr'>τὸ</span> <span class='ocrx_word' id='word_1_236' title='bbox 2452 804 2606 863; x_wconf 84' lang='grc' dir='ltr'>οὖλον</span> <span class='ocrx_word' id='word_1_237' title='bbox 2628 825 2639 835; x_wconf 92' lang='grc'><strong>·</strong></span> <span class='ocrx_word' id='word_1_238' title='bbox 2675 808 2768 861; x_wconf 77' lang='grc' dir='ltr'><strong>καὶ</strong></span> <span class='ocrx_word' id='word_1_239' title='bbox 2789 808 3043 862; x_wconf 78' lang='grc' dir='ltr'><strong>ἐκπίπτει</strong></span> <span class='ocrx_word' id='word_1_240' title='bbox 3071 806 3168 879; x_wconf 81' lang='grc' dir='ltr'><strong>μὲν</strong></span> <span class='ocrx_word' id='word_1_241' title='bbox 3194 807 3255 860; x_wconf 88' lang='grc' dir='ltr'>τὺ</span> <span class='ocrx_word' id='word_1_242' title='bbox 3272 806 3464 859; x_wconf 83' lang='grc' dir='ltr'>ὀστέον</span> <span class='ocrx_word' id='word_1_243' title='bbox 3481 822 3497 835; x_wconf 91' lang='grc'><strong>·</strong></span> <span class='ocrx_word' id='word_1_244' title='bbox 3542 806 3575 875; x_wconf 80' lang='grc' dir='ltr'>ἡ</span> <span class='ocrx_word' id='word_1_245' title='bbox 3604 803 3666 858; x_wconf 81' lang='grc' dir='ltr'><strong>δὲ</strong></span> 
     </span>
    </p>
   </div>
   <div class='ocr_carea' id='block_1_38' title="bbox 2078 892 3665 967">
    <p class='ocr_par' dir='ltr' id='par_1_38' title="bbox 2078 892 3665 967">
     <span class='ocr_line' id='line_1_38' title="bbox 2078 892 3665 967; baseline 0 -21"><span class='ocrx_word' id='word_1_246' title='bbox 2078 892 2214 965; x_wconf 80' lang='grc' dir='ltr'>νομὴ</span> <span class='ocrx_word' id='word_1_247' title='bbox 2245 894 2519 966; x_wconf 87' lang='grc' dir='ltr'>διατρέχει</span> <span class='ocrx_word' id='word_1_248' title='bbox 2548 898 2628 960; x_wconf 88' lang='grc' dir='ltr'><strong>είς</strong></span> <span class='ocrx_word' id='word_1_249' title='bbox 2676 896 2895 951; x_wconf 77' lang='grc' dir='ltr'>ἃπασαν</span> <span class='ocrx_word' id='word_1_250' title='bbox 2933 896 3033 967; x_wconf 82' lang='grc' dir='ltr'>τὴν</span> <span class='ocrx_word' id='word_1_251' title='bbox 3077 896 3270 964; x_wconf 87' lang='grc' dir='ltr'>γένυν,</span> <span class='ocrx_word' id='word_1_252' title='bbox 3304 897 3403 950; x_wconf 79' lang='grc' dir='ltr'>καὶ</span> <span class='ocrx_word' id='word_1_253' title='bbox 3446 896 3665 963; x_wconf 88' lang='grc' dir='ltr'>γίνεται</span> 
     </span>
    </p>
   </div>
   <div class='ocr_carea' id='block_1_39' title="bbox 2075 985 3661 1059">
    <p class='ocr_par' dir='ltr' id='par_1_39' title="bbox 2075 985 3661 1059">
     <span class='ocr_line' id='line_1_39' title="bbox 2075 985 3661 1059; baseline 0.002 -21"><span class='ocrx_word' id='word_1_254' title='bbox 2075 985 2252 1059; x_wconf 80' lang='grc' dir='ltr'>φθορά</span> <span class='ocrx_word' id='word_1_255' title='bbox 2279 987 2384 1041; x_wconf 87' lang='grc' dir='ltr'><strong>τῶν</strong></span> <span class='ocrx_word' id='word_1_256' title='bbox 2417 989 2780 1058; x_wconf 76' lang='grc' dir='ltr'>ἐπικειμένων</span> <span class='ocrx_word' id='word_1_257' title='bbox 2818 988 3085 1059; x_wconf 87' lang='grc' dir='ltr'>σωμάτων</span> <span class='ocrx_word' id='word_1_258' title='bbox 3109 1006 3124 1021; x_wconf 92' lang='grc'><strong>·</strong></span> <span class='ocrx_word' id='word_1_259' title='bbox 3159 989 3253 1042; x_wconf 78' lang='grc' dir='ltr'><strong>καὶ</strong></span> <span class='ocrx_word' id='word_1_260' title='bbox 3286 991 3345 1042; x_wconf 86' lang='grc' dir='ltr'><strong>ἐν</strong></span> <span class='ocrx_word' id='word_1_261' title='bbox 3381 986 3661 1058; x_wconf 81' lang='grc' dir='ltr'>τεσσαρά-</span> 
     </span>
    </p>
   </div>
   <div class='ocr_carea' id='block_1_40' title="bbox 2074 1077 3659 1150">
    <p class='ocr_par' dir='ltr' id='par_1_40' title="bbox 2074 1077 3659 1150">
     <span class='ocr_line' id='line_1_40' title="bbox 2074 1077 3659 1150; baseline 0.003 -22"><span class='ocrx_word' id='word_1_262' title='bbox 2074 1093 2238 1130; x_wconf 87' lang='grc' dir='ltr'>κοντα</span> <span class='ocrx_word' id='word_1_263' title='bbox 2287 1078 2521 1150; x_wconf 77' lang='grc' dir='ltr'>ἡμέραις</span> <span class='ocrx_word' id='word_1_264' title='bbox 2565 1079 2963 1150; x_wconf 78' lang='grc' dir='ltr'>τερηδονίζεται</span> <span class='ocrx_word' id='word_1_265' title='bbox 3008 1080 3069 1133; x_wconf 86' lang='grc' dir='ltr'>τὸ</span> <span class='ocrx_word' id='word_1_266' title='bbox 3115 1080 3301 1132; x_wconf 84' lang='grc' dir='ltr'>ὀστέον</span> <span class='ocrx_word' id='word_1_267' title='bbox 3324 1096 3337 1112; x_wconf 90' lang='grc'><strong>·</strong></span> <span class='ocrx_word' id='word_1_268' title='bbox 3377 1078 3475 1132; x_wconf 75' lang='grc' dir='ltr'>καὶ</span> <span class='ocrx_word' id='word_1_269' title='bbox 3515 1077 3659 1148; x_wconf 74' lang='grc' dir='ltr'>μετὰ</span> 
     </span>
    </p>
   </div>
   <div class='ocr_carea' id='block_1_41' title="bbox 2071 1165 3659 1241">
    <p class='ocr_par' dir='ltr' id='par_1_41' title="bbox 2071 1165 3659 1241">
     <span class='ocr_line' id='line_1_41' title="bbox 2071 1165 3659 1241; baseline 0.002 -22"><span class='ocrx_word' id='word_1_270' title='bbox 2071 1166 2119 1219; x_wconf 92' lang='grc' dir='ltr'><strong>δι</strong></span> <span class='ocrx_word' id='word_1_271' title='bbox 2127 1171 2349 1239; x_wconf 86' lang='grc' dir='ltr'>μηναῖον</span> <span class='ocrx_word' id='word_1_272' title='bbox 2370 1170 2582 1240; x_wconf 87' lang='grc' dir='ltr'>χρόνον,</span> <span class='ocrx_word' id='word_1_273' title='bbox 2609 1170 2818 1238; x_wconf 86' lang='grc' dir='ltr'>γίνεται</span> <span class='ocrx_word' id='word_1_274' title='bbox 2846 1169 3124 1241; x_wconf 78' lang='grc' dir='ltr'>ἐκτρησις.</span> <span class='ocrx_word' id='word_1_275' title='bbox 3160 1166 3537 1233; x_wconf 81' lang='grc' dir='ltr'>Μελανθέντες</span> <span class='ocrx_word' id='word_1_276' title='bbox 3559 1165 3659 1223; x_wconf 81' lang='grc' dir='ltr'><strong>οὖν</strong></span> 
     </span>
    </p>
   </div>
   <div class='ocr_carea' id='block_1_42' title="bbox 2068 1254 3659 1332">
    <p class='ocr_par' dir='ltr' id='par_1_42' title="bbox 2068 1254 3659 1332">
     <span class='ocr_line' id='line_1_42' title="bbox 2068 1254 3659 1332; baseline 0.001 -20"><span class='ocrx_word' id='word_1_277' title='bbox 2068 1254 2210 1330; x_wconf 82' lang='grc' dir='ltr'>ἦσαν</span> <span class='ocrx_word' id='word_1_278' title='bbox 2231 1259 2472 1324; x_wconf 73' lang='grc' dir='ltr'>ἅπαντες</span> <span class='ocrx_word' id='word_1_279' title='bbox 2498 1261 2548 1314; x_wconf 90' lang='grc' dir='ltr'><strong>οί</strong></span> <span class='ocrx_word' id='word_1_280' title='bbox 2586 1259 2746 1332; x_wconf 78' lang='grc' dir='ltr'>πέριξ</span> <span class='ocrx_word' id='word_1_281' title='bbox 2768 1260 2944 1316; x_wconf 84' lang='grc' dir='ltr'>τόποι.</span> <span class='ocrx_word' id='word_1_282' title='bbox 2987 1260 3062 1314; x_wconf 85' lang='grc' dir='ltr'>Τὸ</span> <span class='ocrx_word' id='word_1_283' title='bbox 3087 1261 3145 1315; x_wconf 81' lang='grc' dir='ltr'>δὲ</span> <span class='ocrx_word' id='word_1_284' title='bbox 3174 1261 3358 1314; x_wconf 82' lang='grc' dir='ltr'>ὀστέον</span> <span class='ocrx_word' id='word_1_285' title='bbox 3389 1261 3485 1314; x_wconf 84' lang='grc' dir='ltr'><strong>καί</strong></span> <span class='ocrx_word' id='word_1_286' title='bbox 3522 1260 3659 1314; x_wconf 66' lang='grc' dir='ltr'>αὐτὸ</span> 
     </span>
    </p>
   </div>
   <div class='ocr_carea' id='block_1_43' title="bbox 2072 1350 3660 1423">
    <p class='ocr_par' dir='ltr' id='par_1_43' title="bbox 2072 1350 3660 1423">
     <span class='ocr_line' id='line_1_43' title="bbox 2072 1350 3660 1423; baseline 0 -19"><span class='ocrx_word' id='word_1_287' title='bbox 2072 1351 2298 1423; x_wconf 86' lang='grc' dir='ltr'>φθαρέν,</span> <span class='ocrx_word' id='word_1_288' title='bbox 2328 1353 2445 1405; x_wconf 85' lang='grc' dir='ltr'>κατ’</span> <span class='ocrx_word' id='word_1_289' title='bbox 2466 1352 2645 1421; x_wconf 82' lang='grc' dir='ltr'>ὀλίγον</span> <span class='ocrx_word' id='word_1_290' title='bbox 2667 1351 2970 1406; x_wconf 76' lang='grc' dir='ltr'>ἐδαπανᾶτο</span> <span class='ocrx_word' id='word_1_291' title='bbox 2988 1370 3002 1384; x_wconf 80' lang='grc' dir='ltr'><strong>ο</strong></span> <span class='ocrx_word' id='word_1_292' title='bbox 3028 1351 3187 1423; x_wconf 82' lang='grc' dir='ltr'><strong>σῆψις</strong></span> <span class='ocrx_word' id='word_1_293' title='bbox 3208 1352 3267 1406; x_wconf 85' lang='grc' dir='ltr'>δὲ</span> <span class='ocrx_word' id='word_1_294' title='bbox 3290 1352 3386 1405; x_wconf 69' lang='grc' dir='ltr'><strong>καὶ</strong></span> <span class='ocrx_word' id='word_1_295' title='bbox 3412 1350 3660 1423; x_wconf 78' lang='grc' dir='ltr'>βαρυτά-</span> 
     </span>
    </p>
   </div>
   <div class='ocr_carea' id='block_1_44' title="bbox 2067 1443 3660 1516">
    <p class='ocr_par' dir='ltr' id='par_1_44' title="bbox 2067 1443 3660 1516">
     <span class='ocr_line' id='line_1_44' title="bbox 2067 1443 3660 1516; baseline 0.001 -21"><span class='ocrx_word' id='word_1_296' title='bbox 2067 1461 2133 1514; x_wconf 90' lang='grc' dir='ltr'><strong>τη</strong></span> <span class='ocrx_word' id='word_1_297' title='bbox 2166 1443 2398 1497; x_wconf 88' lang='grc' dir='ltr'>δυσωδία</span> <span class='ocrx_word' id='word_1_298' title='bbox 2413 1444 2534 1498; x_wconf 85' lang='grc' dir='ltr'>καθ’</span> <span class='ocrx_word' id='word_1_299' title='bbox 2550 1445 2671 1499; x_wconf 83' lang='grc' dir='ltr'>ὅλον</span> <span class='ocrx_word' id='word_1_300' title='bbox 2687 1444 2747 1498; x_wconf 80' lang='grc' dir='ltr'><strong>τὸ</strong></span> <span class='ocrx_word' id='word_1_301' title='bbox 2763 1443 2923 1515; x_wconf 83' lang='grc' dir='ltr'>σῶμα</span> <span class='ocrx_word' id='word_1_302' title='bbox 2945 1446 3167 1516; x_wconf 82' lang='grc' dir='ltr'>ἐκράτει</span> <span class='ocrx_word' id='word_1_303' title='bbox 3185 1460 3198 1473; x_wconf 93' lang='grc'><strong>·</strong></span> <span class='ocrx_word' id='word_1_304' title='bbox 3228 1444 3306 1507; x_wconf 86' lang='grc' dir='ltr'>ὡς</span> <span class='ocrx_word' id='word_1_305' title='bbox 3335 1443 3435 1506; x_wconf 82' lang='grc' dir='ltr'><strong>τάς</strong></span> <span class='ocrx_word' id='word_1_306' title='bbox 3456 1444 3660 1514; x_wconf 80' lang='grc' dir='ltr'>ὑπουρ-</span> 
     </span>
    </p>
   </div>
   <div class='ocr_carea' id='block_1_45' title="bbox 2066 1533 3658 1607">
    <p class='ocr_par' dir='ltr' id='par_1_45' title="bbox 2066 1533 3658 1607">
     <span class='ocr_line' id='line_1_45' title="bbox 2066 1533 3658 1607; baseline -0.001 -20"><span class='ocrx_word' id='word_1_307' title='bbox 2066 1533 2267 1603; x_wconf 86' lang='grc' dir='ltr'>γούσας</span> <span class='ocrx_word' id='word_1_308' title='bbox 2293 1535 2455 1590; x_wconf 88' lang='grc' dir='ltr'>πλέον</span> <span class='ocrx_word' id='word_1_309' title='bbox 2474 1535 2658 1607; x_wconf 76' lang='grc' dir='ltr'><strong>⁸αὐτῆς</strong></span> <span class='ocrx_word' id='word_1_310' title='bbox 2700 1537 2950 1606; x_wconf 80' lang='grc' dir='ltr'>πάσχειν.</span> <span class='ocrx_word' id='word_1_311' title='bbox 2997 1534 3107 1589; x_wconf 76' lang='grc' dir='ltr'><strong>Καὶ</strong></span> <span class='ocrx_word' id='word_1_312' title='bbox 3147 1535 3241 1590; x_wconf 83' lang='grc' dir='ltr'>τὸν</span> <span class='ocrx_word' id='word_1_313' title='bbox 3282 1537 3382 1605; x_wconf 83' lang='grc' dir='ltr'><strong>μὲν</strong></span> <span class='ocrx_word' id='word_1_314' title='bbox 3429 1533 3658 1586; x_wconf 76' lang='grc' dir='ltr'>πλείονα</span> 
     </span>
    </p>
   </div>
   <div class='ocr_carea' id='block_1_46' title="bbox 2066 1626 3659 1700">
    <p class='ocr_par' dir='ltr' id='par_1_46' title="bbox 2066 1626 3659 1700">
     <span class='ocr_line' id='line_1_46' title="bbox 2066 1626 3659 1700; baseline -0.001 -20"><span class='ocrx_word' id='word_1_315' title='bbox 2066 1627 2257 1699; x_wconf 85' lang='grc' dir='ltr'>χρόνον</span> <span class='ocrx_word' id='word_1_316' title='bbox 2298 1626 2621 1700; x_wconf 77' lang='grc' dir='ltr'>ἐχωρίζοντο</span> <span class='ocrx_word' id='word_1_317' title='bbox 2638 1667 2653 1692; x_wconf 91' lang='grc'><strong>,</strong></span> <span class='ocrx_word' id='word_1_318' title='bbox 2703 1627 2777 1699; x_wconf 82' lang='grc' dir='ltr'>μὴ</span> <span class='ocrx_word' id='word_1_319' title='bbox 2828 1628 3089 1699; x_wconf 81' lang='grc' dir='ltr'>φέρουσαι</span> <span class='ocrx_word' id='word_1_320' title='bbox 3131 1626 3232 1698; x_wconf 80' lang='grc' dir='ltr'>τὴν</span> <span class='ocrx_word' id='word_1_321' title='bbox 3282 1626 3659 1697; x_wconf 68' lang='grc' dir='ltr'>ἀπάνθρωπον</span> 
     </span>
    </p>
   </div>
   <div class='ocr_carea' id='block_1_47' title="bbox 2018 1709 3661 1789">
    <p class='ocr_par' dir='ltr' id='par_1_47' title="bbox 2018 1709 3661 1789">
     <span class='ocr_line' id='line_1_47' title="bbox 2018 1709 3661 1789; baseline -0.002 -19"><span class='ocrx_word' id='word_1_322' title='bbox 2018 1709 2037 1728; x_wconf 79' lang='grc'><em>’</em></span> <span class='ocrx_word' id='word_1_323' title='bbox 2066 1718 2240 1789; x_wconf 86' lang='grc' dir='ltr'>ὀσμήν</span> <span class='ocrx_word' id='word_1_324' title='bbox 2262 1736 2276 1749; x_wconf 97' lang='grc'><strong>·</strong></span> <span class='ocrx_word' id='word_1_325' title='bbox 2304 1719 2393 1771; x_wconf 85' lang='grc' dir='ltr'>ὅτε</span> <span class='ocrx_word' id='word_1_326' title='bbox 2416 1718 2473 1772; x_wconf 85' lang='grc' dir='ltr'>δὲ</span> <span class='ocrx_word' id='word_1_327' title='bbox 2498 1719 2656 1789; x_wconf 81' lang='grc' dir='ltr'>χρεία</span> <span class='ocrx_word' id='word_1_328' title='bbox 2686 1718 2889 1782; x_wconf 84' lang='grc' dir='ltr'>ἐκάλει,</span> <span class='ocrx_word' id='word_1_329' title='bbox 2927 1718 3284 1789; x_wconf 80' lang='grc' dir='ltr'>θυμιαμάτων</span> <span class='ocrx_word' id='word_1_330' title='bbox 3318 1715 3661 1770; x_wconf 80' lang='grc' dir='ltr'>ὑπεκκαίου-</span> 
     </span>
    </p>
   </div>
   <div class='ocr_carea' id='block_1_48' title="bbox 2068 1805 3659 1881">
    <p class='ocr_par' dir='ltr' id='par_1_48' title="bbox 2068 1805 3659 1881">
     <span class='ocr_line' id='line_1_48' title="bbox 2068 1805 3659 1881; baseline -0.001 -18"><span class='ocrx_word' id='word_1_331' title='bbox 2068 1827 2158 1863; x_wconf 90' lang='grc' dir='ltr'><strong>σαι</strong></span> <span class='ocrx_word' id='word_1_332' title='bbox 2188 1809 2392 1879; x_wconf 85' lang='grc' dir='ltr'>πλῆθος</span> <span class='ocrx_word' id='word_1_333' title='bbox 2430 1811 2764 1881; x_wconf 81' lang='grc' dir='ltr'>προσῄεσαν,</span> <span class='ocrx_word' id='word_1_334' title='bbox 2800 1811 2895 1863; x_wconf 74' lang='grc' dir='ltr'><strong>καὶ</strong></span> <span class='ocrx_word' id='word_1_335' title='bbox 2923 1805 3079 1874; x_wconf 76' lang='grc' dir='ltr'>αὖθις</span> <span class='ocrx_word' id='word_1_336' title='bbox 3122 1807 3439 1881; x_wconf 77' lang='grc' dir='ltr'>ὑπεχώρουν</span> <span class='ocrx_word' id='word_1_337' title='bbox 3467 1807 3559 1860; x_wconf 78' lang='grc' dir='ltr'>διὰ</span> <span class='ocrx_word' id='word_1_338' title='bbox 3591 1807 3659 1861; x_wconf 74' lang='grc' dir='ltr'>τὸ</span> 
     </span>
    </p>
   </div>
   <div class='ocr_carea' id='block_1_49' title="bbox 2063 1896 3658 1972">
    <p class='ocr_par' dir='ltr' id='par_1_49' title="bbox 2063 1896 3658 1972">
     <span class='ocr_line' id='line_1_49' title="bbox 2063 1896 3658 1972; baseline 0 -21"><span class='ocrx_word' id='word_1_339' title='bbox 2063 1900 2163 1970; x_wconf 81' lang='grc' dir='ltr'><strong>τῆς</strong></span> <span class='ocrx_word' id='word_1_340' title='bbox 2192 1899 2454 1963; x_wconf 86' lang='grc' dir='ltr'>δυσωδίας</span> <span class='ocrx_word' id='word_1_341' title='bbox 2474 1898 2858 1972; x_wconf 82' lang='grc' dir='ltr'>ἀπάνθρωπον.</span> <span class='ocrx_word' id='word_1_342' title='bbox 2895 1901 2961 1954; x_wconf 86' lang='lat' dir='ltr'><strong>&#39;H</strong></span> <span class='ocrx_word' id='word_1_343' title='bbox 2994 1899 3051 1952; x_wconf 86' lang='grc' dir='ltr'><strong>δέ</strong></span> <span class='ocrx_word' id='word_1_344' title='bbox 3083 1899 3327 1970; x_wconf 88' lang='grc' dir='ltr'>μακαρία</span> <span class='ocrx_word' id='word_1_345' title='bbox 3352 1896 3658 1970; x_wconf 78' lang='grc' dir='ltr'>προφανῶς</span> 
     </span>
    </p>
   </div>
   <div class='ocr_carea' id='block_1_50' title="bbox 2064 1987 3654 2061">
    <p class='ocr_par' dir='ltr' id='par_1_50' title="bbox 2064 1987 3654 2061">
     <span class='ocr_line' id='line_1_50' title="bbox 2064 1987 3654 2061; baseline -0.001 -19"><span class='ocrx_word' id='word_1_346' title='bbox 2064 1988 2289 2061; x_wconf 78' lang='grc' dir='ltr'>ἐθεώρει</span> <span class='ocrx_word' id='word_1_347' title='bbox 2316 1990 2407 2043; x_wconf 83' lang='grc' dir='ltr'>τὸν</span> <span class='ocrx_word' id='word_1_348' title='bbox 2437 1990 2749 2054; x_wconf 85' lang='grc' dir='ltr'>ἀντίπαλον,</span> <span class='ocrx_word' id='word_1_349' title='bbox 2782 1991 2878 2044; x_wconf 78' lang='grc' dir='ltr'>καὶ</span> <span class='ocrx_word' id='word_1_350' title='bbox 2901 1989 3012 2043; x_wconf 72' lang='grc' dir='ltr'>οὐδ’</span> <span class='ocrx_word' id='word_1_351' title='bbox 3036 1991 3174 2053; x_wconf 82' lang='grc' dir='ltr'>ὅλως</span> <span class='ocrx_word' id='word_1_352' title='bbox 3196 1989 3496 2060; x_wconf 78' lang='grc' dir='ltr'>συνεχώρει</span> <span class='ocrx_word' id='word_1_353' title='bbox 3509 1987 3654 2057; x_wconf 68' lang='grc' dir='ltr'>αὐτῇ</span> 
     </span>
    </p>
   </div>
   <div class='ocr_carea' id='block_1_51' title="bbox 2063 2077 3654 2152">
    <p class='ocr_par' dir='ltr' id='par_1_51' title="bbox 2063 2077 3654 2152">
     <span class='ocr_line' id='line_1_51' title="bbox 2063 2077 3654 2152; baseline -0.001 -21"><span class='ocrx_word' id='word_1_354' title='bbox 2063 2078 2401 2151; x_wconf 88' lang='grc' dir='ltr'>ἀνθρώπινον</span> <span class='ocrx_word' id='word_1_355' title='bbox 2451 2079 2829 2152; x_wconf 81' lang='grc' dir='ltr'>προσαχθῆναι</span> <span class='ocrx_word' id='word_1_356' title='bbox 2871 2079 3154 2152; x_wconf 81' lang='grc' dir='ltr'>βοήθημα·</span> <span class='ocrx_word' id='word_1_357' title='bbox 3184 2078 3506 2133; x_wconf 84' lang='grc' dir='ltr'>δεικνύουσα</span> <span class='ocrx_word' id='word_1_358' title='bbox 3550 2077 3654 2132; x_wconf 76' lang='grc' dir='ltr'>καὶ</span> 
     </span>
    </p>
   </div>
   <div class='ocr_carea' id='block_1_52' title="bbox 2061 2169 3653 2245">
    <p class='ocr_par' dir='ltr' id='par_1_52' title="bbox 2061 2169 3653 2245">
     <span class='ocr_line' id='line_1_52' title="bbox 2061 2169 3653 2245; baseline 0.001 -24"><span class='ocrx_word' id='word_1_359' title='bbox 2061 2169 2120 2224; x_wconf 87' lang='grc' dir='ltr'><strong>ἐν</strong></span> <span class='ocrx_word' id='word_1_360' title='bbox 2163 2170 2339 2241; x_wconf 87' lang='grc' dir='ltr'>τούτῳ</span> <span class='ocrx_word' id='word_1_361' title='bbox 2372 2169 2471 2242; x_wconf 79' lang='grc' dir='ltr'><strong>τήν</strong></span> <span class='ocrx_word' id='word_1_362' title='bbox 2510 2172 2717 2226; x_wconf 78' lang='grc' dir='ltr'>οἰκείαν</span> <span class='ocrx_word' id='word_1_363' title='bbox 2766 2170 3038 2245; x_wconf 85' lang='grc' dir='ltr'>ἀνδρείαν.</span> <span class='ocrx_word' id='word_1_364' title='bbox 3083 2172 3150 2223; x_wconf 81' lang='lat' dir='ltr'><strong>Ai</strong></span> <span class='ocrx_word' id='word_1_365' title='bbox 3193 2170 3252 2224; x_wconf 85' lang='grc' dir='ltr'><strong>δέ</strong></span> <span class='ocrx_word' id='word_1_366' title='bbox 3290 2169 3653 2224; x_wconf 80' lang='grc' dir='ltr'>συνελθοῦσαι</span> 
     </span>
    </p>
   </div>
   <div class='ocr_carea' id='block_1_53' title="bbox 2062 2261 3651 2334">
    <p class='ocr_par' dir='ltr' id='par_1_53' title="bbox 2062 2261 3651 2334">
     <span class='ocr_line' id='line_1_53' title="bbox 2062 2261 3651 2334; baseline 0.001 -20"><span class='ocrx_word' id='word_1_367' title='bbox 2062 2263 2403 2333; x_wconf 80' lang='grc' dir='ltr'>παρεκάλουν</span> <span class='ocrx_word' id='word_1_368' title='bbox 2436 2262 2537 2317; x_wconf 75' lang='grc' dir='ltr'><strong>κᾶν</strong></span> <span class='ocrx_word' id='word_1_369' title='bbox 2572 2264 2765 2334; x_wconf 83' lang='grc' dir='ltr'>μύροις</span> <span class='ocrx_word' id='word_1_370' title='bbox 2791 2263 2918 2326; x_wconf 64' lang='grc' dir='ltr'>τοῦς</span> <span class='ocrx_word' id='word_1_371' title='bbox 2949 2263 3148 2326; x_wconf 82' lang='grc' dir='ltr'>τόπους</span> <span class='ocrx_word' id='word_1_372' title='bbox 3189 2262 3514 2332; x_wconf 81' lang='grc' dir='ltr'>ὑπαλείφειν</span> <span class='ocrx_word' id='word_1_373' title='bbox 3552 2261 3651 2316; x_wconf 81' lang='grc' dir='ltr'>διὰ</span> 
     </span>
    </p>
   </div>
   <div class='ocr_carea' id='block_1_54' title="bbox 2058 2353 3648 2425">
    <p class='ocr_par' dir='ltr' id='par_1_54' title="bbox 2058 2353 3648 2425">
     <span class='ocr_line' id='line_1_54' title="bbox 2058 2353 3648 2425; baseline 0 -18"><span class='ocrx_word' id='word_1_374' title='bbox 2058 2356 2156 2425; x_wconf 84' lang='grc' dir='ltr'>τὴν</span> <span class='ocrx_word' id='word_1_375' title='bbox 2187 2355 2392 2409; x_wconf 76' lang='grc' dir='ltr'>ἑαυτῶν</span> <span class='ocrx_word' id='word_1_376' title='bbox 2418 2355 2721 2419; x_wconf 84' lang='grc' dir='ltr'>ἀσθένειαν,</span> <span class='ocrx_word' id='word_1_377' title='bbox 2755 2356 2850 2410; x_wconf 67' lang='grc' dir='ltr'><strong>καλ⁸</strong></span> <span class='ocrx_word' id='word_1_378' title='bbox 2874 2356 2973 2409; x_wconf 80' lang='grc' dir='ltr'><strong>ούκ</strong></span> <span class='ocrx_word' id='word_1_379' title='bbox 2994 2355 3258 2409; x_wconf 85' lang='grc' dir='ltr'>ἐπείθετο.</span> <span class='ocrx_word' id='word_1_380' title='bbox 3291 2356 3509 2423; x_wconf 83' lang='grc' dir='ltr'><strong>Ἡγείτο</strong></span> <span class='ocrx_word' id='word_1_381' title='bbox 3531 2353 3648 2425; x_wconf 84' lang='grc' dir='ltr'>γὰρ</span> 
     </span>
    </p>
   </div>
   <div class='ocr_carea' id='block_1_55' title="bbox 2058 2446 3647 2519">
    <p class='ocr_par' dir='ltr' id='par_1_55' title="bbox 2058 2446 3647 2519">
     <span class='ocr_line' id='line_1_55' title="bbox 2058 2446 3647 2519; baseline -0.001 -19"><span class='ocrx_word' id='word_1_382' title='bbox 2058 2447 2145 2500; x_wconf 79' lang='grc' dir='ltr'><strong>διὰ</strong></span> <span class='ocrx_word' id='word_1_383' title='bbox 2168 2447 2268 2517; x_wconf 77' lang='grc' dir='ltr'>τῆς</span> <span class='ocrx_word' id='word_1_384' title='bbox 2297 2447 2609 2519; x_wconf 85' lang='grc' dir='ltr'>συμμαχίας</span> <span class='ocrx_word' id='word_1_385' title='bbox 2636 2447 2745 2501; x_wconf 85' lang='grc' dir='ltr'><strong>τῶν</strong></span> <span class='ocrx_word' id='word_1_386' title='bbox 2790 2447 2947 2511; x_wconf 78' lang='grc' dir='ltr'>ἐκτὸς</span> <span class='ocrx_word' id='word_1_387' title='bbox 2993 2446 3372 2519; x_wconf 84' lang='grc' dir='ltr'>καθαιρεῖσθαι</span> <span class='ocrx_word' id='word_1_388' title='bbox 3415 2446 3515 2499; x_wconf 84' lang='grc' dir='ltr'><strong>τοῦ</strong></span> <span class='ocrx_word' id='word_1_389' title='bbox 3550 2448 3647 2499; x_wconf 78' lang='grc' dir='ltr'>ἐν·</span> 
     </span>
    </p>
   </div>
   <div class='ocr_carea' id='block_1_56' title="bbox 2056 2537 3647 2610">
    <p class='ocr_par' dir='ltr' id='par_1_56' title="bbox 2056 2537 3647 2610">
     <span class='ocr_line' id='line_1_56' title="bbox 2056 2537 3647 2610; baseline -0.001 -19"><span class='ocrx_word' id='word_1_390' title='bbox 2056 2538 2207 2605; x_wconf 74' lang='grc' dir='ltr'>δόξου</span> <span class='ocrx_word' id='word_1_391' title='bbox 2232 2538 2457 2608; x_wconf 85' lang='grc' dir='ltr'>ἀγῶνος.</span> <span class='ocrx_word' id='word_1_392' title='bbox 2486 2541 2595 2593; x_wconf 79' lang='grc' dir='ltr'><strong>Καὶ</strong></span> <span class='ocrx_word' id='word_1_393' title='bbox 2616 2540 2678 2610; x_wconf 89' lang='grc' dir='ltr'><strong>δή</strong></span> <span class='ocrx_word' id='word_1_394' title='bbox 2713 2557 2834 2593; x_wconf 91' lang='grc' dir='ltr'>τινα</span> <span class='ocrx_word' id='word_1_395' title='bbox 2862 2539 3123 2610; x_wconf 74' lang='grc' dir='ltr'>ἰατρὸν-αἱ</span> <span class='ocrx_word' id='word_1_396' title='bbox 3153 2537 3505 2592; x_wconf 80' lang='grc' dir='ltr'>συνελθοῦσαι</span> <span class='ocrx_word' id='word_1_397' title='bbox 3540 2554 3647 2607; x_wconf 86' lang='grc' dir='ltr'>με-</span> 
     </span>
    </p>
   </div>
   <div class='ocr_carea' id='block_1_57' title="bbox 2055 2629 3645 2702">
    <p class='ocr_par' dir='ltr' id='par_1_57' title="bbox 2055 2629 3645 2702">
     <span class='ocr_line' id='line_1_57' title="bbox 2055 2629 3645 2702; baseline 0 -19"><span class='ocrx_word' id='word_1_398' title='bbox 2055 2630 2453 2697; x_wconf 83' lang='grc' dir='ltr'>ταστέλλονται,</span> <span class='ocrx_word' id='word_1_399' title='bbox 2482 2630 2577 2695; x_wconf 84' lang='grc' dir='ltr'><strong>ὡς,</strong></span> <span class='ocrx_word' id='word_1_400' title='bbox 2610 2633 2663 2684; x_wconf 90' lang='grc' dir='ltr'><strong>εί</strong></span> <span class='ocrx_word' id='word_1_401' title='bbox 2693 2648 2757 2700; x_wconf 90' lang='grc' dir='ltr'><strong>γε</strong></span> <span class='ocrx_word' id='word_1_402' title='bbox 2792 2630 3045 2702; x_wconf 81' lang='grc' dir='ltr'>δυνηθείη</span> <span class='ocrx_word' id='word_1_403' title='bbox 3068 2669 3085 2696; x_wconf 91' lang='grc'><strong>,</strong></span> <span class='ocrx_word' id='word_1_404' title='bbox 3121 2629 3222 2684; x_wconf 76' lang='grc' dir='ltr'><strong>κᾶν</strong></span> <span class='ocrx_word' id='word_1_405' title='bbox 3260 2629 3423 2692; x_wconf 78' lang='grc' dir='ltr'>αὐτὸς</span> <span class='ocrx_word' id='word_1_406' title='bbox 3447 2632 3645 2683; x_wconf 74' lang='grc' dir='ltr'>πεῖσαι</span> 
     </span>
    </p>
   </div>
   <div class='ocr_carea' id='block_1_58' title="bbox 2056 2720 3645 2793">
    <p class='ocr_par' dir='ltr' id='par_1_58' title="bbox 2056 2720 3645 2793">
     <span class='ocr_line' id='line_1_58' title="bbox 2056 2720 3645 2793; baseline -0.001 -19"><span class='ocrx_word' id='word_1_407' title='bbox 2056 2721 2356 2793; x_wconf 86' lang='grc' dir='ltr'>θεραπείας</span> <span class='ocrx_word' id='word_1_408' title='bbox 2374 2725 2577 2793; x_wconf 87' lang='grc' dir='ltr'>τυχεῖν.</span> <span class='ocrx_word' id='word_1_409' title='bbox 2624 2724 2688 2777; x_wconf 87' lang='grc' dir='ltr'><strong>Ἥ</strong></span> <span class='ocrx_word' id='word_1_410' title='bbox 2714 2724 2773 2777; x_wconf 87' lang='grc' dir='ltr'>δὲ</span> <span class='ocrx_word' id='word_1_411' title='bbox 2812 2723 2973 2777; x_wconf 87' lang='grc' dir='ltr'>πάλιν</span> <span class='ocrx_word' id='word_1_412' title='bbox 3005 2724 3107 2776; x_wconf 77' lang='grc' dir='ltr'><strong>οὐκ</strong></span> <span class='ocrx_word' id='word_1_413' title='bbox 3143 2723 3389 2792; x_wconf 83' lang='grc' dir='ltr'>ἠνείχετο</span> <span class='ocrx_word' id='word_1_414' title='bbox 3410 2762 3426 2784; x_wconf 88' lang='grc'><strong>,</strong></span> <span class='ocrx_word' id='word_1_415' title='bbox 3454 2720 3645 2789; x_wconf 84' lang='grc' dir='ltr'>λέγου-</span> 
     </span>
    </p>
   </div>
   <div class='ocr_carea' id='block_1_59' title="bbox 2054 2810 3645 2885">
    <p class='ocr_par' dir='ltr' id='par_1_59' title="bbox 2054 2810 3645 2885">
     <span class='ocr_line' id='line_1_59' title="bbox 2054 2810 3645 2885; baseline -0.001 -19"><span class='ocrx_word' id='word_1_416' title='bbox 2054 2829 2125 2867; x_wconf 88' lang='grc' dir='ltr'><strong>σα</strong></span> <span class='ocrx_word' id='word_1_417' title='bbox 2148 2831 2162 2845; x_wconf 92' lang='grc'><strong>·</strong></span> <span class='ocrx_word' id='word_1_418' title='bbox 2198 2814 2263 2866; x_wconf 88' lang='grc' dir='ltr'><strong>Τί</strong></span> <span class='ocrx_word' id='word_1_419' title='bbox 2295 2832 2362 2884; x_wconf 87' lang='grc' dir='ltr'><strong>με</strong></span> <span class='ocrx_word' id='word_1_420' title='bbox 2394 2814 2494 2885; x_wconf 82' lang='grc' dir='ltr'>τῆς</span> <span class='ocrx_word' id='word_1_421' title='bbox 2522 2813 2736 2883; x_wconf 82' lang='grc' dir='ltr'>ἀγαθῆς</span> <span class='ocrx_word' id='word_1_422' title='bbox 2765 2814 2944 2884; x_wconf 83' lang='grc' dir='ltr'>πάλης</span> <span class='ocrx_word' id='word_1_423' title='bbox 2969 2812 3175 2884; x_wconf 88' lang='grc' dir='ltr'>ταύτης</span> <span class='ocrx_word' id='word_1_424' title='bbox 3200 2812 3531 2881; x_wconf 74' lang='grc' dir='ltr'>ἑγκόπτετες</span> <span class='ocrx_word' id='word_1_425' title='bbox 3567 2810 3645 2866; x_wconf 82' lang='grc' dir='ltr'>Τί</span> 
     </span>
    </p>
   </div>
   <div class='ocr_carea' id='block_1_60' title="bbox 2055 2903 3640 2977">
    <p class='ocr_par' dir='ltr' id='par_1_60' title="bbox 2055 2903 3640 2977">
     <span class='ocr_line' id='line_1_60' title="bbox 2055 2903 3640 2977; baseline -0.001 -19"><span class='ocrx_word' id='word_1_426' title='bbox 2055 2903 2268 2977; x_wconf 81' lang='grc' dir='ltr'>ζητεῖτε</span> <span class='ocrx_word' id='word_1_427' title='bbox 2310 2906 2371 2959; x_wconf 84' lang='grc' dir='ltr'><strong>τὸ</strong></span> <span class='ocrx_word' id='word_1_428' title='bbox 2406 2906 2729 2976; x_wconf 85' lang='grc' dir='ltr'>φαινόμενον</span> <span class='ocrx_word' id='word_1_429' title='bbox 2749 2946 2763 2971; x_wconf 88' lang='grc'><strong>,</strong></span> <span class='ocrx_word' id='word_1_430' title='bbox 2796 2905 3087 2974; x_wconf 82' lang='grc' dir='ltr'>ἀγνοοῦσαι</span> <span class='ocrx_word' id='word_1_431' title='bbox 3117 2905 3180 2958; x_wconf 83' lang='grc' dir='ltr'><strong>τὸ</strong></span> <span class='ocrx_word' id='word_1_432' title='bbox 3218 2904 3640 2975; x_wconf 70' lang='grc' dir='ltr'>κρυπτόμενονς</span> 
     </span>
    </p>
   </div>
   <div class='ocr_carea' id='block_1_61' title="bbox 376 2995 1954 3086">
    <p class='ocr_par' dir='ltr' id='par_1_61' title="bbox 376 2999 1946 3086">
     <span class='ocr_line' id='line_1_61' title="bbox 376 2999 1946 3086; baseline 0.009 -33"><span class='ocrx_word' id='word_1_433' title='bbox 376 3007 494 3053; x_wconf 73' lang='lat' dir='ltr'><strong>tem</strong></span> <span class='ocrx_word' id='word_1_434' title='bbox 524 3011 637 3052; x_wconf 92' lang='lat' dir='ltr'><strong>non</strong></span> <span class='ocrx_word' id='word_1_435' title='bbox 663 2999 937 3059; x_wconf 85' lang='lat' dir='ltr'><strong>videatis?</strong></span> <span class='ocrx_word' id='word_1_436' title='bbox 967 3003 1101 3059; x_wconf 88' lang='lat' dir='ltr'><strong>Tum</strong></span> <span class='ocrx_word' id='word_1_437' title='bbox 1131 3008 1375 3064; x_wconf 88' lang='lat' dir='ltr'><strong>medicus</strong></span> <span class='ocrx_word' id='word_1_438' title='bbox 1413 3010 1517 3080; x_wconf 86' lang='lat' dir='ltr'><strong>ipsi</strong></span> <span class='ocrx_word' id='word_1_439' title='bbox 1572 3029 1585 3065; x_wconf 91' lang='lat'><strong>:</strong></span> <span class='ocrx_word' id='word_1_440' title='bbox 1631 3009 1750 3065; x_wconf 89' lang='lat' dir='ltr'><strong>Non</strong></span> <span class='ocrx_word' id='word_1_441' title='bbox 1786 3011 1946 3086; x_wconf 64' lang='grc'><strong>841</strong></span> 
     </span>
    </p>
   </div>
   <div class='ocr_carea' id='block_1_62' title="bbox 2057 2995 3635 3086">
    <p class='ocr_par' dir='ltr' id='par_1_62' title="bbox 2057 2995 3635 3069">
     <span class='ocr_line' id='line_1_62' title="bbox 2057 2995 3635 3069; baseline 0 -20"><span class='ocrx_word' id='word_1_442' title='bbox 2057 2996 2119 3049; x_wconf 90' lang='grc' dir='ltr'><strong>Τί</strong></span> <span class='ocrx_word' id='word_1_443' title='bbox 2153 2997 2654 3068; x_wconf 86' lang='grc' dir='ltr'>πολυπραγμονεῖτε</span> <span class='ocrx_word' id='word_1_444' title='bbox 2679 2997 2740 3050; x_wconf 88' lang='grc' dir='ltr'><strong>τὸ</strong></span> <span class='ocrx_word' id='word_1_445' title='bbox 2779 2998 3097 3069; x_wconf 88' lang='grc' dir='ltr'>γινόμενον,</span> <span class='ocrx_word' id='word_1_446' title='bbox 3128 2997 3220 3050; x_wconf 82' lang='grc' dir='ltr'><strong>τὸν</strong></span> <span class='ocrx_word' id='word_1_447' title='bbox 3259 2996 3516 3050; x_wconf 85' lang='grc' dir='ltr'>ποιοῦντα</span> <span class='ocrx_word' id='word_1_448' title='bbox 3552 2995 3635 3067; x_wconf 76' lang='grc' dir='ltr'>μὴ</span> 
     </span>
    </p>
   </div>
   <div class='ocr_carea' id='block_1_63' title="bbox 377 3093 1948 3175">
    <p class='ocr_par' dir='ltr' id='par_1_63' title="bbox 377 3093 1948 3175">
     <span class='ocr_line' id='line_1_63' title="bbox 377 3093 1948 3175; baseline 0.009 -27"><span class='ocrx_word' id='word_1_449' title='bbox 377 3093 682 3153; x_wconf 76' lang='lat' dir='ltr'><strong>curationis</strong></span> <span class='ocrx_word' id='word_1_450' title='bbox 729 3107 824 3152; x_wconf 90' lang='lat' dir='ltr'><strong>aut</strong></span> <span class='ocrx_word' id='word_1_451' title='bbox 872 3101 1053 3156; x_wconf 90' lang='lat' dir='ltr'><strong>solatii</strong></span> <span class='ocrx_word' id='word_1_452' title='bbox 1084 3117 1254 3161; x_wconf 91' lang='lat' dir='ltr'><strong>causa</strong></span> <span class='ocrx_word' id='word_1_453' title='bbox 1302 3106 1598 3160; x_wconf 90' lang='lat' dir='ltr'><strong>remedium</strong></span> <span class='ocrx_word' id='word_1_454' title='bbox 1634 3106 1948 3175; x_wconf 71' lang='lat' dir='ltr'><strong>offerimus;</strong></span> 
     </span>
    </p>
   </div>
   <div class='ocr_carea' id='block_1_64' title="bbox 378 3180 1951 3268">
    <p class='ocr_par' dir='ltr' id='par_1_64' title="bbox 378 3180 1951 3268">
     <span class='ocr_line' id='line_1_64' title="bbox 378 3180 1951 3268; baseline 0.01 -31"><span class='ocrx_word' id='word_1_455' title='bbox 378 3180 475 3237; x_wconf 81' lang='lat' dir='ltr'><strong>sed</strong></span> <span class='ocrx_word' id='word_1_456' title='bbox 533 3190 592 3235; x_wconf 93' lang='lat' dir='ltr'><strong>ut</strong></span> <span class='ocrx_word' id='word_1_457' title='bbox 637 3194 958 3257; x_wconf 89' lang='lat' dir='ltr'><strong>corruptum</strong></span> <span class='ocrx_word' id='word_1_458' title='bbox 1012 3191 1461 3263; x_wconf 83' lang='lat' dir='ltr'><strong>exstinctumque</strong></span> <span class='ocrx_word' id='word_1_459' title='bbox 1494 3195 1798 3250; x_wconf 89' lang='lat' dir='ltr'><strong>membrum</strong></span> <span class='ocrx_word' id='word_1_460' title='bbox 1852 3211 1951 3268; x_wconf 94' lang='lat' dir='ltr'><strong>pro</strong></span> 
     </span>
    </p>
   </div>
   <div class='ocr_carea' id='block_1_65' title="bbox 378 3277 1949 3355">
    <p class='ocr_par' dir='ltr' id='par_1_65' title="bbox 378 3277 1949 3355">
     <span class='ocr_line' id='line_1_65' title="bbox 378 3277 1949 3355; baseline 0.011 -30"><span class='ocrx_word' id='word_1_461' title='bbox 378 3285 531 3328; x_wconf 88' lang='lat' dir='ltr'><strong>more</strong></span> <span class='ocrx_word' id='word_1_462' title='bbox 562 3277 909 3345; x_wconf 89' lang='lat' dir='ltr'><strong>sepeliamus,</strong></span> <span class='ocrx_word' id='word_1_463' title='bbox 940 3296 1008 3337; x_wconf 84' lang='lat' dir='ltr'><strong>ne</strong></span> <span class='ocrx_word' id='word_1_464' title='bbox 1036 3282 1128 3353; x_wconf 90' lang='lat' dir='ltr'><strong>qui</strong></span> <span class='ocrx_word' id='word_1_465' title='bbox 1164 3283 1365 3340; x_wconf 88' lang='lat' dir='ltr'><strong>adsunt</strong></span> <span class='ocrx_word' id='word_1_466' title='bbox 1391 3300 1497 3339; x_wconf 91' lang='lat' dir='ltr'><strong>una</strong></span> <span class='ocrx_word' id='word_1_467' title='bbox 1520 3294 1786 3355; x_wconf 89' lang='lat' dir='ltr'><strong>pereant:</strong></span> <span class='ocrx_word' id='word_1_468' title='bbox 1822 3303 1949 3343; x_wconf 88' lang='lat' dir='ltr'><strong>nam</strong></span> 
     </span>
    </p>
   </div>
   <div class='ocr_carea' id='block_1_66' title="bbox 374 3364 1952 3447">
    <p class='ocr_par' dir='ltr' id='par_1_66' title="bbox 374 3364 1952 3447">
     <span class='ocr_line' id='line_1_66' title="bbox 374 3364 1952 3447; baseline 0.011 -30"><span class='ocrx_word' id='word_1_469' title='bbox 374 3364 524 3433; x_wconf 91' lang='lat' dir='ltr'><strong>quod</strong></span> <span class='ocrx_word' id='word_1_470' title='bbox 555 3370 790 3429; x_wconf 85' lang='lat' dir='ltr'><strong>mortuis</strong></span> <span class='ocrx_word' id='word_1_471' title='bbox 814 3370 1093 3428; x_wconf 86' lang='lat' dir='ltr'><strong>admoveri</strong></span> <span class='ocrx_word' id='word_1_472' title='bbox 1134 3375 1295 3440; x_wconf 87' lang='lat' dir='ltr'><strong>solet,</strong></span> <span class='ocrx_word' id='word_1_473' title='bbox 1328 3375 1381 3430; x_wconf 92' lang='lat' dir='ltr'><strong>id</strong></span> <span class='ocrx_word' id='word_1_474' title='bbox 1407 3376 1520 3447; x_wconf 87' lang='lat' dir='ltr'><strong>jam</strong></span> <span class='ocrx_word' id='word_1_475' title='bbox 1549 3393 1652 3433; x_wconf 91' lang='lat' dir='ltr'><strong>nos</strong></span> <span class='ocrx_word' id='word_1_476' title='bbox 1690 3377 1952 3435; x_wconf 61' lang='lat' dir='ltr'><strong>admoveo</strong></span> 
     </span>
    </p>
   </div>
   <div class='ocr_carea' id='block_1_67' title="bbox 374 3457 1948 3539">
    <p class='ocr_par' dir='ltr' id='par_1_67' title="bbox 374 3457 1948 3539">
     <span class='ocr_line' id='line_1_67' title="bbox 374 3457 1948 3539; baseline 0.006 -26"><span class='ocrx_word' id='word_1_477' title='bbox 374 3468 499 3513; x_wconf 86' lang='lat' dir='ltr'><strong>mus</strong></span> <span class='ocrx_word' id='word_1_478' title='bbox 531 3472 546 3510; x_wconf 88' lang='lat'><strong>:</strong></span> <span class='ocrx_word' id='word_1_479' title='bbox 589 3457 748 3515; x_wconf 85' lang='lat' dir='ltr'><strong>aloen</strong></span> <span class='ocrx_word' id='word_1_480' title='bbox 780 3476 905 3516; x_wconf 90' lang='lat' dir='ltr'><strong>cum</strong></span> <span class='ocrx_word' id='word_1_481' title='bbox 943 3466 1164 3535; x_wconf 77' lang='lat' dir='ltr'><strong>myrrha</strong></span> <span class='ocrx_word' id='word_1_482' title='bbox 1197 3474 1253 3520; x_wconf 91' lang='lat' dir='ltr'><strong>et</strong></span> <span class='ocrx_word' id='word_1_483' title='bbox 1297 3476 1476 3539; x_wconf 92' lang='lat' dir='ltr'><strong>myrto</strong></span> <span class='ocrx_word' id='word_1_484' title='bbox 1513 3469 1645 3523; x_wconf 87' lang='lat' dir='ltr'><strong>vino</strong></span> <span class='ocrx_word' id='word_1_485' title='bbox 1674 3468 1948 3523; x_wconf 89' lang='lat' dir='ltr'><strong>madidam</strong></span> 
     </span>
    </p>
   </div>
   <div class='ocr_carea' id='block_1_68' title="bbox 374 3549 1950 3623">
    <p class='ocr_par' dir='ltr' id='par_1_68' title="bbox 374 3549 1950 3623">
     <span class='ocr_line' id='line_1_68' title="bbox 374 3549 1950 3623; baseline 0.011 -26"><span class='ocrx_word' id='word_1_486' title='bbox 374 3559 610 3617; x_wconf 92' lang='lat' dir='ltr'><strong>appono.</strong></span> <span class='ocrx_word' id='word_1_487' title='bbox 656 3549 751 3604; x_wconf 91' lang='lat' dir='ltr'><strong>llla</strong></span> <span class='ocrx_word' id='word_1_488' title='bbox 796 3566 926 3607; x_wconf 80' lang='lat' dir='ltr'><strong>vero</strong></span> <span class='ocrx_word' id='word_1_489' title='bbox 970 3554 1213 3611; x_wconf 85' lang='lat' dir='ltr'><strong>admisso</strong></span> <span class='ocrx_word' id='word_1_490' title='bbox 1258 3557 1490 3611; x_wconf 90' lang='lat' dir='ltr'><strong>consilio</strong></span> <span class='ocrx_word' id='word_1_491' title='bbox 1527 3558 1740 3623; x_wconf 87' lang='lat' dir='ltr'><strong>annuit,</strong></span> <span class='ocrx_word' id='word_1_492' title='bbox 1786 3556 1950 3613; x_wconf 86' lang='lat' dir='ltr'><strong>mise—</strong></span> 
     </span>
    </p>
   </div>
   <div class='ocr_carea' id='block_1_69' title="bbox 371 3645 1951 3720">
    <p class='ocr_par' dir='ltr' id='par_1_69' title="bbox 371 3645 1951 3720">
     <span class='ocr_line' id='line_1_69' title="bbox 371 3645 1951 3720; baseline 0.007 -29"><span class='ocrx_word' id='word_1_493' title='bbox 371 3645 491 3691; x_wconf 92' lang='lat' dir='ltr'><strong>rata</strong></span> <span class='ocrx_word' id='word_1_494' title='bbox 524 3648 844 3708; x_wconf 75' lang='lat' dir='ltr'><strong>praesentem</strong></span> <span class='ocrx_word' id='word_1_495' title='bbox 874 3652 1074 3699; x_wconf 67' lang='lat' dir='ltr'><strong>coetum</strong></span> <span class='ocrx_word' id='word_1_496' title='bbox 1113 3665 1126 3701; x_wconf 93' lang='lat'>:</span> <span class='ocrx_word' id='word_1_497' title='bbox 1158 3661 1225 3701; x_wconf 93' lang='lat' dir='ltr'><strong>eo</strong></span> <span class='ocrx_word' id='word_1_498' title='bbox 1245 3649 1389 3703; x_wconf 90' lang='lat' dir='ltr'><strong>enim</strong></span> <span class='ocrx_word' id='word_1_499' title='bbox 1421 3656 1581 3719; x_wconf 87' lang='lat' dir='ltr'><strong>pacto</strong></span> <span class='ocrx_word' id='word_1_500' title='bbox 1614 3649 1951 3720; x_wconf 90' lang='lat' dir='ltr'><strong>purgabatur</strong></span> 
     </span>
    </p>
   </div>
   <div class='ocr_carea' id='block_1_70' title="bbox 374 3728 973 3793">
    <p class='ocr_par' dir='ltr' id='par_1_70' title="bbox 374 3728 973 3793">
     <span class='ocr_line' id='line_1_70' title="bbox 374 3728 973 3793; baseline 0.018 -11"><span class='ocrx_word' id='word_1_501' title='bbox 374 3728 586 3788; x_wconf 70' lang='lat' dir='ltr'><strong>fmtoris</strong></span> <span class='ocrx_word' id='word_1_502' title='bbox 609 3732 973 3793; x_wconf 72' lang='lat' dir='ltr'><strong>vehementia.</strong></span> 
     </span>
    </p>
   </div>
   <div class='ocr_carea' id='block_1_71' title="bbox 438 4010 1947 4093">
    <p class='ocr_par' dir='ltr' id='par_1_71' title="bbox 438 4010 1947 4093">
     <span class='ocr_line' id='line_1_71' title="bbox 438 4010 1947 4093; baseline 0.006 -26"><span class='ocrx_word' id='word_1_503' title='bbox 438 4012 566 4084; x_wconf 74' lang='lat'><strong>“2.</strong></span> <span class='ocrx_word' id='word_1_504' title='bbox 605 4014 742 4080; x_wconf 83' lang='lat' dir='ltr'><strong>Quis</strong></span> <span class='ocrx_word' id='word_1_505' title='bbox 779 4032 889 4072; x_wconf 90' lang='lat' dir='ltr'><strong>non</strong></span> <span class='ocrx_word' id='word_1_506' title='bbox 921 4018 1209 4073; x_wconf 86' lang='lat' dir='ltr'><strong>exhorruit</strong></span> <span class='ocrx_word' id='word_1_507' title='bbox 1241 4020 1481 4075; x_wconf 89' lang='lat' dir='ltr'><strong>immane</strong></span> <span class='ocrx_word' id='word_1_508' title='bbox 1523 4021 1679 4081; x_wconf 85' lang='lat' dir='ltr'><strong>ulcus</strong></span> <span class='ocrx_word' id='word_1_509' title='bbox 1725 4010 1947 4093; x_wconf 80' lang='lat' dir='ltr'><strong>conspi-</strong></span> 
     </span>
    </p>
   </div>
   <div class='ocr_carea' id='block_1_72' title="bbox 369 4104 1945 4184">
    <p class='ocr_par' dir='ltr' id='par_1_72' title="bbox 369 4104 1945 4184">
     <span class='ocr_line' id='line_1_72' title="bbox 369 4104 1945 4184; baseline 0.008 -26"><span class='ocrx_word' id='word_1_510' title='bbox 369 4104 561 4169; x_wconf 75' lang='lat' dir='ltr'><strong>ciens?</strong></span> <span class='ocrx_word' id='word_1_511' title='bbox 613 4107 714 4163; x_wconf 89' lang='lat' dir='ltr'><strong>Cui</strong></span> <span class='ocrx_word' id='word_1_512' title='bbox 752 4124 863 4164; x_wconf 93' lang='lat' dir='ltr'><strong>non</strong></span> <span class='ocrx_word' id='word_1_513' title='bbox 919 4111 1072 4169; x_wconf 89' lang='lat' dir='ltr'><strong>utilis</strong></span> <span class='ocrx_word' id='word_1_514' title='bbox 1131 4110 1557 4184; x_wconf 87' lang='lat' dir='ltr'><strong>fructuosusque</strong></span> <span class='ocrx_word' id='word_1_515' title='bbox 1613 4114 1945 4184; x_wconf 84' lang='lat' dir='ltr'><strong>conspicuus</strong></span> 
     </span>
    </p>
   </div>
   <div class='ocr_carea' id='block_1_73' title="bbox 368 4198 1945 4273">
    <p class='ocr_par' dir='ltr' id='par_1_73' title="bbox 368 4198 1945 4273">
     <span class='ocr_line' id='line_1_73' title="bbox 368 4198 1945 4273; baseline 0.006 -20"><span class='ocrx_word' id='word_1_516' title='bbox 368 4198 578 4263; x_wconf 86' lang='lat' dir='ltr'><strong>inimici</strong></span> <span class='ocrx_word' id='word_1_517' title='bbox 609 4203 835 4273; x_wconf 84' lang='lat' dir='ltr'><strong>lapsus?</strong></span> <span class='ocrx_word' id='word_1_518' title='bbox 855 4204 970 4262; x_wconf 90' lang='lat' dir='ltr'><strong>lllic</strong></span> <span class='ocrx_word' id='word_1_519' title='bbox 991 4206 1150 4261; x_wconf 91' lang='lat' dir='ltr'><strong>ulcus</strong></span> <span class='ocrx_word' id='word_1_520' title='bbox 1176 4206 1405 4262; x_wconf 85' lang='lat' dir='ltr'><strong>immisit</strong></span> <span class='ocrx_word' id='word_1_521' title='bbox 1432 4205 1577 4262; x_wconf 88' lang='lat' dir='ltr'><strong>unde</strong></span> <span class='ocrx_word' id='word_1_522' title='bbox 1601 4208 1858 4264; x_wconf 89' lang='lat' dir='ltr'><strong>salutaris</strong></span> <span class='ocrx_word' id='word_1_523' title='bbox 1890 4217 1945 4264; x_wconf 91' lang='lat' dir='ltr'><strong>et</strong></span> 
     </span>
    </p>
   </div>
   <div class='ocr_carea' id='block_1_74' title="bbox 368 4290 1945 4369">
    <p class='ocr_par' dir='ltr' id='par_1_74' title="bbox 368 4290 1945 4369">
     <span class='ocr_line' id='line_1_74' title="bbox 368 4290 1945 4369; baseline 0.006 -24"><span class='ocrx_word' id='word_1_524' title='bbox 368 4290 724 4353; x_wconf 87' lang='lat' dir='ltr'><strong>dulcissimus</strong></span> <span class='ocrx_word' id='word_1_525' title='bbox 770 4297 894 4352; x_wconf 82' lang='lat' dir='ltr'><strong>fons</strong></span> <span class='ocrx_word' id='word_1_526' title='bbox 926 4312 1241 4353; x_wconf 89' lang='lat' dir='ltr'><strong>sermonum</strong></span> <span class='ocrx_word' id='word_1_527' title='bbox 1273 4297 1545 4368; x_wconf 88' lang='lat' dir='ltr'><strong>prodibat.</strong></span> <span class='ocrx_word' id='word_1_528' title='bbox 1582 4297 1712 4369; x_wconf 89' lang='lat' dir='ltr'><strong>Ejus</strong></span> <span class='ocrx_word' id='word_1_529' title='bbox 1751 4301 1945 4354; x_wconf 90' lang='lat' dir='ltr'><strong>imma-</strong></span> 
     </span>
    </p>
   </div>
   <div class='ocr_carea' id='block_1_75' title="bbox 367 4383 1945 4463">
    <p class='ocr_par' dir='ltr' id='par_1_75' title="bbox 367 4383 1945 4463">
     <span class='ocr_line' id='line_1_75' title="bbox 367 4383 1945 4463; baseline 0.007 -26"><span class='ocrx_word' id='word_1_530' title='bbox 367 4383 515 4439; x_wconf 88' lang='lat' dir='ltr'><strong>nitas</strong></span> <span class='ocrx_word' id='word_1_531' title='bbox 546 4384 767 4440; x_wconf 92' lang='lat' dir='ltr'><strong>modum</strong></span> <span class='ocrx_word' id='word_1_532' title='bbox 820 4403 1037 4443; x_wconf 90' lang='lat' dir='ltr'><strong>omnem</strong></span> <span class='ocrx_word' id='word_1_533' title='bbox 1090 4404 1449 4460; x_wconf 88' lang='lat' dir='ltr'><strong>exsuperans,</strong></span> <span class='ocrx_word' id='word_1_534' title='bbox 1489 4390 1683 4446; x_wconf 90' lang='lat' dir='ltr'><strong>solatia</strong></span> <span class='ocrx_word' id='word_1_535' title='bbox 1716 4407 1945 4463; x_wconf 66' lang='lat' dir='ltr'><strong>quaeque</strong></span> 
     </span>
    </p>
   </div>
   <div class='ocr_carea' id='block_1_76' title="bbox 367 4468 1941 4554">
    <p class='ocr_par' dir='ltr' id='par_1_76' title="bbox 367 4468 1941 4554">
     <span class='ocr_line' id='line_1_76' title="bbox 367 4468 1941 4554; baseline 0.007 -25"><span class='ocrx_word' id='word_1_536' title='bbox 367 4475 672 4547; x_wconf 83' lang='lat' dir='ltr'><strong>dissipavit.</strong></span> <span class='ocrx_word' id='word_1_537' title='bbox 711 4477 997 4550; x_wconf 88' lang='lat' dir='ltr'><strong>Tanquam</strong></span> <span class='ocrx_word' id='word_1_538' title='bbox 1040 4480 1153 4537; x_wconf 82' lang='lat' dir='ltr'><strong>fera</strong></span> <span class='ocrx_word' id='word_1_539' title='bbox 1185 4483 1535 4554; x_wconf 85' lang='lat' dir='ltr'><strong>sanguinaria</strong></span> <span class='ocrx_word' id='word_1_540' title='bbox 1558 4524 1572 4549; x_wconf 94' lang='lat'><strong>,</strong></span> <span class='ocrx_word' id='word_1_541' title='bbox 1602 4468 1773 4538; x_wconf 82' lang='lat' dir='ltr'><strong>totam</strong></span> <span class='ocrx_word' id='word_1_542' title='bbox 1805 4499 1941 4539; x_wconf 91' lang='lat' dir='ltr'><strong>con-</strong></span> 
     </span>
    </p>
   </div>
   <div class='ocr_carea' id='block_1_77' title="bbox 365 4568 1942 4648">
    <p class='ocr_par' dir='ltr' id='par_1_77' title="bbox 365 4568 1942 4648">
     <span class='ocr_line' id='line_1_77' title="bbox 365 4568 1942 4648; baseline 0.005 -25"><span class='ocrx_word' id='word_1_543' title='bbox 365 4568 701 4624; x_wconf 89' lang='lat' dir='ltr'><strong>venientium</strong></span> <span class='ocrx_word' id='word_1_544' title='bbox 736 4586 926 4625; x_wconf 90' lang='lat' dir='ltr'><strong>curam</strong></span> <span class='ocrx_word' id='word_1_545' title='bbox 955 4572 1200 4629; x_wconf 90' lang='lat' dir='ltr'><strong>inutilem</strong></span> <span class='ocrx_word' id='word_1_546' title='bbox 1224 4574 1480 4640; x_wconf 83' lang='lat' dir='ltr'><strong>reddidit,</strong></span> <span class='ocrx_word' id='word_1_547' title='bbox 1517 4583 1578 4630; x_wconf 92' lang='lat' dir='ltr'><strong>ut</strong></span> <span class='ocrx_word' id='word_1_548' title='bbox 1605 4578 1942 4648; x_wconf 85' lang='lat' dir='ltr'><strong>discerperet</strong></span> 
     </span>
    </p>
   </div>
   <div class='ocr_carea' id='block_1_78' title="bbox 364 4659 1940 4734">
    <p class='ocr_par' dir='ltr' id='par_1_78' title="bbox 364 4659 1940 4734">
     <span class='ocr_line' id='line_1_78' title="bbox 364 4659 1940 4734; baseline 0.006 -21"><span class='ocrx_word' id='word_1_549' title='bbox 364 4659 604 4715; x_wconf 88' lang='lat' dir='ltr'><strong>oblatam</strong></span> <span class='ocrx_word' id='word_1_550' title='bbox 648 4661 911 4731; x_wconf 73' lang='lat' dir='ltr'><strong>praedam.</strong></span> <span class='ocrx_word' id='word_1_551' title='bbox 957 4661 1065 4718; x_wconf 89' lang='lat' dir='ltr'><strong>Sed</strong></span> <span class='ocrx_word' id='word_1_552' title='bbox 1107 4665 1236 4719; x_wconf 90' lang='lat' dir='ltr'><strong>dum</strong></span> <span class='ocrx_word' id='word_1_553' title='bbox 1276 4666 1472 4734; x_wconf 57' lang='lat' dir='ltr'><strong>quaerit</strong></span> <span class='ocrx_word' id='word_1_554' title='bbox 1510 4667 1714 4730; x_wconf 89' lang='lat' dir='ltr'><strong>cibum,</strong></span> <span class='ocrx_word' id='word_1_555' title='bbox 1762 4666 1940 4725; x_wconf 83' lang='lat' dir='ltr'><strong>factus</strong></span> 
     </span>
    </p>
   </div>
   <div class='ocr_carea' id='block_1_79' title="bbox 363 4750 1943 4828">
    <p class='ocr_par' dir='ltr' id='par_1_79' title="bbox 363 4750 1943 4828">
     <span class='ocr_line' id='line_1_79' title="bbox 363 4750 1943 4828; baseline 0.006 -25"><span class='ocrx_word' id='word_1_556' title='bbox 363 4756 447 4807; x_wconf 91' lang='lat' dir='ltr'><strong>est</strong></span> <span class='ocrx_word' id='word_1_557' title='bbox 474 4750 758 4820; x_wconf 77' lang='lat' dir='ltr'><strong>pabulum.</strong></span> <span class='ocrx_word' id='word_1_558' title='bbox 808 4750 1069 4821; x_wconf 89' lang='lat' dir='ltr'><strong>Corporis</strong></span> <span class='ocrx_word' id='word_1_559' title='bbox 1115 4754 1260 4808; x_wconf 91' lang='lat' dir='ltr'><strong>enim</strong></span> <span class='ocrx_word' id='word_1_560' title='bbox 1296 4753 1615 4810; x_wconf 89' lang='lat' dir='ltr'><strong>infirmitate</strong></span> <span class='ocrx_word' id='word_1_561' title='bbox 1648 4759 1807 4827; x_wconf 87' lang='lat' dir='ltr'><strong>quasi</strong></span> <span class='ocrx_word' id='word_1_562' title='bbox 1844 4773 1943 4828; x_wconf 89' lang='lat' dir='ltr'><strong>per</strong></span> 
     </span>
    </p>
   </div>
   <div class='ocr_carea' id='block_1_80' title="bbox 363 4838 1936 4912">
    <p class='ocr_par' dir='ltr' id='par_1_80' title="bbox 363 4838 1936 4912">
     <span class='ocr_line' id='line_1_80' title="bbox 363 4838 1936 4912; baseline 0.006 -21"><span class='ocrx_word' id='word_1_563' title='bbox 363 4838 584 4907; x_wconf 80' lang='lat' dir='ltr'><strong>hamum</strong></span> <span class='ocrx_word' id='word_1_564' title='bbox 624 4841 845 4898; x_wconf 84' lang='lat' dir='ltr'><strong>illectus</strong></span> <span class='ocrx_word' id='word_1_565' title='bbox 882 4848 1186 4912; x_wconf 85' lang='lat' dir='ltr'><strong>captusque</strong></span> <span class='ocrx_word' id='word_1_566' title='bbox 1232 4842 1376 4899; x_wconf 85' lang='lat' dir='ltr'><strong>fuit:</strong></span> <span class='ocrx_word' id='word_1_567' title='bbox 1417 4842 1675 4900; x_wconf 82' lang='lat' dir='ltr'><strong>feminam</strong></span> <span class='ocrx_word' id='word_1_568' title='bbox 1722 4846 1936 4912; x_wconf 87' lang='lat' dir='ltr'><strong>videns,</strong></span> 
     </span>
    </p>
   </div>
   <div class='ocr_carea' id='block_1_81' title="bbox 360 4932 1941 5005">
    <p class='ocr_par' dir='ltr' id='par_1_81' title="bbox 360 4932 1941 5005">
     <span class='ocr_line' id='line_1_81' title="bbox 360 4932 1941 5005; baseline 0.003 -16"><span class='ocrx_word' id='word_1_569' title='bbox 360 4932 772 4997; x_wconf 84' lang='lat' dir='ltr'><strong>contemnebat,</strong></span> <span class='ocrx_word' id='word_1_570' title='bbox 798 4933 927 5003; x_wconf 83' lang='lat' dir='ltr'><strong>quia</strong></span> <span class='ocrx_word' id='word_1_571' title='bbox 962 4933 1249 5005; x_wconf 88' lang='lat' dir='ltr'><strong>ignorabat</strong></span> <span class='ocrx_word' id='word_1_572' title='bbox 1283 4935 1495 4990; x_wconf 86' lang='lat' dir='ltr'><strong>virilem</strong></span> <span class='ocrx_word' id='word_1_573' title='bbox 1528 4936 1647 5004; x_wconf 79' lang='lat' dir='ltr'><strong>ejus</strong></span> <span class='ocrx_word' id='word_1_574' title='bbox 1674 4937 1941 4995; x_wconf 90' lang='lat' dir='ltr'><strong>animum.</strong></span> 
     </span>
    </p>
   </div>
   <div class='ocr_carea' id='block_1_82' title="bbox 360 5022 1935 5100">
    <p class='ocr_par' dir='ltr' id='par_1_82' title="bbox 360 5022 1935 5100">
     <span class='ocr_line' id='line_1_82' title="bbox 360 5022 1935 5100; baseline 0.006 -25"><span class='ocrx_word' id='word_1_575' title='bbox 360 5022 639 5093; x_wconf 91' lang='lat' dir='ltr'><strong>Didicerat</strong></span> <span class='ocrx_word' id='word_1_576' title='bbox 661 5026 911 5089; x_wconf 88' lang='lat' dir='ltr'><strong>morbida</strong></span> <span class='ocrx_word' id='word_1_577' title='bbox 934 5028 1182 5082; x_wconf 89' lang='lat' dir='ltr'><strong>membra</strong></span> <span class='ocrx_word' id='word_1_578' title='bbox 1208 5029 1689 5092; x_wconf 67' lang='lat' dir='ltr'><strong>esse,caacutiebat</strong></span> <span class='ocrx_word' id='word_1_579' title='bbox 1712 5031 1935 5100; x_wconf 90' lang='lat' dir='ltr'><strong>quippe,</strong></span> 
     </span>
    </p>
   </div>
   <div class='ocr_carea' id='block_1_83' title="bbox 360 5114 1934 5184">
    <p class='ocr_par' dir='ltr' id='par_1_83' title="bbox 360 5114 1934 5184">
     <span class='ocr_line' id='line_1_83' title="bbox 360 5114 1934 5184; baseline 0.003 -17"><span class='ocrx_word' id='word_1_580' title='bbox 360 5129 462 5168; x_wconf 89' lang='lat' dir='ltr'><strong>nec</strong></span> <span class='ocrx_word' id='word_1_581' title='bbox 505 5123 719 5184; x_wconf 86' lang='lat' dir='ltr'><strong>poterat</strong></span> <span class='ocrx_word' id='word_1_582' title='bbox 771 5114 1128 5171; x_wconf 78' lang='lat' dir='ltr'><strong>fortissimam</strong></span> <span class='ocrx_word' id='word_1_583' title='bbox 1176 5115 1326 5170; x_wconf 89' lang='lat' dir='ltr'><strong>illius</strong></span> <span class='ocrx_word' id='word_1_584' title='bbox 1362 5124 1596 5172; x_wconf 88' lang='lat' dir='ltr'><strong>mentem</strong></span> <span class='ocrx_word' id='word_1_585' title='bbox 1639 5118 1934 5173; x_wconf 67' lang='lat' dir='ltr'><strong>aestimare.</strong></span> 
     </span>
    </p>
   </div>
   <div class='ocr_carea' id='block_1_84' title="bbox 359 5201 1935 5276">
    <p class='ocr_par' dir='ltr' id='par_1_84' title="bbox 359 5201 1935 5276">
     <span class='ocr_line' id='line_1_84' title="bbox 359 5201 1935 5276; baseline 0.003 -20"><span class='ocrx_word' id='word_1_586' title='bbox 359 5201 550 5257; x_wconf 88' lang='lat' dir='ltr'><strong>Trium</strong></span> <span class='ocrx_word' id='word_1_587' title='bbox 590 5202 758 5274; x_wconf 86' lang='lat' dir='ltr'><strong>igitur</strong></span> <span class='ocrx_word' id='word_1_588' title='bbox 788 5203 1059 5261; x_wconf 89' lang='lat' dir='ltr'><strong>mensium</strong></span> <span class='ocrx_word' id='word_1_589' title='bbox 1104 5204 1285 5275; x_wconf 92' lang='lat' dir='ltr'><strong>spatio</strong></span> <span class='ocrx_word' id='word_1_590' title='bbox 1316 5204 1420 5261; x_wconf 86' lang='lat' dir='ltr'><strong>hoc</strong></span> <span class='ocrx_word' id='word_1_591' title='bbox 1451 5206 1505 5261; x_wconf 91' lang='lat' dir='ltr'><strong>in</strong></span> <span class='ocrx_word' id='word_1_592' title='bbox 1539 5221 1714 5276; x_wconf 90' lang='lat' dir='ltr'><strong>agone</strong></span> <span class='ocrx_word' id='word_1_593' title='bbox 1739 5206 1935 5263; x_wconf 90' lang='lat' dir='ltr'><strong>decer-</strong></span> 
     </span>
    </p>
   </div>
   <div class='ocr_carea' id='block_1_85' title="bbox 358 5292 1936 5368">
    <p class='ocr_par' dir='ltr' id='par_1_85' title="bbox 358 5292 1936 5368">
     <span class='ocr_line' id='line_1_85' title="bbox 358 5292 1936 5368; baseline 0.004 -21"><span class='ocrx_word' id='word_1_594' title='bbox 358 5295 513 5348; x_wconf 87' lang='lat' dir='ltr'><strong>tavit.</strong></span> <span class='ocrx_word' id='word_1_595' title='bbox 541 5292 757 5350; x_wconf 85' lang='lat' dir='ltr'><strong>Virtute</strong></span> <span class='ocrx_word' id='word_1_596' title='bbox 801 5302 983 5351; x_wconf 90' lang='lat' dir='ltr'><strong>autem</strong></span> <span class='ocrx_word' id='word_1_597' title='bbox 1029 5296 1214 5352; x_wconf 90' lang='lat' dir='ltr'><strong>divina</strong></span> <span class='ocrx_word' id='word_1_598' title='bbox 1255 5304 1432 5352; x_wconf 90' lang='lat' dir='ltr'><strong>totum</strong></span> <span class='ocrx_word' id='word_1_599' title='bbox 1479 5312 1680 5368; x_wconf 90' lang='lat' dir='ltr'><strong>corpus</strong></span> <span class='ocrx_word' id='word_1_600' title='bbox 1719 5306 1936 5354; x_wconf 86' lang='lat' dir='ltr'><strong>susten-</strong></span> 
     </span>
    </p>
   </div>
   <div class='ocr_carea' id='block_1_86' title="bbox 358 5384 1939 5457">
    <p class='ocr_par' dir='ltr' id='par_1_86' title="bbox 358 5384 1939 5457">
     <span class='ocr_line' id='line_1_86' title="bbox 358 5384 1939 5457; baseline 0.004 -19"><span class='ocrx_word' id='word_1_601' title='bbox 358 5385 527 5440; x_wconf 81' lang='lat' dir='ltr'><strong>tabat.</strong></span> <span class='ocrx_word' id='word_1_602' title='bbox 554 5384 691 5441; x_wconf 79' lang='lat' dir='ltr'><strong>Nam</strong></span> <span class='ocrx_word' id='word_1_603' title='bbox 734 5401 856 5457; x_wconf 69' lang='lat' dir='ltr'><strong>quae</strong></span> <span class='ocrx_word' id='word_1_604' title='bbox 903 5389 1153 5457; x_wconf 86' lang='lat' dir='ltr'><strong>corporis</strong></span> <span class='ocrx_word' id='word_1_605' title='bbox 1185 5389 1595 5445; x_wconf 89' lang='lat' dir='ltr'><strong>conservationi</strong></span> <span class='ocrx_word' id='word_1_606' title='bbox 1632 5390 1939 5445; x_wconf 89' lang='lat' dir='ltr'><strong>inserviunt</strong></span> 
     </span>
    </p>
   </div>
   <div class='ocr_carea' id='block_1_87' title="bbox 358 5476 1936 5551">
    <p class='ocr_par' dir='ltr' id='par_1_87' title="bbox 358 5476 1936 5551">
     <span class='ocr_line' id='line_1_87' title="bbox 358 5476 1936 5551; baseline 0.004 -23"><span class='ocrx_word' id='word_1_607' title='bbox 358 5476 850 5534; x_wconf 87' lang='lat' dir='ltr'><strong>imminuebantur.</strong></span> <span class='ocrx_word' id='word_1_608' title='bbox 904 5476 1110 5535; x_wconf 79' lang='lat' dir='ltr'><strong>Aderat</strong></span> <span class='ocrx_word' id='word_1_609' title='bbox 1152 5480 1384 5536; x_wconf 89' lang='lat' dir='ltr'><strong>inedia:</strong></span> <span class='ocrx_word' id='word_1_610' title='bbox 1428 5496 1540 5551; x_wconf 90' lang='lat' dir='ltr'><strong>quo</strong></span> <span class='ocrx_word' id='word_1_611' title='bbox 1591 5480 1737 5535; x_wconf 90' lang='lat' dir='ltr'><strong>enim</strong></span> <span class='ocrx_word' id='word_1_612' title='bbox 1770 5480 1936 5536; x_wconf 86' lang='lat' dir='ltr'><strong>modo</strong></span> 
     </span>
    </p>
   </div>
   <div class='ocr_carea' id='block_1_88' title="bbox 359 5566 1937 5659">
    <p class='ocr_par' dir='ltr' id='par_1_88' title="bbox 359 5566 1937 5659">
     <span class='ocr_line' id='line_1_88' title="bbox 359 5566 1937 5659; baseline 0.006 -40"><span class='ocrx_word' id='word_1_613' title='bbox 359 5566 630 5655; x_wconf 74' lang='lat' dir='ltr'><strong>potuisset</strong></span> <span class='ocrx_word' id='word_1_614' title='bbox 657 5569 815 5643; x_wconf 73' lang='lat' dir='ltr'><strong>cibos</strong></span> <span class='ocrx_word' id='word_1_615' title='bbox 845 5586 1088 5647; x_wconf 77' lang='lat' dir='ltr'><strong>sumere,</strong></span> <span class='ocrx_word' id='word_1_616' title='bbox 1132 5572 1416 5645; x_wconf 79' lang='lat' dir='ltr'><strong>obtinente</strong></span> <span class='ocrx_word' id='word_1_617' title='bbox 1446 5580 1601 5630; x_wconf 88' lang='lat' dir='ltr'><strong>tanta</strong></span> <span class='ocrx_word' id='word_1_618' title='bbox 1623 5572 1749 5629; x_wconf 85' lang='lat' dir='ltr'><strong>tabe</strong></span> <span class='ocrx_word' id='word_1_619' title='bbox 1775 5581 1937 5659; x_wconf 79' lang='lat' dir='ltr'><strong>atque</strong></span> 
     </span>
    </p>
   </div>
   <div class='ocr_carea' id='block_1_89' title="bbox 2053 3086 3631 3161">
    <p class='ocr_par' dir='ltr' id='par_1_89' title="bbox 2053 3086 3631 3161">
     <span class='ocr_line' id='line_1_89' title="bbox 2053 3086 3631 3161; baseline 0.001 -21"><span class='ocrx_word' id='word_1_620' title='bbox 2053 3086 2386 3158; x_wconf 87' lang='grc' dir='ltr'>θεωροῦσαι;</span> <span class='ocrx_word' id='word_1_621' title='bbox 2420 3090 2530 3143; x_wconf 76' lang='grc' dir='ltr'><strong>Καὶ</strong></span> <span class='ocrx_word' id='word_1_622' title='bbox 2572 3089 2709 3161; x_wconf 79' lang='grc' dir='ltr'>πρὸς</span> <span class='ocrx_word' id='word_1_623' title='bbox 2734 3089 2904 3159; x_wconf 84' lang='grc' dir='ltr'>αὐτήν</span> <span class='ocrx_word' id='word_1_624' title='bbox 2932 3106 3097 3159; x_wconf 85' lang='grc' dir='ltr'>φησιν</span> <span class='ocrx_word' id='word_1_625' title='bbox 3120 3090 3149 3141; x_wconf 89' lang='grc' dir='ltr'>ὁ</span> <span class='ocrx_word' id='word_1_626' title='bbox 3183 3089 3370 3160; x_wconf 87' lang='grc' dir='ltr'>παρὼν</span> <span class='ocrx_word' id='word_1_627' title='bbox 3413 3088 3631 3160; x_wconf 75' lang='grc' dir='ltr'>ἱατρός·</span> 
     </span>
    </p>
   </div>
   <div class='ocr_carea' id='block_1_90' title="bbox 2053 3176 3635 3250">
    <p class='ocr_par' dir='ltr' id='par_1_90' title="bbox 2053 3176 3635 3250">
     <span class='ocr_line' id='line_1_90' title="bbox 2053 3176 3635 3250; baseline 0.001 -21"><span class='ocrx_word' id='word_1_628' title='bbox 2053 3178 2164 3248; x_wconf 84' lang='grc' dir='ltr'><strong>Οὐχ</strong></span> <span class='ocrx_word' id='word_1_629' title='bbox 2196 3177 2379 3230; x_wconf 73' lang='grc' dir='ltr'>ἕνεκεν</span> <span class='ocrx_word' id='word_1_630' title='bbox 2405 3178 2701 3250; x_wconf 89' lang='grc' dir='ltr'>θεραπείας</span> <span class='ocrx_word' id='word_1_631' title='bbox 2741 3178 2886 3241; x_wconf 84' lang='grc' dir='ltr'>τινὸς</span> <span class='ocrx_word' id='word_1_632' title='bbox 2934 3178 2967 3248; x_wconf 84' lang='grc' dir='ltr'>ἢ</span> <span class='ocrx_word' id='word_1_633' title='bbox 3009 3177 3362 3249; x_wconf 86' lang='grc' dir='ltr'>παραμυθίας</span> <span class='ocrx_word' id='word_1_634' title='bbox 3392 3176 3635 3248; x_wconf 66' lang='grc' dir='ltr'>προσφέ-</span> 
     </span>
    </p>
   </div>
   <div class='ocr_carea' id='block_1_91' title="bbox 2054 3269 3633 3342">
    <p class='ocr_par' dir='ltr' id='par_1_91' title="bbox 2054 3269 3633 3342">
     <span class='ocr_line' id='line_1_91' title="bbox 2054 3269 3633 3342; baseline -0.001 -19"><span class='ocrx_word' id='word_1_635' title='bbox 2054 3286 2219 3341; x_wconf 86' lang='grc' dir='ltr'>ρομεν</span> <span class='ocrx_word' id='word_1_636' title='bbox 2260 3270 2570 3341; x_wconf 88' lang='grc' dir='ltr'>φάρμακον,</span> <span class='ocrx_word' id='word_1_637' title='bbox 2618 3269 2735 3324; x_wconf 87' lang='grc' dir='ltr'>ἀλλ’</span> <span class='ocrx_word' id='word_1_638' title='bbox 2780 3271 2868 3325; x_wconf 84' lang='grc' dir='ltr'><strong>ἴνα</strong></span> <span class='ocrx_word' id='word_1_639' title='bbox 2917 3271 2978 3324; x_wconf 82' lang='grc' dir='ltr'><strong>τὸ</strong></span> <span class='ocrx_word' id='word_1_640' title='bbox 3038 3271 3473 3342; x_wconf 67' lang='grc' dir='ltr'>ἠλλοτριωμένου</span> <span class='ocrx_word' id='word_1_641' title='bbox 3533 3270 3633 3325; x_wconf 69' lang='grc' dir='ltr'>καὶ</span> 
     </span>
    </p>
   </div>
   <div class='ocr_carea' id='block_1_92' title="bbox 2052 3360 3634 3433">
    <p class='ocr_par' dir='ltr' id='par_1_92' title="bbox 2052 3360 3634 3433">
     <span class='ocr_line' id='line_1_92' title="bbox 2052 3360 3634 3433; baseline 0.001 -21"><span class='ocrx_word' id='word_1_642' title='bbox 2052 3360 2244 3431; x_wconf 83' lang='grc' dir='ltr'>νεκρὸν</span> <span class='ocrx_word' id='word_1_643' title='bbox 2276 3360 2461 3433; x_wconf 87' lang='grc' dir='ltr'>μόριον</span> <span class='ocrx_word' id='word_1_644' title='bbox 2489 3363 2630 3416; x_wconf 87' lang='grc' dir='ltr'><strong>κατά</strong></span> <span class='ocrx_word' id='word_1_645' title='bbox 2646 3360 2743 3432; x_wconf 81' lang='grc' dir='ltr'>τὴν</span> <span class='ocrx_word' id='word_1_646' title='bbox 2775 3360 3063 3432; x_wconf 88' lang='grc' dir='ltr'>συνήθειαν</span> <span class='ocrx_word' id='word_1_647' title='bbox 3088 3360 3370 3432; x_wconf 75' lang='grc' dir='ltr'>θάψωμεν,</span> <span class='ocrx_word' id='word_1_648' title='bbox 3396 3361 3540 3433; x_wconf 72' lang='grc' dir='ltr'>πρὸς</span> <span class='ocrx_word' id='word_1_649' title='bbox 3566 3362 3634 3414; x_wconf 79' lang='grc' dir='ltr'>τὸ</span> 
     </span>
    </p>
   </div>
   <div class='ocr_carea' id='block_1_93' title="bbox 2054 3451 3637 3524">
    <p class='ocr_par' dir='ltr' id='par_1_93' title="bbox 2054 3451 3637 3524">
     <span class='ocr_line' id='line_1_93' title="bbox 2054 3451 3637 3524; baseline 0 -20"><span class='ocrx_word' id='word_1_650' title='bbox 2054 3451 2127 3522; x_wconf 84' lang='grc' dir='ltr'>μὴ</span> <span class='ocrx_word' id='word_1_651' title='bbox 2150 3451 2276 3515; x_wconf 83' lang='grc' dir='ltr'>τοὺς</span> <span class='ocrx_word' id='word_1_652' title='bbox 2308 3452 2583 3523; x_wconf 83' lang='grc' dir='ltr'>παρόντας</span> <span class='ocrx_word' id='word_1_653' title='bbox 2623 3451 3103 3522; x_wconf 80' lang='grc' dir='ltr'>συνδιαφθαρῆναι.</span> <span class='ocrx_word' id='word_1_654' title='bbox 3148 3453 3323 3522; x_wconf 84' lang='grc' dir='ltr'>Ὅπερ</span> <span class='ocrx_word' id='word_1_655' title='bbox 3369 3452 3480 3524; x_wconf 80' lang='grc' dir='ltr'><strong>γάρ</strong></span> <span class='ocrx_word' id='word_1_656' title='bbox 3515 3453 3637 3513; x_wconf 76' lang='grc' dir='ltr'>τοῖς</span> 
     </span>
    </p>
   </div>
   <div class='ocr_carea' id='block_1_94' title="bbox 2049 3541 3627 3615">
    <p class='ocr_par' dir='ltr' id='par_1_94' title="bbox 2049 3541 3627 3615">
     <span class='ocr_line' id='line_1_94' title="bbox 2049 3541 3627 3615; baseline 0 -21"><span class='ocrx_word' id='word_1_657' title='bbox 2049 3541 2305 3595; x_wconf 87' lang='grc' dir='ltr'>τεθνεῶσι</span> <span class='ocrx_word' id='word_1_658' title='bbox 2339 3543 2695 3615; x_wconf 88' lang='grc' dir='ltr'>προσάγουσι,</span> <span class='ocrx_word' id='word_1_659' title='bbox 2726 3543 2883 3596; x_wconf 86' lang='grc' dir='ltr'>τοῦτο</span> <span class='ocrx_word' id='word_1_660' title='bbox 2902 3544 2997 3596; x_wconf 73' lang='grc' dir='ltr'><strong>καὶ</strong></span> <span class='ocrx_word' id='word_1_661' title='bbox 3021 3546 3180 3614; x_wconf 78' lang='grc' dir='ltr'>ἡμεῖς</span> <span class='ocrx_word' id='word_1_662' title='bbox 3204 3543 3300 3596; x_wconf 87' lang='grc' dir='ltr'><strong>νῦν</strong></span> <span class='ocrx_word' id='word_1_663' title='bbox 3331 3543 3627 3613; x_wconf 79' lang='grc' dir='ltr'>ποιοῦμεν·</span> 
     </span>
    </p>
   </div>
   <div class='ocr_carea' id='block_1_95' title="bbox 2049 3631 3630 3707">
    <p class='ocr_par' dir='ltr' id='par_1_95' title="bbox 2049 3631 3630 3707">
     <span class='ocr_line' id='line_1_95' title="bbox 2049 3631 3630 3707; baseline -0.001 -22"><span class='ocrx_word' id='word_1_664' title='bbox 2049 3631 2217 3703; x_wconf 87' lang='grc' dir='ltr'>ἀλόην</span> <span class='ocrx_word' id='word_1_665' title='bbox 2243 3633 2358 3703; x_wconf 74' lang='grc' dir='ltr'><strong>ἅμα</strong></span> <span class='ocrx_word' id='word_1_666' title='bbox 2384 3632 2599 3706; x_wconf 87' lang='grc' dir='ltr'>σμύρνῃ</span> <span class='ocrx_word' id='word_1_667' title='bbox 2623 3633 2716 3686; x_wconf 74' lang='grc' dir='ltr'>καὶ</span> <span class='ocrx_word' id='word_1_668' title='bbox 2754 3634 2989 3707; x_wconf 81' lang='grc' dir='ltr'>μυρσίνῃ</span> <span class='ocrx_word' id='word_1_669' title='bbox 3021 3636 3149 3704; x_wconf 81' lang='grc' dir='ltr'>οἴνῳ</span> <span class='ocrx_word' id='word_1_670' title='bbox 3171 3634 3367 3697; x_wconf 80' lang='grc' dir='ltr'>δεύσας</span> <span class='ocrx_word' id='word_1_671' title='bbox 3401 3634 3630 3704; x_wconf 83' lang='grc' dir='ltr'>προστί-</span> 
     </span>
    </p>
   </div>
   <div class='ocr_carea' id='block_1_96' title="bbox 2049 3709 3625 3796">
    <p class='ocr_par' dir='ltr' id='par_1_96' title="bbox 2049 3709 3625 3796">
     <span class='ocr_line' id='line_1_96' title="bbox 2049 3709 3625 3796; baseline 0.003 -21"><span class='ocrx_word' id='word_1_672' title='bbox 2049 3722 2203 3793; x_wconf 90' lang='grc' dir='ltr'>θημι.</span> <span class='ocrx_word' id='word_1_673' title='bbox 2240 3723 2303 3776; x_wconf 86' lang='grc' dir='ltr'><strong>Ἡ</strong></span> <span class='ocrx_word' id='word_1_674' title='bbox 2331 3723 2409 3787; x_wconf 82' lang='grc' dir='ltr'>δὲ,</span> <span class='ocrx_word' id='word_1_675' title='bbox 2432 3709 2809 3795; x_wconf 78' lang='grc' dir='ltr'>ἀποδεξαμένη</span> <span class='ocrx_word' id='word_1_676' title='bbox 2849 3724 2950 3794; x_wconf 80' lang='grc' dir='ltr'>τὴν</span> <span class='ocrx_word' id='word_1_677' title='bbox 2992 3724 3322 3796; x_wconf 72' lang='grc' dir='ltr'>συμϐουλίαν</span> <span class='ocrx_word' id='word_1_678' title='bbox 3358 3725 3625 3794; x_wconf 73' lang='grc' dir='ltr'>ἠνείχετο.</span> 
     </span>
    </p>
   </div>
   <div class='ocr_carea' id='block_1_97' title="bbox 2048 3811 3631 3887">
    <p class='ocr_par' dir='ltr' id='par_1_97' title="bbox 2048 3811 3631 3887">
     <span class='ocr_line' id='line_1_97' title="bbox 2048 3811 3631 3887; baseline 0.003 -23"><span class='ocrx_word' id='word_1_679' title='bbox 2048 3812 2145 3876; x_wconf 84' lang='grc' dir='ltr'>τὰς</span> <span class='ocrx_word' id='word_1_680' title='bbox 2182 3811 2536 3877; x_wconf 88' lang='grc' dir='ltr'>συνελθούσας</span> <span class='ocrx_word' id='word_1_681' title='bbox 2565 3812 2765 3884; x_wconf 83' lang='grc' dir='ltr'>μᾶλλον</span> <span class='ocrx_word' id='word_1_682' title='bbox 2817 3813 3089 3886; x_wconf 79' lang='grc' dir='ltr'>ἐλεήσασα</span> <span class='ocrx_word' id='word_1_683' title='bbox 3108 3834 3120 3845; x_wconf 86' lang='grc'><strong>·</strong></span> <span class='ocrx_word' id='word_1_684' title='bbox 3163 3815 3489 3887; x_wconf 74' lang='grc' dir='ltr'>ὲκαθαίρετο</span> <span class='ocrx_word' id='word_1_685' title='bbox 3517 3816 3631 3883; x_wconf 71' lang='grc' dir='ltr'>γὰρ</span> 
     </span>
    </p>
   </div>
   <div class='ocr_carea' id='block_1_98' title="bbox 2047 3904 3066 3980">
    <p class='ocr_par' dir='ltr' id='par_1_98' title="bbox 2047 3904 3066 3980">
     <span class='ocr_line' id='line_1_98' title="bbox 2047 3904 3066 3980; baseline 0.001 -22"><span class='ocrx_word' id='word_1_686' title='bbox 2047 3907 2112 3958; x_wconf 88' lang='grc' dir='ltr'><strong>ἐκ</strong></span> <span class='ocrx_word' id='word_1_687' title='bbox 2133 3904 2323 3960; x_wconf 86' lang='grc' dir='ltr'>τούτου</span> <span class='ocrx_word' id='word_1_688' title='bbox 2349 3907 2383 3977; x_wconf 81' lang='grc' dir='ltr'>ἡ</span> <span class='ocrx_word' id='word_1_689' title='bbox 2409 3906 2648 3980; x_wconf 85' lang='grc' dir='ltr'>ἀμετρία</span> <span class='ocrx_word' id='word_1_690' title='bbox 2671 3906 2768 3978; x_wconf 83' lang='grc' dir='ltr'>τῆς</span> <span class='ocrx_word' id='word_1_691' title='bbox 2788 3905 3066 3971; x_wconf 86' lang='grc' dir='ltr'>δυσωδίας.</span> 
     </span>
    </p>
   </div>
   <div class='ocr_carea' id='block_1_99' title="bbox 2117 4016 3631 4090">
    <p class='ocr_par' dir='ltr' id='par_1_99' title="bbox 2117 4016 3631 4090">
     <span class='ocr_line' id='line_1_99' title="bbox 2117 4016 3631 4090; baseline 0.001 -20"><span class='ocrx_word' id='word_1_692' title='bbox 2117 4017 2238 4071; x_wconf 74' lang='grc'><strong>112.</strong></span> <span class='ocrx_word' id='word_1_693' title='bbox 2276 4019 2372 4082; x_wconf 90' lang='grc' dir='ltr'><strong>Τίς</strong></span> <span class='ocrx_word' id='word_1_694' title='bbox 2404 4018 2504 4071; x_wconf 82' lang='grc' dir='ltr'><strong>οὐκ</strong></span> <span class='ocrx_word' id='word_1_695' title='bbox 2538 4016 2723 4090; x_wconf 76' lang='grc' dir='ltr'>ἔφριξε</span> <span class='ocrx_word' id='word_1_696' title='bbox 2752 4016 2851 4088; x_wconf 79' lang='grc' dir='ltr'>τὴν</span> <span class='ocrx_word' id='word_1_697' title='bbox 2882 4018 3216 4090; x_wconf 84' lang='grc' dir='ltr'>τηλικαύτην</span> <span class='ocrx_word' id='word_1_698' title='bbox 3253 4018 3469 4090; x_wconf 77' lang='grc' dir='ltr'>πληγὴν</span> <span class='ocrx_word' id='word_1_699' title='bbox 3500 4019 3631 4071; x_wconf 71' lang='grc' dir='ltr'>θεα·</span> 
     </span>
    </p>
   </div>
   <div class='ocr_carea' id='block_1_100' title="bbox 2050 4108 3632 4183">
    <p class='ocr_par' dir='ltr' id='par_1_100' title="bbox 2050 4108 3632 4183">
     <span class='ocr_line' id='line_1_100' title="bbox 2050 4108 3632 4183; baseline 0.002 -23"><span class='ocrx_word' id='word_1_700' title='bbox 2050 4108 2310 4179; x_wconf 85' lang='grc' dir='ltr'>σάμενος;</span> <span class='ocrx_word' id='word_1_701' title='bbox 2345 4108 2439 4173; x_wconf 91' lang='grc' dir='ltr'><strong>Τίς</strong></span> <span class='ocrx_word' id='word_1_702' title='bbox 2469 4114 2567 4164; x_wconf 75' lang='grc' dir='ltr'><strong>οὐκ</strong></span> <span class='ocrx_word' id='word_1_703' title='bbox 2589 4111 2843 4182; x_wconf 83' lang='grc' dir='ltr'>ὠφελήθη</span> <span class='ocrx_word' id='word_1_704' title='bbox 2877 4111 2975 4183; x_wconf 82' lang='grc' dir='ltr'>τὴν</span> <span class='ocrx_word' id='word_1_705' title='bbox 3006 4111 3301 4182; x_wconf 80' lang='grc' dir='ltr'>καρτερίαν</span> <span class='ocrx_word' id='word_1_706' title='bbox 3326 4112 3425 4181; x_wconf 81' lang='grc' dir='ltr'>τῆς</span> <span class='ocrx_word' id='word_1_707' title='bbox 3451 4128 3632 4180; x_wconf 67' lang='grc' dir='ltr'>μακαα</span> 
     </span>
    </p>
   </div>
   <div class='ocr_carea' id='block_1_101' title="bbox 2049 4200 3628 4274">
    <p class='ocr_par' dir='ltr' id='par_1_101' title="bbox 2049 4200 3628 4274">
     <span class='ocr_line' id='line_1_101' title="bbox 2049 4200 3628 4274; baseline 0.003 -24"><span class='ocrx_word' id='word_1_708' title='bbox 2049 4200 2172 4271; x_wconf 85' lang='grc' dir='ltr'>ρίας</span> <span class='ocrx_word' id='word_1_709' title='bbox 2205 4200 2559 4271; x_wconf 86' lang='grc' dir='ltr'>θεασάμενος,</span> <span class='ocrx_word' id='word_1_710' title='bbox 2595 4205 2690 4257; x_wconf 79' lang='grc' dir='ltr'>καὶ</span> <span class='ocrx_word' id='word_1_711' title='bbox 2721 4205 2779 4257; x_wconf 83' lang='grc' dir='ltr'><strong>ἐν</strong></span> <span class='ocrx_word' id='word_1_712' title='bbox 2811 4202 2987 4274; x_wconf 81' lang='grc' dir='ltr'>ταύτῃ</span> <span class='ocrx_word' id='word_1_713' title='bbox 3020 4204 3116 4273; x_wconf 81' lang='grc' dir='ltr'>τὴν</span> <span class='ocrx_word' id='word_1_714' title='bbox 3149 4204 3503 4255; x_wconf 61' lang='grc' dir='ltr'>κατάτιτωσιν</span> <span class='ocrx_word' id='word_1_715' title='bbox 3529 4201 3628 4254; x_wconf 79' lang='grc' dir='ltr'><strong>τοῦ</strong></span> 
     </span>
    </p>
   </div>
   <div class='ocr_carea' id='block_1_102' title="bbox 2046 4292 3625 4366">
    <p class='ocr_par' dir='ltr' id='par_1_102' title="bbox 2046 4292 3625 4366">
     <span class='ocr_line' id='line_1_102' title="bbox 2046 4292 3625 4366; baseline 0.001 -21"><span class='ocrx_word' id='word_1_716' title='bbox 2046 4292 2239 4364; x_wconf 79' lang='grc' dir='ltr'>ἐχθροῦ</span> <span class='ocrx_word' id='word_1_717' title='bbox 2264 4294 2522 4365; x_wconf 74' lang='grc' dir='ltr'>ἐννοήσας</span> <span class='ocrx_word' id='word_1_718' title='bbox 2546 4312 2560 4361; x_wconf 90' lang='grc'><strong>;</strong></span> <span class='ocrx_word' id='word_1_719' title='bbox 2598 4296 2745 4349; x_wconf 69' lang='grc' dir='ltr'>Ἰῖκεῖ</span> <span class='ocrx_word' id='word_1_720' title='bbox 2776 4296 2873 4366; x_wconf 80' lang='grc' dir='ltr'><strong>μὲν</strong></span> <span class='ocrx_word' id='word_1_721' title='bbox 2898 4295 3009 4365; x_wconf 78' lang='grc' dir='ltr'>γὰρ</span> <span class='ocrx_word' id='word_1_722' title='bbox 3032 4294 3227 4364; x_wconf 70' lang='grc' dir='ltr'>ἔστησε</span> <span class='ocrx_word' id='word_1_723' title='bbox 3256 4294 3355 4365; x_wconf 71' lang='grc' dir='ltr'>τὴν</span> <span class='ocrx_word' id='word_1_724' title='bbox 3386 4293 3625 4364; x_wconf 77' lang='grc' dir='ltr'>πληγὴν,</span> 
     </span>
    </p>
   </div>
   <div class='ocr_carea' id='block_1_103' title="bbox 2047 4381 3627 4455">
    <p class='ocr_par' dir='ltr' id='par_1_103' title="bbox 2047 4381 3627 4455">
     <span class='ocr_line' id='line_1_103' title="bbox 2047 4381 3627 4455; baseline 0.002 -22"><span class='ocrx_word' id='word_1_725' title='bbox 2047 4381 2169 4433; x_wconf 85' lang='grc' dir='ltr'>ὅθεν</span> <span class='ocrx_word' id='word_1_726' title='bbox 2215 4382 2249 4453; x_wconf 85' lang='grc' dir='ltr'>ἡ</span> <span class='ocrx_word' id='word_1_727' title='bbox 2299 4384 2564 4455; x_wconf 81' lang='grc' dir='ltr'>σωτήριος</span> <span class='ocrx_word' id='word_1_728' title='bbox 2606 4387 2701 4439; x_wconf 80' lang='grc' dir='ltr'>καὶ</span> <span class='ocrx_word' id='word_1_729' title='bbox 2747 4384 3057 4453; x_wconf 87' lang='grc' dir='ltr'>γλυκυτάτη</span> <span class='ocrx_word' id='word_1_730' title='bbox 3089 4382 3197 4437; x_wconf 81' lang='grc' dir='ltr'>τῶν</span> <span class='ocrx_word' id='word_1_731' title='bbox 3224 4382 3396 4453; x_wconf 85' lang='grc' dir='ltr'>λόγων</span> <span class='ocrx_word' id='word_1_732' title='bbox 3442 4384 3627 4454; x_wconf 79' lang='grc' dir='ltr'>προΐει</span> 
     </span>
    </p>
   </div>
   <div class='ocr_carea' id='block_1_104' title="bbox 2045 4467 3629 4548">
    <p class='ocr_par' dir='ltr' id='par_1_104' title="bbox 2045 4467 3629 4548">
     <span class='ocr_line' id='line_1_104' title="bbox 2045 4467 3629 4548; baseline 0.001 -20"><span class='ocrx_word' id='word_1_733' title='bbox 2045 4474 2218 4545; x_wconf 75' lang='grc' dir='ltr'>πηγὴ,</span> <span class='ocrx_word' id='word_1_734' title='bbox 2241 4476 2333 4529; x_wconf 71' lang='lat' dir='ltr'><strong>xui.</strong></span> <span class='ocrx_word' id='word_1_735' title='bbox 2360 4477 2421 4529; x_wconf 83' lang='grc' dir='ltr'><strong>τὸ</strong></span> <span class='ocrx_word' id='word_1_736' title='bbox 2441 4475 2774 4548; x_wconf 78' lang='grc' dir='ltr'>ὑπερϐάλλον</span> <span class='ocrx_word' id='word_1_737' title='bbox 2802 4477 2965 4531; x_wconf 85' lang='grc' dir='ltr'>αὑτοῦ</span> <span class='ocrx_word' id='word_1_738' title='bbox 2984 4477 3085 4547; x_wconf 82' lang='grc' dir='ltr'><strong>τῆς</strong></span> <span class='ocrx_word' id='word_1_739' title='bbox 3112 4477 3418 4546; x_wconf 85' lang='grc' dir='ltr'>δεινότητος</span> <span class='ocrx_word' id='word_1_740' title='bbox 3444 4467 3629 4529; x_wconf 72' lang='grc' dir='ltr'>πᾶσαν</span> 
     </span>
    </p>
   </div>
   <div class='ocr_carea' id='block_1_105' title="bbox 2048 4565 3627 4641">
    <p class='ocr_par' dir='ltr' id='par_1_105' title="bbox 2048 4565 3627 4641">
     <span class='ocr_line' id='line_1_105' title="bbox 2048 4565 3627 4641; baseline 0.002 -23"><span class='ocrx_word' id='word_1_741' title='bbox 2048 4565 2390 4636; x_wconf 87' lang='grc' dir='ltr'>παράκλησιν</span> <span class='ocrx_word' id='word_1_742' title='bbox 2419 4569 2809 4624; x_wconf 84' lang='grc' dir='ltr'>ἀπεσκέδασεν.</span> <span class='ocrx_word' id='word_1_743' title='bbox 2851 4570 3063 4641; x_wconf 82' lang='grc' dir='ltr'>Ὥσπερ</span> <span class='ocrx_word' id='word_1_744' title='bbox 3089 4566 3198 4639; x_wconf 87' lang='grc' dir='ltr'><strong>γάρ</strong></span> <span class='ocrx_word' id='word_1_745' title='bbox 3234 4568 3424 4639; x_wconf 81' lang='grc' dir='ltr'>θηρίον</span> <span class='ocrx_word' id='word_1_746' title='bbox 3463 4572 3627 4640; x_wconf 83' lang='grc' dir='ltr'>αἱμο-</span> 
     </span>
    </p>
   </div>
   <div class='ocr_carea' id='block_1_106' title="bbox 2046 4654 3625 4732">
    <p class='ocr_par' dir='ltr' id='par_1_106' title="bbox 2046 4654 3625 4732">
     <span class='ocr_line' id='line_1_106' title="bbox 2046 4654 3625 4732; baseline 0.003 -24"><span class='ocrx_word' id='word_1_747' title='bbox 2046 4654 2223 4726; x_wconf 86' lang='grc' dir='ltr'>6όρον,</span> <span class='ocrx_word' id='word_1_748' title='bbox 2253 4659 2433 4711; x_wconf 81' lang='grc' dir='ltr'>πᾶσαν</span> <span class='ocrx_word' id='word_1_749' title='bbox 2462 4660 2569 4712; x_wconf 83' lang='grc' dir='ltr'>τῶν</span> <span class='ocrx_word' id='word_1_750' title='bbox 2603 4661 3009 4732; x_wconf 78' lang='grc' dir='ltr'>συνερχομένων</span> <span class='ocrx_word' id='word_1_751' title='bbox 3033 4659 3131 4731; x_wconf 85' lang='grc' dir='ltr'><strong>τὴν</strong></span> <span class='ocrx_word' id='word_1_752' title='bbox 3159 4660 3394 4732; x_wconf 85' lang='grc' dir='ltr'>σπουδὴν</span> <span class='ocrx_word' id='word_1_753' title='bbox 3417 4661 3625 4714; x_wconf 78' lang='grc' dir='ltr'>ἀπεσὸο</span> 
     </span>
    </p>
   </div>
   <div class='ocr_carea' id='block_1_107' title="bbox 2043 4747 3625 4825">
    <p class='ocr_par' dir='ltr' id='par_1_107' title="bbox 2043 4747 3625 4825">
     <span class='ocr_line' id='line_1_107' title="bbox 2043 4747 3625 4825; baseline 0.004 -25"><span class='ocrx_word' id='word_1_754' title='bbox 2043 4747 2199 4818; x_wconf 77' lang='grc' dir='ltr'>δησε,</span> <span class='ocrx_word' id='word_1_755' title='bbox 2231 4751 2367 4821; x_wconf 79' lang='grc' dir='ltr'>πρὸς</span> <span class='ocrx_word' id='word_1_756' title='bbox 2398 4750 2460 4804; x_wconf 79' lang='grc' dir='ltr'><strong>τὸ</strong></span> <span class='ocrx_word' id='word_1_757' title='bbox 2480 4752 2765 4825; x_wconf 81' lang='grc' dir='ltr'>σπαράξαι</span> <span class='ocrx_word' id='word_1_758' title='bbox 2796 4754 2857 4807; x_wconf 84' lang='grc' dir='ltr'>τὸ</span> <span class='ocrx_word' id='word_1_759' title='bbox 2891 4754 3200 4825; x_wconf 80' lang='grc' dir='ltr'>προσπεσὸν</span> <span class='ocrx_word' id='word_1_760' title='bbox 3235 4753 3498 4824; x_wconf 84' lang='grc' dir='ltr'>θήραμα·</span> <span class='ocrx_word' id='word_1_761' title='bbox 3530 4754 3625 4807; x_wconf 73' lang='grc' dir='ltr'><strong>καὶ</strong></span> 
     </span>
    </p>
   </div>
   <div class='ocr_carea' id='block_1_108' title="bbox 2045 4839 3626 4917">
    <p class='ocr_par' dir='ltr' id='par_1_108' title="bbox 2045 4839 3626 4917">
     <span class='ocr_line' id='line_1_108' title="bbox 2045 4839 3626 4917; baseline 0.004 -24"><span class='ocrx_word' id='word_1_762' title='bbox 2045 4839 2224 4911; x_wconf 89' lang='grc' dir='ltr'>θοίνην</span> <span class='ocrx_word' id='word_1_763' title='bbox 2260 4842 2457 4912; x_wconf 82' lang='grc' dir='ltr'>ζητῶν,</span> <span class='ocrx_word' id='word_1_764' title='bbox 2496 4844 2631 4916; x_wconf 86' lang='grc' dir='ltr'>βορὰ</span> <span class='ocrx_word' id='word_1_765' title='bbox 2670 4844 2884 4913; x_wconf 85' lang='grc' dir='ltr'>γέγονε.</span> <span class='ocrx_word' id='word_1_766' title='bbox 2918 4844 3236 4915; x_wconf 82' lang='grc' dir='ltr'>Ἑδελεάσθη</span> <span class='ocrx_word' id='word_1_767' title='bbox 3276 4844 3388 4917; x_wconf 82' lang='grc' dir='ltr'><strong>γάρ</strong></span> <span class='ocrx_word' id='word_1_768' title='bbox 3431 4845 3626 4917; x_wconf 77' lang='grc' dir='ltr'>ὥσπερ</span> 
     </span>
    </p>
   </div>
   <div class='ocr_carea' id='block_1_109' title="bbox 2028 4931 3623 5007">
    <p class='ocr_par' dir='ltr' id='par_1_109' title="bbox 2028 4931 3623 5007">
     <span class='ocr_line' id='line_1_109' title="bbox 2028 4931 3623 5007; baseline 0.004 -23"><span class='ocrx_word' id='word_1_769' title='bbox 2028 4931 2094 4985; x_wconf 82' lang='grc' dir='ltr'>δι’</span> <span class='ocrx_word' id='word_1_770' title='bbox 2139 4934 2441 5004; x_wconf 87' lang='grc' dir='ltr'>ἀγκίστρου</span> <span class='ocrx_word' id='word_1_771' title='bbox 2492 4937 2559 5007; x_wconf 79' lang='grc' dir='ltr'>τῇ</span> <span class='ocrx_word' id='word_1_772' title='bbox 2606 4936 2700 4989; x_wconf 89' lang='grc' dir='ltr'><strong>τοῦ</strong></span> <span class='ocrx_word' id='word_1_773' title='bbox 2746 4940 2997 5007; x_wconf 85' lang='grc' dir='ltr'>σώματος</span> <span class='ocrx_word' id='word_1_774' title='bbox 3043 4936 3332 5006; x_wconf 76' lang='grc' dir='ltr'>ἀσθενείᾳ·</span> <span class='ocrx_word' id='word_1_775' title='bbox 3385 4940 3623 5005; x_wconf 80' lang='grc' dir='ltr'>γυναῖκα</span> 
     </span>
    </p>
   </div>
   <div class='ocr_carea' id='block_1_110' title="bbox 2037 5023 3622 5101">
    <p class='ocr_par' dir='ltr' id='par_1_110' title="bbox 2037 5023 3622 5101">
     <span class='ocr_line' id='line_1_110' title="bbox 2037 5023 3622 5101; baseline 0.003 -25"><span class='ocrx_word' id='word_1_776' title='bbox 2037 5023 2203 5095; x_wconf 82' lang='grc' dir='ltr'>ὀρῶν,</span> <span class='ocrx_word' id='word_1_777' title='bbox 2252 5026 2609 5098; x_wconf 86' lang='grc' dir='ltr'>κατεφρόνει·</span> <span class='ocrx_word' id='word_1_778' title='bbox 2659 5029 2845 5098; x_wconf 80' lang='grc' dir='ltr'>ἠγνόει</span> <span class='ocrx_word' id='word_1_779' title='bbox 2895 5030 3003 5101; x_wconf 82' lang='grc' dir='ltr'><strong>γάρ</strong></span> <span class='ocrx_word' id='word_1_780' title='bbox 3045 5030 3215 5099; x_wconf 77' lang='grc' dir='ltr'>αὐτῆς</span> <span class='ocrx_word' id='word_1_781' title='bbox 3267 5028 3329 5081; x_wconf 80' lang='grc' dir='ltr'><strong>τὸ</strong></span> <span class='ocrx_word' id='word_1_782' title='bbox 3374 5030 3622 5100; x_wconf 83' lang='grc' dir='ltr'>ἀνδρεῖον</span> 
     </span>
    </p>
   </div>
   <div class='ocr_carea' id='block_1_111' title="bbox 2024 5117 3623 5202">
    <p class='ocr_par' dir='ltr' id='par_1_111' title="bbox 2024 5117 3623 5202">
     <span class='ocr_line' id='line_1_111' title="bbox 2024 5117 3623 5202; baseline -0.001 -31"><span class='ocrx_word' id='word_1_783' title='bbox 2024 5117 2315 5188; x_wconf 75' lang='grc' dir='ltr'>φρόνημα.</span> <span class='ocrx_word' id='word_1_784' title='bbox 2367 5118 2647 5172; x_wconf 81' lang='grc' dir='ltr'>Νοσοῦντα</span> <span class='ocrx_word' id='word_1_785' title='bbox 2689 5118 2769 5202; x_wconf 55' lang='grc' dir='ltr'><strong>τὰ.</strong></span> <span class='ocrx_word' id='word_1_786' title='bbox 2804 5118 2940 5190; x_wconf 84' lang='grc' dir='ltr'>μέλη</span> <span class='ocrx_word' id='word_1_787' title='bbox 2988 5118 3402 5189; x_wconf 83' lang='grc' dir='ltr'>κατεμάνθανεν</span> <span class='ocrx_word' id='word_1_788' title='bbox 3425 5137 3440 5150; x_wconf 94' lang='grc'><strong>·</strong></span> <span class='ocrx_word' id='word_1_789' title='bbox 3500 5118 3623 5171; x_wconf 73' lang='grc' dir='ltr'>ἐτύ-</span> 
     </span>
    </p>
   </div>
   <div class='ocr_carea' id='block_1_112' title="bbox 2040 5208 3621 5282">
    <p class='ocr_par' dir='ltr' id='par_1_112' title="bbox 2040 5208 3621 5282">
     <span class='ocr_line' id='line_1_112' title="bbox 2040 5208 3621 5282; baseline 0 -21"><span class='ocrx_word' id='word_1_790' title='bbox 2040 5208 2252 5277; x_wconf 86' lang='grc' dir='ltr'>φλωττε</span> <span class='ocrx_word' id='word_1_791' title='bbox 2284 5208 2412 5281; x_wconf 88' lang='grc' dir='ltr'>γὰρ,</span> <span class='ocrx_word' id='word_1_792' title='bbox 2450 5209 2543 5263; x_wconf 80' lang='grc' dir='ltr'><strong>τὸν</strong></span> <span class='ocrx_word' id='word_1_793' title='bbox 2575 5210 2922 5282; x_wconf 70' lang='grc' dir='ltr'>ἰσχυρότατον</span> <span class='ocrx_word' id='word_1_794' title='bbox 2961 5209 3132 5280; x_wconf 84' lang='grc' dir='ltr'>αὐτῆς</span> <span class='ocrx_word' id='word_1_795' title='bbox 3182 5210 3448 5279; x_wconf 81' lang='grc' dir='ltr'>λογισμὸν</span> <span class='ocrx_word' id='word_1_796' title='bbox 3484 5226 3621 5262; x_wconf 57' lang='lat' dir='ltr'><strong>xar-</strong></span> 
     </span>
    </p>
   </div>
   <div class='ocr_carea' id='block_1_113' title="bbox 2036 5298 3622 5374">
    <p class='ocr_par' dir='ltr' id='par_1_113' title="bbox 2036 5298 3622 5374">
     <span class='ocr_line' id='line_1_113' title="bbox 2036 5298 3622 5374; baseline -0.001 -19"><span class='ocrx_word' id='word_1_797' title='bbox 2036 5300 2300 5355; x_wconf 87' lang='grc' dir='ltr'>οπτεῦσαι</span> <span class='ocrx_word' id='word_1_798' title='bbox 2332 5302 2407 5374; x_wconf 84' lang='grc' dir='ltr'>μὴ</span> <span class='ocrx_word' id='word_1_799' title='bbox 2431 5302 2750 5372; x_wconf 86' lang='grc' dir='ltr'>δυνάμενος.</span> <span class='ocrx_word' id='word_1_800' title='bbox 2768 5303 2920 5372; x_wconf 76' lang='grc' dir='ltr'>Μησὶ</span> <span class='ocrx_word' id='word_1_801' title='bbox 2944 5303 3043 5374; x_wconf 87' lang='grc' dir='ltr'>μὲν</span> <span class='ocrx_word' id='word_1_802' title='bbox 3071 5298 3165 5357; x_wconf 81' lang='grc' dir='ltr'><strong>οὖν</strong></span> <span class='ocrx_word' id='word_1_803' title='bbox 3188 5301 3336 5374; x_wconf 74' lang='grc' dir='ltr'>τρισὶ</span> <span class='ocrx_word' id='word_1_804' title='bbox 3354 5302 3454 5355; x_wconf 77' lang='grc' dir='ltr'>καὶ</span> <span class='ocrx_word' id='word_1_805' title='bbox 3487 5301 3622 5371; x_wconf 67' lang='grc' dir='ltr'>πρὸς</span> 
     </span>
    </p>
   </div>
   <div class='ocr_carea' id='block_1_114' title="bbox 2035 5390 3620 5463">
    <p class='ocr_par' dir='ltr' id='par_1_114' title="bbox 2035 5390 3620 5463">
     <span class='ocr_line' id='line_1_114' title="bbox 2035 5390 3620 5463; baseline 0.001 -18"><span class='ocrx_word' id='word_1_806' title='bbox 2035 5390 2227 5445; x_wconf 85' lang='grc' dir='ltr'>τοῦτον</span> <span class='ocrx_word' id='word_1_807' title='bbox 2251 5391 2340 5445; x_wconf 81' lang='grc' dir='ltr'><strong>τὸν</strong></span> <span class='ocrx_word' id='word_1_808' title='bbox 2372 5391 2561 5461; x_wconf 86' lang='grc' dir='ltr'>ἀγῶνα</span> <span class='ocrx_word' id='word_1_809' title='bbox 2594 5392 2877 5463; x_wconf 82' lang='grc' dir='ltr'>ἐνήθλησε.</span> <span class='ocrx_word' id='word_1_810' title='bbox 2905 5393 3143 5462; x_wconf 80' lang='grc' dir='ltr'>Δυνάμει</span> <span class='ocrx_word' id='word_1_811' title='bbox 3164 5391 3223 5445; x_wconf 82' lang='grc' dir='ltr'><strong>δέ</strong></span> <span class='ocrx_word' id='word_1_812' title='bbox 3256 5390 3382 5463; x_wconf 75' lang='grc' dir='ltr'>θείᾳ</span> <span class='ocrx_word' id='word_1_813' title='bbox 3406 5391 3472 5446; x_wconf 71' lang='grc' dir='ltr'><strong>τὸ</strong></span> <span class='ocrx_word' id='word_1_814' title='bbox 3499 5391 3620 5446; x_wconf 79' lang='grc' dir='ltr'>ὅλον</span> 
     </span>
    </p>
   </div>
   <div class='ocr_carea' id='block_1_115' title="bbox 2037 5482 3622 5556">
    <p class='ocr_par' dir='ltr' id='par_1_115' title="bbox 2037 5482 3622 5556">
     <span class='ocr_line' id='line_1_115' title="bbox 2037 5482 3622 5556; baseline 0.001 -20"><span class='ocrx_word' id='word_1_815' title='bbox 2037 5485 2437 5555; x_wconf 83' lang='grc' dir='ltr'>παρεκρατεῖτο</span> <span class='ocrx_word' id='word_1_816' title='bbox 2495 5484 2672 5555; x_wconf 86' lang='grc' dir='ltr'>σῶμα.</span> <span class='ocrx_word' id='word_1_817' title='bbox 2710 5484 2792 5537; x_wconf 83' lang='grc' dir='ltr'>Τά</span> <span class='ocrx_word' id='word_1_818' title='bbox 2817 5484 2927 5555; x_wconf 86' lang='grc' dir='ltr'>γὰρ</span> <span class='ocrx_word' id='word_1_819' title='bbox 2952 5483 3313 5539; x_wconf 83' lang='grc' dir='ltr'>συντελοῦντα</span> <span class='ocrx_word' id='word_1_820' title='bbox 3355 5485 3498 5556; x_wconf 79' lang='grc' dir='ltr'>πρὸς</span> <span class='ocrx_word' id='word_1_821' title='bbox 3522 5482 3622 5554; x_wconf 74' lang='grc' dir='ltr'><strong>τὴν</strong></span> 
     </span>
    </p>
   </div>
   <div class='ocr_carea' id='block_1_116' title="bbox 2035 5570 3615 5648">
    <p class='ocr_par' dir='ltr' id='par_1_116' title="bbox 2035 5570 3615 5648">
     <span class='ocr_line' id='line_1_116' title="bbox 2035 5570 3615 5648; baseline -0.015 -18"><span class='ocrx_word' id='word_1_822' title='bbox 2035 5574 2298 5647; x_wconf 69' lang='grc' dir='ltr'>διαμονὴν</span> <span class='ocrx_word' id='word_1_823' title='bbox 2326 5573 2491 5630; x_wconf 82' lang='grc' dir='ltr'>αὐτοῦ</span> <span class='ocrx_word' id='word_1_824' title='bbox 2522 5576 2847 5647; x_wconf 83' lang='grc' dir='ltr'>ἐμεμείωτο.</span> <span class='ocrx_word' id='word_1_825' title='bbox 2880 5575 3135 5648; x_wconf 72' lang='grc' dir='ltr'>Ἀτροφεα</span> <span class='ocrx_word' id='word_1_826' title='bbox 3159 5576 3257 5647; x_wconf 71' lang='grc' dir='ltr'><strong>μὲν</strong></span> <span class='ocrx_word' id='word_1_827' title='bbox 3278 5570 3375 5630; x_wconf 68' lang='grc' dir='ltr'><strong>οὖν</strong></span> <span class='ocrx_word' id='word_1_828' title='bbox 3404 5574 3615 5647; x_wconf 67' lang='grc' dir='ltr'>παρῆν.</span> 
     </span>
    </p>
   </div>
  </div>
