3864 6208
191 226 336 286 155⁸1
1339 237 1503 296 VITA
1544 239 1841 297 SANCTE
1884 237 2358 301 SYNCLETICE.
3306 251 3447 314 tm

190 342 313 406 πῶς
353 341 462 414 γὰρ
508 339 738 412 ἠδύνατο
776 348 962 404 σιτίων
992 351 1338 422 μεταλαϐεῖν,
1379 356 1649 430 τοσαύτης
1684 358 1771 430 σή·

1881 355 2120 412 foetore?
2163 355 2487 412 Recesserat
2532 355 2603 412 ab
2650 371 2713 413 ea
2761 361 3012 436 somnus;
3039 361 3225 422 dolore
3255 365 3448 439 depel-

189 432 342 502 ψεως
395 435 488 486 καὶ
535 435 800 512 δυσωδίας
848 443 1190 515 κρατούσης;
1239 445 1674 521 Ἀποκεχώριστο
1711 454 1769 507 δὲ
1877 448 2042 503 lente.

189 525 289 577 ἀπ’
313 525 481 597 αὐτῆς
515 528 608 580 καὶ¹
637 529 667 581 ὁ
703 528 870 595 ὕπνος
900 532 1005 587 ὑπὸ
1032 533 1138 589 τῶν
1168 536 1474 608 ἀλγηδόνων
1506 542 1763 598 ὲκκοπτόο

197 633 385 686 μενος.

275 708 392 763 115.
424 708 554 763 Ὅτε
600 709 657 763 δὲ
685 710 855 783 αὐτῆς
903 714 965 767 τὸ
1001 715 1176 788 πέρας
1221 719 1324 790 τῆς
1368 722 1526 795 νίκης
1551 727 1644 780 καὶ
1675 727 1769 780 τοῦ

193 800 461 869 στεφάνου
493 803 659 871 ὲγγὺς
690 803 929 872 ἐγένετο,
965 807 1060 862 καὶ
1084 810 1351 877 ὀπτασίας
1378 813 1650 889 ἐθεώρησε
1678 822 1773 874 κα)⁸

189 890 442 959 ἀγγέλων
464 891 808 959 ἐπιστασίας,
833 896 926 948 καὶ
955 897 1240 969 παρθένων
1269 901 1439 970 ἁγίων
1460 909 1772 977 προτροπὰς

190 984 335 1054 πρὸς
365 983 460 1056 τὴν
493 983 699 1052 ἄνοδον,
733 986 830 1040 καὶ
854 987 1150 1060 ὲλλάμψεις
1181 992 1543 1066 ἀνεκλαλήτου
1575 1000 1769 1068 φωτὸς,

190 1075 289 1129 καὶ
321 1075 647 1146 παραδείσου
689 1077 867 1150 χῶρον
888 1095 901 1109 ·
950 1080 1044 1134 καὶ
1078 1083 1217 1152 μετά
1256 1085 1356 1158 τὴν
1383 1087 1511 1144 θέαν
1542 1090 1770 1158 τούτων,

192 1166 383 1238 ὥσπερ
410 1170 488 1231 εἰς
537 1167 734 1242 ἑαυτὴν
767 1169 1055 1245 γενομένη,
1083 1176 1408 1248 κατήγγειλε
1464 1181 1588 1244 ταῖς
1634 1199 1774 1256 παρ-

198 1257 410 1323 ούσαις,
439 1260 703 1328 γενναίως
742 1277 800 1315 τε
836 1263 1043 1334 φέρειν,
1074 1267 1168 1320 καὶ
1217 1268 1292 1341 μὴ
1327 1269 1608 1344 ὀλιγωρεῖν
1637 1275 1774 1346 πρὸς

189 1349 250 1401 τὸ
286 1350 478 1420 παρόν.
521 1348 658 1405 Eine
699 1351 758 1406 δὲ
800 1354 1022 1424 αὑταῖς,
1057 1358 1154 1412 καὶ
1195 1362 1271 1424 ὡς
1315 1361 1398 1415 ὅτι
1426 1363 1583 1419 Μετὰ
1626 1369 1773 1437 τρεῖς

188 1441 404 1513 ἡμέρας
459 1444 868 1517 χωρισθήσομαι
902 1447 996 1502 τοῦ
1058 1449 1330 1521 σώματος.
1385 1455 1459 1508 Οὐ
1517 1456 1675 1526 μόνον
1716 1459 1772 1513 δὲ

187 1532 366 1598 τοῦτο,
394 1534 528 1589 ἀλλὰ
564 1537 656 1590 καί
683 1536 780 1610 τὴν
814 1538 964 1612 ὥραν
994 1542 1097 1614 τῆς
1127 1545 1366 1615 ἀφίξεως
1401 1547 1510 1603 τῶν
1540 1551 1773 1608 ἐνταῦθα

189 1623 449 1696 ἐδήλωσε.
485 1629 596 1681 Καὶ
627 1630 1073 1698 συντελεσθέντος
1091 1635 1186 1690 τοῦ
1229 1638 1442 1710 χρόνου,
1467 1640 1708 1713 ἀπῆλθεν
1737 1647 1769 1717 ἡ

194 1719 443 1790 μακαρία
477 1721 824 1796 Συγκλητικὴ
855 1725 993 1797 πρὸς
1016 1728 1108 1782 τὸν
1148 1730 1376 1802 Κύριον,
1407 1733 1642 1790 ἔπαθλον
1671 1739 1779 1793 τῶν

188 1808 418 1878 ἀγώνων
449 1813 578 1883 παρ’
603 1815 767 1869 αὐτοῦ
794 1818 1059 1891 δεξαμένη
1086 1822 1186 1893 τὴν
1206 1823 1317 1878 τῶν
1343 1828 1588 1900 οὐρανῶν
1620 1829 1773 1900 βασι-

189 1898 340 1956 λείαν
357 1919 370 1933 ³
402 1906 482 1968 εἰς
509 1905 666 1972 δόξαν
687 1911 783 1963 καὶ
813 1909 1031 1965 ἔπαινον
1060 1915 1154 1967 τοῦ
1176 1917 1382 1988 Κυρίου
1406 1898 1564 1992 ἡμῶν
1596 1898 1770 1994 ’1ησοῦ

188 1993 452 2068 Χριστοῦ,
493 1999 614 2070 μεθ’
648 1995 708 2056 οὗ
742 2002 820 2074 τῷ
862 2005 1038 2078 Πατρὶ
1077 2006 1194 2078 ἅμα
1216 2009 1295 2081 τῷ
1326 2014 1573 2085 παναγίῳ
1596 1993 1769 2070 Πνεύ-

192 2106 327 2158 ματι
361 2092 442 2156 είς
470 2094 596 2158 τοὺς
621 2095 824 2162 αἰῶνας
851 2097 960 2152 τῶν
985 2099 1218 2156 αἰώνων.
1255 2103 1447 2176 Ἀμήν.

265 2181 338 2254 (2)
372 2184 547 2257 Κύριε
576 2187 605 2240 ὁ
646 2186 779 2251 Θεὸς
808 2187 916 2242 τῶν
955 2189 1258 2264 δυνάμεων,
1290 2199 1411 2260 ταῖς
1455 2199 1770 2269 πρεσϐείαις

1950 2208 2181 2267 Domine
2230 2211 2375 2270 Deus
2402 2214 2705 2284 virtutum,
2751 2219 3244 2280 intercessionibus
3297 2225 3448 2280 omni

189 2273 291 2344 τῆς
326 2278 677 2349 πανυμνήτου
703 2279 966 2334 Θεοτόκου
994 2284 1092 2354 τῆς
1118 2285 1258 2356 ἐμῆς
1289 2286 1512 2357 βεϐαίας
1537 2290 1767 2358 ἐλπίδος,

1879 2300 2038 2356 laude
2068 2303 2410 2362 celebrandae
2432 2306 2698 2379 Deiparae,
2715 2326 2836 2382 qua:
2858 2321 2940 2368 est
2968 2311 3123 2369 ﬁrma
3154 2331 3280 2386 spes
3304 2331 3447 2384 mea,

190 2370 287 2422 καὶ
309 2361 383 2423 ὧν
413 2370 674 2444 Πατέρων
708 2372 860 2444 πόθῳ
892 2376 987 2429 καὶ
1020 2375 1174 2447 κόπῳ
1213 2379 1339 2443 τοὺς
1379 2379 1526 2451 βίους
1553 2383 1770 2436 συνελε-

2393 2361 2399 2362 κ
2487 2361 2500 2364 -
2531 2361 2556 2379 τ
2721 2361 2833 2382 γη
2862 2361 2939 2368 --ν
2968 2361 3123 2369 ------
3154 2361 3180 2371 -
3222 2361 3280 2372 νυ
3305 2361 3447 2384 -υ-ν

1879 2399 1934 2448 et
1968 2391 2192 2450 Patrum
2223 2412 2454 2468 quorum
2491 2401 2636 2458 vitas
2679 2402 2862 2459 studio
2905 2412 3072 2476 atque
3113 2361 3301 2464 latiore
3335 2410 3451 2464 col-

192 2457 404 2532 ξὰμην,
466 2462 697 2530 ἀξίωσον
752 2482 820 2536 με
873 2466 966 2520 τὸν
1016 2468 1337 2541 ἁμαρτωλὸν
1385 2472 1564 2544 εὑρεῖν
1612 2475 1770 2547 χάριν

1881 2484 2024 2556 legi,
2061 2457 2303 2546 concede
2367 2490 2504 2546 mihi
2561 2496 2876 2564 peccatori,
2933 2457 2996 2552 ui
3053 2499 3254 2569 quibus
3302 2504 3449 2559 nosti

191 2551 425 2608 ἐνώπιόν
456 2571 548 2608 σου
574 2549 657 2620 οἷς
685 2553 834 2623 οἶδας
865 2557 1150 2630 κρίμασιν.

1936 2549 1961 2556 ν
2010 2549 2018 2552 ν
2561 2549 2580 2564 ι
2768 2549 2876 2562 κίκι
2941 2549 2991 2552 -ν-
3058 2549 3253 2569 -ι---’·τ

1879 2576 2120 2647 iudiciis,
2158 2581 2431 2638 inveniam
2473 2585 2702 2654 gratiam
2743 2588 2800 2642 in
2828 2597 3125 2660 conspectu
3154 2598 3270 2647 tuo.

265 2645 412 2710 Ἕως
439 2641 542 2702 ὧδε
569 2650 967 2722 ιπεπλήρωνται
993 2653 1042 2704 ol
1074 2653 1272 2724 ὲκ-τῆς
1300 2654 1463 2724 ἁγίας
1491 2656 1642 2728 παρὰ
1679 2657 1771 2712 τοῦ

1879 2641 1889 2647 ’
1951 2669 2226 2728 Hactenus
2270 2641 2660 2743 absolvuntur,
2694 2679 2788 2749 qui
2849 2695 2915 2736 ex
2958 2641 3149 2738 sancta
3187 2684 3312 2752 illa,
3354 2700 3450 2756 per

193 2738 464 2811 μακαρίου
500 2740 776 2812 Ἀρσενίου
799 2742 892 2796 τοῦ
912 2743 1180 2816 Πηγάδων
1203 2745 1584 2820 ἐξεληλυθότες
1603 2750 1771 2823 λόγοι,

1879 2755 2099 2812 beatum
2128 2761 2421 2818 Arsenium
2457 2764 2828 2837 Pegadensem
2870 2771 3194 2842 prodierunt
3243 2789 3451 2832 sermo-

191 2827 378 2894 καθὼς
406 2829 528 2884 καθ’
551 2832 742 2903 εἱρμὸν
779 2837 988 2888 κεῖνται
1015 2835 1278 2902 ἅπαντες.

1880 2864 2003 2916 nes,
2035 2868 2145 2922 quo
2179 2855 2376 2912 ordine
2403 2872 2593 2916 omnes
2626 2861 2916 2920 habentur.

1950 755 2074 810 115.
2118 756 2222 812 Uhi
2252 760 2502 828 proxime
2539 761 2639 818 fuit
2680 747 3310 841 meta-victoriaewatque
3348 784 3445 828 co-

1872 861 2054 912 ronae,
2109 849 2353 907 visiones
2411 841 2778 927 contemplata
2835 863 2958 926 est,
3023 861 3447 934 angelorumque

1873 939 2110 1004 auxilia,
2164 941 2436 1013 virginum
2479 944 2610 1000 item
2647 955 2983 1005 "sanctarum
3041 953 3444 1011 cohortationes

1875 1031 1940 1084 ad
1978 1046 2294 1100 ascensum,
2339 1049 2554 1091 necnon
2596 1037 2992 1097 illustrationes
3033 1040 3325 1101 ineﬂabilis
3357 1046 3445 1101 lu-

1874 1123 2061 1188 minis,
2091 1131 2256 1195 atque
2279 1126 2522 1196 paradisi
2551 1129 2849 1199 regionem.
2879 1131 2976 1187 llis
3005 1143 3186 1190 autem
3211 1150 3446 1207 conspe-

1872 1213 1999 1281 ctis,
2032 1217 2190 1287 quasi
2216 1233 2331 1274 rem
2359 1234 2544 1276 secum
2573 1223 2936 1293 perpendens,
2967 1225 3038 1280 iis
3071 1243 3192 1299 quae
3220 1229 3447 1285 aderant

1872 1308 2248 1378 renuntiavit,
2309 1317 2370 1364 ut
2443 1311 2660 1368 fortiter
2721 1305 3063 1392 sustinerent
3107 1335 3285 1390 neque
3331 1321 3446 1390 jam

1872 1397 2188 1457 deﬁcerent.
2239 1400 2571 1474 Addiditque
2608 1404 2724 1460 haec
2773 1408 2979 1465 verba:
3034 1409 3448 1470 Post-triduum

1873 1503 1902 1542 a
1937 1505 2167 1560 corpore
2205 1494 2525 1564 separabor.
2551 1495 2740 1567 Neque
2775 1498 2881 1555 hoc
2910 1501 3109 1566 solum,
3145 1503 3241 1559 sed
3280 1505 3446 1561 etiam

1874 1579 2064 1637 horam
2098 1583 2280 1640 exitus
2327 1586 2693 1643 denuntiavit.
2736 1589 2857 1656 Quo
2903 1594 3173 1664 completo
3204 1602 3448 1667 tempore

1874 1671 1943 1727 ad
1985 1671 2276 1731 Dominum
2323 1678 2582 1750 migravit
2613 1681 2770 1736 beata
2816 1681 3148 1756 Syncletica,
3181 1695 3345 1758 atque
3379 1688 3448 1744 ab

1877 1779 1942 1819 eo
1973 1765 2028 1820 in
2073 1769 2356 1839 praemium
2397 1773 2760 1828 certaminum
2802 1791 3029 1846 regnum
3057 1781 3320 1837 cmlorum
3357 1795 3450 1837 ac-

1881 1855 2064 1924 cepit;
2116 1856 2170 1911 in
2211 1858 2441 1928 gloriam
2479 1869 2532 1917 et
2586 1862 2804 1918 laudem
2839 1864 3055 1922 Domini
3100 1870 3276 1928 nostri
3315 1867 3449 1928 Jesu

1877 1941 2108 2008 Christi,
2147 1960 2272 2000 cum
2328 1945 2493 2005 Patre
2537 1961 2592 2006 et
2641 1950 2849 2024 Spiritu
2905 1963 3100 2014 sancto
3151 1959 3210 2015 in
3249 1959 3448 2016 saecula

1877 2034 2228 2090 saeculorum.
2265 2036 2456 2092 Amen.

192 3006 365 3135 te1(2)"
394 3007 549 3077 Haec,
594 3012 662 3066 ad
707 3012 869 3069 ﬁnem
926 3031 1124 3086 usque,
1182 3025 1398 3073 exstant
1450 3020 1504 3074 in
1561 3020 1794 3079 Schedis
1849 3024 2308 3100 Comheﬁsianis,
2374 3049 2476 3090 nec
2524 3035 2786 3108 leguntur
2843 3038 2899 3095 in
2943 3038 3298 3098 Monumentis
3341 3041 3449 3098 Co-

268 3094 369 3134 erit

268 3094 369 3134 erll

2246 3257 3455 3290 —-_._........___.__._____,

850 3351 918 3408 l‘i
959 3352 1351 3420 SEQUENTIA
1388 3356 1528 3413 DUO
1567 3355 1936 3414 OPUSCULA
1975 3358 2314 3417 ASCETICA
2343 3362 2742 3422 ADMONITIO.

271 3489 310 3544 Α
346 3491 531 3546 multis
549 3493 669 3563 jam
701 3481 917 3549 seculis
949 3494 1321 3566 subsequentes
1349 3495 1469 3552 dua:
1497 3497 1739 3552 ascetica:
1776 3497 2168 3556 exhortationes
2199 3504 2268 3554 ad
2298 3503 2579 3558 monachos
2602 3513 2652 3558 et
2683 3506 2752 3559 ad
2783 3523 3004 3578 sponsas
3039 3503 3239 3564 Christi
3286 3508 3454 3562 Atha-

197 3583 341 3637 nasii
370 3585 581 3639 nomine
607 3585 869 3654 prodiere.
901 3586 969 3640 In
1010 3587 1318 3643 collectione
1358 3604 1582 3660 namque
1625 3588 1974 3661 Regularum,
2005 3609 2123 3662 qua:
2157 3603 2340 3649 octavo
2374 3597 2571 3652 swculo
2604 3615 2637 3652 a
2681 3598 2964 3655 Benedicto
3009 3601 3299 3656 Anianensi
3331 3617 3459 3655 con-

196 3675 412 3730 cinnata
440 3685 539 3740 est,
570 3687 793 3748 utraque
823 3681 1408 3750 comparet'-Atltanasii
1445 3684 1654 3738 nomine
1703 3684 2002 3751 inscripta;
2038 3701 2158 3739 cum
2204 3696 2395 3743 neutra
2437 3699 2610 3745 tamen
2642 3692 2928 3747 Athanasii
2968 3693 3102 3748 nihil
3132 3695 3236 3748 nisi
3269 3709 3457 3748 nomen

197 3765 472 3821 admittat.
507 3767 651 3822 Nam
682 3770 799 3840 ipsa
833 3771 946 3825 luce
985 3774 1187 3826 clarius
1218 3783 1316 3837 est,
1351 3791 1383 3827 a
1417 3772 1613 3830 Latino
1644 3775 1922 3844 scriptore,
1957 3785 2008 3830 et
2039 3777 2250 3848 quidem
2284 3780 2513 3852 eleganti
2553 3781 2860 3855 Latineque,
2899 3796 2958 3838 ut
2981 3784 3080 3840 illa
3107 3796 3282 3854 wtate,
3315 3788 3458 3856 peri-

199 3863 431 3928 tissimo,
478 3864 772 3922 adornatas
804 3867 988 3937 fuisse.
1038 3869 1284 3924 Secunda
1323 3885 1518 3939 porro,
1564 3873 1621 3926 in
1667 3872 1817 3927 Actis
1868 3874 2081 3928 concilii
2109 3875 2553 3947 Aquisgranensis
2584 3888 2758 3934 exstat
2805 3882 3032 3952 integra,
3067 3881 3459 3952 Athanasiqu

198 3958 506 4017 ascribitur.
548 3959 697 4018 Unde
732 3963 962 4033 fortasse
989 3967 1258 4037 suspicari
1288 3967 1465 4033 liceat,
1500 3968 1666 4035 fuisse
1703 3969 1887 4035 illam,
1923 3971 2229 4043 pariterque
2270 3975 2520 4043 priorem,
2549 3993 2665 4047 quae
2697 3975 2876 4032 eodem
2912 3979 3074 4046 ferme
3103 3979 3230 4049 styli
3277 3994 3460 4050 genere

199 4060 506 4129 conscripta
533 4070 632 4127 est,
666 4061 730 4116 ab
767 4076 980 4120 auctore
1022 4083 1118 4121 suo
1160 4070 1633 4125 commendationis
1669 4087 1836 4125 causa
1885 4071 2174 4126 Athanasii
2201 4073 2408 4126 nomine
2434 4071 2760 4141 insignitum.
2809 4069 3096 4142 Utrumque
3129 4080 3302 4125 autem
3329 4085 3460 4141 opu-

201 4149 408 4204 scillam
433 4152 488 4205 in
515 4151 810 4222 Appendice
836 4156 906 4209 ad
938 4156 1168 4212 codicem
1201 4157 1545 4231 Regularum,
1581 4173 1801 4217 curante
1823 4161 1968 4216 Luca
2000 4161 2285 4218 Holstenio
2317 4162 2514 4217 editum
2538 4164 2640 4233 fuit
2671 4162 2899 4218 Parisiis
2930 4179 3067 4217 anno
3097 4162 3253 4219 1663.

525 4435 1049 4567 SANCTI
1136 4445 1656 4560 PATRIS
1745 4445 2275 4561 NOSTRI
2353 4445 3140 4564 ATHANASII

951 4682 1755 4778 EXHORTATIO
1825 4683 1976 4776 AD
2064 4683 2752 4781 MONACHOS.

777 4871 937 4944 (Vide
964 4874 1285 4945 Patrologiaz
1321 4874 1530 4931 Latina:
1568 4884 1699 4930 tom.
1731 4875 1864 4942 CIII,
1891 4878 1996 4931 col.
2039 4878 2164 4947 665,
2192 4883 2246 4937 in
2277 4880 2567 4937 Benedicto
2591 4881 2933 4953 Anianensi.)

217 5029 3447 5066 σι-ιι-------.----------....-.....-.....---.....-.-....,.....-.,,,,,,,,,,,,-,,-,,-,,,,,,,,,,,,,---,-,,-,,,,,,,.⁹

404 5149 950 5248 EJUSDEM
1019 5152 1822 5250 EXHORTATIO
1895 5153 2047 5244 AD
2136 5155 2674 5253 SPONSAM
2748 5157 3267 5254 CHRISTI.

1544 5340 1680 5405 Vide
1713 5346 1869 5416 ibid.,
1895 5347 2000 5407 col.
2031 5347 2152 5406 671.
