  <div class='ocr_page' id='page_1' title='image "/cluster/home/n/w/nwhite01/storage/ocr_20150623/28/nnc1.0046978690/873.png"; bbox 0 0 3864 6208; ppageno 0'>
   <div class='ocr_carea' id='block_1_1' title="bbox 397 187 3636 281">
    <p class='ocr_par' dir='ltr' id='par_1_1' title="bbox 397 187 3636 281">
     <span class='ocr_line' id='line_1_1' title="bbox 397 187 3636 281; baseline -0.004 -1"><span class='ocrx_word' id='word_1_1' title='bbox 397 223 536 281; x_wconf 75' lang='lat' dir='ltr'><strong><em>i559</em></strong></span> <span class='ocrx_word' id='word_1_2' title='bbox 1551 219 1613 273; x_wconf 84' lang='lat' dir='ltr'><strong><em>s.</em></strong></span> <span class='ocrx_word' id='word_1_3' title='bbox 1654 215 2114 273; x_wconf 83' lang='lat' dir='ltr'><strong><em>ATHANASIUS.</em></strong></span> <span class='ocrx_word' id='word_1_4' title='bbox 2155 247 2225 257; x_wconf 88' lang='lat'><strong><em>—</em></strong></span> <span class='ocrx_word' id='word_1_5' title='bbox 2263 214 2530 272; x_wconf 73' lang='lat' dir='ltr'><strong><em>SPURIA.</em></strong></span> <span class='ocrx_word' id='word_1_6' title='bbox 3493 211 3636 266; x_wconf 69' lang='lat' dir='ltr'><strong><em>meo</em></strong></span> 
     </span>
    </p>
   </div>
   <div class='ocr_carea' id='block_1_2' title="bbox 410 371 734 386">
    <p class='ocr_par' dir='ltr' id='par_1_2' title="bbox 410 371 734 386">
     <span class='ocr_line' id='line_1_2' title="bbox 410 371 734 386; baseline 0.009 -4"><span class='ocrx_word' id='word_1_7' title='bbox 410 371 734 386; x_wconf 41' lang='grc' dir='ltr'><strong><em>ᾔ*</em></strong></span> 
     </span>
    </p>
   </div>
   <div class='ocr_carea' id='block_1_3' title="bbox 1344 472 2695 551">
    <p class='ocr_par' dir='ltr' id='par_1_3' title="bbox 1344 472 2695 551">
     <span class='ocr_line' id='line_1_3' title="bbox 1344 472 2695 551; baseline 0.002 -25"><span class='ocrx_word' id='word_1_8' title='bbox 1344 473 1406 527; x_wconf 83' lang='lat' dir='ltr'><strong><em>IN</em></strong></span> <span class='ocrx_word' id='word_1_9' title='bbox 1447 472 1835 529; x_wconf 78' lang='lat' dir='ltr'><strong><em>EPISTOLAM</em></strong></span> <span class='ocrx_word' id='word_1_10' title='bbox 1875 473 2290 540; x_wconf 81' lang='lat' dir='ltr'><strong><em>SEQUENTEM</em></strong></span> <span class='ocrx_word' id='word_1_11' title='bbox 2329 473 2695 551; x_wconf 50' lang='lat' dir='ltr'><strong><em>MONITUM.</em></strong></span> 
     </span>
    </p>
   </div>
   <div class='ocr_carea' id='block_1_4' title="bbox 468 612 3634 691">
    <p class='ocr_par' dir='ltr' id='par_1_4' title="bbox 468 612 3634 691">
     <span class='ocr_line' id='line_1_4' title="bbox 468 612 3634 691; baseline 0.003 -23"><span class='ocrx_word' id='word_1_12' title='bbox 468 615 1150 691; x_wconf 57' lang='lat' dir='ltr'><strong><em>“gm-Epistolam</em></strong></span> <span class='ocrx_word' id='word_1_13' title='bbox 1181 613 1463 668; x_wconf 73' lang='lat' dir='ltr'><strong><em>Athanasii</em></strong></span> <span class='ocrx_word' id='word_1_14' title='bbox 1493 616 1700 669; x_wconf 90' lang='lat' dir='ltr'><strong><em>nomine</em></strong></span> <span class='ocrx_word' id='word_1_15' title='bbox 1731 614 1800 668; x_wconf 87' lang='lat' dir='ltr'><strong><em>ad</em></strong></span> <span class='ocrx_word' id='word_1_16' title='bbox 1829 615 2123 684; x_wconf 89' lang='lat' dir='ltr'><strong><em>episcopum</em></strong></span> <span class='ocrx_word' id='word_1_17' title='bbox 2160 612 2447 668; x_wconf 80' lang='lat' dir='ltr'><strong><em>Persarum</em></strong></span> <span class='ocrx_word' id='word_1_18' title='bbox 2501 616 2851 682; x_wconf 78' lang='lat' dir='ltr'><strong><em>conscriptam</em></strong></span> <span class='ocrx_word' id='word_1_19' title='bbox 2872 658 2886 679; x_wconf 90' lang='lat'><strong><em>,</em></strong></span> <span class='ocrx_word' id='word_1_20' title='bbox 2925 615 3092 670; x_wconf 85' lang='lat' dir='ltr'><strong><em>Roma</em></strong></span> <span class='ocrx_word' id='word_1_21' title='bbox 3135 617 3283 673; x_wconf 88' lang='lat' dir='ltr'><strong><em>nobis</em></strong></span> <span class='ocrx_word' id='word_1_22' title='bbox 3328 625 3634 676; x_wconf 85' lang='lat' dir='ltr'><strong><em>transmisit</em></strong></span> 
     </span>
    </p>
   </div>
   <div class='ocr_carea' id='block_1_5' title="bbox 401 695 3637 781">
    <p class='ocr_par' dir='ltr' id='par_1_5' title="bbox 401 695 3637 781">
     <span class='ocr_line' id='line_1_5' title="bbox 401 695 3637 781; baseline 0.001 -14"><span class='ocrx_word' id='word_1_23' title='bbox 401 715 481 767; x_wconf 88' lang='lat' dir='ltr'><strong><em>vir</em></strong></span> <span class='ocrx_word' id='word_1_24' title='bbox 503 713 572 768; x_wconf 93' lang='lat' dir='ltr'><strong><em>cl.</em></strong></span> <span class='ocrx_word' id='word_1_25' title='bbox 612 711 871 767; x_wconf 87' lang='lat' dir='ltr'><strong><em>Claudius</em></strong></span> <span class='ocrx_word' id='word_1_26' title='bbox 907 710 1296 778; x_wconf 90' lang='lat' dir='ltr'><strong><em>Stephanotius,</em></strong></span> <span class='ocrx_word' id='word_1_27' title='bbox 1325 721 1635 779; x_wconf 68' lang='lat' dir='ltr'><strong><em>procurator</em></strong></span> <span class='ocrx_word' id='word_1_28' title='bbox 1669 727 1781 781; x_wconf 88' lang='lat' dir='ltr'><strong><em>gen.</em></strong></span> <span class='ocrx_word' id='word_1_29' title='bbox 1818 720 2011 764; x_wconf 74' lang='lat' dir='ltr'><strong><em>nostra:</em></strong></span> <span class='ocrx_word' id='word_1_30' title='bbox 2044 712 2458 781; x_wconf 86' lang='lat' dir='ltr'><strong><em>congregationis</em></strong></span> <span class='ocrx_word' id='word_1_31' title='bbox 2479 751 2494 775; x_wconf 97' lang='lat'><strong><em>,</em></strong></span> <span class='ocrx_word' id='word_1_32' title='bbox 2541 728 2642 765; x_wconf 90' lang='lat' dir='ltr'><strong><em>non</em></strong></span> <span class='ocrx_word' id='word_1_33' title='bbox 2670 712 2766 765; x_wconf 90' lang='lat' dir='ltr'><strong><em>hoc</em></strong></span> <span class='ocrx_word' id='word_1_34' title='bbox 2799 729 2903 768; x_wconf 91' lang='lat' dir='ltr'><strong><em>uno</em></strong></span> <span class='ocrx_word' id='word_1_35' title='bbox 2931 713 3078 768; x_wconf 86' lang='lat' dir='ltr'><strong><em>nobis</em></strong></span> <span class='ocrx_word' id='word_1_36' title='bbox 3111 717 3315 770; x_wconf 83' lang='lat' dir='ltr'><strong><em>nomine</em></strong></span> <span class='ocrx_word' id='word_1_37' title='bbox 3347 695 3637 773; x_wconf 76' lang='lat' dir='ltr'><strong><em>observan--l</em></strong></span> 
     </span>
    </p>
   </div>
   <div class='ocr_carea' id='block_1_6' title="bbox 397 801 3630 877">
    <p class='ocr_par' dir='ltr' id='par_1_6' title="bbox 397 801 3630 877">
     <span class='ocr_line' id='line_1_6' title="bbox 397 801 3630 877; baseline 0.002 -19"><span class='ocrx_word' id='word_1_38' title='bbox 397 805 496 858; x_wconf 87' lang='lat' dir='ltr'><strong><em>dus</em></strong></span> <span class='ocrx_word' id='word_1_39' title='bbox 523 821 541 858; x_wconf 92' lang='lat'><strong><em>:</em></strong></span> <span class='ocrx_word' id='word_1_40' title='bbox 578 804 747 857; x_wconf 91' lang='lat' dir='ltr'><strong><em>multa</em></strong></span> <span class='ocrx_word' id='word_1_41' title='bbox 778 805 964 872; x_wconf 86' lang='lat' dir='ltr'><strong><em>quippe</em></strong></span> <span class='ocrx_word' id='word_1_42' title='bbox 985 801 1130 854; x_wconf 89' lang='lat' dir='ltr'><strong><em>nobis</em></strong></span> <span class='ocrx_word' id='word_1_43' title='bbox 1163 803 1550 869; x_wconf 81' lang='lat' dir='ltr'><strong><em>perhumaniter</em></strong></span> <span class='ocrx_word' id='word_1_44' title='bbox 1573 804 1739 872; x_wconf 78' lang='lat' dir='ltr'><strong><em>o/jicia</em></strong></span> <span class='ocrx_word' id='word_1_45' title='bbox 1763 802 2005 856; x_wconf 74' lang='lat' dir='ltr'><strong><em>contulit.</em></strong></span> <span class='ocrx_word' id='word_1_46' title='bbox 2045 801 2214 856; x_wconf 83' lang='lat' dir='ltr'><strong><em>Nemo</em></strong></span> <span class='ocrx_word' id='word_1_47' title='bbox 2251 813 2425 858; x_wconf 90' lang='lat' dir='ltr'><strong><em>autem</em></strong></span> <span class='ocrx_word' id='word_1_48' title='bbox 2447 820 2549 857; x_wconf 88' lang='lat' dir='ltr'><strong><em>non</em></strong></span> <span class='ocrx_word' id='word_1_49' title='bbox 2577 803 2712 858; x_wconf 81' lang='lat' dir='ltr'><strong><em>videt</em></strong></span> <span class='ocrx_word' id='word_1_50' title='bbox 2742 805 2903 872; x_wconf 77' lang='lat' dir='ltr'><strong><em>fuisse</em></strong></span> <span class='ocrx_word' id='word_1_51' title='bbox 2930 808 3099 877; x_wconf 90' lang='lat' dir='ltr'><strong><em>primo</em></strong></span> <span class='ocrx_word' id='word_1_52' title='bbox 3128 807 3304 864; x_wconf 67' lang='lat' dir='ltr'><strong><em>Graece</em></strong></span> <span class='ocrx_word' id='word_1_53' title='bbox 3323 822 3630 874; x_wconf 70' lang='lat' dir='ltr'><strong><em>exaratam,</em></strong></span> 
     </span>
    </p>
   </div>
   <div class='ocr_carea' id='block_1_7' title="bbox 397 897 3632 971">
    <p class='ocr_par' dir='ltr' id='par_1_7' title="bbox 397 897 3632 971">
     <span class='ocr_line' id='line_1_7' title="bbox 397 897 3632 971; baseline -0 -16"><span class='ocrx_word' id='word_1_54' title='bbox 397 899 585 955; x_wconf 74' lang='lat' dir='ltr'><strong><em>exinde</em></strong></span> <span class='ocrx_word' id='word_1_55' title='bbox 615 916 732 954; x_wconf 91' lang='lat' dir='ltr'><strong><em>vero</em></strong></span> <span class='ocrx_word' id='word_1_56' title='bbox 766 897 953 952; x_wconf 82' lang='lat' dir='ltr'><strong><em>Latine</em></strong></span> <span class='ocrx_word' id='word_1_57' title='bbox 999 899 1063 951; x_wconf 92' lang='lat' dir='ltr'><strong><em>ab</em></strong></span> <span class='ocrx_word' id='word_1_58' title='bbox 1097 899 1268 952; x_wconf 87' lang='lat' dir='ltr'><strong><em>minus</em></strong></span> <span class='ocrx_word' id='word_1_59' title='bbox 1311 901 1479 966; x_wconf 89' lang='lat' dir='ltr'><strong><em>perito</em></strong></span> <span class='ocrx_word' id='word_1_60' title='bbox 1522 901 1775 969; x_wconf 77' lang='lat' dir='ltr'><strong><em>scriptore</em></strong></span> <span class='ocrx_word' id='word_1_61' title='bbox 1813 899 2150 953; x_wconf 79' lang='lat' dir='ltr'><strong><em>translatam.</em></strong></span> <span class='ocrx_word' id='word_1_62' title='bbox 2200 899 2265 953; x_wconf 87' lang='lat' dir='ltr'><strong><em>Et</em></strong></span> <span class='ocrx_word' id='word_1_63' title='bbox 2325 901 2536 969; x_wconf 85' lang='lat' dir='ltr'><strong><em>quidem</em></strong></span> <span class='ocrx_word' id='word_1_64' title='bbox 2589 915 2655 954; x_wconf 77' lang='lat' dir='ltr'><strong><em>ea:</em></strong></span> <span class='ocrx_word' id='word_1_65' title='bbox 2682 903 2914 954; x_wconf 89' lang='lat' dir='ltr'><strong><em>vertendi</em></strong></span> <span class='ocrx_word' id='word_1_66' title='bbox 2945 900 3145 954; x_wconf 88' lang='lat' dir='ltr'><strong><em>ratione</em></strong></span> <span class='ocrx_word' id='word_1_67' title='bbox 3171 899 3376 955; x_wconf 89' lang='lat' dir='ltr'><strong><em>videtur</em></strong></span> <span class='ocrx_word' id='word_1_68' title='bbox 3405 903 3632 971; x_wconf 82' lang='lat' dir='ltr'><strong><em>antiqua</em></strong></span> 
     </span>
    </p>
   </div>
   <div class='ocr_carea' id='block_1_8' title="bbox 396 988 3631 1061">
    <p class='ocr_par' dir='ltr' id='par_1_8' title="bbox 396 988 3631 1061">
     <span class='ocr_line' id='line_1_8' title="bbox 396 988 3631 1061; baseline -0.001 -15"><span class='ocrx_word' id='word_1_69' title='bbox 396 1009 508 1046; x_wconf 89' lang='lat' dir='ltr'><strong><em>esse</em></strong></span> <span class='ocrx_word' id='word_1_70' title='bbox 535 991 702 1045; x_wconf 90' lang='lat' dir='ltr'><strong><em>versio</em></strong></span> <span class='ocrx_word' id='word_1_71' title='bbox 729 1007 747 1044; x_wconf 92' lang='lat'><strong><em>:</em></strong></span> <span class='ocrx_word' id='word_1_72' title='bbox 777 991 880 1044; x_wconf 90' lang='lat' dir='ltr'><strong><em>olet</em></strong></span> <span class='ocrx_word' id='word_1_73' title='bbox 910 991 1044 1043; x_wconf 85' lang='lat' dir='ltr'><strong><em>enim</em></strong></span> <span class='ocrx_word' id='word_1_74' title='bbox 1069 991 1394 1060; x_wconf 87' lang='lat' dir='ltr'><strong><em>peregrinum</em></strong></span> <span class='ocrx_word' id='word_1_75' title='bbox 1423 989 1555 1042; x_wconf 91' lang='lat' dir='ltr'><strong><em>illud</em></strong></span> <span class='ocrx_word' id='word_1_76' title='bbox 1581 998 1630 1043; x_wconf 93' lang='lat' dir='ltr'><strong><em>et</em></strong></span> <span class='ocrx_word' id='word_1_77' title='bbox 1660 990 1920 1059; x_wconf 79' lang='lat' dir='ltr'><strong><em>inelegans</em></strong></span> <span class='ocrx_word' id='word_1_78' title='bbox 1950 988 2266 1043; x_wconf 83' lang='lat' dir='ltr'><strong><em>Latinitatis</em></strong></span> <span class='ocrx_word' id='word_1_79' title='bbox 2293 1006 2453 1058; x_wconf 88' lang='lat' dir='ltr'><strong><em>genus</em></strong></span> <span class='ocrx_word' id='word_1_80' title='bbox 2475 1031 2490 1055; x_wconf 90' lang='lat'><strong><em>,</em></strong></span> <span class='ocrx_word' id='word_1_81' title='bbox 2521 989 2658 1059; x_wconf 90' lang='lat' dir='ltr'><strong><em>quod</em></strong></span> <span class='ocrx_word' id='word_1_82' title='bbox 2687 1006 2760 1054; x_wconf 86' lang='lat' dir='ltr'><strong><em>vi,</em></strong></span> <span class='ocrx_word' id='word_1_83' title='bbox 2793 1005 2866 1044; x_wconf 84' lang='lat' dir='ltr'><strong><em>vu</em></strong></span> <span class='ocrx_word' id='word_1_84' title='bbox 2891 999 2939 1043; x_wconf 92' lang='lat' dir='ltr'><strong><em>et</em></strong></span> <span class='ocrx_word' id='word_1_85' title='bbox 2963 989 3388 1061; x_wconf 79' lang='lat' dir='ltr'><strong><em>subsequentibus</em></strong></span> <span class='ocrx_word' id='word_1_86' title='bbox 3418 992 3631 1045; x_wconf 62' lang='lat' dir='ltr'><strong><em>seculis</em></strong></span> 
     </span>
    </p>
   </div>
   <div class='ocr_carea' id='block_1_9' title="bbox 398 1079 3629 1152">
    <p class='ocr_par' dir='ltr' id='par_1_9' title="bbox 398 1079 3629 1152">
     <span class='ocr_line' id='line_1_9' title="bbox 398 1079 3629 1152; baseline 0 -16"><span class='ocrx_word' id='word_1_87' title='bbox 398 1083 455 1136; x_wconf 88' lang='lat' dir='ltr'><strong><em>in</em></strong></span> <span class='ocrx_word' id='word_1_88' title='bbox 484 1099 581 1135; x_wconf 86' lang='lat' dir='ltr'><strong><em>usu</em></strong></span> <span class='ocrx_word' id='word_1_89' title='bbox 613 1091 747 1136; x_wconf 91' lang='lat' dir='ltr'><strong><em>erat.</em></strong></span> <span class='ocrx_word' id='word_1_90' title='bbox 780 1082 1007 1144; x_wconf 78' lang='grc' dir='ltr'>Νοθείας</span> <span class='ocrx_word' id='word_1_91' title='bbox 1034 1098 1189 1150; x_wconf 90' lang='lat' dir='ltr'><strong><em>porro</em></strong></span> <span class='ocrx_word' id='word_1_92' title='bbox 1219 1089 1526 1151; x_wconf 90' lang='lat' dir='ltr'><strong><em>argumenta</em></strong></span> <span class='ocrx_word' id='word_1_93' title='bbox 1564 1097 1655 1134; x_wconf 87' lang='lat' dir='ltr'><strong><em>nec</em></strong></span> <span class='ocrx_word' id='word_1_94' title='bbox 1683 1080 1889 1135; x_wconf 89' lang='lat' dir='ltr'><strong><em>occulta</em></strong></span> <span class='ocrx_word' id='word_1_95' title='bbox 1918 1080 2132 1150; x_wconf 70' lang='lat' dir='ltr'><strong><em>prafert</em></strong></span> <span class='ocrx_word' id='word_1_96' title='bbox 2159 1096 2176 1133; x_wconf 91' lang='lat'><strong><em>:</em></strong></span> <span class='ocrx_word' id='word_1_97' title='bbox 2209 1080 2505 1149; x_wconf 87' lang='lat' dir='ltr'><strong><em>cujusmodi</em></strong></span> <span class='ocrx_word' id='word_1_98' title='bbox 2531 1091 2608 1134; x_wconf 89' lang='lat' dir='ltr'><strong><em>est</em></strong></span> <span class='ocrx_word' id='word_1_99' title='bbox 2635 1079 2770 1134; x_wconf 89' lang='lat' dir='ltr'><strong><em>illud</em></strong></span> <span class='ocrx_word' id='word_1_100' title='bbox 2801 1081 2937 1150; x_wconf 88' lang='lat' dir='ltr'><strong><em>quod</em></strong></span> <span class='ocrx_word' id='word_1_101' title='bbox 2975 1082 3090 1136; x_wconf 89' lang='lat' dir='ltr'><strong><em>ait:</em></strong></span> <span class='ocrx_word' id='word_1_102' title='bbox 3136 1081 3446 1136; x_wconf 88' lang='lat' dir='ltr'><strong><em>Secundum</em></strong></span> <span class='ocrx_word' id='word_1_103' title='bbox 3479 1083 3629 1152; x_wconf 83' lang='lat' dir='ltr'><strong><em>quod</em></strong></span> 
     </span>
    </p>
   </div>
   <div class='ocr_carea' id='block_1_10' title="bbox 399 1168 3632 1244">
    <p class='ocr_par' dir='ltr' id='par_1_10' title="bbox 399 1168 3632 1244">
     <span class='ocr_line' id='line_1_10' title="bbox 399 1168 3632 1244; baseline -0 -16"><span class='ocrx_word' id='word_1_104' title='bbox 399 1175 665 1244; x_wconf 79' lang='lat' dir='ltr'><strong><em>scriptum</em></strong></span> <span class='ocrx_word' id='word_1_105' title='bbox 697 1181 782 1243; x_wconf 84' lang='lat' dir='ltr'><strong><em>est</em></strong></span> <span class='ocrx_word' id='word_1_106' title='bbox 809 1193 820 1226; x_wconf 90' lang='lat'>:</span> <span class='ocrx_word' id='word_1_107' title='bbox 859 1191 876 1224; x_wconf 84' lang='grc'><strong>‹</strong></span> <span class='ocrx_word' id='word_1_108' title='bbox 913 1171 1030 1226; x_wconf 90' lang='lat' dir='ltr'><strong><em>Una</em></strong></span> <span class='ocrx_word' id='word_1_109' title='bbox 1056 1172 1238 1226; x_wconf 80' lang='lat' dir='ltr'><strong><em>Deitas</em></strong></span> <span class='ocrx_word' id='word_1_110' title='bbox 1261 1173 1314 1225; x_wconf 92' lang='lat' dir='ltr'><strong><em>in</em></strong></span> <span class='ocrx_word' id='word_1_111' title='bbox 1349 1171 1522 1225; x_wconf 89' lang='lat' dir='ltr'><strong><em>tribus</em></strong></span> <span class='ocrx_word' id='word_1_112' title='bbox 1545 1171 1760 1224; x_wconf 84' lang='lat' dir='ltr'><strong><em>stanti-is</em></strong></span> <span class='ocrx_word' id='word_1_113' title='bbox 1789 1168 2191 1240; x_wconf 79' lang='lat' dir='ltr'><strong><em>cognoscenda,</em></strong></span> <span class='ocrx_word' id='word_1_114' title='bbox 2223 1187 2240 1216; x_wconf 77' lang='grc' dir='ltr'>ι</span> <span class='ocrx_word' id='word_1_115' title='bbox 2279 1171 2434 1238; x_wconf 89' lang='lat' dir='ltr'><strong><em>quasi</em></strong></span> <span class='ocrx_word' id='word_1_116' title='bbox 2467 1185 2584 1222; x_wconf 89' lang='lat' dir='ltr'><strong><em>vero</em></strong></span> <span class='ocrx_word' id='word_1_117' title='bbox 2618 1171 2672 1223; x_wconf 87' lang='lat' dir='ltr'><strong><em>in</em></strong></span> <span class='ocrx_word' id='word_1_118' title='bbox 2703 1169 2838 1223; x_wconf 90' lang='lat' dir='ltr'><strong><em>libro</em></strong></span> <span class='ocrx_word' id='word_1_119' title='bbox 2866 1169 3113 1240; x_wconf 90' lang='lat' dir='ltr'><strong><em>quodam,</em></strong></span> <span class='ocrx_word' id='word_1_120' title='bbox 3138 1171 3287 1239; x_wconf 82' lang='lat' dir='ltr'><strong><em>cujus</em></strong></span> <span class='ocrx_word' id='word_1_121' title='bbox 3315 1175 3632 1228; x_wconf 87' lang='lat' dir='ltr'><strong><em>auctoritati</em></strong></span> 
     </span>
    </p>
   </div>
   <div class='ocr_carea' id='block_1_11' title="bbox 399 1248 3637 1339">
    <p class='ocr_par' dir='ltr' id='par_1_11' title="bbox 399 1248 3637 1339">
     <span class='ocr_line' id='line_1_11' title="bbox 399 1248 3637 1339; baseline 0.001 -23"><span class='ocrx_word' id='word_1_122' title='bbox 399 1263 728 1316; x_wconf 85' lang='lat' dir='ltr'><strong><em>Athanasius</em></strong></span> <span class='ocrx_word' id='word_1_123' title='bbox 764 1261 1162 1339; x_wconf 73' lang='lat' dir='ltr'><strong><em>astipulantur,</em></strong></span> <span class='ocrx_word' id='word_1_124' title='bbox 1196 1257 1450 1328; x_wconf 83' lang='lat' dir='ltr'><strong><em>ejusmodi</em></strong></span> <span class='ocrx_word' id='word_1_125' title='bbox 1480 1259 1736 1312; x_wconf 89' lang='lat' dir='ltr'><strong><em>sententia</em></strong></span> <span class='ocrx_word' id='word_1_126' title='bbox 1765 1268 1967 1327; x_wconf 88' lang='lat' dir='ltr'><strong><em>reperta</em></strong></span> <span class='ocrx_word' id='word_1_127' title='bbox 1985 1259 2076 1312; x_wconf 88' lang='lat' dir='ltr'><strong><em>sit.</em></strong></span> <span class='ocrx_word' id='word_1_128' title='bbox 2107 1256 2208 1312; x_wconf 85' lang='lat' dir='ltr'><strong><em>Ubi</em></strong></span> <span class='ocrx_word' id='word_1_129' title='bbox 2236 1257 2477 1311; x_wconf 84' lang='lat' dir='ltr'><strong><em>advertas</em></strong></span> <span class='ocrx_word' id='word_1_130' title='bbox 2500 1259 2673 1322; x_wconf 89' lang='lat' dir='ltr'><strong><em>velim,</em></strong></span> <span class='ocrx_word' id='word_1_131' title='bbox 2692 1259 2846 1323; x_wconf 88' lang='lat' dir='ltr'><strong><em>illud,</em></strong></span> <span class='ocrx_word' id='word_1_132' title='bbox 2867 1261 2920 1314; x_wconf 90' lang='lat' dir='ltr'><strong><em>in</em></strong></span> <span class='ocrx_word' id='word_1_133' title='bbox 2952 1261 3127 1315; x_wconf 90' lang='lat' dir='ltr'><strong><em>tribus</em></strong></span> <span class='ocrx_word' id='word_1_134' title='bbox 3158 1248 3393 1327; x_wconf 85' lang='lat' dir='ltr'><strong><em>stantiis,</em></strong></span> <span class='ocrx_word' id='word_1_135' title='bbox 3416 1280 3637 1332; x_wconf 69' lang='lat' dir='ltr'><strong><em>expres—</em></strong></span> 
     </span>
    </p>
   </div>
   <div class='ocr_carea' id='block_1_12' title="bbox 399 1349 1965 1425">
    <p class='ocr_par' dir='ltr' id='par_1_12' title="bbox 399 1349 1941 1421">
     <span class='ocr_line' id='line_1_12' title="bbox 399 1349 1941 1421; baseline -0.004 -14"><span class='ocrx_word' id='word_1_136' title='bbox 399 1369 513 1408; x_wconf 89' lang='lat' dir='ltr'><strong><em>sum</em></strong></span> <span class='ocrx_word' id='word_1_137' title='bbox 546 1353 707 1406; x_wconf 82' lang='lat' dir='ltr'><strong><em>videri</em></strong></span> <span class='ocrx_word' id='word_1_138' title='bbox 731 1368 794 1406; x_wconf 77' lang='lat' dir='ltr'><strong><em>ea:</em></strong></span> <span class='ocrx_word' id='word_1_139' title='bbox 833 1353 928 1404; x_wconf 90' lang='lat' dir='ltr'><strong><em>hoc</em></strong></span> <span class='ocrx_word' id='word_1_140' title='bbox 953 1351 1111 1414; x_wconf 89' lang='lat' dir='ltr'><strong><em>dicto,</em></strong></span> <span class='ocrx_word' id='word_1_141' title='bbox 1143 1352 1201 1405; x_wconf 81' lang='grc' dir='ltr'><strong><em>ὲν</em></strong></span> <span class='ocrx_word' id='word_1_142' title='bbox 1226 1351 1400 1421; x_wconf 67' lang='grc' dir='ltr'><strong><em>τρισὶν</em></strong></span> <span class='ocrx_word' id='word_1_143' title='bbox 1421 1349 1797 1412; x_wconf 79' lang='grc' dir='ltr'><strong><em>ὑποστάσεσιν,</em></strong></span> <span class='ocrx_word' id='word_1_144' title='bbox 1831 1366 1941 1415; x_wconf 74' lang='lat' dir='ltr'><strong><em>qua</em></strong></span> 
     </span>
    </p>
   </div>
   <div class='ocr_carea' id='block_1_13' title="bbox 2067 1349 3632 1425">
    <p class='ocr_par' dir='ltr' id='par_1_13' title="bbox 2067 1349 3632 1425">
     <span class='ocr_line' id='line_1_13' title="bbox 2067 1349 3632 1425; baseline 0.007 -25"><span class='ocrx_word' id='word_1_145' title='bbox 2067 1350 2226 1402; x_wconf 90' lang='lat' dir='ltr'><strong><em>tentia</em></strong></span> <span class='ocrx_word' id='word_1_146' title='bbox 2257 1349 2372 1402; x_wconf 89' lang='lat' dir='ltr'><strong><em>licet</em></strong></span> <span class='ocrx_word' id='word_1_147' title='bbox 2393 1349 2530 1416; x_wconf 90' lang='lat' dir='ltr'><strong><em>apud</em></strong></span> <span class='ocrx_word' id='word_1_148' title='bbox 2551 1349 2896 1405; x_wconf 80' lang='lat' dir='ltr'><strong><em>Athanasium</em></strong></span> <span class='ocrx_word' id='word_1_149' title='bbox 2923 1368 3292 1419; x_wconf 86' lang='lat' dir='ltr'><strong><em>nonnunquam</em></strong></span> <span class='ocrx_word' id='word_1_150' title='bbox 3313 1373 3411 1409; x_wconf 87' lang='lat' dir='ltr'><strong><em>usu</em></strong></span> <span class='ocrx_word' id='word_1_151' title='bbox 3433 1361 3632 1425; x_wconf 82' lang='lat' dir='ltr'><strong><em>veniat,</em></strong></span> 
     </span>
    </p>
   </div>
   <div class='ocr_carea' id='block_1_14' title="bbox 399 1435 3633 1510">
    <p class='ocr_par' dir='ltr' id='par_1_14' title="bbox 399 1435 3633 1510">
     <span class='ocr_line' id='line_1_14' title="bbox 399 1435 3633 1510; baseline 0.001 -15"><span class='ocrx_word' id='word_1_152' title='bbox 399 1458 502 1495; x_wconf 90' lang='lat' dir='ltr'><strong><em>non</em></strong></span> <span class='ocrx_word' id='word_1_153' title='bbox 527 1443 602 1494; x_wconf 90' lang='lat' dir='ltr'><strong><em>ita</em></strong></span> <span class='ocrx_word' id='word_1_154' title='bbox 629 1451 801 1494; x_wconf 90' lang='lat' dir='ltr'><strong><em>autem</em></strong></span> <span class='ocrx_word' id='word_1_155' title='bbox 826 1439 1120 1504; x_wconf 88' lang='lat' dir='ltr'><strong><em>adhibetur,</em></strong></span> <span class='ocrx_word' id='word_1_156' title='bbox 1151 1437 1301 1509; x_wconf 88' lang='lat' dir='ltr'><strong><em>quasi</em></strong></span> <span class='ocrx_word' id='word_1_157' title='bbox 1328 1436 1380 1489; x_wconf 91' lang='lat' dir='ltr'><strong><em>in</em></strong></span> <span class='ocrx_word' id='word_1_158' title='bbox 1415 1436 1652 1504; x_wconf 78' lang='lat' dir='ltr'><strong><em>confesso</em></strong></span> <span class='ocrx_word' id='word_1_159' title='bbox 1681 1440 1819 1503; x_wconf 88' lang='lat' dir='ltr'><strong><em>apud</em></strong></span> <span class='ocrx_word' id='word_1_160' title='bbox 1856 1450 2031 1488; x_wconf 90' lang='lat' dir='ltr'><strong><em>omnes</em></strong></span> <span class='ocrx_word' id='word_1_161' title='bbox 2063 1436 2166 1496; x_wconf 88' lang='lat' dir='ltr'><strong><em>sit;</em></strong></span> <span class='ocrx_word' id='word_1_162' title='bbox 2209 1450 2326 1487; x_wconf 88' lang='lat' dir='ltr'><strong><em>cum</em></strong></span> <span class='ocrx_word' id='word_1_163' title='bbox 2358 1437 2598 1504; x_wconf 88' lang='lat' dir='ltr'><strong><em>opposita</em></strong></span> <span class='ocrx_word' id='word_1_164' title='bbox 2625 1435 2748 1490; x_wconf 84' lang='lat' dir='ltr'><strong><em>huic</em></strong></span> <span class='ocrx_word' id='word_1_165' title='bbox 2782 1441 3090 1508; x_wconf 87' lang='lat' dir='ltr'><strong><em>propositio,</em></strong></span> <span class='ocrx_word' id='word_1_166' title='bbox 3128 1441 3266 1510; x_wconf 90' lang='lat' dir='ltr'><strong><em>quod</em></strong></span> <span class='ocrx_word' id='word_1_167' title='bbox 3295 1444 3493 1498; x_wconf 82' lang='lat' dir='ltr'><strong><em>scilicet</em></strong></span> <span class='ocrx_word' id='word_1_168' title='bbox 3521 1462 3633 1499; x_wconf 84' lang='lat' dir='ltr'><strong><em>una</em></strong></span> 
     </span>
    </p>
   </div>
   <div class='ocr_carea' id='block_1_15' title="bbox 398 1526 3631 1596">
    <p class='ocr_par' dir='ltr' id='par_1_15' title="bbox 398 1526 3631 1596">
     <span class='ocr_line' id='line_1_15' title="bbox 398 1526 3631 1596; baseline 0.002 -11"><span class='ocrx_word' id='word_1_169' title='bbox 398 1534 468 1585; x_wconf 91' lang='lat' dir='ltr'><strong><em>sit</em></strong></span> <span class='ocrx_word' id='word_1_170' title='bbox 498 1532 789 1596; x_wconf 84' lang='grc' dir='ltr'><strong><em>ὑπόστασις</em></strong></span> <span class='ocrx_word' id='word_1_171' title='bbox 818 1535 871 1586; x_wconf 89' lang='lat' dir='ltr'><strong><em>in</em></strong></span> <span class='ocrx_word' id='word_1_172' title='bbox 913 1531 1191 1594; x_wconf 88' lang='lat' dir='ltr'><strong><em>Trinitate,</em></strong></span> <span class='ocrx_word' id='word_1_173' title='bbox 1223 1537 1280 1582; x_wconf 91' lang='lat' dir='ltr'><strong><em>ut</em></strong></span> <span class='ocrx_word' id='word_1_174' title='bbox 1327 1527 1588 1582; x_wconf 88' lang='lat' dir='ltr'><strong><em>catholica</em></strong></span> <span class='ocrx_word' id='word_1_175' title='bbox 1617 1536 1667 1581; x_wconf 91' lang='lat' dir='ltr'><strong><em>et</em></strong></span> <span class='ocrx_word' id='word_1_176' title='bbox 1702 1537 1812 1580; x_wconf 89' lang='lat' dir='ltr'><strong><em>tum</em></strong></span> <span class='ocrx_word' id='word_1_177' title='bbox 1845 1527 2092 1596; x_wconf 90' lang='lat' dir='ltr'><strong><em>temporis</em></strong></span> <span class='ocrx_word' id='word_1_178' title='bbox 2120 1526 2447 1582; x_wconf 86' lang='lat' dir='ltr'><strong><em>admittenda</em></strong></span> <span class='ocrx_word' id='word_1_179' title='bbox 2490 1529 2788 1584; x_wconf 88' lang='lat' dir='ltr'><strong><em>declaretur</em></strong></span> <span class='ocrx_word' id='word_1_180' title='bbox 2818 1534 2882 1584; x_wconf 92' lang='lat' dir='ltr'><strong><em>ab</em></strong></span> <span class='ocrx_word' id='word_1_181' title='bbox 2910 1533 3202 1588; x_wconf 79' lang='lat' dir='ltr'><strong><em>Athanasio</em></strong></span> <span class='ocrx_word' id='word_1_182' title='bbox 3230 1536 3284 1588; x_wconf 88' lang='lat' dir='ltr'><strong><em>in</em></strong></span> <span class='ocrx_word' id='word_1_183' title='bbox 3315 1546 3455 1591; x_wconf 89' lang='lat' dir='ltr'><strong><em>tomo</em></strong></span> <span class='ocrx_word' id='word_1_184' title='bbox 3500 1540 3631 1593; x_wconf 81' lang='lat' dir='ltr'><strong><em>Ale-</em></strong></span> 
     </span>
    </p>
   </div>
   <div class='ocr_carea' id='block_1_16' title="bbox 398 1617 3638 1692">
    <p class='ocr_par' dir='ltr' id='par_1_16' title="bbox 398 1617 3638 1692">
     <span class='ocr_line' id='line_1_16' title="bbox 398 1617 3638 1692; baseline 0.003 -18"><span class='ocrx_word' id='word_1_185' title='bbox 398 1621 677 1676; x_wconf 81' lang='lat' dir='ltr'><strong><em>xandrina</em></strong></span> <span class='ocrx_word' id='word_1_186' title='bbox 703 1623 918 1692; x_wconf 87' lang='lat' dir='ltr'><strong><em>synodi,</em></strong></span> <span class='ocrx_word' id='word_1_187' title='bbox 962 1638 1083 1692; x_wconf 90' lang='lat' dir='ltr'><strong><em>pag.</em></strong></span> <span class='ocrx_word' id='word_1_188' title='bbox 1133 1619 1254 1683; x_wconf 79' lang='lat'><strong>775,</strong></span> <span class='ocrx_word' id='word_1_189' title='bbox 1288 1617 1413 1671; x_wconf 90' lang='lat' dir='ltr'><strong><em>dum</em></strong></span> <span class='ocrx_word' id='word_1_190' title='bbox 1446 1626 1618 1670; x_wconf 87' lang='lat' dir='ltr'><strong><em>tamen</em></strong></span> <span class='ocrx_word' id='word_1_191' title='bbox 1657 1632 1807 1685; x_wconf 89' lang='lat' dir='ltr'><strong><em>penes</em></strong></span> <span class='ocrx_word' id='word_1_192' title='bbox 1849 1633 1964 1670; x_wconf 91' lang='lat' dir='ltr'><strong><em>eam</em></strong></span> <span class='ocrx_word' id='word_1_193' title='bbox 2011 1633 2192 1670; x_wconf 90' lang='lat' dir='ltr'><strong><em>vocum</em></strong></span> <span class='ocrx_word' id='word_1_194' title='bbox 2237 1619 2543 1672; x_wconf 88' lang='lat' dir='ltr'><strong><em>varietatem</em></strong></span> <span class='ocrx_word' id='word_1_195' title='bbox 2590 1619 2771 1674; x_wconf 89' lang='lat' dir='ltr'><strong><em>eadem</em></strong></span> <span class='ocrx_word' id='word_1_196' title='bbox 2800 1623 2929 1691; x_wconf 80' lang='lat' dir='ltr'><strong><em>ﬁdes</em></strong></span> <span class='ocrx_word' id='word_1_197' title='bbox 2959 1627 3266 1691; x_wconf 86' lang='lat' dir='ltr'><strong><em>reperiatur.</em></strong></span> <span class='ocrx_word' id='word_1_198' title='bbox 3318 1627 3482 1681; x_wconf 79' lang='lat' dir='ltr'><strong><em>Haud</em></strong></span> <span class='ocrx_word' id='word_1_199' title='bbox 3523 1631 3638 1683; x_wconf 69' lang='lat' dir='ltr'><strong><em>lese</em></strong></span> 
     </span>
    </p>
   </div>
   <div class='ocr_carea' id='block_1_17' title="bbox 399 1698 3638 1783">
    <p class='ocr_par' dir='ltr' id='par_1_17' title="bbox 399 1698 3638 1783">
     <span class='ocr_line' id='line_1_17' title="bbox 399 1698 3638 1783; baseline 0.003 -17"><span class='ocrx_word' id='word_1_200' title='bbox 399 1714 526 1767; x_wconf 89' lang='lat' dir='ltr'><strong><em>item</em></strong></span> <span class='ocrx_word' id='word_1_201' title='bbox 555 1715 689 1769; x_wconf 87' lang='lat' dir='ltr'><strong><em>illud</em></strong></span> <span class='ocrx_word' id='word_1_202' title='bbox 717 1726 795 1770; x_wconf 91' lang='lat' dir='ltr'><strong><em>est</em></strong></span> <span class='ocrx_word' id='word_1_203' title='bbox 824 1698 1034 1778; x_wconf 66' lang='grc' dir='ltr'><strong><em>νοθείαξ</em></strong></span> <span class='ocrx_word' id='word_1_204' title='bbox 1060 1713 1337 1777; x_wconf 87' lang='lat' dir='ltr'><strong><em>indicium,</em></strong></span> <span class='ocrx_word' id='word_1_205' title='bbox 1365 1711 1502 1781; x_wconf 89' lang='lat' dir='ltr'><strong><em>quod</em></strong></span> <span class='ocrx_word' id='word_1_206' title='bbox 1530 1710 1805 1764; x_wconf 89' lang='lat' dir='ltr'><strong><em>ementitus</em></strong></span> <span class='ocrx_word' id='word_1_207' title='bbox 1832 1710 1932 1764; x_wconf 89' lang='lat' dir='ltr'><strong><em>iste</em></strong></span> <span class='ocrx_word' id='word_1_208' title='bbox 1960 1709 2283 1764; x_wconf 81' lang='lat' dir='ltr'><strong><em>Athanasius</em></strong></span> <span class='ocrx_word' id='word_1_209' title='bbox 2307 1712 2584 1778; x_wconf 84' lang='lat' dir='ltr'><strong><em>epistolam</em></strong></span> <span class='ocrx_word' id='word_1_210' title='bbox 2611 1713 2851 1783; x_wconf 82' lang='lat' dir='ltr'><strong><em>Dionysii</em></strong></span> <span class='ocrx_word' id='word_1_211' title='bbox 2875 1715 2944 1768; x_wconf 90' lang='lat' dir='ltr'><strong><em>ad</em></strong></span> <span class='ocrx_word' id='word_1_212' title='bbox 2971 1714 3199 1771; x_wconf 87' lang='lat' dir='ltr'><strong><em>Paulum</em></strong></span> <span class='ocrx_word' id='word_1_213' title='bbox 3226 1719 3638 1776; x_wconf 80' lang='lat' dir='ltr'><strong><em>Samosatenum</em></strong></span> 
     </span>
    </p>
   </div>
   <div class='ocr_carea' id='block_1_18' title="bbox 400 1806 3645 1882">
    <p class='ocr_par' dir='ltr' id='par_1_18' title="bbox 400 1806 3645 1882">
     <span class='ocr_line' id='line_1_18' title="bbox 400 1806 3645 1882; baseline 0.002 -18"><span class='ocrx_word' id='word_1_214' title='bbox 400 1812 577 1876; x_wconf 84' lang='lat' dir='ltr'><strong><em>mittat</em></strong></span> <span class='ocrx_word' id='word_1_215' title='bbox 601 1812 669 1866; x_wconf 89' lang='lat' dir='ltr'><strong><em>ad</em></strong></span> <span class='ocrx_word' id='word_1_216' title='bbox 702 1813 918 1875; x_wconf 90' lang='lat' dir='ltr'><strong><em>Persas,</em></strong></span> <span class='ocrx_word' id='word_1_217' title='bbox 953 1828 1068 1882; x_wconf 76' lang='lat' dir='ltr'><strong><em>qua</em></strong></span> <span class='ocrx_word' id='word_1_218' title='bbox 1089 1813 1208 1882; x_wconf 90' lang='lat' dir='ltr'><strong><em>jam</em></strong></span> <span class='ocrx_word' id='word_1_219' title='bbox 1249 1809 1513 1865; x_wconf 88' lang='lat' dir='ltr'><strong><em>communi</em></strong></span> <span class='ocrx_word' id='word_1_220' title='bbox 1544 1807 1869 1874; x_wconf 85' lang='lat' dir='ltr'><strong><em>eruditorum</em></strong></span> <span class='ocrx_word' id='word_1_221' title='bbox 1895 1806 2101 1869; x_wconf 84' lang='lat' dir='ltr'><strong><em>calculo</em></strong></span> <span class='ocrx_word' id='word_1_222' title='bbox 2140 1807 2278 1860; x_wconf 89' lang='lat' dir='ltr'><strong><em>inter</em></strong></span> <span class='ocrx_word' id='word_1_223' title='bbox 2309 1810 2646 1877; x_wconf 85' lang='lat' dir='ltr'><strong><em>supposititia</em></strong></span> <span class='ocrx_word' id='word_1_224' title='bbox 2677 1819 3030 1879; x_wconf 89' lang='lat' dir='ltr'><strong><em>computatur.</em></strong></span> <span class='ocrx_word' id='word_1_225' title='bbox 3063 1811 3303 1867; x_wconf 83' lang='lat' dir='ltr'><strong><em>Habetur</em></strong></span> <span class='ocrx_word' id='word_1_226' title='bbox 3329 1826 3506 1870; x_wconf 87' lang='lat' dir='ltr'><strong><em>autem</em></strong></span> <span class='ocrx_word' id='word_1_227' title='bbox 3537 1816 3645 1870; x_wconf 78' lang='lat' dir='ltr'><strong><em>illa</em></strong></span> 
     </span>
    </p>
   </div>
   <div class='ocr_carea' id='block_1_19' title="bbox 402 1899 3644 1994">
    <p class='ocr_par' dir='ltr' id='par_1_19' title="bbox 402 1899 3644 1994">
     <span class='ocr_line' id='line_1_19' title="bbox 402 1899 3644 1994; baseline 0.002 -40"><span class='ocrx_word' id='word_1_228' title='bbox 402 1912 529 1959; x_wconf 92' lang='lat' dir='ltr'><strong><em>tom.</em></strong></span> <span class='ocrx_word' id='word_1_229' title='bbox 563 1903 592 1957; x_wconf 88' lang='grc' dir='ltr'><em>Ι</em></span> <span class='ocrx_word' id='word_1_230' title='bbox 623 1904 966 1960; x_wconf 85' lang='lat' dir='ltr'><strong><em>Bibliotheca</em></strong></span> <span class='ocrx_word' id='word_1_231' title='bbox 992 1903 1096 1958; x_wconf 88' lang='lat' dir='ltr'><strong><em>PP.</em></strong></span> <span class='ocrx_word' id='word_1_232' title='bbox 1128 1900 1324 1966; x_wconf 83' lang='lat' dir='ltr'><strong><em>Grac.,</em></strong></span> <span class='ocrx_word' id='word_1_233' title='bbox 1356 1918 1477 1971; x_wconf 86' lang='lat' dir='ltr'><strong><em>pag.</em></strong></span> <span class='ocrx_word' id='word_1_234' title='bbox 1501 1900 1628 1967; x_wconf 72' lang='lat'><strong><em>275,</em></strong></span> <span class='ocrx_word' id='word_1_235' title='bbox 1663 1902 1752 1958; x_wconf 87' lang='lat' dir='ltr'><strong><em>sed</em></strong></span> <span class='ocrx_word' id='word_1_236' title='bbox 1773 1900 1824 1953; x_wconf 87' lang='lat' dir='ltr'><strong><em>in</em></strong></span> <span class='ocrx_word' id='word_1_237' title='bbox 1856 1899 2122 1954; x_wconf 88' lang='lat' dir='ltr'><strong><em>nonnullis</em></strong></span> <span class='ocrx_word' id='word_1_238' title='bbox 2152 1899 2376 1952; x_wconf 85' lang='lat' dir='ltr'><strong><em>multum</em></strong></span> <span class='ocrx_word' id='word_1_239' title='bbox 2395 1899 2654 1968; x_wconf 89' lang='lat' dir='ltr'><strong><em>discrepat</em></strong></span> <span class='ocrx_word' id='word_1_240' title='bbox 2683 1903 2748 1955; x_wconf 92' lang='lat' dir='ltr'><strong><em>ab</em></strong></span> <span class='ocrx_word' id='word_1_241' title='bbox 2773 1904 2876 1956; x_wconf 91' lang='lat' dir='ltr'><strong><em>ista</em></strong></span> <span class='ocrx_word' id='word_1_242' title='bbox 2896 1919 3054 1973; x_wconf 89' lang='lat' dir='ltr'><strong><em>quam</em></strong></span> <span class='ocrx_word' id='word_1_243' title='bbox 3084 1906 3286 1959; x_wconf 85' lang='lat' dir='ltr'><strong><em>edimus</em></strong></span> <span class='ocrx_word' id='word_1_244' title='bbox 3304 1906 3560 1994; x_wconf 65' lang='lat' dir='ltr'><strong><em>persione,</em></strong></span> <span class='ocrx_word' id='word_1_245' title='bbox 3584 1911 3644 1961; x_wconf 81' lang='lat' dir='ltr'><strong><em>in</em></strong></span> 
     </span>
    </p>
   </div>
   <div class='ocr_carea' id='block_1_20' title="bbox 401 1994 3642 2076">
    <p class='ocr_par' dir='ltr' id='par_1_20' title="bbox 401 1994 3642 2076">
     <span class='ocr_line' id='line_1_20' title="bbox 401 1994 3642 2076; baseline 0.004 -29"><span class='ocrx_word' id='word_1_246' title='bbox 401 2011 506 2065; x_wconf 90' lang='lat' dir='ltr'><strong><em>qua</em></strong></span> <span class='ocrx_word' id='word_1_247' title='bbox 523 1994 707 2049; x_wconf 86' lang='lat' dir='ltr'><strong><em>desunt</em></strong></span> <span class='ocrx_word' id='word_1_248' title='bbox 739 1995 862 2050; x_wconf 89' lang='lat' dir='ltr'><strong><em>bene</em></strong></span> <span class='ocrx_word' id='word_1_249' title='bbox 896 1997 1204 2061; x_wconf 87' lang='lat' dir='ltr'><strong><em>multa,sive</em></strong></span> <span class='ocrx_word' id='word_1_250' title='bbox 1219 1997 1512 2067; x_wconf 88' lang='lat' dir='ltr'><strong><em>interpretis</em></strong></span> <span class='ocrx_word' id='word_1_251' title='bbox 1540 1997 1766 2061; x_wconf 88' lang='lat' dir='ltr'><strong><em>incuria,</em></strong></span> <span class='ocrx_word' id='word_1_252' title='bbox 1785 1997 1889 2051; x_wconf 85' lang='lat' dir='ltr'><strong><em>sive</em></strong></span> <span class='ocrx_word' id='word_1_253' title='bbox 1915 2011 1980 2060; x_wconf 76' lang='lat' dir='ltr'><strong><em>ea:</em></strong></span> <span class='ocrx_word' id='word_1_254' title='bbox 1999 1995 2236 2049; x_wconf 90' lang='lat' dir='ltr'><strong><em>codicum</em></strong></span> <span class='ocrx_word' id='word_1_255' title='bbox 2264 1997 2846 2054; x_wconf 77' lang='lat' dir='ltr'><strong><em>diversitate.therum</em></strong></span> <span class='ocrx_word' id='word_1_256' title='bbox 2875 2002 3007 2055; x_wconf 88' lang='lat' dir='ltr'><strong><em>nihil</em></strong></span> <span class='ocrx_word' id='word_1_257' title='bbox 3033 2013 3110 2057; x_wconf 91' lang='lat' dir='ltr'><strong><em>est</em></strong></span> <span class='ocrx_word' id='word_1_258' title='bbox 3140 2004 3277 2074; x_wconf 88' lang='lat' dir='ltr'><strong><em>quod</em></strong></span> <span class='ocrx_word' id='word_1_259' title='bbox 3303 2006 3642 2076; x_wconf 81' lang='lat' dir='ltr'><strong><em>ambigamus</em></strong></span> 
     </span>
    </p>
   </div>
   <div class='ocr_carea' id='block_1_21' title="bbox 401 2086 3647 2172">
    <p class='ocr_par' dir='ltr' id='par_1_21' title="bbox 401 2086 3647 2172">
     <span class='ocr_line' id='line_1_21' title="bbox 401 2086 3647 2172; baseline 0.005 -33"><span class='ocrx_word' id='word_1_260' title='bbox 401 2086 467 2139; x_wconf 90' lang='lat' dir='ltr'><strong><em>ab</em></strong></span> <span class='ocrx_word' id='word_1_261' title='bbox 491 2088 668 2142; x_wconf 71' lang='lat' dir='ltr'><strong><em>eodem</em></strong></span> <span class='ocrx_word' id='word_1_262' title='bbox 702 2089 1069 2143; x_wconf 89' lang='lat' dir='ltr'><strong><em>concinnatum</em></strong></span> <span class='ocrx_word' id='word_1_263' title='bbox 1095 2089 1256 2159; x_wconf 78' lang='lat' dir='ltr'><strong><em>fuisse</em></strong></span> <span class='ocrx_word' id='word_1_264' title='bbox 1278 2090 1548 2158; x_wconf 91' lang='lat' dir='ltr'><strong><em>utriusque</em></strong></span> <span class='ocrx_word' id='word_1_265' title='bbox 1576 2088 1812 2158; x_wconf 70' lang='lat' dir='ltr'><strong><em>epistolae</em></strong></span> <span class='ocrx_word' id='word_1_266' title='bbox 1839 2089 2344 2159; x_wconf 88' lang='lat' dir='ltr'><strong><em>interpretationem,</em></strong></span> <span class='ocrx_word' id='word_1_267' title='bbox 2370 2093 2510 2162; x_wconf 88' lang='lat' dir='ltr'><strong><em>quod</em></strong></span> <span class='ocrx_word' id='word_1_268' title='bbox 2533 2093 2703 2162; x_wconf 87' lang='lat' dir='ltr'><strong><em>ipsum</em></strong></span> <span class='ocrx_word' id='word_1_269' title='bbox 2734 2095 2984 2150; x_wconf 87' lang='lat' dir='ltr'><strong><em>versionis</em></strong></span> <span class='ocrx_word' id='word_1_270' title='bbox 3012 2113 3169 2168; x_wconf 88' lang='lat' dir='ltr'><strong><em>genus</em></strong></span> <span class='ocrx_word' id='word_1_271' title='bbox 3189 2099 3528 2166; x_wconf 79' lang='grc' dir='ltr'><strong><em>ἀδιστάκτως</em></strong></span> <span class='ocrx_word' id='word_1_272' title='bbox 3549 2119 3647 2172; x_wconf 85' lang='lat' dir='ltr'><strong><em>per</em></strong></span> 
     </span>
    </p>
   </div>
   <div class='ocr_carea' id='block_1_22' title="bbox 402 2180 756 2249">
    <p class='ocr_par' dir='ltr' id='par_1_22' title="bbox 402 2180 756 2249">
     <span class='ocr_line' id='line_1_22' title="bbox 402 2180 756 2249; baseline -0.008 -13"><span class='ocrx_word' id='word_1_273' title='bbox 402 2196 456 2236; x_wconf 86' lang='lat' dir='ltr'><strong><em>se</em></strong></span> <span class='ocrx_word' id='word_1_274' title='bbox 477 2180 756 2249; x_wconf 81' lang='lat' dir='ltr'><strong><em>signiﬁcat.</em></strong></span> 
     </span>
    </p>
   </div>
   <div class='ocr_carea' id='block_1_23' title="bbox 483 2395 3560 2487">
    <p class='ocr_par' dir='ltr' id='par_1_23' title="bbox 483 2395 3560 2487">
     <span class='ocr_line' id='line_1_23' title="bbox 483 2395 3560 2487; baseline 0.006 -31"><span class='ocrx_word' id='word_1_275' title='bbox 483 2395 904 2462; x_wconf 86' lang='lat' dir='ltr'><strong><em>Dilectissimo</em></strong></span> <span class='ocrx_word' id='word_1_276' title='bbox 937 2417 1114 2480; x_wconf 78' lang='lat' dir='ltr'><strong><em>papa</em></strong></span> <span class='ocrx_word' id='word_1_277' title='bbox 1142 2408 1203 2464; x_wconf 89' lang='lat' dir='ltr'><strong><em>et</em></strong></span> <span class='ocrx_word' id='word_1_278' title='bbox 1251 2403 1312 2465; x_wconf 92' lang='lat' dir='ltr'><strong><em>ei</em></strong></span> <span class='ocrx_word' id='word_1_279' title='bbox 1343 2404 1455 2482; x_wconf 87' lang='lat' dir='ltr'><strong><em>qui</em></strong></span> <span class='ocrx_word' id='word_1_280' title='bbox 1485 2421 1630 2465; x_wconf 92' lang='lat' dir='ltr'><strong><em>cum</em></strong></span> <span class='ocrx_word' id='word_1_281' title='bbox 1674 2405 1815 2485; x_wconf 90' lang='lat' dir='ltr'><strong><em>ipso</em></strong></span> <span class='ocrx_word' id='word_1_282' title='bbox 1849 2414 1943 2469; x_wconf 89' lang='lat' dir='ltr'><strong><em>est</em></strong></span> <span class='ocrx_word' id='word_1_283' title='bbox 1972 2409 2170 2484; x_wconf 90' lang='lat' dir='ltr'><strong><em>clero,</em></strong></span> <span class='ocrx_word' id='word_1_284' title='bbox 2198 2414 2259 2470; x_wconf 87' lang='lat' dir='ltr'><strong><em>et</em></strong></span> <span class='ocrx_word' id='word_1_285' title='bbox 2289 2409 2416 2487; x_wconf 78' lang='lat' dir='ltr'><strong><em>qui</em></strong></span> <span class='ocrx_word' id='word_1_286' title='bbox 2447 2409 2514 2470; x_wconf 89' lang='lat' dir='ltr'><strong><em>in</em></strong></span> <span class='ocrx_word' id='word_1_287' title='bbox 2547 2410 2879 2475; x_wconf 84' lang='lat' dir='ltr'><strong><em>Persarum</em></strong></span> <span class='ocrx_word' id='word_1_288' title='bbox 2925 2408 3254 2487; x_wconf 82' lang='lat' dir='ltr'><strong><em>provincia</em></strong></span> <span class='ocrx_word' id='word_1_289' title='bbox 3286 2409 3560 2485; x_wconf 81' lang='lat' dir='ltr'><strong><em>habitat,</em></strong></span> 
     </span>
    </p>
   </div>
   <div class='ocr_carea' id='block_1_24' title="bbox 871 2503 3194 2598">
    <p class='ocr_par' dir='ltr' id='par_1_24' title="bbox 871 2503 3194 2598">
     <span class='ocr_line' id='line_1_24' title="bbox 871 2503 3194 2598; baseline 0.005 -36"><span class='ocrx_word' id='word_1_290' title='bbox 871 2512 932 2563; x_wconf 92' lang='lat' dir='ltr'><strong><em>et</em></strong></span> <span class='ocrx_word' id='word_1_291' title='bbox 964 2503 1076 2598; x_wconf 91' lang='lat' dir='ltr'><strong><em>qui</em></strong></span> <span class='ocrx_word' id='word_1_292' title='bbox 1115 2505 1178 2564; x_wconf 91' lang='lat' dir='ltr'><strong><em>in</em></strong></span> <span class='ocrx_word' id='word_1_293' title='bbox 1210 2503 1330 2565; x_wconf 87' lang='lat' dir='ltr'><strong><em>ﬁde</em></strong></span> <span class='ocrx_word' id='word_1_294' title='bbox 1370 2504 1485 2566; x_wconf 89' lang='lat' dir='ltr'><strong><em>Dei</em></strong></span> <span class='ocrx_word' id='word_1_295' title='bbox 1534 2505 1758 2567; x_wconf 83' lang='lat' dir='ltr'><strong><em>ﬁrmati</em></strong></span> <span class='ocrx_word' id='word_1_296' title='bbox 1794 2515 1966 2581; x_wconf 90' lang='lat' dir='ltr'><strong><em>sunt,</em></strong></span> <span class='ocrx_word' id='word_1_297' title='bbox 2008 2507 2426 2583; x_wconf 80' lang='lat' dir='ltr'><strong><em>Athanasius,</em></strong></span> <span class='ocrx_word' id='word_1_298' title='bbox 2466 2508 2530 2569; x_wconf 90' lang='lat' dir='ltr'><strong><em>in</em></strong></span> <span class='ocrx_word' id='word_1_299' title='bbox 2573 2509 2849 2570; x_wconf 89' lang='lat' dir='ltr'><strong><em>Domino</em></strong></span> <span class='ocrx_word' id='word_1_300' title='bbox 2893 2510 3194 2588; x_wconf 86' lang='lat' dir='ltr'><strong><em>gaudere.</em></strong></span> 
     </span>
    </p>
   </div>
   <div class='ocr_carea' id='block_1_25' title="bbox 470 2767 3646 2846">
    <p class='ocr_par' dir='ltr' id='par_1_25' title="bbox 470 2767 3646 2846">
     <span class='ocr_line' id='line_1_25' title="bbox 470 2767 3646 2846; baseline 0 -22"><span class='ocrx_word' id='word_1_301' title='bbox 470 2768 635 2842; x_wconf 74' lang='lat'><strong><em>650</em></strong></span> <span class='ocrx_word' id='word_1_302' title='bbox 660 2767 860 2824; x_wconf 88' lang='lat' dir='ltr'><strong><em>Sancta</em></strong></span> <span class='ocrx_word' id='word_1_303' title='bbox 887 2777 941 2824; x_wconf 87' lang='lat' dir='ltr'><strong><em>et</em></strong></span> <span class='ocrx_word' id='word_1_304' title='bbox 966 2769 1226 2826; x_wconf 79' lang='lat' dir='ltr'><strong><em>divinitus</em></strong></span> <span class='ocrx_word' id='word_1_305' title='bbox 1251 2770 1517 2841; x_wconf 79' lang='lat' dir='ltr'><strong><em>inspirata</em></strong></span> <span class='ocrx_word' id='word_1_306' title='bbox 1548 2770 1830 2841; x_wconf 89' lang='lat' dir='ltr'><strong><em>Scriptura</em></strong></span> <span class='ocrx_word' id='word_1_307' title='bbox 1861 2787 1958 2828; x_wconf 86' lang='lat' dir='ltr'><strong><em>an-</em></strong></span> <span class='ocrx_word' id='word_1_308' title='bbox 1988 2782 2034 2840; x_wconf 78' lang='grc' dir='ltr'>Α</span> <span class='ocrx_word' id='word_1_309' title='bbox 2062 2777 2296 2846; x_wconf 81' lang='lat' dir='ltr'><strong><em>fuerant,</em></strong></span> <span class='ocrx_word' id='word_1_310' title='bbox 2331 2773 2514 2826; x_wconf 88' lang='lat' dir='ltr'><strong><em>datam</em></strong></span> <span class='ocrx_word' id='word_1_311' title='bbox 2541 2772 2700 2841; x_wconf 92' lang='lat' dir='ltr'><strong><em>legem</em></strong></span> <span class='ocrx_word' id='word_1_312' title='bbox 2735 2769 2864 2838; x_wconf 77' lang='lat' dir='ltr'><strong><em>ﬁliis</em></strong></span> <span class='ocrx_word' id='word_1_313' title='bbox 2889 2768 3063 2825; x_wconf 88' lang='lat' dir='ltr'><strong><em>Israel</em></strong></span> <span class='ocrx_word' id='word_1_314' title='bbox 3084 2787 3186 2823; x_wconf 90' lang='lat' dir='ltr'><strong><em>non</em></strong></span> <span class='ocrx_word' id='word_1_315' title='bbox 3209 2771 3435 2840; x_wconf 79' lang='lat' dir='ltr'><strong><em>perfecte</em></strong></span> <span class='ocrx_word' id='word_1_316' title='bbox 3461 2783 3646 2826; x_wconf 80' lang='lat' dir='ltr'><strong><em>custo-</em></strong></span> 
     </span>
    </p>
   </div>
   <div class='ocr_carea' id='block_1_26' title="bbox 400 2860 1963 2931">
    <p class='ocr_par' dir='ltr' id='par_1_26' title="bbox 400 2860 1963 2931">
     <span class='ocr_line' id='line_1_26' title="bbox 400 2860 1963 2931; baseline 0.004 -17"><span class='ocrx_word' id='word_1_317' title='bbox 400 2860 676 2931; x_wconf 86' lang='lat' dir='ltr'><strong><em>tiquorum</em></strong></span> <span class='ocrx_word' id='word_1_318' title='bbox 723 2861 882 2917; x_wconf 88' lang='lat' dir='ltr'><strong><em>nobis</em></strong></span> <span class='ocrx_word' id='word_1_319' title='bbox 933 2868 1088 2917; x_wconf 90' lang='lat' dir='ltr'><strong><em>actus</em></strong></span> <span class='ocrx_word' id='word_1_320' title='bbox 1135 2863 1384 2927; x_wconf 84' lang='lat' dir='ltr'><strong><em>enarrat‘,</em></strong></span> <span class='ocrx_word' id='word_1_321' title='bbox 1440 2862 1718 2920; x_wconf 89' lang='lat' dir='ltr'><strong><em>deducens</em></strong></span> <span class='ocrx_word' id='word_1_322' title='bbox 1761 2879 1864 2920; x_wconf 87' lang='lat' dir='ltr'><strong><em>nos</em></strong></span> <span class='ocrx_word' id='word_1_323' title='bbox 1895 2882 1963 2920; x_wconf 80' lang='lat' dir='ltr'><strong><em>ex</em></strong></span> 
     </span>
    </p>
   </div>
   <div class='ocr_carea' id='block_1_27' title="bbox 401 2951 1964 3023">
    <p class='ocr_par' dir='ltr' id='par_1_27' title="bbox 401 2951 1964 3023">
     <span class='ocr_line' id='line_1_27' title="bbox 401 2951 1964 3023; baseline 0.002 -17"><span class='ocrx_word' id='word_1_324' title='bbox 401 2951 520 3023; x_wconf 90' lang='lat' dir='ltr'><strong><em>ipsa</em></strong></span> <span class='ocrx_word' id='word_1_325' title='bbox 565 2952 633 3006; x_wconf 90' lang='lat' dir='ltr'><strong><em>ad</em></strong></span> <span class='ocrx_word' id='word_1_326' title='bbox 659 2967 723 3008; x_wconf 90' lang='lat' dir='ltr'><strong><em>ea</em></strong></span> <span class='ocrx_word' id='word_1_327' title='bbox 763 2966 881 3020; x_wconf 84' lang='lat' dir='ltr'><strong><em>qua</em></strong></span> <span class='ocrx_word' id='word_1_328' title='bbox 907 2951 1061 3005; x_wconf 86' lang='lat' dir='ltr'><strong><em>utilia</em></strong></span> <span class='ocrx_word' id='word_1_329' title='bbox 1101 2958 1228 3006; x_wconf 89' lang='lat' dir='ltr'><strong><em>sunt</em></strong></span> <span class='ocrx_word' id='word_1_330' title='bbox 1259 2951 1557 3017; x_wconf 86' lang='lat' dir='ltr'><strong><em>actionum,</em></strong></span> <span class='ocrx_word' id='word_1_331' title='bbox 1587 2953 1964 3009; x_wconf 86' lang='lat' dir='ltr'><strong><em>abominantes</em></strong></span> 
     </span>
    </p>
   </div>
   <div class='ocr_carea' id='block_1_28' title="bbox 400 3039 1964 3111">
    <p class='ocr_par' dir='ltr' id='par_1_28' title="bbox 400 3039 1964 3111">
     <span class='ocr_line' id='line_1_28' title="bbox 400 3039 1964 3111; baseline -0.001 -14"><span class='ocrx_word' id='word_1_332' title='bbox 400 3057 619 3098; x_wconf 89' lang='lat' dir='ltr'><strong><em>omnem</em></strong></span> <span class='ocrx_word' id='word_1_333' title='bbox 647 3041 882 3111; x_wconf 87' lang='lat' dir='ltr'><strong><em>speciem</em></strong></span> <span class='ocrx_word' id='word_1_334' title='bbox 912 3039 1130 3094; x_wconf 83' lang='lat' dir='ltr'><strong><em>malitia</em></strong></span> <span class='ocrx_word' id='word_1_335' title='bbox 1149 3048 1203 3095; x_wconf 89' lang='lat' dir='ltr'><strong><em>et</em></strong></span> <span class='ocrx_word' id='word_1_336' title='bbox 1223 3039 1535 3110; x_wconf 88' lang='lat' dir='ltr'><strong><em>impietatis.</em></strong></span> <span class='ocrx_word' id='word_1_337' title='bbox 1568 3039 1627 3094; x_wconf 90' lang='lat' dir='ltr'><strong><em>ln</em></strong></span> <span class='ocrx_word' id='word_1_338' title='bbox 1650 3039 1964 3111; x_wconf 77' lang='lat' dir='ltr'><strong><em>Regnorum</em></strong></span> 
     </span>
    </p>
   </div>
   <div class='ocr_carea' id='block_1_29' title="bbox 401 3130 1966 3204">
    <p class='ocr_par' dir='ltr' id='par_1_29' title="bbox 401 3130 1966 3204">
     <span class='ocr_line' id='line_1_29' title="bbox 401 3130 1966 3204; baseline 0.001 -15"><span class='ocrx_word' id='word_1_339' title='bbox 401 3134 569 3204; x_wconf 89' lang='lat' dir='ltr'><strong><em>igitur</em></strong></span> <span class='ocrx_word' id='word_1_340' title='bbox 620 3133 774 3188; x_wconf 85' lang='lat' dir='ltr'><strong><em>libris</em></strong></span> <span class='ocrx_word' id='word_1_341' title='bbox 826 3131 1017 3188; x_wconf 86' lang='lat' dir='ltr'><strong><em>scribit</em></strong></span> <span class='ocrx_word' id='word_1_342' title='bbox 1047 3130 1342 3202; x_wconf 88' lang='lat' dir='ltr'><strong><em>deliquisse</em></strong></span> <span class='ocrx_word' id='word_1_343' title='bbox 1382 3131 1566 3197; x_wconf 85' lang='lat' dir='ltr'><strong><em>Israel,</em></strong></span> <span class='ocrx_word' id='word_1_344' title='bbox 1601 3139 1657 3188; x_wconf 88' lang='lat' dir='ltr'><strong><em>et</em></strong></span> <span class='ocrx_word' id='word_1_345' title='bbox 1707 3132 1966 3190; x_wconf 86' lang='lat' dir='ltr'><strong><em>adorasse</em></strong></span> 
     </span>
    </p>
   </div>
   <div class='ocr_carea' id='block_1_30' title="bbox 401 3221 1964 3301">
    <p class='ocr_par' dir='ltr' id='par_1_30' title="bbox 401 3221 1964 3301">
     <span class='ocr_line' id='line_1_30' title="bbox 401 3221 1964 3301; baseline 0 -21"><span class='ocrx_word' id='word_1_346' title='bbox 401 3231 708 3280; x_wconf 88' lang='lat' dir='ltr'><strong><em>creaturam</em></strong></span> <span class='ocrx_word' id='word_1_347' title='bbox 753 3223 926 3301; x_wconf 85' lang='lat' dir='ltr'><strong><em>magis</em></strong></span> <span class='ocrx_word' id='word_1_348' title='bbox 967 3237 1128 3292; x_wconf 83' lang='lat' dir='ltr'><strong><em>quam</em></strong></span> <span class='ocrx_word' id='word_1_349' title='bbox 1173 3221 1508 3278; x_wconf 88' lang='lat' dir='ltr'><strong><em>Creatorem.</em></strong></span> <span class='ocrx_word' id='word_1_350' title='bbox 1573 3221 1737 3280; x_wconf 89' lang='lat' dir='ltr'><strong><em>Scitis</em></strong></span> <span class='ocrx_word' id='word_1_351' title='bbox 1783 3233 1964 3280; x_wconf 88' lang='lat' dir='ltr'><strong><em>autem</em></strong></span> 
     </span>
    </p>
   </div>
   <div class='ocr_carea' id='block_1_31' title="bbox 401 3312 1965 3386">
    <p class='ocr_par' dir='ltr' id='par_1_31' title="bbox 401 3312 1965 3386">
     <span class='ocr_line' id='line_1_31' title="bbox 401 3312 1965 3386; baseline 0.002 -17"><span class='ocrx_word' id='word_1_352' title='bbox 401 3324 665 3386; x_wconf 88' lang='lat' dir='ltr'><strong><em>quantum</em></strong></span> <span class='ocrx_word' id='word_1_353' title='bbox 697 3314 902 3368; x_wconf 88' lang='lat' dir='ltr'><strong><em>malum</em></strong></span> <span class='ocrx_word' id='word_1_354' title='bbox 931 3318 1003 3367; x_wconf 83' lang='lat' dir='ltr'><strong><em>sit</em></strong></span> <span class='ocrx_word' id='word_1_355' title='bbox 1040 3312 1388 3369; x_wconf 87' lang='lat' dir='ltr'><strong><em>Conditorem</em></strong></span> <span class='ocrx_word' id='word_1_356' title='bbox 1421 3315 1810 3386; x_wconf 83' lang='lat' dir='ltr'><strong><em>relinquentes,</em></strong></span> <span class='ocrx_word' id='word_1_357' title='bbox 1844 3333 1965 3373; x_wconf 89' lang='lat' dir='ltr'><strong><em>eam</em></strong></span> 
     </span>
    </p>
   </div>
   <div class='ocr_carea' id='block_1_32' title="bbox 401 3407 1961 3479">
    <p class='ocr_par' dir='ltr' id='par_1_32' title="bbox 401 3407 1961 3479">
     <span class='ocr_line' id='line_1_32' title="bbox 401 3407 1961 3479; baseline 0.003 -17"><span class='ocrx_word' id='word_1_358' title='bbox 401 3425 522 3478; x_wconf 79' lang='lat' dir='ltr'><strong><em>qua</em></strong></span> <span class='ocrx_word' id='word_1_359' title='bbox 549 3409 626 3462; x_wconf 92' lang='lat' dir='ltr'><strong><em>illi</em></strong></span> <span class='ocrx_word' id='word_1_360' title='bbox 658 3407 887 3463; x_wconf 84' lang='lat' dir='ltr'><strong><em>debetur</em></strong></span> <span class='ocrx_word' id='word_1_361' title='bbox 911 3407 1136 3477; x_wconf 81' lang='lat' dir='ltr'><strong><em>gloriam</em></strong></span> <span class='ocrx_word' id='word_1_362' title='bbox 1172 3407 1332 3464; x_wconf 91' lang='lat' dir='ltr'><strong><em>idolis</em></strong></span> <span class='ocrx_word' id='word_1_363' title='bbox 1375 3419 1562 3479; x_wconf 89' lang='lat' dir='ltr'><strong><em>aptare</em></strong></span> <span class='ocrx_word' id='word_1_364' title='bbox 1590 3417 1644 3466; x_wconf 88' lang='lat' dir='ltr'><strong><em>et</em></strong></span> <span class='ocrx_word' id='word_1_365' title='bbox 1676 3412 1961 3468; x_wconf 86' lang='lat' dir='ltr'><strong><em>creaturis.</em></strong></span> 
     </span>
    </p>
   </div>
   <div class='ocr_carea' id='block_1_33' title="bbox 402 3498 1959 3570">
    <p class='ocr_par' dir='ltr' id='par_1_33' title="bbox 402 3498 1959 3570">
     <span class='ocr_line' id='line_1_33' title="bbox 402 3498 1959 3570; baseline 0.003 -17"><span class='ocrx_word' id='word_1_366' title='bbox 402 3500 518 3556; x_wconf 83' lang='lat' dir='ltr'><strong><em>Hoc</em></strong></span> <span class='ocrx_word' id='word_1_367' title='bbox 542 3501 650 3556; x_wconf 87' lang='lat' dir='ltr'><strong><em>illis</em></strong></span> <span class='ocrx_word' id='word_1_368' title='bbox 683 3499 988 3570; x_wconf 88' lang='lat' dir='ltr'><strong><em>agentibus,</em></strong></span> <span class='ocrx_word' id='word_1_369' title='bbox 1015 3499 1242 3554; x_wconf 84' lang='lat' dir='ltr'><strong><em>retraxit</em></strong></span> <span class='ocrx_word' id='word_1_370' title='bbox 1263 3498 1404 3556; x_wconf 91' lang='lat' dir='ltr'><strong><em>Deus</em></strong></span> <span class='ocrx_word' id='word_1_371' title='bbox 1422 3501 1752 3569; x_wconf 87' lang='lat' dir='ltr'><strong><em>adjutorium</em></strong></span> <span class='ocrx_word' id='word_1_372' title='bbox 1777 3518 1959 3567; x_wconf 89' lang='lat' dir='ltr'><strong><em>suum,</em></strong></span> 
     </span>
    </p>
   </div>
   <div class='ocr_carea' id='block_1_34' title="bbox 403 3592 1960 3665">
    <p class='ocr_par' dir='ltr' id='par_1_34' title="bbox 403 3592 1960 3665">
     <span class='ocr_line' id='line_1_34' title="bbox 403 3592 1960 3665; baseline 0.001 -15"><span class='ocrx_word' id='word_1_373' title='bbox 403 3596 493 3650; x_wconf 86' lang='lat' dir='ltr'><strong><em>ubi</em></strong></span> <span class='ocrx_word' id='word_1_374' title='bbox 547 3594 652 3664; x_wconf 85' lang='lat' dir='ltr'><strong><em>ipsi</em></strong></span> <span class='ocrx_word' id='word_1_375' title='bbox 711 3609 771 3649; x_wconf 91' lang='lat' dir='ltr'><strong><em>se</em></strong></span> <span class='ocrx_word' id='word_1_376' title='bbox 804 3592 1026 3648; x_wconf 85' lang='lat' dir='ltr'><strong><em>tradunt</em></strong></span> <span class='ocrx_word' id='word_1_377' title='bbox 1053 3593 1124 3652; x_wconf 88' lang='lat' dir='ltr'><strong><em>_in</em></strong></span> <span class='ocrx_word' id='word_1_378' title='bbox 1165 3594 1424 3648; x_wconf 77' lang='lat' dir='ltr'><strong><em>servitute</em></strong></span> <span class='ocrx_word' id='word_1_379' title='bbox 1455 3595 1674 3665; x_wconf 80' lang='lat' dir='ltr'><strong><em>regibus</em></strong></span> <span class='ocrx_word' id='word_1_380' title='bbox 1721 3597 1919 3651; x_wconf 87' lang='lat' dir='ltr'><strong><em>vestris</em></strong></span> <span class='ocrx_word' id='word_1_381' title='bbox 1945 3638 1960 3662; x_wconf 93' lang='lat'><strong><em>,</em></strong></span> 
     </span>
    </p>
   </div>
   <div class='ocr_carea' id='block_1_35' title="bbox 401 3682 1967 3758">
    <p class='ocr_par' dir='ltr' id='par_1_35' title="bbox 401 3682 1967 3758">
     <span class='ocr_line' id='line_1_35' title="bbox 401 3682 1967 3758; baseline 0.002 -20"><span class='ocrx_word' id='word_1_382' title='bbox 401 3683 601 3753; x_wconf 86' lang='lat' dir='ltr'><strong><em>captivi</em></strong></span> <span class='ocrx_word' id='word_1_383' title='bbox 648 3691 828 3737; x_wconf 87' lang='lat' dir='ltr'><strong><em>autem</em></strong></span> <span class='ocrx_word' id='word_1_384' title='bbox 878 3682 1222 3736; x_wconf 91' lang='lat' dir='ltr'><strong><em>adducuntur</em></strong></span> <span class='ocrx_word' id='word_1_385' title='bbox 1269 3683 1371 3738; x_wconf 87' lang='lat' dir='ltr'><strong><em>sub</em></strong></span> <span class='ocrx_word' id='word_1_386' title='bbox 1418 3683 1798 3740; x_wconf 87' lang='lat' dir='ltr'><strong><em>Salmanassar</em></strong></span> <span class='ocrx_word' id='word_1_387' title='bbox 1840 3703 1967 3758; x_wconf 82' lang='lat' dir='ltr'><strong><em>rege</em></strong></span> 
     </span>
    </p>
   </div>
   <div class='ocr_carea' id='block_1_36' title="bbox 401 3771 1966 3844">
    <p class='ocr_par' dir='ltr' id='par_1_36' title="bbox 401 3771 1966 3844">
     <span class='ocr_line' id='line_1_36' title="bbox 401 3771 1966 3844; baseline 0.003 -18"><span class='ocrx_word' id='word_1_388' title='bbox 401 3773 752 3844; x_wconf 84' lang='lat' dir='ltr'><strong><em>Assyriorum</em></strong></span> <span class='ocrx_word' id='word_1_389' title='bbox 794 3787 892 3842; x_wconf 87' lang='lat' dir='ltr'><strong><em>pro</em></strong></span> <span class='ocrx_word' id='word_1_390' title='bbox 927 3779 1071 3827; x_wconf 88' lang='lat' dir='ltr'><strong><em>terra</em></strong></span> <span class='ocrx_word' id='word_1_391' title='bbox 1098 3789 1196 3828; x_wconf 90' lang='lat' dir='ltr'><strong><em>sua</em></strong></span> <span class='ocrx_word' id='word_1_392' title='bbox 1225 3771 1535 3838; x_wconf 87' lang='lat' dir='ltr'><strong><em>Palastina,</em></strong></span> <span class='ocrx_word' id='word_1_393' title='bbox 1564 3775 1688 3830; x_wconf 87' lang='lat' dir='ltr'><strong><em>dico</em></strong></span> <span class='ocrx_word' id='word_1_394' title='bbox 1718 3776 1966 3832; x_wconf 90' lang='lat' dir='ltr'><strong><em>habitare</em></strong></span> 
     </span>
    </p>
   </div>
   <div class='ocr_carea' id='block_1_37' title="bbox 402 3862 1966 3935">
    <p class='ocr_par' dir='ltr' id='par_1_37' title="bbox 402 3862 1966 3935">
     <span class='ocr_line' id='line_1_37' title="bbox 402 3862 1966 3935; baseline 0.003 -17"><span class='ocrx_word' id='word_1_395' title='bbox 402 3873 602 3919; x_wconf 86' lang='lat' dir='ltr'><strong><em>terram</em></strong></span> <span class='ocrx_word' id='word_1_396' title='bbox 635 3864 983 3935; x_wconf 86' lang='lat' dir='ltr'><strong><em>Assyriorum</em></strong></span> <span class='ocrx_word' id='word_1_397' title='bbox 1019 3864 1074 3918; x_wconf 90' lang='lat' dir='ltr'><strong><em>in</em></strong></span> <span class='ocrx_word' id='word_1_398' title='bbox 1107 3862 1286 3920; x_wconf 83' lang='lat' dir='ltr'><strong><em>ﬂuviis</em></strong></span> <span class='ocrx_word' id='word_1_399' title='bbox 1324 3863 1535 3920; x_wconf 84' lang='lat' dir='ltr'><strong><em>Evalea</em></strong></span> <span class='ocrx_word' id='word_1_400' title='bbox 1563 3875 1618 3922; x_wconf 90' lang='lat' dir='ltr'><strong><em>et</em></strong></span> <span class='ocrx_word' id='word_1_401' title='bbox 1654 3865 1966 3922; x_wconf 85' lang='lat' dir='ltr'><strong><em>Enaborzo-</em></strong></span> 
     </span>
    </p>
   </div>
   <div class='ocr_carea' id='block_1_38' title="bbox 403 3956 1968 4030">
    <p class='ocr_par' dir='ltr' id='par_1_38' title="bbox 403 3956 1968 4030">
     <span class='ocr_line' id='line_1_38' title="bbox 403 3956 1968 4030; baseline 0.003 -18"><span class='ocrx_word' id='word_1_402' title='bbox 403 3972 503 4012; x_wconf 75' lang='lat' dir='ltr'><strong><em>zan</em></strong></span> <span class='ocrx_word' id='word_1_403' title='bbox 537 3966 588 4012; x_wconf 92' lang='lat' dir='ltr'><strong><em>et</em></strong></span> <span class='ocrx_word' id='word_1_404' title='bbox 612 3965 826 4022; x_wconf 85' lang='lat' dir='ltr'><strong><em>montes</em></strong></span> <span class='ocrx_word' id='word_1_405' title='bbox 853 3956 1154 4013; x_wconf 82' lang='lat' dir='ltr'><strong><em>Medorum.</em></strong></span> <span class='ocrx_word' id='word_1_406' title='bbox 1180 3958 1480 4012; x_wconf 89' lang='lat' dir='ltr'><strong><em>lntroducit</em></strong></span> <span class='ocrx_word' id='word_1_407' title='bbox 1509 3966 1687 4014; x_wconf 89' lang='lat' dir='ltr'><strong><em>autem</em></strong></span> <span class='ocrx_word' id='word_1_408' title='bbox 1710 3975 1808 4029; x_wconf 89' lang='lat' dir='ltr'><strong><em>pro</em></strong></span> <span class='ocrx_word' id='word_1_409' title='bbox 1835 3960 1968 4030; x_wconf 90' lang='lat' dir='ltr'><strong><em>ipsis</em></strong></span> 
     </span>
    </p>
   </div>
   <div class='ocr_carea' id='block_1_39' title="bbox 405 4047 1970 4120">
    <p class='ocr_par' dir='ltr' id='par_1_39' title="bbox 405 4047 1970 4120">
     <span class='ocr_line' id='line_1_39' title="bbox 405 4047 1970 4120; baseline 0.002 -19"><span class='ocrx_word' id='word_1_410' title='bbox 405 4049 650 4104; x_wconf 87' lang='lat' dir='ltr'><strong><em>habitare</em></strong></span> <span class='ocrx_word' id='word_1_411' title='bbox 722 4047 1027 4108; x_wconf 86' lang='lat' dir='ltr'><strong><em>Samariam</em></strong></span> <span class='ocrx_word' id='word_1_412' title='bbox 1092 4048 1442 4120; x_wconf 86' lang='lat' dir='ltr'><strong><em>Babylonius,</em></strong></span> <span class='ocrx_word' id='word_1_413' title='bbox 1510 4065 1577 4104; x_wconf 81' lang='lat' dir='ltr'><strong><em>ex</em></strong></span> <span class='ocrx_word' id='word_1_414' title='bbox 1633 4050 1848 4104; x_wconf 87' lang='lat' dir='ltr'><strong><em>Cuthan</em></strong></span> <span class='ocrx_word' id='word_1_415' title='bbox 1914 4059 1970 4106; x_wconf 87' lang='lat' dir='ltr'><strong><em>et</em></strong></span> 
     </span>
    </p>
   </div>
   <div class='ocr_carea' id='block_1_40' title="bbox 403 4131 2580 4207">
    <p class='ocr_par' dir='ltr' id='par_1_40' title="bbox 403 4131 2580 4207">
     <span class='ocr_line' id='line_1_40' title="bbox 403 4131 2580 4207; baseline 0 -19"><span class='ocrx_word' id='word_1_416' title='bbox 403 4137 626 4207; x_wconf 82' lang='lat' dir='ltr'><strong><em>Deajan,</em></strong></span> <span class='ocrx_word' id='word_1_417' title='bbox 653 4145 706 4200; x_wconf 80' lang='lat' dir='ltr'><strong><em>et</em></strong></span> <span class='ocrx_word' id='word_1_418' title='bbox 736 4137 1014 4201; x_wconf 88' lang='lat' dir='ltr'><strong><em>Dccmatb,</em></strong></span> <span class='ocrx_word' id='word_1_419' title='bbox 1037 4145 1092 4192; x_wconf 87' lang='lat' dir='ltr'><strong><em>et</em></strong></span> <span class='ocrx_word' id='word_1_420' title='bbox 1121 4136 1460 4207; x_wconf 87' lang='lat' dir='ltr'><strong><em>Sepphaven,</em></strong></span> <span class='ocrx_word' id='word_1_421' title='bbox 1493 4149 1547 4192; x_wconf 90' lang='lat' dir='ltr'><strong><em>et</em></strong></span> <span class='ocrx_word' id='word_1_422' title='bbox 1575 4137 1962 4200; x_wconf 80' lang='lat' dir='ltr'><strong><em>habitaverunt</em></strong></span> <span class='ocrx_word' id='word_1_423' title='bbox 1994 4131 2037 4186; x_wconf 86' lang='grc' dir='ltr'><strong>Β</strong></span> <span class='ocrx_word' id='word_1_424' title='bbox 2061 4158 2182 4200; x_wconf 83' lang='lat' dir='ltr'><strong><em>sum</em></strong></span> <span class='ocrx_word' id='word_1_425' title='bbox 2231 4137 2471 4194; x_wconf 88' lang='lat' dir='ltr'><strong><em>converti</em></strong></span> <span class='ocrx_word' id='word_1_426' title='bbox 2515 4136 2580 4186; x_wconf 68' lang='lat'><strong><em>&#39;9.</em></strong></span> 
     </span>
    </p>
   </div>
   <div class='ocr_carea' id='block_1_41' title="bbox 400 4226 1957 4297">
    <p class='ocr_par' dir='ltr' id='par_1_41' title="bbox 400 4226 1957 4297">
     <span class='ocr_line' id='line_1_41' title="bbox 400 4226 1957 4297; baseline 0.002 -17"><span class='ocrx_word' id='word_1_427' title='bbox 400 4227 455 4281; x_wconf 90' lang='lat' dir='ltr'><strong><em>in</em></strong></span> <span class='ocrx_word' id='word_1_428' title='bbox 485 4227 796 4282; x_wconf 83' lang='lat' dir='ltr'><strong><em>civitatibus</em></strong></span> <span class='ocrx_word' id='word_1_429' title='bbox 828 4226 1086 4282; x_wconf 87' lang='lat' dir='ltr'><strong><em>Samaria</em></strong></span> <span class='ocrx_word' id='word_1_430' title='bbox 1116 4244 1213 4297; x_wconf 92' lang='lat' dir='ltr'><strong><em>pro</em></strong></span> <span class='ocrx_word' id='word_1_431' title='bbox 1237 4228 1362 4283; x_wconf 82' lang='lat' dir='ltr'><strong><em>ﬁliis</em></strong></span> <span class='ocrx_word' id='word_1_432' title='bbox 1401 4226 1588 4284; x_wconf 86' lang='lat' dir='ltr'><strong><em>Israel.</em></strong></span> <span class='ocrx_word' id='word_1_433' title='bbox 1638 4227 1705 4282; x_wconf 89' lang='lat' dir='ltr'><strong><em>Et</em></strong></span> <span class='ocrx_word' id='word_1_434' title='bbox 1754 4228 1957 4284; x_wconf 83' lang='lat' dir='ltr'><strong><em>factum</em></strong></span> 
     </span>
    </p>
   </div>
   <div class='ocr_carea' id='block_1_42' title="bbox 399 4319 1964 4385">
    <p class='ocr_par' dir='ltr' id='par_1_42' title="bbox 399 4319 1964 4385">
     <span class='ocr_line' id='line_1_42' title="bbox 399 4319 1964 4385; baseline 0 -11"><span class='ocrx_word' id='word_1_435' title='bbox 399 4326 483 4374; x_wconf 83' lang='lat' dir='ltr'><strong><em>est</em></strong></span> <span class='ocrx_word' id='word_1_436' title='bbox 521 4320 576 4374; x_wconf 90' lang='lat' dir='ltr'><strong><em>in</em></strong></span> <span class='ocrx_word' id='word_1_437' title='bbox 604 4319 759 4373; x_wconf 88' lang='lat' dir='ltr'><strong><em>initio</em></strong></span> <span class='ocrx_word' id='word_1_438' title='bbox 793 4321 1053 4375; x_wconf 89' lang='lat' dir='ltr'><strong><em>sessionis</em></strong></span> <span class='ocrx_word' id='word_1_439' title='bbox 1080 4335 1290 4385; x_wconf 89' lang='lat' dir='ltr'><strong><em>eorum,</em></strong></span> <span class='ocrx_word' id='word_1_440' title='bbox 1321 4335 1430 4373; x_wconf 89' lang='lat' dir='ltr'><strong><em>non</em></strong></span> <span class='ocrx_word' id='word_1_441' title='bbox 1456 4320 1755 4375; x_wconf 85' lang='lat' dir='ltr'><strong><em>timuerunt</em></strong></span> <span class='ocrx_word' id='word_1_442' title='bbox 1789 4319 1964 4385; x_wconf 85' lang='lat' dir='ltr'><strong><em>Domi-</em></strong></span> 
     </span>
    </p>
   </div>
   <div class='ocr_carea' id='block_1_43' title="bbox 400 4411 1964 4474">
    <p class='ocr_par' dir='ltr' id='par_1_43' title="bbox 400 4411 1964 4474">
     <span class='ocr_line' id='line_1_43' title="bbox 400 4411 1964 4474; baseline 0.002 -9"><span class='ocrx_word' id='word_1_443' title='bbox 400 4426 552 4474; x_wconf 89' lang='lat' dir='ltr'><strong><em>num,</em></strong></span> <span class='ocrx_word' id='word_1_444' title='bbox 577 4419 630 4466; x_wconf 93' lang='lat' dir='ltr'><strong><em>et</em></strong></span> <span class='ocrx_word' id='word_1_445' title='bbox 662 4411 888 4466; x_wconf 89' lang='lat' dir='ltr'><strong><em>immisit</em></strong></span> <span class='ocrx_word' id='word_1_446' title='bbox 919 4411 1180 4468; x_wconf 90' lang='lat' dir='ltr'><strong><em>Dominus</em></strong></span> <span class='ocrx_word' id='word_1_447' title='bbox 1211 4412 1394 4466; x_wconf 82' lang='lat' dir='ltr'><strong><em>leones</em></strong></span> <span class='ocrx_word' id='word_1_448' title='bbox 1416 4414 1471 4466; x_wconf 90' lang='lat' dir='ltr'><strong><em>in</em></strong></span> <span class='ocrx_word' id='word_1_449' title='bbox 1493 4427 1588 4467; x_wconf 90' lang='lat' dir='ltr'><strong><em>eos</em></strong></span> <span class='ocrx_word' id='word_1_450' title='bbox 1618 4420 1672 4467; x_wconf 80' lang='lat' dir='ltr'><strong><em>et</em></strong></span> <span class='ocrx_word' id='word_1_451' title='bbox 1694 4420 1851 4467; x_wconf 87' lang='lat' dir='ltr'><strong><em>erant</em></strong></span> <span class='ocrx_word' id='word_1_452' title='bbox 1879 4414 1964 4468; x_wconf 79' lang='lat' dir='ltr'><strong><em>in-</em></strong></span> 
     </span>
    </p>
   </div>
   <div class='ocr_carea' id='block_1_44' title="bbox 398 4501 1966 4578">
    <p class='ocr_par' dir='ltr' id='par_1_44' title="bbox 398 4501 1966 4578">
     <span class='ocr_line' id='line_1_44' title="bbox 398 4501 1966 4578; baseline 0.001 -20"><span class='ocrx_word' id='word_1_453' title='bbox 398 4501 729 4558; x_wconf 83' lang='lat' dir='ltr'><strong><em>terﬁcientes</em></strong></span> <span class='ocrx_word' id='word_1_454' title='bbox 755 4516 822 4555; x_wconf 76' lang='lat' dir='ltr'><strong><em>ex</em></strong></span> <span class='ocrx_word' id='word_1_455' title='bbox 851 4501 952 4568; x_wconf 86' lang='lat' dir='ltr'><strong><em>eis,</em></strong></span> <span class='ocrx_word' id='word_1_456' title='bbox 987 4510 1039 4557; x_wconf 90' lang='lat' dir='ltr'><strong><em>et</em></strong></span> <span class='ocrx_word' id='word_1_457' title='bbox 1077 4503 1322 4558; x_wconf 88' lang='lat' dir='ltr'><strong><em>dicentes</em></strong></span> <span class='ocrx_word' id='word_1_458' title='bbox 1347 4504 1606 4559; x_wconf 79' lang='lat' dir='ltr'><strong><em>dixerunt</em></strong></span> <span class='ocrx_word' id='word_1_459' title='bbox 1649 4506 1761 4577; x_wconf 89' lang='lat' dir='ltr'><strong><em>regi</em></strong></span> <span class='ocrx_word' id='word_1_460' title='bbox 1803 4506 1966 4578; x_wconf 86' lang='lat' dir='ltr'><strong><em>Assy-</em></strong></span> 
     </span>
    </p>
   </div>
   <div class='ocr_carea' id='block_1_45' title="bbox 398 4591 1969 4664">
    <p class='ocr_par' dir='ltr' id='par_1_45' title="bbox 398 4591 1969 4664">
     <span class='ocr_line' id='line_1_45' title="bbox 398 4591 1969 4664; baseline 0.001 -15"><span class='ocrx_word' id='word_1_461' title='bbox 398 4595 606 4649; x_wconf 88' lang='lat' dir='ltr'><strong><em>riorum</em></strong></span> <span class='ocrx_word' id='word_1_462' title='bbox 636 4609 649 4644; x_wconf 84' lang='lat'><strong>:</strong></span> <span class='ocrx_word' id='word_1_463' title='bbox 683 4591 869 4646; x_wconf 87' lang='lat' dir='ltr'><strong><em>Gentes</em></strong></span> <span class='ocrx_word' id='word_1_464' title='bbox 903 4609 1033 4662; x_wconf 89' lang='lat' dir='ltr'><strong><em>quas</em></strong></span> <span class='ocrx_word' id='word_1_465' title='bbox 1069 4595 1386 4648; x_wconf 87' lang='lat' dir='ltr'><strong><em>transtulisti</em></strong></span> <span class='ocrx_word' id='word_1_466' title='bbox 1417 4603 1466 4648; x_wconf 93' lang='lat' dir='ltr'><strong><em>et</em></strong></span> <span class='ocrx_word' id='word_1_467' title='bbox 1492 4597 1716 4664; x_wconf 86' lang='lat' dir='ltr'><strong><em>posuisti</em></strong></span> <span class='ocrx_word' id='word_1_468' title='bbox 1747 4598 1798 4649; x_wconf 90' lang='lat' dir='ltr'><strong><em>in</em></strong></span> <span class='ocrx_word' id='word_1_469' title='bbox 1827 4597 1969 4650; x_wconf 89' lang='lat' dir='ltr'><strong><em>civi-</em></strong></span> 
     </span>
    </p>
   </div>
   <div class='ocr_carea' id='block_1_46' title="bbox 402 4683 1966 4754">
    <p class='ocr_par' dir='ltr' id='par_1_46' title="bbox 402 4683 1966 4754">
     <span class='ocr_line' id='line_1_46' title="bbox 402 4683 1966 4754; baseline 0.001 -17"><span class='ocrx_word' id='word_1_470' title='bbox 402 4685 597 4738; x_wconf 88' lang='lat' dir='ltr'><strong><em>tatibus</em></strong></span> <span class='ocrx_word' id='word_1_471' title='bbox 616 4683 877 4738; x_wconf 67' lang='lat' dir='ltr'><strong><em>Samariaz</em></strong></span> <span class='ocrx_word' id='word_1_472' title='bbox 905 4685 1149 4754; x_wconf 90' lang='lat' dir='ltr'><strong><em>ignorant</em></strong></span> <span class='ocrx_word' id='word_1_473' title='bbox 1159 4684 1422 4753; x_wconf 88' lang='lat' dir='ltr'><strong><em>judicium</em></strong></span> <span class='ocrx_word' id='word_1_474' title='bbox 1451 4685 1550 4740; x_wconf 87' lang='lat' dir='ltr'><strong><em>Dei</em></strong></span> <span class='ocrx_word' id='word_1_475' title='bbox 1585 4695 1759 4748; x_wconf 73' lang='lat' dir='ltr'><strong><em>terra,</em></strong></span> <span class='ocrx_word' id='word_1_476' title='bbox 1793 4697 1841 4739; x_wconf 89' lang='lat' dir='ltr'><strong><em>et</em></strong></span> <span class='ocrx_word' id='word_1_477' title='bbox 1863 4687 1966 4740; x_wconf 85' lang='lat' dir='ltr'><strong><em>int—</em></strong></span> 
     </span>
    </p>
   </div>
   <div class='ocr_carea' id='block_1_47' title="bbox 399 4777 1964 4847">
    <p class='ocr_par' dir='ltr' id='par_1_47' title="bbox 399 4777 1964 4847">
     <span class='ocr_line' id='line_1_47' title="bbox 399 4777 1964 4847; baseline 0.003 -18"><span class='ocrx_word' id='word_1_478' title='bbox 399 4777 546 4830; x_wconf 88' lang='lat' dir='ltr'><strong><em>misit</em></strong></span> <span class='ocrx_word' id='word_1_479' title='bbox 579 4778 632 4830; x_wconf 92' lang='lat' dir='ltr'><strong><em>in</em></strong></span> <span class='ocrx_word' id='word_1_480' title='bbox 663 4793 750 4831; x_wconf 87' lang='lat' dir='ltr'><strong><em>eos</em></strong></span> <span class='ocrx_word' id='word_1_481' title='bbox 791 4777 982 4840; x_wconf 90' lang='lat' dir='ltr'><strong><em>leones,</em></strong></span> <span class='ocrx_word' id='word_1_482' title='bbox 1017 4782 1066 4828; x_wconf 89' lang='lat' dir='ltr'><strong><em>et</em></strong></span> <span class='ocrx_word' id='word_1_483' title='bbox 1096 4791 1209 4829; x_wconf 90' lang='lat' dir='ltr'><strong><em>ecce</em></strong></span> <span class='ocrx_word' id='word_1_484' title='bbox 1257 4787 1377 4830; x_wconf 86' lang='lat' dir='ltr'><strong><em>sunt</em></strong></span> <span class='ocrx_word' id='word_1_485' title='bbox 1415 4779 1792 4847; x_wconf 78' lang='lat' dir='ltr'><strong><em>mortiﬁcantes</em></strong></span> <span class='ocrx_word' id='word_1_486' title='bbox 1835 4795 1922 4833; x_wconf 86' lang='lat' dir='ltr'><strong><em>eos</em></strong></span> <span class='ocrx_word' id='word_1_487' title='bbox 1947 4819 1964 4843; x_wconf 92' lang='lat'><strong><em>,</em></strong></span> 
     </span>
    </p>
   </div>
   <div class='ocr_carea' id='block_1_48' title="bbox 397 4866 1966 4940">
    <p class='ocr_par' dir='ltr' id='par_1_48' title="bbox 397 4866 1966 4940">
     <span class='ocr_line' id='line_1_48' title="bbox 397 4866 1966 4940; baseline 0.001 -17"><span class='ocrx_word' id='word_1_488' title='bbox 397 4880 610 4940; x_wconf 80' lang='lat' dir='ltr'><strong><em>propter</em></strong></span> <span class='ocrx_word' id='word_1_489' title='bbox 628 4867 766 4938; x_wconf 87' lang='lat' dir='ltr'><strong><em>quod</em></strong></span> <span class='ocrx_word' id='word_1_490' title='bbox 795 4869 1033 4922; x_wconf 88' lang='lat' dir='ltr'><strong><em>nesciunt</em></strong></span> <span class='ocrx_word' id='word_1_491' title='bbox 1049 4866 1313 4937; x_wconf 86' lang='lat' dir='ltr'><strong><em>judicium</em></strong></span> <span class='ocrx_word' id='word_1_492' title='bbox 1347 4867 1442 4922; x_wconf 88' lang='lat' dir='ltr'><strong><em>Dei</em></strong></span> <span class='ocrx_word' id='word_1_493' title='bbox 1469 4880 1641 4924; x_wconf 71' lang='lat' dir='ltr'><strong><em>terra.</em></strong></span> <span class='ocrx_word' id='word_1_494' title='bbox 1675 4874 1743 4924; x_wconf 87' lang='lat' dir='ltr'><strong><em>Et</em></strong></span> <span class='ocrx_word' id='word_1_495' title='bbox 1769 4887 1966 4940; x_wconf 72' lang='lat' dir='ltr'><strong><em>praece-</em></strong></span> 
     </span>
    </p>
   </div>
   <div class='ocr_carea' id='block_1_49' title="bbox 397 4963 1967 5037">
    <p class='ocr_par' dir='ltr' id='par_1_49' title="bbox 397 4963 1967 5037">
     <span class='ocr_line' id='line_1_49' title="bbox 397 4963 1967 5037; baseline 0.001 -17"><span class='ocrx_word' id='word_1_496' title='bbox 397 4968 476 5036; x_wconf 81' lang='lat' dir='ltr'><strong><em>pit</em></strong></span> <span class='ocrx_word' id='word_1_497' title='bbox 499 4981 590 5021; x_wconf 71' lang='lat' dir='ltr'><strong><em>rex</em></strong></span> <span class='ocrx_word' id='word_1_498' title='bbox 628 4967 965 5036; x_wconf 80' lang='lat' dir='ltr'><strong><em>Assyriorum</em></strong></span> <span class='ocrx_word' id='word_1_499' title='bbox 995 4964 1172 5019; x_wconf 85' lang='lat' dir='ltr'><strong><em>dicens</em></strong></span> <span class='ocrx_word' id='word_1_500' title='bbox 1197 4978 1216 5016; x_wconf 92' lang='lat'><strong><em>:</em></strong></span> <span class='ocrx_word' id='word_1_501' title='bbox 1247 4963 1525 5018; x_wconf 85' lang='lat' dir='ltr'><strong><em>Ducuntur</em></strong></span> <span class='ocrx_word' id='word_1_502' title='bbox 1573 4967 1612 5020; x_wconf 89' lang='lat' dir='ltr'><strong><em>ii</em></strong></span> <span class='ocrx_word' id='word_1_503' title='bbox 1645 4967 1735 5037; x_wconf 90' lang='lat' dir='ltr'><strong><em>qui</em></strong></span> <span class='ocrx_word' id='word_1_504' title='bbox 1779 4968 1967 5022; x_wconf 78' lang='lat' dir='ltr'><strong><em>exinde</em></strong></span> 
     </span>
    </p>
   </div>
   <div class='ocr_carea' id='block_1_50' title="bbox 398 5045 1965 5127">
    <p class='ocr_par' dir='ltr' id='par_1_50' title="bbox 398 5045 1965 5127">
     <span class='ocr_line' id='line_1_50' title="bbox 398 5045 1965 5127; baseline -0.001 -13"><span class='ocrx_word' id='word_1_505' title='bbox 398 5069 524 5114; x_wconf 88' lang='lat' dir='ltr'><strong><em>sunt</em></strong></span> <span class='ocrx_word' id='word_1_506' title='bbox 549 5067 598 5114; x_wconf 89' lang='lat' dir='ltr'><strong><em>et</em></strong></span> <span class='ocrx_word' id='word_1_507' title='bbox 618 5045 1024 5127; x_wconf 73' lang='lat' dir='ltr'><strong><em>proﬁciscantur</em></strong></span> <span class='ocrx_word' id='word_1_508' title='bbox 1043 5068 1094 5112; x_wconf 90' lang='lat' dir='ltr'><strong><em>et</em></strong></span> <span class='ocrx_word' id='word_1_509' title='bbox 1122 5066 1366 5110; x_wconf 89' lang='lat' dir='ltr'><strong><em>maneant</em></strong></span> <span class='ocrx_word' id='word_1_510' title='bbox 1395 5057 1488 5120; x_wconf 85' lang='lat' dir='ltr'><strong><em>ibi,</em></strong></span> <span class='ocrx_word' id='word_1_511' title='bbox 1519 5058 1815 5111; x_wconf 87' lang='lat' dir='ltr'><strong><em>illuminent</em></strong></span> <span class='ocrx_word' id='word_1_512' title='bbox 1844 5058 1965 5114; x_wconf 92' lang='lat' dir='ltr'><strong><em>illos</em></strong></span> 
     </span>
    </p>
   </div>
   <div class='ocr_carea' id='block_1_51' title="bbox 397 5148 1969 5224">
    <p class='ocr_par' dir='ltr' id='par_1_51' title="bbox 397 5148 1969 5224">
     <span class='ocr_line' id='line_1_51' title="bbox 397 5148 1969 5224; baseline -0.001 -17"><span class='ocrx_word' id='word_1_513' title='bbox 397 5150 602 5224; x_wconf 71' lang='lat' dir='ltr'><strong><em>iudicia</em></strong></span> <span class='ocrx_word' id='word_1_514' title='bbox 637 5151 732 5203; x_wconf 91' lang='lat' dir='ltr'><strong><em>Dei</em></strong></span> <span class='ocrx_word' id='word_1_515' title='bbox 773 5160 946 5218; x_wconf 77' lang='lat' dir='ltr'><strong><em>terra&#39;.</em></strong></span> <span class='ocrx_word' id='word_1_516' title='bbox 981 5148 1049 5203; x_wconf 81' lang='lat' dir='ltr'><strong><em>Et</em></strong></span> <span class='ocrx_word' id='word_1_517' title='bbox 1082 5148 1413 5208; x_wconf 81' lang='lat' dir='ltr'><strong><em>adduxerunt</em></strong></span> <span class='ocrx_word' id='word_1_518' title='bbox 1441 5166 1602 5214; x_wconf 74' lang='lat' dir='ltr'><strong><em>unum.</em></strong></span> <span class='ocrx_word' id='word_1_519' title='bbox 1626 5167 1690 5203; x_wconf 79' lang='lat' dir='ltr'><strong><em>ea:</em></strong></span> <span class='ocrx_word' id='word_1_520' title='bbox 1719 5151 1969 5205; x_wconf 83' lang='lat' dir='ltr'><strong><em>sacerdo-</em></strong></span> 
     </span>
    </p>
   </div>
   <div class='ocr_carea' id='block_1_52' title="bbox 402 5240 1968 5313">
    <p class='ocr_par' dir='ltr' id='par_1_52' title="bbox 402 5240 1968 5313">
     <span class='ocr_line' id='line_1_52' title="bbox 402 5240 1968 5313; baseline -0.001 -16"><span class='ocrx_word' id='word_1_521' title='bbox 402 5243 562 5307; x_wconf 87' lang='lat' dir='ltr'><strong><em>tibus,</em></strong></span> <span class='ocrx_word' id='word_1_522' title='bbox 591 5258 744 5313; x_wconf 91' lang='lat' dir='ltr'><strong><em>quem</em></strong></span> <span class='ocrx_word' id='word_1_523' title='bbox 793 5243 1261 5312; x_wconf 90' lang='lat' dir='ltr'><strong><em>transmigraverat</em></strong></span> <span class='ocrx_word' id='word_1_524' title='bbox 1295 5240 1358 5295; x_wconf 91' lang='lat' dir='ltr'><strong><em>de</em></strong></span> <span class='ocrx_word' id='word_1_525' title='bbox 1393 5240 1642 5296; x_wconf 91' lang='lat' dir='ltr'><strong><em>Samaria</em></strong></span> <span class='ocrx_word' id='word_1_526' title='bbox 1668 5251 1717 5295; x_wconf 91' lang='lat' dir='ltr'><strong><em>et</em></strong></span> <span class='ocrx_word' id='word_1_527' title='bbox 1747 5241 1881 5295; x_wconf 91' lang='lat' dir='ltr'><strong><em>sedit</em></strong></span> <span class='ocrx_word' id='word_1_528' title='bbox 1910 5241 1968 5295; x_wconf 86' lang='lat' dir='ltr'><strong><em>in</em></strong></span> 
     </span>
    </p>
   </div>
   <div class='ocr_carea' id='block_1_53' title="bbox 398 5331 1968 5401">
    <p class='ocr_par' dir='ltr' id='par_1_53' title="bbox 398 5331 1968 5401">
     <span class='ocr_line' id='line_1_53' title="bbox 398 5331 1968 5401; baseline -0.003 -12"><span class='ocrx_word' id='word_1_529' title='bbox 398 5333 604 5401; x_wconf 86' lang='lat' dir='ltr'><strong><em>Bethel,</em></strong></span> <span class='ocrx_word' id='word_1_530' title='bbox 633 5341 683 5386; x_wconf 89' lang='lat' dir='ltr'><strong><em>et</em></strong></span> <span class='ocrx_word' id='word_1_531' title='bbox 722 5341 836 5386; x_wconf 91' lang='lat' dir='ltr'><strong><em>erat</em></strong></span> <span class='ocrx_word' id='word_1_532' title='bbox 876 5331 1184 5386; x_wconf 87' lang='lat' dir='ltr'><strong><em>illuminans</em></strong></span> <span class='ocrx_word' id='word_1_533' title='bbox 1226 5348 1311 5386; x_wconf 90' lang='lat' dir='ltr'><strong><em>eos</em></strong></span> <span class='ocrx_word' id='word_1_534' title='bbox 1340 5331 1584 5386; x_wconf 89' lang='lat' dir='ltr'><strong><em>sacerdos</em></strong></span> <span class='ocrx_word' id='word_1_535' title='bbox 1609 5331 1868 5400; x_wconf 89' lang='lat' dir='ltr'><strong><em>quomodo</em></strong></span> <span class='ocrx_word' id='word_1_536' title='bbox 1901 5333 1968 5385; x_wconf 90' lang='lat' dir='ltr'><strong><em>ti-</em></strong></span> 
     </span>
    </p>
   </div>
   <div class='ocr_carea' id='block_1_54' title="bbox 399 5422 1964 5493">
    <p class='ocr_par' dir='ltr' id='par_1_54' title="bbox 399 5422 1964 5493">
     <span class='ocr_line' id='line_1_54' title="bbox 399 5422 1964 5493; baseline -0.003 -14"><span class='ocrx_word' id='word_1_537' title='bbox 399 5435 598 5481; x_wconf 84' lang='lat' dir='ltr'><strong><em>merent</em></strong></span> <span class='ocrx_word' id='word_1_538' title='bbox 651 5423 955 5486; x_wconf 86' lang='lat' dir='ltr'><strong><em>Dominum.</em></strong></span> <span class='ocrx_word' id='word_1_539' title='bbox 999 5422 1068 5477; x_wconf 88' lang='lat' dir='ltr'><strong><em>Et</em></strong></span> <span class='ocrx_word' id='word_1_540' title='bbox 1116 5423 1287 5478; x_wconf 90' lang='lat' dir='ltr'><strong><em>edocti</em></strong></span> <span class='ocrx_word' id='word_1_541' title='bbox 1331 5423 1386 5478; x_wconf 91' lang='lat' dir='ltr'><strong><em>hi</em></strong></span> <span class='ocrx_word' id='word_1_542' title='bbox 1453 5423 1542 5493; x_wconf 89' lang='lat' dir='ltr'><strong><em>qui</em></strong></span> <span class='ocrx_word' id='word_1_543' title='bbox 1599 5423 1964 5493; x_wconf 89' lang='lat' dir='ltr'><strong><em>transmigrati</em></strong></span> 
     </span>
    </p>
   </div>
   <div class='ocr_carea' id='block_1_55' title="bbox 473 5575 1817 5648">
    <p class='ocr_par' dir='ltr' id='par_1_55' title="bbox 473 5575 1817 5648">
     <span class='ocr_line' id='line_1_55' title="bbox 473 5575 1817 5648; baseline 0.007 -27"><span class='ocrx_word' id='word_1_544' title='bbox 473 5579 517 5622; x_wconf 69' lang='lat' dir='ltr'><strong><em>II.</em></strong></span> <span class='ocrx_word' id='word_1_545' title='bbox 558 5576 624 5638; x_wconf 76' lang='lat' dir='ltr'><strong><em>IV</em></strong></span> <span class='ocrx_word' id='word_1_546' title='bbox 660 5577 788 5648; x_wconf 78' lang='lat' dir='ltr'><strong><em>Reg.</em></strong></span> <span class='ocrx_word' id='word_1_547' title='bbox 825 5594 934 5644; x_wconf 76' lang='lat' dir='ltr'><strong><em>xvii</em></strong></span> <span class='ocrx_word' id='word_1_548' title='bbox 957 5619 971 5643; x_wconf 92' lang='lat'><strong><em>,</em></strong></span> <span class='ocrx_word' id='word_1_549' title='bbox 1004 5576 1194 5646; x_wconf 72' lang='lat'><strong><em>26-53.</em></strong></span> <span class='ocrx_word' id='word_1_550' title='bbox 1271 5579 1316 5610; x_wconf 84' lang='lat'><strong>&quot;</strong></span> <span class='ocrx_word' id='word_1_551' title='bbox 1354 5575 1400 5633; x_wconf 80' lang='lat' dir='ltr'><strong><em>ll</em></strong></span> <span class='ocrx_word' id='word_1_552' title='bbox 1443 5577 1587 5632; x_wconf 80' lang='lat' dir='ltr'><strong><em>l&#39;etr.</em></strong></span> <span class='ocrx_word' id='word_1_553' title='bbox 1624 5593 1692 5644; x_wconf 86' lang='lat' dir='ltr'><strong><em>ll,</em></strong></span> <span class='ocrx_word' id='word_1_554' title='bbox 1728 5575 1817 5631; x_wconf 72' lang='lat'><strong><em>2!.</em></strong></span> 
     </span>
    </p>
   </div>
   <div class='ocr_carea' id='block_1_56' title="bbox 1897 5572 2792 5641">
    <p class='ocr_par' dir='ltr' id='par_1_56' title="bbox 1897 5572 2792 5641">
     <span class='ocr_line' id='line_1_56' title="bbox 1897 5572 2792 5641; baseline -0.004 -13"><span class='ocrx_word' id='word_1_555' title='bbox 1897 5578 1941 5608; x_wconf 75' lang='grc' dir='ltr'><strong><em>⁸ο</em></strong></span> <span class='ocrx_word' id='word_1_556' title='bbox 1983 5573 2118 5630; x_wconf 81' lang='lat' dir='ltr'><strong><em>ltid.</em></strong></span> <span class='ocrx_word' id='word_1_557' title='bbox 2155 5573 2268 5641; x_wconf 71' lang='lat'><strong><em>22;</em></strong></span> <span class='ocrx_word' id='word_1_558' title='bbox 2307 5572 2467 5629; x_wconf 85' lang='lat' dir='ltr'><strong><em>Prov.</em></strong></span> <span class='ocrx_word' id='word_1_559' title='bbox 2502 5588 2666 5626; x_wconf 79' lang='lat' dir='ltr'><strong><em>xxvi.</em></strong></span> <span class='ocrx_word' id='word_1_560' title='bbox 2708 5573 2792 5633; x_wconf 84' lang='lat' dir='ltr'><strong><em>ll.</em></strong></span> 
     </span>
    </p>
   </div>
   <div class='ocr_carea' id='block_1_57' title="bbox 2063 2853 3645 2924">
    <p class='ocr_par' dir='ltr' id='par_1_57' title="bbox 2063 2853 3645 2924">
     <span class='ocr_line' id='line_1_57' title="bbox 2063 2853 3645 2924; baseline -0.001 -11"><span class='ocrx_word' id='word_1_561' title='bbox 2063 2859 2294 2920; x_wconf 88' lang='lat' dir='ltr'><strong><em>dierunt,</em></strong></span> <span class='ocrx_word' id='word_1_562' title='bbox 2337 2856 2425 2912; x_wconf 87' lang='lat' dir='ltr'><strong><em>sed</em></strong></span> <span class='ocrx_word' id='word_1_563' title='bbox 2454 2864 2604 2910; x_wconf 91' lang='lat' dir='ltr'><strong><em>erant</em></strong></span> <span class='ocrx_word' id='word_1_564' title='bbox 2635 2863 2683 2908; x_wconf 92' lang='lat' dir='ltr'><strong><em>et</em></strong></span> <span class='ocrx_word' id='word_1_565' title='bbox 2711 2853 2809 2924; x_wconf 87' lang='lat' dir='ltr'><strong><em>legi</em></strong></span> <span class='ocrx_word' id='word_1_566' title='bbox 2845 2854 3118 2908; x_wconf 83' lang='lat' dir='ltr'><strong><em>servientes</em></strong></span> <span class='ocrx_word' id='word_1_567' title='bbox 3147 2871 3210 2908; x_wconf 75' lang='lat' dir='ltr'><strong><em>ex</em></strong></span> <span class='ocrx_word' id='word_1_568' title='bbox 3235 2867 3404 2924; x_wconf 91' lang='lat' dir='ltr'><strong><em>parte,</em></strong></span> <span class='ocrx_word' id='word_1_569' title='bbox 3435 2873 3484 2910; x_wconf 87' lang='lat' dir='ltr'><strong><em>et</em></strong></span> <span class='ocrx_word' id='word_1_570' title='bbox 3511 2876 3645 2912; x_wconf 88' lang='lat' dir='ltr'><strong><em>con-</em></strong></span> 
     </span>
    </p>
   </div>
   <div class='ocr_carea' id='block_1_58' title="bbox 2063 2944 3645 3016">
    <p class='ocr_par' dir='ltr' id='par_1_58' title="bbox 2063 2944 3645 3016">
     <span class='ocr_line' id='line_1_58' title="bbox 2063 2944 3645 3016; baseline -0.002 -11"><span class='ocrx_word' id='word_1_571' title='bbox 2063 2950 2428 3006; x_wconf 89' lang='lat' dir='ltr'><strong><em>suetudinibus</em></strong></span> <span class='ocrx_word' id='word_1_572' title='bbox 2465 2947 2696 3016; x_wconf 89' lang='lat' dir='ltr'><strong><em>paternis</em></strong></span> <span class='ocrx_word' id='word_1_573' title='bbox 2719 2954 2918 3000; x_wconf 88' lang='lat' dir='ltr'><strong><em>utentes</em></strong></span> <span class='ocrx_word' id='word_1_574' title='bbox 2941 2946 3008 2998; x_wconf 86' lang='grc'><strong><em>³⁶.</em></strong></span> <span class='ocrx_word' id='word_1_575' title='bbox 3049 2944 3116 2999; x_wconf 85' lang='grc' dir='ltr'><strong>Ει</strong></span> <span class='ocrx_word' id='word_1_576' title='bbox 3151 2963 3323 3016; x_wconf 88' lang='lat' dir='ltr'><strong><em>usque</em></strong></span> <span class='ocrx_word' id='word_1_577' title='bbox 3353 2963 3500 3002; x_wconf 88' lang='lat' dir='ltr'><strong><em>nunc</em></strong></span> <span class='ocrx_word' id='word_1_578' title='bbox 3533 2950 3645 3003; x_wconf 82' lang='lat' dir='ltr'><strong><em>Sa-</em></strong></span> 
     </span>
    </p>
   </div>
   <div class='ocr_carea' id='block_1_59' title="bbox 2065 3037 3641 3110">
    <p class='ocr_par' dir='ltr' id='par_1_59' title="bbox 2065 3037 3641 3110">
     <span class='ocr_line' id='line_1_59' title="bbox 2065 3037 3641 3110; baseline 0 -13"><span class='ocrx_word' id='word_1_579' title='bbox 2065 3042 2274 3097; x_wconf 86' lang='lat' dir='ltr'><strong><em>marita</em></strong></span> <span class='ocrx_word' id='word_1_580' title='bbox 2311 3041 2431 3096; x_wconf 92' lang='lat' dir='ltr'><strong><em>istis</em></strong></span> <span class='ocrx_word' id='word_1_581' title='bbox 2465 3037 2953 3093; x_wconf 89' lang='lat' dir='ltr'><strong><em>consuetudinibus</em></strong></span> <span class='ocrx_word' id='word_1_582' title='bbox 2988 3045 3236 3104; x_wconf 89' lang='lat' dir='ltr'><strong><em>utuntur,</em></strong></span> <span class='ocrx_word' id='word_1_583' title='bbox 3271 3041 3428 3110; x_wconf 73' lang='lat' dir='ltr'><strong><em>ejecti</em></strong></span> <span class='ocrx_word' id='word_1_584' title='bbox 3468 3058 3500 3096; x_wconf 90' lang='lat' dir='ltr'><strong><em>a</em></strong></span> <span class='ocrx_word' id='word_1_585' title='bbox 3523 3041 3641 3097; x_wconf 89' lang='lat' dir='ltr'><strong><em>Deo</em></strong></span> 
     </span>
    </p>
   </div>
   <div class='ocr_carea' id='block_1_60' title="bbox 2064 3130 3639 3206">
    <p class='ocr_par' dir='ltr' id='par_1_60' title="bbox 2064 3130 3639 3206">
     <span class='ocr_line' id='line_1_60' title="bbox 2064 3130 3639 3206; baseline -0.001 -17"><span class='ocrx_word' id='word_1_586' title='bbox 2064 3143 2288 3206; x_wconf 88' lang='lat' dir='ltr'><strong><em>propter</em></strong></span> <span class='ocrx_word' id='word_1_587' title='bbox 2317 3130 2460 3202; x_wconf 88' lang='lat' dir='ltr'><strong><em>quod</em></strong></span> <span class='ocrx_word' id='word_1_588' title='bbox 2494 3146 2604 3184; x_wconf 90' lang='lat' dir='ltr'><strong><em>non</em></strong></span> <span class='ocrx_word' id='word_1_589' title='bbox 2632 3130 2908 3196; x_wconf 88' lang='lat' dir='ltr'><strong><em>mundam,</em></strong></span> <span class='ocrx_word' id='word_1_590' title='bbox 2939 3130 3034 3186; x_wconf 83' lang='lat' dir='ltr'><strong><em>sed</em></strong></span> <span class='ocrx_word' id='word_1_591' title='bbox 3071 3133 3413 3188; x_wconf 90' lang='lat' dir='ltr'><strong><em>commistam</em></strong></span> <span class='ocrx_word' id='word_1_592' title='bbox 3446 3137 3639 3188; x_wconf 89' lang='lat' dir='ltr'><strong><em>nescio</em></strong></span> 
     </span>
    </p>
   </div>
   <div class='ocr_carea' id='block_1_61' title="bbox 2064 3223 3640 3298">
    <p class='ocr_par' dir='ltr' id='par_1_61' title="bbox 2064 3223 3640 3298">
     <span class='ocr_line' id='line_1_61' title="bbox 2064 3223 3640 3298; baseline 0.001 -18"><span class='ocrx_word' id='word_1_593' title='bbox 2064 3241 2229 3298; x_wconf 88' lang='lat' dir='ltr'><strong><em>quam</em></strong></span> <span class='ocrx_word' id='word_1_594' title='bbox 2259 3223 2576 3280; x_wconf 91' lang='lat' dir='ltr'><strong><em>servitutem</em></strong></span> <span class='ocrx_word' id='word_1_595' title='bbox 2606 3230 3024 3286; x_wconf 88' lang='lat' dir='ltr'><strong><em>consummant,</em></strong></span> <span class='ocrx_word' id='word_1_596' title='bbox 3067 3238 3243 3292; x_wconf 90' lang='lat' dir='ltr'><strong><em>neque</em></strong></span> <span class='ocrx_word' id='word_1_597' title='bbox 3273 3224 3446 3295; x_wconf 89' lang='lat' dir='ltr'><strong><em>legem</em></strong></span> <span class='ocrx_word' id='word_1_598' title='bbox 3501 3226 3640 3282; x_wconf 77' lang='lat' dir='ltr'><strong><em>Mosi</em></strong></span> 
     </span>
    </p>
   </div>
   <div class='ocr_carea' id='block_1_62' title="bbox 2065 3312 3637 3387">
    <p class='ocr_par' dir='ltr' id='par_1_62' title="bbox 2065 3312 3637 3387">
     <span class='ocr_line' id='line_1_62' title="bbox 2065 3312 3637 3387; baseline -0.001 -15"><span class='ocrx_word' id='word_1_599' title='bbox 2065 3332 2244 3387; x_wconf 85' lang='lat' dir='ltr'><strong><em>neque</em></strong></span> <span class='ocrx_word' id='word_1_600' title='bbox 2284 3312 2779 3370; x_wconf 86' lang='lat' dir='ltr'><strong><em>consuetudinibus</em></strong></span> <span class='ocrx_word' id='word_1_601' title='bbox 2809 3313 3000 3382; x_wconf 84' lang='lat' dir='ltr'><strong><em>patriis</em></strong></span> <span class='ocrx_word' id='word_1_602' title='bbox 3026 3312 3264 3382; x_wconf 84' lang='lat' dir='ltr'><strong><em>perfecte</em></strong></span> <span class='ocrx_word' id='word_1_603' title='bbox 3308 3316 3637 3370; x_wconf 61' lang='lat' dir='ltr'><strong><em>servientis.</em></strong></span> 
     </span>
    </p>
   </div>
   <div class='ocr_carea' id='block_1_63' title="bbox 2065 3403 3641 3478">
    <p class='ocr_par' dir='ltr' id='par_1_63' title="bbox 2065 3403 3641 3478">
     <span class='ocr_line' id='line_1_63' title="bbox 2065 3403 3641 3478; baseline 0 -16"><span class='ocrx_word' id='word_1_604' title='bbox 2065 3408 2174 3463; x_wconf 83' lang='lat' dir='ltr'><strong><em>Ista</em></strong></span> <span class='ocrx_word' id='word_1_605' title='bbox 2221 3415 2602 3478; x_wconf 87' lang='lat' dir='ltr'><strong><em>agnoscentes,</em></strong></span> <span class='ocrx_word' id='word_1_606' title='bbox 2653 3403 3016 3466; x_wconf 89' lang='lat' dir='ltr'><strong><em>dilectissimi,</em></strong></span> <span class='ocrx_word' id='word_1_607' title='bbox 3047 3405 3304 3458; x_wconf 89' lang='lat' dir='ltr'><strong><em>mundam</em></strong></span> <span class='ocrx_word' id='word_1_608' title='bbox 3337 3406 3641 3463; x_wconf 70' lang='lat' dir='ltr'><strong><em>oneramus</em></strong></span> 
     </span>
    </p>
   </div>
   <div class='ocr_carea' id='block_1_64' title="bbox 2067 3493 3641 3567">
    <p class='ocr_par' dir='ltr' id='par_1_64' title="bbox 2067 3493 3641 3567">
     <span class='ocr_line' id='line_1_64' title="bbox 2067 3493 3641 3567; baseline -0.003 -13"><span class='ocrx_word' id='word_1_609' title='bbox 2067 3499 2178 3554; x_wconf 90' lang='lat' dir='ltr'><strong><em>Deo</em></strong></span> <span class='ocrx_word' id='word_1_610' title='bbox 2211 3499 2551 3560; x_wconf 88' lang='lat' dir='ltr'><strong><em>servitutem,</em></strong></span> <span class='ocrx_word' id='word_1_611' title='bbox 2573 3510 2681 3549; x_wconf 90' lang='lat' dir='ltr'><strong><em>non</em></strong></span> <span class='ocrx_word' id='word_1_612' title='bbox 2721 3494 3064 3548; x_wconf 89' lang='lat' dir='ltr'><strong><em>commistam</em></strong></span> <span class='ocrx_word' id='word_1_613' title='bbox 3093 3493 3357 3552; x_wconf 87' lang='lat' dir='ltr'><strong><em>habentes</em></strong></span> <span class='ocrx_word' id='word_1_614' title='bbox 3386 3497 3641 3567; x_wconf 84' lang='lat' dir='ltr'><strong><em>impieta-</em></strong></span> 
     </span>
    </p>
   </div>
   <div class='ocr_carea' id='block_1_65' title="bbox 2066 3583 3634 3659">
    <p class='ocr_par' dir='ltr' id='par_1_65' title="bbox 2066 3583 3634 3659">
     <span class='ocr_line' id='line_1_65' title="bbox 2066 3583 3634 3659; baseline -0.001 -15"><span class='ocrx_word' id='word_1_615' title='bbox 2066 3590 2140 3645; x_wconf 87' lang='lat' dir='ltr'><strong><em>tis</em></strong></span> <span class='ocrx_word' id='word_1_616' title='bbox 2187 3588 2445 3659; x_wconf 88' lang='lat' dir='ltr'><strong><em>speciem,</em></strong></span> <span class='ocrx_word' id='word_1_617' title='bbox 2481 3585 2575 3640; x_wconf 90' lang='lat' dir='ltr'><strong><em>sed</em></strong></span> <span class='ocrx_word' id='word_1_618' title='bbox 2613 3583 2893 3654; x_wconf 81' lang='lat' dir='ltr'><strong><em>impolluta</em></strong></span> <span class='ocrx_word' id='word_1_619' title='bbox 2923 3592 2976 3638; x_wconf 91' lang='lat' dir='ltr'><strong><em>et</em></strong></span> <span class='ocrx_word' id='word_1_620' title='bbox 3006 3584 3115 3653; x_wconf 87' lang='lat' dir='ltr'><strong><em>pia,</em></strong></span> <span class='ocrx_word' id='word_1_621' title='bbox 3147 3600 3254 3653; x_wconf 90' lang='lat' dir='ltr'><strong><em>qua</em></strong></span> <span class='ocrx_word' id='word_1_622' title='bbox 3283 3583 3425 3641; x_wconf 89' lang='lat' dir='ltr'><strong><em>Deus</em></strong></span> <span class='ocrx_word' id='word_1_623' title='bbox 3479 3587 3634 3643; x_wconf 77' lang='lat' dir='ltr'><strong><em>dele-</em></strong></span> 
     </span>
    </p>
   </div>
   <div class='ocr_carea' id='block_1_66' title="bbox 2066 3674 3640 3746">
    <p class='ocr_par' dir='ltr' id='par_1_66' title="bbox 2066 3674 3640 3746">
     <span class='ocr_line' id='line_1_66' title="bbox 2066 3674 3640 3746; baseline -0.002 -11"><span class='ocrx_word' id='word_1_624' title='bbox 2066 3689 2283 3744; x_wconf 87' lang='lat' dir='ltr'><strong><em>ctatur;</em></strong></span> <span class='ocrx_word' id='word_1_625' title='bbox 2334 3677 2543 3732; x_wconf 88' lang='lat' dir='ltr'><strong><em>nullum</em></strong></span> <span class='ocrx_word' id='word_1_626' title='bbox 2575 3675 2718 3729; x_wconf 90' lang='lat' dir='ltr'><strong><em>enim</em></strong></span> <span class='ocrx_word' id='word_1_627' title='bbox 2745 3674 2996 3744; x_wconf 89' lang='lat' dir='ltr'><strong><em>suscipit,</em></strong></span> <span class='ocrx_word' id='word_1_628' title='bbox 3033 3676 3204 3746; x_wconf 85' lang='lat' dir='ltr'><strong><em>magis</em></strong></span> <span class='ocrx_word' id='word_1_629' title='bbox 3245 3684 3421 3731; x_wconf 86' lang='lat' dir='ltr'><strong><em>autem</em></strong></span> <span class='ocrx_word' id='word_1_630' title='bbox 3455 3688 3508 3732; x_wconf 90' lang='lat' dir='ltr'><strong><em>et</em></strong></span> <span class='ocrx_word' id='word_1_631' title='bbox 3535 3679 3605 3732; x_wconf 87' lang='lat' dir='ltr'><strong><em>ad</em></strong></span> <span class='ocrx_word' id='word_1_632' title='bbox 3619 3709 3640 3719; x_wconf 78' lang='grc' dir='ltr'><strong><em>ο</em></strong></span> 
     </span>
    </p>
   </div>
   <div class='ocr_carea' id='block_1_67' title="bbox 2063 3765 3642 3844">
    <p class='ocr_par' dir='ltr' id='par_1_67' title="bbox 2063 3765 3642 3844">
     <span class='ocr_line' id='line_1_67' title="bbox 2063 3765 3642 3844; baseline -0.003 -17"><span class='ocrx_word' id='word_1_633' title='bbox 2063 3773 2272 3844; x_wconf 86' lang='lat' dir='ltr'><strong><em>judicat</em></strong></span> <span class='ocrx_word' id='word_1_634' title='bbox 2312 3768 2525 3824; x_wconf 91' lang='lat' dir='ltr'><strong><em>duobus</em></strong></span> <span class='ocrx_word' id='word_1_635' title='bbox 2564 3765 2801 3820; x_wconf 90' lang='lat' dir='ltr'><strong><em>dominis</em></strong></span> <span class='ocrx_word' id='word_1_636' title='bbox 2853 3767 3197 3820; x_wconf 89' lang='lat' dir='ltr'><strong><em>servientem.</em></strong></span> <span class='ocrx_word' id='word_1_637' title='bbox 3246 3766 3574 3833; x_wconf 67' lang='lat' dir='ltr'><strong><em>Avertimini</em></strong></span> <span class='ocrx_word' id='word_1_638' title='bbox 3609 3785 3642 3822; x_wconf 87' lang='lat' dir='ltr'><strong><em>a</em></strong></span> 
     </span>
    </p>
   </div>
   <div class='ocr_carea' id='block_1_68' title="bbox 2069 3857 3639 3936">
    <p class='ocr_par' dir='ltr' id='par_1_68' title="bbox 2069 3857 3639 3936">
     <span class='ocr_line' id='line_1_68' title="bbox 2069 3857 3639 3936; baseline -0.002 -18"><span class='ocrx_word' id='word_1_639' title='bbox 2069 3864 2316 3936; x_wconf 88' lang='lat' dir='ltr'><strong><em>patribus</em></strong></span> <span class='ocrx_word' id='word_1_640' title='bbox 2352 3859 2606 3914; x_wconf 86' lang='lat' dir='ltr'><strong><em>traditam</em></strong></span> <span class='ocrx_word' id='word_1_641' title='bbox 2624 3857 2777 3911; x_wconf 87' lang='lat' dir='ltr'><strong><em>vobis</em></strong></span> <span class='ocrx_word' id='word_1_642' title='bbox 2800 3857 3159 3911; x_wconf 83' lang='lat' dir='ltr'><strong><em>idololatriam</em></strong></span> <span class='ocrx_word' id='word_1_643' title='bbox 3186 3877 3197 3909; x_wconf 89' lang='lat'>:</span> <span class='ocrx_word' id='word_1_644' title='bbox 3235 3859 3506 3915; x_wconf 80' lang='lat' dir='ltr'><strong><em>hareticis</em></strong></span> <span class='ocrx_word' id='word_1_645' title='bbox 3524 3876 3639 3915; x_wconf 90' lang='lat' dir='ltr'><strong><em>non</em></strong></span> 
     </span>
    </p>
   </div>
   <div class='ocr_carea' id='block_1_69' title="bbox 2069 3949 3640 4026">
    <p class='ocr_par' dir='ltr' id='par_1_69' title="bbox 2069 3949 3640 4026">
     <span class='ocr_line' id='line_1_69' title="bbox 2069 3949 3640 4026; baseline -0.003 -15"><span class='ocrx_word' id='word_1_646' title='bbox 2069 3953 2437 4026; x_wconf 88' lang='lat' dir='ltr'><strong><em>coaptemini:</em></strong></span> <span class='ocrx_word' id='word_1_647' title='bbox 2498 3949 2693 4004; x_wconf 86' lang='lat' dir='ltr'><strong><em>melius</em></strong></span> <span class='ocrx_word' id='word_1_648' title='bbox 2728 3949 2872 4002; x_wconf 90' lang='lat' dir='ltr'><strong><em>enim</em></strong></span> <span class='ocrx_word' id='word_1_649' title='bbox 2928 3955 3046 4003; x_wconf 90' lang='lat' dir='ltr'><strong><em>erat</em></strong></span> <span class='ocrx_word' id='word_1_650' title='bbox 3098 3949 3474 4018; x_wconf 90' lang='lat' dir='ltr'><strong><em>hujuscemodi</em></strong></span> <span class='ocrx_word' id='word_1_651' title='bbox 3525 3968 3640 4008; x_wconf 89' lang='lat' dir='ltr'><strong><em>non</em></strong></span> 
     </span>
    </p>
   </div>
   <div class='ocr_carea' id='block_1_70' title="bbox 2070 4044 3644 4121">
    <p class='ocr_par' dir='ltr' id='par_1_70' title="bbox 2070 4044 3644 4121">
     <span class='ocr_line' id='line_1_70' title="bbox 2070 4044 3644 4121; baseline -0.004 -15"><span class='ocrx_word' id='word_1_652' title='bbox 2070 4061 2404 4121; x_wconf 88' lang='lat' dir='ltr'><strong><em>cognoscere</em></strong></span> <span class='ocrx_word' id='word_1_653' title='bbox 2447 4044 2760 4107; x_wconf 89' lang='lat' dir='ltr'><strong><em>veritatem,</em></strong></span> <span class='ocrx_word' id='word_1_654' title='bbox 2801 4055 2965 4110; x_wconf 90' lang='lat' dir='ltr'><strong><em>quam</em></strong></span> <span class='ocrx_word' id='word_1_655' title='bbox 3010 4052 3403 4113; x_wconf 87' lang='lat' dir='ltr'><strong><em>cognoscentes</em></strong></span> <span class='ocrx_word' id='word_1_656' title='bbox 3436 4055 3644 4101; x_wconf 85' lang='lat' dir='ltr'><strong><em>retror-</em></strong></span> 
     </span>
    </p>
   </div>
   <div class='ocr_carea' id='block_1_71' title="bbox 2639 4131 3642 4193">
    <p class='ocr_par' dir='ltr' id='par_1_71' title="bbox 2639 4131 3642 4193">
     <span class='ocr_line' id='line_1_71' title="bbox 2639 4131 3642 4193; baseline 0.007 -7"><span class='ocrx_word' id='word_1_657' title='bbox 2639 4131 2934 4187; x_wconf 86' lang='lat' dir='ltr'><strong><em>Dicendum</em></strong></span> <span class='ocrx_word' id='word_1_658' title='bbox 2981 4141 3067 4187; x_wconf 87' lang='lat' dir='ltr'><strong><em>est</em></strong></span> <span class='ocrx_word' id='word_1_659' title='bbox 3105 4135 3250 4188; x_wconf 89' lang='lat' dir='ltr'><strong><em>enim</em></strong></span> <span class='ocrx_word' id='word_1_660' title='bbox 3278 4137 3423 4191; x_wconf 90' lang='lat' dir='ltr'><strong><em>illis:</em></strong></span> <span class='ocrx_word' id='word_1_661' title='bbox 3474 4137 3642 4193; x_wconf 86' lang='lat' dir='ltr'><strong><em>Canis</em></strong></span> 
     </span>
    </p>
   </div>
   <div class='ocr_carea' id='block_1_72' title="bbox 2074 4225 3642 4288">
    <p class='ocr_par' dir='ltr' id='par_1_72' title="bbox 2074 4225 3642 4288">
     <span class='ocr_line' id='line_1_72' title="bbox 2074 4225 3642 4288; baseline -0.003 0"><span class='ocrx_word' id='word_1_662' title='bbox 2074 4248 2305 4288; x_wconf 86' lang='lat' dir='ltr'><strong><em>reversus</em></strong></span> <span class='ocrx_word' id='word_1_663' title='bbox 2337 4227 2404 4281; x_wconf 89' lang='lat' dir='ltr'><strong><em>ad</em></strong></span> <span class='ocrx_word' id='word_1_664' title='bbox 2432 4225 2679 4280; x_wconf 90' lang='lat' dir='ltr'><strong><em>vomitum</em></strong></span> <span class='ocrx_word' id='word_1_665' title='bbox 2721 4240 2896 4286; x_wconf 91' lang='lat' dir='ltr'><strong><em>suum,</em></strong></span> <span class='ocrx_word' id='word_1_666' title='bbox 2927 4235 2976 4277; x_wconf 91' lang='lat' dir='ltr'><strong><em>et</em></strong></span> <span class='ocrx_word' id='word_1_667' title='bbox 3021 4242 3111 4279; x_wconf 88' lang='lat' dir='ltr'><strong><em>sus</em></strong></span> <span class='ocrx_word' id='word_1_668' title='bbox 3145 4227 3256 4280; x_wconf 91' lang='lat' dir='ltr'><strong><em>lota</em></strong></span> <span class='ocrx_word' id='word_1_669' title='bbox 3283 4228 3336 4280; x_wconf 87' lang='lat' dir='ltr'><strong><em>in</em></strong></span> <span class='ocrx_word' id='word_1_670' title='bbox 3363 4231 3642 4284; x_wconf 80' lang='lat' dir='ltr'><strong><em>volutabra</em></strong></span> 
     </span>
    </p>
   </div>
   <div class='ocr_carea' id='block_1_73' title="bbox 2071 4314 3643 4397">
    <p class='ocr_par' dir='ltr' id='par_1_73' title="bbox 2071 4314 3643 4397">
     <span class='ocr_line' id='line_1_73' title="bbox 2071 4314 3643 4397; baseline -0.001 -19"><span class='ocrx_word' id='word_1_671' title='bbox 2071 4323 2290 4397; x_wconf 88' lang='lat' dir='ltr'><strong><em>gurgitis</em></strong></span> <span class='ocrx_word' id='word_1_672' title='bbox 2309 4322 2374 4374; x_wconf 71' lang='grc' dir='ltr'><strong><em>⁵ο.</em></strong></span> <span class='ocrx_word' id='word_1_673' title='bbox 2398 4317 2507 4373; x_wconf 87' lang='lat' dir='ltr'><strong><em>Nos</em></strong></span> <span class='ocrx_word' id='word_1_674' title='bbox 2545 4323 2725 4370; x_wconf 86' lang='lat' dir='ltr'><strong><em>autem</em></strong></span> <span class='ocrx_word' id='word_1_675' title='bbox 2748 4317 2823 4369; x_wconf 89' lang='lat' dir='ltr'><strong><em>ita</em></strong></span> <span class='ocrx_word' id='word_1_676' title='bbox 2847 4335 2860 4370; x_wconf 87' lang='lat'><strong>:</strong></span> <span class='ocrx_word' id='word_1_677' title='bbox 2885 4314 3030 4372; x_wconf 90' lang='lat' dir='ltr'><strong><em>Unus</em></strong></span> <span class='ocrx_word' id='word_1_678' title='bbox 3053 4319 3188 4371; x_wconf 87' lang='lat' dir='ltr'><strong><em>enim</em></strong></span> <span class='ocrx_word' id='word_1_679' title='bbox 3213 4319 3359 4373; x_wconf 91' lang='lat' dir='ltr'><strong><em>nobis</em></strong></span> <span class='ocrx_word' id='word_1_680' title='bbox 3391 4319 3551 4386; x_wconf 88' lang='lat' dir='ltr'><strong><em>Deus,</em></strong></span> <span class='ocrx_word' id='word_1_681' title='bbox 3575 4339 3643 4376; x_wconf 67' lang='lat' dir='ltr'><strong><em>ea:</em></strong></span> 
     </span>
    </p>
   </div>
   <div class='ocr_carea' id='block_1_74' title="bbox 2071 4409 3642 4487">
    <p class='ocr_par' dir='ltr' id='par_1_74' title="bbox 2071 4409 3642 4487">
     <span class='ocr_line' id='line_1_74' title="bbox 2071 4409 3642 4487; baseline -0.001 -18"><span class='ocrx_word' id='word_1_682' title='bbox 2071 4434 2170 4487; x_wconf 87' lang='lat' dir='ltr'><strong><em>quo</em></strong></span> <span class='ocrx_word' id='word_1_683' title='bbox 2199 4415 2394 4474; x_wconf 82' lang='lat' dir='ltr'><strong><em>omnia,</em></strong></span> <span class='ocrx_word' id='word_1_684' title='bbox 2412 4422 2457 4466; x_wconf 89' lang='lat' dir='ltr'><strong><em>et</em></strong></span> <span class='ocrx_word' id='word_1_685' title='bbox 2476 4427 2610 4463; x_wconf 89' lang='lat' dir='ltr'><strong><em>unus</em></strong></span> <span class='ocrx_word' id='word_1_686' title='bbox 2632 4409 2885 4462; x_wconf 82' lang='lat' dir='ltr'><strong><em>Dominus</em></strong></span> <span class='ocrx_word' id='word_1_687' title='bbox 2907 4409 3063 4464; x_wconf 88' lang='lat' dir='ltr'><strong><em>.lesus</em></strong></span> <span class='ocrx_word' id='word_1_688' title='bbox 3086 4410 3346 4476; x_wconf 87' lang='lat' dir='ltr'><strong><em>Christus,</em></strong></span> <span class='ocrx_word' id='word_1_689' title='bbox 3370 4430 3458 4481; x_wconf 84' lang='lat' dir='ltr'><strong><em>per</em></strong></span> <span class='ocrx_word' id='word_1_690' title='bbox 3487 4433 3642 4485; x_wconf 82' lang='lat' dir='ltr'><strong><em>quem</em></strong></span> 
     </span>
    </p>
   </div>
   <div class='ocr_carea' id='block_1_75' title="bbox 2068 4500 3643 4574">
    <p class='ocr_par' dir='ltr' id='par_1_75' title="bbox 2068 4500 3643 4574">
     <span class='ocr_line' id='line_1_75' title="bbox 2068 4500 3643 4574; baseline 0.001 -14"><span class='ocrx_word' id='word_1_691' title='bbox 2068 4507 2246 4561; x_wconf 88' lang='lat' dir='ltr'><strong><em>omnia</em></strong></span> <span class='ocrx_word' id='word_1_692' title='bbox 2267 4547 2280 4569; x_wconf 90' lang='lat'><strong><em>,</em></strong></span> <span class='ocrx_word' id='word_1_693' title='bbox 2317 4514 2363 4558; x_wconf 89' lang='lat' dir='ltr'><strong><em>et</em></strong></span> <span class='ocrx_word' id='word_1_694' title='bbox 2394 4520 2528 4557; x_wconf 88' lang='lat' dir='ltr'><strong><em>unus</em></strong></span> <span class='ocrx_word' id='word_1_695' title='bbox 2564 4500 2794 4569; x_wconf 88' lang='lat' dir='ltr'><strong><em>Spiritus</em></strong></span> <span class='ocrx_word' id='word_1_696' title='bbox 2826 4511 3039 4554; x_wconf 87' lang='lat' dir='ltr'><strong><em>sanctus</em></strong></span> <span class='ocrx_word' id='word_1_697' title='bbox 3072 4502 3136 4566; x_wconf 79' lang='grc'><strong><em>⁶¹,</em></strong></span> <span class='ocrx_word' id='word_1_698' title='bbox 3166 4503 3484 4574; x_wconf 83' lang='lat' dir='ltr'><strong><em>signiﬁcans</em></strong></span> <span class='ocrx_word' id='word_1_699' title='bbox 3516 4509 3643 4561; x_wconf 81' lang='lat' dir='ltr'><strong><em>uni-</em></strong></span> 
     </span>
    </p>
   </div>
   <div class='ocr_carea' id='block_1_76' title="bbox 2068 4593 3641 4667">
    <p class='ocr_par' dir='ltr' id='par_1_76' title="bbox 2068 4593 3641 4667">
     <span class='ocr_line' id='line_1_76' title="bbox 2068 4593 3641 4667; baseline 0 -16"><span class='ocrx_word' id='word_1_700' title='bbox 2068 4611 2225 4651; x_wconf 87' lang='lat' dir='ltr'><strong><em>versa</em></strong></span> <span class='ocrx_word' id='word_1_701' title='bbox 2262 4594 2504 4648; x_wconf 89' lang='lat' dir='ltr'><strong><em>Trinitas</em></strong></span> <span class='ocrx_word' id='word_1_702' title='bbox 2532 4593 2795 4662; x_wconf 85' lang='lat' dir='ltr'><strong><em>perfecta,</em></strong></span> <span class='ocrx_word' id='word_1_703' title='bbox 2841 4594 3356 4657; x_wconf 86' lang='lat' dir='ltr'><strong><em>consubstantialis,</em></strong></span> <span class='ocrx_word' id='word_1_704' title='bbox 3409 4599 3641 4667; x_wconf 89' lang='lat' dir='ltr'><strong><em>aqualis</em></strong></span> 
     </span>
    </p>
   </div>
   <div class='ocr_carea' id='block_1_77' title="bbox 2067 4684 3644 4755">
    <p class='ocr_par' dir='ltr' id='par_1_77' title="bbox 2067 4684 3644 4755">
     <span class='ocr_line' id='line_1_77' title="bbox 2067 4684 3644 4755; baseline 0.001 -15"><span class='ocrx_word' id='word_1_705' title='bbox 2067 4685 2306 4752; x_wconf 87' lang='lat' dir='ltr'><strong><em>virtutis,</em></strong></span> <span class='ocrx_word' id='word_1_706' title='bbox 2342 4684 2580 4755; x_wconf 79' lang='grc' dir='ltr'><strong><em>ἱσοκλῆς,</em></strong></span> <span class='ocrx_word' id='word_1_707' title='bbox 2614 4685 2667 4738; x_wconf 87' lang='lat' dir='ltr'><strong><em>id</em></strong></span> <span class='ocrx_word' id='word_1_708' title='bbox 2711 4692 2796 4739; x_wconf 88' lang='lat' dir='ltr'><strong><em>est</em></strong></span> <span class='ocrx_word' id='word_1_709' title='bbox 2835 4685 3060 4754; x_wconf 84' lang='lat' dir='ltr'><strong><em>aqualis</em></strong></span> <span class='ocrx_word' id='word_1_710' title='bbox 3097 4686 3302 4754; x_wconf 87' lang='lat' dir='ltr'><strong><em>gloria.</em></strong></span> <span class='ocrx_word' id='word_1_711' title='bbox 3336 4684 3502 4740; x_wconf 80' lang='lat' dir='ltr'><strong><em>Pater</em></strong></span> <span class='ocrx_word' id='word_1_712' title='bbox 3522 4704 3644 4742; x_wconf 77' lang='lat' dir='ltr'><strong><em>oni-</em></strong></span> 
     </span>
    </p>
   </div>
   <div class='ocr_carea' id='block_1_78' title="bbox 2067 4773 3642 4844">
    <p class='ocr_par' dir='ltr' id='par_1_78' title="bbox 2067 4773 3642 4844">
     <span class='ocr_line' id='line_1_78' title="bbox 2067 4773 3642 4844; baseline 0.001 -14"><span class='ocrx_word' id='word_1_713' title='bbox 2067 4776 2216 4830; x_wconf 91' lang='lat' dir='ltr'><strong><em>nium</em></strong></span> <span class='ocrx_word' id='word_1_714' title='bbox 2268 4776 2533 4830; x_wconf 89' lang='lat' dir='ltr'><strong><em>bonorum</em></strong></span> <span class='ocrx_word' id='word_1_715' title='bbox 2582 4775 2736 4840; x_wconf 71' lang='lat' dir='ltr'><strong><em>finis,</em></strong></span> <span class='ocrx_word' id='word_1_716' title='bbox 2789 4791 2856 4830; x_wconf 83' lang='lat' dir='ltr'><strong><em>ex</em></strong></span> <span class='ocrx_word' id='word_1_717' title='bbox 2889 4791 2997 4844; x_wconf 92' lang='lat' dir='ltr'><strong><em>quo</em></strong></span> <span class='ocrx_word' id='word_1_718' title='bbox 3040 4773 3211 4830; x_wconf 87' lang='lat' dir='ltr'><strong><em>Filius</em></strong></span> <span class='ocrx_word' id='word_1_719' title='bbox 3239 4785 3403 4830; x_wconf 87' lang='lat' dir='ltr'><strong><em>natus</em></strong></span> <span class='ocrx_word' id='word_1_720' title='bbox 3435 4786 3542 4842; x_wconf 89' lang='lat' dir='ltr'><strong><em>est,</em></strong></span> <span class='ocrx_word' id='word_1_721' title='bbox 3573 4793 3642 4832; x_wconf 74' lang='lat' dir='ltr'><strong><em>ex</em></strong></span> 
     </span>
    </p>
   </div>
   <div class='ocr_carea' id='block_1_79' title="bbox 2069 4867 3644 4940">
    <p class='ocr_par' dir='ltr' id='par_1_79' title="bbox 2069 4867 3644 4940">
     <span class='ocr_line' id='line_1_79' title="bbox 2069 4867 3644 4940; baseline 0.002 -19"><span class='ocrx_word' id='word_1_722' title='bbox 2069 4883 2176 4937; x_wconf 93' lang='lat' dir='ltr'><strong><em>quo</em></strong></span> <span class='ocrx_word' id='word_1_723' title='bbox 2204 4877 2258 4922; x_wconf 89' lang='lat' dir='ltr'><strong><em>et</em></strong></span> <span class='ocrx_word' id='word_1_724' title='bbox 2289 4867 2522 4937; x_wconf 88' lang='lat' dir='ltr'><strong><em>Spiritus</em></strong></span> <span class='ocrx_word' id='word_1_725' title='bbox 2564 4875 2787 4922; x_wconf 89' lang='lat' dir='ltr'><strong><em>sanctus</em></strong></span> <span class='ocrx_word' id='word_1_726' title='bbox 2833 4867 3108 4936; x_wconf 88' lang='lat' dir='ltr'><strong><em>procedit,</em></strong></span> <span class='ocrx_word' id='word_1_727' title='bbox 3163 4868 3465 4923; x_wconf 88' lang='lat' dir='ltr'><strong><em>secundum</em></strong></span> <span class='ocrx_word' id='word_1_728' title='bbox 3495 4871 3644 4940; x_wconf 89' lang='lat' dir='ltr'><strong><em>quod</em></strong></span> 
     </span>
    </p>
   </div>
   <div class='ocr_carea' id='block_1_80' title="bbox 2068 4957 3646 5034">
    <p class='ocr_par' dir='ltr' id='par_1_80' title="bbox 2068 4957 3646 5034">
     <span class='ocr_line' id='line_1_80' title="bbox 2068 4957 3646 5034; baseline 0 -20"><span class='ocrx_word' id='word_1_729' title='bbox 2068 4959 2331 5034; x_wconf 87' lang='lat' dir='ltr'><strong><em>scriptum</em></strong></span> <span class='ocrx_word' id='word_1_730' title='bbox 2356 4968 2440 5014; x_wconf 89' lang='lat' dir='ltr'><strong><em>est</em></strong></span> <span class='ocrx_word' id='word_1_731' title='bbox 2469 4979 2481 5012; x_wconf 91' lang='lat'>:</span> <span class='ocrx_word' id='word_1_732' title='bbox 2520 4957 2640 5013; x_wconf 89' lang='lat' dir='ltr'><strong><em>Una</em></strong></span> <span class='ocrx_word' id='word_1_733' title='bbox 2671 4958 2847 5012; x_wconf 86' lang='lat' dir='ltr'><strong><em>deitas</em></strong></span> <span class='ocrx_word' id='word_1_734' title='bbox 2879 4957 2934 5011; x_wconf 90' lang='lat' dir='ltr'><strong><em>in</em></strong></span> <span class='ocrx_word' id='word_1_735' title='bbox 2965 4958 3143 5012; x_wconf 86' lang='lat' dir='ltr'><strong><em>tribus</em></strong></span> <span class='ocrx_word' id='word_1_736' title='bbox 3173 4959 3394 5013; x_wconf 85' lang='lat' dir='ltr'><strong><em>stantiis</em></strong></span> <span class='ocrx_word' id='word_1_737' title='bbox 3438 4974 3646 5030; x_wconf 83' lang='lat' dir='ltr'><strong><em>cogno-</em></strong></span> 
     </span>
    </p>
   </div>
   <div class='ocr_carea' id='block_1_81' title="bbox 2069 5048 3647 5118">
    <p class='ocr_par' dir='ltr' id='par_1_81' title="bbox 2069 5048 3647 5118">
     <span class='ocr_line' id='line_1_81' title="bbox 2069 5048 3647 5118; baseline -0.001 -13"><span class='ocrx_word' id='word_1_738' title='bbox 2069 5051 2290 5106; x_wconf 89' lang='lat' dir='ltr'><strong><em>scenda.</em></strong></span> <span class='ocrx_word' id='word_1_739' title='bbox 2324 5048 2430 5104; x_wconf 90' lang='lat' dir='ltr'><strong><em>Sed</em></strong></span> <span class='ocrx_word' id='word_1_740' title='bbox 2465 5051 2518 5103; x_wconf 90' lang='lat' dir='ltr'><strong><em>in</em></strong></span> <span class='ocrx_word' id='word_1_741' title='bbox 2546 5049 2860 5108; x_wconf 84' lang='lat' dir='ltr'><strong><em>novissimis</em></strong></span> <span class='ocrx_word' id='word_1_742' title='bbox 2887 5049 3074 5103; x_wconf 84' lang='lat' dir='ltr'><strong><em>saculi</em></strong></span> <span class='ocrx_word' id='word_1_743' title='bbox 3104 5049 3444 5118; x_wconf 89' lang='lat' dir='ltr'><strong><em>temporibus</em></strong></span> <span class='ocrx_word' id='word_1_744' title='bbox 3481 5051 3647 5104; x_wconf 87' lang='lat' dir='ltr'><strong><em>mise-</em></strong></span> 
     </span>
    </p>
   </div>
   <div class='ocr_carea' id='block_1_82' title="bbox 2067 5141 3645 5214">
    <p class='ocr_par' dir='ltr' id='par_1_82' title="bbox 2067 5141 3645 5214">
     <span class='ocr_line' id='line_1_82' title="bbox 2067 5141 3645 5214; baseline -0.003 -16"><span class='ocrx_word' id='word_1_745' title='bbox 2067 5152 2221 5198; x_wconf 88' lang='lat' dir='ltr'><strong><em>ratus</em></strong></span> <span class='ocrx_word' id='word_1_746' title='bbox 2240 5143 2385 5212; x_wconf 86' lang='lat' dir='ltr'><strong><em>quod</em></strong></span> <span class='ocrx_word' id='word_1_747' title='bbox 2415 5143 2625 5212; x_wconf 89' lang='lat' dir='ltr'><strong><em>lapsum</em></strong></span> <span class='ocrx_word' id='word_1_748' title='bbox 2648 5141 2804 5197; x_wconf 86' lang='lat' dir='ltr'><strong><em>estin</em></strong></span> <span class='ocrx_word' id='word_1_749' title='bbox 2825 5143 3100 5214; x_wconf 82' lang='lat' dir='ltr'><strong><em>impietate</em></strong></span> <span class='ocrx_word' id='word_1_750' title='bbox 3125 5156 3296 5212; x_wconf 86' lang='lat' dir='ltr'><strong><em>genus</em></strong></span> <span class='ocrx_word' id='word_1_751' title='bbox 3319 5141 3645 5204; x_wconf 88' lang='lat' dir='ltr'><strong><em>humanum,</em></strong></span> 
     </span>
    </p>
   </div>
   <div class='ocr_carea' id='block_1_83' title="bbox 2068 5218 3646 5304">
    <p class='ocr_par' dir='ltr' id='par_1_83' title="bbox 2068 5218 3646 5304">
     <span class='ocr_line' id='line_1_83' title="bbox 2068 5218 3646 5304; baseline -0.004 -16"><span class='ocrx_word' id='word_1_752' title='bbox 2068 5235 2211 5304; x_wconf 93' lang='lat' dir='ltr'><strong><em>quod</em></strong></span> <span class='ocrx_word' id='word_1_753' title='bbox 2243 5218 2485 5288; x_wconf 84' lang='lat' dir='ltr'><strong><em>creatum</em></strong></span> <span class='ocrx_word' id='word_1_754' title='bbox 2535 5239 2619 5288; x_wconf 90' lang='lat' dir='ltr'><strong><em>est</em></strong></span> <span class='ocrx_word' id='word_1_755' title='bbox 2671 5231 2738 5286; x_wconf 88' lang='lat' dir='ltr'><strong><em>ad</em></strong></span> <span class='ocrx_word' id='word_1_756' title='bbox 2787 5233 3075 5302; x_wconf 87' lang='lat' dir='ltr'><strong><em>imaginem</em></strong></span> <span class='ocrx_word' id='word_1_757' title='bbox 3125 5239 3182 5283; x_wconf 88' lang='lat' dir='ltr'><strong><em>et</em></strong></span> <span class='ocrx_word' id='word_1_758' title='bbox 3230 5231 3646 5285; x_wconf 86' lang='lat' dir='ltr'><strong><em>similitudinem</em></strong></span> 
     </span>
    </p>
   </div>
   <div class='ocr_carea' id='block_1_84' title="bbox 2068 5325 3647 5393">
    <p class='ocr_par' dir='ltr' id='par_1_84' title="bbox 2068 5325 3647 5393">
     <span class='ocr_line' id='line_1_84' title="bbox 2068 5325 3647 5393; baseline -0.004 -12"><span class='ocrx_word' id='word_1_759' title='bbox 2068 5325 2186 5392; x_wconf 89' lang='lat' dir='ltr'><strong><em>Dei,</em></strong></span> <span class='ocrx_word' id='word_1_760' title='bbox 2219 5341 2542 5382; x_wconf 88' lang='lat' dir='ltr'><strong><em>conversum</em></strong></span> <span class='ocrx_word' id='word_1_761' title='bbox 2597 5326 2653 5380; x_wconf 89' lang='lat' dir='ltr'><strong><em>in</em></strong></span> <span class='ocrx_word' id='word_1_762' title='bbox 2697 5325 3065 5380; x_wconf 88' lang='lat' dir='ltr'><strong><em>adorationem</em></strong></span> <span class='ocrx_word' id='word_1_763' title='bbox 3110 5338 3337 5393; x_wconf 89' lang='lat' dir='ltr'><strong><em>operum</em></strong></span> <span class='ocrx_word' id='word_1_764' title='bbox 3383 5338 3647 5377; x_wconf 87' lang='lat' dir='ltr'><strong><em>manuum</em></strong></span> 
     </span>
    </p>
   </div>
   <div class='ocr_carea' id='block_1_85' title="bbox 2071 5415 3649 5488">
    <p class='ocr_par' dir='ltr' id='par_1_85' title="bbox 2071 5415 3649 5488">
     <span class='ocr_line' id='line_1_85' title="bbox 2071 5415 3649 5488; baseline -0.003 -13"><span class='ocrx_word' id='word_1_765' title='bbox 2071 5434 2319 5482; x_wconf 86' lang='lat' dir='ltr'><strong><em>suarum,</em></strong></span> <span class='ocrx_word' id='word_1_766' title='bbox 2348 5417 2600 5488; x_wconf 89' lang='lat' dir='ltr'><strong><em>deposuit</em></strong></span> <span class='ocrx_word' id='word_1_767' title='bbox 2624 5417 2864 5486; x_wconf 91' lang='lat' dir='ltr'><strong><em>seipsum</em></strong></span> <span class='ocrx_word' id='word_1_768' title='bbox 2897 5415 3262 5471; x_wconf 85' lang='lat' dir='ltr'><strong><em>involuntaria</em></strong></span> <span class='ocrx_word' id='word_1_769' title='bbox 3290 5417 3649 5472; x_wconf 67' lang='lat' dir='ltr'><strong><em>evacuation.</em></strong></span> 
     </span>
    </p>
   </div>
   <div class='ocr_carea' id='block_1_86' title="bbox 2873 5569 3412 5636">
    <p class='ocr_par' dir='ltr' id='par_1_86' title="bbox 2873 5569 3412 5636">
     <span class='ocr_line' id='line_1_86' title="bbox 2873 5569 3412 5636; baseline 0 -10"><span class='ocrx_word' id='word_1_770' title='bbox 2873 5569 2916 5602; x_wconf 77' lang='lat'>&quot;</span> <span class='ocrx_word' id='word_1_771' title='bbox 2977 5570 3166 5628; x_wconf 90' lang='lat' dir='ltr'><strong><em>lCor.</em></strong></span> <span class='ocrx_word' id='word_1_772' title='bbox 3203 5586 3339 5636; x_wconf 87' lang='lat' dir='ltr'><strong><em>vm,</em></strong></span> <span class='ocrx_word' id='word_1_773' title='bbox 3380 5571 3412 5626; x_wconf 85' lang='lat'><strong>6</strong></span> 
     </span>
    </p>
   </div>
  </div>
