3864 6208
169 259 303 315 1561

1159 256 1501 314 EPISTULA
1541 257 1634 313 ΑΙ.)
1676 257 2066 313 EPlS-C-OPUM
2106 255 2519 311 PERSARUM.‘

3295 254 3430 309 1562

166 375 472 434 secundum
520 375 912 432 humanitatem
957 376 1296 448 unigenitum
1337 377 1431 432 Dei
1461 376 1742 443 Verbum,
1773 387 1817 441 Α
1850 378 2044 448 inquit,
2063 377 2262 431 salvum
2277 373 3146 446 facietpopulumsuumapeccatis
3163 389 3343 428 eorum
3361 376 3428 430 ⁸³.

168 465 639 520 consubstantiale
669 463 814 520 Patri
847 478 898 520 et
921 467 1239 522 incarnatus
1261 483 1327 522 ex
1356 476 1547 522 sancta
1575 476 1629 523 et
1651 469 1744 524 Dei

163 558 430 630 genitrice
458 556 701 628 Virgine,
730 559 824 611 καὶ
859 557 1160 630 ρυθμεῖται,
1183 559 1235 614 id
1260 569 1366 627 est,
1394 569 1446 617 et
1483 569 1745 632 temperat

163 660 411 707 nostram
440 651 631 716 vitam,
659 649 898 706 edocens
953 653 1229 721 quomodo
1281 662 1531 723 Oporteat
1565 655 1744 709 vivere

162 757 264 811 per
290 741 616 811 evangelicae
646 742 1046 811 praedicationis
1095 743 1468 813 magisterium
1500 763 1514 800 :
1559 753 1612 800 et
1642 762 1738 816 pa-

162 835 301 887 titur
328 833 547 903 propria
579 848 678 889 sua
701 848 886 895 carne,
907 842 962 888 et
1006 835 1321 904 exspolians
1350 834 1623 890 infernum
1651 853 1740 890 re-

161 927 302 980 vixit
329 925 634 989 triduanus,
661 927 906 982 ascendit
935 927 1098 981 etiam
1143 927 1392 996 in.cmlos
1421 935 1474 983 et
1497 929 1649 983 sedet
1675 929 1742 983 ad

169 1016 455 1072 dexteram
483 1017 786 1086 majestatis
831 1018 886 1070 in
940 1019 1192 1074 excelsis.
1221 1017 1401 1090 Ipsum
1451 1030 1739 1075 venturum

162 1115 549 1178 exspectamus
593 1109 648 1163 in
679 1109 849 1178 gloria
877 1108 1060 1164 Patris
1085 1109 1424 1180 judicantem
1485 1112 1639 1167 vivos
1689 1121 1743 1168 et

161 1207 414 1256 mortuos
439 1239 455 1265 ,
514 1200 831 1256 reddentem
884 1202 1179 1272 unicuique
1227 1202 1529 1258 secundum
1576 1218 1740 1273 opera

160 1290 324 1361 ejus;
354 1292 458 1361 piis
491 1293 709 1362 quidem
743 1309 865 1364 quae
900 1309 1000 1350 nec
1038 1294 1233 1351 oculus
1270 1293 1428 1359 vidit,
1463 1310 1562 1350 nec
1591 1296 1741 1350 auris

162 1381 392 1450 audivit,
422 1392 478 1438 et
528 1385 583 1438 in
642 1400 739 1439 cor
782 1385 1022 1442 hominis
1050 1402 1162 1441 non
1213 1386 1462 1441 ascendit
1496 1405 1508 1440 :
1546 1386 1741 1456 impios

161 1481 348 1530 autem
370 1477 591 1532 mittens
623 1477 680 1532 in
704 1478 880 1549 ignem
909 1487 1196 1542 :eternum,
1230 1478 1322 1532 ubi
1365 1478 1741 1534 interminabi-

159 1567 232 1622 lis
255 1569 458 1624 vermis
489 1575 544 1624 et
577 1568 734 1627 ﬂetus
755 1578 808 1625 et
825 1571 1030 1626 stridor
1057 1570 1326 1626 dentium.
1361 1568 1487 1626 Istis
1513 1579 1740 1627 coactus

159 1671 284 1712 sum
313 1657 510 1714 litteris
535 1661 613 1714 uti
637 1661 705 1716 ad
726 1676 844 1727 vos,
873 1661 1102 1718 audiens
1131 1662 1367 1718 haereses
1392 1662 1607 1733 aliquas
1635 1663 1741 1718 ini-

1854 469 1966 526 Soli
1989 470 2134 526 enim
2160 469 2270 524 Deo
2286 467 2548 539 possibile
2573 475 2656 521 est
2674 481 2704 520 a
2737 467 2977 536 peccatis
3011 467 3242 529 salvare,
3264 465 3427 538 651

1848 563 1992 618 sicut
2030 570 2084 616 et
2125 560 2358 616 debitori
2386 559 2512 630 [leg.
2559 556 2842 629 creditori]
2889 558 3261 614 remissionem
3291 575 3426 628 praa~

1851 659 2037 708 stare:
2070 651 2202 718 Quis
2251 651 2421 714 enim,
2473 651 2676 720 inquit,
2709 648 2851 703 Deus
2901 651 3036 703 sicut
3069 661 3144 714 tu,
3183 653 3428 721 auferens

1848 744 2201 814 iniquitatem,
2227 751 2276 796 et
2301 740 2693 812 supergrediens
2719 741 3038 810 injustitiam
3059 743 3101 772 “
3121 744 3142 796 ?
3164 743 3303 796 Audi
3329 745 3429 813 igi-

1849 845 1939 892 tur
1979 847 2035 891 et
2065 836 2309 906 intellige
2341 852 2404 889 ea
2435 850 2556 904 quae
2591 849 2621 888 a
2656 842 2708 889 te
2735 834 2878 888 dicta
2933 842 3082 897 sunt,
3117 844 3171 890 et
3205 837 3426 890 attendo

1844 943 1907 984 ea
1940 945 2062 999 qua:
2101 945 2131 982 a
2161 944 2247 982 me
2273 928 2534 982 dicuntur
2561 945 2573 982 :
2601 925 3008 995 Beneplacitum
3049 935 3134 981 est
3166 926 3278 982 Deo
3305 943 3426 982 ma-

1849 1020 2068 1090 ioribus
2121 1020 2282 1074 donis
2329 1019 2604 1075 hominem
2644 1019 2914 1072 honorare
2959 1018 3178 1088 quando
3223 1029 3276 1073 et
3316 1035 3428 1072 am-

1845 1113 1999 1182 plius
2039 1113 2309 1182 placuerit
2338 1109 2450 1166 Deo
2499 1110 2554 1164 in
2601 1110 2864 1166 virtutum
2907 1111 3422 1165 conversationem:

1845 1205 1982 1259 nihil
2019 1211 2200 1258 autem
2243 1207 2439 1258 horum
2476 1203 2654 1258 visum
2683 1209 2766 1257 est
2807 1202 2862 1254 in
2892 1201 3110 1256 Christo
3133 1199 3284 1264 Jesu,
3322 1217 3424 1256 ne-

1845 1311 1952 1365 que
1991 1296 2295 1366 prudentiae
2342 1296 2539 1364 gratia,
2591 1294 2896 1364 φιλοπονία,
2945 1293 2998 1348 id
3051 1303 3134 1348 est
3180 1291 3422 1348 studium

1844 1387 2218 1452 laboriosum;
2255 1401 2432 1456 neque
2466 1401 2564 1455 per
2592 1385 2926 1447 caStitatem,
2976 1384 3224 1438 ciborum
3254 1383 3425 1438 absti-

1844 1480 2054 1545 nentia,
2099 1480 2600 1550 supergredientem
2646 1477 2939 1532 humanam
2985 1492 3320 1532 mensuram.
3356 1474 3425 1528 Et

1843 1570 2084 1628 Joannes
2131 1571 2351 1642 quidem
2412 1569 2752 1626 admirabilis
2798 1578 2948 1634 erat,
3001 1585 3180 1640 neque
3225 1585 3422 1640 panem

1843 1662 2160 1725 comedens,
2207 1676 2385 1732 neque
2425 1661 2615 1715 vinum
2657 1661 2884 1726 bibens;
2931 1659 3187 1716 Christus
3239 1670 3420 1715 autem

157 1747 456 1817 quissimas
485 1722 937 1822 superseminari,
978 1753 1303 1824 quibusdam
1344 1754 1400 1808 in
1441 1722 1618 1809 vestra
1648 1771 1736 1809 re-
1769 1722 1814 1782 Β
1844 1753 2220 1810 testimonium
2275 1722 2468 1808 habuit
2511 1752 2804 1808 comedens
2851 1762 2906 1809 et
2957 1753 3172 1809 bibens.
3222 1751 3287 1805 Et
3329 1753 3422 1808 ille

153 1839 322 1908 gione
346 1856 455 1896 non
475 1843 734 1898 euntibus
766 1844 822 1898 in
850 1845 1092 1915 vestigiis
1115 1860 1294 1915 neque
1314 1843 1731 1915 Evangeliorum

153 1928 432 1996 doctrina,
462 1949 563 1988 nec
597 1935 654 1988 in
691 1935 1064 2006 apostolorum
1094 1936 1597 2007 praedicationibus,
1631 1952 1734 1991 nec

155 2025 216 2080 in
263 2027 469 2082 sanctis
499 2029 744 2100 synodis,
780 2029 875 2086 sed
921 2030 1085 2101 impia
1113 2031 1358 2102 quaadam
1408 2030 1734 2086 eﬂundenti-

152 2113 262 2169 bus
285 2122 342 2170 et
360 2118 661 2172 cauteriata
677 2118 947 2192 dogmata,
969 2136 1091 2190 quae
1117 2129 1292 2190 coepta
1315 2132 1442 2176 sunt
1457 2122 1526 2176 ab
1545 2123 1731 2192 iniquo

152 2203 328 2261 Paulo
366 2206 744 2276 Samosateno,
777 2227 938 2282 quem
989 2212 1196 2284 expulit
1234 2213 1556 2270 universalis
1601 2231 1731 2286 syn-

151 2296 318 2366 odus,
349 2299 638 2357 audentem
656 2303 836 2360 dicere
861 2304 918 2359 in
937 2305 1156 2360 homine
1173 2305 1409 2375 quodam
1429 2310 1728 2362 secundum

149 2405 258 2445 nos
289 2390 626 2449 inhabitasse
673 2393 843 2451 Deum
874 2394 1136 2464 Verbum,
1173 2398 1316 2452 sicut
1358 2398 1413 2452 in
1454 2413 1562 2453 uno
1603 2414 1730 2469 pro-

148 2470 463 2551 phetarum,
495 2494 550 2540 et
581 2503 689 2542 non
722 2504 846 2544 esse
885 2488 1054 2544 Deum
1101 2491 1442 2547 incarnatum
1477 2501 1727 2547 sanctum

149 2573 473 2633 Emmanuel
508 2580 808 2634 secundum
835 2583 1183 2652 evangelistae
1216 2583 1591 2654 magisterium
1622 2585 1728 2638 cla-

144 2666 392 2722 mantis:
439 2667 661 2724 Verbum
687 2687 812 2725 caro
869 2671 1068 2741 factum
1101 2682 1213 2740 est,
1270 2683 1321 2728 et
1371 2674 1630 2730 habitauit
1671 2677 1727 2730 in

145 2757 302 2810 nobis
332 2758 376 2789 ⁸³
401 2775 417 2812 :
457 2774 565 2814 non
597 2761 860 2831 abjiciens
891 2763 1038 2834 quod
1062 2772 1201 2828 erat,
1241 2766 1514 2836 accipiens
1544 2775 1724 2822 autem

140 2845 295 2914 quod
332 2863 442 2904 non
475 2859 612 2907 erat.
640 2853 830 2919 istum,
855 2863 914 2909 ut
944 2855 1077 2919 dixi,
1108 2857 1436 2913 universalis
1483 2859 1724 2928 synodus

140 2939 422 3010 deposuit,
474 2943 699 3014 impium
761 2946 906 3016 quod
948 2948 1014 3001 ab
1052 2947 1218 3018 impio
1270 2949 1581 3020 expositum
1634 2958 1719 3006 est

1840 1847 2059 1917 quidem
2091 1848 2146 1901 in
2176 1861 2359 1902 eremo
2389 1848 2588 1917 degens
2621 1846 2923 1900 solitariam
2963 1847 3131 1904 vitam
3170 1844 3420 1915 perﬁcie-

1843 1939 1938 1994 bat
1969 1938 2035 1992 ad
2065 1937 2386 2008 placendum
2422 1936 2532 1992 Deo
2566 1956 2578 1991 :
2615 1936 2878 1991 Dominus
2907 1945 3086 1990 autem
3113 1934 3273 1992 Jesus
3299 1941 3418 1990 erat

1838 2046 1962 2086 cum
1999 2031 2288 2101 apostolis,
2317 2029 2662 2095 mulieribus,
2714 2037 2768 2082 et
2810 2027 3059 2098 reliquis,
3093 2043 3204 2082 non
3231 2042 3416 2097 segre-

1839 2131 2000 2194 gatus
2059 2123 2128 2177 ab
2191 2137 2383 2177 eorum
2435 2119 2884 2186 conversatione;
2942 2127 2996 2174 et
3041 2125 3264 2189 propter
3310 2119 3416 2174 hoc

1839 2214 2236 2270 ostendebatur
2273 2212 2578 2268 diﬂ‘erentia
2610 2210 2812 2266 Christi
2843 2211 2910 2265 ad
2941 2210 3207 2266 Joannem
3250 2210 3416 2265 mira-

1834 2307 1932 2363 bili
1961 2305 2235 2361 munditia
2268 2313 2322 2360 et
2345 2305 2560 2376 justitia
2589 2303 3029 2374 incomparabili.
3075 2302 3213 2368 Quia
3245 2301 3415 2356 Joan-

1833 2399 1920 2455 nis
1969 2397 2194 2468 quidem
2230 2396 2477 2468 operatio
2521 2403 2639 2451 erat
2675 2395 2940 2465 iustitiae;
2975 2393 3184 2449 Christi
3227 2405 3411 2449 autem

1831 2497 2060 2544 natum.
2118 2486 2262 2558 Ergo
2314 2487 2708 2542 inconveniens
2764 2493 2849 2542 est
2888 2486 3082 2540 dicere
3133 2485 3410 2539 hominem

1831 2581 2111 2638 Christum
2155 2581 2555 2650 beneplacitum
2592 2579 2853 2634 habuisse
2894 2594 2924 2632 a
2957 2577 3066 2633 Deo
3091 2592 3191 2648 pro
3232 2577 3411 2631 omni-

1833 2675 1937 2730 bus
1975 2671 2293 2727 hominibus
2341 2672 2395 2725 in
2431 2670 2527 2726 Dei
2571 2671 2966 2725 habitationem
3013 2671 3133 2724 sine
3161 2668 3410 2724 solitaria

1833 2773 1888 2820 et
1934 2764 2209 2819 laboriosa
2247 2763 2482 2833 justitia.
2537 2762 2791 2818 Christus
2837 2770 3020 2816 autem
3060 2775 3172 2814 non
3217 2761 3407 2824 verbo,

1835 2859 1954 2929 (sed
1984 2855 2256 2928 veritate,)
2299 2871 2396 2926 per
2437 2871 2556 2911 eam
2588 2871 2709 2926 quae
2741 2855 2796 2909 in
2843 2853 3051 2925 Spiritu
3094 2861 3179 2909 est
3205 2853 3410 2908 unitio-

1826 2965 1952 3005 nem
2005 2948 2368 3011 hereditavit,
2420 2946 2764 3000 incarnatum
2814 2961 2878 3000 ex
2933 2942 3159 3016 Virgine
3209 2942 3404 3010 Maria,

140 3029 344 3101 dogma
376 3047 498 3088 esse
526 3036 802 3100 sanciens,
829 3037 922 3092 sed
962 3046 1018 3092 et
1069 3037 1358 3110 Dionysius
1379 3040 1720 3095 Alexandriae
1748 3077 1790 3134 ϐ
1826 3043 1970 3096 sicut
1998 3049 2052 3094 et
2085 3055 2219 3109 puer
2248 3047 2470 3109 propter
2503 3052 2623 3092 eam
2654 3052 2776 3106 quae
2811 3051 2875 3092 ex
2918 3035 3037 3106 ipso
3087 3042 3172 3090 est
3205 3049 3406 3089 carna-

139 3119 438 3190 episcopus
486 3124 678 3178 scribit
718 3125 783 3179 ad
817 3127 997 3196 ipsum
1035 3130 1319 3186 attrahens
1350 3130 1417 3184 ad
1451 3132 1723 3201 poeniten-

141 3211 300 3276 tiam,
331 3213 692 3271 abstinentem
741 3219 809 3273 ab
857 3219 1020 3289 impia
1071 3221 1288 3287 haeresi,
1313 3231 1366 3277 et
1399 3230 1527 3278 sunt
1568 3224 1720 3294 paria

133 3303 390 3375 epistolae
420 3306 687 3380 Dionysii,
716 3312 943 3365 contuli.

213 3436 494 3480 DIONYSIUS
565 3441 848 3481 EPISCOPUS
900 3443 1290 3498 ΑιεκΑΝωιιιε,
1329 3449 1396 3486 AD
1439 3450 1648 3490 ΡΑυιυκ

721 3513 1128 3554 εηοελτευυιι.

216 3582 582 3641 Dilectissimo
631 3587 786 3642 fratri
848 3589 1017 3645 Paulo
1069 3592 1326 3662 episcopo
1376 3593 1714 3661 Antiochiae,

134 3693 268 3732 cum
300 3679 449 3733 omni
485 3679 652 3750 clero,
688 3680 979 3754 Dionysius
1031 3685 1322 3756 episcopus
1350 3686 1712 3756 Alexandriae,

133 3768 373 3822 multum
401 3772 654 3841 gaudere.

215 3878 238 3914 ι
269 3861 335 3916 Et
369 3864 602 3933 primum
628 3864 903 3920 scribente
933 3873 985 3921 te
1011 3867 1357 3938 scripsimus,
1375 3871 1712 3928 attrahentes

133 3962 194 4010 te
210 3963 274 4010 ut
303 3955 592 4011 manifeste
612 3956 824 4012 diceres
851 3958 997 4028 quod
1025 3958 1104 4014 vis
1131 3977 1145 4014 :
1171 3967 1226 4014 et
1247 3975 1393 4015 nunc
1416 3961 1711 4018 scribimus

132 4048 281 4102 sicut
326 4048 586 4118 possibile
614 4055 700 4104 est
742 4048 1053 4118 judicantes
1093 4049 1161 4104 de
1210 4050 1296 4106 his
1324 4068 1444 4121 quae
1470 4053 1712 4110 secundo

128 4140 347 4205 dixisti,
374 4141 500 4209 quia
524 4141 722 4196 vitiosa
745 4151 873 4195 sunt
905 4143 1071 4198 verba
1097 4159 1218 4213 qua:
1249 4160 1278 4198 a
1307 4152 1360 4198 te
1387 4145 1530 4200 dicta
1556 4155 1705 4212 sunt,

128 4229 338 4285 nullius
375 4230 628 4286 habentia
661 4231 1053 4288 salisl‘actionis
1077 4234 1467 4298 ostensionem,
1501 4245 1555 4291 et
1580 4239 1708 4307 quia

124 4320 463 4376 suﬂicienter
484 4323 696 4391 possint
739 4325 1043 4395 retorqueri
1079 4340 1200 4396 qua:
1233 4326 1329 4381 tibi
1360 4329 1706 4398 praecipitan-

1825 3137 1930 3192 lem
1953 3135 2384 3207 generationem.
2419 3132 2754 3186 Praedicatur
2781 3139 2962 3186 autem
2988 3137 3043 3185 et
3065 3129 3273 3185 Christi
3301 3145 3406 3184 no-

1824 3243 1950 3282 men
1977 3226 2145 3282 verbo
2191 3233 2246 3281 et
2297 3235 2590 3295 antequam
2635 3231 2950 3294 ungeretur,
2981 3223 3123 3277 sicut
3155 3231 3208 3278 et
3244 3239 3400 3294 puer,

1822 3319 1968 3375 Deus
2008 3319 2188 3382 fortis,
2218 3324 2512 3388 antequam
2542 3332 2605 3371 ex
2648 3317 2877 3371 muliere
2913 3323 3272 3370 nasceretur:
3304 3317 3401 3372 sed

1820 3419 1876 3467 et
1905 3411 2230 3466 vestimenta
2276 3409 2397 3479 ejus
2429 3409 2605 3464 divisa
2651 3423 2776 3464 esse
2814 3406 3098 3472 dicuntur,
3139 3418 3194 3463 et
3225 3408 3399 3462 exho-

1720 3527 1722 3529 ν
1819 3513 2076 3559 noratum
2103 3518 2224 3558 esse
2255 3503 2574 3572 priusquam
2603 3501 3061 3568 exhonoraretur,
3105 3517 3214 3557 non
3248 3503 3395 3558 enim

1817 3612 1886 3652 ex
1913 3597 2078 3651 rebus
2109 3595 2246 3665 ipsis
2281 3595 2347 3649 de
2379 3594 2597 3648 Christo
2629 3595 2776 3648 dicta
2817 3605 2948 3650 sunt
2985 3596 3111 3660 ista,
3143 3594 3238 3650 sed
3269 3610 3398 3664 pro-

1821 3688 2059 3759 phetice.
2089 3686 2372 3753 Quomodo
2394 3701 2524 3756 ergo
2551 3701 2694 3740 unus
2723 3685 2975 3742 Christus
2996 3687 3222 3742 alterius
3243 3685 3398 3742 Chri-

1817 3778 1887 3834 sti
1932 3779 2152 3834 nomine
2175 3777 2360 3833 vocari
2399 3777 2585 3842 habet,
2622 3777 2752 3832 dum
2795 3794 2905 3832 non
2939 3779 3206 3834 exsistant
3239 3779 3397 3834 duo?

1818 3867 2026 3923 Civitas
2048 3874 2228 3922 autem
2253 3881 2378 3921 cum
2411 3865 2640 3922 Domino
2663 3882 2771 3921 non
2802 3877 3124 3923 numeratur
3145 3870 3199 3923 in
3223 3886 3393 3931 unum

1815 3973 2131 4020 numerum,
2157 3971 2260 4012 nec
2282 3957 2478 4012 domus
2509 3972 2632 4011 cum
2661 3956 2963 4023 conditore,
2989 3960 3261 4027 quomodo
3290 3975 3393 4013 nec

1812 4047 2003 4102 eadem
2052 4054 2312 4117 operatur
2345 4046 2541 4101 civitas
2589 4056 2644 4102 et
2692 4047 3011 4116 imperator,
3059 4063 3160 4103 nec
3193 4049 3392 4106 domus

1809 4145 1866 4192 et
1888 4137 2161 4200 conditor,
2195 4151 2293 4192 nec
2325 4137 2520 4192 civitas
2568 4137 2862 4207 aliquando
2891 4138 3176 4191 vocabitur
3219 4140 3392 4209 impe-

1810 4237 1982 4295 rator,
2014 4243 2115 4284 nec
2158 4229 2305 4299 leges
2335 4228 2632 4283 constituet
2661 4229 2854 4283 civitas
2893 4229 3037 4282 sicut
3071 4230 3387 4299 imperator,

1810 4335 1916 4374 nec
1945 4319 2144 4374 domus
2186 4318 2440 4374 aediﬁcat.
2475 4317 2542 4372 Et
2578 4319 2719 4373 alius
2758 4317 2916 4372 docet
2947 4326 3142 4384 artem,
3175 4321 3232 4374 in
3276 4337 3389 4376 uno

125 4423 215 4469 ter
234 4415 350 4469 visa
379 4423 506 4469 sunt
529 4415 756 4470 delinire
783 4436 795 4471 :
823 4416 960 4471 duas
984 4418 1310 4488 hypostases
1333 4420 1549 4476 dicente
1563 4421 1701 4478 duas
1734 4421 1778 4475 D
1811 4416 1995 4463 amem
2041 4418 2510 4464 οοηηυιηθτδηῑυτ
2537 4425 2659 4479 qua?
2687 4409 2933 4478 θὶυδάεω
2966 4417 3094 4464 sum
3143 4414 3386 4482 generis.

123 4521 391 4574 personas
426 4507 588 4560 unius
621 4515 673 4560 et
716 4508 886 4561 solius
931 4507 1156 4570 Christi,
1183 4509 1322 4564 duos
1371 4509 1620 4568 Christos
1651 4521 1706 4568 et

120 4595 265 4650 duos
311 4594 496 4651 Filios.
536 4595 712 4650 Unum
743 4608 932 4651 natura
961 4598 1239 4654 Christum
1277 4609 1330 4654 ct
1361 4599 1558 4656 Filium
1606 4603 1700 4658 Dei

119 4688 682 4757 praexsistentem,et
714 4690 943 4744 alterum
975 4691 1275 4745 secundum
1305 4694 1698 4764 aequivocatio-

117 4793 248 4832 nem
280 4776 557 4832 Christum
587 4788 642 4833 et
674 4777 871 4832 Filium
906 4779 1020 4847 Dei,
1048 4780 1140 4850 qui
1170 4789 1360 4851 postea
1393 4790 1448 4838 et
1481 4784 1535 4838 in
1568 4785 1698 4840 ulti-

111 4870 227 4922 mis
249 4869 586 4938 tcmporibus
619 4870 850 4933 exstitit,
874 4879 929 4925 et
961 4872 1264 4926 secundum
1290 4873 1690 4943 beneplacitum

115 4959 215 5014 Dei
258 4962 470 5031 accepit
520 4977 717 5016 nomen
767 4961 933 5028 Filii,
991 4964 1448 5033 quemadmodum
1499 4967 1694 5023 civitas

112 5053 368 5119 Domini,
427 5062 482 5108 et
525 5054 720 5109 domus
770 5057 1092 5112 conditoris.
1135 5055 1334 5112 Vofens
1382 5058 1585 5114 oblitus
1620 5077 1692 5130 ges

109 5144 227 5198 Otia
283 5141 414 5214 [Gr.
474 5137 519 5197 ὦ
567 5145 819 5218 ὲταῖρε],
871 5147 998 5217 quia
1038 5163 1182 5202 unus
1233 5147 1556 5218 praedicatus
1609 5159 1694 5204 est

104 5242 166 5294 α
207 5236 518 5307 unigenitus
567 5237 738 5294 Filius
795 5237 890 5293 Dei
919 5247 974 5294 et
1025 5239 1276 5295 Christus
1326 5238 1486 5297 Jesus
1529 5258 1692 5297 voca-

106 5335 243 5394 tus,
297 5326 558 5384 Dominus
621 5329 843 5400 gloriae,
899 5331 1044 5386 sicut
1096 5331 1301 5386 dictum
1349 5341 1435 5388 est
1483 5332 1558 5402 de
1607 5333 1691 5404 ip-

105 5432 209 5482 80,
258 5424 315 5473 et
356 5419 576 5473 salvans
632 5420 918 5476 credentes
965 5421 1018 5474 in
1070 5422 1249 5491 ipsum
1304 5423 1522 5492 propria
1570 5439 1690 5493 pas-

107 5501 271 5562 sione
327 5501 514 5556 divina
571 5503 750 5558 salute
809 5519 919 5559 non
975 5504 1212 5560 humana
1256 5524 1272 5562 :
1328 5505 1450 5574 Ipse
1504 5508 1683 5572 enim,

184 5684 229 5717 ⁸³
263 5683 417 5742 Joan.
459 5703 511 5753 ι,
555 5687 638 5744 l4.
717 5690 760 5722 ⁶³
799 5689 986 5747 Matth.
1026 5708 1077 5759 ι,
1111 5692 1199 5750 2i.

1280 5693 1320 5724 σθ
1359 5691 1517 5748 Mich.
1559 5693 1750 5765 νην,ιὸ

1809 4501 1954 4556 sicut
1984 4500 2149 4554 homo
2179 4500 2408 4568 homini,
2445 4501 2588 4556 Deus
2614 4500 2746 4564 Deo,
2787 4503 3063 4572 quomodo
3089 4510 3143 4558 et
3171 4505 3265 4575 qui
3294 4521 3387 4561 ea-

1805 4590 1932 4646 dem
1965 4592 2183 4660 operari
2214 4601 2462 4662 possunt.
2500 4593 2773 4664 Expulsus
2801 4593 2968 4664 igitur
2995 4609 3078 4657 es,
3106 4603 3254 4651 certe
3282 4613 3382 4651 ne-

1801 4695 1910 4750 que
1939 4679 2080 4735 duos
2104 4679 2379 4746 Christos,
2412 4689 2467 4735 ct
2489 4682 2626 4738 duos
2657 4681 2825 4738 Filios
2855 4683 2947 4741 Dei
2980 4687 3272 4754 praevalent
3301 4688 3385 4741 di-

1799 4786 1948 4838 cere,
1998 4788 2174 4843 neque
2220 4789 2316 4829 eos
2346 4773 2440 4844 qui
2489 4774 2598 4828 duo
2643 4785 2771 4830 sunt
2807 4776 2950 4833 sicut
2983 4794 3147 4831 unam
3197 4794 3383 4848 perso-

1803 4879 1962 4918 nam.
1981 4864 2074 4920 Dei
2101 4875 2279 4921 autem
2308 4867 2482 4921 forma
2510 4865 2743 4923 Verbum
2775 4869 2971 4940 ipsius,
3005 4879 3058 4925 et
3087 4873 3378 4941 sapientia,

1805 4955 1986 5012 Filius
2035 4955 2151 5020 Dei,
2185 4966 2239 5012 et
2268 4957 2412 5014 Deus
2452 4958 2594 5014 idem
2628 4959 2743 5030 ipse
2771 4961 3114 5016 conﬁtendus
3147 4972 3251 5018 est.
3283 4961 3380 5035 Igi-

1802 5057 1897 5102 tur
1931 5064 2166 5115 persona
2213 5057 2268 5105 et
2299 5067 2405 5105 una
2443 5052 2799 5107 subsistentia
2833 5069 3076 5123 personae
3110 5069 3210 5108 nec
3250 5071 3379 5124 pos-

1799 5149 1928 5196 sunt
1968 5157 2090 5196 esse
2133 5143 2248 5196 haec
2290 5143 2376 5194 ἐπ’
2422 5142 2582 5197 ἀνοῦν
2611 5144 2782 5216 [editi,
2819 5146 2906 5196 ἐπ’
2938 5144 3283 5217 ἁνθρώπων],
3322 5147 3375 5204 id

1799 5243 1904 5297 est,
1935 5235 1990 5288 in
2026 5234 2110 5289 his
2145 5250 2265 5304 quae
2294 5236 2414 5290 sine
2445 5248 2626 5292 mente
2654 5248 2801 5292 sunt.
2829 5235 3066 5292 Verbum
3097 5239 3240 5292 enim
3273 5239 3374 5293 ho-

1799 5326 1967 5382 minis
2007 5337 2060 5382 et
2086 5329 2352 5398 sapientia
2382 5338 2435 5383 et
2472 5330 2668 5394 virtus,
2714 5337 2768 5384 et
2798 5329 2972 5384 forma
3007 5331 3377 5386 insubsisten-

1802 5419 1963 5474 tiales
2009 5428 2194 5490 partes
2227 5421 2392 5475 unius
2435 5420 2674 5475 hominis
2721 5421 3082 5491 aspiciuntur,
3131 5423 3226 5477 sed
3269 5438 3372 5478 nec

1804 5509 1972 5568 homo
2021 5513 2236 5586 singula
2287 5529 2475 5570 eorum
2526 5529 2648 5585 quin
2691 5513 2835 5570 dicta
2871 5521 3019 5580 sunt,
3053 5529 3155 5570 nec
3198 5512 3371 5580 Filius
