3864 6208
468 239 606 296 1565

1577 238 1634 295 S.
1675 239 2138 299 ATHANASIUS.
2183 271 2253 282 —
2289 239 2557 298 SPURIA.

3596 242 3734 301 ιεει

464 365 593 411 sunt
622 357 749 423 ista,
792 356 864 411 ob
898 357 1002 412 hoc
1033 356 1316 420 nimirum,
1357 361 1486 426 quia
1521 357 1696 412 forma
1729 360 1970 416 hominis
1994 369 2048 416 et
2080 367 2118 423 Α
2152 370 2375 433 propter
2405 363 2508 416 hoc
2542 359 2688 432 quod
2720 360 2856 416 dixit
2883 360 2939 414 in
2975 375 3140 414 cruce
3168 376 3183 414 :
3211 359 3346 414 Deus
3378 377 3548 424 meus,
3591 361 3736 417 Deus

459 451 493 504 ὁ
518 448 711 518 Λόγος,
755 451 807 505 id
835 459 942 515 est,
978 465 1216 522 persona
1243 466 1366 506 esse
1392 451 1699 517 αὐτοτελές,
1730 453 1781 507 id
1810 464 1914 516 est,
1951 471 2044 524 per

463 545 817 614 semetipsum
846 545 1108 615 perfecta,
1141 560 1250 599 non
1274 555 1526 616 possunt.
1551 545 1689 612 Quia
1712 562 1842 601 vero
1867 547 2042 601 forma

464 636 560 692 Dei
595 646 650 692 et
675 635 912 692 Verbum
937 638 1080 707 ejus,
1117 637 1262 693 Deus
1278 646 1333 692 et
1360 637 1532 693 Filius
1567 639 1913 694 conﬁtendus
1936 648 2039 693 est.

463 721 756 778 O‘stensum
807 723 971 792 igitur
1029 723 1372 794 impossibile
1431 738 1554 779 esse
1606 733 1660 780 et
1705 725 1850 779 istud
1889 735 2042 778 tuum

465 813 745 884 sophisma
785 814 1018 870 dicentis
1053 816 1328 869 hominem
1363 830 1487 869 esse
1517 815 1747 869 formam
1781 815 2042 880 hominis,

463 907 537 962 ob
590 907 693 961 hoc
745 908 871 977 quia
917 911 988 962 sit
1037 907 1180 964 Deus
1237 908 1411 962 forma
1438 907 1696 978 Deizqui
1747 916 1930 961 autem
1976 922 2045 962 ex

466 1000 696 1054 mortuis
726 1001 1028 1054 resurrexit
1055 1000 1331 1064 Christus,
1362 1001 1608 1055 vivorum
1627 1008 1682 1054 et
1703 1006 2045 1053 mortuorum

465 1091 732 1145 Dominus
777 1100 883 1155 est,
926 1101 979 1146 et
1011 1092 1114 1161 ipsi
1165 1092 1357 1146 vivunt
1387 1093 1609 1146 omnia:
1639 1089 1756 1145 Sive
1799 1090 2042 1153 vivimus,

465 1183 662 1253 inquit,
695 1184 799 1237 sive
829 1185 1104 1248 morimur,
1143 1183 1359 1238 Domini
1379 1201 1560 1237 smnus
1586 1183 1651 1235 ⁸⁵.
1686 1181 1741 1234 In
1774 1181 1877 1234 hoc
1898 1179 2043 1234 enim

465 1277 560 1336 ait,
593 1275 842 1332 Christus
885 1284 1134 1332 mortuus
1167 1287 1250 1332 est
1283 1288 1336 1332 et
1364 1275 1687 1336 resurrexit,
1726 1281 1785 1328 ut
1814 1283 1866 1329 et
1894 1288 2031 1327 mor-

466 1379 683 1423 tuorum
731 1377 785 1423 et
814 1369 1064 1423 vivorum
1099 1369 1433 1423 dominetur.
1464 1367 1607 1422 Deus
1648 1375 1732 1421 est
1759 1366 1906 1419 enim
1955 1378 2047 1418 na-

463 1471 610 1521 tura,
643 1462 736 1530 qui
765 1461 1075 1514 dominator
1099 1468 1184 1516 est
1219 1461 1488 1522 omnium,
1523 1459 1670 1514 sicut
1699 1473 1765 1512 ex
1796 1457 2043 1510 mulieri-

464 1553 566 1606 bus
607 1552 824 1622 agnitus
853 1552 1205 1622 praedicatur,
1246 1549 1464 1606 dicente
1498 1549 1710 1604 Thema
1739 1568 1750 1602 :
1787 1547 2044 1603 Dominus

464 1659 609 1697 meus
629 1653 679 1698 et
717 1642 858 1697 Deus
892 1660 1036 1697 meus
1059 1642 1125 1696 ⁸⁸.
1159 1642 1304 1698 Deus
1339 1649 1520 1696 autem
1563 1647 1877 1697 sanctorum
1914 1653 2047 1709 apo-

2151 471 2319 517 meus,
2370 452 2554 524 utquid
2610 469 2692 506 me
2732 450 3060 520 dereliquiin
3083 451 3166 505 ὀἳ
3210 449 3274 504 Ει
3309 452 3364 506 in
3394 468 3507 522 quo
3536 464 3736 509 natura

2148 543 2414 599 Dominus
2447 553 2533 598 est
2580 552 2635 598 et
2665 543 2904 599 Verbum
2947 541 3150 606 Patris,
3181 559 3276 613 per
3317 559 3480 614 quem
3522 547 3736 611 omnia,

2148 642 2203 687 et
2237 633 2760 688 consubstantialem
2805 634 2956 689 Patri
3003 651 3033 690 a
3079 636 3338 695 Patribus
3370 639 3609 695 dictum.
3646 640 3738 697 Sic

2146 723 2294 777 enim
2325 723 2534 786 dixisti,
2569 724 2738 779 ﬁlium
2771 725 3011 783 hominis
3043 728 3321 784 Christum
3355 745 3466 785 non
3495 748 3626 787 esse
3645 731 3737 788 Fi-

2147 813 2284 867 lium
2327 813 2446 878 Dei,
2480 829 2583 869 nec
2617 813 2838 870 Petrum
2874 817 3142 873 reveritus
3181 819 3274 889 qui
3306 835 3404 889 per
3443 822 3737 876 revelatio-

2146 922 2271 961 nem
2334 905 2512 962 Patris
2560 909 2729 962 tilium
2784 907 3043 974 hominis,
3096 909 3292 966 Filium
3346 911 3444 968 Dei
3497 915 3735 969 viventis

2149 996 2444 1052 confessus
2508 1006 2613 1060 est,
2668 1004 2723 1052 et
2765 995 3051 1062 Thomam,
3107 996 3399 1052 Dominum
3458 1014 3626 1054 suum
3680 1007 3738 1056 α

2148 1082 2320 1138 Deum
2355 1083 2635 1138 Christum
2683 1099 2752 1138 ex
2780 1083 3100 1140 vulneribus
3133 1085 3255 1156 ejus
3297 1099 3733 1158 agnoscentem:

2148 1191 2250 1246 pro
2283 1176 2442 1230 nobis
2472 1177 2616 1231 enim
2647 1175 2815 1242 dolet,
2853 1176 2998 1231 sicut
3037 1175 3135 1246 qui
3163 1179 3415 1234 carnales
3441 1181 3735 1250 passiones

2149 1269 2414 1324 sustinuit
2440 1283 2541 1338 pro
2566 1269 2748 1334 nobis,
2778 1269 2921 1324 sicut
2945 1267 3118 1324 Isaias
3137 1269 3310 1325 dicit:
3337 1269 3462 1340 Ipse
3481 1271 3732 1326 debilita-

2151 1369 2226 1415 tes
2262 1370 2477 1415 nostras
2531 1363 2752 1430 accepit,
2792 1370 2840 1414 et
2883 1361 3229 1427 infirmitates
3258 1363 3576 1429 portauit".
3613 1363 3738 1433 Ipse

2149 1451 2312 1508 nobis
2358 1451 2548 1521 utique
2577 1450 2720 1508 Deus
2746 1451 3008 1506 Verbum.
3037 1446 3238 1506 Valens
3277 1452 3422 1506 enim
3471 1453 3739 1506 incarna-

2147 1553 2236 1600 tus
2269 1550 2373 1608 est,
2410 1559 2513 1598 nec
2563 1543 2707 1597 enim
2747 1543 2907 1598 aliter
2932 1544 3194 1614 possibile
3232 1551 3353 1599 erat
3389 1543 3503 1613 pati
3540 1542 3738 1602 Domi-

2151 1653 2282 1691 num
2310 1645 2560 1692 nostrum
2584 1634 2770 1691 Jesum
2800 1635 3102 1701 Christum,
3133 1636 3241 1692 nisi
3269 1635 3661 1690 incarnaretur
3681 1637 3738 1689 in

464 1734 751 1798 stolorum,
803 1748 916 1788 non
959 1733 1052 1802 qui
1096 1743 1292 1786 natura
1339 1733 1524 1796 homo,
1577 1730 1673 1786 sed
1721 1732 1813 1800 qui
1847 1739 2041 1784 natura
2075 1717 2115 1772 Β
2147 1729 2507 1784 similitudine
2533 1728 2771 1784 hominis
2800 1729 3029 1783 animati
3072 1727 3455 1798 intelligibilis,
3494 1735 3558 1781 ut
3589 1725 3738 1796 quod

465 1823 610 1879 Dcus
650 1830 756 1888 est,
796 1822 889 1892 qui
937 1821 1272 1876 haaredilavit
1316 1831 1508 1892 gentes
1553 1830 1608 1876 et
1632 1823 1865 1892 judicat,
1902 1821 2047 1876 sicut

465 1913 674 1968 dictum
705 1921 811 1977 est,
841 1928 1058 1967 omnem
1091 1920 1292 1966 terram
1317 1931 1332 1967 :
1360 1913 1601 1982 Exsurge
1645 1913 1813 1978 enim,
1845 1911 2043 1981 inquit,

465 2005 708 2074 Domine,
719 2005 906 2076 judico
924 2015 1140 2071 terram,
1155 2007 1402 2075 quoniam
1427 2015 1482 2059 tu
1505 2004 1843 2060 hazreditabis
1866 2007 1920 2058 in
1944 2021 2048 2058 om-

465 2098 619 2152 nibus
661 2098 898 2167 gentibus
925 2099 990 2150 ⁸⁷.
1031 2095 1206 2152 Filius
1252 2104 1433 2153 autem
1479 2106 1534 2152 et
1573 2097 1750 2152 haires
1796 2107 2046 2152 mortuus

467 2201 554 2247 est
591 2199 823 2262 postea;
865 2199 989 2261 post
1043 2205 1231 2245 servos
1270 2199 1324 2245 et
1373 2190 1687 2260 prOphetas,
1739 2189 1885 2244 sicut
1930 2190 2046 2259 ipse

467 2283 546 2338 ait
587 2283 640 2338 in
685 2281 1003 2352 Evangelio.
1060 2281 1348 2348 Quomodo
1384 2297 1514 2352 ergo
1558 2281 1722 2336 homo
1769 2281 2046 2343 Chrisms.

467 2381 518 2429 et
556 2389 664 2427 non
715 2372 859 2429 Deus
905 2390 1091 2439 verus,
1141 2383 1196 2428 et
1228 2373 1541 2428 adorandus
1593 2373 1664 2428 ab
1709 2374 1862 2427 omni
1892 2388 2046 2428 crea-

466 2473 590 2519 tura
607 2465 629 2519 '!
646 2463 1061 2536 lncorporatum
1089 2473 1175 2520 est
1205 2465 1353 2520 enim
1385 2462 1477 2519 Dei
1499 2462 1738 2519 Verbum
1763 2481 1832 2520 ex
1855 2473 2048 2519 sancta

468 2553 713 2625 Virgine,
749 2557 896 2611 unde
944 2564 999 2610 et
1047 2555 1360 2626 passionem
1410 2570 1509 2624 pro
1565 2555 1726 2610 nobis
1780 2556 2046 2626 suscepit,

465 2662 741 2703 evacuans
774 2647 1125 2717 semetipsum
1168 2655 1223 2702 et
1253 2647 1550 2702 humilians
1583 2661 1757 2716 usque
1801 2645 1869 2700 ad
1901 2662 2050 2700 mor-

468 2747 599 2803 tem,
633 2750 859 2793 mortem
891 2746 1073 2793 autem
1107 2740 1290 2794 crucis
1316 2759 1329 2794 ε
1357 2739 1585 2806 aequalis
1614 2737 1724 2793 Deo
1749 2739 2044 2805 exsistens,

467 2831 611 2884 sicut
651 2831 855 2883 dictum
908 2839 1015 2893 est,
1063 2838 1118 2886 et
1161 2830 1423 2886 obediens
1467 2829 1578 2886 Deo
1616 2829 1817 2895 iactus,
1860 2839 1913 2885 et
1943 2831 2048 2886 sub

468 2920 585 2991 lege
626 2921 847 2976 divinus
877 2921 1176 2992 legislator.
1230 2922 1293 2975 Et
1341 2923 1470 2992 quid
1520 2923 1715 2984 multa.
1765 2939 1910 2979 unus
1963 2933 2047 2978 est

467 3011 744 3076 Christus,
777 3030 882 3068 una
913 3029 1148 3085 persona
1179 3015 1412 3070 visibilis
1443 3023 1497 3070 et
1523 3015 1842 3080 invisibilis,
1873 3015 1928 3070 id
1959 3024 2044 3070 est

2149 1838 2262 1878 non
2296 1828 2615 1877 correxerat
2639 1821 2822 1886 homo,
2858 1821 2964 1875 hoc
2991 1818 3231 1875 Verbum
3256 1818 3348 1874 Dei
3381 1818 3735 1874 incarnatu

2145 1913 2469 1984 corrigeret.
2504 1911 2691 1982 Neque
2735 1912 2883 1966 enim
2913 1926 2982 1966 et
3029 1911 3261 1966 muliere
3305 1917 3483 1965 totum
3521 1911 3737 1966 exst'nit

2144 2005 2419 2070 Christus,
2451 2005 2547 2060 sed
2583 2004 2884 2059 secundum
2915 2002 3330 2067 humanitatem,
3377 2018 3447 2058 ex
3475 2000 3595 2058 Deo
3644 2018 3738 2056 au—

2147 2108 2256 2154 tem
2288 2099 2592 2154 secundum
2621 2098 2898 2168 spiritum,
2945 2112 3049 2152 nec
3079 2096 3226 2152 enim
3254 2097 3415 2151 aliter
3446 2094 3549 2150 Dei
3584 2096 3737 2166 geni-

2145 2193 2254 2246 trix
2297 2189 2467 2244 Maria
2513 2189 2696 2244 vocari
2753 2195 2954 2259 potest.
2995 2185 3303 2256 Aliquando
3358 2200 3462 2240 nec
3513 2184 3736 2241 Domini

2147 2283 2528 2340 interfectores
2558 2280 2749 2341 Judaei.
2803 2283 2850 2336 si
2885 2297 2993 2336 non
3023 2289 3142 2336 erat
3174 2279 3319 2336 Deus
3342 2279 3609 2338 Christus
3655 2297 3737 2336 se-

2147 2377 2386 2433 cundum
2427 2375 2597 2430 Deum
2627 2373 2887 2436 Verbum,
2923 2373 3019 2427 sed
3065 2387 3166 2427 nec
3210 2380 3408 2442 praeter
3448 2382 3739 2442 peccatum

2147 2485 2269 2526 esse
2299 2475 2552 2542 poterat:
2579 2467 2701 2523 sine
2745 2465 3080 2520 abstinentia
3129 2472 3184 2519 et
3216 2465 3489 2535 sapientia
3527 2466 3740 2535 absque

2149 2563 2446 2634 magistris,
2476 2561 2585 2616 nisi
2617 2560 2762 2615 Deus
2791 2567 2936 2614 esset
2971 2559 3263 2613 continens
3291 2558 3582 2628 proprium
3616 2572 3740 2612 cor-

2149 2671 2273 2726 pus,
2319 2661 2374 2710 et
2414 2668 2650 2724 operans
2685 2661 2746 2706 ut
2775 2651 2955 2717 Deus;
2996 2657 3220 2721 propter
3266 2649 3415 2720 quod
3460 2658 3516 2705 ει
3545 2650 3738 2704 volans

2148 2755 2400 2802 mortuus
2438 2753 2542 2807 est,
2595 2753 2650 2798 et
2684 2749 2878 2814 sponte
2922 2742 3163 2796 surrexit
3199 2755 3229 2794 a
3259 2739 3512 2795 mortuis.
3563 2738 3610 2792 F
3615 2740 3738 2794 ilius

2148 2836 2425 2891 exsistens
2451 2833 2547 2889 Dei
2579 2833 2894 2904 unigenitus
2922 2839 2977 2886 et
3001 2831 3243 2886 divinam
3278 2831 3510 2902 gloriam
3541 2839 3736 2901 petens

2149 2939 2440 3000 antequam
2477 2926 2715 2982 mundus
2748 2926 2927 2981 factus
2953 2932 3120 2990 esset,
3152 2940 3262 2978 non
3294 2939 3505 2978 vacuus
3531 2925 3663 2993 ejus
3687 2932 3738 2981 et

2151 3027 2446 3092 anteQuam
2488 3028 2699 3092 peteret
2726 3039 2740 3075 :
2767 3020 2911 3076 sic-ut
2937 3026 2994 3074 et
3023 3018 3262 3073 Sanctus
3289 3018 3567 3075 exsistens
3605 3032 3738 3073 san-

467 3107 652 3162 divine
692 3114 746 3161 et
793 3106 1127 3161 sensibiliter
1177 3107 1407 3176 simplex
1453 3107 1745 3162 desursum
1786 3116 1840 3163 et
1887 3107 2046 3162 deor-
2075 3092 2116 3149 Ο
2150 3111 2534 3167 ctiﬁcationem
2587 3111 2955 3180 suscipiebat,
3002 3110 3097 3181 qui
3151 3109 3418 3180 Spiritum
3474 3117 3737 3164 sanctum

467 3215 614 3262 sum,
652 3200 991 3268 compositus
1033 3215 1098 3253 ex
1136 3197 1246 3254 Deo
1286 3209 1340 3254 et
1377 3215 1441 3253 ex
1493 3200 1742 3255 muliere.
1783 3198 2048 3255 Conditor

466 3304 597 3358 ergo
627 3299 678 3343 et
697 3289 923 3344 Creator
956 3289 1232 3360 passibilis
1257 3299 1309 3342 et
1338 3289 1694 3364 impassibilis
1719 3299 1858 3356 erat,
1888 3308 2047 3346 mun-

467 3379 596 3434 dum
623 3381 995 3443 sanctilicans,
1020 3391 1073 3436 et
1095 3380 1486 3446 sanctiﬁcatus,
1517 3391 1572 3437 et
1595 3382 1874 3437 credimus
1914 3383 2046 3453 quia

468 3475 748 3544 proprium
791 3474 911 3542 ejus
961 3480 1048 3528 est
1089 3474 1436 3528 sanctiﬁcare
1469 3482 1523 3528 et
1567 3473 1942 3530 sanctiﬁcari:
1978 3475 2047 3530 Et

463 3581 562 3634 pro
592 3565 720 3634 ipsis
751 3564 921 3628 enim,
958 3565 1156 3634 inquit,
1186 3565 1464 3634 sanctiﬁco
1489 3582 1569 3635 me
1597 3565 1767 3634 ipsum
1793 3566 1856 3620 “.
1891 3565 2047 3633 Quod

466 3657 807 3728 impossibile
838 3666 924 3713 est
964 3657 1172 3714 homini
1201 3665 1260 3710 ut
1288 3659 1685 3723 sanctilicetur,
1719 3661 1821 3715 soli
1863 3668 2046 3716 autem

466 3748 578 3804 Deo
627 3749 776 3804 istud
828 3749 1087 3820 possibile
1131 3758 1238 3813 est,
1290 3750 1498 3804 homini
1549 3749 1690 3805 facto
1740 3752 2045 3806 secundum

465 3854 713 3905 carnem,
745 3841 876 3910 quia
901 3848 954 3895 et
980 3840 1125 3895 Deus
1153 3848 1238 3894 est
1269 3848 1322 3893 et
1351 3841 1513 3894 homo
1544 3841 1685 3894 idem
1714 3841 1831 3910 ipse
1859 3842 2047 3910 singu-

465 3933 597 3987 laris
620 3946 892 4002 personze.
922 3929 1051 3987 Istis
1077 3947 1207 4002 ergo
1236 3932 1355 3986 sine
1380 3932 1734 3986 contentione
1772 3932 1843 3985 ita
1867 3947 1926 3986 se
1951 3933 2046 3986 ha-

465 4023 743 4086 bentibus,
769 4023 998 4092 expulsa
1024 4024 1124 4077 tibi
1163 4030 1293 4078 sunt
1322 4022 1505 4075 omnia
1543 4023 1957 4086 sententialiter,
1989 4031 2044 4079 et

460 4116 779 4184 juveniliter
807 4115 976 4170 dicta.
1014 4116 1193 4169 Alium
1227 4117 1408 4170 virum
1440 4115 1654 4169 dicente
1681 4125 1732 4170 te
1761 4115 2040 4171 Christum

464 4218 657 4278 praeter
691 4207 858 4262 Deum
891 4206 1149 4269 Verbum,
1185 4207 1254 4262 ab
1283 4207 1391 4260 alio
1415 4207 1640 4263 Christo
1683 4207 1948 4279 dignitate
1987 4216 2043 4264 et

466 4301 674 4354 honore
693 4309 745 4354 et
765 4301 1083 4371 operatione
1104 4301 1465 4366 diﬁ'erentem,
1493 4309 1546 4355 et
1569 4313 1738 4354 unum
1761 4301 2040 4355 Christum

465 4393 522 4447 in
550 4392 770 4448 Christo
799 4393 1159 4456 habitantem,
1197 4403 1252 4448 et
1289 4402 1614 4464 Operantem
1645 4393 1848 4448 divinae
1875 4394 2040 4464 justi-

463 4484 553 4541 tia:
596 4498 782 4552 opera.
837 4483 1111 4540 Erubesce
1157 4486 1324 4556 igitur
1356 4486 1484 4554 quia
1528 4486 1906 4541 irrationabile
1959 4497 2043 4542 est

462 4576 703 4644 aliquam
743 4585 798 4630 et
841 4574 1195 4630 inanimatam
1233 4577 1518 4631 materiam
1559 4577 1835 4633 Christum
1874 4593 2044 4648 expo-

463 4683 602 4722 nens
621 4670 638 4689 ⁶
659 4683 781 4738 qum
806 4683 835 4720 a
878 4669 994 4722 sole
1015 4670 1230 4738 operari
1256 4685 1416 4740 posse
1445 4669 1569 4742 [γῆν
1588 4669 1692 4723 ὑπὸ
1719 4669 1866 4741 ἡλίου
1893 4673 2042 4743 ἐνερ-

461 4758 783 4832 γουμένην].
833 4759 1005 4815 Terra
1036 4762 1182 4816 enim
1215 4764 1334 4818 sine
1366 4763 1650 4819 voluntate
1679 4765 1889 4834 species
1932 4772 2034 4819 est.

464 4853 557 4908 Sic
599 4854 747 4908 enim
795 4853 984 4910 dixisti
1011 4874 1024 4910 :
1051 4854 1270 4909 lnﬁrma
1301 4855 1398 4910 ﬁlii
1438 4871 1468 4910 a
1503 4855 1614 4912 Deo
1651 4856 1856 4912 auferri
1903 4857 2041 4911 dici-

465 4962 610 5012 mus,
658 4947 802 5002 sicut
841 4946 1306 5004 humeclationem
1358 4957 1521 5004 terrae
1562 4951 1632 5005 ab
1661 4951 1836 5006 arido.
1869 4949 2035 5007 Vides

461 5040 517 5092 in
551 5047 814 5108 quantam
841 5038 1397 5096 inconsiderationem
1428 5043 1692 5112 deponas,
1726 5043 1867 5096 sicut
1897 5043 2038 5098 dicis

462 5127 638 5182 virum
673 5129 1023 5200 absumptum
1062 5147 1092 5185 a
1135 5131 1245 5187 Deo
1279 5130 1460 5187 Verbo
1491 5140 1679 5188 utnec
1720 5133 1884 5188 homo
1915 5149 2039 5189 esse

462 5221 671 5292 possit;
698 5222 929 5277 liberum
958 5224 1006 5278 ei
1033 5223 1268 5279 ollerens
1293 5224 1600 5280 arbitrium.
1631 5223 1750 5279 Non
1783 5224 1927 5279 enim
1953 5240 2040 5278 se-

463 5311 701 5366 cundum
733 5313 1013 5383 prepriam
1043 5322 1368 5384 potestatem
1394 5333 1407 5368 :
1436 5315 1718 5368 hominum
1747 5314 1890 5369 enim
1936 5315 2039 5369 hoc

463 5410 670 5458 tantum
691 5413 746 5460 et
775 5406 1092 5476 angelorum
1117 5416 1221 5463 est.
1251 5405 1536 5464 Desertum
1569 5414 1750 5460 autem
1787 5406 1925 5459 dicis
1960 5405 2040 5460 fa-

461 5505 608 5548 cturn
641 5491 981 5552 Salvatoreni
1011 5497 1290 5555 Christum
1322 5499 1634 5569 despiciens
1658 5501 2038 5570 semetipsum,

533 5609 578 5638 "
634 5608 790 5666 Rom.
839 5629 950 5674 ιιν.
985 5613 1038 5667 8.
1132 5615 1176 5646 “
1210 5615 1367 5671 Joan.
1406 5634 1494 5681 xx,
1531 5616 1619 5671 28.

465 5692 590 5743 ut,
632 5682 680 5734 1.

2147 3205 2375 3276 largitur
2397 3203 2697 3260 secundum
2731 3203 3145 3273 inspirationem
3179 3201 3483 3272 propriam,
3512 3209 3570 3256 et
3595 3216 3741 3271 pra-

2149 3298 2422 3353 exsistens
2472 3313 2538 3351 ex
2587 3295 2698 3351 Deo
2739 3297 3095 3367 sempiterne.
3141 3295 3334 3350 divina
3381 3295 3741 3365 generatione

2149 3388 2368 3444 initium
2409 3387 2626 3445 essendi
2657 3388 3022 3459 corporaliter
3044 3403 3112 3442 ex
3159 3387 3392 3441 muliere
3431 3386 3738 3458 accipiens,

2147 3491 2202 3538 et
2254 3489 2474 3553 propter
2534 3481 2638 3535 hoc
2693 3488 2890 3534 natura
2945 3479 3132 3548 justus
3191 3480 3336 3532 sicut
3379 3475 3525 3532 Deus
3555 3518 3571 3539 .
3621 3493 3737 3533 non

2149 3575 2447 3629 secundum
2479 3573 2870 3652 abstinentiam
2899 3571 3106 3626 laboris
3139 3571 3284 3627 sicut
3324 3569 3505 3624 omnis
3545 3569 3735 3633 homo,

2147 3674 2201 3721 et
2256 3665 2453 3720 delicta
2500 3680 2565 3719 ex
2593 3662 2756 3734 652
2787 3663 3112 3718 necessitate
3160 3661 3568 3730 subsequitur:
3611 3659 3739 3716 Non

2145 3768 2222 3811 est
2252 3759 2420 3820 enim,
2453 3756 2657 3828 inquit,
2683 3756 2868 3824 justus
2896 3769 3053 3820 super
3093 3761 3310 3816 terram,
3334 3756 3424 3823 qui
3449 3753 3611 3822 faciet
3641 3752 3739 3808 bo-

2147 3866 2271 3903 num
2297 3858 2346 3902 et
2381 3865 2484 3902 non
2515 3856 2685 3916 peccet
2708 3846 2775 3899 '-".
2801 3844 3029 3914 Propter
3061 3844 3209 3915 quod
3244 3853 3298 3899 et
3337 3847 3644 3899 certamina
3682 3856 3741 3901 et

2147 3941 2364 3996 labores
2407 3937 2788 3994 venerantium
2833 3935 3024 4004 Deum,
3071 3946 3126 3992 et
3159 3937 3598 3992 intercessiones
3631 3953 3737 4007 pro

2148 4031 2235 4086 his
2265 4030 2360 4101 qui
2401 4029 2700 4099 culpabiles
2734 4036 2884 4090 sunt,
2928 4036 2984 4081 et
3029 4027 3400 4082 omnimodam
3431 4027 3740 4083 bonitatem

2149 4124 2242 4179 Dei
2297 4130 2352 4179 et
2409 4123 2818 4176 miserationem
2864 4119 3173 4190 indigemus
3213 4134 3409 4175 omnes
3458 4119 3736 4175 homines.

2144 4214 2403 4270 Christus
2444 4219 2624 4266 autem
2655 4225 2765 4264 non
2793 4209 3150 4273 abstinentia,
3178 4225 3280 4264 nec
3313 4226 3378 4264 ex
3409 4209 3518 4264 ﬁde
3548 4220 3742 4265 osten-

2149 4323 2246 4364 sus
2291 4313 2397 4370 est,
2446 4305 2590 4359 sicut
2613 4303 2725 4372 jam
2758 4300 3076 4371 praedictum
3115 4311 3202 4357 est
3234 4302 3544 4356 :naturalis
3589 4303 3736 4356 enim

2141 4401 2355 4471 justitia
2397 4397 2581 4453 divina
2616 4397 2791 4449 virtus
2833 4394 3061 4454 exstitit,
3089 4400 3144 4447 et
3181 4393 3298 4462 ipsa
3328 4401 3413 4448 est
3449 4393 3608 4448 solus
3641 4394 3734 4463 qui

2073 4463 2390 4546 Dcreditur
2442 4486 2588 4541 Deus
2641 4499 2806 4538 verus
2849 4489 2905 4536 et
2954 4495 3247 4550 reposcens
3293 4480 3364 4534 ab
3411 4481 3734 4536 hominibus

2148 4597 2268 4637 eam
2299 4595 2422 4650 qua:
2450 4579 2505 4632 in
2550 4578 2672 4646 ipso
2701 4582 2786 4630 est
2818 4574 2978 4628 iidem
3006 4591 3019 4626 :
3047 4573 3152 4637 Qui
3184 4572 3354 4634 enim,
3388 4571 3596 4642 inquit,
3626 4590 3738 4627 cre-

2149 4675 2227 4729 dit
2270 4675 2328 4727 in
2355 4688 2456 4737 me,
2489 4671 2612 4724 rivit
2655 4670 2709 4722 in
2752 4667 3091 4722 wternum".
3135 4664 3220 4728 Et,
3257 4663 3363 4732 Qui
3408 4665 3592 4735 diligit
3636 4683 3732 4733 me,

2148 4767 2406 4822 mandata
2435 4781 2552 4818 mea
2576 4771 2750 4817 servat
2771 4761 2836 4828 ⁷³,
2866 4767 2921 4815 ει
2949 4760 3178 4830 reliqua.
3213 4757 3356 4824 Quid
3386 4774 3523 4828 ergo
3556 4759 3731 4813 conﬁ-

2147 4862 2279 4916 teris
2313 4858 2618 4920 Christum,
2649 4855 2737 4908 dic
2763 4871 2778 4907 :
2803 4868 2979 4923 neque
3020 4866 3214 4915 unum,
3245 4863 3426 4919 neque
3451 4849 3598 4904 duos
3639 4864 3734 4920 po-

2139 4959 2223 5006 tes
2253 4949 2458 5011 dicere,
2492 4958 2595 5000 nec
2637 4942 2807 4998 Deum
2853 4957 2956 4996 nec
2982 4942 3278 4995 hominem.
3311 4939 3422 4994 lsta
3453 4945 3542 4994 est
3587 4939 3730 4994 enini

2139 5039 2390 5096 deﬁnitio
2419 5050 2610 5092 eorum
2651 5048 2775 5104 quae
2814 5047 2846 5086 a
2888 5039 2942 5086 te
2983 5031 3129 5086 dicta
3174 5037 3344 5086 sunt:
3372 5045 3558 5100 neque
3586 5032 3728 5084 enim

2139 5143 2334 5191 natura
2379 5146 2505 5186 cum
2558 5129 2771 5199 justum
2828 5123 2968 5179 dicis
3018 5124 3166 5179 sicut
3213 5119 3419 5188 Deum;
3469 5118 3728 5176 Denses:

2140 5225 2301 5280 enim-
2321 5223 2428 5277 hoc
2456 5229 2654 5275 natura
2688 5215 2835 5288 quod
2865 5214 3071 5269 bonum
3119 5211 3323 5266 dicitur
3348 5210 3419 5266 de
3458 5211 3604 5281 ipso.
3633 5208 3724 5264 Ju-

2143 5327 2286 5372 stum
2314 5329 2439 5370 eum
2478 5311 2618 5367 dicis
2652 5311 2798 5366 sicut
2817 5305 3090 5362 hominem
3112 5303 3331 5373 justitia
3354 5304 3719 5364 abstinentia.

2144 5407 2226 5464 sic
2266 5406 2412 5460 enim
2441 5403 2603 5457 homo
2627 5402 2834 5472 justus,
2866 5412 2968 5454 nec
3004 5394 3295 5452 indeﬁnito
3317 5393 3595 5451 decedens
3629 5408 3722 5464 ap-

2147 5513 2306 5569 pares
2339 5497 2417 5550 nil
2440 5495 2652 5551 habens
2681 5493 2825 5565 quod
2850 5491 3007 5547 dicas
3035 5488 3103 5544 de
3121 5487 3366 5544 Christo.
3404 5487 3610 5543 Deinde
3641 5487 3722 5546 di-

1713 5617 1754 5648 ⁸⁷
1797 5619 1939 5674 Psal.
1977 5634 2043 5674 LX

2149 5618 2221 5680 ,8.
2298 5617 2342 5648 ⁸⁸
2379 5613 2535 5670 Joan.
2571 5629 2718 5678 xvu,
2755 5614 2840 5669 19.
2917 5613 2961 5645 ⁸³
3002 5609 3194 5680 Matth.
3229 5625 3399 5673 xxvi,
3432 5607 3545 5680 566;
3580 5603 3716 5667 ΡςιΙ.

756 5683 799 5713 ⁷ο
841 5681 945 5738 lsa.
985 5698 1110 5749 Lni,
1150 5685 1199 5739 4.
1281 5689 1319 5719 ⁷¹
1364 5679 1506 5742 Ρετιῐ.
1546 5703 1644 5742 χιιι
1670 5728 1684 5751 .
1727 5688 1799 5752 '5;
1839 5687 1994 5746 Rom.
2032 5705 2043 5744 l

2152 5679 2347 5741 ilo-£2.
2426 5688 2469 5718 "
2509 5683 2665 5740 Joan.
2706 5700 2789 5751 xu,
2821 5682 2910 5738 26.
2985 5682 3031 5715 ⁷³
3067 5679 3230 5736 Joan.
3269 5695 3388 5747 xlv,
3422 5679 3513 5739 Si.
