3864 6208
127 251 257 305 1505

1103 247 1440 306 EPISTULA
1475 248 1566 302 AD
1606 245 1996 305 EPISCOPUM
2035 248 2436 306 PERSARUM.

3230 254 3366 310 1566

125 367 204 418 eis
247 363 543 419 secundum
577 366 1017 422 communionem
1051 367 1344 434 iustiﬁcari
1382 368 1687 432 Christum,
1718 376 1765 433 Α
1792 377 2006 425 ctorum
2061 369 2328 425 voluntati
2383 368 2734 438 rependitur,
2784 378 2835 424 et
2889 369 2980 440 qui
3039 369 3361 426 conﬁtentur

125 471 230 510 non
258 464 452 510 natura
474 457 824 514 exsistentem
855 459 1088 528 justum,
1127 475 1238 514 non
1270 460 1569 531 praevalens
1601 462 1686 516 in-

124 548 360 618 telligere
403 549 623 603 modum
673 551 1080 606 communionis
1113 568 1235 621 qua:
1275 553 1342 606 ad
1375 569 1590 608 omnem
1633 561 1687 608 et

124 640 490 710 acceptionem
521 641 814 711 signiﬁcat,
849 643 992 699 sicut
1017 645 1154 698 dixit
1176 655 1228 699 et
1261 645 1529 716 sapientia
1554 644 1683 699 Dei:

121 728 208 783 Da
244 731 372 784 mihi
417 749 507 785 cor
549 743 719 797 tuum,
777 745 834 788 ut
884 737 1090 805 sapiens
1136 738 1238 806 ﬁas
1284 739 1341 792 in
1389 738 1688 792 novissimis

125 822 228 874 tuis
247 821 313 876 ".
353 821 688 880 Convertens
733 827 874 879 alius
905 829 1168 897 preplteta
1220 830 1387 884 dicit:
1427 830 1687 884 Volunta-

124 920 224 966 tem
252 913 543 968 timentium
574 932 628 968 se
651 916 893 985 faciet".
925 916 1185 976 Voluntas
1220 921 1409 990 utique
1432 919 1528 976 Dei
1557 935 1689 975 san-

1795 478 1919 517 eum
1950 477 2137 516 coram
2179 462 2518 528 hominibus,
2551 461 2956 516 conﬁtebuntur
3000 462 3069 516 ab
3113 462 3234 531 ipso
3275 478 3371 518 σοι

1792 569 1908 607 ram
1936 553 2094 609 Patre
2120 554 2240 623 eius
2267 553 2360 624 qui
2395 553 2450 607 in
2489 552 2646 607 cmlis
2673 560 2777 617 est,
2813 553 2956 608 sicut
2995 552 3111 622 ipse
3135 553 3266 606 dicit
3285 553 3366 608 ":

1794 656 1848 699 et
1897 648 1990 716 qui
2038 648 2448 717 compatiuntur
2481 645 2726 713 Christo,
2776 646 2831 700 in
2879 645 3374 700 conformationem

1796 739 2016 792 venient
2046 740 2231 808 gloria:
2254 740 2393 808 ejus.
2431 737 2538 792 Ista
2571 740 2716 793 enim
2751 753 2913 792 verax
2939 737 3250 792 communio
3275 740 3374 792 bo—

1797 829 1960 882 minis
1997 831 2062 884 ad
2100 831 2268 884 Deum
2303 847 2412 884 non
2453 833 2571 886 sine
2596 831 2700 886 ﬁde
2747 829 2964 886 ostendi
2997 838 3177 901 potest
3204 839 3258 886 et
3289 830 3376 886 di-

1795 922 2076 990 gnissimis
2110 923 2388 992 operibus.
2424 943 2442 976 ι

403 1096 684 1158 EADEM
727 1099 1121 1162 EPISTOLA
1169 1103 1280 1162 AD
1317 1102 1763 1166 EPISCOPUM
1807 1103 2233 1164 PERSABUM
2277 1103 2568 1164 GRZECE
2603 1103 2706 1164 ET
2763 1103 3073 1164 LATINE.

124 1239 568 1319 Etc_Biblioth_eea
598 1246 957 1313 Coisliniana,
989 1265 1110 1319 pag.
1141 1249 1644 1318 269.—Epistolam
1668 1253 1946 1306 Athanasii
1979 1252 2048 1305 ad
2077 1253 2370 1319 episcopum
2387 1248 2694 1312 Persarum,
2727 1247 3374 1319 inquitﬁontfaucanius,

196 1312 384 1391 Latine
414 1315 677 1391 edidimus
709 1319 849 1391 inter
884 1312 1369 1385 spuria'Atltanasii
1395 1312 1565 1387 Opera
1591 1332 1718 1378 tom.
1744 1323 1824 1384 ll,
1856 1339 1907 1390 p.
1943 1323 2078 1386 649;
2103 1312 2283 1391 estque
2311 1332 2454 1374 vetus
2483 1312 2845 1391 interpretatio
2878 1312 3260 1391 timete-quam
3294 1312 3378 1375 hic

194 1383 673 1460 domum-epistola:
695 1399 788 1460 :ret
810 1389 865 1442 in
899 1383 1004 1457 [ine
1031 1392 1275 1458 quadam
1312 1383 1464 1444 habet
1492 1409 1606 1460 quia
1629 1394 1685 1445 in
1726 1383 1869 1446 textu
1903 1383 2084 1446 Grmco
2107 1383 2209 1444 non
2237 1383 2844 1460 obsert'antttr:Cra'cus
2875 1406 3030 1458 porro
3064 1383 3152 1442 ille
3182 1397 3376 1454 :extus,

196 1455 310 1533 licet
339 1455 684 1533 Athanasium
711 1459 764 1511 in
804 1455 958 1533 titulo
984 1455 1320 1524 eruentiatur,
1349 1463 1473 1531 quia
1502 1455 1675 1516 tamen
1703 1465 1920 1533 antiqua
1947 1473 2024 1516 est
2047 1464 2155 1516 Itwc
2187 1461 2433 1530 epistola,
2459 1471 2507 1514 et
2544 1457 2723 1514 Crtcce
2753 1455 3018 1530 nunquam
3069 1460 3233 1528 edita,
3292 1461 3379 1514 hic

199 1524 366 1577 locum
392 1525 580 1581 habere
610 1529 877 1582 commode
901 1540 1092 1598 potest.

132 1673 442 1772 Ἀγᾳπηὶῷ
483 1679 673 1759 acina,
698 1684 818 1768 eral.
852 1683 930 1748 τῷ
971 1685 1074 1772 ὑπ’
1118 1687 1539 1772 αὐτργηκλῄρῳ
1582 1690 1701 1772 τοῖς

1810 1691 2018 1745 Dilecto
2047 1706 2198 1769 papa:
2219 1699 2268 1743 et
2308 1689 2446 1772 clero
2477 1688 2585 1772 ipsi
2609 1685 2841 1772 subdito,
2872 1688 3039 1768 iisque
3061 1688 3379 1772 guihPersa-

194 1749 308 1825 τῂν
333 1750 601 1825 ΔΠερσῶν
655 1755 888 1808 οἰκοῦσι
947 1755 1175 1824 χώραν,
1232 1749 1579 1825 Ἀθανάσιος
1632 1749 1700 1814 ei?

195 1821 388 1888 Κυρίῳ
412 1823 660 1890 χαίρειν.

209 1932 270 1987 Ἦ
305 1935 437 2003 ἁγία
467 1935 820 2002 θεόπνευστος
843 1939 1032 2011 Γραφὴ
1066 1941 1166 2005 τὰς
1199 1942 1306 1996 τῶν
1333 1944 1701 2018 ἀρχαιοτέρων

123 2023 259 2095 ἡμῖν
290 2025 555 2098 διηγεῖται
592 2029 838 2100 πράξεις,
874 2031 1187 2103 πώηγοῦσα
1233 2037 1382 2104 ἡμᾶς
1429 2035 1488 2099 ἐξ
1525 2037 1701 2092 αὐτῶν

123 2117 223 2171 ἐπὶ
252 2117 320 2171 τὰ
343 2119 586 2190 χρήσιμα
614 2121 725 2174 τῶν
760 2123 1070 2193 πρακτέων,
1112 2125 1561 2199 βδελυττομένους
1593 2132 1702 2185 πᾶν

121 2206 265 2271 εὶδος
295 2209 558 2278 πονηρίας
589 2211 682 2263 καὶ
707 2211 1043 2277 δυσσεϐείας.
1085 2216 1172 2268 Ἐν
1205 2217 1335 2284 γοῦν
1388 2222 1500 2283 τοῖς
1538 2222 1701 2275 Βασι-

122 2297 290 2362 λείοις
335 2300 498 2369 φησὶν
537 2301 870 2373 ὴνομηκέναι
909 2304 1001 2358 τὸν
1038 2306 1273 2378 Ἰσραὴλ,
1325 2309 1419 2362 καὶ
1465 2327 1704 2379 προσκυ-

123 2393 240 2444 νεῖν
282 2394 348 2463 τῇ
389 2392 561 2445 κτίσει
613 2393 764 2464 παρὰ
811 2394 902 2448 τὸν
954 2396 1235 2451 κτίσαντα.
1273 2400 1419 2452 Ἴστε
1469 2400 1527 2454 δὲ
1581 2403 1703 2455 ὅσον

121 2483 315 2547 κακὸν,
345 2483 436 2536 τὸν
476 2486 814 2556 Δημιουργὸν
859 2488 1255 2553 καταλιπόντας
1288 2492 1380 2544 καὶ
1419 2493 1520 2564 τὴν
1557 2494 1704 2566 αὑτῷ

125 2573 484 2646 ὀφειλομένην
534 2577 712 2644 δόξαν,
747 2579 1082 2648 προσάπτειν
1141 2581 1380 2646 εἰδώλοις
1435 2585 1529 2638 καὶ
1588 2586 1707 2639 κτί-

119 2681 320 2736 σμασι.
348 2667 518 2720 Τοῦτο
546 2667 858 2740 δρασάντων
910 2672 1154 2734 ἐκείνων,
1177 2669 1478 2745 ’ἀφίστησιν
1507 2679 1535 2729 ὁ
1575 2677 1707 2742 Θεὸς

120 2756 226 2830 τὴν
257 2759 420 2812 αὑτοῦ
458 2759 705 2831 βοήθειαν
746 2762 804 2828 ἐξ
845 2763 1046 2825 αὐτῶν,
1076 2765 1171 2818 καὶ
1217 2765 1594 2835 παραδίδονται
1627 2771 1707 2834 είς

121 2849 364 2904 δουλείαν
405 2857 517 2916 τοῖς
557 2854 840 2927 ὑμετέροις
885 2855 1210 2925 βασιλεῦσιν.
1259 2861 1602 2930 Αἰχμὰλωτοι
1649 2863 1706 2916 δὲ

123 2942 441 3012 γενόμενοι,
477 2946 922 3012 καταδικάζονται
965 2949 1069 3002 ὑπὸ
1120 2950 1582 3025 Σαλαμανασάρου
1616 2953 1708 3023 βα-

1873 1780 1985 1817 rum
2035 1757 2296 1831 regionem
2350 1759 2621 1822 incolunt,
2657 1757 3006 1820 Athanasius,
3055 1758 3112 1811 in
3147 1758 3378 1815 Domino

1867 1835 2093 1890 salutem

1875 1947 2077 2001 Sancta
2113 1951 2168 1998 et
2212 1943 2475 1998 divinitus
2511 1941 2779 2010 inspirata
2814 1939 3100 2010 Scriptura
3126 1941 3382 2012 antiquo-

1801 2054 1923 2094 rum
1949 2037 2108 2092 nobis
2128 2045 2279 2106 gesta
2302 2042 2546 2099 enarrat,
2575 2047 2640 2087 ex
2676 2033 2743 2087 iis
2783 2048 2885 2088 nos
2910 2033 2977 2088 ad
3013 2034 3168 2087 utilia
3210 2048 3377 2104 opera

1802 2130 2116 2191 deducens,
2160 2134 2219 2180 ut
2257 2139 2472 2180 omnem
2513 2124 2772 2193 nequitiae
2813 2131 2868 2177 et
2918 2123 3208 2193 impietatis
3254 2140 3382 2196 spe.

1804 2221 1943 2276 ciem
1993 2234 2323 2274 aversemur.
2385 2214 2442 2270 In
2493 2214 2804 2284 Regnorum
2850 2217 3034 2286 itaque
3075 2217 3229 2272 libris
3279 2217 3378 2281 ait,

1806 2309 2224 2380 praevaricatum
2249 2306 2424 2362 fuisse
2457 2304 2739 2364 Israelem.
2776 2314 2830 2360 et
2859 2308 3090 2361 adorare
3121 2308 3379 2364 maluisse

1805 2411 2115 2458 creaturam
2141 2416 2304 2471 quam
2336 2400 2679 2454 Creatorem.
2716 2397 2881 2454 Scitis
2904 2407 3084 2454 autem
3111 2408 3377 2469 quantum

1813 2495 2015 2547 malum
2050 2493 2123 2548 sit
2156 2492 2472 2547 Creatorem
2506 2492 2816 2561 relinquere
2838 2531 2851 2553 ,
2884 2491 3232 2560 debitamque
3274 2493 3379 2564 ipsi

1807 2587 2035 2656 gloriam
2068 2585 2229 2639 idolis
2266 2591 2320 2639 et
2365 2584 2633 2639 creaturis
2675 2584 2992 2638 attribuere.
3034 2584 3086 2639 ld
3127 2599 3251 2638 cum
3301 2585 3380 2640 illi

1807 2684 2051 2748 agerent,
2084 2675 2262 2730 aufert
2295 2675 2435 2730 Deus
2467 2675 2537 2728 ab
2572 2674 2679 2729 illis
2715 2675 2976 2728 auxilium
3010 2691 3192 2740 suum,
3231 2683 3285 2731 et
3322 2676 3380 2731 in

1805 2779 2112 2824 vestrorum
2149 2784 2336 2838 regum
2383 2769 2700 2824 servitutem
2748 2767 3059 2822 traduntur.
3087 2768 3152 2822 Et
3180 2770 3382 2839 captivi

1807 2862 2023 2918 abducti
2061 2862 2392 2916 damnantur
2412 2875 2442 2913 a
2467 2858 2851 2916 Salmanasare
2880 2861 3226 2931 Assyriorum
3255 2876 3383 2930 rege

1809 2952 1875 3005 ad
1914 2951 2072 3006 sedes
2097 2951 2408 3013 mutandas,
2443 2952 2515 3004 ita
2542 2959 2621 3012 ut,
2651 2951 2843 3004 relicta
2875 2958 3021 3004 terra
3053 2965 3172 3014 sua,
3211 2949 3383 3005 Palae-

126 3033 320 3098 σιλέως
358 3036 654 3109 Ἀσσυρίων
686 3038 896 3108 οἴκησιν
927 3040 1048 3093 ἀντὶ
1091 3041 1190 3112 τῆς
1223 3034 1402 3096 αὐτῶν
1434 3045 1556 3115 γῆς,
1590 3046 1701 3099 Πα-

1813 3044 1956 3099 stina
1997 3058 2226 3112 nempe,
2272 3043 2326 3096 in
2371 3043 2721 3113 Assyriorum
2762 3042 2983 3111 regione
3035 3041 3378 3107 habitarent,

121 3123 404 3200 λαιστίνης
461 3131 636 3202 φημὶ,
690 3132 791 3201 τὴν
834 3133 1130 3204 Ἀσσυρίων
1186 3137 1245 3187 ὲν
1300 3135 1455 3189 Ἀλαὲ
1507 3139 1603 3189 καὶ
1649 3139 1707 3191 ὲν

139 3218 346 3292 Ἀμὼρ,
393 3226 657 3292 ποταμοῖς
709 3223 892 3288 Γιζὰν,
925 3227 1018 3279 καὶ
1074 3226 1174 3298 ὅρη
1215 3227 1435 3298 Μήδων.
1484 3229 1706 3297 Εἰσάγει

117 3314 241 3366 ἀντ’
267 3313 445 3367 αὐτῶν
486 3315 700 3386 οἴκησιν
733 3317 828 3388 τὴν
878 3321 1208 3390 Σαμάρειαν,
1242 3322 1612 3386 Βαϐυλωνίους
1643 3326 1708 3376 ἐκ

118 3404 364 3469 Χουθὰν,
407 3407 501 3460 καὶ
531 3407 639 3460 ἀπὸ
677 3409 835 3475 Αίὰν,
870 3412 964 3464 καὶ
1011 3413 1118 3464 ἀπὸ
1162 3413 1354 3483 Ἐμὰθ,
1399 3415 1491 3468 καὶ
1535 3415 1708 3482 Σεφα-

125 3493 317 3564 ρουὲμ,
345 3496 438 3548 καὶ
479 3499 899 3569 κατῳκίσθησαν
934 3504 992 3554 ὲν
1022 3506 1142 3566 ταῖς
1171 3503 1354 3557 πόλεσι
1395 3506 1707 3577 Σαμαρείας

118 3583 248 3637 ἀντὶ
290 3585 396 3640 τῶν
440 3587 568 3641 υἱῶν
615 3590 846 3662 Ἰσραήλ.
896 3594 1006 3645 Καὶ
1057 3594 1272 3661 ἐγένετο
1319 3597 1376 3648 ἐν
1422 3597 1561 3668 ἀρχῇ
1607 3598 1708 3667 τῆς

117 3674 394 3748 καθέδρας
436 3679 634 3741 αὐτῶν.
662 3682 762 3735 οὑκ
811 3683 1154 3755 ἐφοϐήθησαν
1204 3687 1294 3740 τὸν
1341 3687 1563 3758 Κύριον,
1613 3689 1707 3742 καὶ

117 3768 442 3823 ἀπέστειλεν
478 3773 557 3836 εἰς
601 3773 796 3836 αὐτοὺς
822 3774 948 3838 τοὺς
993 3774 1230 3842 λέοντας,
1265 3781 1357 3832 καὶ
1396 3775 1535 3850 ἦσαν
1567 3780 1703 3833 ἀπο-

119 3863 428 3928 κτείνοντες
467 3866 681 3931 αὐτούς.
713 3867 823 3921 Καὶ
861 3862 1022 3923 εἶπαν
1055 3870 1132 3941 τῷ
1163 3871 1373 3940 βασιλεῖ
1410 3874 1706 3944 Ἀσσυρίων

117 3954 393 4024 λέγοντες·
433 3958 508 4011 Τὰ
534 3961 677 4026 ἔθνη
717 3959 756 4013 t2
780 3959 1124 4028 ἀπῴκισας,
1163 3965 1260 4018 καὶ
1292 3965 1707 4032 ἀντεκάθησας

120 4050 248 4121 (sic)
279 4052 349 4104 ἐν
390 4054 606 4107 πόλεσι
641 4057 989 4124 Σαμαρείας,
1020 4059 1129 4110 οὐκ
1171 4058 1446 4124 ἔγνωσαν
1483 4057 1544 4109 τὸ
1585 4056 1706 4124 κρῖ-

111 4160 207 4212 μα
236 4142 355 4213 (sic)
397 4144 505 4197 τοῦ
546 4147 694 4200 Θεοῦ
734 4146 847 4216 τῆς
875 4147 1022 4217 τῆς,
1067 4148 1166 4201 καὶ
1209 4148 1526 4204 ἀπέστειλε
1565 4153 1706 4217 τοὺς

116 4231 378 4299 λέοντας
421 4236 509 4298 εἰς
549 4236 802 4301 αὐτοὺς,
853 4237 950 4290 καὶ
996 4237 1123 4291 ίδού
1160 4241 1277 4292 εισι
1307 4240 1706 4308 θανατοῦντες

116 4325 366 4391 αὐτοὺς,
401 4327 604 4381 καθότι
633 4331 744 4382 οὐκ
775 4329 974 4383 οἴδασι
1001 4329 1065 4382 τὸ
1096 4330 1270 4400 κρῖμα
1294 4332 1400 4386 τοῦ
1427 4334 1574 4387 Θεοῦ
1595 4333 1706 4400 τῆς

112 4413 254 4485 γῆς.
280 4418 389 4472 Kal
419 4418 794 4473 ὲνεστείλιιτο
829 4423 862 4474 ὁ
889 4421 1189 4486 ,ϐασιλεὺς
1229 4423 1571 4493 Ἀσσυρίων,
1601 4424 1701 4478 λέ-

112 4525 263 4576 των·
309 4509 655 4580 Ἀπαγάγετε
689 4511 935 4574 ἐκεῖθεν,
967 4512 1064 4568 καί
1094 4513 1573 4582 πορευέσθωσαν,
1602 4517 1700 4571 καὶ

111 4603 586 4657 κατοικείτωσαν
629 4603 787 4667 ἐκεῖ,
849 4605 947 4658 καὶ
990 4607 1320 4674 φωτιοῦσιν
1367 4607 1590 4673 αὐτοὺς
1634 4609 1703 4662 τὸ

111 4691 304 4761 κρῖμα
345 4694 453 4748 τοῦ
502 4695 648 4748 Θεοῦ
676 4693 788 4764 τῆς
830 4694 963 4764 γῆς.
1012 4697 1121 4750 Καὶ
1157 4696 1382 4767 ἤγαγον
1425 4697 1534 4751 ἕνα
1583 4697 1703 4751 τῶν

109 4780 347 4851 ἱερέων,
375 4778 463 4838 ὧν
482 4785 799 4851 ἀπῴκισαν·
830 4787 949 4841 ἀπὸ
983 4789 1313 4856 Σαμαρείας
1330 4829 1344 4852 ,
1383 4789 1482 4844 καὶ
1508 4789 1701 4844 ἐκάθι-

107 4889 236 4928 σεν
263 4875 336 4928 ἐν
364 4875 610 4934 Bonam.
651 4878 764 4931 Καὶ
787 4874 865 4946 ἦν
893 4881 925 4932 ό
950 4879 1139 4947 ἱερεὺς
1167 4879 1426 4948 φωτίζων
1452 4881 1694 4945 αὐτοὺς.

105 4964 284 5030 ὅπως
324 4965 623 5033 φοϐηθῶσι
662 4968 770 5022 τὸν
813 4970 1050 5036 Κύριον.
1079 4971 1188 5023 Καὶ
1234 4970 1612 5039 διδαχθέντες
1643 4977 1700 5027 οἱ

97 5057 597 5129 μετοικισθέντες
645 5060 752 5114 τὸν
795 5059 1118 5130 δεδομένον
1162 5063 1350 5130 νόμον
1379 5063 1505 5127 τοῖς
1544 5064 1698 5129 υἱοῖς

123 5147 405 5215 Ἰσραὴλ,
436 5151 546 5203 οὐκ
579 5151 890 5219 ἐφύλαξαν
917 5156 1005 5217 εὶς
1029 5152 1219 5217 τέλος⁸
1257 5154 1394 5208 ἀλλ’
1418 5150 1579 5223 ἦσαν
1604 5155 1701 5208 καὶ

104 5238 198 5304 τῷ
220 5240 386 5308 νόμῳ
415 5239 810 5306 δουλεύοντες
850 5243 919 5296 ἐκ
954 5245 1177 5312 μέρους
1221 5243 1317 5297 καὶ
1362 5243 1485 5308 τοῖς
1511 5244 1697 5300 ἔθεσι.

104 5330 348 5396 Τούτοις
382 5333 679 5406 κέχρηνται
723 5333 1108 5406 ἐκϐεσλημένοι
1147 5335 1252 5388 ὑπὸ
1280 5337 1374 5389 τοῦ
1418 5336 1573 5397 Θεοῦ,
1613 5336 1702 5389 διὰ

99 5423 175 5476 τὸ
227 5423 306 5496 μὴ
353 5425 619 5499 καθαρὰν,
667 5412 803 5481 ἀλλᾶ
845 5428 1191 5504 μεμιγμένην
1245 5428 1386 5498 ἔχειν
1437 5427 1558 5482 τινὰ
1600 5429 1697 5481 λα-

102 5514 331 5586 τρείαν,
360 5517 484 5571 οὗτε
516 5517 596 5589 τῷ
627 5519 777 5590 νόμῳ
811 5519 1074 5585 Μωσέως,
1112 5518 1236 5573 οὔτε
1273 5522 1385 5584 τοῖς
1416 5520 1562 5574 ἔθεσι
1593 5523 1702 5581 τοῖς

189 5672 237 5704 ⁷⁸
281 5671 439 5726 Prov.
476 5689 588 5739 xu,
623 5672 711 5727 ‘20.
793 5674 835 5706 ⁷³
886 5672 1031 5729 Psal.
1067 5689 1245 5742 cxur,
1287 5673 1370 5728 19.
1449 5675 1492 5705 ⁷⁸
1534 5673 1697 5729 Matth

1816 5714 1828 5739 ,
1867 5675 1954 5730 52.

1810 3150 2006 3205 nempe
2047 3136 2102 3188 in
2137 3136 2269 3188 Alia:
2301 3143 2356 3189 et
2400 3136 2456 3189 in
2499 3135 2686 3199 Amor,
2733 3135 2785 3187 in
2819 3133 2996 3189 ﬂuviis
3027 3131 3196 3188 Cizan
3237 3142 3291 3189 et
3327 3135 3383 3189 in

1809 3228 2088 3281 montibus
2119 3226 2424 3281 Medorum.
2465 3226 2668 3282 Eorum
2709 3237 2890 3280 autem
2921 3227 3043 3280 loco
3077 3224 3382 3282 Samariam

1810 3315 2022 3370 inducit
2066 3315 2396 3386 Babylonios
2437 3333 2504 3371 ex
2544 3316 2862 3379 Chusthan,
2911 3324 2966 3369 et
3005 3331 3071 3370 ex
3119 3316 3292 3379 Aian,
3327 3325 3384 3372 et

1807 3425 1872 3464 ex
1931 3410 2148 3473 Ematb,
2197 3418 2251 3463 et
2306 3425 2373 3464 ex
2434 3407 2787 3478 Sepharvem,
2845 3422 2898 3461 et.
2955 3408 3200 3462 habitare
3239 3409 3384 3476 jussi

1809 3511 1936 3556 sunt
1985 3502 2040 3554 in
2082 3501 2309 3555 urbibus
2356 3499 2618 3554 Samaria:
2663 3515 2762 3569 pro
2811 3499 2937 3555 ﬁliis
2976 3499 3160 3554 Israel.
3201 3497 3266 3552 Et
3298 3498 3372 3553 fa-

1809 3603 1956 3648 ctum
2017 3603 2099 3648 est
2173 3594 2330 3648 initio
2408 3593 2760 3647 habitationis
2817 3607 3046 3652 eorum,
3099 3607 3222 3646 cum
3271 3607 3380 3646 non

1809 3687 2063 3740 timerent
2127 3685 2455 3746 Dominum,
2509 3684 2739 3737 immisit
2788 3683 2842 3736 in
2899 3697 2995 3737 eos
3041 3683 3227 3738 leones
3286 3685 3380 3752 qui

1807 3777 2130 3832 occidebant
2188 3792 2301 3830 eos.
2359 3777 2423 3828 Et
2474 3777 2727 3832 dixerunt
2778 3775 2890 3845 regi
2953 3776 3299 3847 Assyriorum
3364 3797 3376 3831 :

1810 3868 1995 3923 Gentes
2071 3885 2202 3938 quas
2280 3867 2606 3921 transtulisti
2678 3877 2726 3920 et
2790 3868 3032 3921 habitare
3100 3869 3270 3936 fecisti
3324 3869 3382 3921 in

1808 3959 2024 4012 urbibus
2107 3957 2408 4022 Sttmart'te,
2475 3975 2577 4012 non
2649 3970 2899 4013 noverunt
2957 3959 3220 4028 judicium
3283 3957 3381 4013 Dei

1809 4062 1984 4114 terrm,
2016 4061 2063 4105 et
2099 4052 2318 4104 immisit
2342 4051 2395 4104 in
2427 4067 2514 4104 eos
2556 4052 2747 4114 levites,
2779 4061 2828 4104 et
2853 4065 2967 4105 ecce
2999 4050 3239 4104 occidunt
3269 4068 3378 4115 eos,

1805 4144 1929 4212 quia
1966 4143 2200 4195 nesciunt
2231 4140 2495 4209 judicium
2535 4140 2630 4194 Dei
2670 4151 2843 4194 terrte.
2878 4140 2946 4194 Et
2973 4141 3115 4194 misit
3153 4156 3245 4194 rex
3275 4141 3382 4194 As-

1807 4236 2071 4304 syriorum
2111 4235 2290 4288 dicens
2321 4249 2339 4286 :
2375 4233 2566 4293 Ducite
2600 4232 2722 4288 inde
2747 4233 3115 4302 (sacerdotes)
3145 4243 3192 4288 et
3232 4251 3380 4288 acce-

1809 4327 1938 4379 dant
1982 4337 2032 4380 et
2062 4326 2297 4379 habitent
2346 4326 2438 4390 ibi,
2482 4335 2532 4378 et
2569 4325 2872 4378 illuminent
2909 4341 2995 4380 eos
3023 4325 3248 4394 judiciis
3283 4326 3383 4381 Dei

1811 4428 1982 4471 terrw.
2027 4415 2096 4470 Et
2145 4417 2478 4472 adduxerunt
2526 4433 2687 4469 unum
2720 4431 2784 4469 ea:
2826 4416 3208 4484 sacerdotibus,
3251 4435 3382 4488 quos

1811 4509 2193 4563 transtulerant
2243 4525 2307 4564 ex
2349 4507 2638 4572 Samaria,
2676 4521 2724 4562 et
2767 4509 2901 4562 sedit
2941 4510 2995 4562 in
3041 4508 3264 4564 Bwthel.
3310 4508 3382 4564 Et

1807 4609 1922 4654 erat
1963 4599 2207 4655 sacerdos
2237 4599 2545 4653 illuminans
2571 4616 2658 4654 eos
2693 4609 2750 4653 ut
2791 4601 3032 4655 timerent
3071 4600 3376 4656 Dominum.

1811 4688 1880 4742 Et
1912 4689 2081 4744 edocti
2115 4691 2176 4750 ii,
2204 4691 2293 4758 qui
2325 4690 2574 4743 translati
2593 4689 2823 4758 fuerant,
2849 4692 3009 4759 legem
3042 4690 3171 4759 ﬁliis
3206 4688 3382 4743 Israel

1810 4781 2083 4846 traditam,
2132 4797 2249 4834 eam
2284 4797 2385 4834 non
2414 4780 2638 4850 perfecte
2680 4782 3062 4844 custodierunt,
3104 4780 3194 4834 sed
3220 4779 3380 4834 simul

1805 4885 1856 4928 et
1891 4874 1990 4943 legi
2032 4888 2096 4928 ea:
2138 4884 2288 4942 parte
2332 4873 2623 4928 serviebant
2667 4885 2717 4928 et
2753 4875 2942 4943 patriis
2987 4873 3380 4929 consuetudini-2

1807 4969 1902 5022 bus
1958 4968 2024 5022 ⁷⁷.
2089 4967 2165 5021 Ita
2213 4983 2272 5022 se
2322 4974 2644 5036 gesserunt,
2693 4966 2961 5036 ejectique
2995 4979 3028 5018 a
3074 4963 3184 5020 Deo
3223 4971 3374 5034 sunt,

1809 5061 1955 5130 quod
1990 5076 2098 5114 non
2131 5075 2348 5127 purum,
2392 5058 2486 5113 sed
2523 5059 2744 5115 mistum
2786 5058 2994 5111 cultum
3034 5055 3374 5124 exhiberem,

1809 5170 1984 5222 neque
2020 5133 2121 5223 legi
2171 5151 2395 5222 Moysis,
2429 5166 2608 5219 neque
2653 5149 2846 5220 patriis
2886 5147 3380 5204 consuetudinibus

1809 5245 2049 5315 perfecte
2103 5244 2424 5299 servientes.
2479 5242 2605 5297 Haec
2681 5256 2806 5295 cum
2857 5241 3115 5305 sciamus,
3167 5239 3374 5303 dilecti,

1810 5352 2006 5405 purum
2029 5334 2138 5389 Deo
2159 5335 2368 5388 cultum
2389 5333 2769 5396 exhibeamus,
2789 5333 3049 5403 nulloque
3080 5330 3376 5402 impietatis

1808 5443 2004 5496 genere
2046 5429 2362 5496 permistum
2386 5465 2400 5488 ,
2434 5425 2527 5480 sed
2567 5423 2974 5479 immaculatum
3005 5428 3060 5478 et
3087 5421 3256 5492 pium,
3286 5420 3376 5476 cui

1815 5519 1959 5574 Deus
2005 5518 2108 5574 sibi
2157 5520 2475 5590 complacet.
2519 5516 2739 5572 Nullum
2767 5518 2931 5590 genitu
2969 5514 3226 5580 admittit,
3266 5513 3384 5584 ima,

2034 5677 2076 5711 ⁷⁷
2114 5673 2180 5728 lV
2223 5675 2352 5745 Reg.
2399 5689 2530 5739 xvn,
2567 5672 2762 5727 26-35.
