3864 6208
483 253 618 312 1537

1668 254 1728 310 S.
1768 251 2234 308 ATHANASIUS.
2271 283 2343 294 -——
2385 252 2658 310 SPUBIA.

3616 247 3738 306 1568

484 377 665 448 potius
695 376 1027 432 condemnat
1049 393 1172 432 eum
1203 376 1298 447 qui
1325 375 1544 431 duobus
1575 375 1814 430 dominis
1841 375 2054 430 serviat.

2166 375 2443 446 πατρῴοις
2491 375 2844 448 λατρεύοντες
2902 377 2984 438 είς
3034 375 3208 438 τέλος.
3257 372 3446 426 Ταῦτα
3497 372 3654 439 γνόντ
3676 390 3739 438 ς,

485 471 830 526 Aversamini
862 486 892 524 a
918 470 1171 542 patribus
1201 468 1456 522 traditam
1484 468 1643 523 vobis
1672 467 2060 532 idololatrian],

483 563 760 617 haereticis
811 578 882 618 ne
927 561 1359 632 conjungamini.
1407 559 1716 630 Optabilius
1763 559 1908 613 enim
1955 559 2063 614 illis

483 655 680 709 fuisset
723 654 1007 709 veritatem
1040 668 1150 708 non
1179 654 1526 723 cognovisse,
1565 666 1726 721 quam
1771 659 2064 721 postquam

482 747 858 816 cognoverant
900 745 1246 800 retrocedere
1285 746 1351 799 ⁷⁸.
1394 743 1694 798 Dicendum
1751 743 1896 797 enim
1953 741 2063 797 illis

481 848 589 904 est,
633 829 798 895 Canis
842 857 1080 894 reversus
1122 838 1191 892 ad
1236 839 1511 908 proprium
1562 838 1836 900 vomitum,
1886 845 1935 888 et
1971 851 2061 888 sus

484 930 595 984 lota
623 933 677 986 in
705 933 980 986 volutabra
1011 933 1110 985 luti
1146 933 1214 986 ⁷³.
1247 931 1357 985 Nos
1406 938 1586 985 autem
1635 945 1742 983 non
1774 929 1874 992 sic,
1915 927 2060 980 Unus

481 1029 619 1080 enim
643 1025 785 1081 Deus
814 1027 962 1081 nobis
987 1041 1051 1080 ea:
1077 1042 1178 1096 quo
1207 1025 1385 1079 omnia
1407 1024 1452 1055 ⁸⁸
1481 1042 1494 1090 ;
1523 1022 1767 1076 Trinitas
1794 1019 2058 1091 perfecta,

483 1118 992 1182 consubstantialis,
1029 1117 1258 1188 aequalis
1294 1116 1534 1180 virtutis,
1567 1114 1794 1184 aqualis
1823 1113 2011 1184 gloriae
2042 1129 2057 1180 ;

481 1207 647 1264 Pater
685 1212 926 1264 omnium
970 1209 1240 1265 bonorum
1272 1208 1418 1272 fons,
1449 1225 1515 1264 ex
1545 1223 1654 1276 quo
1685 1205 1858 1260 Filius
1899 1213 2059 1259 natus

481 1311 588 1365 est,
625 1317 690 1357 ex
736 1318 846 1372 quo
890 1302 1134 1372 Spiritus
1170 1310 1396 1357 sanctus
1447 1299 1711 1371 procedit,
1754 1301 1894 1354 sicut
1923 1299 2061 1352 scri-

482 1400 634 1460 ptum
692 1401 825 1446 est:
889 1390 1009 1446 Una
1068 1392 1245 1447 deitas
1302 1392 1357 1446 in
1419 1391 1596 1444 tribus
1668 1389 2058 1460 hypostasibus

480 1482 718 1551 cognita.
775 1480 882 1536 Sed
938 1484 993 1537 in
1038 1482 1356 1539 novissimis
1415 1479 1753 1550 temporibus
1799 1479 2057 1534 misertus

480 1575 698 1644 generis
737 1575 962 1629 humani
1001 1576 1148 1646 quod
1191 1577 1403 1645 lapsum
1444 1581 1595 1636 erat,
1626 1572 1769 1642 quod
1809 1579 2058 1637 creatum

478 1663 661 1719 fuerat
729 1665 796 1719 ad
863 1666 1159 1738 imaginem
1225 1674 1282 1720 et
1356 1663 1774 1719 similitudinem
1819 1661 1936 1726 Dei,
2001 1670 2056 1715 et

477 1770 802 1812 conversum
827 1757 1005 1812 fuerat
1032 1758 1099 1813 ad
1131 1757 1504 1812 adorationem
1531 1769 1760 1825 operum
1791 1769 2053 1810 manuum

477 1862 727 1912 suarum,
758 1847 977 1903 demisit
1022 1849 1265 1919 seipsum
1315 1846 1382 1900 ad
1427 1848 1790 1900 voluntariam
1823 1862 2055 1900 evacua-

475 1937 682 1993 tionem
737 1941 1079 2010 unigenitum
1133 1940 1228 1994 Dei
1276 1939 1539 2003 Verbum,
1586 1938 2054 1993 consubstantiale

474 2027 625 2084 Patri
671 2033 973 2086 secundum
1006 2031 1286 2097 deitatem,
1312 2039 1367 2087 et
1409 2031 1878 2086 consubstantiale
1917 2046 2054 2100 quo—

473 2137 581 2192 que
610 2123 769 2178 nobis
804 2124 1104 2179 secundum
1151 2124 1546 2177 humanitatem
1581 2139 1596 2184 ;
1637 2131 1692 2178 et
1733 2124 2053 2176 incarnatur

471 2228 539 2268 ex
564 2223 756 2268 sancta
785 2224 839 2270 et
862 2214 1094 2285 Deipara
1125 2215 1370 2287 Virgine,
1405 2216 1686 2285 vitamque
1708 2223 1952 2270 nostram
1983 2215 2052 2269 ad

470 2314 680 2362 rectum
713 2308 957 2363 ordinem
984 2309 1227 2374 deducit,
1251 2310 1453 2364 docens
1487 2325 1581 2379 per
1613 2309 2051 2378 evangelicarum

470 2399 924 2468 praedicationum
969 2399 1300 2466 doctrinam,
1346 2401 1623 2473 quomodo
1665 2409 1914 2470 oporteat
1970 2401 2052 2453 vi-

470 2505 637 2556 vere;
685 2499 739 2545 et
786 2491 990 2560 patitur
1035 2493 1255 2562 propria
1295 2507 1396 2546 sua
1436 2507 1624 2557 carne,
1664 2501 1720 2546 et
1760 2487 2050 2561 postquam

469 2583 765 2652 spoliasset
791 2583 1087 2652 infernum,
1121 2585 1412 2640 triduanus
1447 2585 1667 2649 revixit,
1698 2584 2051 2652 ascenditque

469 2673 524 2726 in
567 2676 761 2738 caelos,
798 2674 1058 2746 sedetque
1096 2677 1162 2732 ad
1199 2677 1478 2733 dexteram
1519 2678 1826 2747 majestatis
1861 2676 1914 2728 in
1954 2692 2050 2730 ex-

467 2765 653 2819 celsis.
721 2764 900 2836 lpsum
954 2777 1246 2825 venturum
1321 2781 1704 2841 exspectamus
1756 2770 1813 2824 in
1878 2769 2049 2839 gloria

467 2853 670 2920 Patris,
713 2859 1050 2928 judicantem
1101 2863 1255 2918 vivos
1298 2871 1352 2918 et
1394 2876 1683 2930 mortuos;
1730 2861 2048 2916 reddentem

467 2948 772 3019 unicuique
819 2952 1120 3007 secundum
1164 2969 1327 3023 Opera
1355 2954 1476 3023 ejus
1497 2993 1511 3017 ,
1545 2953 1651 3023 piis
1679 2951 1898 3023 quidem
1927 2964 2050 3021 quae

465 3039 664 3096 oculus
716 3057 827 3096 non
873 3043 1028 3108 vidit,
1082 3062 1182 3101 nec
1231 3047 1383 3102 auris
1435 3047 1676 3112 audivit,
1713 3061 1814 3100 nec
1855 3047 1910 3099 in
1951 3061 2048 3099 cor

466 3132 707 3190 hominis
771 3139 1059 3206 ascendit;
1129 3142 1326 3211 impios
1395 3149 1574 3195 autem
1634 3140 1937 3194 mittentem
1989 3137 2046 3192 in

466 3225 668 3297 ignem,
713 3229 804 3283 ubi
849 3231 1051 3287 vermis
1094 3233 1187 3302 qui
1239 3249 1348 3287 non
1395 3235 1652 3296 moritur,
1696 3246 1760 3285 ac
1798 3230 1956 3284 ﬂetus
1990 3236 2047 3284 et

465 3317 672 3374 stridor
705 3320 968 3378 dentium.

2165 469 2460 539 ἀγαπητοὶ,
2508 470 2755 538 καθαρὰν
2799 469 3164 540 προσάγωμεν
3199 467 3279 539 τῷ
3308 467 3428 536 Θεῷ
3473 466 3738 537 λατρείαν,

2169 562 2242 630 μὴ
2281 562 2619 632 μεμιγμένον
2649 562 2876 632 ἔχουσαν
2902 559 3214 623 δυσσεϐείας
3247 556 3407 624 εἶδος,
3436 559 3554 612 ἀλλ’
3592 559 3742 612 ἄσπι-

2163 652 2254 705 λον
2295 654 2389 706 καὶ
2418 653 2638 723 εὐσεϐῆ,
2729 653 2860 717 Θεὸς
2891 653 3096 724 ἣδεται.
3129 652 3334 706 Οὐδένα
3359 652 3467 724 γὰρ
3493 652 3741 721 ἀποδέχε-

2163 763 2273 811 ται,
2314 745 2512 814 μᾶλλον
2544 746 2601 799 δὲ
2639 747 2962 816 κατακρίνει
3004 747 3124 800 δυσὶ
3166 746 3374 816 κυρίοις
3408 744 3736 799 δουλεύοντα.

2177 836 2589 907 Ἀποστράφητε
2621 837 2721 906 τὴν
2752 838 3229 909 πατροπαράδοτον
3273 836 3430 906 ὑμῶν
3466 835 3739 889 εἰδωλολα-

2161 929 2370 1000 τρείαν,
2421 929 2717 1000 αἱρετικοῖς
2776 930 2849 1000 μὴ
2906 930 3260 984 συνάπτεσθε.
3323 933 3593 1001 Κρεῖσσον
3637 930 3737 1000 γὰρ

2161 1023 2274 1084 τοῖς
2305 1021 2569 1085 τοιούτοις
2606 1021 2681 1093 μὴ
2720 1022 3086 1090 ἐπεγνωκέναι
3115 1021 3214 1094 τὴν
3251 1022 3532 1092 ἀλήθειαν,
3563 1024 3595 1092 ἦ
3622 1024 3736 1075 ἐπι-

2161 1113 2378 1182 γνοῦσιν
2417 1113 2510 1165 ὲπὶ
2547 1113 2616 1165 τὰ
2656 1113 2832 1165 ὀπίσω
2864 1112 3205 1182 ἀνακάμψαι.
3243 1112 3478 1166 Λεκτέον
3512 1111 3621 1182 γὰρ
3649 1112 3740 1164 αὐ-

2159 1210 2303 1269 τοῖς·
2356 1207 2529 1260 Κύων
2569 1204 2940 1273 ἐπιστρέψας
2995 1205 3094 1258 ἐπὶ
3156 1204 3223 1257 τὸ
3269 1204 3424 1257 ἴδιον
3461 1203 3734 1272 ἐξέραμα,

2161 1296 2259 1350 καὶ
2293 1291 2368 1361 ὗς
2395 1293 2744 1363 λουσαμένη
2782 1297 2869 1359 εὶς
2899 1296 3164 1362 κύλισμα
3185 1295 3503 1363 βορϐόρου.
3558 1295 3739 1363 Ἡμεῖς

2158 1389 2215 1442 δὲ
2243 1388 2340 1458 οὐχ
2371 1387 2572 1451 οὕτως’
2609 1389 2652 1439 Ε
2659 1382 2712 1453 ῖς
2739 1386 2848 1457 γὰρ
2875 1387 3018 1452 Θεὸς
3039 1387 3201 1455 ἡμῖν,
3229 1387 3297 1450 ἐξ
3316 1383 3388 1440 οὗ
3415 1385 3488 1440 τὰ
3514 1386 3737 1438 πάντα·

2159 1480 2329 1552 Τριάς
2363 1480 2565 1545 τελεία,
2603 1480 2910 1550 ὁμοούσιος,
2941 1479 3280 1550 ἰσοδύναμος,
3317 1481 3602 1549 ἰσοκ).εὴς-
3635 1480 3742 1532 Πα-

2157 1573 2262 1644 τὴρ
2286 1575 2318 1644 ἡ
2350 1571 2566 1626 πάντων
2604 1571 2709 1624 τῶν
2738 1571 2956 1640 ἀγαθῶν
2986 1571 3156 1642 πηγὴ,
3191 1571 3248 1635 ἐξ
3277 1566 3338 1624 οὗ
3377 1574 3406 1625 ὁ
3434 1571 3564 1634 Υἱὸς
3590 1572 3743 1638 ἐγεν-

2157 1665 2318 1737 νήθη,
2346 1666 2405 1732 eg
2434 1658 2496 1718 οὗ
2523 1665 2583 1718 τὸ
2611 1664 2835 1734 Πνεῦμα
2858 1665 2919 1717 τὸ
2945 1664 3100 1733 ἅγιον
3125 1665 3483 1734 ἐκπορεύεται
3519 1664 3662 1717 κατὰ
3689 1665 3744 1718 τὺ

2157 1756 2560 1830 γεγραμμένον⁸
2593 1756 2707 1808 Μία
2735 1755 2924 1826 θεότης
2956 1757 3014 1808 ὲν
3038 1757 3214 1828 τρισὶν
3240 1757 3574 1809 ὑποστάσεσι
3602 1773 3740 1824 γνω-

2160 1849 2437 1919 ριζομένη.
2481 1848 2620 1901 Ἀλλ’
2660 1848 2719 1900 ὲν
2767 1848 3016 1916 ἐσχάτοις
3049 1851 3262 1919 καιροῖς
3309 1847 3649 1918 κατελεήσας
3689 1850 3744 1900 τὸ

2153 1938 2457 2009 ὠλισθηκδς
2503 1940 2584 2001 εἰς
2628 1939 2882 1991 ἀσέϐειαν
2931 1940 3088 2007 γένος
3134 1938 3244 1991 τῶν
3297 1936 3648 2008 ἀνθρώπων,
3689 1939 3744 1990 τὸ

2155 2032 2370 2085 κτισθὲν
2416 2031 2534 2083 κατ’
2564 2032 2747 2084 εἰκόνα
2790 2033 2881 2086 καὶ
2921 2032 3178 2102 ὁμοίωσιν
3221 2031 3379 2094 Θεοῦ,
3417 2032 3634 2103 τραπὲν
3671 2034 3745 2094 εἰς

2155 2123 2529 2195 προσκύνησιν
2555 2123 2664 2175 τῶν
2696 2121 2870 2194 ἔργων
2897 2123 3005 2174 τῶν
3035 2123 3231 2193 χειρῶν
3264 2124 3467 2186 αὐτῶν,
3504 2123 3745 2193 καθῆκεν

2154 2215 2345 2269 ἑαυτὸν
2383 2219 2462 2279 εἰς
2498 2215 2744 2267 ἑκούσιον
2796 2217 3024 2268 κένωσιν
3069 2219 3097 2269 ὁ
3142 2216 3435 2286 μονογενὴς
3475 2216 3574 2269 τοῦ
3615 2215 3744 2270 Θεοῦ

2152 2309 2344 2376 Λόγος,
2374 2310 2402 2361 ὁ
2427 2306 2708 2377 ὁμοούσιος
2732 2304 2810 2375 τῷ
2853 2307 3028 2378 Πατρὶ
3069 2307 3209 2360 κατά
3233 2307 3332 2378 τὴν
3371 2307 3634 2377 θεότητα,
3658 2309 3746 2360 καὶ

2151 2399 2435 2470 ὁμοούσιος
2465 2400 2493 2451 ὁ
2527 2400 2690 2462 αὐτὸς
2718 2401 2849 2469 ἡμῖν
2881 2399 3023 2451 κατὰ
3061 2400 3158 2470 τὴν
3187 2400 3592 2471 ἀνθρωπότητα
3612 2417 3627 2430 ο
3658 2404 3746 2452 καὶ

2155 2489 2450 2560 σαρκοῦται
2481 2490 2546 2542 ἐκ
2570 2490 2671 2559 τῆς
2694 2489 2856 2557 ἁγίας
2883 2491 2976 2542 καὶ
3007 2490 3272 2543 Θεοτόκου
3304 2491 3591 2562 Παρθένου
3614 2509 3629 2521 ·
3657 2495 3748 2546 καὶ

2153 2582 2404 2652 ῥυθμίζει
2444 2583 2536 2636 τὸν
2581 2583 2845 2665 ἡμέτερον
2891 2582 3024 2653 βίον,
3071 2583 3288 2648 διδάξας
3330 2585 3451 2648 πῶς
3490 2585 3576 2637 δεῖ
3603 2585 3750 2655 βιοῦν

2149 2674 2238 2728 διὰ
2263 2676 2362 2744 τῆς
2391 2673 2496 2729 τῶν
2528 2675 2899 2744 εὐαγγελικῶν
2947 2678 3319 2748 κηρυγμάτων
3356 2677 3744 2740 διδασκαλίας·

2152 2767 2246 2820 καὶ
2285 2768 2486 2838 πάσχει
2529 2770 2596 2838 τῇ
2632 2768 2737 2838 ἰδίᾳ
2765 2768 2932 2820 αὑτοῦ
2965 2770 3151 2840 σαρκὶ,
3193 2770 3286 2823 καὶ
3319 2769 3632 2833 σκυλεύσας
3664 2771 3748 2822 τὸν

2150 2857 2302 2930 ᾅδην,
2332 2859 2531 2912 ἀνεϐίω
2559 2861 2879 2930 τριήμερος,
2915 2861 3206 2932 ἀνελήλυθέ
3245 2879 3303 2914 τε
3338 2864 3417 2924 εἰς
3455 2862 3744 2934 οὐρανοὺς,

2151 2951 2246 3002 καὶ
2289 2949 2544 3005 ἐκάθισεν
2572 2953 2630 3004 ὲν
2655 2951 2804 3022 δεξιᾷ
2833 2953 2934 3023 τῆς
2967 2953 3359 3024 μεγαλωσύνης
3401 2955 3461 3006 ὲν
3496 2953 3745 3024 ὑψηλοῖς.

2149 3041 2322 3095 Αὑτὸν
2352 3042 2503 3112 ἥξειν
2537 3042 2923 3114 προσδοκῶμεν
2957 3045 3016 3097 ἐν
3043 3044 3171 3118 δόξῃ
3221 3045 3312 3097 τοῦ
3358 3045 3575 3117 Πατρὺς
3621 3048 3748 3116 κρί-

2150 3153 2308 3189 νοντα
2335 3134 2541 3199 ζῶντας
2586 3136 2681 3188 καὶ⁵
2712 3135 2967 3207 νεκρούς’
3009 3138 3226 3207 ἑκάστῳ
3254 3136 3578 3189 ἀποδιδόντα
3605 3139 3750 3189 κατά

2151 3228 2219 3280 τά
2247 3227 2383 3299 ἔργα
2408 3226 2592 3292 αὐτοῦ,
2624 3230 2738 3290 τοῖς
2791 3227 2890 3298 μὲν
2925 3227 3228 3290 εὐσεϐέσιν,
3259 3228 3295 3282 ἃ
3327 3227 3617 3300 ὀφθαλμὸς
3648 3231 3751 3281 οὐκ

2153 3315 2280 3385 εἶδε,
2314 3321 2409 3373 καὶ
2433 3315 2526 3383 οῦς
2551 3321 2654 3377 οὐκ
2677 3320 2898 3390 ἢκουσε,
2933 3322 3029 3374 καὶ
3066 3322 3161 3374 ἐπὶ
3188 3321 3419 3391 καρδίαν
3455 3321 3752 3392 ἀνθρώπου

463 3409 566 3462 οὐκ
592 3410 759 3483 ἀνῶη
783 3430 795 3442 ·
826 3414 1043 3478 ἀσεϐεῖς
1083 3415 1138 3468 δὲ
1180 3416 1578 3470 ἀποστέλλοντα
1620 3419 1700 3481 είς
1763 3417 1825 3469 τὸ
1875 3414 1987 3484 πῦρ
2026 3412 2090 3466 τὺ
2126 3411 2363 3477 αἰώνιον,
2399 3413 2532 3465 ὅπου
2579 3413 2608 3466 ὁ
2656 3411 3014 3484 ἀτελεύτητος
3063 3412 3297 3485 σκώληξ,
3335 3414 3432 3468 καὶ
3475 3416 3506 3466 ὁ
3579 3414 3751 3469 athu-

464 3503 601 3576 θμδς
633 3508 728 3560 καὶ
759 3512 786 3562 ὁ
818 3509 1062 3581 βρυγμὸς
1090 3511 1198 3564 τῶν
1230 3513 1477 3568 ὀδόντων.

537 3598 585 3631 ’⁸
625 3599 665 3652 ll
698 3600 846 3657 Petr.
883 3618 944 3669 tt,
979 3604 1069 3659 2|.
1142 3607 1191 3640 τ’
1232 3607 1365 3662 ibid.
1402 3608 1512 3675 22;
1549 3605 1711 3662 Prov.
1746 3623 1907 3670 xxvr,
1945 3608 2029 3660 ll.
2108 3602 2153 3634 ⁸⁸
2187 3599 2208 3652 l
2241 3602 2368 3656 Cor.
2406 3620 2534 3666 vui,
2570 3621 2623 3658 ο.

822 3920 1424 4027 DIATRIBE
1487 3925 1622 4030 IN
1685 3924 2054 4028 SYMBt

2156 3924 2398 4028 QUM
2469 3921 3414 4056 QUICUNQUE.

537 4113 612 4170 De
646 4113 906 4186 Symbolo
947 4115 1256 4184 Quicunque
1284 4091 1562 4185 praeterito
1597 4130 1661 4170 ac
1697 4115 1954 4184 praesenti
1990 4113 2194 4169 saeculo
2236 4129 2267 4167 a
2307 4113 2494 4168 multis
2526 4112 2729 4166 acriter
2763 4119 2848 4166 est
2877 4111 3239 4182 disputatum,
3283 4117 3410 4171 aliis
3445 4118 3758 4176 Athanasio

463 4211 897 4277 vindicantibus,
924 4213 1048 4268 aliis
1074 4228 1105 4266 a
1130 4211 1329 4268 Latino
1377 4212 1645 4282 scriptore
1685 4212 2010 4266 adornatum
2039 4211 2210 4266 fuisse
2241 4210 2634 4282 pugnantibus.
2669 4207 2736 4262 Et
2767 4223 2898 4264 sane
2940 4215 3092 4262 tanta
3139 4216 3222 4264 est
3260 4212 3516 4278 opusculi
3570 4214 3759 4283 digni-

463 4313 574 4369 tas,
608 4313 720 4359 tam
747 4319 986 4360 concors
1025 4303 1271 4360 omnium
1301 4305 1674 4362 Ecclesiarum
1707 4306 1764 4360 in
1800 4321 1887 4370 eo,
1918 4321 2029 4360 non
2075 4306 2254 4376 solum
2295 4306 2635 4377 recipiendo,
2665 4306 2759 4361 sed
2789 4305 2954 4359 etiam
2996 4305 3398 4364 alternantibus
3427 4309 3625 4366 choris
3652 4327 3759 4382 pu-

464 4400 607 4454 blice
635 4399 920 4454 recitando
958 4400 1342 4466 consuetudo;
1375 4409 1434 4454 ut
1468 4417 1580 4456 non
1624 4403 1820 4455 mirum
1870 4402 1916 4456 si
1952 4403 2007 4456 in
2042 4401 2165 4471 ejus
2195 4402 2577 4472 investigando
2613 4403 2885 4471 scriptore
2923 4401 3268 4456 eruditorum
3314 4402 3554 4460 desudet
3589 4407 3759 4461 indu-

464 4489 635 4552 stria;
684 4490 736 4543 in
784 4489 1013 4558 diesque
1047 4505 1201 4545 novae
1241 4490 1506 4560 prodeant
1553 4489 1622 4546 de
1670 4490 1944 4561 ejusmodi
1993 4501 2320 4564 argumento
2349 4491 2781 4546 lucubrationes.
2825 4489 3108 4545 Prolixum
3148 4508 3213 4547 ac
3246 4493 3507 4552 fortassis
3556 4499 3756 4553 lectori

466 4583 828 4649 injucundum
857 4593 912 4639 et
942 4583 1291 4640 fastidiosum
1331 4597 1498 4652 esset,
1536 4586 1581 4641 si
1611 4587 1793 4640 omnia
1825 4602 2243 4642 recenseremus
2271 4602 2392 4657 qua:
2414 4602 2477 4641 ea
2509 4586 2576 4640 de
2609 4602 2668 4639 re
2705 4591 2895 4640 nostro
2923 4596 3252 4655 patrumque
3281 4596 3616 4643 nostrorum
3637 4607 3757 4644 aevo

465 4693 497 4730 a
525 4678 695 4732 variis
723 4678 1045 4732 auctoribus
1070 4678 1384 4748 conscripta
1415 4688 1576 4745 sunt;
1615 4693 1681 4732 ex
1709 4695 1943 4748 quorum
1974 4696 2204 4735 numero
2235 4683 2331 4750 qui
2355 4687 2738 4751 argumentum
2773 4681 2948 4736 fusius
2980 4683 3414 4752 accuratiusque
3440 4692 3757 4753 pertracta-

465 4780 619 4836 runt,
653 4773 802 4826 docti
830 4773 932 4826 viri
963 4780 1115 4838 sunt,
1147 4774 1430 4836 Usserius,
1467 4771 1698 4830 Vossius
1735 4774 1814 4829 De
1854 4776 2026 4831 tribus
2057 4776 2349 4847 Symbolis,
2389 4777 2710 4843 Quenellus,
2749 4777 3135 4846 Gundlingius.
3170 4773 3516 4838 Tentzelius,
3553 4794 3623 4832 ac
3655 4795 3757 4832 no-

464 4867 694 4922 vissime
722 4866 966 4920 omnium
995 4867 1363 4924 Anthelmius.
1397 4869 1763 4936 Quamobrem
1793 4874 1985 4940 paucis
2019 4888 2120 4928 nos
2153 4889 2252 4943 pro
2277 4874 2518 4927 instituti
2553 4875 2728 4928 nostri
2759 4875 2970 4928 ratione
2999 4888 3113 4927 rem
3154 4873 3512 4941 indagamus,
3560 4890 3628 4928 ea
3673 4884 3759 4928 ta-

465 4973 590 5012 men
619 4959 757 5028 lege,
795 4967 853 5010 ut
895 4957 1030 5011 nihil
1069 4973 1258 5014 eorum
1291 4961 1776 5030 praetermittamus
1801 4978 1922 5031 quae
1959 4963 2025 5017 ad
2056 4974 2265 5018 rectum
2309 4971 2472 5018 tantae
2502 4965 2892 5019 controversiae
2917 4968 3199 5039 κριτήριον
3230 4969 3535 5038 pertinent.
3575 4970 3758 5035 Quare

467 5053 644 5121 primo
676 5061 923 5107 veterum
947 5051 1016 5108 de
1042 5051 1302 5125 Symbolo
1334 5056 1670 5120 testimonia,
1706 5056 1894 5112 habita
1921 5067 2230 5129 temporum
2257 5059 2493 5121 ratione,
2530 5074 2884 5116 recensemus
2906 5078 2920 5125 ;
2945 5062 3001 5115 2°
3028 5065 3261 5133 Agimus
3282 5066 3350 5120 de
3377 5067 3668 5128 codicum,
3703 5068 3753 5118 in

463 5145 666 5213 quibus
695 5153 876 5200 exstat
904 5145 1009 5200 hoc
1034 5150 1383 5216 opusculum,
1419 5159 1598 5214 aetate,
1640 5150 1976 5214 conditione.
2014 5168 2079 5206 ac
2110 5153 2531 5222 inscriptionum
2559 5153 2856 5219 varietate;
2885 5154 2941 5207 5°
2964 5154 3064 5208 Cui
3106 5159 3179 5212 sit
3207 5160 3430 5213 auctori
3462 5161 3756 5213 ascriben-

464 5244 594 5296 dum
634 5245 966 5315 quaerimus;
1000 5244 1057 5297 4ο
1087 5243 1162 5299 De
1183 5243 1353 5298 variis
1387 5245 1602 5312 agimus
1637 5243 1881 5314 Symboli
1915 5245 2189 5310 formulis,
2211 5261 2335 5300 cum
2360 5245 2573 5300 Latinis
2604 5253 2718 5298 tum
2752 5243 2980 5312 Grecis,
3014 5263 3135 5319 quae
3159 5265 3192 5304 a
3219 5250 3565 5320 quibusdam
3593 5252 3754 5320 hujus

463 5339 562 5392 aevi
597 5340 961 5409 scriptoribus
999 5339 1306 5394 observatas
1335 5339 1608 5409 editazque
1633 5338 1880 5394 fuerunt.

1559 5450 1598 5508 1.
1643 5452 1965 5507 Testimonia
1995 5463 2222 5510 veterum
2253 5455 2318 5510 de
2355 5455 2628 5528 Symbolo.

537 5539 655 5595 Non
683 5540 884 5598 desunt
908 5543 1000 5615 qui
1035 5561 1101 5600 ex
1129 5545 1309 5615 quarti
1343 5546 1529 5601 seaculi
1565 5546 1932 5616 scriptoribus
1971 5549 2287 5603 testimonia
2315 5555 2526 5618 petant,
2565 5554 2624 5602 ut
2649 5547 3012 5604 Athanasium
3044 5547 3294 5621 Symboli
3339 5551 3568 5610 Patrem
3600 5567 3750 5609 assit.

469 5641 630 5703 rant;
664 5636 936 5709 ejusmodi
979 5646 1064 5696 est
1096 5639 1228 5698 illud
1268 5639 1515 5713 Gregorii
1547 5641 1878 5701 Nazianzcni
1917 5643 2046 5700 Orat

2156 5645 2195 5709 Ι,
2228 5644 2450 5716 Πρῶτος
2491 5645 2582 5701 καὶ
2617 5643 2797 5716 μόνος,
2843 5645 2938 5699 καὶ
2978 5641 3174 5715 κομιδῇ
3219 5644 3323 5699 σὺν
3352 5643 3587 5715 ὀλίγοις,
3619 5645 3748 5699 ἁπ-
