3864 6208
151 343 299 398 1569
1146 337 1465 397 DIATRIBE
1508 341 1574 395 IN
1608 340 1984 398 SYMBOLUM
2028 343 2496 412 QUICUNQUE.
3281 352 3416 408 i570

148 456 330 527 τολμᾷ
356 455 453 526 τὴν
483 452 758 523 ἀλήθειαν,
791 451 978 520 σαφῶς
1003 451 1201 505 οὑτωσὶ
1232 455 1324 506 καὶ
1355 453 1650 527 διαρρήδην
1677 455 1783 508 τῶν
1827 455 1995 527 τριῶν
2026 455 2256 526 θεότητα
2290 457 2384 510 καὶ
2410 456 2596 509 οὐσίαν
2638 458 2935 529 ἐγγράφως
2968 461 3332 536 ὁμολογήσας,
3357 464 3414 518 Id

147 555 276 600 est:
304 545 520 600 Primus
550 545 638 598 ille
666 543 1030 615 (Athanasius)
1068 554 1117 599 et
1147 546 1312 609 solus,
1338 545 1416 600 vel
1436 563 1556 600 cum
1585 547 1873 600 admodum
1895 548 2102 616 paucis,
2129 549 2398 602 veritatem
2430 549 2611 618 palam
2645 551 2942 622 apertisque
2973 553 3140 608 verbis
3173 557 3415 625 profiteri

149 656 319 694 ausus
348 648 446 706 est,
494 639 652 692 trium
688 652 1032 705 personarum
1065 638 1330 692 Deitatem
1374 651 1425 692 et
1473 637 1831 693 substantiam
1863 643 2060 708 scripto
2093 639 2381 709 confessus.
2418 639 2550 707 Quae
2599 650 2886 697 autumant
2933 645 3008 698 illi
3053 647 3119 701 de
3153 648 3414 718 Symbolo

150 730 465 800 Quicunque
482 727 612 782 dici.
639 725 766 792 Sed,
794 734 854 779 ut
882 743 1042 782 nemo
1063 744 1171 781 non
1196 727 1361 792 videt,
1385 728 1655 782 levissima
1679 729 1789 781 imo
1811 729 1959 795 nulla
1984 728 2214 784 ratione.
2239 727 2380 794 Quid
2413 745 2594 784 causa:
2621 734 2766 787 enim
2799 745 2885 790 est
2919 750 2976 791 ut
3005 739 3071 792 ad
3105 740 3414 809 symbolum

149 823 465 893 Quicunque
492 821 547 875 id
576 819 865 885 referatur,
896 838 1016 879 cum
1035 824 1175 879 bina:
1201 832 1415 879 exstent
1435 824 1722 878 Athanasii
1753 822 2131 879 confessiones
2155 822 2309 890 ﬁdei;
2338 839 2568 894 quarum
2593 828 2765 896 prima
2794 829 3036 898 ἔκθεσις
3061 833 3318 900 πίστεως
3347 833 3418 888 ti-

145 922 332 974 tulum
363 920 546 983 habet,
578 917 820 974 secunda
857 918 926 968 ad
950 915 1234 969 Iovianum
1275 925 1662 984 nuncupatur;
1700 924 1755 970 et
1790 917 1847 969 in
1899 923 2129 985 utraque
2161 916 2365 986 pariter
2390 916 2552 969 trium
2590 933 2946 986 personarum
2981 923 3157 979 denas
3199 931 3253 978 ει
3284 923 3418 979 sub.

145 1018 360 1074 stantia
388 1016 751 1088 praedicatur?
781 1013 1094 1080 Quinetiam
1124 1014 1218 1068 illo
1259 1012 1508 1084 Gregorii
1554 1013 1712 1079 loco,
1755 1013 1908 1068 nulla
1937 1013 2212 1068 indicatur
2246 1012 2371 1068 ﬁdei
2412 1013 2723 1079 confessio;
2772 1013 2866 1068 sed
2909 1014 3113 1069 dicitur
3150 1015 3417 1070 duntaxat

142 1118 318 1171 trium
342 1128 702 1186 personarum
733 1113 989 1167 deitatem
1013 1118 1067 1167 et
1102 1111 1398 1167 essentiam
1429 1111 1761 1181 praedicasse
1781 1110 2143 1166 Athanasium
2169 1129 2182 1164 :
2216 1108 2363 1180 quod
2393 1110 2449 1164 in
2475 1109 2590 1164 suis
2623 1109 2712 1164 ille
2729 1109 2951 1179 scriptis
2980 1110 3100 1164 fuse
3125 1117 3178 1164 et
3201 1108 3417 1165 naviter

141 1215 451 1267 exsecutus
482 1214 586 1262 est.

222 1299 478 1355 Testatur
505 1295 764 1367 Ughellus
795 1300 930 1348 tom.
961 1290 1026 1346 IV
1067 1290 1242 1346 ltalite
1275 1307 1463 1356 sacrce,
1515 1290 1880 1346 Gaudentium
1931 1290 2293 1350 Brixiensem.
2327 1289 2419 1360 qui
2451 1299 2648 1358 quarto
2687 1294 2889 1348 saculo
2926 1293 3079 1357 vixit,
3121 1291 3416 1349 Commen-

140 1392 389 1448 tationes
435 1390 672 1446 edidisse
693 1389 745 1442 in
778 1388 1091 1457 Symbolum
1126 1387 1435 1451 Athanasii,
1459 1403 1600 1457 quas
1625 1396 1840 1442 exstare
1865 1387 1940 1462 ait
1969 1387 2020 1440 in
2046 1386 2214 1441 veteri
2244 1384 2350 1438 PP.
2383 1385 2742 1442 Bibliotheca.
2765 1387 2966 1442 Verum
2995 1388 3099 1440 illae
3127 1387 3410 1440 Commen-

141 1488 389 1542 tationes
417 1498 689 1554 nusquam
722 1494 1059 1554 comparent,
1101 1498 1202 1536 nec
1233 1483 1302 1537 ab
1333 1483 1441 1537 alio
1471 1483 1729 1552 quopiam
1775 1482 2047 1552 scriptore
2084 1483 2482 1536 animadversas
2525 1493 2672 1536 sunt.
2705 1481 3072 1546 Quamobrem
3112 1479 3249 1532 nihil
3284 1477 3413 1532 hinc

143 1579 460 1652 argumenti
494 1579 616 1633 elici
645 1585 848 1648 potest.

224 1674 560 1731 Afferebatur
586 1671 715 1728 olim
759 1672 912 1725 locus
938 1685 1002 1724 ex
1027 1670 1336 1740 Augustino
1368 1671 1422 1724 in
1446 1671 1638 1740 psalm.
1667 1684 1794 1732 cxx,
1836 1669 1892 1723 in
1920 1668 2036 1723 haec
2063 1668 2228 1724 verba
2254 1687 2270 1722 :
2295 1667 2400 1722 Per
2431 1668 2572 1722 diem
2613 1667 2696 1721 sol
2726 1684 2832 1722 non
2860 1676 2974 1722 uret
3002 1675 3068 1734 te,
3095 1683 3257 1736 neque
3283 1665 3412 1719 luna

140 1787 243 1842 per
269 1777 469 1824 noctem
491 1768 559 1833 δι,
596 1767 690 1821 ubi
727 1766 801 1818 ita
834 1765 1032 1834 legitur
1065 1764 1118 1816 in
1152 1763 1485 1833 quibusdam
1530 1763 1694 1818 editis
1724 1781 1737 1816 :
1771 1761 1846 1816 De
1879 1761 1977 1816 hoc
2005 1762 2115 1815 sole
2145 1761 2312 1814 Pater
2341 1760 2668 1814 Athanasius
2701 1761 3096 1816 Alexandrinus
3135 1761 3410 1826 episcopus

139 1872 229 1924 ita
260 1869 477 1939 pulchre
499 1866 704 1922 locutus
730 1867 801 1919 sit
830 1882 848 1920 :
883 1859 1079 1925 Filius,
1110 1862 1308 1932 inquit,
1342 1861 1442 1915 Dei
1463 1878 1497 1916 α
1524 1860 1690 1916 Patre
1715 1861 1851 1925 solo,
1884 1877 1987 1915 non
2017 1861 2214 1929 factus,
2253 1875 2346 1914 nec
2379 1868 2609 1921 creatus,
2652 1853 2742 1912 sed
2771 1853 2996 1924 genitus.
3025 1848 3224 1903 Verum
3270 1849 3407 1910 haec,

142 1962 346 2032 utjam
374 1961 581 2031 pridem
621 1959 968 2016 observatum
999 1961 1120 2024 fuit,
1150 1961 1457 2016 adulterata
1477 1969 1606 2017 sunt
1635 1981 1647 2016 :
1674 1967 1751 2028 et,
1783 1969 1842 2013 ut
1869 1960 2022 2013 aiunt
2055 1958 2228 2012 nostri
2255 1959 2310 2010 in
2341 1964 2618 2026 postrema
2648 1950 2938 2021 Augustini
2964 1947 3224 2010 editione,
3258 1945 3410 1999 nulla

140 2061 234 2108 est
274 2053 329 2106 in
368 2051 646 2107 codicibus
679 2050 986 2116 Athanasii,
1023 2053 1251 2122 ejusque
1289 2051 1532 2123 Synzboli
1561 2052 1785 2106 mentio.
1821 2050 2058 2105 Affertur
2082 2051 2210 2102 item
2240 2048 2536 2102 concilium
2569 2063 2620 2099 tv
2644 2044 2968 2098 Toletanum
3002 2042 3147 2094 anno
3177 2037 3285 2092 675
3313 2052 3407 2091 ce-

139 2146 438 2208 lebratum,
472 2143 525 2198 in
557 2145 717 2211 cujus
753 2144 992 2214 capitulo
1019 2144 1044 2196 1
1073 2144 1273 2199 dicitur
1305 2143 1521 2198 Patrem
1554 2159 1582 2196 a
1615 2144 1767 2196 nullo
1807 2142 2034 2201 factum.
2066 2149 2174 2195 etc.
2207 2138 2338 2205 Quae
2368 2141 2532 2192 verba
2571 2154 2639 2193 ex
2684 2135 2941 2207 Symbolo
2971 2133 3280 2203 Quicunque
3312 2147 3414 2187 εισι

141 2242 337 2303 cerpta
353 2240 641 2305 putantur.
668 2233 734 2285 Et
770 2249 902 2288 vero
933 2241 1151 2288 constat
1179 2235 1291 2304 jam
1321 2234 1416 2287 illo
1447 2248 1565 2288 aevo
1588 2233 1874 2289 Athanasii
1907 2234 1962 2286 in
1995 2232 2276 2287 nonnullis
2309 2232 2502 2285 saltem
2532 2230 2670 2284 locis
2702 2242 2903 2283 nomen
2933 2226 3262 2296 praetulisse.

221 2327 413 2382 Exstat
449 2327 590 2380 inter
628 2325 821 2381 lsidori
854 2326 1194 2398 Hispalensis
1229 2343 1393 2398 opera
1433 2329 1660 2397 epistola
1695 2327 1761 2381 ad
1793 2326 2105 2390 Claudium,
2147 2327 2240 2381 ubi
2265 2326 2551 2381 Athanasii
2586 2325 2904 2395 Symbolum
2950 2331 3306 2378 memoratur.
3338 2321 3410 2375 At

140 2432 386 2474 concors
422 2426 505 2474 est
530 2419 774 2472 omnium
808 2434 944 2488 pene
975 2421 1248 2476 sententia
1287 2434 1408 2474 eam
1435 2421 1725 2490 epistolam
1758 2435 1973 2476 necnon
2004 2421 2142 2474 alias
2169 2419 2467 2490 permultas
2492 2433 2524 2471 a
2567 2417 2784 2472 Brenlio
2812 2414 3009 2470 lsidori
3043 2414 3266 2468 nomine
3301 2428 3407 2482 pu-

137 2517 399 2582 blicatas,
434 2531 558 2572 esse
583 2515 978 2586 supposititias.

217 2609 435 2665 Certius
465 2609 684 2664 aﬁ'ertur
708 2607 1080 2663 testimonium
1106 2621 1175 2661 ex
1198 2607 1503 2662 canonibus
1531 2606 1903 2663 IEduensibus
1920 2622 1950 2661 a
1968 2606 2260 2663 Sirmo-ndo
2281 2607 2463 2672 editis,
2487 2606 2580 2677 qui
2602 2606 2666 2660 ad
2695 2618 2898 2656 annum
2915 2599 3077 2672 653
3095 2597 3410 2653 referuntur

141 2719 177 2756 a
202 2701 534 2772 quibusdam
564 2699 692 2762 670,
727 2699 794 2752 ab
821 2698 945 2752 aliis
973 2713 1106 2753 vero
1136 2697 1262 2761 675,
1299 2698 1392 2751 ubi
1423 2699 1497 2751 ita
1529 2699 1731 2768 legitur
1757 2717 1768 2751 :
1796 2698 1856 2753 Si
1885 2701 2003 2770 quis
2025 2701 2316 2770 presbyter,
2345 2699 2624 2760 diaconus,
2652 2694 3031 2756 subdiaconus,
3058 2691 3134 2744 vel
3162 2690 3406 2752 clericus,

140 2792 480 2864 Symbolum,
510 2791 648 2864 quod
672 2801 853 2846 sancto
881 2793 1172 2860 inspirante
1186 2790 1391 2860 Spiritu
1414 2793 1643 2862 apostoli
1669 2793 2022 2860 tradiderunt,
2051 2803 2098 2847 et
2122 2794 2279 2864 [idem
2303 2794 2475 2848 sancti
2500 2790 2784 2844 Athanasii
2807 2786 3050 2857 pra'sulis
3082 2782 3411 2853 irreprehcn-

140 2886 372 2940 sibiliter
401 2903 504 2940 non
527 2886 860 2953 recensuerit,
889 2885 954 2938 ab
983 2887 1222 2956 episcopo
1251 2892 1649 2943 condemnetur.

221 3001 446 3073 Regino,
469 3003 561 3072 qui
589 3004 1006 3068 octavo;smculo
1025 3003 1230 3068 ﬂoruit,
1257 3006 1401 3060 libro
1451 3023 1467 3058 ι
1523 3005 1602 3060 De
1643 3007 2007 3062 ecclesiastica
2055 3005 2367 3074 disciplina,
2404 3003 2520 3058 haec
2561 3002 2767 3056 habet:
2807 2999 2867 3057 Si
2897 3013 3190 3055 sermonem
3238 2995 3410 3050 Atha—

140 3104 292 3159 nasii
319 3103 544 3172 episcopi
582 3101 646 3156 de
677 3102 781 3172 ﬁde
812 3113 1009 3157 sancta:
1043 3103 1344 3167 Trinitatis,
1378 3105 1530 3174 cujus
1569 3106 1780 3160 initium
1808 3116 1926 3160 est:
1952 3125 1971 3157 ι
2002 3107 2306 3174 Quicunque
2333 3103 2443 3156 vult
2474 3100 2652 3155 salvus
2677 3113 2809 3159 esse,
2836 3114 2856 3148 ι
2888 3095 3188 3149 memoriter
3211 3102 3404 3145 teneat.

219 3195 718 3265 Hatto,episc0pus
763 3195 1118 3258 Basileensis,
1162 3196 1325 3265 cujus
1367 3197 1674 3266 capitulare
1727 3198 1996 3268 Spicilegii
2039 3205 2175 3251 tom.
2213 3176 2282 3248 IV
2325 3194 2499 3250 edidit
2545 3189 2848 3245 Dacherius
2899 3195 3134 3242 noster:
3173 3185 3406 3250 Quarto,

141 3287 243 3352 ait,
271 3297 328 3340 ut
351 3288 481 3356 fides
514 3289 687 3341 sancti
721 3288 1002 3342 Athanasii
1039 3305 1069 3340 a
1101 3279 1460 3341 sacerdotibus
1504 3288 1766 3355 discatur,
1800 3298 1852 3344 et
1880 3303 1946 3343 ea:
1977 3289 2131 3342 corde
2159 3286 2245 3341 die
2287 3286 2570 3342 Dominico
2592 3280 2660 3336 ad
2697 3281 2941 3335 Primam
2985 3278 3232 3332 recitetnr
3267 3293 3284 3330 :
3311 3277 3405 3346 qui

143 3398 274 3437 mos
308 3382 582 3452 hodieque
612 3384 758 3454 viget
799 3385 852 3436 in
883 3382 1150 3438 Ecclesia.

219 3468 446 3522 Accedit
483 3469 740 3540 anonymi
791 3472 1190 3538 testimonium,
1225 3471 1318 3541 qui
1349 3471 1452 3526 sub
1484 3469 1683 3524 Carolo
1717 3468 1914 3539 Magno
1952 3469 2106 3532 vixit,
2145 3482 2176 3521 a
2208 3465 2507 3520 Sirmondo
2548 3465 2774 3518 allatum
2821 3459 2876 3513 in
2921 3459 3070 3514 notis
3115 3457 3181 3530 ad
3227 3455 3406 3510 Theo-

142 3557 412 3628 dulphum
445 3579 458 3614 :
495 3557 740 3615 Incertus
797 3570 1004 3622 auctor.
1057 3561 1132 3616 ait
1171 3559 1521 3627 Sirmondus,
1565 3578 1718 3632 quem
1757 3561 2015 3624 diximus,
2061 3559 2158 3613 hoc
2199 3560 2314 3627 ipso
2357 3569 2508 3612 utens
2559 3554 2860 3610 testimonio
2893 3567 2911 3604 :
2945 3549 3158 3612 Beatus,
3204 3547 3404 3618 inquit,

141 3655 479 3710 Athanasius
510 3657 564 3709 in
590 3655 942 3727 Expositione
975 3657 1260 3711 catholicae
1294 3641 1438 3724 ﬁdei,
1463 3674 1624 3726 quam
1657 3659 1767 3726 ipse
1803 3659 2042 3732 egregius
2073 3656 2261 3710 doctor
2298 3654 2633 3722 conscripsit,
2675 3661 2723 3706 et
2745 3666 2905 3720 quam
2930 3647 3248 3701 universalis
3277 3661 3405 3698 con-

143 3747 333 3816 ﬁtetur
361 3746 624 3812 Ecclesia,
657 3749 1041 3818 processionem
1079 3747 1310 3819 Spiritus
1351 3751 1523 3802 sancti
1557 3765 1590 3802 a
1636 3747 1798 3803 Patre
1829 3759 1880 3803 et
1927 3745 2073 3802 Filio
2117 3748 2379 3811 declarat,
2420 3747 2498 3799 ita
2537 3745 2714 3797 dicens
2747 3759 2763 3795 :
2801 3759 2818 3791 ‹
2861 3740 3013 3794 Patet
3073 3756 3106 3792 α
3139 3738 3288 3792 nullo
3327 3747 3408 3791 est

145 3843 350 3912 factus,
363 3862 382 3894 ι
419 3853 521 3898 etc.

220 3933 368 3990 ldcm
396 3937 788 4010 Theodulphus
808 3981 822 4006 ,
863 3942 1002 3996 libro
1034 3941 1484 3997 Testimoniorum
1511 3941 1574 3996 de
1605 3941 1807 4011 Spiritu
1837 3951 2020 3996 sancto
2050 3939 2117 3994 ad
2151 3937 2410 3993 Carolum
2438 3936 2717 4005 Magnum,
2743 3927 2965 3980 nomine
3004 3923 3292 3978 Athanasii
3320 3921 3404 3976 af-

143 4030 258 4087 fert
286 4031 421 4086 illud
454 4051 468 4087 :
503 4031 667 4087 Pater
719 4052 751 4088 a
791 4035 937 4088 nullo
969 4044 1046 4089 est
1071 4036 1245 4106 factus
1266 4076 1281 4100 ,
1329 4052 1421 4090 nec
1459 4045 1693 4101 creatus,
1729 4053 1819 4090 nec
1857 4036 2085 4107 genitus,
2127 4042 2258 4098 etc.,
2289 4048 2463 4102 usque
2511 4031 2579 4084 ad
2611 4049 2621 4082 :
2656 4024 2760 4090 Qui
2782 4021 2891 4076 vult
2913 4036 3034 4090 ergo
3055 4019 3235 4072 salvus
3265 4035 3396 4073 esse.

220 4123 376 4178 Nono
405 4125 606 4179 szeculo
634 4126 953 4198 Agobardus
973 4167 988 4192 ,
1025 4141 1055 4180 a
1084 4127 1156 4181 cl.
1188 4143 1241 4180 v.
1278 4126 1500 4180 Baluzio
1531 4127 1732 4192 editus,
1764 4140 1885 4198 cap.
1943 4127 1976 4180 5
2017 4125 2096 4179 sic
2133 4124 2298 4178 habet
2334 4143 2347 4178 :
2379 4123 2576 4176 Beatus
2624 4118 2952 4173 Athanasius
3003 4117 3078 4168 ait
3110 4131 3128 4168 :
3165 4134 3182 4166 ι
3213 4114 3408 4170 Fidem

143 4214 466 4269 catholicam
501 4216 603 4268 nisi
647 4217 764 4286 quis
795 4217 1055 4286 integram
1082 4216 1491 4289 inviolatamque
1513 4218 1822 4281 servaverit,
1865 4216 2058 4287 absque
2084 4215 2244 4269 dubio
2274 4217 2328 4268 in
2369 4222 2623 4269 a’ternum
2654 4210 2869 4280 peribit.
2906 4228 2926 4261 ι

223 4306 560 4361 Anscharius
590 4304 781 4362 eodem
820 4309 1040 4372 saeculo,
1090 4317 1148 4362 ut
1192 4309 1245 4362 in
1280 4309 1404 4363 Vita
1450 4310 1571 4378 ejus
1613 4311 1761 4380 apud
1808 4308 2028 4364 Petrum
2076 4307 2427 4362 Lambecium
2472 4307 2692 4376 legitur,
2732 4318 2858 4357 cum
2910 4302 3142 4356 instaret
3192 4301 3400 4369 obitus,

145 4395 408 4464 praecepit
446 4403 502 4448 ut
536 4395 735 4450 fratres
767 4405 1027 4450 canerent
1060 4396 1217 4452 ﬁdem
1252 4399 1582 4452 catholicam
1614 4415 1643 4452 a
1666 4401 1826 4455 beato
1852 4399 2155 4454 Athanasio
2189 4400 2574 4468 compositam.

222 4485 574 4550 Ratramnus,
614 4485 963 4542 Corbeiensis
995 4489 1321 4555 monachus,
1349 4491 1490 4546 libro
1525 4505 1564 4543 ll
1595 4500 1779 4544 contra
1811 4487 2114 4545 Graecorum
2145 4490 2638 4560 opposita:Beatus
2663 4487 2989 4545 Athanasius
3005 4487 3400 4542 Alexandrinus

141 4578 439 4646 episcopus,
466 4578 561 4644 ait,
591 4579 760 4632 multa
789 4589 1000 4648 propter
1032 4580 1303 4635 catholica:
1338 4581 1463 4650 ﬁdei
1512 4584 1874 4635 constantiam
1925 4581 1989 4633 ab
2031 4581 2246 4634 Arianis
2313 4596 2608 4649 perpessus,
2655 4580 2952 4651 frequenter
2995 4583 3157 4636 etiam
3208 4581 3400 4634 exsilio

140 4685 329 4720 eorum
359 4668 585 4736 factione
607 4670 812 4737 pulsus,
844 4679 892 4724 et
917 4670 970 4722 in
1005 4667 1230 4724 Nicama
1256 4671 1458 4741 synodo
1504 4670 1745 4741 episcopo
1771 4687 1866 4724 suo
1902 4671 2050 4724 beato
2085 4671 2396 4724 Alexandro
2423 4673 2680 4725 diaconus
2718 4674 2996 4737 assistens,
3025 4672 3278 4726 adversus
3313 4688 3402 4725 ve-

141 4759 358 4812 saniam
381 4760 496 4811 Arii
535 4760 875 4830 singulariter
913 4761 1207 4826 dimicans;
1242 4761 1297 4814 in
1351 4761 1525 4816 libello
1568 4760 1645 4817 De
1695 4761 1817 4824 ﬁde,
1851 4778 2004 4830 quem
2044 4761 2230 4826 edidit,
2278 4771 2328 4815 et
2381 4761 2623 4815 omnibus
2675 4760 2968 4818 Catholicis
3010 4765 3284 4834 proposuit
3327 4771 3402 4815 te-

145 4853 398 4922 nendum,
425 4856 561 4908 inter
591 4865 785 4910 ccetera
811 4857 884 4910 sic
914 4856 988 4909 ait
1016 4871 1034 4908 :
1063 4873 1082 4904 ι
1117 4854 1280 4908 Pater
1308 4871 1339 4907 a
1377 4854 1524 4908 nullo
1555 4868 1632 4908 est
1659 4853 1857 4923 factus,
1889 4870 1981 4908 nec
2009 4863 2240 4920 creatus,
2272 4853 2364 4908 sed
2394 4857 2624 4924 genitus.
2660 4853 2895 4924 Spiritus
2917 4865 3132 4910 sanctus
3167 4872 3200 4908 a
3235 4855 3400 4907 Patre

143 4959 196 5001 et
233 4945 394 5008 Filio,
428 4962 531 4998 non
555 4946 749 5013 factus,
783 4963 885 4999 non
916 4953 1146 5007 creatus,
1184 4961 1287 4997 non
1318 4945 1546 5012 genitus,
1579 4941 1669 4996 sed
1695 4941 2007 5010 procedens.
2048 4961 2066 4991 ι

227 5039 450 5102 Encas,
478 5038 807 5095 Parisiensis
841 5040 1150 5109 episcopus.
1183 5039 1383 5092 librum
1420 5053 1579 5093 suum
1613 5036 1874 5090 adversus
1908 5037 2121 5091 (ἐνίει-οε
2150 5038 2236 5093 bis
2273 5039 2592 5107 auspicatur
2634 5038 2818 5094 verbis
2853 5057 2866 5092 :
2896 5037 3127 5092 Sanctus
3160 5035 3401 5090 Athana-

145 5134 286 5195 sius,
316 5131 454 5186 sedis
481 5129 856 5185 Alexandrina:
883 5132 1153 5200 episcopus
1177 5171 1190 5195 ,
1241 5129 1441 5185 Grcecw
1485 5131 1684 5200 lingua:
1727 5130 2245 5200 experientissimus,
2287 5132 2378 5185 ubi
2421 5133 2602 5186 beatus
2633 5131 2854 5186 Marcus
2900 5131 3219 5202 evangelista
3253 5147 3398 5200 pra:-

147 5225 311 5290 sedit,
341 5232 447 5279 etc.
479 5222 689 5279 Exinde
720 5239 848 5279 vero
885 5225 1258 5280 novemdecim
1287 5224 1527 5294 capitula
1551 5240 1616 5278 ex
1649 5225 1841 5280 eodem
1877 5225 2178 5280 Athanasio
2205 5225 2434 5296 profert,
2466 5240 2698 5295 quorum
2738 5232 3072 5296 postremum
3099 5224 3172 5277 ita
3192 5222 3354 5276 habet
3383 5243 3394 5276 :

147 5317 291 5373 Item
329 5320 464 5371 idem
495 5320 549 5371 in
583 5317 686 5387 ﬁde
715 5319 1010 5373 catholica:
1035 5338 1052 5371 ι
1089 5319 1227 5388 quod
1270 5317 1500 5387 Spiritus
1529 5327 1746 5374 sanctus
1775 5337 1808 5374 a
1842 5319 2008 5374 Patre
2041 5320 2292 5390 procedat
2325 5330 2376 5374 et
2406 5337 2438 5373 a
2461 5319 2628 5374 Filio.
2660 5319 2822 5372 Pater
2858 5334 2892 5370 α
2916 5315 3062 5370 nullo
3091 5322 3169 5370 est
3197 5313 3394 5382 factus,

144 5426 244 5463 nec
274 5418 502 5474 creatus,
535 5426 626 5462 nec
648 5411 872 5478 genitus,
910 5428 928 5459 ι
968 5415 1076 5464 etc.

226 5496 548 5552 Hincmarus
576 5497 883 5563 Remensis,
903 5513 1048 5552 nono
1075 5499 1202 5551 item
1226 5497 1452 5564 saeculo,
1470 5495 1660 5566 primo
1688 5497 1933 5566 capitulo
1955 5497 2033 5551 ita
2055 5497 2300 5566 loquitur
2323 5515 2336 5550 :
2376 5495 2444 5550 Ut
2469 5496 2760 5567 presbyteri
2788 5496 2997 5550 discant
3019 5495 3396 5565 expositionem

145 5589 388 5661 Symboli
403 5601 452 5646 et
477 5591 746 5647 Orationis
775 5592 1080 5658 Dominicaz,
1117 5600 1247 5658 etc.,
1275 5608 1395 5646 cum
1433 5589 1684 5662 Symbolo
1724 5591 2128 5648 Athanasii.....
2163 5609 2362 5648 necnon
2398 5601 2447 5647 el
2482 5609 2778 5647 sermonem
2808 5592 3097 5648 Athanasii
3137 5593 3203 5648 de
3237 5589 3391 5657 Eide,

224 5774 264 5803 ⁸¹
307 5771 452 5824 l‘sal.
485 5787 589 5826 cxx
614 5814 626 5837 ,
661 5770 716 5826 6.
