3864 6208
502 395 634 450 1571
759 441 762 445 .
1633 398 1690 452 S.
1727 397 2028 452 ATHANAE

2236 433 2292 442 —
2325 399 2600 457 SPURIA.
3639 402 3762 460 15τὲ

503 509 654 579 cujus
681 510 890 562 initium
919 519 1038 564 est:
1075 529 1093 562 ι
1127 511 1433 584 Quicunque
1464 515 1571 568 vult
1601 516 1776 570 salvus
1806 533 1940 578 esse,
1971 538 1986 569 ι
2025 519 2291 573 memoritr
2319 521 2534 588 quisque
2577 517 2924 578 commendet,
2962 527 3014 570 et
3045 534 3254 570 sensum
3276 517 3424 571 illius
3476 518 3764 588 intelligat,

501 611 550 656 et
578 600 744 656 verbis
778 601 1139 655 communibus
1173 605 1446 657 enuntiare
1494 616 1670 674 queat.

574 695 893 762 Batnerius,
922 694 1279 752 Leodicensis
1301 699 1613 770 episcopus,
1651 702 1724 752 ita
1767 700 2008 768 loquitur
2049 699 2102 752 in
2134 699 2505 754 admonitione
2546 699 2794 771 synodali
2834 718 2846 752 :
2882 697 2942 753 Si
2984 697 3288 754 Sermonem
3323 699 3623 756 Athanasii
3661 705 3769 771 epi-

503 804 645 855 scopi
675 789 738 840 de
776 785 907 839 Fide
929 797 1127 840 sancta:
1158 787 1461 851 Trinitatis.
1501 794 1652 861 cujus
1678 794 1890 846 initium
1914 801 1994 846 est
2022 810 2040 844 :
2079 811 2095 842 ι
2132 792 2436 862 Quicunque
2465 793 2570 846 vult
2597 793 2777 846 salvus
2806 808 2938 853 esse.
2976 811 2994 844 ›
3041 793 3345 844 memoriter
3365 803 3560 850 teneat.

575 878 723 930 Abbo
754 874 1121 930 Floriacensis
1159 876 1212 930 in
1246 881 1506 951 Apologia
1534 887 1599 935 ad
1635 881 1970 936 Francorum
2013 899 2168 954 reges
2196 883 2475 954 “agonem
2503 892 2556 938 et
2610 884 2908 939 Rohertum
2952 905 2963 938 :
3004 882 3194 936 Fidem
3239 901 3400 954 quam
3443 885 3767 939 alternanti-

502 973 597 1028 bus
625 975 798 1029 choris
823 985 870 1028 et
899 975 952 1026 in
989 974 1221 1027 Francia
1250 984 1299 1025 et
1337 973 1475 1042 apud
1512 974 1800 1045 Anglorum
1843 975 2134 1031 Ecclesium
2161 978 2364 1031 variari
2411 979 2588 1032 audivi
2612 994 2629 1040 ;
2654 978 2749 1031 alii
2780 981 2916 1033 enim
2955 961 3158 1044 dicunt,
3194 987 3252 1030 ut
3282 977 3541 1042 arbitror,
3579 995 3765 1032 secun-

501 1065 627 1118 dum
657 1066 1007 1119 Athanasium
1048 1081 1066 1118 :
1102 1083 1120 1112 ι
1151 1064 1379 1131 Spiritus
1409 1075 1622 1118 sanctus
1657 1082 1689 1116 a
1720 1063 1883 1120 Patre
1901 1077 1950 1119 et
1988 1066 2153 1130 Filio,
2187 1058 2287 1121 non
2315 1068 2511 1136 factus,
2536 1085 2639 1122 non
2670 1080 2902 1135 creatus,
2938 1071 3026 1122 sed
3055 1069 3362 1137 procedens.
3408 1089 3428 1121 ›

574 1163 782 1218 Sarculo
807 1163 1096 1217 undecimo
1123 1159 1356 1222 Gualdo,
1396 1154 1698 1210 monachus
1734 1155 2103 1225 Corlneiensis,
2129 1159 2221 1228 qui
2267 1157 2437 1210 Vitam
2477 1158 2766 1212 Anscharii
2808 1161 3048 1213 carmine
3079 1158 3411 1226 conscripsit
3446 1157 3659 1212 editam
3709 1173 3743 1212 a

501 1253 811 1315 Lambecio,
857 1254 972 1306 hac
995 1252 1063 1307 de
1111 1249 1368 1323 Symbolo
1411 1247 1571 1300 habet
1603 1261 1615 1272 '

783 1343 1210 1411 Catholicamque
1231 1341 1386 1412 ﬁdem
1411 1357 1568 1411 quam
1599 1337 1958 1406 composuisse
2004 1336 2186 1388 beatus

789 1429 985 1484 Fertur
1006 1430 1351 1484 Athanasius.

571 1526 713 1581 Otho
746 1536 926 1580 autem
953 1525 1319 1595 Frisingensis
1353 1526 1423 1578 ita
1460 1524 1706 1593 loquitur
1743 1540 1755 1575 :
1792 1519 2117 1574 Athanasius
2147 1531 2360 1568 manens
2392 1514 2445 1566 in
2479 1512 2717 1566 Ecclesia
2750 1511 3091 1566 Treverorum
3131 1515 3229 1568 sub
3254 1515 3494 1574 Maximo
3516 1522 3634 1590 ejus
3664 1519 3768 1574 Ec-

501 1619 674 1674 clesia:
693 1619 933 1686 episcopo
965 1631 983 1668 :
1029 1634 1047 1666 ί
1090 1614 1394 1684 Quicunque
1424 1613 1554 1676 vult,
1590 1632 1608 1662 ι
1635 1620 1772 1671 etc.,
1803 1627 1833 1662 a
1857 1606 2170 1678 quibusdam
2198 1606 2394 1657 dicitur
2435 1603 2680 1658 edidisse.
3246 1667 3255 1675 _

571 1716 802 1770 Inﬁnit-ae
855 1728 992 1782 pene
1031 1727 1211 1781 opera:
1240 1719 1385 1766 esset
1422 1719 1653 1764 caeteros
1687 1705 1958 1777 sequioris
1989 1704 2089 1758 aevi
2119 1705 2418 1772 scriptores
2441 1714 2735 1755 recensere
2758 1701 2854 1769 qui
2881 1697 3196 1770 Symbolum
3233 1700 3542 1773 Quicunque
3585 1706 3762 1757 ascri-

499 1811 636 1868 bunt
667 1808 1000 1872 Athanasio;
1025 1819 1259 1875 quorum
1293 1801 1627 1862 testimonia,
1659 1807 2086 1868 quantacunque
2132 1793 2451 1854 aﬂ‘erantur,
2479 1793 2628 1861 parvi
2660 1799 2754 1845 aut
2788 1793 2996 1846 nullius
3035 1793 3298 1846 momenti
3336 1805 3466 1848 sunt
3514 1795 3588 1848 ad
3635 1797 3762 1850 illud

499 1901 802 1956 Athanasio
838 1897 1223 1952 vindicandum
1266 1893 1350 1947 vel
1399 1889 1847 1960 abjudicandum.
1888 1887 2141 1956 Adjiccre
2179 1902 2287 1939 non
2329 1885 2511 1954 pigeat
2546 1900 2655 1937 non
2701 1883 2881 1936 visum
2922 1885 3190 1940 hactenus
3235 1887 3407 1943 fuisse
3437 1887 3762 1945 Grecorum

499 1997 792 2066 quodpiam
828 1998 1264 2050 monumentum,
1314 1991 1524 2038 certum
1562 1982 1768 2037 scilicet
1804 1995 1868 2034 ac
1892 1978 2279 2036 indubitatum,
2316 1991 2424 2045 quo
2447 1976 2516 2029 ab
2547 1975 2707 2028 annis
2745 1976 2869 2044 plus
2917 1977 3230 2046 quingentis
3274 1964 3470 2034 notum
3502 1979 3763 2035 Ecclesia:

499 2085 701 2142 Graecae
742 2086 911 2140 fuisse
935 2083 1257 2154 Symbolum
1303 2075 1610 2144 Quicunque
1647 2073 1827 2142 possit
1873 2070 2237 2141 comprobari.
2269 2069 2440 2124 Graeci
2493 2084 2658 2138 porro
2685 2069 2960 2138 sequioris
3000 2069 3123 2145 teri,
3168 2068 3380 2126 Latinis
3406 2087 3474 2126 ex
3513 2071 3763 2142 Symboli

498 2181 823 2234 auctoritate
850 2193 946 2247 pro
964 2175 1202 2244 Spiritus
1221 2166 1396 2225 sancti
1424 2181 1490 2219 ex
1525 2166 1684 2218 Patre
1713 2161 1959 2232 Filioque
1979 2162 2330 2231 processione
2353 2160 2760 2242 comprobanda
2791 2161 3134 2228 urgentibus,
3161 2163 3244 2215 vel
3269 2173 3550 2233 negarunt
3595 2164 3762 2217 Atha-

499 2273 638 2326 nasii
669 2286 808 2335 esse,
833 2270 916 2322 vel
948 2263 1264 2321 inconsulte
1294 2256 1613 2328 Symbolum
1652 2269 1683 2307 a
1718 2262 1911 2308 sancto
1945 2252 2174 2306 Doctore
2199 2253 2574 2320 compositum
2617 2251 2790 2306 fuisse
2825 2250 3095 2315 confessi,
3143 2247 3461 2308 addititiain
3502 2272 3637 2309 esse
3671 2266 3764 2308 vo‘

495 2381 637 2433 cem,
663 2377 712 2420 st
737 2365 900 2429 Filio,
947 2379 1058 2417 non
1093 2361 1272 2413 minus
1302 2353 1707 2409 inconsiderate
1735 2350 2030 2403 commenti
2067 2356 2218 2412 sunt,
2252 2363 2378 2402 cum
2405 2354 2620 2404 constet
2643 2348 2698 2401 in
2728 2349 2989 2404 omnibus
3016 2351 3228 2408 Latinis
3258 2355 3559 2409 codicibus
3593 2356 3762 2410 etiam

497 2458 897 2527 antiquioribus
929 2455 1020 2524 qui
1052 2454 1124 2508 ab
1157 2454 1317 2507 annis
1349 2450 1496 2504 mille
1529 2448 1738 2503 exarati
1773 2454 1926 2509 sunt,
1974 2461 2093 2500 eam
2119 2445 2310 2499 haberi
2369 2459 2584 2498 vocem.
2625 2445 2729 2498 Alii
2765 2452 2950 2500 autem
3005 2447 3381 2517 impudentius
3427 2450 3766 2504 eﬂ‘utit-bant

493 2555 874 2617 Athanasium,
901 2569 1022 2608 cum
1057 2552 1110 2606 id
1153 2552 1335 2621 operis
1365 2549 1570 2610 ederet,
1600 2546 1811 2600 ebrium
1837 2545 2028 2605 fuisse,
2058 2559 2197 2612 quos
2246 2543 2319 2595 ita
2343 2542 2519 2610 carpit
2559 2540 2879 2596 Gennadius
2912 2557 3034 2612 cap.
3089 2542 3115 2594 1
3158 2542 3237 2596 De
3279 2540 3487 2612 Spiritu
3523 2555 3764 2597 sancto:

493 2649 607 2703 Οὐκ
635 2648 906 2702 αἰδοῦνται
937 2645 1135 2712 λέγειν,
1154 2644 1229 2706 ὡς
1258 2642 1286 2692 ὁ
1317 2640 1460 2711 ἱερὸς
1501 2637 1812 2700 Ἀθανάσιος
1848 2635 2098 2705 μέθυσος,
2131 2634 2244 2696 καὶ,
2271 2635 2360 2686 ὅτε
2392 2635 2540 2686 ταῦτ’
2567 2633 2794 2704 ἔγραφε,
2827 2633 3040 2706 πλήρης
3058 2629 3125 2704 ἦν
3157 2632 3321 2690 οἴνου.
3365 2633 3493 2689 Non
3523 2647 3764 2689 verentur

493 2739 663 2794 dicere
694 2739 1046 2792 Athanasium
1074 2735 1277 2789 ebrium
1310 2731 1475 2800 fuisse
1502 2746 1620 2782 cum
1664 2730 1776 2781 ha'c
1803 2726 2074 2788 scriberet,
2097 2734 2146 2778 et
2181 2727 2287 2778 vini
2311 2725 2545 2789 plenum.

1266 2863 1328 2919 ll.
1361 2864 1435 2917 De
1457 2862 1723 2917 codicibus
1757 2868 1811 2914 in
1841 2861 2026 2931 quitus
2048 2869 2222 2912 exstat
2263 2857 2574 2929 Symbolum
2617 2858 2947 2927 Quicunque

567 3009 829 3066 Codicum
863 3011 1102 3064 omnium
1127 3007 1219 3077 qui
1249 3006 1520 3059 hactenus
1555 3003 1659 3057 visi
1697 3002 2092 3072 memoratique
2125 3005 2276 3060 sunt,
2306 2995 2732 3066 antiquissimus
2764 2996 2854 3049 ille
2877 3003 2962 3049 est
2990 2994 3084 3064 qui
3116 2995 3186 3049 ab
3221 2994 3448 3050 Usserio
3470 2996 3760 3057 laudatur.

489 3118 608 3159 avo
633 3102 878 3174 Gregorii
907 3103 1084 3172 Magni
1118 3102 1490 3172 conscriptus,
1528 3101 1572 3155 si
1609 3110 1796 3154 tamen
1819 3115 1883 3154 ea
1927 3116 2056 3152 vere
2089 3099 2160 3153 sit
2203 3097 2324 3166 ejus
2356 3094 2716 3164 manuscripti
2754 3103 2888 3147 a‘tas
2915 3114 2926 3147 :
2955 3109 3081 3147 nam
3117 3094 3270 3148 addit
3307 3092 3578 3152 Usserins
3621 3103 3762 3153 scri-

491 3209 704 3270 pturam
739 3216 852 3254 tcvo
886 3199 1129 3269 Gregorii
1163 3203 1318 3268 longe
1343 3213 1467 3252 esse
1488 3199 1875 3267 posteriorem.
1913 3195 2014 3250 Hic
2061 3196 2269 3249 nullum
2310 3192 2590 3263 prannittit
2624 3192 2914 3262 scriptoris
2951 3208 3170 3257 nomen,
3202 3192 3296 3246 sed
3333 3193 3514 3247 solum
3549 3194 3761 3248 inscri-

489 3291 658 3351 bitur,
688 3288 844 3344 Fi/es
879 3291 1157 3344 catholica.

557 3383 725 3457 654
771 3386 1080 3454 Nongentos
1111 3397 1331 3456 superat
1362 3401 1538 3441 annos
1577 3383 1932 3439 Colhertinns
1965 3382 2137 3439 codex
2169 3380 2291 3446 784,
2331 3378 2625 3433 Saxonicis
2658 3379 2973 3447 descriptus
3017 3379 3241 3443 litteris,
3277 3388 3335 3434 et
3366 3397 3492 3438 mea
3529 3380 3758 3451 quidem

489 3468 767 3532 sententia
803 3487 930 3530 ante
957 3478 1375 3532 tctateuiCaroli
1412 3476 1590 3548 Magni
1623 3477 1823 3531 editus.
1861 3475 1961 3528 i'lic
1996 3473 2174 3527 media
2209 3481 2362 3540 parte
2397 3469 2466 3524 ab
2506 3469 2665 3523 initio
2699 3469 2927 3523 mutilus
2967 3480 3072 3535 est,
3105 3485 3215 3526 non
3269 3473 3582 3528 amissione
3642 3469 3762 3525 folii

486 3575 818 3642 cujuspiam,
853 3575 946 3628 sed
977 3576 1103 3644 quia
1133 3575 1390 3629 librarius
1430 3574 1524 3643 qui
1555 3573 1870 3642 exscripsit,
1909 3588 1970 3626 se
2004 3570 2078 3624 ita
2105 3568 2354 3622 mutilum
2397 3565 2639 3620 Treviris
2668 3565 2943 3634 reperisse
2976 3571 3230 3625 testatur,
3264 3564 3419 3618 nullo
3467 3565 3762 3620 enuntiato

486 3665 730 3719 auctoris
761 3667 1001 3720 nomine.
1029 3667 1395 3732 Quamobrem
1424 3685 1534 3723 non
1562 3683 1662 3724 sua
1697 3669 1860 3722 modo
1892 3672 2053 3720 aetate
2083 3663 2318 3718 eximius
2351 3670 2459 3722 est,
2496 3661 2589 3716 sed
2629 3661 2793 3714 etiam
2826 3660 2951 3730 quia
2980 3675 3048 3714 ex
3092 3660 3404 3729 antiquiore
3437 3659 3761 3729 descriptus

486 3759 678 3813 fertur.
709 3758 847 3813 Sunt
875 3763 966 3829 qui
999 3762 1239 3816 codicem
1270 3763 1420 3816 illum
1446 3762 1585 3816 M00
1621 3778 1893 3817 annorum
1937 3776 2058 3818 esse
2086 3759 2446 3813 aﬂirmarunt.
2481 3755 2683 3812 Verum
2735 3757 2896 3826 periti
2917 3758 3123 3826 quique
3166 3768 3288 3808 aevo
3317 3753 3546 3808 circiter
3577 3753 3760 3824 Pipini

484 3858 768 3904 exaratum
791 3853 1150 3907 arbitrantur.

559 3922 712 3997 Paris
742 3944 933 3997 saltem
964 3945 1311 4014 antiquitatis
1336 3955 1421 4001 est
1449 3938 1941 4015 Sangermanensis
1988 3943 2178 3989 noster
2211 3947 2362 3986 num.
2393 3929 2521 3989 257.
2562 3929 2853 3988 Saxonicis
2885 3935 3090 4002 pariter
3113 3931 3318 3985 litteris
3345 3941 3634 3996 exaratus,
3661 3951 3762 4004 qui

484 4034 706 4088 titulum
738 4035 902 4088 habet
932 4053 946 4089 :
982 4034 1138 4089 Fides
1161 4027 1638 4091 sanctiAthanasii
1669 4028 1898 4100 episcopi
1931 4023 2270 4078 Alexandria!

553 4123 756 4195 Regius
779 4126 950 4178 codex
974 4144 1124 4180 num.
1161 4129 1325 4195 4908,
1357 4143 1622 4182 annorum
1660 4137 1794 4194 pene
1833 4125 2256 4188 nongentorum,
2288 4112 2497 4165 nullum
2529 4109 2690 4162 habet
2723 4105 2965 4170 titulum,
3009 4107 3336 4181 nullumque
3371 4118 3624 4171 auctoris
3663 4133 3760 4172 nu.

483 4232 627 4271 men.
659 4216 910 4286 IEqualis
960 4219 1060 4287 ipsi
1099 4228 1205 4282 est,
1247 4222 1340 4290 qui
1379 4225 1718 4277 memoratur
1761 4229 1792 4267 a
1833 4208 2148 4268 Lambecio,
2195 4211 2482 4272 exstatque
2522 4202 2576 4253 in
2625 4197 2963 4290 Bibliotheca
3010 4197 3284 4268 Caesarea,
3322 4204 3512 4261 Caroli
3565 4207 3748 4280 Magni

475 4308 635 4376 jussu
668 4286 1036 4379 conscriptus,
1061 4312 1220 4379 cujus
1253 4286 1448 4377 titulus
1480 4309 1560 4363 sic
1592 4306 1754 4360 habet
1787 4323 1800 4356 :
1839 4299 1996 4353 Fides
2014 4296 2185 4351 sancti
2239 4291 2526 4346 Athanasii
2575 4289 2804 4356 episcopi
2869 4286 3245 4379 Alcman—drini.

551 4403 733 4461 Codex
763 4406 854 4475 qui
885 4377 954 4460 ab
985 4377 1204 4460 Ussei-io
1227 4406 1425 4460 dicitur
1457 4403 1629 4458 fuisse
1655 4395 1988 4459 Aathelstaui
2012 4392 2310 4462 Anglorum
2344 4387 2510 4457 regis,
2543 4384 2615 4436 ita
2645 4380 2964 4435 inscribitur
3000 4399 3013 4433 :
3047 4377 3210 4435 Fides
3233 4385 3410 4438 sancti
3455 4387 3748 4442 Athanasii

485 4498 854 4552 Alexandrini.

655 4499 854 4552 idr'ni.

531 4499 900 4645 [allici-timus
924 4606 1076 4644 num.
1100 4589 1258 4652 1559,
1294 4590 1387 4659 qui
1418 4588 1520 4643 fuit
1542 4585 1722 4643 Caroli
1751 4582 1902 4639 Calvi
1930 4575 2318 4651 imperatoris,
2349 4570 2668 4626 inscribitur
2700 4587 2712 4621 :
2751 4565 2913 4620 Fides
2935 4565 3224 4659 Athanasii

549 4679 608 4734 In
635 4680 743 4735 alio
781 4679 1241 4751 Sangermanensi
1267 4657 1370 4734 ’ῖὁο
1401 4681 1623 4734 circiter
1658 4689 1953 4736 annorum,
1995 4678 2050 4727 et
2082 4671 2134 4724 in
2173 4668 2338 4722 tertio
2383 4662 2630 4732 ejusde
2665 4657 3009 4722 monasterii,
3047 4662 3278 4716 mllllum
3315 4665 3600 4735 Sequioris
3629 4672 3746 4728 ani.

480 4776 795 4848 Symbolum
827 4779 963 4831 nihil
989 4779 1100 4832 fere
1129 4777 1409 4847 discrepat
1439 4777 1508 4832 ab
1539 4775 1724 4830 editis.

551 4869 695 4923 Duos
728 4884 948 4940 quoque
980 4871 1218 4927 vidimus
1251 4875 1472 4929 codices
1496 4875 1552 4928 in
1582 4868 1833 4927 coenobio
1881 4863 2066 4920 Sancti
2100 4858 2422 4915 Theoderici
2458 4869 2627 4926 prope
2675 4850 2898 4916 Remos,
2930 4850 2985 4903 in
3019 4849 3221 4918 quibus
3245 4849 3575 4923 Symbolum
3614 4855 3745 4923 Qui-

474 4975 676 5026 cunque
709 4959 841 5011 nihil
877 4957 1048 5014 ferme
1087 4959 1268 5015 dillert
1295 4964 1363 5016 ab
1393 4964 1577 5018 editis.

547 5051 740 5105 Exstat
771 5053 902 5107 item
939 5053 1043 5106 hoc
1083 5052 1401 5125 Symbolum
1436 5057 1490 5110 in
1523 5055 1716 5110 codice
1739 5050 2058 5107 Colhertino
2079 5059 2236 5102 num.
2262 5044 2402 5098 5155
2433 5042 2586 5097 nullo
2620 5040 2826 5111 praevio
2855 5035 3141 5109 scriptoris
3188 5044 3436 5110 nomine,
3470 5059 3740 5101 annorum

475 5145 700 5200 circiter
732 5147 857 5202 600.
887 5145 927 5199 E
958 5150 1182 5218 regione
1215 5167 1347 5205 vero
1370 5151 1684 5220 conscripta
1715 5151 1914 5219 legitur
1948 5145 2193 5216 ejusdem
2225 5143 2402 5197 aetatis
2448 5138 2660 5194 Gallica
2699 5137 2906 5199 versio,
2959 5137 3014 5191 in
3052 5133 3160 5189 line
3184 5136 3402 5198 mutila,
3440 5153 3613 5208 quam
3644 5153 3738 5194 nos

472 5237 738 5293 edendam
782 5239 1062 5295 duximus.
1100 5238 1232 5310 Ejus
1261 5242 1424 5299 nobis
1454 5244 1670 5313 c0piam
1705 5239 1835 5295 fecit
1860 5253 2073 5308 suaque
2099 5251 2265 5290 manu
2290 5242 2568 5288 exaratam
2615 5229 2764 5286 dedit
2801 5229 2885 5282 vir
2928 5227 3276 5284 clarissimus
3303 5229 3585 5301 nobisque
3616 5235 3739 5288 ami-

472 5334 729 5389 cissimus
751 5334 1028 5390 Baluzius.

546 5425 698 5478 Alius
728 5425 960 5480 habetur
985 5426 1158 5483 codex
1185 5428 1240 5482 in
1271 5425 1603 5480 Bibliotheca
1632 5419 1746 5475 RR.
1783 5417 1888 5473 PP.
1930 5417 2193 5471 Fratrum
2218 5414 2516 5480 minorum,
2551 5411 2620 5466 ab
2651 5413 2812 5469 annis
2841 5410 3265 5483 quadringentis
3307 5421 3598 5477 exaratos,
3650 5416 3738 5468 ubi

385 5521 392 5528 '
473 5517 789 5587 Symbolum
823 5528 1001 5576 exstat
1047 5519 1242 5574 Latine
1279 5534 1406 5574 cum
1455 5517 1708 5571 versione
1758 5509 1967 5566 Gallica
2015 5524 2046 5564 e
2084 5509 2308 5578 regione
2347 5504 2818 5575 uapatppaastxé‘ig
2857 5505 3144 5559 adornata.
3181 5498 3375 5556 Codex
3426 5511 3618 5558 autem
3656 5516 3734 5558 est

466 5610 792 5667 Psalterium
823 5615 950 5668 olim
977 5615 1044 5668 ad
1068 5628 1226 5668 usum
1257 5609 1603 5665 dominarum
1646 5606 1713 5659 de
1739 5603 1998 5666 Brebant,
2019 5608 2078 5652 ut
2100 5597 2374 5653 indicatur
2401 5597 2453 5650 in
2473 5594 2653 5650 fronte
2677 5595 2824 5660 libri,
2843 5595 2993 5649 hisce
3017 5591 3202 5646 verbis
3226 5594 3546 5648 recentiore
3576 5611 3734 5648 nunc

467 5705 796 5773 conscriptis
831 5705 934 5758 :Ce
965 5704 1214 5757 Psautier
1236 5699 1328 5768 qui
1349 5707 1427 5750 est
1453 5713 1517 5750 en
1533 5694 1692 5749 Latin
1718 5701 1768 5747 et
1790 5707 1855 5746 en
1888 5689 2157 5752 Francois
2196 5697 2274 5742 est
2302 5704 2372 5740 au
2401 5696 2617 5740 convent
2642 5686 2732 5740 des
2753 5685 2971 5742 Sereurs
2991 5681 3244 5737 Heneurs
3264 5684 3332 5738 de
3366 5683 3722 5758 Longchaatp.

469 5800 518 5842 st
549 5790 606 5856 fu
636 5809 740 5845 aus:
775 5794 963 5848 Damcs
993 5793 1055 5846 de
1085 5792 1333 5846 Brebant.
1373 5788 1573 5842 Earum
1607 5801 1804 5842 nomen
1834 5791 1972 5849 erat,
2009 5779 2305 5851 Margarita
2328 5787 2381 5832 et
2407 5776 2638 5842 Joanna,
2671 5791 2900 5846 quarum
2945 5783 3102 5846 pater
3145 5773 3498 5835 Godet'ridus
3515 5778 3587 5836 de
3610 5777 3734 5834 Bre'
