3864 6208
139 397 275 456 15ἷὸ
1094 393 1418 450 DIATRIBE
1455 395 1520 450 IN
1565 395 1665 450 SYl

1852 396 1942 451 ΗΜ
1981 393 2449 464 QUICUNQUE.
3235 393 3378 452 1574

135 514 265 568 bant
295 511 464 566 frater
495 518 612 564 erat
641 509 823 566 Mariae
854 511 1103 584 conjugis
1142 515 1286 585 regis
1323 513 1555 584 Philippi
1585 513 1844 570 Audacis.
1883 514 1942 568 In
1975 513 2290 582 hujusmodi
2324 511 2537 576 codice,
2568 512 2718 582 quod
2762 527 2861 583 per
2886 512 3018 567 mihi
3053 512 3253 568 mirum
3288 514 3374 567 vi—

75 595 90 613 ’
135 617 254 659 sum
270 608 374 668 est,
399 598 592 654 Latino
623 599 881 671 Symbolo
916 603 1006 658 hic
1035 606 1233 659 titulus
1269 605 1620 674 praemittitur
1654 624 1668 660 :
1712 606 1994 660 Canticum
2027 605 2302 674 Bonefacii
2331 621 2348 658 :
2382 604 2438 658 in
2485 603 2665 658 fronte
2697 612 2881 658 autem
2922 603 3146 660 Gallicae
3174 605 3381 660 versio-

135 700 222 754 nis
252 713 281 754 e
303 698 523 768 regione
549 695 864 751 istiusmodi
899 692 1097 764 legitur
1126 691 1416 761 inscriptio
1450 709 1462 745 :
1498 692 1568 746 Ce
1599 692 1756 746 citant
1793 693 1874 761 [ut
1899 694 2042 746 saint
2073 691 2382 746 Anaistaise
2425 692 2515 761 qui
2545 692 2847 758 apostoilles
2881 691 2945 746 de
2987 691 3168 747 Rome.
3202 692 3378 763 Hujus

135 807 298 864 porro
335 790 604 847 versionis
628 805 792 844 manu
827 799 926 844 sua
965 782 1255 852 exscriptae
1291 781 1451 837 nobis
1482 783 1694 851 copiam
1723 781 1852 837 fecit
1880 784 1964 836 vir
1984 783 2237 838 eruditus
2260 783 2451 836 Petrus
2471 780 2732 852 Pelester,
2765 785 2885 854 ejus
2908 785 3143 840 coenobii
3181 785 3380 841 biblio-

139 887 434 942 thecariu's.
2645 876 2647 879 ’

205 977 600 1034 Felckmannus
627 977 695 1032 de
724 968 1006 1032 codicibus
1035 965 1236 1036 quibus
1266 965 1384 1034 ipse
1405 971 1490 1021 est
1514 981 1649 1020 usus
1687 966 1763 1022 ita
1796 966 2076 1036 loquitur:
2113 966 2308 1023 Exstat
2345 969 2441 1024 hoc
2466 969 2778 1041 Symbolum
2808 972 2863 1026 in
2904 978 3088 1026 nostra
3128 972 3304 1025 codice
3343 971 3379 1026 2

139 1088 420 1142 anonymo,
447 1071 536 1126 sed
566 1072 760 1141 absque
778 1063 934 1122 titulo
960 1072 1009 1115 et
1039 1062 1248 1114 nomine
1277 1060 1532 1124 auctoris,
1563 1061 1701 1114 unde
1725 1070 1776 1114 et
1808 1062 1886 1116 sic
1913 1062 2134 1118 editum.
2171 1062 2449 1118 Invenitur
2477 1065 2531 1119 id
2569 1063 2815 1119 similiter
2846 1065 2898 1116 in
2926 1063 3238 1132 fragmentis
3275 1063 3378 1117 Hi-

141 1163 267 1217 larii
295 1163 561 1217 historicis
590 1163 646 1216 in
673 1160 790 1215 cod.
824 1160 982 1214 veteri
1000 1165 1142 1225 part.
1184 1173 1220 1210 ιι
1252 1160 1346 1210 sub
1376 1158 1555 1226 ﬁnem.
1588 1157 1890 1214 Invenimus
1924 1160 2156 1229 idipsum
2198 1164 2364 1216 etiam
2396 1173 2513 1233 post
2541 1165 2597 1216 in
2636 1163 2812 1216 codice
2848 1162 3077 1233 quodam
3113 1162 3382 1218 Palatina:

139 1257 393 1314 Biblioth.
430 1274 670 1328 expresse
706 1255 1000 1310 Athanasio
1039 1253 1348 1320 inscriptum
1387 1252 1539 1323 (licet
1577 1251 1634 1306 id
1665 1255 1978 1309 recentiores
2019 1254 2192 1310 (ἕνωεὶ
2237 1259 2429 1321 nolint,
2462 1267 2520 1311 ut
2548 1257 2721 1313 videre
2752 1269 2829 1313 est
2852 1275 2915 1312 ea:
2938 1258 3183 1327 Epistola
3218 1259 3380 1314 Mele-

143 1354 207 1406 tii
246 1350 821 1421 Constantinopolitani
864 1343 1184 1416 patriarcha
1233 1343 1305 1396 ad
1363 1343 1651 1414 Douzam),
1689 1359 1755 1398 ea:
1799 1362 1900 1414 quo
1949 1347 2111 1399 etiam
2142 1345 2531 1416 discrepantias
2576 1347 2834 1418 quasdam
2887 1350 3206 1404 notabimus.
3257 1349 3380 1405 lla'c

139 1447 558 1506 Felckmannus.

218 1542 290 1597 De
317 1541 526 1596 Graecis
555 1547 735 1594 autem
774 1536 1059 1593 codicibus
1085 1548 1259 1605 pauca
1292 1539 1591 1604 suppetunt
1618 1532 1870 1596 dicenda,
1905 1549 2028 1590 cum
2048 1551 2216 1590 unum
2250 1541 2464 1590 tantum
2496 1537 2944 1608 nobisinspicere
2960 1537 3196 1601 licuerit,
3219 1538 3379 1596 scili-

142 1646 230 1693 cet
247 1624 379 1708 Reg.
402 1635 565 1701 2502,
581 1635 636 1688 in
655 1649 763 1704 quo
792 1639 972 1688 exstat
1003 1629 1318 1701 Symbolum
1343 1629 1622 1696 superiore
1648 1629 1851 1683 saeculo
1875 1638 2180 1682 exaratum.
2209 1629 2286 1685 De
2302 1631 2468 1686 variis
2489 1628 2694 1686 Graecis
2713 1630 2963 1686 formulis
2980 1630 3122 1686 infra
3139 1631 3378 1700 agimus.

919 1773 1004 1828 Ill.
1041 1772 1349 1844 Symbolum
1379 1770 1704 1842 Quicunque
1735 1773 1913 1825 cuisit
1949 1775 2156 1828 auctori
2198 1775 2589 1830 ascribendum.

219 1917 291 1974 Ut
322 1917 577 1986 colligere
605 1920 690 1969 est
719 1928 784 1966 ex
817 1919 1062 1966 veterum
1095 1909 1448 1973 testimoniis,
1475 1915 1640 1980 atque
1673 1925 1740 1964 ex
1775 1908 2026 1964 codicum
2077 1912 2529 1982 inscriptionibus
2554 1913 2808 1983 superius
2847 1912 3154 1978 recensitis,
3187 1911 3256 1966 ab
3285 1926 3384 1968 an-

141 2011 238 2066 nis
266 2009 391 2078 plus
415 2007 562 2061 mille
591 2004 910 2077 Symbolum
952 2004 1260 2074 Quicunque
1306 2003 1610 2057 Athanasio
1655 2003 1757 2056 fuit
1807 2005 2130 2074 ascriptum.
2169 2009 2239 2061 At
2267 2007 2319 2061 id
2361 2025 2471 2062 non
2499 2010 2619 2064 sine
2660 2009 3035 2062 controversia
3083 2008 3383 2065 admissum

146 2103 322 2158 fuisse
349 2100 541 2157 suadet
569 2099 818 2153 codicum
851 2099 1166 2162 multorum,
1195 2098 1356 2151 etiam
1385 2098 1927 2168 antiquissimorum,
1961 2104 2282 2166 auctoritas,
2303 2103 2356 2156 in
2381 2104 2582 2173 quibus
2617 2101 2900 2171 Athanasii
2932 2116 3128 2156 nomen
3161 2103 3386 2160 minime

143 2200 428 2265 comparet
457 2212 471 2248 :
501 2192 694 2248 suadet
723 2191 852 2245 item
889 2189 980 2244 ille
1009 2189 1260 2259 superius
1281 2202 1312 2242 a
1341 2183 1870 2244 nobis'memoratus
1895 2192 2087 2255 codex,
2125 2193 2217 2262 qui
2258 2192 2597 2248 Bonil‘acium
2640 2199 2917 2246 auctorem
2943 2191 3180 2246 exhibet.
3213 2191 3388 2248 Probe

141 2290 351 2362 quippe
369 2287 680 2357 conjectare
721 2286 850 2340 licet
869 2284 1149 2340 Bonifacio
1183 2285 1509 2338 attributum
1553 2283 1746 2347 fuisse,
1781 2285 1910 2354 quia
1947 2301 2110 2340 verus
2155 2300 2557 2356 germanuswe
2614 2291 2806 2337 auctor
2841 2298 2952 2336 non
2997 2293 3158 2338 notus
3201 2291 3386 2338 esset:

144 2399 277 2437 nam
309 2383 355 2438 si
383 2397 484 2452 pro
514 2379 798 2434 Athanasii
828 2377 941 2434 fetu
966 2377 1128 2447 vulgo
1159 2376 1405 2431 habitum
1433 2374 1648 2438 fuisset,
1677 2390 2022 2446 nequaquam
2062 2377 2182 2446 ejus
2218 2377 2339 2430 loco
2369 2375 2790 2431 substituendus
2834 2373 3013 2428 fuerat
3053 2375 3216 2429 alius.
3249 2375 3388 2431 Nam

144 2476 329 2531 solent
352 2473 420 2528 ad
451 2469 976 2526 commendationem
1010 2482 1176 2538 opera
1203 2467 1570 2521 obscurorum
1600 2466 1894 2536 minusque
1924 2474 2179 2520 notorum
2213 2466 2495 2519 hominum
2537 2467 2814 2534 praeclaris
2843 2467 3067 2520 attribui
3102 2468 3388 2536 scriptori-

145 2566 292 2630 bus;
324 2565 472 2634 atqui
490 2571 701 2618 tantum
732 2568 817 2616 est
831 2558 1119 2614 Athanasii
1147 2572 1347 2612 nomen
1369 2564 1428 2612 ut
1457 2573 1526 2611 ne
1554 2559 1812 2626 cogitarit
1831 2557 2052 2628 quidem
2083 2559 2360 2628 quiSpiam
2396 2559 2660 2627 majorem
2687 2575 2752 2612 ex
2783 2559 2890 2614 alio
2923 2563 3166 2615 mutuari
3196 2570 3392 2616 aucto-

145 2661 390 2715 ritatem.
411 2657 690 2713 Accedunt
718 2661 980 2725 praeterea
1023 2652 1323 2707 multorum
1373 2653 1677 2721 praesertim
1720 2653 2016 2708 undecimo
2063 2654 2263 2709 saeculo
2295 2654 2628 2723 scriptorum
2682 2653 3019 2719 testimonia,
3057 2655 3150 2722 qui
3187 2653 3392 2709 diserte

145 2756 308 2808 aiunt
335 2753 710 2824 aquibusdam
740 2758 950 2804 tantum
981 2749 1152 2804 tribui
1198 2749 1502 2805 Athanasio
1541 2749 1860 2821 Symbolum
1901 2751 2229 2822 Quicunque,
2249 2753 2613 2824 .innuuntque
2653 2766 2760 2806 non
2790 2767 2914 2807 esse
2952 2767 3064 2808 rem
3103 2754 3263 2822 vulgo
3304 2768 3394 2807 re-

145 2853 392 2914 ceptam.
421 2841 576 2897 Unde
607 2839 870 2910 consequi
905 2838 1139 2906 videtur,
1171 2837 1510 2911 Symbolum,
1541 2855 1651 2909 quo
1684 2847 1928 2917 tempore
1950 2840 2004 2894 in
2038 2841 2212 2900 lucem
2243 2840 2466 2910 prodiit,
2493 2841 2774 2896 Athanasii
2810 2859 2919 2899 non
2940 2846 3249 2914 pranulisse
3291 2860 3396 2901 no-

148 2952 302 2990 men.
335 2934 442 2990 Sed
467 2933 560 2988 ubi
584 2949 613 2986 a
644 2937 829 2988 nescio
861 2951 972 3008 quo
1005 2936 1230 2990 attribui
1261 2936 1561 2990 Athanasio
1586 2943 1826 3005 coeptum
1856 2935 1982 3002 fuit,
2010 2936 2206 2990 exinde
2229 2951 2483 2992 manasse
2504 2943 2564 2989 ut
2596 2935 2650 2990 in
2670 2939 2856 2994 multis
2879 2941 3163 2998 codicibus
3194 2957 3394 3000 nomen

148 3030 277 3099 ejus
307 3028 743 3099 praemitteretur.
763 3027 828 3082 Et
861 3043 991 3084 vero
1017 3045 1084 3084 ex
1129 3030 1305 3084 tribus
1347 3031 1630 3085 codicibus
1682 3030 1776 3100 qui
1806 3030 1986 3085 Caroli
2034 3030 2208 3100 Magni
2236 3038 2450 3085 aetatem
2483 3046 2742 3100 superare
2789 3037 3194 3104 existimantur,
3243 3041 3394 3097 solus

153 3123 649 3195 Sangermanensis
694 3139 889 3179 nomen
921 3125 1144 3182 exhibet
1170 3124 1480 3192 Athanasii,
1511 3139 1622 3195 quo
1653 3125 1903 3180 innuitur
1938 3127 2122 3181 minus
2159 3125 2500 3196 frequentem
2536 3132 2668 3180 tunc
2701 3128 2870 3184 fuisse
2900 3129 3172 3198 ejusmodi
3198 3133 3397 3188 inscri-

150 3224 419 3294 ptionem.

232 3318 392 3375 Falso
429 3320 613 3388 itaque
653 3318 952 3388 ascriptum
992 3316 1292 3370 Athanasio
1324 3314 1687 3379 arbitrantur,
1722 3319 1836 3366 tum
1873 3327 1936 3367 ea
1971 3329 2137 3382 quam
2172 3328 2339 3383 supra
2379 3313 2828 3378 memoravimus,
2872 3321 2990 3367 tum
3037 3314 3225 3370 multis
3273 3315 3399 3370 aliis

150 3418 228 3474 de
259 3431 460 3471 causns.
501 3416 577 3468 Ex
610 3415 808 3483 quibus
837 3415 929 3467 illa
962 3413 1196 3467 maxime
1233 3418 1410 3481 urget,
1431 3408 1628 3480 quoda
1657 3409 1876 3464 nemine
1915 3409 2270 3479 antiquorum
2326 3417 2454 3465 ante
2507 3411 2801 3479 septimum
2852 3409 3113 3464 saeculum
3163 3425 3401 3466 comme-

149 3517 426 3564 moretur.
457 3506 602 3560 Sane
633 3515 740 3560 tam
763 3503 1042 3575 egregium
1071 3502 1420 3572 Opusculum,
1455 3515 1485 3553 a
1517 3507 1669 3554 tanto
1696 3499 1964 3568 scriptore
1985 3499 2398 3575 concinnatum,
2433 3514 2776 3569 nequaquam
2810 3500 3027 3554 silentio
3072 3502 3400 3570 praetermit-

152 3597 384 3652 tendum
402 3601 518 3650 erat
539 3611 554 3659 ;
578 3594 634 3648 in
654 3595 760 3649 illis
777 3574 1014 3647 maxime
1033 3589 1528 3659 disceptationibus
1547 3604 1668 3659 quae
1690 3604 1813 3642 cum
1834 3574 2195 3655 Nestorianis,
2216 3588 2685 3661 Eutyehianisque
2709 3590 2918 3645 oborta:
2939 3601 3090 3645 sunt.
3113 3591 3400 3647 Athanasii

151 3690 364 3760 quippe
396 3687 771 3742 auctoritatem
804 3688 984 3758 magni
1026 3687 1299 3742 faciebant
1364 3686 1602 3741 haeretici
1646 3686 1748 3740 illi.
1798 3684 1938 3751 Quid
1993 3702 2175 3742 causa:
2218 3687 2386 3757 igitur
2424 3698 2560 3751 erat,
2599 3687 2745 3757 quod
2784 3702 2886 3742 nec
2920 3703 2951 3741 a
2986 3687 3190 3744 Graecis
3238 3704 3338 3744 nec
3371 3705 3402 3742 a

153 3786 373 3841 Latinis
394 3783 843 3839 afferrenturloca
859 3797 924 3836 ex
951 3783 1052 3837 hoc
1071 3782 1328 3854 Symbolo
1349 3791 1624 3851 excerpta,
1641 3780 1840 3852 quibus
1861 3796 2076 3836 errores
2099 3781 2370 3849 ejusmodi
2409 3781 2570 3853 655
2603 3783 2992 3837 confutantur?
3013 3781 3122 3838 Nec
3142 3792 3226 3839 est
3257 3785 3403 3856 quod

152 3886 482 3950 reponatur,
511 3891 630 3932 eam
659 3884 826 3931 totam
850 3886 1060 3947 partem
1093 3878 1333 3951 Symboli
1364 3893 1486 3948 quae
1514 3877 1944 3932 incarnationem
1971 3876 2185 3931 Domini
2223 3877 2467 3947 respicit,
2491 3877 2712 3933 nonnisi
2732 3885 2856 3946 post
2888 3878 3009 3932 illas
3045 3887 3265 3934 exortas
3303 3880 3402 3934 hae-

153 3990 316 4032 reses
340 3973 583 4044 symbolo
645 3972 816 4027 fuisse
841 3973 1108 4045 adjectam
1145 3991 1160 4030 :
1191 3989 1316 4030 nam
1351 3973 1405 4028 id
1425 3973 1595 4043 gratis
1625 3973 1849 4028 omnino
1885 3972 2108 4036 dicitur,
2137 3986 2264 4026 cum
2288 3973 2343 4026 in
2389 3971 2649 4027 omnibus
2695 3970 2789 4039 qui
2831 3969 3094 4024 hactenus
3136 3971 3240 4025 visi
3275 3977 3405 4025 sunt

154 4069 448 4126 codicibus
481 4069 748 4137 integrum
776 4072 949 4120 exstet
979 4063 1316 4135 Symbolum,
1364 4068 1423 4114 ut
1449 4061 1718 4131 hodieque
1759 4061 2044 4115 recitatur.
2098 4059 2366 4115 Praeterea
2435 4061 2489 4113 in
2532 4059 2816 4115 catholicae
2864 4057 2986 4113 fidei
3041 4058 3404 4128 professioni-

155 4161 270 4215 bus
304 4158 554 4212 omnibus
579 4163 742 4226 atque
777 4153 1070 4226 Symbolis,
1105 4167 1215 4206 non
1246 4151 1312 4206 de
1342 4149 1608 4206 Trinitate
1634 4151 1818 4214 modo,
1851 4152 1945 4206 sed
1977 4151 2140 4205 etiam
2170 4151 2238 4206 de
2269 4149 2650 4207 lncarnatione
2674 4149 2872 4223 agitur,
2908 4158 2970 4205 ut
3004 4151 3186 4206 videre
3229 4163 3314 4207 est
3347 4155 3402 4208 in

161 4245 428 4320 Symbolo
458 4247 836 4319 Apostolorum
863 4246 920 4300 in
952 4242 1170 4297 Niceno
1199 4248 1254 4295 et
1282 4241 1337 4294 in
1371 4241 1494 4296 aliis
1514 4241 1857 4310 quibusque.
1892 4240 2260 4309 Quamobrem
2303 4258 2412 4297 non
2444 4244 2621 4312 potuit
2665 4243 2722 4298 in
2755 4252 2864 4298 tam
2901 4243 3113 4313 prolixo
3146 4242 3406 4316 Symbolo

156 4344 484 4416 mysterium
519 4341 916 4396 lncarnationis
946 4338 1016 4393 ab
1053 4338 1208 4392 initio
1233 4337 1603 4435 praetermitti.

242 4458 322 4512 Ad
358 4459 500 4523 haec,
537 4457 583 4514 si
618 4457 742 4528 quis
775 4455 898 4511 fidei
952 4452 1212 4510 formulas
1240 4453 1326 4508 vel
1371 4453 1440 4508 ab
1481 4453 1814 4520 Athanasio,
1877 4454 1965 4509 vel
2011 4454 2299 4511 Athanasii
2343 4472 2458 4512 aevo
2488 4457 2832 4527 conscriptas
2861 4471 2985 4512 cum
3016 4457 3120 4513 hoc
3151 4459 3407 4532 Symbolo

160 4549 438 4612 conferat,
470 4555 682 4606 tantum
711 4543 1100 4601 animadvertet
1125 4542 1267 4597 inter
1295 4541 1386 4595 illa
1421 4541 1780 4607 discriminis,
1808 4549 1868 4596 ut
1898 4543 1982 4598 vel
2017 4544 2145 4599 hinc
2194 4545 2371 4598 solum
2403 4545 2540 4599 nihil
2573 4553 2866 4600 cunctetur
2889 4585 2904 4610 ,
2955 4547 3046 4601 alii
3077 4563 3194 4604 aevo
3243 4567 3405 4621 quam

159 4645 561 4708 Athanasiano,
589 4643 680 4698 alii
705 4639 960 4711 scriptori
990 4653 1151 4713 quam
1165 4636 1462 4692 Athanasio
1488 4635 1806 4707 Symbolum
1837 4638 2172 4706 adjudicare.
2194 4637 2494 4694 Percurrat
2521 4640 2616 4710 qui
2643 4640 2878 4696 voluerit
2907 4657 3048 4712 quas
3078 4643 3408 4700 Athanasius

164 4747 431 4794 accurate
456 4736 673 4806 collegit
699 4735 784 4791 sui
806 4735 906 4790 aevi
937 4735 1058 4790 fidei
1083 4717 1478 4789 confessiones:
1505 4733 1588 4787 An
1620 4733 1910 4788 formulam
1959 4735 2142 4803 istam,
2192 4745 2294 4790 tres
2341 4720 2614 4808 personas,
2643 4747 2734 4793 aut
2759 4737 2965 4803 Graece,
2999 4743 3148 4810 τρεῖς
3175 4742 3409 4799 ὑποστά-

165 4849 292 4894 σεις
322 4832 376 4886 in
405 4829 806 4886 Catholicorum
833 4828 1096 4900 symbolis
1145 4826 1438 4882 admissam
1473 4834 1526 4882 et
1558 4828 1956 4897 promulgatam
2001 4827 2272 4898 reperiet?
2301 4828 2451 4885 Licet
2497 4831 2643 4885 enim
2706 4846 2814 4884 una
2852 4831 3150 4901 eademque
3195 4848 3408 4903 semper

165 4927 339 4980 fuerit
359 4939 420 4978 ea
451 4924 518 4978 de
544 4938 603 4978 re
634 4920 889 4977 Ecclesiae
924 4921 1194 4983 doctrina,
1226 4919 1468 4973 nondum
1501 4928 1679 4973 tamen
1718 4919 1800 4972 hae
1837 4920 2084 4974 formula:
2119 4920 2173 4973 in
2212 4918 2456 4976 Ecclesia
2484 4931 2712 4994 receptae
2741 4928 2824 4982 vel
2854 4927 2911 4982 in
2944 4927 3197 4982 confesso
3230 4937 3406 4992 erant,

166 5031 233 5074 ut
265 5017 439 5072 fusius
469 5015 889 5086 comprobamus
924 5015 979 5069 in
1015 5013 1338 5069 Praefatione
1364 5015 1627 5083 generali.
1687 5012 1782 5069 llle
1816 5015 1940 5069 item
1978 5015 2224 5086 Symboli
2279 5016 2590 5074 versiculus
2618 5039 2631 5074 :
2671 5019 2901 5089 Spiritus
2932 5032 3146 5076 sanctus
3179 5039 3212 5076 a
3246 5022 3410 5080 Patre

163 5120 222 5164 et
269 5108 407 5162 Filio
432 5148 447 5170 ,
493 5124 596 5163 non
616 5107 808 5175 factus,
835 5119 927 5159 nec
947 5110 1178 5164 creatus,
1208 5114 1300 5155 nec
1346 5099 1552 5169 genitus
1579 5139 1592 5163 ,
1628 5098 1718 5153 sed
1774 5101 2080 5170 procedens,
2111 5119 2223 5158 non
2251 5113 2356 5168 est,
2389 5111 2448 5158 ut
2491 5121 2652 5162 nemo
2711 5111 2921 5177 peritus
2951 5124 3063 5164 non
3118 5108 3406 5175 fatebitur,

166 5201 361 5258 saeculi
404 5198 780 5254 Athanasiani.
824 5195 1146 5263 Quanquam
1173 5191 1317 5247 enim
1356 5190 1691 5245 Athanasius
1719 5187 1982 5259 Spiritum
2023 5201 2273 5248 sanctum
2303 5209 2369 5249 ex
2401 5193 2563 5249 Patre
2591 5203 2754 5265 atque
2786 5214 2851 5252 cx
2879 5195 3019 5254 Filio
3047 5216 3273 5255 manare
3298 5218 3410 5257 non

167 5291 344 5346 semel
373 5290 619 5346 docuerit
641 5290 699 5344 in
730 5288 846 5344 suis
877 5301 997 5357 quae
1020 5284 1133 5354 jam
1162 5287 1381 5338 exstant
1407 5281 1686 5350 operibus,
1734 5281 1821 5335 his
1869 5293 2047 5340 tamen
2087 5284 2336 5341 formulis
2366 5301 2645 5356 nunquam
2683 5294 2769 5342 est
2797 5303 2968 5342 usus:
3003 5291 3280 5360 multoque
3311 5294 3406 5346 mi-

166 5397 284 5437 nus
312 5381 417 5436 illae
449 5381 507 5437 in
532 5380 794 5452 symbolis
832 5377 1062 5446 fideique
1090 5371 1530 5430 confessionibus
1556 5372 1736 5427 locum
1769 5374 2028 5430 habuere.
2065 5375 2182 5430 Non
2220 5377 2332 5431 olet
2371 5377 2502 5432 item
2526 5377 2961 5433 Athanasianum
2996 5381 3094 5436 sed
3124 5380 3411 5454 Eutychia-

171 5486 310 5527 num
338 5486 516 5526 aevum
556 5471 650 5526 illa
683 5469 968 5526 clausula:
1017 5468 1161 5524 Unus
1219 5467 1433 5521 omnino
1479 5482 1584 5520 non
1613 5468 1922 5536 confusione
1952 5467 2306 5534 substantiis,
2369 5472 2459 5524 sed
2513 5473 2718 5527 unitate
2768 5489 3024 5542 personas.
3070 5473 3222 5532 Licet
3267 5479 3412 5534 enim

169 5559 458 5633 quidpiam
482 5559 660 5616 simile
685 5559 744 5613 in
769 5558 890 5628 ejus
923 5558 1144 5628 scriptis
1167 5561 1521 5625 compareat;
1563 5556 1810 5613 nondum
1842 5565 2025 5615 tamen
2072 5561 2389 5616 obtinuerat
2425 5569 2484 5616 ut
2516 5564 2568 5616 in
2601 5562 3041 5632 professionibus
3073 5565 3196 5623 fidei
3221 5566 3411 5641 hujus-

172 5651 334 5709 xnodi
355 5650 623 5708 sententia
651 5666 757 5706 usu
779 5652 1008 5710 veniret.

171 5799 176 5803 -
255 5761 376 5818 Huc
403 5762 610 5820 accedit
641 5761 882 5836 Symboli
917 5767 1080 5823 verba
1129 5766 1564 5838 sententiamque
1611 5766 1863 5824 Latinum
1917 5767 2158 5827 indicare
2206 5770 2554 5840 scriptorem,
2590 5787 2766 5844 neque
2821 5775 2984 5831 ullam
3032 5777 3303 5837 versionis
3347 5791 3412 5837 cx
