3864 6208
503 373 645 429 1575
1607 367 1666 424 S.
1701 365 2164 423 ATHANASIUS.
2205 397 2276 407 -—
2315 365 2592 422 SPURIA.
3619 369 3755 420 15ἒο

493 491 682 549 Graeco
705 491 864 547 factae
895 500 1080 546 notam
1105 486 1396 562 praeferre.
1428 486 1485 540 Si
1519 502 1736 542 versum
1760 503 1824 541 ex
1856 486 2047 540 Graeco
2081 483 2298 547 fuisset,
2327 484 2496 538 multa
2540 481 2745 536 Graeca
2779 480 3034 536 dictionis
3073 481 3129 534 in
3172 477 3368 532 Latina
3421 477 3760 547 interpreta-

492 586 640 640 tione
677 594 1076 654 comparerent,
1110 585 1190 638 uti
1225 585 1362 640 solet
1392 586 1448 638 in
1484 584 1603 652 ejus
1631 584 1730 638 invi
1781 583 2127 638 versionibus
2157 581 2459 636 observari.
2512 578 2700 649 Neque
2728 577 2837 632 dici
2877 591 3039 648 posse
3070 576 3286 630 videtur
3327 575 3399 630 ab
3452 573 3764 630 Athanasio

495 679 665 738 fuisse
696 681 885 736 Latine
916 682 1122 736 editum
1156 700 1170 735 :
1211 696 1449 751 namque
1482 681 1767 751 scriptoris
1797 690 1882 734 est
1925 694 2026 749 pro
2058 679 2150 732 illa
2183 685 2341 732 aetate
2370 675 2561 731 Latine
2588 674 2928 746 peritissimi,
2961 689 3068 729 non
3093 674 3265 730 solum
3299 673 3508 743 quippe
3539 671 3761 736 verbis,

492 771 588 826 sed
619 774 782 827 etiam
808 773 1047 828 numeris
1075 774 1416 845 modulisque
1444 772 1654 828 Latinis
1683 779 1899 826 constat
1922 771 2024 825 hoc
2061 769 2401 841 Symbolum,
2421 767 2621 836 vixque
2654 768 2912 822 credatur
2938 772 3151 820 tantum
3181 773 3403 833 tamque
3427 761 3762 818 familiarem

493 860 700 919 Latinae
726 867 921 936 linguae
953 883 1111 922 usum
1137 867 1436 921 Athanasio
1467 865 1660 920 fuisse.

569 954 794 1011 Demum
830 957 878 1010 si
934 947 1243 1026 hujuSmodi
1290 956 1608 1027 Symbolum
1660 953 1984 1008 adornasset
2039 953 2393 1016 Athanasius,
2428 968 2709 1023 nunquam
2767 960 2884 1006 erat
2910 949 3218 1006 emissurus
3257 949 3764 1004 consubstantialis

492 1071 700 1118 vocem,
741 1054 899 1123 cujus
929 1067 1096 1106 causa
1126 1061 1242 1106 toto
1267 1053 1391 1106 vitae
1425 1067 1538 1105 suae
1569 1050 1848 1105 curriculo
1881 1049 2219 1103 concertavit
2243 1088 2258 1113 ,
2320 1048 2597 1118 tantisque
2647 1047 2906 1117 periculis
2936 1042 3253 1115 perfunctus
3283 1049 3391 1096 est.
3434 1040 3612 1096 Hisce
3666 1057 3763 1096 nos

492 1150 827 1220 argumentis
877 1147 1140 1217 permoti,
1201 1146 1520 1217 Symbolum
1559 1147 1868 1215 Quicunque
1927 1144 2230 1198 Athanasio
2282 1145 2662 1199 incunctanter
2718 1138 3143 1212 abjudieandum
3209 1137 3576 1191 arbitramur.
3641 1135 3762 1190 Jam

489 1239 863 1308 disquiramus
894 1243 1076 1289 utrum
1108 1236 1339 1289 aliorum
1364 1237 1458 1305 qui
1491 1235 1612 1303 ejus
1643 1244 1897 1290 auctores
1925 1249 2047 1289 esse
2071 1233 2344 1298 feruntur,
2371 1235 2607 1304 cuipiam
2643 1233 2715 1289 sit
2744 1233 3127 1288 ascribendum

563 1332 768 1386 Hilario
793 1330 1040 1384 nonnulli
1069 1331 1370 1400 ascriptum
1401 1331 1714 1392 voluerunt,
1743 1329 1872 1399 quia
1906 1329 2167 1383 nimirum
2197 1330 2252 1382 in
2287 1329 2479 1384 codice
2511 1328 2747 1398 quodam
2797 1334 2980 1381 exstat
3007 1336 3129 1396 post
3169 1324 3364 1380 Hilarii
3419 1325 3761 1396 fragmenta,

489 1422 658 1487 Quasi
692 1435 820 1475 vero
853 1421 906 1474 id
934 1434 1042 1474 non
1065 1420 1226 1489 vulgo
1249 1429 1303 1475 et
1337 1420 1393 1474 in
1424 1421 1698 1491 plerisque
1735 1421 2018 1475 codicibus
2052 1421 2408 1483 observetur,
2452 1428 2512 1474 ut
2539 1419 2710 1473 multa
2752 1419 3093 1480 diversorum
3142 1432 3306 1487 opera
3348 1425 3766 1487 consequenter

488 1520 544 1571 in
580 1516 967 1586 manuscriptis
1004 1514 1406 1570 describantur.
1447 1515 1583 1570 Cum
1617 1525 1796 1570 autem
1842 1517 1896 1568 in
1929 1514 2202 1584 ejusmodi
2247 1514 2438 1569 codice
2471 1522 2594 1584 post
2627 1513 2907 1568 Hiiariana
2934 1527 3100 1582 opera
3141 1513 3293 1566 nullo
3330 1513 3639 1582 praemisso
3669 1528 3764 1566 auo

487 1611 656 1666 ctoris
690 1611 910 1663 nomine
947 1616 1279 1678 compareat,
1307 1609 1454 1674 hinc,
1488 1610 1566 1663 uti
1602 1609 1715 1679 jam
1764 1623 1930 1679 supra
1965 1609 2226 1672 diximus,
2266 1606 2609 1663 inferendum
2635 1646 2651 1671 ,
2706 1613 2820 1660 tum
2864 1612 3143 1660 exaratum
3194 1603 3404 1669 fuisse,
3437 1662 3440 1663 ν
3477 1619 3615 1658 cum
3669 1618 3765 1673 pro

486 1704 858 1758 Athanasiano
888 1702 1128 1758 nondum
1157 1704 1319 1774 vulgo
1351 1704 1668 1758 haberetur.

558 1817 791 1872 Eusebio
822 1813 1151 1870 Vercellensi
1182 1815 1424 1869 tribuere
1445 1815 1711 1868 nonnulli.
1748 1814 1841 1878 At,
1872 1821 2236 1884 praeterquam
2260 1811 2406 1882 quod
2435 1811 2586 1866 nullo
2619 1809 2994 1871 fundamento,
3028 1807 3175 1861 nulla
3205 1807 3553 1862 auctoritate
3573 1806 3766 1860 nititur

486 1914 602 1968 haec
627 1913 832 1983 opinio,
864 1911 1076 1965 videtur
1100 1909 1420 1980 Symbolum
1447 1925 1477 1962 a
1509 1913 1814 1965 recentiore
1846 1908 2138 1983 prodiisse_
2159 1909 2448 1976 scriptore.
2481 1904 2616 1960 Nam
2645 1919 2767 1975 quae
2811 1904 2868 1958 in
2894 1918 2960 1957 eo
2996 1908 3214 1956 exstant
3241 1900 3309 1956 de
3339 1901 3539 1954 divina
3574 1909 3635 1956 et
3661 1901 3762 1955 bu-

486 1975 882 2060 mana-Christi
915 2010 1108 2056 natura
1191 2002 1450 2056 saeculum
1499 2002 1746 2057 redolent
1783 1975 2210 2064 Nestorianum;
2255 1975 2478 2068 ipsaque
2533 2003 2644 2050 tota
2694 1994 2820 2049 ﬁdei
2865 1992 3129 2058 formula,
3179 1993 3246 2048 iis
3282 1999 3371 2048 est
3419 1993 3675 2048 vocibus
3715 2004 3765 2048 et

485 2096 749 2153 clausulis
782 2095 1103 2164 composita,
1137 2101 1196 2146 ut
1221 2094 1288 2148 ad
1321 2093 1541 2149 Eusebii
1571 2111 1743 2149 aavum
1773 2094 1995 2148 minime
2030 2092 2304 2163 pertinere
2339 2091 2536 2146 valeat.

559 2192 696 2246 Sunt
730 2193 856 2246 item
887 2189 980 2260 qui
1019 2187 1335 2259 Symbolum
1368 2192 1615 2245 tribuant
1642 2189 1960 2256 Anastasio,
1987 2204 2148 2259 quam
2171 2188 2498 2243 sententiam
2533 2184 2896 2256 subaugurari
2927 2184 3052 2238 licet
3079 2183 3329 2236 obortam
3353 2198 3427 2237 ex
3463 2183 3762 2237 nominum

486 2280 869 2346 similitudine;
903 2282 1158 2335 nimirum
1188 2281 1242 2333 in
1272 2281 1459 2336 codice
1485 2283 1722 2352 quodam
1754 2281 1913 2336 facile
1955 2280 2216 2336 substitui
2262 2294 2362 2350 pro
2407 2278 2710 2333 Athanasio
2762 2276 2936 2346 potuit
2973 2275 3324 2330 Anastasius.
3372 2273 3600 2330 Verum
3657 2277 3764 2329 sive

487 2371 695 2451 Sinaita
727 2371 837 2431 ille,
879 2372 992 2425 sive
1029 2369 1482 2426 Bibliothecarius
1512 2372 1838 2426 Anastasius
1869 2370 2221 2440 intelligatur,
2252 2370 2432 2424 neutri
2462 2375 2644 2440 potest
2679 2366 2980 2437 assignari;
3016 2381 3127 2420 non
3172 2365 3386 2435 priori,
3445 2368 3592 2437 quia
3621 2375 3763 2422 recte

484 2464 872 2533 comprobatur
899 2478 928 2515 a
963 2462 1157 2516 Latino
1197 2463 1464 2533 scriptore
1496 2464 1702 2518 editum
1734 2463 2062 2534 opusculum
2117 2461 2306 2526 fuisse,
2339 2461 2451 2516 imo
2492 2461 2656 2516 etiam
2691 2460 2811 2530 ipso
2838 2458 3133 2514 Anastasio
3189 2457 3489 2528 antiquius
3520 2473 3674 2522 esse,
3701 2473 3762 2512 ex

484 2553 736 2606 codicum
761 2561 934 2613 aetate,
965 2559 1018 2606 et
1051 2567 1117 2605 ex
1147 2550 1523 2609 Eduensibus
1555 2554 1807 2624 superius
1832 2553 2012 2608 allatis
2043 2551 2362 2607 Canonibus
2408 2559 2911 2618 commonstratur;
2964 2550 3108 2606 unde
3157 2550 3322 2604 etiam
3352 2551 3541 2623 liquet
3592 2552 3761 2606 multo

483 2641 669 2696 minus
696 2642 989 2698 Anastasio
1020 2641 1187 2694 tribui
1223 2658 1384 2712 posse
1410 2643 1853 2698 Bibliothecario.

555 2731 834 2786 Bonifacio
875 2730 1090 2784 cuidam
1131 2729 1208 2782 uti
1242 2744 1407 2800 supra
1436 2732 1676 2785 diximus
1710 2732 1935 2787 ascribit
1967 2731 2140 2787 codex
2168 2745 2334 2788 unus.
2387 2728 2494 2786 Sed
2536 2744 2639 2785 nec
2670 2731 2795 2799 quis
2826 2732 2898 2786 sit
2936 2731 3028 2787 ille
3059 2731 3382 2787 Bonifacius
3407 2771 3425 2796 ,
3480 2747 3590 2786 nec
3623 2732 3759 2786 unde

483 2823 742 2877 librarius
771 2822 1043 2893 ejusmodi
1089 2828 1366 2876 auctorem
1397 2823 1710 2894 expiscatus
1756 2827 1846 2889 sit,
1877 2825 1930 2879 in
1973 2836 2228 2896 promptu
2273 2831 2359 2880 est
2391 2824 2657 2880 ediscere.
2709 2824 2889 2890 Quare
2915 2825 3055 2880 nihil
3085 2827 3318 2881 ulterius
3366 2824 3440 2880 de
3472 2824 3758 2879 Bonifacie

484 2919 821 2974 disseremus

560 3015 757 3084 Vigilio
783 3014 1040 3084 ascripsit
1067 3028 1310 3084 nuperus
1334 3012 1556 3082 quidam
1585 3012 1822 3082 scriptor
1841 3011 1917 3082 (ὅ)
1941 3028 1955 3076 ;
1982 3011 2075 3082 qui
2103 3018 2310 3077 tamen,
2342 3023 2404 3066 ut
2423 3013 2568 3069 valet
2595 3015 2898 3084 sagacitate
2923 3021 2980 3069 et
3006 3013 3340 3078 eruditione,
3371 3013 3611 3068 nonnisi
3632 3027 3761 3067 con-

476 3113 734 3183 jectando
767 3113 1028 3182 loquitur.
1054 3110 1148 3165 Hae
1177 3125 1310 3165 vero
1339 3122 1520 3162 causae
1545 3115 1676 3162 sunt
1707 3106 1852 3177 quod
1883 3107 2025 3162 hanc
2065 3107 2155 3162 ille
2185 3108 2499 3178 opinionem
2531 3111 2602 3166 sit
2632 3112 2952 3181 amplexus:
2991 3111 3047 3164 i'
3074 3099 3231 3177 Quo'd
3271 3111 3490 3167 soleret
3523 3109 3760 3180 Vigilius

481 3224 610 3263 suas
643 3209 1049 3263 lucubrationes
1085 3206 1384 3260 Athanasio
1416 3205 1732 3258 ascribere:
1768 3203 2078 3273 cujusmodi
2108 3213 2192 3260 est
2219 3203 2477 3276 Dialogus
2508 3206 2774 3262 adversus
2809 3206 3168 3274 Sabellianos,
3201 3208 3450 3264 Arianos
3498 3216 3556 3263 et
3611 3206 3760 3261 Pho-

480 3300 740 3354 tinianos.
781 3297 843 3352 2°
875 3297 1026 3364 Quod
1063 3297 1378 3368 Eutychetis
1409 3293 1555 3348 haud
1585 3295 1660 3348 ita
1686 3294 1899 3364 pridem
1939 3294 2313 3366 insurgentem
2353 3297 2588 3352 haeresin
2617 3313 2934 3370 oppugnare
2956 3314 3246 3370 aggressus
3271 3300 3347 3354 sit
3375 3298 3645 3370 V'igilius.
3689 3300 3760 3353 At

477 3390 721 3460 ejusdem
753 3406 969 3444 errores
1000 3392 1101 3443 hec
1130 3390 1185 3442 in
1219 3387 1476 3458 Symbolo
1499 3386 1888 3456 exploduntur.
1929 3386 1986 3440 5°
2035 3387 2191 3452 Quod
2219 3387 2529 3458 frequentes
2562 3390 2703 3460 apud
2729 3390 2981 3446 eumdem
3009 3389 3263 3462 Vigilium
3316 3400 3633 3446 occurrant
3672 3391 3759 3445 lo-

477 3485 680 3554 quendi
713 3486 953 3541 rationes
987 3486 1043 3540 in
1073 3484 1332 3556 Symbolo
1364 3494 1658 3552 usurpatae.
1696 3480 1897 3537 Verum
1926 3483 2040 3537 haec
2074 3493 2392 3555 argumenta
2441 3487 2611 3556 probe
2635 3486 2940 3543 confutavit
2967 3488 3222 3544 laudatus
3249 3488 3337 3540 vir
3364 3489 3755 3545 Anthelmius.

476 3581 545 3636 Et
579 3599 732 3647 sane,
768 3591 827 3636 ut
856 3583 1238 3638 animadvertit
1262 3583 1372 3645 ille,
1404 3588 1573 3635 ruunt
1600 3581 1717 3636 haec
1745 3582 1950 3649 omnia,
1976 3583 2068 3636 ubi
2109 3583 2417 3638 ostenditur
2449 3583 2701 3656 Dialogos
2733 3585 2857 3640 illos
2889 3585 2982 3656 qui
3012 3585 3157 3638 inter
3183 3583 3573 3640 Athanasiana
3597 3599 3757 3638 com-

475 3687 670 3751 parent
698 3695 896 3751 opera,
937 3689 990 3734 et
1020 3679 1321 3735 Chililetius
1358 3677 1556 3750 Vigilio
1605 3677 1960 3747 adjudicavit,
1990 3693 2336 3749 nequaquam
2362 3693 2486 3734 esse
2521 3677 2723 3748 Vigilii.
2760 3677 2918 3746 Quod
2955 3680 3125 3750 probe
3171 3679 3434 3750 superius
3472 3697 3580 3737 suo
3629 3681 3759 3735 loco

474 3777 1068 3832 commonstrabamus.
1099 3774 1327 3830 Etiamsi
1361 3789 1491 3830 vero
1526 3771 1709 3844 Vigiiii
1741 3783 1928 3829 essent
1973 3773 2217 3844 Dialogi,
2260 3789 2371 3828 non
2403 3773 2587 3829 statim
2616 3774 2746 3829 hinc
2779 3782 3215 3844 consequeretur
3243 3775 3373 3844 ejus
3404 3791 3536 3831 esse
3572 3775 3757 3846 Sym-

473 3867 679 3924 bolum.
709 3869 866 3936 Nam,
891 3869 1035 3940 quod
1083 3867 1533 3922 animadvertisse
1560 3843 1792 3936 juvabit,
1826 3882 1927 3938 pro
1959 3843 2240 3938 explorato
2292 3869 2603 3924 habendum
2625 3909 2640 3932 ,
2683 3867 2926 3941 Symboli
2957 3870 3318 3940 scriptorem,
3376 3872 3449 3926 iis
3479 3843 3760 3942 loqilem'i

473 3963 675 4028 modis,
708 3964 776 4020 iis
809 3977 971 4020 usum
1006 3965 1292 4019 sententiis
1323 3961 1515 4027 fuisse,
1543 3977 1664 4031 qum
1703 3977 1806 4017 suo
1832 3977 1950 4016 aevo
1985 3979 2013 4015 a
2048 3962 2259 4018 Latinis
2288 3961 2566 4028 Patribus,
2596 3964 3002 4036 Catholicisque
3029 3967 3164 4021 viris
3200 3965 3551 4034 frequentius
3577 3983 3761 4024 usur-

472 4061 782 4129 pabantur:
821 4075 999 4130 neque
1034 4059 1333 4128 putandum
1370 4073 1541 4112 novas
1594 4057 1747 4112 illum
1782 4057 1999 4112 dicendi
2033 4057 2297 4114 formulas
2349 4067 2716 4114 commentum
2767 4074 2938 4116 esse:
2983 4060 3078 4116 sed
3126 4076 3221 4116 eas
3271 4069 3334 4114 ut
3387 4062 3446 4116 in
3481 4062 3758 4121 confesso

473 4161 607 4207 tunc
631 4165 789 4208 erant
823 4155 1128 4225 collegisse.
1174 4153 1313 4208 Hinc
1355 4154 1533 4223 palam
1563 4167 1650 4206 res
1679 4159 1800 4215 est,
1845 4151 1989 4221 quod
2026 4151 2168 4221 apud
2197 4137 2588 4223 Augusiinum,
2614 4154 2846 4224 ejusque
2877 4169 3162 4224 suppares,
3194 4147 3551 4208 Vincentium
3606 4155 3758 4211 Liri-

473 4259 719 4311 nensem,
749 4244 1026 4316 Vigilium,
1061 4253 1115 4301 et
1145 4245 1281 4299 alios
1316 4244 1544 4299 inferius
1576 4245 1847 4300 notandos
1871 4284 1886 4309 ,
1946 4243 2093 4298 haud
2145 4247 2314 4300 semel
2345 4255 2640 4301 occurrant
2685 4249 2958 4317 ejusmodi
3003 4249 3310 4303 sententiae.
3350 4245 3509 4302 Unde
3562 4253 3754 4304 mani-

471 4335 673 4390 festum
703 4343 787 4391 est
815 4337 1020 4390 nullam
1048 4342 1437 4406 congruentem
1470 4335 1739 4390 hactenus
1769 4335 1990 4389 allatam
2022 4350 2143 4392 esse
2177 4351 2400 4392 causam
2420 4377 2434 4402 ,
2469 4351 2640 4408 quare
2661 4337 2862 4411 Vigilio
2882 4341 3212 4396 ascribatur.

549 4426 678 4482 Afro
725 4429 909 4499 itaque
960 4426 1158 4498 Vigilio
1217 4428 1355 4482 nihil
1392 4433 1477 4482 est
1525 4427 1672 4497 quod
1729 4427 2047 4499 Symbolum
2111 4427 2419 4501 Quicunque
2479 4433 2775 4488 tribuatur.
2833 4433 2905 4488 At
2961 4434 3092 4488 huic
3142 4433 3359 4489 Gallum
3411 4441 3746 4494 auctorem,

467 4518 636 4590 656
665 4519 1010 4576 Vincentium
1042 4537 1236 4592 nempe
1283 4521 1622 4577 Lirinensem
1647 4565 1662 4589 ,
1718 4523 2000 4578 substituit
2029 4525 2283 4580 laudatus
2311 4527 2395 4580 vir
2447 4526 2792 4583 Anthelmius
2812 4568 2826 4593 ,
2877 4530 2970 4600 qui
3002 4544 3156 4584 suam
3209 4529 3363 4583 hisce
3393 4530 3748 4598 argumentis

468 4613 622 4668 hisce
645 4613 828 4668 verbis
859 4612 1184 4668 sententiam
1215 4615 1449 4668 asserit:
1485 4613 1538 4666 1ο
1564 4614 1717 4680 Quod
1747 4615 1836 4667 ille
1867 4618 2186 4683 tempestatis
2235 4618 2414 4691 istius,
2452 4634 2564 4690 qua.
2587 4620 2846 4691 digestum
2874 4629 2952 4674 est
2981 4619 3291 4691 Symbolum
3310 4659 3325 4679 ,
3359 4620 3742 4673 nobilissimus

467 4706 695 4774 scriptor
721 4707 1013 4769 exstiterit;
1043 4706 1100 4759 2°
1128 4705 1266 4776 quod
1314 4706 1598 4760 Iueresibus
1633 4707 1824 4760 bellum
1863 4708 2090 4763 indicere
2122 4727 2310 4779 scopas
2362 4689 2470 4781 ipsi
2514 4689 2676 4782 fuerit
2708 4715 2927 4775 unicus;
2958 4689 3190 4782 ,ὅσ-(μιαί
3221 4729 3453 4776 errores,
3490 4712 3746 4783 Symboli

467 4797 792 4865 confessione
821 4797 1099 4866 sigillatim
1137 4797 1445 4866 perstrictos
1465 4837 1482 4862 ,
1519 4797 1728 4851 eosdem
1755 4800 1944 4867 specie,
1981 4816 2073 4853 nec
2113 4802 2272 4864 alios,
2304 4805 2517 4872 scriptis
2549 4806 2660 4859 suis
2693 4805 3000 4875 impugnare
3027 4805 3312 4875 delegerit;
3364 4804 3427 4856 4°
3452 4805 3599 4872 quod
3641 4805 3743 4858 sub

467 4892 641 4947 alieno
676 4894 886 4948 nomine
918 4894 973 4946 in
1005 4892 1104 4945 hac
1137 4893 1392 4962 palaestra
1438 4894 1628 4946 mereri
1657 4895 1958 4962 aﬁ‘ectarit;
1989 4895 2051 4949 5°
2085 4897 2223 4966 quod
2253 4898 2356 4966 ipsi
2388 4898 2687 4953 Trevirense
2713 4901 2903 4962 solum,
2937 4916 3029 4952 seu
3072 4899 3286 4969 Belgica
3315 4898 3521 4964 prima,
3549 4899 3607 4950 in
3634 4914 3746 4966 qua

463 4983 636 5049 primo
666 4993 926 5053 repertum
946 4992 1025 5039 est
1057 4983 1369 5054 Symbolum
1397 5024 1412 5048 ,
1456 4985 1637 5053 patria
1665 4984 1860 5054 fuerit;
1889 4983 1946 5039 6°
1981 4987 2122 5055 quod
2164 4989 2275 5056 ipse
2312 5005 2431 5042 cum
2471 4989 2703 5058 ejusdem
2734 4991 3132 5059 metropoliticaz
3158 4989 3305 5042 urbis
3341 4988 3591 5041 antistite
3625 4999 3742 5040 tum

463 5076 688 5143 sedente,
720 5077 1097 5132 necessitudine
1122 5076 1360 5131 videatur
1389 5077 1686 5148 obligatus;
1723 5079 1775 5131 7°
1805 5080 1946 5150 quod
1976 5081 2031 5134 in
2064 5082 2300 5152 aliquam
2339 5081 2420 5138 Μ.
2468 5084 2751 5140 Athanasii
2788 5084 3186 5140 similitudinem
3234 5102 3268 5138 a
3305 5084 3502 5153 patriis
3536 5082 3740 5152 ﬁnibus

463 5169 602 5222 velut
635 5171 862 5223 extorris
898 5172 1096 5239 egerit;
1153 5170 1214 5226 8°
1250 5171 1389 5240 quod
1423 5173 1478 5224 in
1532 5172 1713 5242 aliquo
1743 5190 1840 5227 suo
1879 5177 2046 5245 priori
2074 5191 2226 5245 opere
2262 5178 2500 5248 Symboli
2526 5179 2848 5246 locutiones,
2892 5181 3307 5250 insignioresque
3346 5178 3618 5249 formulas
3645 5193 3740 5230 ec-

463 5265 694 5329 cuparit,
727 5277 816 5314 nec
838 5260 1006 5315 verbis
1041 5261 1372 5316 solummodo
1401 5263 1478 5316 vel
1504 5261 1968 5330 characteristicis,
1998 5275 2055 5319 ut
2085 5268 2163 5320 ita
2192 5269 2386 5331 dicam,
2419 5270 2631 5325 vocibus
2652 5305 2670 5337 ,-
2705 5270 2795 5326 sed
2824 5271 3229 5325 transitionibus
3250 5309 3267 5335 ,
3318 5269 3416 5324 sed
3448 5284 3734 5337 compara-

464 5352 728 5415 tionibus,
770 5352 861 5406 sed
894 5352 1080 5408 iisdem
1108 5365 1431 5409 postremum
1464 5364 1663 5421 tenore,
1706 5365 2120 5428 contextumque
2160 5361 2467 5425 ratiocinii,
2518 5378 2639 5416 cum
2684 5361 2922 5432 Symboli
2951 5361 3194 5416 methodo
3238 5370 3290 5415 et
3319 5361 3558 5432 artiﬁcio
3606 5373 3736 5430 pro-

460 5458 671 5512 gressus
698 5445 890 5512 fuerit;
919 5447 976 5501 9‘
1011 5446 1150 5516 quod
1183 5447 1238 5500 in
1265 5445 1379 5515 ejus
1413 5461 1448 5498 a
1475 5461 1530 5498 se
1559 5454 1671 5498 tum
1704 5446 1958 5514 exposita:
1999 5447 2125 5517 ﬁdei
2163 5449 2543 5518 confessionem
2563 5482 2583 5515 ς
2633 5451 2785 5504 miris
2819 5467 2882 5504 ac
2927 5451 3135 5504 iteratis
3179 5451 3375 5504 mentis
3430 5447 3736 5504 excessibus

461 5540 668 5597 raptus,
707 5533 942 5600 ejusdem
971 5533 1257 5603 aliquando
1304 5533 1684 5600 retractanda,
1717 5542 1767 5588 et
1816 5533 2108 5604 elegantius
2139 5537 2458 5606 exponenda:
2488 5537 2748 5593 indicium
2793 5538 3127 5609 prodiderit;
3162 5537 3255 5594 10·
3289 5537 3434 5608 quod
3464 5548 3734 5606 postremo

461 5618 533 5670 ad
558 5618 693 5672 hanc
720 5619 1078 5688 exponendam
1109 5638 1322 5675 ooeram
1349 5621 1582 5691 jsolemni
1637 5623 1986 5692 promissione
2021 5641 2133 5681 sese
2168 5629 2563 5692 constrinxerit.
2607 5629 2740 5699 Qua:
2769 5631 2981 5701 gemina
3013 5630 3228 5686 tandem
3249 5640 3304 5687 et
3325 5646 3522 5703 urgens
3545 5629 3736 5686 elucet-

462 5707 651 5760 brandi
674 5708 911 5778 Symboli
937 5713 1143 5766 occasio
1183 5714 1312 5779 luit.

532 5819 609 5886 (ὅ)
640 5817 914 5882 Quesnell.
949 5820 1004 5876 in
1036 5822 1164 5878 edit.
1192 5823 1248 5880 S.
1282 5824 1500 5883 Leonis.
