3864 6208
453 319 593 377 1579
1548 323 1607 379 S.
1648 321 2110 380 ATHANASIUS.
2150 353 2222 364 —
2252 322 2528 380 SPURIA.
3584 327 3716 388 £580

450 440 601 497 hisce
634 442 852 497 verbis:
890 441 1036 496 Unus
1069 443 1282 497 omnino
1307 458 1410 497 non
1433 443 1743 511 confusione
1771 443 2106 509 substantiae,
2151 445 2242 500 sed
2271 445 2476 499 unitate
2514 461 2773 515 persona,
2804 447 2963 515 plane
2994 449 3205 504 levatur
3239 464 3307 504 ex
3349 449 3521 505 simili
3559 447 3718 504 Com-

449 536 727 590 monitorii
769 537 890 592 loco
921 537 1175 607 superius
1205 538 1426 608 posito:
1454 553 1522 592 ex
1550 553 1660 606 quo
1689 539 1867 608 palam
1892 547 1997 599 est.
2033 545 2161 594 ante
2193 539 2697 596 Chalcedonensem
2733 542 3002 611 synodum
3040 542 3095 595 in
3136 555 3237 596 usu
3283 541 3458 597 fuisse
3491 557 3618 596 eam
3644 541 3719 594 lo-

447 627 649 695 quendi
675 626 987 683 formulam.
1017 627 1298 699 Siquidem
1324 627 1650 683 Vincentius
1681 628 1738 682 in
1767 628 2196 685 Commonitorio
2225 631 2435 701 aliquot
2462 640 2591 686 ante
2617 646 2737 686 eam
2761 633 3030 703 synodum
3051 635 3210 689 annis
3237 650 3265 687 a
3292 650 3350 688 se
3377 633 3718 702 conscripto,

448 721 516 780 iis
539 729 622 777 est
657 737 790 776 usus
821 721 1068 777 vocibus.
1105 721 1363 778 Fatemur
1395 729 1577 778 tamen
1608 723 1768 778 nobis
1792 723 2035 778 nondum
2065 741 2294 795 prorsus
2329 734 2613 790 constare,
2643 726 2814 783 fuisse
2837 726 3154 798 Symbolum
3187 741 3216 778 a
3251 725 3549 781 Vincentio
3586 723 3722 776 Liri-

445 821 604 876 nensi
637 822 1009 892 conscriptum
1039 840 1051 875 :
1084 821 1136 876 id
1165 821 1341 874 solum
1366 819 1538 889 liquet
1570 838 1583 874 :
1618 827 1680 874 ut
1721 817 2038 875 Vincentius
2069 821 2124 875 in
2159 821 2594 878 Commonitorio
2627 836 2787 878 voces
2815 822 3017 891 passim
3065 823 3122 876 in
3155 821 3404 877 Ecclesia
3458 835 3567 876 suo
3615 833 3722 875 aevo

445 915 762 971 observatas
795 931 894 985 pro
919 915 1022 970 ﬁde
1058 913 1381 984 exponenda
1410 914 1723 983 usurpavit,
1757 914 1833 968 ita
1864 922 2146 970 auctorem
2173 913 2439 986 Symboli,
2470 917 2728 987 quisquis
2758 917 2980 971 tandem
3021 915 3112 970 ille
3155 915 3246 977 sit,
3282 913 3519 968 vocibus
3561 929 3722 967 usum

443 1021 566 1062 esse
595 1023 696 1062 suo
725 1023 841 1063 :evo
873 1009 928 1062 in
964 1007 1209 1063 Ecclesia
1252 1009 1522 1078 receptis;
1569 1009 1678 1063 imo
1711 1011 2070 1079 conspicuum
2112 1017 2196 1064 est
2226 1017 2484 1064 neutrum
2530 1011 2693 1065 aliam
2741 1020 2928 1066 tenere
2959 1010 3122 1075 viam,
3153 1009 3277 1064 aliis
3305 1009 3387 1062 uti
3435 1008 3612 1062 dictis
3637 1008 3724 1060 de-

443 1100 650 1156 buisse.
689 1101 763 1156 Ea
787 1103 932 1156 enim
959 1111 1044 1157 est
1075 1103 1439 1167 consuetudo,
1477 1111 1535 1157 ut
1565 1103 1620 1157 in
1649 1104 1913 1159 cudendis
1949 1102 2225 1174 Symbolis
2256 1113 2309 1160 et
2332 1105 2485 1161 Fidei
2511 1105 2978 1168 confessionibus,
3014 1101 3270 1172 loquendi
3299 1100 3482 1154 solum
3524 1110 3724 1168 genera

442 1193 606 1262 vulgo
637 1207 666 1246 a
697 1192 994 1248 Catholicis
1020 1201 1284 1262 usurpata
1326 1193 1712 1258 adhibeantur,
1745 1208 1846 1248 nec
1875 1208 2015 1248 nova
2045 1193 2492 1261 introducantur,
2526 1196 2635 1250 nisi
2678 1195 2735 1249 in
2765 1195 3016 1266 synodis,
3047 1207 3111 1246 ac
3139 1205 3210 1245 ne
3257 1189 3314 1243 in
3344 1188 3584 1259 synodis
3616 1189 3726 1258 qui-

442 1287 588 1350 dem,
611 1288 722 1342 nisi
745 1287 1084 1357 gravissima
1114 1287 1182 1342 de
1211 1302 1400 1342 causa.

512 1379 670 1444 Quod
699 1385 978 1449 postremo
1002 1380 1125 1433 loco
1153 1377 1378 1441 dicitur,
1415 1375 1762 1430 Vincentium
1799 1376 1864 1430 ad
1897 1375 2020 1432 fidei
2054 1375 2460 1432 confessionem
2490 1377 2672 1434 denuo
2703 1378 3044 1433 tractandam
3076 1387 3130 1432 et
3164 1374 3574 1445 explanandam
3613 1389 3726 1429 sese

441 1468 670 1523 solemni
697 1468 1062 1537 promissione
1082 1467 1500 1530 constrinxisse,
1539 1465 1592 1520 id
1628 1481 1760 1520 sane
1790 1467 1857 1521 de
1885 1465 2143 1537 Symbolo
2176 1468 2492 1537 hujusmodi
2523 1470 2843 1525 adornanda
2865 1468 3091 1538 intelligi
3119 1481 3230 1521 non
3261 1481 3425 1536 posse
3455 1466 3640 1533 liquet
3667 1481 3725 1518 ex

439 1559 558 1628 ejus
591 1559 812 1614 verbis:
847 1558 976 1612 Haec
1018 1558 1074 1611 in
1103 1571 1351 1619 excursu,
1384 1554 1582 1622 inquit,
1614 1554 1758 1608 dicta
1792 1565 1935 1623 sunt,
1971 1543 2211 1622 alias,‘°si
2245 1557 2355 1612 Deo
2399 1559 2680 1627 placuerit,
2712 1559 2925 1614 uberius
2965 1556 3247 1612 tractanda
3285 1567 3334 1610 et
3381 1555 3726 1622 explicanda.

438 1651 575 1718 Quis
609 1650 757 1705 enim
789 1663 901 1702 non
928 1648 1129 1713 videat,
1163 1645 1250 1698 his
1281 1643 1636 1714 prolixiorem
1668 1644 1914 1713 promitti
1941 1652 2256 1712 tractatum,
2287 1662 2400 1702 non
2432 1647 2552 1717 ipso
2591 1648 2850 1719 Symbolo
2878 1657 3107 1718 tantum,
3140 1651 3238 1706 sed
3266 1649 3439 1704 etiam
3466 1648 3729 1702 Commo-

438 1745 676 1800 nitorio:
710 1744 858 1814 quod
895 1743 1066 1797 multo
1103 1740 1369 1808 prolixius
1403 1745 1488 1793 est
1523 1737 1803 1808 Symbolo,
1841 1739 2188 1811 Quicunque?
2569 1793 2575 1800 ,

507 1836 777 1890 Caeterum
808 1849 933 1889 cum
966 1849 1033 1889 ex
1076 1833 1260 1888 allatis
1290 1848 1458 1902 supra
1501 1835 1834 1889 testimoniis
1868 1819 2119 1891 videJtur
2170 1837 2226 1891 in
2267 1837 2460 1895 Galliis
2494 1839 2729 1910 primum
2753 1841 3020 1896 celebrari
3062 1824 3294 1912 coepisse
3342 1839 3452 1894 hoc
3490 1836 3726 1911 Symbo-

436 1939 570 1993 lum,
604 1929 749 1983 haud
782 1929 878 1982 abs
907 1942 967 1981 re
1014 1927 1328 1994 conjectant
1369 1926 1572 1980 eruditi
1617 1927 1740 1992 viri,
1774 1929 1830 1982 in
1876 1927 2069 1984 Galliis
2100 1931 2235 1986 illud
2290 1932 2462 1988 fuisse
2493 1935 2900 1989 elucubratum.
2932 1935 3090 2001 Quod
3125 1935 3255 1990 item
3300 1932 3449 1988 forte
3494 1934 3729 1988 suadeat

437 2021 858 2092 antiquissimus
888 2019 977 2074 ille
1008 2020 1063 2072 in
1102 2017 1293 2074 Galliis
1323 2028 1376 2074 et
1419 2020 1476 2074 in
1519 2020 1714 2092 Anglia
1773 2038 1893 2078 mos
1928 2021 2168 2095 Symboli
2204 2027 2513 2082 alternatim
2555 2030 2881 2085 concinendi
2917 2048 2931 2083 :
2970 2032 3208 2102 itemque
3234 2045 3370 2087 mss.
3404 2028 3730 2085 Gallicano-

437 2132 558 2170 rum
590 2116 745 2184 copia
775 2122 829 2170 et
855 2114 1170 2184 antiquitas.
1205 2113 1447 2171 Treviris
1469 2125 1652 2171 autem
1689 2117 1758 2172 ab
1793 2118 2097 2174 Athanasio
2139 2120 2310 2177 fuisse
2369 2105 2698 2178 adornatum
2741 2133 3014 2180 testantur
3053 2122 3180 2177 Otto
3217 2121 3466 2191 Frising.
3499 2133 3562 2176 et
3611 2129 3728 2192 post

437 2209 590 2262 illum
624 2205 915 2261 Durandus
945 2205 1023 2259 De
1049 2207 1141 2275 0/)".
1170 2207 1400 2264 diu..lib.
1432 2225 1506 2272 tv,
1539 2223 1661 2278 cap.
1704 2209 1760 2264 2.
1794 2208 1897 2264 Sed
1925 2211 2194 2267 Baronius
2221 2213 2289 2267 ad
2318 2229 2448 2268 ann.
2483 2215 2610 2279 540,
2643 2215 3015 2285 opinatur°ab
3051 2212 3354 2267 Athanasio
3396 2210 3604 2266 Romae
3644 2225 3730 2266 ca-

433 2299 692 2355 tholicam
722 2299 853 2354 fidei
888 2297 1288 2368 professionem
1333 2316 1519 2356 coram
1565 2298 1712 2355 Julio
1759 2301 2014 2371 pontiﬁce
2065 2302 2238 2360 fuisse
2267 2306 2573 2361 recitatam.
2609 2304 2728 2373 Qua
2763 2307 2832 2362 de
2862 2322 2944 2376 ,re
2993 2304 3126 2377 quid
3155 2303 3519 2360 sentiendum
3557 2303 3636 2358 sit
3667 2317 3726 2356 ex

434 2396 815 2468 superioribus
842 2396 1034 2468 liquet.

1176 2537 1268 2595 ιν.
1300 2538 1379 2593 De
1395 2540 1566 2593 uariis
1594 2537 1833 2609 Symboli
1871 2538 2140 2608 formulis,
2177 2556 2297 2594 cum
2325 2539 2558 2606 Latinis,
2597 2551 2708 2596 tum
2739 2539 2960 2596 Graecis.

504 2658 682 2713 Latini
709 2658 929 2714 codices
961 2656 1206 2728 plerique
1236 2673 1428 2713 omnes
1465 2655 1784 2729 Symbolum
1810 2656 2072 2713 exhibent
2103 2673 2228 2714 cum
2258 2660 2547 2729 perpaucis
2577 2659 2958 2724 varietatibus,
2995 2673 3106 2713 uno
3136 2664 3369 2728 excepto
3401 2655 3728 2711 Colbertino

431 2759 837 2831 antiquissimo,
868 2756 964 2827 qui
995 2772 1104 2812 non
1139 2755 1433 2821 sententia,
1467 2754 1564 2810 sed
1595 2754 1760 2809 verbo
1794 2760 2008 2808 tantum
2041 2763 2201 2810 tenus
2225 2755 2455 2810 multum
2483 2756 2757 2826 discrepat
2779 2756 2848 2809 ab
2877 2755 3062 2810 editis.

501 2848 705 2904 Greca:
737 2863 865 2903 vero
902 2848 1152 2903 formulae
1183 2847 1258 2902 ita
1290 2846 1435 2900 inter
1465 2859 1524 2899 se
1550 2843 1858 2909 dissonant,
1892 2853 1952 2899 ut
2003 2860 2035 2898 a
2085 2847 2252 2901 variis
2301 2847 2694 2917 interpretibus
2733 2863 2799 2902 ex
2841 2846 3039 2904 Latino
3081 2849 3270 2905 Graece
3313 2863 3516 2903 versas
3557 2845 3728 2902 fuisse

429 2945 788 3014 conspicuum
823 2943 916 2998 sit.
947 2942 1194 3009 Quatuor
1217 2936 1498 2994 afferimus
1534 2937 1766 2994 inferius
1792 2958 1805 2992 :
1833 2936 2161 3010 Gudlingius
2193 2957 2323 2996 vero
2352 2942 2405 2994 in
2439 2942 2584 2997 notis
2614 2941 2681 2996 ad
2717 2941 3128 2998 Zialowiskium
3160 2956 3258 2995 sex
3293 2939 3474 2994 edidit
3511 2939 3727 2993 formu-

429 3038 542 3105 las,
558 3053 623 3093 ex
651 3051 882 3106 quarum
911 3041 1093 3088 tamen
1119 3046 1350 3087 numero
1383 3040 1492 3084 tres
1517 3030 1591 3084 ita
1624 3031 1768 3085 inter
1793 3046 1855 3087 se
1885 3040 2016 3088 sunt
2043 3033 2252 3101 amnes,
2296 3041 2355 3089 ut
2385 3035 2579 3105 paucis
2607 3034 2875 3090 duntaxat
2905 3032 3236 3092 lectionibus
3263 3031 3552 3097 differant,
3587 3047 3729 3102 quas

427 3147 531 3186 nos
557 3127 941 3184 adnotavimus
964 3127 1030 3180 ad
1055 3127 1273 3180 tertiam
1303 3122 1615 3178 formulam.

500 3217 897 3285 Primaitaque
925 3214 1161 3268 formula
1191 3211 1404 3278 Graeca,
1443 3227 1508 3266 ea
1540 3219 1625 3266 est
1649 3226 1816 3282 quam
1844 3211 1912 3266 ad
1945 3212 2107 3270 ﬁdem
2143 3215 2526 3273 Palatinorum
2552 3217 2806 3274 codicum
2835 3218 3008 3274 edidit
3043 3217 3479 3284 Felckinannus,
3514 3217 3584 3273 de
3612 3232 3725 3288 qua

426 3311 684 3381 superius
714 3316 896 3363 actum
928 3307 1051 3361 fuit.

499 3407 775 3472 Secunda,
811 3403 1243 3476 quamedimus,
1278 3401 1536 3467 formula,
1565 3400 1678 3471 jam
1720 3401 1849 3455 olim
1887 3399 2093 3469 publici
2122 3400 2267 3470 juris
2308 3399 2450 3454 facta
2487 3417 2583 3472 per
2620 3399 3034 3455 Genebrardum
3067 3413 3216 3453 anno
3243 3397 3410 3465 l563,
3443 3415 3613 3470 quam
3646 3402 3724 3454 ait

427 3500 519 3554 ille
547 3514 671 3555 esse
701 3497 960 3552 Ecclesia:
985 3495 1631 3564 Constantinopolitanae,
1665 3499 1845 3548 exstat
1893 3494 1950 3546 in
2003 3493 2172 3562 Regio
2206 3492 2395 3546 codice
2441 3509 2596 3546 num.
2641 3491 2805 3552 2502,
2840 3492 2968 3546 olim
3006 3506 3073 3544 ex
3108 3489 3458 3543 Bibliotheca
3489 3490 3726 3546 Joannis

426 3587 644 3642 Huralti
686 3586 1016 3643 Boistallerii
1050 3601 1079 3638 a
1109 3584 1305 3639 Carolo
1332 3583 1402 3636 lx
1432 3581 1692 3637 Venetias
1720 3583 1904 3651 legati.
1940 3582 1999 3636 In
2034 3597 2145 3653 quo
2176 3582 2367 3637 codice
2399 3583 2513 3637 haec
2556 3583 2816 3653 leguntur
2858 3590 2984 3636 ante
3012 3579 3297 3650 Dialogum
3342 3579 3403 3633 S.
3432 3580 3724 3636 Athanasii

425 3696 550 3735 cum
580 3681 710 3735 Ario
739 3699 752 3734 :
790 3678 863 3731 Τὸ
904 3677 1077 3748 παρὸν
1109 3676 1312 3746 βιϐλίον
1339 3675 1551 3747 ἐγράφη
1583 3673 1711 3744 παρ’
1737 3673 1873 3744 ἐμοῦ
1917 3675 2186 3744 Ζαχαρίου
2218 3673 2408 3744 ἱερέως
2439 3674 2532 3726 τοῦ
2567 3675 2784 3745 Κρητὸς
2808 3674 2900 3727 τοῦ
2927 3674 3250 3744 Μαραφαρᾶ
3293 3673 3385 3726 διὰ
3409 3675 3728 3745 συνδρομῆς

425 3775 520 3828 καὶ
556 3773 749 3844 μισθοῦ
784 3771 876 3824 τοῦ
905 3770 1246 3833 ὲνδοξοτάτου
1276 3769 1466 3840 κυρίου
1510 3769 1756 3821 Ἰωάννου
1790 3765 2228 3836 Βοῖσταλλερίου,
2257 3766 2543 3836 πρέσϐεως
2581 3765 2851 3840 Ἐνετίῃσι
2871 3767 2964 3819 τοῦ
2994 3768 3455 3838 ἐκλαμπροτάτου
3488 3772 3588 3823 καὶ
3619 3787 3728 3838 γα-

424 3867 716 3939 ληνοτάτου
748 3865 1006 3919 αὐθέντου
1034 3865 1196 3936 σύρου
1225 3863 1442 3934 Κάρλου
1478 3861 1742 3932 βασιλέως
1775 3861 1814 3912 Γ
1818 3860 2012 3914 ἀλλων.
2061 3860 2274 3924 Καίτοι,
2319 3857 2412 3910 ἐὰν
2447 3857 2648 3928 εὕρητέ
2696 3875 2748 3910 τι
2791 3856 2970 3922 λάθος,
3015 3858 3322 3926 σύγγνωτε·
3371 3860 3730 3932 ἀνθρώπινον

424 3959 598 4023 πάθος
637 3960 699 4013 τὸ
730 3959 1087 4030 ἁμαρτάνειν.
1122 3960 1424 4032 Ἔρρωσθε.
1465 3960 1520 4015 ld
1566 3968 1672 4024 est,
1715 3958 1819 4012 Hic
1863 3957 1950 4012 Lil

2238 3956 2532 4025 descriptus
2577 3965 2657 4010 est
2695 3954 2962 4010 Zacharia
3009 3956 3367 4028 Maraphara,
3416 3962 3731 4032 presbytero

424 4055 686 4119 Cretensi,
717 4070 812 4124 ope
839 4070 900 4107 ac
930 4052 1163 4107 mercede
1184 4065 1398 4124 accepta
1429 4053 1717 4108 clarissimi
1741 4052 1941 4104 domini
1965 4050 2192 4104 Joannis
2225 4049 2391 4119 658
2420 4047 2773 4114 Boistallerii,
2830 4047 3058 4103 Venetiis
3081 4056 3359 4114 rersantis,
3397 4055 3568 4124 legati
3589 4073 3733 4123 pra:-

423 4152 710 4207 clarissimi
763 4168 824 4205 ac
863 4151 1186 4205 serenissimi
1221 4151 1424 4205 domini
1461 4150 1645 4206 Caroli
1686 4151 1822 4220 regis
1867 4147 2168 4202 Gallorum.
2214 4145 2274 4200 Si
2316 4161 2468 4216 quem
2503 4159 2661 4214 porro
2705 4145 2913 4211 lapsum
2961 4143 3388 4209 deprehendalis,
3438 4149 3728 4215 ignoscite.

423 4247 690 4302 Humanw
715 4256 792 4301 est
831 4246 1164 4316 inﬁrmitatis
1192 4260 1407 4314 peccare
1432 4258 1450 4296 :
1483 4241 1707 4297 Salvete.
1736 4241 1800 4295 Et
1829 4241 2060 4295 inferius
2088 4258 2102 4293 :
2143 4237 2186 4290 Τ
2191 4237 2518 4304 ranscriptus
2548 4245 2597 4289 et
2626 4238 2922 4305 recognitus
2947 4235 3078 4290 liber
3113 4237 3197 4290 hic
3238 4247 3340 4299 est,
3373 4253 3444 4292 ex
3469 4241 3729 4293 cetastis-

422 4341 556 4393 simo
585 4340 876 4408 exemplari
917 4337 1156 4402 Cretico;
1204 4337 1432 4392 Venetiis
1462 4353 1600 4390 anno
1628 4334 1783 4398 1562,
1815 4336 2049 4402 impensa
2090 4331 2237 4402 facta
2263 4347 2547 4385 aureorum
2573 4329 2645 4384 Χ.
2677 4329 2972 4384 Zacharias
3015 4328 3261 4384 sacerdos
3290 4331 3646 4400 transcripsit
3673 4338 3731 4383 et

419 4434 625 4490 habuit.
649 4433 925 4488 Incertum
969 4444 1148 4488 autem
1180 4439 1367 4484 utrum
1395 4445 1461 4484 ex
1488 4429 1581 4483 illo
1610 4425 1757 4498 quod
1789 4433 2057 4481 memorat
2089 4423 2469 4479 vetustissimo
2497 4423 2794 4492 exemplari
2832 4422 3148 4492 Symbolum
3178 4423 3348 4477 etiam
3386 4426 3462 4478 sit
3509 4431 3728 4477 mutua-

421 4539 546 4586 tus:
575 4527 748 4586 codex
775 4531 977 4600 quippe
1000 4528 1192 4597 ampla:
1227 4526 1387 4580 molis
1419 4525 1588 4577 multa
1622 4532 1675 4578 et
1703 4523 1857 4578 varia
1889 4521 2434 4591 complectitur,quaa
2471 4518 2722 4573 dubitare
2749 4517 2875 4572 licet
2901 4533 2970 4572 ex
3001 4528 3180 4568 unone
3206 4512 3410 4568 codice
3442 4517 3726 4582 exscripta

420 4627 629 4683 fuerint
662 4641 734 4680 an
758 4641 824 4682 ex
859 4624 1258 4694 compluribus.
1300 4620 1444 4676 Sane
1478 4621 1690 4674 nullum
1736 4619 1977 4673 vidimus
2022 4615 2272 4671 Graecum
2313 4614 2480 4685 hujus
2517 4611 2763 4684 Symboli
2805 4612 3052 4667 codicem
3098 4608 3192 4678 qui
3229 4615 3624 4663 trecentorum
3648 4607 3725 4662 sit

420 4731 714 4774 annorum.
747 4729 850 4768 nec
880 4714 1166 4783 antiquum
1198 4715 1365 4769 alium
1398 4729 1429 4766 a
1459 4712 1720 4783 quopiam
1750 4711 1928 4765 visum
1973 4709 2146 4764 fuisse
2181 4709 2458 4762 novimus.

491 4810 699 4881 Tertia,
735 4815 974 4886 primum
1009 4813 1152 4868 edita
1179 4811 1283 4867 fuit
1308 4812 1377 4866 ab
1405 4810 1645 4866 Henrico
1688 4807 1967 4877 Stephano
1997 4820 2142 4859 anno
2178 4803 2338 4859 1565.
2379 4802 2584 4858 Deinde
2606 4815 2739 4856 vero
2770 4815 2799 4854 a
2841 4798 3090 4855 Gilberto
3118 4794 3495 4886 Genebrardo
3526 4812 3594 4851 ex
3627 4809 3724 4848 co—

419 4913 540 4968 dice
575 4885 766 4967 Lazari
794 4908 989 4969 Baillii,
1026 4922 1152 4961 cum
1179 4904 1349 4959 variis
1379 4901 1710 4956 lectionibus
1732 4913 1800 4953 ex
1832 4896 2072 4951 editione
2101 4894 2322 4949 Henrici
2355 4891 2619 4962 Stephani
2644 4907 2766 4960 quae
2791 4891 2849 4945 in
2886 4887 3170 4945 nonnullis
3199 4885 3273 4940 ab
3304 4901 3378 4940 ea
3414 4885 3716 4955 discrepat.

421 5002 664 5072 Itemque
696 5016 760 5056 ex
794 5009 1073 5069 postrema
1110 4994 1474 5050 conciliorum
1505 4990 1769 5050 editione,
1793 5001 1917 5057 qua:
1942 4986 1995 5040 in
2025 4985 2276 5055 pluribus
2307 4982 2488 5038 diﬂert
2510 4983 2579 5036 ab
2608 4993 2860 5052 utraque.

490 5097 697 5163 Quarta
732 5095 886 5150 Fidei
931 5091 1186 5156 formula,
1228 5103 1324 5143 seu
1382 5083 1566 5139 versio
1595 5079 1841 5149 Symboli
1873 5077 2180 5146 Quicunque
2212 5075 2269 5129 in
2302 5085 2580 5144 postrema
2622 5073 2996 5128 Conciliorum
3029 5071 3276 5126 editione
3317 5086 3464 5128 cusa
3511 5079 3615 5132 est,
3644 5083 3718 5122 ex

421 5161 646 5248 Usserio
675 5175 986 5259 desumpta,
1026 5199 1190 5257 quam
1226 5178 1486 5236 Usscrius
1520 5193 1586 5231 ex
1638 5173 1862 5228 Patricii
1906 5170 2058 5224 Junii
2099 5168 2412 5239 apographo
2453 5175 2762 5232 mutuatus,
2794 5165 3072 5235 publicam
3117 5163 3332 5219 fecerat
3369 5179 3526 5218 anno
3561 5161 3717 5218 16η.

419 5284 546 5343 llaec
565 5285 726 5354 plane
755 5255 1229 5354 παραφραοτικῶς
1255 5269 1573 5339 conscripta
1599 5265 1722 5320 fuit.
1752 5263 1958 5336 Estque
1988 5269 2182 5316 notatu
2209 5261 2459 5330 dignum,
2483 5260 2549 5354 in
2577 5259 2756 5354 prima
2784 5266 2839 5312 et
2865 5266 3142 5354 postrema
3171 5255 3419 5354 formula
3450 5256 3716 5354 Spiritum

419 5349 674 5432 sanctum
703 5374 813 5429 dici
840 5349 1020 5429 solum
1054 5387 1120 5426 ex
1164 5371 1326 5425 Patre
1358 5363 1679 5438 procedere,
1712 5361 1769 5414 in
1810 5359 2055 5415 secunda
2077 5364 2131 5411 et
2164 5357 2346 5418 tertia,
2379 5371 2446 5410 ex
2477 5353 2641 5409 Patre
2668 5352 2918 5422 Filioque
2947 5370 2961 5405 :
2998 5353 3144 5406 unde
3176 5350 3443 5407 fortassis
3477 5349 3718 5438 suspicio

416 5472 602 5524 veniat
635 5470 807 5524 fuisse
839 5469 960 5523 illas
995 5483 1026 5521 a
1059 5465 1271 5520 Latinis
1298 5437 1494 5525 editas,
1552 5472 1677 5512 cum
1704 5455 1847 5508 hanc
1875 5451 2049 5507 Graaci
2081 5450 2388 5506 doctrinam
2417 5456 2673 5519 proterve
2695 5461 2759 5502 ac
2792 5455 2996 5501 temere
3028 5454 3226 5498 contra
3254 5453 3588 5499 sanctorum
3610 5437 3719 5496 Pa-

420 5577 567 5619 trum
596 5568 762 5619 etiam
791 5561 1106 5618 Graecorum
1139 5557 1466 5615 sententiam
1499 5552 1810 5623 repudient.
2761 5632 2792 5633 η
2935 5631 2944 5633 4
3499 5627 3512 5633 Α
3669 5622 3706 5633 ί,

492 5658 609 5713 Non
641 5661 910 5731 ingratum
941 5657 1126 5712 lectori
1167 5656 1283 5711 fore
1317 5662 1599 5723 putamus,
1624 5646 1768 5717 quod
1809 5644 1970 5699 binas
2006 5639 2244 5696 Gallicas
2269 5637 2554 5693 versiones
2584 5635 2671 5691 his
2710 5631 3112 5731 adjecerimus:
3426 5627 3600 5731 prior,
3623 5627 3710 5678 uti

421 5753 624 5806 dictum
648 5723 752 5820 est,
777 5767 842 5806 ex
872 5751 1060 5808 codice
1086 5751 1400 5807 Colbertino
1424 5745 1568 5802 '5l35
1601 5760 1631 5800 a
1662 5742 1768 5800 600
1800 5740 1960 5796 annis
1986 5737 2300 5808 conscripta
2333 5741 2436 5791 est.
2467 5733 2658 5790 Altera
2680 5744 2808 5785 vero
2832 5743 2900 5784 ex
2923 5725 3114 5784 codice
3141 5724 3262 5779 ΚΒ.
3296 5723 3410 5777 ΡΡ.
3447 5723 3704 5776 Fratri:
