3864 6208
199 335 324 389 1581

1413 315 1789 376 SYMBOLUM
1828 313 2254 383 QUICUNQUE.

3307 308 3443 362 i582

196 451 462 506 Minorum
497 447 604 503 400
631 457 917 500 annorum.
950 441 1287 512 Videturque
1314 455 1380 495 ex
1419 437 1731 508 antiquiore
1755 434 1948 489 codice
1991 433 2268 502 exscripta
2295 449 2308 485 :
2334 444 2442 485 non
2474 436 2740 486 consonat
2769 429 2916 484 enim
2949 428 3041 482 illa
3071 427 3445 497 interpretatio

196 557 319 595 cum
351 539 544 594 Latino
572 535 831 607 Symbolo
858 549 888 588 e
916 532 1140 602 regione
1169 531 1376 601 posito;
1409 530 1485 583 ita
1512 534 1571 582 ut
1592 527 1757 581 etiam
1793 525 2084 594 inscriptio
2114 523 2308 609 Latina
2341 537 2370 575 a
2393 521 2600 577 Gallica
2637 521 2855 591 penitus
2885 520 3181 591 discrepet,
3218 519 3274 572 in
3296 519 3446 589 prio-

196 651 362 707 reque
391 633 679 697 Bonifacii,
715 632 770 686 in
795 629 1098 701 posteriore
1130 641 1260 682 vero
1289 623 1571 679 Anastasii
1604 637 1702 677 seu
1726 621 1909 691 potius
1937 618 2221 673 Athanasii
2248 631 2370 672 esse
2395 616 2632 671 dicatur.

268 703 363 782 ilis
395 726 777 796 subjungimus
817 721 1060 793 Symboli
1087 719 1500 790 explicationem
1532 715 1722 770 Latine
1746 713 2100 784 compositam
2132 728 2200 767 ex
2223 711 2413 767 codice
2440 712 2670 781 hujusce
2698 705 3184 781 Sangermanensis
3209 703 3445 761 cosnobii

195 833 461 873 annorum
491 819 612 887 plus
634 815 1054 886 quingentorum
1083 810 1436 879 exscriptam,
1469 821 1580 862 non
1625 804 1927 875 indignam,
1959 811 2021 856 ut
2048 803 2400 868 arbitramur,
2433 817 2555 865 quae
2584 802 2640 855 in
2667 803 2844 857 lucem
2874 799 3120 870 prodeat.

267 911 472 980 Agmen
507 909 710 963 claudit
738 906 926 960 Graeca
965 905 1088 961 ﬁdei
1115 902 1412 964 confessio,
1446 915 1513 955 ex
1539 898 1728 954 codice
1753 895 1921 966 Regio
1960 895 2102 950 2556
2131 895 2427 966 exscripta.
2458 895 2591 961 Quae
2630 895 2762 951 item
2800 891 3020 965 praefert
3039 888 3323 946 Athanasii
3354 903 3447 942 no-

199 1017 348 1067 men,
397 1001 712 1069 multisque,
747 1006 807 1052 ut
830 995 1230 1058 existimamus,
1261 996 1385 1062 post
1403 987 1761 1043 Athanasium
1788 984 2004 1040 saeculis
2027 985 2175 1040 edita
2212 991 2298 1040 est

808 1231 1409 1321 ΣΥΜΒΟΛΟΝ
1472 1227 1698 1314 ΤΟΥ
1769 1225 2105 1312 ΑΓΙΟΥ
2179 1209 2835 1312 ΑΘΑΝΑΣΙΟΥ.

288 1515 753 1582 SYMBOLUM
797 1517 863 1578 S.
909 1513 1380 1578 ATHANASII
1417 1513 1531 1574 DE
1571 1505 2317 1654 ἲὲιέεέἕίίῦϐοιιω
2360 1505 2466 1584 (lt),
2515 1497 2785 1564 VULGO
2829 1497 2922 1560 IN
2965 1488 3369 1557 ECCLESIA

1524 1856 1744 1912 PRIMA
1780 1853 2138 1913 FORMULA.

276 1978 346 2031 Εῖ
379 1989 464 2040 τις
492 1976 635 2030 θέλει
675 1976 934 2045 σωθῆναι,
978 1977 1082 2048 πρὸ
1114 1977 1330 2032 πάντων
1362 1979 1468 2050 χρὴ
1505 1979 1654 2050 αὐτῷ
1679 1978 1775 2048 τὴν

1949 1976 2261 2042 Quncusous
2291 1972 2406 2024 vult
2435 1969 2622 2023 salvus
2651 1981 2794 2030 esse,
2828 1971 2956 2017 ante
2984 1961 3170 2017 omnia
3202 1973 3340 2029 opus
3373 1965 3460 2013 est

209 2064 502 2136 καθολικὴν
544 2067 814 2136 κρατῆσαι
847 2066 1061 2119 πίστιν·
1113 2065 1179 2136 ἢν
1220 2068 1268 2119 εί
1304 2067 1377 2137 μή
1417 2084 1500 2129 τις
1525 2067 1648 2138 ὑγιῆ
1690 2069 1782 2121 καὶ

208 2156 438 2224 ἄμωμον
485 2157 765 2225 τηρήσειε,
806 2155 986 2226 πάσης
1030 2155 1358 2226 ἀμφιϐολίας
1398 2156 1553 2220 ἐκτὸς
1583 2159 1662 2221 είς
1691 2157 1784 2212 τὸν

209 2245 384 2297 αἰῶνα
410 2245 711 2298 ἀπολεῖται.
739 2245 928 2308 Πίστις
951 2245 1009 2297 δὲ
1041 2245 1304 2316 καθολικὴ
1337 2246 1476 2318 αῦτη
1507 2248 1674 2311 ἐστὶν,
1698 2248 1784 2301 ἵνα

209 2335 307 2387 ἕνα
333 2334 463 2389 Θεὸν
500 2338 556 2388 ἐν
584 2335 793 2406 Τριάδι,
831 2335 925 2388 καὶ
959 2335 1163 2408 Τριάδα
1193 2338 1249 2390 ὲν
1286 2337 1471 2407 μονάδι
1511 2337 1783 2410 σέϐωμεν,

214 2427 354 2495 μήτε
386 2426 701 2496 συγχέοντες
730 2426 800 2479 τὰ
828 2426 1112 2498 πρόσωπα,
1147 2428 1283 2499 μήτε
1315 2428 1412 2500 τὴν
1436 2429 1623 2482 οὐσίαν
1647 2431 1784 2483 διαι-

213 2516 454 2588 ροῦντες.
491 2517 655 2588 Ἀλλη
694 2518 802 2590 γάρ
845 2520 993 2572 ἐστιν
1033 2521 1066 2589 ἡ
1093 2518 1186 2571 τοῦ
1223 2520 1435 2591 Πατρὸς
1468 2521 1784 2585 ὑπόστασις,

211 2610 346 2682 ἄλλη
385 2610 480 2664 τοῦ
502 2611 652 2674 Υίοῦ,
678 2611 769 2664 καὶ
797 2611 930 2682 ἄλλη
963 2610 1055 2664 τοῦ
1081 2611 1234 2681 ἁγίου
1266 2613 1406 2666 Πνεύ
1414 2631 1583 2684 ματος
1605 2629 1619 2643 ⁸
1651 2615 1788 2670 ἀλλὰ

214 2703 450 2773 Πατρὸς,
483 2702 575 2756 καὶ
615 2701 766 2766 Υίοῦ,
814 2702 906 2755 καὶ
944 2701 1101 2770 ἁγίου
1151 2701 1488 2772 Πνεύματος,
1536 2703 1633 2772 μία
1670 2705 1787 2757 ἐστὶ

214 2796 426 2867 θεότης,
475 2797 562 2866 ἴση
605 2795 752 2860 δόξα,
793 2793 1270 2860 συνδιαιωνίζουσα
1316 2798 1350 2866 ἡ
1407 2797 1782 2867 μεγαλειότης.

215 2884 342 2950 oio;
369 2891 397 2940 ὁ
425 2887 632 2958 Πατὴρ,
659 2887 898 2949 τοιοῦτος
929 2887 1024 2940 καὶ
1065 2889 1094 2941 6
1132 2887 1280 2953 Υἱὸς,
1323 2887 1564 2942 τοιοῦτον
1595 2890 1689 2942 καὶ
1727 2889 1788 2942 τὸ

215 2978 443 3050 Πνεῦμα
489 2979 549 3032 τὸ
595 2977 768 3047 ἅγιον.
816 2979 1102 3042 Ἀκτιστος
1147 2981 1176 3032 6
1220 2981 1431 3053 Πατὴρ,
1479 2981 1728 3044 ἄκτιστος
1760 2983 1788 3034 6

218 3070 368 3134 Υἱὸς,
394 3070 643 3124 άκτιστον
669 3070 762 3122 καὶ
787 3069 848 3121 τὸ
875 3070 1028 3138 ἅγιον
1057 3067 1299 3141 Πνεῦμα.
1328 3072 1600 3142 Ἀμετρος
1629 3074 1656 3124 6
1682 3072 1789 3124 Πα-

215 3163 344 3233 τὴρ,
381 3162 613 3232 ἄμετρος
667 3163 696 3213 6
728 3160 875 3224 Υἱὸς,
927 3160 1165 3232 ἄμετρον
1214 3162 1308 3215 καὶ
1351 3162 1412 3214 τὸ
1461 3161 1684 3234 Πνεῦμα
1727 3163 1790 3215 τὸ

217 3253 391 3322 ἅγιον.
427 3251 650 3314 Αίώνιος
677 3253 705 3303 6
738 3251 948 3322 Πατὴρ,
972 3251 1188 3315 αἰώνιος
1213 3252 1242 3304 6
1271 3251 1420 3318 Υἱὸς,
1456 3252 1670 3307 αἰώνιον
1695 3254 1788 3306 καὶ

1889 2075 1951 2122 ut
1983 2073 2167 2120 teneat
2190 2062 2520 2118 catholicam
2545 2057 2708 2113 ﬁdem
2734 2079 2746 2112 ;
2777 2069 2941 2127 quam
2971 2052 3076 2108 nisi
3106 2051 3338 2122 quisque
3368 2047 3458 2103 in-

1890 2167 2098 2228 tegram
2131 2154 2558 2222 inviolatamque
2592 2148 2912 2212 servaverit,
2961 2145 3167 2214 absque
3211 2142 3377 2196 dubio
3402 2141 3461 2194 in

1889 2257 2155 2304 aeternum
2194 2245 2393 2317 peribit
2438 2242 2532 2314 (5).
2587 2240 2750 2295 Fides
2795 2243 2977 2292 autem
3028 2233 3299 2289 catholica
3345 2232 3463 2286 haec

1890 2348 1996 2405 est,
2029 2349 2089 2395 ut
2129 2353 2298 2393 unum
2333 2336 2504 2391 Deum
2538 2333 2595 2388 in
2627 2332 2916 2396 Trinitate,
2963 2336 3018 2383 et
3051 2326 3375 2381 Trinitatem
3405 2323 3462 2376 in

1891 2435 2104 2489 unitate
2135 2446 2459 2488 veneremur
2484 2448 2497 2483 :
2539 2443 2718 2498 neque
2745 2423 3142 2480 confundentes
3172 2433 3460 2492 personas,

1890 2541 2068 2596 neque
2107 2523 2468 2580 substantiam
2510 2525 2848 2590 separantcs.
2886 2516 3006 2569 Alia
3049 2521 3133 2570 cst
3159 2513 3304 2569 enim
3337 2525 3462 2581 per-

1893 2633 2025 2673 sona
2052 2617 2254 2681 Patris,
2284 2615 2391 2668 alia
2425 2611 2572 2676 Filii,
2602 2613 2709 2666 alia
2739 2611 2976 2681 Spiritus
3000 2607 3176 2664 sancti
3201 2625 3214 2660 :
3242 2605 3338 2661 sed
3358 2603 3463 2658 Pa-

1892 2712 2014 2774 tris,
2044 2718 2096 2764 et
2136 2708 2281 2773 Filii,
2325 2714 2379 2762 et
2411 2707 2648 2777 Spiritus
2691 2703 2890 2767 sancti,
2927 2717 3034 2757 una
3065 2708 3148 2756 est
3181 2698 3464 2762 divinitas,

1891 2801 2116 2871 aequalis
2149 2799 2321 2869 gloria
2353 2807 2406 2852 et
2432 2807 2702 2852 coaeterna
2737 2794 3013 2864 majestas.
3046 2791 3235 2858 Qualis
3280 2789 3463 2854 Pater,

1892 2893 2019 2947 talis
2067 2889 2259 2953 Filius,
2311 2888 2438 2943 talis
2477 2886 2718 2958 Spiritus
2763 2893 2989 2941 sanctus
3033 2883 3131 2955 (6).
3184 2883 3467 2938 lncreatus

1893 2983 2073 3046 Pater,
2104 2981 2380 3036 increatus
2412 2977 2606 3044 Filius,
2636 2977 2916 3032 increatus
2957 2975 3193 3046 Spiritus
3218 2982 3466 3029 sanctus.

1893 3073 2196 3129 Immensus
2228 3071 2409 3137 Pater,
2443 3071 2742 3125 immensus
2776 3067 2968 3134 Filius,
3002 3068 3304 3122 immensus
3347 3066 3468 3136 Spi-

1893 3163 2034 3219 ritus
2063 3169 2306 3218 sanctus.
2339 3161 2602 3216 Eternus
2627 3160 2809 3226 Pater,
2837 3168 3075 3216 aeternus
3097 3158 3289 3227 Filius,
3320 3166 3470 3214 aeter-

1895 3270 2000 3309 nus
2032 3253 2270 3324 Spiritus
2325 3261 2571 3309 sanctus.
2614 3252 2679 3306 Et
2726 3261 2905 3307 tamen
2951 3266 3060 3305 non
3109 3261 3224 3307 tres
3254 3250 3466 3314 aeterni,

217 3346 282 3397 16
315 3343 536 3414 Πνεῦμα
576 3343 638 3396 τὸ
671 3343 842 3412 ἅγιον.
889 3344 1000 3396 Καὶ
1050 3344 1199 3414 ὅμως
1255 3343 1316 3396 οὑ
1369 3346 1518 3415 τρεῖς
1565 3343 1789 3410 αἰώνιοι,

1902 3347 1992 3402 sed
2020 3364 2162 3402 unus
2187 3354 2425 3402 aeternus
2452 3365 2464 3400 :
2503 3346 2645 3402 sicut
2673 3360 2778 3399 non
2815 3353 2923 3399 tres
2953 3344 3203 3409 increati,
3237 3359 3337 3398 nec
3356 3350 3470 3398 tres

220 3435 337 3489 ἀλλ’
362 3430 442 3498 εἷς
465 3433 679 3498 αἰώνιος
697 3451 710 3465 '
737 3433 924 3506 ὥσπερ
945 3436 1006 3489 οὑ
1030 3439 1180 3507 τρεῖς
1212 3435 1474 3499 ἄκτιστοι,
1501 3435 1620 3489 οὐδὲ
1647 3439 1795 3506 τρεῖς

220 3527 470 3596 ἄμετροι,
501 3525 614 3578 ἀλλ’
643 3521 724 3588 εἷς
751 3525 1023 3592 άκτιστος,
1051 3527 1144 3579 καὶ
1169 3523 1250 3590 εἷς
1278 3527 1530 3599 ἄμετρος.
1566 3528 1795 3599 Ὁμοίως

223 3615 620 3688 παντοκράτωρ
663 3616 692 3668 ὁ
723 3617 934 3689 Πατὴρ,
970 3618 1362 3690 παντοκράτωρ
1399 3622 1427 3672 6
1471 3618 1620 3684 Υἱὸς,
1655 3637 1794 3672 παν·

220 3710 508 3780 τοκράτωρ
536 3709 600 3761 τὸ
643 3710 866 3780 Πνεῦμα
903 3710 965 3763 τὸ
1009 3711 1161 3781 ἅγιον
1185 3728 1198 3741 ·
1237 3712 1330 3764 καὶ
1359 3712 1508 3782 ὅμως
1539 3713 1600 3765 οὑ
1649 3716 1796 3784 τρεῖς

224 3800 684 3872 παντοκράτορες,
712 3801 826 3854 ἀλλ’
852 3797 930 3866 εἷς
974 3803 1388 3874 παντοκράτωρ.
1423 3802 1580 3856 Οὕτω
1607 3803 1738 3868 Θεὸς
1769 3806 1797 3856 6

225 3892 436 3964 Ι-Ιατὴρ,
464 3893 597 3958 Θεὸς
624 3896 654 3948 6
678 3894 824 3958 Υἱὸς,
858 3894 991 3958 Θεὸς
1029 3895 1091 3948 τὸ
1122 3894 1344 3966 Πνεῦμα
1373 3895 1434 3948 τὸ
1466 3895 1619 3963 ἅγιον
1638 3912 1651 3926 °
1683 3896 1796 3950 ἀλλ’

224 3983 376 4051 ὅμως
407 3984 465 4036 οὑ
500 3986 648 4055 τρεῖς
681 3983 814 4046 θεοὶ,
842 3984 955 4038 ἀλλ’
984 3979 1063 4048 εἷς
1096 3985 1248 4049 Θεός,
1293 3987 1565 4051 Ὡσαύτως
1596 3986 1799 4060 Κύριος

223 4077 254 4127 ὁ
281 4075 486 4147 Πατὴρ,
511 4075 714 4146 Κύριος
737 4079 766 4130 6
786 4077 936 4140 Υἱὸς,
967 4077 1167 4149 Κύριος
1185 4078 1246 4130 τὸ
1275 4079 1499 4149 Πνεῦμα
1527 4080 1586 4132 16
1612 4081 1763 4148 ἆγιον
1781 4097 1794 4110 '

228 4167 325 4219 καὶ
349 4167 500 4237 ὅμως
530 4153 590 4222 οὑ
618 4169 764 4238 τρεῖς
790 4167 988 4238 κύριοι,
1015 4167 1130 4221 ἀλλ’
1158 4163 1238 4230 εἷς
1263 4170 1375 4221 ἐστι
1405 4169 1628 4240 Κύριος.
1657 4171 1796 4229 Ὅτι,

227 4257 416 4330 ὥσπερ
451 4259 747 4328 μοναδικῶς
781 4260 1014 4330 ἑκάστην
1043 4259 1336 4312 ὑπόστασιν
1379 4259 1508 4312 Θεὸν
1555 4261 1648 4313 καὶ
1690 4261 1802 4314 K6-

233 4365 348 4419 ριον
392 4351 671 4420 ὁμολογεῖν
705 4352 1058 4422 Χριστιανικῇ
1097 4349 1325 4422 ἀληθείᾳ
1360 4351 1799 4420 ἀναγκαζόμεθα,

231 4438 373 4491 οὓτω
400 4441 562 4512 τρεῖς·
597 4439 752 4502 Θεοὺς
787 4439 821 4509 ἢ
870 4441 1018 4510 τρεῖς
1055 4440 1276 4510 κυρίους
1322 4439 1501 4508 λέγειν
1543 4440 1800 4514 καθολικῇ

232 4527 488 4600 εὐσεϐείᾳ
545 4529 886 4598 κωλυόμεθα.
927 4531 984 4583 '0
1037 4531 1228 4601 Πατὴρ
1276 4533 1366 4586 ὑπ’
1421 4531 1631 4603 οὐδενός
1683 4533 1803 4584 ἐστι

232 4621 632 4693 πεποιημένος,
705 4620 828 4675 οὔτε
889 4621 1455 4695 δεδημιουργημένος,
1524 4622 1648 4675 οὔτε
1713 4640 1806 4692 γε·

232 4687 579 4784 γεννημενος.
622 4715 680 4766 '0
727 4714 856 4778 Υἱὸς
893 4687 1210 4787 ἀπὸημόνὸυ
1239 4687 1352 4768 ’τοῦ
1401 4716 1614 4785 Πατρός
1659 4687 1805 4770 ἐστιν
1832 4687 1873 4744 C

307 4892 384 4968 (ρ)
420 4892 602 4968 Codex
629 4890 852 4968 ‘Regius
897 4891 1039 4968 2962
1070 4912 1083 4968 ς
1117 4890 1226 4968 Τοῦ
1267 4895 1326 4968 ἐν
1372 4895 1559 4968 άγίοις
1587 4895 1800 4968 Ila-:96;

231 4962 390 5032 ἡμῶν
435 4962 668 5035 μεγάλου
711 4962 1021 5035 Ἀθανασίου
1058 4965 1316 5035 ὁμολογία
1362 4966 1460 5035 τῆς
1504 4965 1669 5018 αὑτοῦ
1709 4962 1802 5018 πί-

236 5031 521 5104 στεως.ί1ιι
554 5031 742 5087 codice
780 5031 1124 5087 Felckmanni
1165 5031 1351 5089 Grazco
1376 5031 1556 5104 nullus
1583 5050 1804 5104 compa-

232 5103 694 5172 rettitulus,_nec
732 5104 1017 5172 scriptoris
1052 5119 1272 5159 nomen.
1313 5104 1370 5157 In
1401 5103 1574 5158 Palat.
1615 5103 1804 5159 codice

233 5171 473 5242 legitur.
511 5170 785 5242 Σύμϐολον
834 5170 928 5224 τοῦ
975 5173 1131 5240 άγίου
1178 5173 1514 5227 Ἀθανασίου.
1573 5172 1807 5242 Sanger-

234 5255 384 5313 man.
408 5241 534 5313 257,
574 5240 734 5313 iq'es
777 5242 946 5296 sancti
978 5243 1255 5313 Athanasii
1301 5245 1527 5313 episcopi
1569 5240 1808 5297 Aleafan-

235 5310 390 5364 ἀνίαν.
421 5309 524 5376 Qui
558 5311 626 5364 ab
658 5310 880 5366 Usserio
903 5312 1105 5366 dicitur
1140 5315 1309 5368 fuisse
1330 5309 1668 5369 )Ethélstani
1698 5316 1809 5366 An-

236 5382 449 5448 glorum
501 5381 684 5447 regis,
736 5383 949 5436 habet:
1005 5381 1164 5436 Fides
1215 5383 1496 5438 Athanasii
1547 5382 1805 5438 Alexand.

235 5450 477 5504 Colbert.
523 5450 624 5504 784
671 5453 894 5506 mutilus
922 5460 1007 5507 est
1049 5453 1312 5519 initio,.et
1349 5470 1378 5506 a
1414 5453 1590 5508 media
1630 5455 1806 5506 solum

237 5527 394 5592 parte
435 5520 649 5592 incipit,
693 5530 754 5574 ut
788 5521 930 5575 infra
961 5531 1197 5576 notatur.
1235 5521 1437 5592 Regius
1473 5524 1644 5578 codex
1673 5523 1812 5578 4908

235 5591 452 5644 nullum
487 5591 649 5649 habet
681 5592 918 5646 titulum.
963 5593 1066 5659 Qui
1113 5594 1182 5647 ab
1211 5591 1428 5656 Usserio
1462 5592 1664 5647 dicitur
1695 5609 1817 5647 esse

239 5668 488 5732 tempore
516 5659 780 5732 _Gregorii
828 5661 897 5732 Μ.
938 5664 1267 5732 descriptus,
1323 5660 1482 5716 Fides
1534 5663 1816 5722 cat/tolum,

241 5729 418 5784 solum
443 5729 622 5785 habet.
649 5731 821 5786 Palat.
857 5731 876 5784 l
906 5733 1065 5802 paulo
1112 5729 1235 5802 post
1261 5733 1475 5788 initium
1505 5733 1683 5799 habet,
1707 5733 1820 5803 Πρὸ

1896 3439 2169 3503 immensi,
2203 3440 2299 3495 sed
2351 3455 2492 3494 unus
2539 3439 2832 3502 increatus,
2874 3446 2927 3492 et
2962 3453 3104 3493 unus
3147 3437 3468 3492 immensus.

1899 3529 2160 3585 Similiter
2210 3530 2558 3600 omnipotens
2618 3528 2810 3594 Pater,
2867 3530 3210 3598 omnipotens
3269 3527 3470 3594 Filius,

1897 3621 2243 3691 omnipotens
2285 3622 2522 3691 Spiritus
2571 3628 2798 3676 sanctus
2834 3639 2847 3674 :
2889 3629 2943 3675 et
2980 3629 3163 3674 tamen
3207 3634 3316 3673 non
3365 3628 3475 3674 tres

1898 3714 2320 3782 omnipotentes,
2353 3715 2446 3769 sed
2497 3730 2640 3768 unus
2679 3713 3043 3785 omnipotens.
3083 3713 3162 3767 lta
3189 3711 3335 3768 Deus
3372 3712 3475 3766 Pa-

1900 3808 2004 3863 ter.
2039 3800 2183 3857 Deus
2212 3801 2406 3867 Filius,
2437 3801 2584 3857 Deus
2619 3800 2855 3872 Spiritus
2894 3811 3160 3858 sanctus:
3197 3810 3250 3858 et
3292 3811 3474 3857 tamen

1899 3909 2008 3948 non
2034 3901 2147 3948 tres
2174 3895 2272 3958 dii,
2298 3895 2394 3950 sed
2425 3910 2566 3950 unus
2590 3905 2671 3950 εει
2693 3893 2856 3951 Deus.
2884 3894 2963 3948 Ita
2995 3894 3257 3950 Dominus
3287 3895 3472 3959 Pater,

1900 3985 2164 4039 Dominus
2202 3983 2394 4049 Filius,
2438 3984 2704 4040 Dominus
2748 3985 2984 4055 Spiritus
3013 3994 3275 4041 sanctus:
3308 3997 3361 4041 et
3395 3997 3479 4041 ta-

1901 4091 2025 4130 men
2062 4090 2170 4129 non
2214 4083 2326 4130 tres
2359 4075 2586 4139 domini,
2614 4076 2708 4131 sed
2744 4091 2885 4130 unus
2913 4082 2996 4130 est
3031 4075 3310 4131 Dominus.
3336 4076 3477 4142 Quia

1903 4167 2046 4222 sicut
2088 4166 2364 4236 sigillatim
2395 4181 2836 4236 unamquamque
2865 4180 3156 4236 personam
3185 4165 3354 4221 Deum
3383 4175 3480 4221 aut

1904 4258 2189 4312 Dominum
2225 4255 2300 4328 (7)
2333 4257 2577 4312 conﬁteri
2607 4257 2914 4311 Christiana
2942 4255 3169 4310 veritate
3198 4257 3480 4326 compelli-

1904 4366 2062 4413 mur;
2111 4351 2185 4404 ita
2221 4358 2333 4405 tres
2386 4349 2518 4406 deos
2546 4359 2639 4404 aut
2692 4349 2943 4404 dominos
2993 4349 3175 4404 dicere
3210 4349 3479 4404 catholica

1905 4441 2168 4510 religione
2192 4441 2564 4510 prohibemur.
2602 4439 2783 4495 Pater.
2805 4454 2834 4493 a
2859 4441 3008 4494 nullo
3030 4449 3114 4495 est
3147 4438 3342 4504 factus,
3377 4455 3480 4495 nec

1906 4541 2146 4596 creatus,
2181 4547 2284 4588 nec
2322 4533 2558 4605 genitus.
2602 4531 2774 4587 Filius
2807 4547 2836 4585 a
2880 4531 3041 4586 Patre
3088 4534 3207 4587 solo
3250 4542 3333 4588 est
3367 4548 3478 4593 non

1909 4624 2108 4689 factus,
2138 4640 2241 4680 nec
2281 4634 2520 4688 creatus,
2562 4625 2656 4680 sed
2692 4625 2906 4694 genitus
2937 4641 2950 4676 :
2991 4623 3228 4696 Spiritus
3257 4635 3483 4682 sanctus

1909 4732 1940 4769 a
1975 4715 2135 4771 Patre
2163 4723 2216 4770 et
2245 4715 2382 4770 Filio
2414 4732 2525 4771 non
2552 4717 2720 4788 659
2747 4717 2942 4783 factus,
2976 4733 3080 4774 nec
3107 4727 3348 4787 creatus,
3381 4735 3484 4775 nec

1908 4896 2123 4949 πάντων
2156 4894 2312 4966 χρεία
2341 4896 2486 4948 ἐστὶν
2514 4896 2601 4950 ἵνα
2639 4897 2740 4966 τὴν
2779 4897 3070 4968 καθολικὴν
3109 4899 3358 4969 κρατήσῃ
3392 4899 3483 4953 πί-

2112 5033 2168 5086 8.
2214 5035 2432 5108 gerat,
2463 5033 2929 5108 Inviolabilernquf
2955 5039 3255 5096 servaverit.
3291 5037 3486 5108 absque

1907 5104 2068 5157 dubio
2112 5106 2303 5177 peribit
2351 5106 2408 5177 in
2453 5115 2726 5177 wternnm.
2780 5106 2838 5160 In
2884 5105 3019 5176 Reg.
3085 5107 3278 5177 absque
3323 5104 3485 5163 dubio

1908 5181 2081 5228 deest.
2114 5173 2246 5228 Ibid.
2275 5173 2449 5227 Palat.
2479 5175 2580 5238 sic,
2613 5176 2740 5247 ὑγιῆ
2766 5173 2992 5247 ἄμωμον
3013 5173 3301 5250 τηρήσειεν
3328 5179 3487 5242 ἐκτὸς

1910 5243 2208 5310 δισταγμοῦ
2247 5246 2346 5307 είς.

1985 5260 2208 5312 πταγμου
2247 5260 2346 5307 εις.

1985 5313 2062 5383 (6)
2105 5315 2223 5366 Mox
2287 5313 2441 5381 893.,
2474 5314 2597 5367 talis
2631 5325 2680 5369 et
2714 5313 2943 5383 Spiritus
2978 5327 3214 5380 sanctus,
3239 5326 3292 5373 et
3325 5317 3399 5372 ita
3427 5318 3488 5373 in

1915 5383 2378 5456 subsequentibus
2421 5386 2740 5456 particulam
2792 5395 2842 5438 et
2899 5395 3025 5442 ante
3069 5387 3303 5456 Spiritus
3359 5404 3487 5442 san-

1913 5465 2047 5506 ctus.
2095 5453 2302 5506 Desinit
2344 5464 2522 5507 autem
2569 5456 2622 5507 in
2661 5455 2773 5508 inec
2803 5457 2965 5510 verba
3001 5476 3014 5511 :
3060 5453 3128 5512 Et
3167 5469 3340 5514 tamen
3379 5473 3485 5515 nan

1915 5533 2020 5576 tres
2045 5525 2247 5585 aeterni,
2272 5523 2468 5578 exinde
2503 5524 2726 5578 mutilus
2756 5535 2837 5579 est
2871 5527 3062 5583 codex.

1921 5591 2162 5716 negat-8.
2192 5591 2281 5659 G.,
2306 5589 2734 5664 Unamquamque
2761 5612 3038 5664 personam
3065 5608 3115 5653 et
3137 5599 3419 5654 Dominum
3433 5605 3485 5653 ct
