4048 6406
1461 606 2356 737 PIUEFATIO.

348 1032 533 1088 lunato
569 1029 759 1101 prolis
788 1042 974 1083 amore
1031 1026 1231 1081 factum
1264 1027 1608 1098 plerumque,
1635 1030 1695 1077 ut
1729 1023 2025 1079 mediocris
2052 1022 2330 1077 facultatis
2360 1020 2611 1078 homines
2640 1035 2705 1076 ac
2736 1022 2998 1078 rusticani
3028 1023 3084 1076 iu
3117 1021 3345 1077 divitum
3382 1023 3531 1094 priu-

285 1128 563 1197 cipumque
618 1124 824 1179 domos
861 1121 998 1176 filios
1037 1120 1422 1175 submitterent
1457 1137 1471 1174 :
1525 1128 1581 1173 et
1626 1116 1786 1173 facile
1820 1117 1924 1172 sibi
1958 1132 2148 1173 eorum
2204 1115 2477 1185 jacturam
2516 1114 2790 1170 ferendam
2828 1116 3113 1186 putabant,
3140 1117 3269 1171 dum
3304 1117 3370 1171 ad
3423 1117 3548 1187 pin-

283 1220 507 1288 guioretn
546 1216 632 1270 illi
673 1214 955 1268 fortunam
980 1228 1075 1267 ceu
1103 1227 1168 1267 ex
1202 1220 1520 1266 transverso
1546 1218 1600 1265 et
1621 1209 1789 1262 iuvrta
1814 1214 2009 1262 natura
2035 1205 2377 1261 accederent.
2410 1204 2653 1275 ldipsum
2689 1206 2814 1260 dolo
2835 1209 3106 1262 consimili
3142 1208 3211 1264 ab
3242 1209 3547 1264 innumeris

283 1330 426 1386 pene,
453 1328 560 1368 nec
594 1311 827 1383 ingenio
857 1309 1039 1364 minus
1073 1324 1236 1378 quam
1269 1315 1430 1363 aetate
1470 1307 1804 1377 disparibus,
1841 1304 2144 1359 admissum
2173 1302 2664 1374 deprehendimus,
2688 1300 2782 1372 qui
2821 1316 2945 1355 cum
2973 1317 3073 1356 nec
3108 1301 3251 1356 fama
3281 1303 3545 1369 valerent,

285 1427 375 1468 nec
395 1418 587 1482 suapte
632 1423 808 1480 Opera
841 1421 1037 1460 nomen
1064 1406 1166 1461 sibi
1209 1420 1400 1474 parere
1435 1418 1600 1475 posse
1625 1402 1963 1459 confiderent
1987 1441 2002 1466 ,
2036 1408 2283 1475 mutuato
2318 1400 2600 1454 Athanasii
2657 1398 2877 1453 nomine
2903 1437 2918 1462 ,
2967 1396 3205 1466 aliquam
3253 1397 3553 1466 sperabant

285 1510 484 1579 scriptis
520 1506 649 1562 suis
686 1504 853 1573 adjici
884 1502 1225 1573 dignitatem.
1266 1500 1403 1556 Hinc
1457 1501 1674 1562 evenit,
1732 1506 1791 1553 ut
1853 1505 1934 1551 tot
1985 1503 2251 1566 tantaque
2283 1512 2445 1567 opera
2502 1494 2863 1550 Athanasium
2917 1493 3306 1547 etneutiantur.
3359 1489 3548 1562 Neque

279 1612 443 1658 tamen
467 1600 590 1655 haec
614 1612 733 1653 una
762 1596 865 1652 fait
890 1604 997 1649 tam
1026 1593 1281 1649 immanis
1304 1590 1641 1647 accessionis
1669 1604 1874 1645 causa:
1908 1602 2033 1641 nam
2068 1589 2236 1640 multa
2280 1601 2518 1658 quoque,
2551 1585 2678 1640 olim
2720 1581 3017 1644 ἀδέσποτα,
3052 1594 3178 1634 cum
3211 1579 3267 1632 iu
3298 1578 3553 1635 librario-

279 1709 388 1748 rum
422 1708 626 1748 mauus
659 1689 1007 1753 incidissent,
1032 1688 1146 1759 pari
1176 1687 1419 1759 ipsorum
1454 1684 1784 1746 temeritate,
1811 1682 1986 1737 eidem
2022 1684 2263 1751 ascripta
2316 1681 2490 1735 fuere.
2524 1674 2849 1749 Hujusmodi
2879 1689 3049 1728 ausus
3078 1712 3094 1738 ,
3136 1671 3329 1742 quanti
3361 1671 3553 1742 quanti

276 1787 486 1854 fuerint,
520 1787 744 1845 ferendi
777 1786 1013 1842 fortasse
1039 1791 1215 1849 erant,
1247 1784 1294 1838 si
1327 1781 1429 1837 viri
1473 1781 1651 1835 solum
1686 1776 1905 1849 ingenio
1937 1784 2101 1847 atque
2138 1789 2272 1863 ‘arte
2307 1773 2582 1830 scribendi
2621 1770 2833 1843 praediti
2888 1786 3019 1826 suos
3068 1770 3210 1826 fetus
3248 1769 3554 1827 Athanasio

275 1881 721 1938 commodassent
757 1900 770 1936 :
804 1889 860 1934 at
896 1887 1085 1934 contra
1113 1877 1313 1933 accidit
1354 1884 1414 1930 ut
1461 1874 1781 1946 plerumque
1816 1871 2193 1942 imperitorum
2226 1870 2507 1925 hominum
2536 1876 2591 1923 et
2625 1866 2961 1922 insulsorum
2996 1866 3156 1938 nugis
3184 1866 3326 1922 male
3355 1873 3558 1921 auctus

274 1980 339 2031 sit
370 1984 477 2028 tam
509 1977 734 2044 peritus
768 1972 990 2025 artifex.
1028 1965 1165 2020 Hinc
1195 1979 1455 2036 germana
1495 1961 1689 2017 naeniis
1719 1960 2026 2014 interuusta
2074 1958 2386 2028 foedataque
2438 1957 2495 2011 in
2545 1957 2700 2026 prius
2745 1956 2907 2011 editis
2957 1956 3352 2028 conspicimus.
3389 1953 3550 2011 'Ilinc

274 2070 443 2138 inepta
480 2068 581 2121 illa
610 2076 667 2122 et
698 2063 1099 2138 ἁπροσδιόνυσα
1127 2097 1142 2121 ,
1184 2056 1475 2128 prodeunt,
1507 2053 1664 2108 Liber
1695 2052 1773 2109 De
1802 2053 2200 2123 definitionibus
2220 2091 2236 2116 ,
2292 2050 2536 2106 Historia
2580 2050 2828 2120 imaginis
2859 2050 3191 2121 Berytensis;
3224 2051 3359 2122 quin
3401 2052 3551 2107 illam

275 2174 644 2214 memoramus
685 2152 1054 2212 Melchisedeci
1082 2148 1360 2203 historiam
1382 2187 1397 2211 ,
1432 2146 1641 2216 γέλοιον
1674 2161 1805 2201 sane
1828 2186 1843 2212 ,
1884 2145 1939 2198 ni
1996 2143 2230 2199 fortasse
2264 2143 2420 2198 malis
2452 2142 2732 2199 fastidium
2763 2158 2926 2213 quam
2973 2144 3144 2198 risum
3181 2143 3271 2198 illa
3304 2143 3560 2198 moveri?

273 2251 372 2309 Nec
402 2254 723 2309 audiendus
755 2252 843 2306 ille
871 2261 1132 2319 nuperus.
1152 2243 1243 2313 qui
1262 2257 1373 2296 non
1390 2241 1483 2295 diu
1511 2239 1616 2294 hoc
1648 2253 1787 2308 Opus
1816 2237 2117 2292 Athanasio
2139 2251 2386 2292 asserere
2414 2236 2713 2292 nitebatur.
2754 2237 2837 2291 An
2870 2235 3325 2292 Melchisedecum
3358 2236 3559 2307 hujus-

273 2347 405 2399 modi
435 2346 711 2416 depingat
736 2342 1104 2407 Athanasius;
1129 2343 1221 2411 qui
1251 2347 1374 2409 post
1404 2347 1657 2394 exactum
1703 2337 1763 2391 in
1806 2336 2038 2391 saltibus
2070 2334 2342 2404 septenuii
2377 2336 2547 2389 otium
2602 2341 2799 2405 sponte
2846 2334 3110 2389 loricatus
3140 2334 3356 2405 prodit,
3416 2334 3556 2405 pelle

275 2432 437 2493 instar
462 2439 781 2495 testudinis
808 2436 1136 2498 occallente,
1170 2431 1465 2489 vulturinis
1505 2429 1804 2501 unguibus,
1828 2443 2058 2499 corpore
2088 2429 2214 2499 pilis
2244 2427 2320 2482 ita
2351 2427 2630 2494 horrente,
2662 2434 2723 2482 ut
2761 2442 2952 2482 ursum
2989 2426 3236 2483 diceres?
3260 2426 3553 2492 Nimirum,
3628 2500 3641 2514 .

275 2541 325 2582 nt
349 2531 421 2584 ait
456 2529 689 2585 Tullius
713 2529 819 2589 (ai,
861 2524 974 2579 Hoc
998 2526 1120 2579 vitio
1147 2528 1422 2579 cumulata
1454 2530 1531 2575 est
1565 2519 1929 2574 eruditissima
1974 2517 2073 2571 illa
2113 2515 2419 2571 Gra'corum
2466 2516 2613 2569 natio
2637 2530 2656 2568 :
2684 2516 2862 2586 itaque
2911 2515 3050 2585 quod
3079 2517 3181 2570 vim
3224 2515 3383 2587 hujus
3426 2518 3557 2573 mat’i

278 2617 431 2675 Caeci
451 2638 561 2675 non
591 2620 796 2680 vident,
825 2634 888 2671 ne
921 2632 1107 2671 nomen
1150 2612 1358 2683 quidem
1380 2613 1427 2667 ei
1451 2613 1575 2665 vitio
1610 2611 1993 2678 imposuerunt.
2047 2604 2115 2663 Ut
2143 2607 2285 2662 enim
2310 2622 2520 2676 qureras
2559 2606 2762 2671 omnia,
2810 2607 3071 2677 quomodo
3107 2605 3280 2664 (ἔνωεὶ
3320 2610 3556 2681 ineptum

277 2714 549 2784 appellent.
581 2727 689 2764 non
724 2710 974 2777 reperies.
1005 2703 1321 2760 Addiderim
1342 2718 1414 2757 ne
1443 2701 1585 2773 apud
1606 2698 1832 2755 Latinos
1862 2698 2084 2769 quidem
2118 2711 2307 2753 vocem
2332 2693 2650 2765 hujusmodi
2687 2695 2850 2766 nugis
2881 2696 3099 2770 dignam
3130 2701 3378 2769 reperiri.

338 2804 429 2859 His
468 2813 690 2867 tamen,
721 2796 1015 2869 quantavis
1045 2792 1283 2864 φλυαρίᾳ
1316 2798 1772 2861 conspergantur,
1803 2789 1857 2845 id
1892 2788 2218 2855 conficitur;
2251 2794 2314 2842 ut
2347 2802 2471 2841 cum
2500 2787 2800 2843 Athanasio
2830 2789 2987 2858 plura
3014 2806 3177 2861 quam
3219 2792 3342 2849 aliis
3380 2793 3559 2850 Patri-

279 2891 370 2949 bas
398 2894 595 2963 spuria
626 2889 871 2957 ascripta
909 2883 1134 2946 fuerint,
1173 2882 1349 2951 palam
1380 2878 1632 2934 videatur
1659 2879 1750 2934 ille
1790 2877 2001 2949 majore
2030 2893 2199 2950 quam
2231 2887 2459 2933 caeteros
2480 2877 2809 2935 eruditionis
2839 2886 2895 2935 et
2922 2880 3185 2938 doctrina:
3208 2883 3353 2940 fama
3385 2886 3559 2944 fuisse

276 2984 573 3055 etquidem
606 2981 758 3052 apud
798 2977 1005 3050 peritos
1033 2974 1190 3043 juxta
1235 2980 1397 3043 atque
1441 2973 1762 3043 imperitos;
1797 2974 2020 3044 quando
2048 2975 2189 3028 inter
2217 2973 2387 3026 multa
2422 2987 2543 3042 qua:
2587 2973 2750 3026 nauci
2796 2982 2851 3029 et
2882 2974 3036 3029 nihili
3069 2984 3218 3041 sunt,
3252 2992 3364 3033 nou
3404 2996 3558 3050 sper-

277 3078 440 3135 nenda
465 3079 580 3132 alia
606 3080 963 3144 comparent,
996 3082 1175 3136 neque
1204 3067 1337 3120 talia
1368 3066 1434 3120 de
1461 3066 1663 3136 quibus
1692 3067 1764 3123 sit
1805 3068 2109 3123 Athanasio
2137 3065 2595 3122 erubescendum.
2627 3064 3073 3121 Erubescendum
3114 3068 3181 3124 iis
3213 3077 3332 3124 erat
3351 3072 3557 3141 potius,

275 3170 359 3240 qui
394 3169 579 3223 fictam
613 3164 934 3222 submisere
971 3164 1176 3231 prolem
1206 3182 1219 3217 :
1266 3178 1391 3217 nam
1424 3177 1578 3233 teque
1621 3162 1888 3218 illiberale
1936 3172 2024 3218 est
2062 3179 2163 3218 sua
2212 3163 2335 3218 aliis
2375 3178 2435 3217 se
2464 3161 2808 3232 dignioribus
2844 3162 3142 3228 ascribere,
3176 3171 3339 3235 atque
3373 3166 3561 3222 labore

274 3263 440 3317 alieno
470 3270 640 3332 parta
674 3259 731 3312 in
763 3274 824 3312 se
860 3263 1261 3313 transmoverc.
1303 3256 1409 3312 Sed
1445 3264 1608 3312 eruut
1642 3256 1877 3313 fortasse
1905 3258 1996 3328 qui
2027 3258 2174 3313 litem
2204 3263 2458 3312 moveant
2492 3275 2505 3310 :
2537 3253 2677 3323 Quid
2712 3255 2897 3327 igitur,
2927 3261 3075 3314 aient
3098 3301 3112 3325 ,
3162 3260 3254 3315 illa
3291 3276 3411 3333 qua:
3444 3270 3560 3317 tute

274 3358 384 3414 luce
435 3359 672 3429 indigna
728 3354 1001 3409 arbitrare
1027 3394 1042 3420 ,
1100 3371 1213 3408 non
1244 3354 1516 3424 exegisti?
1569 3353 1701 3424 quid
1750 3362 1861 3409 tam
1894 3355 2064 3408 multa
2098 3355 2219 3423 ejus
2249 3353 2466 3423 generis
2498 3353 2765 3409 hactenus
2788 3353 2975 3424 ignota
3003 3368 3033 3409 e
3056 3355 3300 3412 tenebris
3332 3354 3561 3412 eruisti?

279 3448 463 3506 Verum
502 3456 719 3520 νεικεῑο
763 3453 852 3502 est
891 3448 1039 3516 quod
1067 3446 1466 3516 respondeatur
1495 3463 1511 3502 :
1543 3454 1603 3500 ut
1642 3453 1891 3501 nostrum
1927 3446 2029 3500 fuit
2060 3446 2224 3500 dubia
2252 3454 2306 3500 et
2330 3445 2516 3515 spuria
2545 3459 2574 3498 a
2602 3446 2879 3516 germanis
2909 3461 3198 3503 secernere
3218 3488 3233 3512 ,
3285 3448 3432 3503 haud
3485 3451 3562 3504 ita

274 3545 414 3599 licuit
445 3545 617 3599 nobis
669 3557 734 3598 ea
771 3557 1046 3597 resecare.
1101 3541 1247 3598 Inter
1280 3541 1466 3612 spuria
1504 3557 1854 3599 reeensemus
1877 3583 1893 3607 ,
1947 3543 2075 3613 quia
2106 3559 2171 3598 eo
2195 3543 2449 3598 videntur
2475 3543 2641 3599 certis
2673 3544 2741 3597 de
2768 3543 2952 3599 causis
2982 3544 3226 3616 ablegata
3259 3553 3513 3617 Oportere
3542 3565 3558 3602 :

275 3649 425 3695 erunt
454 3639 721 3695 fortassis
744 3637 950 3708 quibus
976 3638 1081 3692 alia
1109 3639 1181 3693 sit
1203 3639 1413 3709 opinio,
1444 3638 1538 3708 qui
1565 3639 1880 3694 facultatem
1908 3637 2102 3707 judicii
2135 3652 2198 3692 ea
2232 3637 2298 3693 de
2322 3654 2382 3693 re
2411 3636 2615 3693 ferendi
2641 3645 2961 3705 praereptam
2997 3637 3102 3692 sibi
3137 3637 3307 3694 fuisse
3340 3639 3563 3711 indigne

279 3725 493 3782 ferrent.
525 3727 616 3782 Ad
647 3729 790 3791 haec,
822 3726 1246 3796 quamplurimis
1278 3726 1587 3783 eruditione
1616 3727 1894 3799 praeclaris
1932 3727 2245 3782 hominibus
2268 3727 2731 3797 obtemperamus,
2763 3728 2857 3796 qui
2892 3743 3013 3798 qua:
3038 3744 3235 3784 nomen
3266 3729 3560 3787 Athanasii

277 3821 596 3890 prteferuut,
624 3819 819 3875 omnia
842 3819 1035 3873 volunt
1056 3820 1257 3891 publici
1286 3820 1591 3889 essejuris,
1621 3821 1883 3891 aiuntquc
1916 3820 2064 3874 nulla
2096 3835 2286 3875 eorum
2310 3834 2502 3874 carere
2526 3834 2627 3874 suo
2660 3818 2863 3874 fructu.
2889 3819 3254 3885 Quamobrem
3284 3823 3328 3877 si
3353 3823 3557 3893 quibus

272 3910 463 3965 borum
495 3914 670 3968 lectio
696 3910 1013 3981 displiceat,
1044 3924 1106 3965 ea
1138 3912 1288 3966 nullo
1315 3912 1607 3978 dispendio
1651 3910 1819 3967 missa
1852 3910 2091 3974 faciant,
2128 3926 2228 3966 nec
2269 3909 2551 3967 invideant
2591 3912 2660 3968 iis
2692 3912 2896 3983 quibus
2927 3915 3160 3969 lustrare
3199 3916 3383 3970 omnia
3418 3926 3472 3971 et
3502 3917 3559 3971 in

276 4004 498 4075 singulis
526 4004 817 4074 judicium
849 4015 1108 4056 exercere
1137 4002 1354 4059 animus
1387 4011 1493 4059 est.

334 4102 375 4155 A
408 4105 624 4174 quibus
652 4111 842 4157 autem
883 4101 1072 4156 isthaac
1107 4108 1218 4155 tam
1251 4103 1419 4156 multa
1452 4102 1562 4159 sint
1596 4103 1898 4165 elaborata,
1931 4103 2056 4174 quis
2086 4110 2195 4157 tam
2229 4103 2460 4175 lynceus
2495 4102 2587 4175 qui
2635 4103 2946 4174 perspicere
2976 4098 3180 4166 queat?
3238 4097 3414 4157 Unum
3451 4102 3562 4158 sci-

275 4210 407 4261 mus,
435 4201 558 4268 jam
594 4199 713 4254 fere
738 4213 770 4251 a
790 4206 1037 4266 tempore
1070 4212 1244 4266 usque
1276 4196 1557 4252 Athanasii
1587 4197 1823 4267 cmpisse
1853 4198 2153 4253 nonnullos
2187 4212 2288 4254 sua
2314 4196 2601 4251 Athanasii
2625 4197 2843 4251 nomine
2867 4194 3130 4266 insignire
3160 4213 3172 4249 :
3203 4198 3560 4265 sequentibus

273 4290 456 4345 exinde
486 4292 761 4346 :etatibus
797 4288 1045 4343 fraudem
1081 4305 1181 4345 ceu
1218 4289 1365 4344 fluxu
1395 4291 1635 4361 quodam
1675 4292 1876 4363 ubique
1901 4304 2250 4363 pervagatam
2278 4309 2403 4349 esse
2425 4333 2440 4357 ,
2482 4301 2538 4349 et
2565 4300 2842 4364 postremo
2875 4291 2941 4346 ad
2975 4290 3202 4347 Latinos
3232 4308 3300 4347 ex
3351 4275 3559 4349 Grzecia

276 4377 607 4439 dimanasse.
644 4384 812 4438 Hisce
849 4382 1106 4438 omnibus
1133 4383 1330 4437 mirum
1378 4383 1434 4437 in
1482 4384 1704 4438 modum
1727 4426 1742 4449 ,
1775 4386 1870 4441 sed
1911 4386 2112 4441 danmo
2139 4403 2240 4444 suo
2271 4389 2344 4442 uti
2390 4388 2662 4451 diximus,
2708 4394 2902 4442 auctus
2932 4395 3017 4442 est
3075 4394 3301 4441 sanctus
3337 4384 3557 4441 Doctor.

272 4468 439 4529 Pauca
476 4487 675 4531 tamen
710 4484 879 4538 sunt,
919 4489 1043 4544 qua:
1081 4482 1367 4529 auctorum
1406 4477 1626 4530 nomina
1666 4478 1719 4531 in
1764 4478 2092 4547 quibusdam
2136 4480 2420 4536 codicibus
2468 4480 2793 4550 praeferant,
2852 4486 2910 4533 ut
2940 4478 3138 4548 cuique
3175 4478 3358 4532 videre
3387 4489 3471 4534 est
3505 4480 3562 4534 in

273 4561 492 4630 hujusce
519 4568 665 4621 tomi
693 4567 956 4621 decursu.
982 4562 1222 4619 Etatem
1253 4580 1378 4619 vero
1411 4566 1750 4636 singulorum
1784 4575 2051 4637 quantum
2093 4569 2147 4623 in
2187 4570 2346 4625 nobis
2376 4571 2539 4624 situm
2572 4569 2675 4624 fuit
2703 4570 3125 4638 assignavimus.
3161 4568 3241 4623 Ad
3264 4584 3327 4623 ea
3349 4586 3470 4639 qua:
3502 4570 3557 4623 in

268 4655 411 4719 prius
443 4656 625 4710 editis
660 4661 902 4718 exstant,
934 4659 1201 4726 permulta
1230 4676 1330 4715 uos
1361 4676 1425 4716 ex
1460 4661 1703 4718 tenebris
1739 4671 1920 4730 eruta,
1958 4672 2017 4719 ut
2047 4680 2170 4720 mox
2207 4665 2558 4732 dicebamus,
2612 4666 2913 4736 adjecimus
2943 4684 2957 4720 :
2997 4665 3391 4736 supellectilem
3425 4683 3557 4723 sane

271 4748 494 4809 variam,
538 4749 727 4818 pretio
763 4758 927 4818 atque
963 4751 1199 4807 utilitate
1227 4754 1524 4825 disparem.

330 4838 621 4905 Quoniam
648 4851 833 4897 autem
868 4858 979 4897 non
1019 4859 1172 4914 aeque
1212 4848 1532 4916 conspicuis
1565 4849 1711 4904 notis
1739 4849 1985 4903 omnium
2032 4849 2212 4905 νοθεία
2262 4851 2688 4922 deprehenditur
2720 4873 2733 4909 :
2768 4854 2865 4910 sed
2894 4855 3141 4925 quaedam
3202 4872 3391 4910 eorum
3442 4871 3556 4911 non

267 4934 367 4982 tam
388 4932 687 4987 evidentia
715 4933 868 5003 signa
912 4933 968 4988 in
995 4936 1261 4991 utramvis
1295 4946 1505 5007 partem
1546 4937 1792 4992 referunt
1822 4957 1834 4992 :
1868 4940 1973 4993 alia
2038 4942 2183 5011 vero}
2210 4941 2292 4995 vel
2345 4942 2461 5011 ipso
2510 4944 2657 4997 cultu
2714 4954 2876 5015 atque
2920 4953 3216 5017 conspectu
3271 4948 3560 5017 peregrina

266 5032 378 5075 sese
434 5022 807 5094 profitentur,
837 5024 999 5079 binas
1028 5027 1085 5080 in
1110 5027 1314 5083 classes
1348 5028 1493 5082 hunc
1558 5036 1764 5083 tomum
1789 5030 2122 5085 distribuere
2158 5032 2334 5085 visum
2374 5022 2491 5084 fuit.
2545 5029 2604 5086 In
2643 5033 2844 5103 priore.
2878 5033 3162 5089 Athanasii
3193 5022 3560 5091 nomiue'duz-

267 5110 346 5165 bia
372 5117 578 5170 omnia
610 5116 701 5170 edi
741 5117 1082 5174 curavimus.
1129 5117 1193 5173 Et
1245 5119 1467 5190 quidem
1507 5119 1560 5175 id
1599 5120 1743 5174 ultro
1794 5119 2049 5186 fatemur,
2099 5122 2246 5192 quod
2281 5122 2478 5193 cuique
2511 5126 2718 5179 monita
2768 5133 2959 5181 nostra
3005 5125 3205 5195 legenti
3236 5127 3562 5182 subodorari

264 5206 483 5278 licebit;
524 5212 791 5267 videlicet
813 5229 935 5279 nos,
970 5215 1073 5269 etsi
1108 5217 1251 5272 inter
1279 5217 1486 5300 incerta
1516 5217 1709 5273 isthzec
1737 5232 2089 5288 reponamus,
2121 5219 2441 5289 plerumque
2466 5227 2648 5275 tamen
2680 5223 2854 5292 magis
2884 5221 3223 5291 propendere.
3253 5221 3310 5275 in
3344 5230 3557 5292 partem

262 5309 503 5375 negandi
534 5328 549 5363 :
595 5309 973 5381 maluisseque
1001 5311 1179 5366 adhuc
1207 5313 1308 5368 sub
1336 5312 1519 5383 judice
1556 5314 1706 5368 litem
1736 5329 1880 5377 esse,
1906 5330 2070 5384 quam
2100 5316 2155 5369 in
2195 5317 2498 5387 periculum
2534 5317 2720 5373 venire
2753 5317 2928 5372 levius
2982 5316 3294 5389 proferendi
3348 5317 3563 5382 νοθείας

260 5394 477 5464 iudicii,
506 5400 933 5471 Athanasioque
962 5418 1092 5458 suas
1119 5403 1255 5459 forte
1292 5405 1707 5461 lucubrationes
1738 5406 2117 5475 abjudicandi.
2141 5406 2200 5462 In
2233 5410 2537 5479 posteriore
2563 5424 2627 5464 ea
2652 5410 2989 5465 collocamus
3010 5427 3132 5480 qua:
3153 5418 3339 5482 aperte
3370 5411 3561 5479 spuria

260 5497 411 5549 sunt.
448 5504 568 5543 non
596 5491 784 5560 aliquo
815 5500 1035 5548 servato
1065 5494 1279 5557 ordine,
1310 5496 1404 5551 sed
1435 5511 1497 5552 ea
1520 5512 1642 5567 quae
1678 5496 1733 5550 iu
1767 5496 1920 5567 prius
1948 5497 2110 5553 editis
2142 5501 2348 5569 primas
2374 5501 2631 5557 tenebant
2657 5510 2715 5554 ut
2758 5502 2871 5556 fors
2917 5503 3135 5567 obtulit,
3173 5504 3357 5573 priora
3390 5501 3561 5556 ferme

258 5585 625 5654 reposuimus
652 5607 664 5640 :
696 5587 804 5641 alia
833 5595 893 5643 ut
930 5591 1236 5659 argumenti
1269 5592 1408 5647 ratio
1442 5592 1649 5649 ferebat
1679 5607 1788 5648 una
1835 5590 2247 5663 conjunximus.
2293 5594 2404 5651 Nec
2436 5604 2615 5652 tamen
2647 5605 2795 5651 certa
2833 5597 3018 5666 regula
3050 5595 3152 5651 fuit
3179 5614 3193 5652 :
3224 5603 3278 5651 et
3312 5596 3442 5666 quia
3473 5609 3561 5650 se-

332 5737 414 5811 (a)
451 5738 541 5794 De
566 5750 780 5795 oratore
813 5741 853 5794 l.
884 5756 944 5797 ll.

601 5836 874 5895 PATROL.
936 5838 1053 5899 Gn.
1111 5838 1383 5901 XXVI"
3084 5837 3109 5896 1
