4048 6406
487 384 547 439 Η
1921 385 2081 441 ΡΒιΕ

2139 384 2310 443 ATIO.
3662 390 3737 446 .12

484 504 603 560 ritis
644 505 905 561 nonnulla
934 503 1289 569 accedebant,
1320 502 1554 574 priorem
1584 502 1640 555 in
1679 514 1914 554 vacuum
1943 500 2124 554 locum
2154 516 2287 556 casu
2328 502 2500 572 magis
2532 518 2694 573 quam
2720 502 2953 559 consilio
2987 504 3238 573 conjecta
3270 512 3398 560 sunt
3425 523 3437 558 :
3473 511 3526 558 et
3556 505 3737 560 consi-

487 599 632 655 lione
654 616 793 669 opus
822 600 877 655 in
905 601 1071 655 rebus
1103 601 1412 657 inconsulta
1452 600 1751 654 multorum
1784 598 2091 654 temeritate
2131 601 2565 656 consarcinatis?
2598 600 2849 655 llomiliae
2879 610 3061 656 tamen
3091 618 3283 658 omnes
3319 618 3423 656 una
3448 602 3741 667 cohaerent,

487 698 705 746 servato
729 707 912 746 rerum
945 707 1067 761 quae
1092 699 1331 762 aguntur
1350 690 1563 746 ordine.

559 787 656 844 His
684 796 867 842 autem
899 787 1066 850 notis,
1108 786 1196 841 his
1225 785 1454 841 tesseris
1488 784 1656 839 dubia
1684 792 1741 839 et
1772 783 1950 838 aliena
1980 798 2010 836 a
2046 786 2325 854 germanis
2351 786 2784 841 inter-noscimus
2816 806 2827 840 :
2862 787 3039 857 primo
3069 801 3137 839 ex
3171 784 3441 855 frequenti
3466 776 3745 837 Athanasii

485 897 713 951 sperum
745 883 1093 944 tractatione,
1121 895 1222 935 ceu
1261 885 1456 950 gustus
1484 879 1702 950 quidem
1727 878 1928 949 legenti
1953 878 2218 946 inhaeret,
2248 881 2408 950 cujus
2436 897 2539 953 ope
2570 882 2715 937 haud
2748 880 2906 936 facile
2939 882 3013 937 sit
3038 880 3137 951 ipsi
3169 879 3352 935 fucum
3384 879 3589 962 facere;
3620 891 3744 929 cum

484 980 723 1034 maxime
748 979 976 1033 arduum
1007 977 1077 1032 sit
1103 977 1456 1047 quantumvis
1499 978 1676 1047 perito
1705 978 1946 1032 nativam
1976 976 2266 1034 Athanasii
2293 980 2619 1050 elegantiam
2653 982 2926 1036 ementiri.
2972 980 3038 1034 Et
3077 980 3297 1051 quidem
3348 979 3516 1033 multa
3555 990 3748 1029 occur-

485 1083 631 1133 runt,
663 1089 784 1142 quae
804 1073 848 1127 si
872 1073 954 1126 vel
984 1072 1322 1142 primoribus
1349 1074 1567 1143 quidem
1599 1073 1767 1127 labris
1796 1071 2057 1143 attingas,
2082 1074 2265 1128 statim
2288 1089 2519 1144 respuas
2537 1083 2593 1128 ut
2622 1075 2905 1147 peregrina
2929 1075 3067 1129 etab
3083 1071 3368 1127 Athanasii
3389 1070 3478 1124 iila
3494 1066 3746 1138 ἐνεργείᾳ

482 1165 848 1222 abhorrentia.
887 1162 1210 1232 IIujusmodi
1236 1173 1366 1219 sunt
1393 1164 1693 1233 Disputatio
1722 1173 1907 1217 contra
1936 1165 2123 1218 Arium
2151 1207 2166 1231 ,
2220 1165 2273 1218 in
2307 1165 2515 1236 synodo
2540 1164 2758 1221 Nicaana
2780 1207 2795 1232 ,
2841 1165 3025 1220 Sermo
3065 1174 3251 1219 contra
3277 1179 3455 1217 omnes
3489 1160 3709 1215 hwrcses
3729 1191 3749 1225 ,

484 1260 728 1316 Historia
757 1259 1142 1323 Melchisedeci,
1168 1258 1326 1312 Liber
1357 1259 1433 1314 De
1458 1259 1875 1328 deﬁnitionibus,
1910 1266 1964 1313 et
1995 1260 2085 1314 alii
2106 1259 2354 1329 ejusdem
2393 1258 2583 1315 farina:
2606 1260 2793 1315 libelli.
2830 1260 3057 1315 Etiamsi
3082 1275 3213 1315 vero
3247 1258 3303 1312 in
3336 1254 3583 1312 melioris
3607 1263 3750 1307 nuta:

480 1350 743 1420 epuseula
770 1348 1099 1413 incidamus,
1126 1348 1256 1403 dum
1292 1349 1347 1404 in
1378 1364 1575 1419 genere
1601 1349 1871 1419 poleniico
1902 1358 2213 1415 versentur,
2251 1351 2307 1405 in
2337 1366 2448 1421 quo
2484 1351 2763 1406 cernimus
2808 1367 2948 1422 pene
2982 1359 3152 1405 totam
3197 1348 3483 1403 Athanasii
3535 1353 3751 1401 etatem

479 1460 601 1499 esse
631 1444 949 1509 contritam,
985 1444 1130 1499 haud
1166 1460 1364 1516 magno
1407 1446 1595 1500 labore
1639 1460 1669 1498 a
1705 1444 2039 1499 fraudulenti
2071 1447 2361 1518 scriptoris
2396 1446 2630 1501 artificio
2663 1461 2764 1503 nos
2817 1447 3195 1517 explicemus:
3227 1460 3351 1500 cum
3388 1444 3481 1498 vix
3514 1442 3625 1496 ulla
3658 1454 3752 1496 ars

479 1542 631 1594 illum
656 1548 738 1595 tot
769 1556 1039 1596 annorum
1066 1555 1226 1595 usum
1250 1581 1265 1605 ,
1316 1540 1463 1595 illam
1501 1548 1698 1611 sponte
1730 1540 1985 1596 liuentem
2031 1542 2403 1612 eloquentiam
2434 1541 2699 1611 consequi
2733 1541 2930 1611 possit.
2968 1539 3105 1593 Cum
3155 1546 3337 1591 autem
3386 1535 3500 1588 alio
3552 1544 3752 1603 genere

477 1631 753 1687 scribendi
787 1640 1011 1689 exarata
1043 1641 1194 1699 sunt,
1223 1648 1333 1703 quo
1385 1633 1472 1687 vel
1502 1633 1655 1687 nulla
1680 1634 1766 1687 vel
1800 1634 2135 1704 paucissima
2167 1634 2399 1688 ediderit
2435 1633 2793 1696 Athanasius,
2822 1642 2937 1687 tum
2971 1631 3175 1687 laboris
3203 1636 3257 1685 et
3285 1626 3505 1682 consilii
3527 1640 3617 1679 res
3644 1632 3747 1679 est.

479 1727 858 1799 lnvestiganda
894 1730 1106 1785 scilicet
1139 1729 1415 1793 doctrina,
1456 1731 1623 1785 verba
1659 1729 1874 1800 singula
1925 1729 2286 1800 inspicienda,
2319 1731 2605 1785 sententia:
2644 1727 3031 1799 ponderandas.
3059 1741 3190 1781 num
3236 1724 3430 1778 alienae
3457 1720 3528 1775 ab
3554 1726 3750 1778 aetate,

476 1823 546 1876 ab
577 1831 820 1887 auctore,
846 1823 916 1878 ab
941 1822 1204 1878 Ecclesia:
1237 1839 1362 1877 usu.
1404 1822 1625 1878 Diliicile
1667 1838 1800 1877 sane
1831 1823 1966 1877 nihil
1997 1824 2268 1891 ejusmodi
2296 1823 2630 1893 deprehendi
2663 1823 2716 1877 in
2748 1821 2972 1892 spuriis.
3006 1818 3061 1874 Si
3092 1826 3234 1874 notae
3254 1814 3506 1888 quaedam
3561 1812 3756 1881 hujus-

476 1914 622 1969 modi
653 1905 965 1981 occurrant,
998 1921 1051 1970 et
1085 1915 1192 1970 tale
1226 1929 1366 1985 opus
1396 1915 1466 1969 ab
1496 1915 1723 1984 antiquo
1755 1916 1973 1969 nemine
2003 1914 2273 1978 laudetur,
2295 1914 2407 1983 jam
2442 1923 2670 1986 augetur
2717 1914 2981 1984 suspicio.
3032 1911 3219 1980 Neque
3257 1918 3440 1962 tamen
3487 1904 3639 1959 illico
3673 1902 3754 1957 fe-

474 2004 644 2059 renda
669 2005 958 2061 adversum
994 2005 1284 2069 sententia,
1312 2004 1419 2059 nisi
1454 2005 1561 2058 alia
1607 2021 1675 2058 ex
1705 2020 1833 2059 mox
1864 2005 2191 2090 enarrandis
2223 2013 2349 2059 nota
2404 2013 2739 2076 compareat.
2772 2004 2906 2058 Nam
2932 2011 3060 2058 sunt
3094 2003 3198 2056 alia
3229 1999 3557 2071 gravissima
3597 1996 3756 2065 signa
3806 2042 3811 2049 .

474 2099 676 2169 quibus
710 2100 776 2155 lis
797 2100 1070 2154 solvatur.
1108 2098 1244 2154 Cum
1276 2099 1513 2156 haereses
1543 2100 1753 2155 scilicet
1785 2101 2234 2170 subsequentium
2261 2110 2481 2156 aetatum
2524 2103 2934 2173 impugnantur,
2971 2102 3136 2156 etiam
3167 2100 3333 2154 tacito
3362 2096 3753 2151 hazreticorum

475 2192 693 2246 nomine
721 2209 735 2246 :
770 2206 1006 2261 namque
1035 2190 1081 2246 si
1098 2206 1308 2247 nomen
1331 2192 1507 2255 adest,
1534 2208 1635 2248 nec
1657 2193 1979 2262 conjectura
2007 2194 2198 2249 subest
2239 2195 2420 2264 aliqua
2454 2194 2626 2249 fuisse
2657 2195 3070 2250 amanuensium
3096 2192 3405 2248 temeritate
3433 2190 3715 2259 adjectum
3740 2227 3754 2245 .

473 2270 623 2340 nulla
656 2302 809 2342 mora
840 2286 1010 2341 fertur
1035 2286 1247 2352 νοθείας
1268 2287 1552 2359 judicium.
1586 2287 1641 2342 Si
1674 2291 1729 2342 in
1753 2291 2144 2359 manuscriptis
2176 2291 2461 2359 inscriptio
2495 2291 2568 2343 ita
2600 2290 2796 2355 variet,
2829 2298 2890 2343 ut
2913 2292 2965 2343 in
3016 2289 3141 2345 aliis
3170 2287 3500 2349 Athanasii,
3538 2285 3595 2338 in
3632 2283 3759 2337 aliis

473 2380 700 2433 alterius
731 2380 1019 2450 scriptoris
1047 2395 1246 2434 nomen
1279 2389 1634 2451 compareat;
1665 2381 1882 2451 signum
1912 2382 2129 2436 videtur
2156 2381 2531 2445 manifestum,
2566 2398 2690 2439 esse
2723 2392 2896 2439 totum
2932 2382 3237 2439 Athanasio
3266 2379 3708 2450 abjudicandum
3743 2396 3756 2431 :

472 2493 599 2531 nam
628 2479 673 2532 si
694 2478 957 2548 primitus
1002 2476 1287 2531 Athanasii
1343 2492 1543 2531 nomen
1574 2476 1791 2530 tulisset
1844 2476 2149 2546 inscriptio,
2193 2492 2263 2531 ne
2300 2476 2595 2546 cogitasset
2624 2477 2845 2547 quidem
2875 2474 3230 2530 amanuensis
3284 2470 3516 2525 alterius
3554 2482 3759 2522 nomen

473 2571 846 2638 substituere;
889 2587 1014 2626 cum
1051 2579 1200 2625 tanta
1230 2572 1302 2627 sit
1331 2571 1756 2627 celebratissimi
1792 2571 2035 2627 doctoris
2078 2575 2401 2637 auctoritas,
2435 2580 2495 2627 ut
2525 2574 2754 2629 stultum
2786 2582 2932 2629 esset
2962 2573 3032 2627 ab
3061 2572 3168 2625 alio
3194 2568 3460 2638 majorem
3488 2563 3759 2620 mutuari.

476 2662 545 2719 Et
573 2680 708 2720 sane
738 2666 949 2720 nullum
980 2666 1218 2721 vidimus
1260 2682 1325 2722 ex
1359 2667 1610 2736 genuinis
1643 2666 1951 2733 Athanasii,
1984 2666 2212 2722 alterius
2245 2666 2498 2738 prmferre
2544 2684 2744 2724 nomen
2794 2669 2850 2723 in
2897 2666 3204 2722 codicibus.
3262 2662 3761 2719 Evidentissnnum

472 2758 870 2827 suppositionis
909 2766 1291 2829 argumentum
1332 2768 1435 2825 est,
1466 2773 1593 2812 cum
1643 2756 1834 2813 Patres
1863 2758 2167 2814 Athanasio
2200 2776 2467 2830 suppares
2500 2768 2595 2815 aut
2641 2760 2865 2815 omnino
2919 2758 3207 2813 inferiores
3236 2754 3543 2808 laudantur
3577 2769 3591 2806 :
3633 2763 3764 2803 nam

470 2861 585 2907 tum
617 2854 702 2907 vel
730 2869 797 2908 ex
822 2853 1125 2924 ignorantia
1160 2854 1445 2921 scriptoris
1476 2851 1657 2923 prodit
1676 2853 2255 2918 anachronismus,vel
2287 2855 2599 2910 inconsulto
2622 2855 3039 2907 amanuensium
3064 2865 3198 2905 ausu
3231 2846 3527 2901 Athanasii
3556 2858 3764 2900 nomen

469 2943 748 3011 praefixum
781 2945 934 3014 operi
965 2943 1084 2997 fuit.
1111 2941 1207 2999 His
1237 2960 1372 3000 usus
1401 2960 1522 2999 sum
1555 2944 1779 3000 tesseris
1805 2961 1821 3012 ;
1852 2958 1974 3014 quae
2003 2951 2184 2999 tamen
2213 2960 2361 2998 nunc
2386 2945 2578 3000 leviter
2610 2943 2953 3015 perstringo,
2995 2942 3125 3012 quia
3181 2939 3359 2995 fusius
3415 2938 3540 2993 suis
3600 2938 3766 2992 locis.

474 3032 755 3090 Undenam
784 3034 996 3105 singula
1030 3034 1317 3104 prodeant,
1340 3033 1542 3088 videsis
1576 3034 1630 3086 in
1663 3048 1790 3086 mox
1815 3032 2065 3103 sequenti
2097 3035 2415 3090 recensione
2447 3034 2699 3091 codicum
2730 3049 2868 3089 mss.
2894 3040 2946 3089 et
2976 3032 3268 3087 editorum.

544 3126 745 3181 Praeter
771 3141 836 3180 ea
865 3135 1047 3180 autem
1086 3139 1206 3194 quae
1228 3124 1319 3178 hic
1346 3132 1563 3180 exstant
1596 3138 1753 3187 cusa,
1791 3124 1894 3177 alia
1928 3124 2196 3193 permulta
2224 3136 2373 3190 sunt,
2406 3140 2527 3196 quae
2550 3141 2674 3181 eum
2703 3125 2954 3197 proxime
2980 3123 3275 3194 praeteritis
3311 3123 3543 3179 sarculis
3581 3122 3767 3178 fraudi

470 3220 957 3292 Opportunioribus
986 3222 1209 3286 impune
1232 3218 1595 3274 Athanasium
1632 3218 1891 3274 ementita
1914 3217 2169 3282 fuissent,
2198 3220 2506 3275 instaurate
2532 3222 2751 3276 demum
2782 3222 3087 3275 litterarum
3115 3231 3326 3279 usu,-ex
3351 3216 3769 3272 Athanasianis

467 3328 641 3389 ejecta
671 3325 819 3373 sunt.
852 3316 998 3371 Inter
1029 3315 1143 3369 haec
1166 3321 1600 3369 annumerantur
1628 3312 2033 3369 Conimentaria
2058 3313 2452 3387 Theophylacti
2496 3318 2553 3370 in
2587 3316 2860 3386 Epistolas
2909 3314 3099 3376 Pauli,
3128 3313 3184 3366 in
3220 3312 3515 3382 prioribus
3565 3312 3773 3370 Gallia:

468 3411 630 3466 editis
662 3426 796 3465 cusa
826 3408 895 3463 ad
924 3410 1157 3464 frontem
1183 3422 1407 3476 operum
1445 3406 1502 3463 S.
1538 3407 1851 3472 Athanasii,
1889 3425 2012 3478 qua:
2039 3408 2235 3465 deinde
2267 3409 2537 3482 Vulgarii,
2571 3413 2689 3468 sive
2719 3410 2981 3481 Bulgarii,
3010 3417 3102 3461 aut
3132 3409 3313 3477 potius
3346 3406 3772 3479 Theophylacti

469 3507 832 3579 Bulgarorum
862 3504 1109 3577 episcopi
1143 3518 1267 3559 csse
1295 3504 1638 3575 deprehensa
1670 3512 1799 3559 sunt
1824 3542 1840 3568 ,
1893 3512 1947 3561 et
1994 3504 2109 3575 jam
2159 3506 2404 3576 ejusdem
2445 3508 2670 3563 nomine
2704 3506 2893 3562 Graece
2939 3514 2993 3559 et
3029 3503 3219 3559 Latine
3252 3503 3771 3560 circumferuntur.

466 3598 586 3656 Non
617 3599 841 3655 defuere
871 3599 1023 3660 item,
1051 3598 1145 3666 qui
1176 3594 1349 3649 libros
1376 3579 1569 3649 Hilarii
1609 3594 1687 3649 De
1721 3585 1985 3649 Trinitate
2016 3595 2322 3653 Athanasio
2363 3600 2745 3671 ascripserint,
2775 3613 3011 3671 quorum
3056 3598 3326 3651 sententia
3374 3612 3445 3653 ne
3498 3598 3774 3653 confuta-

468 3692 618 3748 tione
651 3693 871 3763 quidem
901 3698 1063 3762 eget:
1099 3694 1152 3743 et
1179 3688 1348 3756 probe
1377 3703 1516 3757 opus
1552 3689 1687 3743 illud
1718 3688 1925 3746 Hilario
1955 3700 2227 3747 assertum
2267 3692 2370 3749 fuit
2404 3693 2459 3748 in
2486 3707 2764 3765 postrema
2796 3694 2917 3764 ejus
2940 3708 3167 3762 operum
3200 3692 3444 3748 editione
3477 3709 3510 3747 a
3545 3697 3779 3753 nostris

467 3787 751 3842 adornata.
797 3785 1056 3856 Dialogus
1093 3796 1314 3853 quoque
1346 3778 1578 3836 Joannis
1612 3781 1932 3839 Damasceni
1980 3794 2167 3839 contra
2215 3784 2540 3842 Manichwos
2584 3789 2638 3842 in
2678 3787 2849 3859 Regio
2885 3787 3077 3842 codice
3120 3802 3270 3839 num.
3305 3786 3454 3842 2502
3486 3793 3709 3849 ascribi
3742 3808 3777 3849 a

466 3878 746 3932 nonnullis
771 3875 1072 3931 Athanasio
1099 3873 1302 3927 dicitur
1333 3890 1345 3925 :
1382 3869 1479 3926 sed
1529 3873 1750 3944 γνήσιος
1785 3872 2105 3930 Damasceni
2157 3875 2299 3933 fetus
2327 3887 2443 3944 est,
2476 3887 2535 3933 ut
2583 3879 2833 3950 pluribus
2867 3883 3324 3936 commonstrabit
3360 3888 3448 3939 vir
3499 3891 3785 3950 eruditus

466 3966 529 4022 P.
560 3967 835 4039 Lequien,
869 3966 1079 4022 ordinis
1112 3962 1562 4027 Pratdieatorum,
1608 3964 1662 4017 in
1688 3978 1753 4019 ca
1785 3980 1949 4035 quam
1997 3975 2155 4036 parat
2186 3967 2508 4025 Damasceni
2538 3986 2766 4042 operum
2801 3971 3059 4027 editione.
3099 3972 3235 4029 Vere
3273 3982 3464 4031 tamen
3506 3979 3781 4039 Athana-

468 4062 585 4115 sius
620 4059 968 4121 Manichaaos,
1002 4069 1236 4126 quorum
1280 4054 1476 4126 ingens
1508 4071 1607 4111 sua
1636 4064 1963 4127 tempestate
1998 4077 2282 4128 numerus,
2309 4067 2533 4136 scriptis
2561 4076 2647 4120 est
2676 4064 2901 4119 adortus
2934 4084 2946 4120 :
2982 4079 3033 4123 at
3059 4071 3330 4139 ejusmodi
3378 4078 3609 4149 scripta
3641 4100 3781 4139 cum

468 4150 774 4207 innumeris
797 4149 921 4205 aliis
954 4146 1155 4218 injuria
1182 4153 1492 4215 temporum
1526 4147 1800 4203 exstincta
1832 4156 1980 4206 sunt.
2016 4149 2083 4204 Et
2121 4153 2281 4222 plane
2315 4154 2561 4209 demiror
2609 4153 2983 4209 Grmculorum
3041 4163 3391 4220 oseitantiam
3417 4206 3434 4231 ,
3488 4146 3593 4239 qui
3635 4173 3785 4228 dum

469 4246 656 4314 spuria
686 4243 993 4299 sexcenties
1020 4237 1415 4305 exscriberent,
1444 4253 1704 4310 germana
1735 4241 1809 4294 ita
1845 4243 2224 4311 neglexerunt,
2259 4253 2318 4297 ut
2353 4247 2568 4301 incuria
2599 4244 2883 4315 perierint.
2926 4244 2995 4300 Ut
3032 4254 3346 4324 conjectare
3383 4237 3571 4327 porro
3605 4263 3781 4329 licet,

467 4357 579 4397 non
606 4340 808 4412 dialogi
840 4354 993 4394 more
1023 4334 1354 4392 Manichaeos
1380 4335 1718 4393 Athanasius
1756 4346 1841 4393 est
1875 4354 2170 4411 aggressus
2201 4360 2214 4395 :
2253 4359 2377 4397 nam
2404 4343 2525 4412 ejus
2573 4358 2688 4398 aevo
2720 4343 2823 4399 hoc
2854 4345 3128 4401 scribendi
3170 4362 3342 4416 genus
3393 4352 3603 4409 minus
3651 4368 3788 4413 erat

468 4431 896 4502 frequentatum.
932 4428 990 4483 In
1021 4429 1308 4491 codicibus
1333 4435 1653 4506 Anglicanis
1679 4437 1918 4493 homilite
1941 4439 1997 4493 in
2024 4437 2226 4494 Christi
2247 4451 2446 4505 ortum,
2479 4457 2601 4512 quae
2631 4442 2775 4498 inter
2796 4443 3175 4514 Chrysostomi
3200 4461 3364 4514 opera
3394 4462 3789 4527 comparent,

466 4527 753 4583 Athanasii
781 4526 910 4581 item
937 4540 1136 4581 nomen
1166 4528 1483 4596 praeferunt.
1505 4530 1703 4585 Earum
1723 4532 2074 4589 meminimus
2095 4533 2149 4588 in
2165 4534 2375 4590 monito
2399 4534 2465 4588 ad
2486 4535 2764 4589 homiliam
2784 4534 2861 4589 De
2879 4546 2998 4589 ortu
3016 4535 3234 4599 Christi,
3253 4553 3307 4605 p.
3328 4536 3436 4590 550
3456 4538 3574 4610 (η).
3607 4526 3792 4609 Quod

468 4632 645 4678 autem
677 4623 870 4677 attinet
904 4620 970 4674 ad
1004 4622 1281 4677 orationes
1315 4620 1437 4677 illas
1467 4622 1787 4678 dialecticas
1815 4624 2102 4678 Athanasii
2145 4624 2201 4679 in
2222 4624 2443 4679 Nicaena
2467 4624 2677 4696 synodo
2710 4637 2978 4695 praesente
3012 4626 3377 4680 Constantino
3401 4625 3625 4700 Magno
3673 4635 3792 4693 ha-

466 4716 632 4779 bitas,
665 4725 996 4772 memoratas
1023 4730 1055 4770 a
1080 4711 1466 4777 Felckmanno,
1501 4727 1641 4783 quas
1672 4720 1861 4767 narrat
1893 4712 1964 4768 M.
1997 4712 2234 4768 Crusius
2265 4713 2744 4783 Constantinopoli
2782 4715 2923 4783 apud
2960 4714 3394 4770 illustrissimum
3434 4719 3790 4794 principem

468 4807 730 4863 Jacobum
766 4807 1150 4863 Marmoretam
1178 4820 1244 4862 eo
1275 4812 1518 4876 tempore
1547 4814 1791 4876 repertas
1819 4804 2010 4867 fuisse,
2043 4805 2134 4859 vix
2166 4805 2404 4874 putarim
2436 4804 2684 4858 diversas
2710 4819 2739 4857 a
2775 4803 3146 4873 Disputatione
3171 4816 3355 4861 contra
3380 4807 3623 4879 Arium,
3650 4834 3797 4889 qua;

469 4903 524 4956 in
553 4904 757 4974 spuriis
787 4918 982 4973 agmen
1023 4901 1170 4973 agit:
1203 4901 1457 4970 permulti
1501 4916 1738 4972 namque
1771 4900 1892 4971 ejus
1925 4901 2144 4955 codices
2196 4901 2251 4954 in
2284 4899 2456 4953 variis
2497 4898 2844 4952 bibliothecis
2874 4906 3110 4953 exstant.
3156 4901 3214 4954 ln
3267 4901 3400 4959 Vitis
3433 4920 3797 4973 sanctorum

469 4997 791 5061 Siculorum.
824 4998 895 5053 ab
923 4997 1149 5053 Octavio
1178 4994 1477 5065 Cajetano,
1522 4997 1890 5069 Syracusano,
1933 4996 2228 5051 Soeietatis
2257 4994 2410 5055 Jesn,
2445 4992 2702 5046 Panormi
2736 4993 2898 5048 editis
2937 5008 3081 5046 anno
3124 4992 3283 5057 1657,
3318 5011 3364 5064 p.
3400 4993 3481 5050 24
3503 5038 3520 5062 ,
3580 5014 3803 5064 exstat

467 5090 690 5144 nomine
710 5090 995 5145 Athanasii
1028 5087 1426 5159 archiepiscopi
1453 5088 1806 5144 Alexandrini
1848 5088 1967 5141 Vita
1992 5087 2049 5142 S.
2109 5085 2343 5155 Philippi
2372 5084 2705 5153 Agyriensis,
2743 5084 2904 5152 vulgo
2933 5083 3239 5154 Agyrionis,
3271 5101 3334 5139 ex
3371 5097 3584 5145 monte
3628 5095 3804 5170 Agy-

467 5185 622 5240 rione
652 5187 705 5239 in
737 5186 947 5243 Sicilia.
973 5187 1044 5253 ls,
1070 5194 1127 5239 ut
1154 5184 1315 5253 vulgo
1347 5193 1592 5252 narrant,
1621 5200 1652 5237 a
1691 5183 1752 5238 Β.
1782 5181 1947 5236 Petro
1980 5180 2230 5251 apostolo
2260 5180 2315 5232 in
2344 5176 2591 5231 Siciliam
2639 5177 2847 5231 missus
2897 5176 3021 5240 fuit,
3052 5178 3298 5248 obiitque
3347 5192 3509 5232 anno
3548 5182 3801 5246 Christi

470 5269 665 5336 90,die
695 5274 763 5327 12
794 5274 936 5330 Maii.
965 5274 1169 5330 Verum
1202 5274 1256 5328 in
1282 5275 1594 5344 hujusmodi
1620 5279 1934 5329 commento
1965 5271 2261 5326 refutando
2289 5282 2512 5338 operam
2548 5267 2740 5322 ludere
2775 5268 2941 5323 otiosi
2974 5270 3214 5325 hominis
3240 5276 3405 5324 esset.
3433 5268 3804 5338 Christiani

470 5362 649 5433 copti,
682 5382 775 5422 seu
802 5365 1064 5437 Egyptii,
1096 5369 1360 5437 hymnum
1412 5363 1600 5420 Gloria
1642 5366 1697 5417 in
1729 5363 1973 5427 excelsis,
2005 5360 2231 5429 Coptiee
2259 5357 2585 5412 translatum
2616 5355 2869 5412 tribuunt
2897 5359 3216 5415 Athanasio.
3268 5359 3374 5415 Sed
3406 5374 3553 5418 cum
3594 5384 3717 5427 nec
3766 5392 3803 5431 a

469 5456 708 5525 Graecis,
750 5474 851 5515 nec
882 5475 913 5514 a
941 5460 1151 5517 Latinis
1179 5439 1332 5517 tanto
1370 5462 1581 5517 doctori
1612 5460 1889 5528 ascriptus
1918 5471 2158 5525 unquam
2193 5454 2365 5509 fuisse
2412 5462 2770 5519 memoretur,
2807 5457 3106 5512 verisimile
3149 5464 3233 5512 est
3287 5457 3510 5529 Coptos
3570 5466 3754 5537 ipsos
3781 5516 3805 5540 ,

471 5556 752 5628 stupendae
782 5566 997 5627 gentem
1039 5554 1377 5630 ignorantire,
1416 5572 1554 5629 quos
1585 5569 1754 5625 penes
1789 5553 2090 5623 plurimum
2140 5550 2472 5603 auctoritate
2504 5548 2647 5603 valet
2678 5549 3011 5605 Athanasius
3035 5589 3049 5614 ,
3106 5547 3159 5601 id
3207 5550 3390 5619 operis
3422 5550 3807 5623 inconsulte

469 5647 570 5717 ipsi
604 5648 883 5705 tribuisse.
924 5651 1006 5706 Ad
1034 5652 1149 5707 [nec
1191 5653 1454 5709 Leontius
1490 5650 1824 5722 Byzantinus
1856 5647 1997 5701 libro
2025 5645 2289 5699 Adversus
2344 5642 2560 5713 fraudes
2595 5644 3106 5713 Apollinaristaium
3138 5644 3234 5709 ait,
3269 5644 3536 5705 solemne
3597 5654 3808 5718 fuisse

532 5826 604 5890 (α)
635 5829 726 5880 Hie
758 5837 810 5880 et
832 5831 956 5882 infra
979 5828 1183 5894 paginas
1205 5829 1435 5894 intellige
1475 5831 1702 5882 editionis
1733 5831 1937 5882 Veneta:
1960 5839 2081 5889 quas
2104 5827 2231 5888 typis
2256 5825 2599 5889 grandioribus
2634 5827 2992 5888 expressimus.
3020 5823 3153 5873 Eoir.
