4048 6406
276 422 343 477 15
1722 427 2116 487 ΡΒᾹΞΡΑΤΙΟ.
3457 444 3525 498 Η

272 535 596 604 Apollinarii
624 536 918 608 discipulis
944 539 1109 595 libros
1136 541 1379 610 magistri
1413 542 1494 596 sui
1529 541 1673 596 Julia
1699 544 1879 607 modo.
1916 561 2039 599 mox
2072 545 2333 618 Gregorio
2365 546 2794 621 Thaumaturgo.
2828 553 2991 606 modo
3017 553 3317 611 Athanasio
3352 562 3526 614 ascri-

270 626 550 682 bere.Sed
580 629 908 698 hujusmodi
954 630 1071 687 libri
1117 631 1254 686 l'also
1280 631 1531 702 inscripti
1559 632 1625 686 ad
1661 649 1763 689 nos
1806 652 1981 705 usque
2008 637 2233 692 minime
2261 650 2649 708 pervenerunt.
2684 640 2796 696 Nec
2845 644 3005 697 modo
3050 645 3394 715 Apollinarii,
3427 650 3525 704 sed

267 721 425 776 etiam
466 722 745 794 Eutychis
776 733 832 780 et
864 725 1135 792 Dioscori;
1158 741 1227 781 en
1257 728 1419 781 verba
1441 726 1649 781 Leontii
1684 748 1695 783 :
1735 729 1964 795 Quidam
1985 746 2050 784 ea:
2070 732 2257 785 hwresi
2284 733 2604 801 Apollinarii
2638 735 2715 788 vel
2738 734 2989 807 Eutychis
3013 737 3091 790 vel
3112 737 3375 804 Dioscori,
3408 758 3529 795 cum

266 813 450 867 vellent
472 831 639 868 suam
675 817 923 871 hazresim
956 819 1287 888 confirmare,
1313 821 1571 887 quasdam
1606 819 1871 873 orationes
1916 820 2234 889 Apollinarii
2273 823 2521 896 Gregorio
2548 826 2938 897 Thaumaturgo
2970 833 3070 882 aut
3093 829 3389 886 Athanasio
3434 840 3529 885 aut

266 906 406 961 Julia
430 910 855 979 inscripserunt,
880 923 935 965 ut
962 913 1302 977 simpliciores
1328 912 1596 981 fallerent,
1615 911 1752 983 quod
1782 913 1992 982 quidem
2022 917 2371 984 perfecerunt.
2400 918 2734 973 Auctoritate
2771 920 2911 973 enim
2934 918 3239 989 hujusmodi
3267 937 3522 990 persona-

268 1019 378 1057 rum
406 1006 515 1073 ﬁde
555 1004 750 1076 digna,
777 1008 969 1061 multos
998 1007 1248 1062 Ecclesia:
1275 1009 1550 1062 catholica:
1586 1025 1768 1078 capere
1815 1019 2117 1078 potuerunt.
2144 1011 2213 1065 Et
2252 1014 2391 1081 apud
2434 1015 2626 1069 multos
2670 1030 2735 1069 ea;
2768 1006 2915 1068 recte
2943 1008 3271 1064 credentibus
3300 1011 3527 1079 reperire
3586 1026 3593 1031 '

266 1096 451 1161 poteris
485 1096 692 1150 librum
726 1096 1046 1165 Apollinarii
1067 1138 1082 1160 ,
1114 1098 1200 1151 cui
1230 1098 1417 1151 titulus
1455 1098 1519 1149 Ἡ
1553 1097 1693 1151 κατὰ
1725 1098 1887 1168 μέρος
1918 1099 2121 1164 πίστις,
2158 1099 2320 1156 Fides
2359 1104 2708 1173 particularis
2736 1146 2750 1170 ,
2795 1104 3105 1171 inscriptum
3136 1101 3390 1173 Gregorio
3411 1142 3427 1165 ,
3476 1115 3530 1156 et

268 1188 519 1254 quasdam
542 1188 666 1257 ejus
691 1188 945 1257 epistolas
973 1191 1257 1258 inscriptas
1285 1188 1477 1243 Iulio:
1508 1200 1555 1243 et
1592 1190 1729 1244 alias
1762 1190 1877 1258 ejus
1902 1188 1977 1244 De
2006 1189 2383 1248 lncarnatione
2431 1195 2695 1250 orationes
2727 1194 2805 1248 vel
2832 1194 3179 1262 expositiones
3227 1192 3528 1245 Athanasio

269 1282 545 1350 inscriptas
572 1299 592 1337 :
625 1284 932 1353 cujusmodi
951 1295 1028 1338 est
1042 1301 1157 1356 qua:
1173 1286 1427 1353 inscripta
1446 1294 1522 1338 est
1553 1282 1849 1353 Expositio,
1878 1285 2200 1338 consentiens
2226 1301 2345 1339 cum
2372 1286 2714 1355 Expositione
2736 1293 3081 1340 trecentorum
3110 1283 3283 1338 decem
3304 1292 3353 1336 et
3376 1293 3491 1336 octo
3508 1296 3527 1334 :

274 1389 423 1443 neque
452 1375 636 1428 solum
660 1376 787 1436 has,
821 1375 909 1430 sed
933 1376 1068 1429 alias
1095 1374 1421 1439 huiusmodi.
1456 1371 1576 1427 Fiet
1605 1385 1781 1427 autem
1809 1373 1881 1425 ibi
1902 1372 1998 1426 hoc
2022 1375 2381 1444 manifestum,
2419 1386 2468 1430 et
2493 1379 2657 1432 cuivis
2692 1376 2928 1431 veritatis
2956 1374 3199 1428 studioso
3231 1389 3296 1427 ex
3326 1374 3390 1427 iis
3411 1389 3529 1443 qua:

272 1460 326 1522 t'n
350 1469 574 1523 medium
602 1471 894 1539 aﬂ'eremus
922 1481 1030 1524 tum
1061 1471 1223 1539 ipsius
1252 1470 1591 1537 Apollinarii,
1620 1479 1729 1522 tum
1754 1469 2135 1538 discipulorum
2162 1472 2299 1541 ejus.
2336 1482 2443 1528 etc.
2478 1473 2543 1528 Et
2574 1490 2705 1530 vero
2733 1470 2826 1545 qui
2871 1468 2928 1522 in
2964 1467 3165 1536 sptn‘iis
3195 1481 3386 1535 agmen
3418 1465 3529 1536 agit

274 1557 475 1615 libellus
496 1560 576 1615 De
601 1560 1004 1624 Iucarnatione,
1034 1562 1088 1615 in
1115 1561 1480 1631 suspicionem
1500 1561 1673 1623 venit,
1697 1561 1844 1630 quod
1871 1576 1936 1615 ex
1962 1560 2175 1617 ollicina
2211 1562 2671 1635 Eutychianorum
2703 1566 2985 1620 Athanasii
3008 1566 3227 1619 nomine
3241 1565 3524 1633 prodierit.

334 1650 665 1722 Quanquam
703 1668 872 1723 porro
913 1652 1123 1707 crebris
1172 1651 1639 1706 admonitionibus
1686 1650 1741 1704 in
1794 1651 2022 1717 hujusce
2063 1652 2194 1705 tomi
2228 1653 2463 1708 decursu
2496 1654 2626 1723 quid
2661 1654 2727 1710 de
2755 1655 3000 1723 quolibet
3048 1655 3313 1724 opusculo
3362 1653 3528 1709 ferret

272 1748 481 1802 animus
522 1745 1258 1814 commemoravimus,quia
1307 1746 1630 1815 plerumque
1675 1744 1870 1813 carptit

1949 1744 2225 1813 tetigimus
2274 1746 2520 1817 singula;
2576 1748 2689 1816 jam
2749 1746 2893 1817 quod
2944 1746 3226 1818 δευτέραις
3282 1744 3526 1818 φροντίσι

271 1841 611 1910 exploratum
649 1838 762 1893 fuit
792 1838 1132 1893 adnotemus.
1173 1836 1244 1892 De
1274 1836 1458 1891 libello
1489 1836 1540 1888 111
1572 1834 1748 1888 fronte
1773 1850 2003 1903 operum
2036 1836 2246 1905 posito.
2279 1838 2366 1892 cui
2403 1840 2602 1892 titulus
2628 1878 2645 1901 ,
2691 1837 2767 1891 De
2796 1837 3191 1902 Incarnalione,
3222 1839 3277 1893 in
3321 1836 3528 1901 Monito

268 1932 458 1986 ibidem
492 1932 757 2001 pluribus
785 1943 989 1986 actum.
1024 1929 1352 1984 Testimonia
1378 1942 1509 1981 vero
1552 1925 1849 1995 Scriptura:
1895 1943 2065 1980 sacra:
2111 1928 2254 1996 quod
2289 1938 2531 1999 spectat,
2574 1929 2685 1983 vidi
2720 1930 2967 1985 eruditos
3000 1939 3053 1984 et
3082 1937 3349 1986 emunctae
3377 1930 3529 1983 naris

268 2022 511 2077 homines
545 2026 642 2092 qui
680 2022 986 2077 Athanasio
1018 2035 1178 2090 posse
1202 2018 1405 2074 ascribi
1426 2018 1783 2072 aestimarent.
1829 2014 1894 2069 Et
1934 2032 2066 2070 sane
2088 2017 2269 2087 aliqua
2294 2026 2377 2073 est
2403 2020 2641 2088 hujusce
2682 2021 2806 2074 libri
2855 2020 3087 2077 allinitas
3118 2038 3242 2077 cum
3296 2021 3527 2091 epistola

266 2120 434 2188 prima
469 2119 539 2171 ad
575 2118 940 2188 Serapionem
969 2126 1020 2171 et
1052 2132 1173 2170 1111111
1218 2116 1358 2169 libro
1387 2113 1462 2167 De
1498 2112 1890 2174 Incarnatione,
1925 2128 1978 2182 p.
2016 2111 2121 2167 695
2150 2115 2280 2167 101111
2303 2115 2465 2184 primi
2504 2117 2601 2187 (a).
2631 2115 2708 2171 lbi
2733 2116 2902 2180 enim,
2938 2126 2997 2170 ut
3023 2118 3079 2172 in
3109 2117 3212 2173 hoc
3236 2117 3524 2189 opusculo.

266 2207 396 2263 locis
426 2224 493 2262 ex
525 2207 715 2264 Veteri
747 2223 812 2261 ac
839 2207 989 2261 Novo
1018 2204 1371 2260 Testamento
1426 2202 1692 2256 mutuatis
1740 2201 1984 2255 Trinitas
2035 2209 2089 2256 et
2118 2203 2283 2256 trium
2314 2218 2673 2273 personarum
2703 2209 2990 2278 aequalitas
3037 2218 3523 2267 commonstratur.

268 2293 458 2350 Verum
487 2298 712 2351 inﬁrma
745 2298 889 2351 ratio
914 2313 927 2349 :
973 2297 1082 2351 tale
1115 2297 1315 2366 quippe
1344 2292 1621 2350 scribendi
1646 2306 1818 2362 genus
1851 2301 1956 2358 est,
1989 2299 2047 2346 ut
2076 2293 2326 2363 quisquis
2354 2309 2468 2350 rem
2496 2296 2865 2366 aggrediatur,
2891 2315 3015 2355 cum
3045 2303 3153 2356 alio
3183 2303 3361 2359 simile
3389 2318 3529 2373 opus

266 2389 434 2456 agenti
467 2390 616 2458 ston
647 2389 966 2443 conveniat.
1018 2388 1271 2458 Alioquin
1303 2400 1436 2440 vero
1464 2400 1575 2438 11011
1609 2390 1695 2437 sat
1741 2382 1847 2439 sibi
1884 2391 2105 2438 constat
2134 2384 2369 2454 scriptor
2409 2384 2549 2452 iste;
2587 2387 2682 2442 sed
2722 2404 3011 2465 postquam
3066 2399 3134 2454 de
3163 2397 3427 2454 Τι-ίηίιειε
3460 2400 3529 2453 ad

265 2493 429 2548 usque
460 2481 771 2535 articulum
806 2478 875 2535 '56
905 2479 1069 2534 verba
1096 2479 1253 2547 fecit,
1278 2479 1428 2533 illico
1459 2492 1572 2532 rem
1600 2475 1939 2546 disparatam
1981 2475 2316 2546 ingreditur;
2347 2475 2565 2534 ,1111111108
2594 2482 2826 2551 scilicet,
2870 2489 3009 2547 ﬁlios
3037 2491 3409 2557 tenebrarum,
3434 2507 3531 2546 ex-

262 2578 756 2647 agitat.Articulus
780 2590 961 2634 autem
987 2579 1055 2634 i9
1078 2579 1147 2635 de
1171 2576 1511 2648 blasphemia
1541 2577 1598 2631 in
1629 2574 1936 2641 Christum,
1966 2576 2252 2631 Athanasii
2276 2593 2399 2634 esse
2421 2580 2610 2650 nequit
2644 2600 2657 2635 :
2690 2596 2817 2637 nam
2843 2583 3041 2637 acerbe
3074 2583 3210 2645 satis
3244 2582 3370 2638 istic
3404 2598 3531 2638 car-

266 2670 404 2738 pitur
437 2670 715 2743 Origenes
748 2690 761 2726 :
795 2673 890 2742 qui
927 2688 958 2727 a
987 2680 1182 2728 sancto
1218 2673 1452 2744 praesule
1493 2686 1710 2743 semper
1733 2686 1857 2726 cum
1912 2670 2122 2726 honore
2174 2671 2430 2728 laudatus
2461 2687 2527 2728 ac
2552 2673 2866 2733 vindicatus
2898 2676 3020 2733 fuit.
3049 2676 3095 2731 A
3122 2677 3430 2748 quaestione
3459 2677 3530 2733 50

266 2764 328 2817 ad
356 2763 516 2820 linem
552 2782 737 2836 usque
777 2766 984 2823 diversi
1021 2784 1110 2824 res
1140 2767 1448 2839 argumenti
1476 2773 1754 2840 aguntur:
1781 2765 1927 2822 unde
1962 2766 2104 2822 forte
2134 2766 2379 2838 suspicio
2410 2776 2673 2824 nascatur
2703 2778 2873 2826 totum
2902 2783 3041 2839 opus
3063 2784 3187 2824 esse
3217 2776 3525 2824 centonem.

328 2857 571 2928 Epistola
630 2859 913 2916 Catholica
961 2863 1056 2934 (b).
1107 2854 1353 2916 Diximus
1384 2860 1658 2929 ambigere
1713 2872 1811 2913 nos
1869 2873 1938 2912 an
1974 2859 2261 2914 Athanasii
2296 2860 2390 2924 sit,
2433 2874 2625 2925 necne,
2658 2861 2729 2917 ob
2758 2861 3023 2932 quasdam
3057 2858 3301 2929 adjectas
3330 2859 3405 2913 ibi
3436 2874 3530 2914 su-

265 2952 501 3021 spicandi
533 2969 742 3009 causas
767 2973 782 3006 :
808 2964 862 3010 et
882 2956 1025 3011 inter
1053 2956 1210 3019 alias,
1233 2955 1357 3025 quia
1379 2953 1433 3007 in
1452 2953 1611 3007 titulo
1630 2966 1766 3007 voce
1797 2950 2183 3005 συνεπίσκοποι
2209 2953 2382 3006 utitur
2411 2953 2661 3024 quisquis
2689 2954 2809 3024 ejus
2840 2961 3031 3008 auctor
3059 2960 3165 3018 est,
3184 2968 3309 3008 cum
3339 2959 3530 3006 contra

264 3048 422 3103 soleat
451 3048 805 3103 Athanasius
844 3050 1131 3119 episcopos
1162 3046 1606 3118 συλλειτουργούς
1634 3059 1862 3112 vocare;

1928 3052 1951 3098 t
1998 3046 2045 3099 si
2074 3046 2294 3116 quando
2336 3063 2441 3102 vox
2472 3048 2858 3102 συνεπίσκοποι
2879 3055 3028 3102 101110
3059 3048 3237 3118 primo
3262 3045 3524 3109 occurrit,

261 3154 363 3195 non
394 3143 449 3197 in
479 3142 887 3197 Athanasianis
917 3142 1100 3212 vulgo,
1126 3140 1220 3195 sed
1254 3140 1310 3194 in
1343 3140 1589 3210 epistolis
1611 3138 1824 3202 alienis,
1857 3138 1926 3192 ab
1954 3154 2020 3193 eo
2049 3138 2105 3192 in
2137 3139 2375 3194 medium
2403 3140 2653 3196 adductis
2691 3142 2982 3211 reperitur.
3010 3139 3211 3196 Vocem
3237 3140 3362 3194 item
3390 3137 3531 3209 σύμ-

260 3232 422 3299 εεὶον,
457 3250 584 3305 quae
630 3234 839 3288 ibidem
878 3240 1178 3302 comparet,
1231 3232 1470 3286 diximus
1520 3245 1630 3284 non
1678 3246 1780 3285 usu
1812 3231 2000 3285 venire
2026 3230 2079 3285 in
2110 3232 2384 3302 germanis
2415 3232 2722 3290 Athanasii.
2754 3231 2956 3287 Verum
3003 3231 3304 3287 secundum
3362 3231 3523 3287 istam

259 3325 448 3379 editam
480 3325 927 3379 admonitionem
958 3323 1181 3380 allatum
1206 3322 1368 3377 nobis
1402 3319 1574 3374 Roma
1605 3321 1911 3390 symbolum
1949 3320 2071 3385 fuit,
2118 3323 2216 3387 ita,
2260 3338 2453 3393 nempe
2485 3323 2751 3395 σύμϐολον
2803 3331 3201 3396 nuncupatum,
3241 3324 3287 3379 si
3344 3331 3530 3380 tamen

260 3413 567 3485 bujusmodi
603 3432 808 3472 nomen
840 3431 949 3469 non
976 3415 1392 3470 amanuensium
1429 3413 1611 3467 fuerit.
1636 3411 1905 3468 Nimirum
1937 3415 2266 3484 conjectura:
2296 3424 2423 3472 sunt
2451 3426 2642 3488 suapte
2672 3428 2863 3488 sponte
2892 3418 3060 3483 leves,
3089 3431 3210 3488 quae
3237 3416 3526 3484 sejunctim

260 3513 439 3578 posita:
469 3529 586 3567 non
624 3528 741 3566 rem
776 3512 1108 3578 conﬁciant;
1142 3519 1197 3564 at
1226 3525 1350 3565 cum
1382 3509 1567 3563 multae
1600 3524 1707 3562 una
1736 3518 1955 3577 coeunt,
2007 3512 2314 3581 argumenti
2354 3513 2477 3567 loco
2499 3528 2620 3568 esse
2650 3512 2882 3582 possint.
2928 3511 3071 3567 Sane
3100 3512 3270 3565 multa
3303 3511 3409 3565 alia
3436 3510 3529 3564 hic

262 3604 601 3674 peregrinum
635 3604 789 3658 olent
824 3622 838 3657 :
875 3602 1153 3672 ipsissima
1179 3602 1390 3656 scilicet
1426 3617 1549 3665 vox,
1580 3598 1882 3666 Catholica,
1919 3618 2043 3673 qua:
2075 3604 2246 3657 miror
2282 3603 2330 3658 si
2371 3604 2460 3658 vel
2482 3604 2551 3659 ab
2584 3603 2908 3667 Athanasio,
2955 3602 3044 3657 vel
3102 3601 3171 3655 ab
3223 3600 3527 3671 aequalibus

265 3694 462 3763 uspiam
503 3697 561 3749 in
597 3695 968 3765 epistolarum
1002 3695 1456 3764 inscriptionibus
1486 3701 1808 3763 usurpatur,
1842 3696 1950 3751 nisi
1979 3710 2104 3750 cum
2137 3697 2205 3750 de
2239 3705 2447 3768 septem
2478 3698 2726 3768 epistolis
2760 3696 3130 3766 apostolorum
3170 3709 3293 3765 qua:
3323 3692 3528 3748 Catho-

262 3785 376 3841 licae
420 3801 713 3855 vocantur,
767 3795 854 3843 est
904 3803 1105 3842 sermo.
1142 3786 1279 3842 Illud
1319 3787 1444 3840 item
1496 3784 1676 3839 θεῖκδν
1731 3786 1948 3857 πνεῦμα
2002 3802 2110 3841 11011
2164 3795 2267 3852 est,
2322 3790 2377 3843 ni
2412 3788 2592 3850 fallor,
2623 3788 2926 3842 Athanasio
2954 3787 3012 3841 in
3062 3801 3189 3848 usu,
3232 3783 3325 3854 qui
3366 3782 3528 3853 vulg")

256 3889 351 3936 aut
385 3881 520 3935 θεῖον
555 3889 653 3937 aut
687 3882 844 3951 ἆγιον
870 3880 1095 3952 Πνεῦμα
1122 3879 1271 3934 dicit.
1309 3879 1392 3933 Ad
1433 3879 1565 3941 lucc,
1600 3879 1820 3933 brevior
1847 3887 1931 3935 est
1970 3881 2200 3949 epistola
2232 3898 2395 3952 quam
2428 3897 2528 3952 pro
2561 3882 2638 3936 rei
2669 3882 2956 3952 dignitate,
2996 3895 3100 3935 uec
3140 3879 3277 3933 solet
3323 3878 3413 3931 ille
3438 3891 3528 3930 res

258 3966 384 4030 tanti
409 3977 698 4047 ponderis,
733 3978 811 4031 ita
842 3976 1075 4045 carptim
1117 3991 1294 4045 agere.
1330 3974 1388 4029 lu
1419 3973 1803 4044 Refutationem
1840 3976 2132 4048 hypocrisis
2162 3976 2386 4043 Meletii,
2419 3990 2473 4035 et
2502 3979 2558 4033 in
2590 3979 2990 4050 subsequentes
3022 3977 3192 4032 libros
3233 3975 3309 4029 De
3338 3974 3529 4028 lucar-

260 4070 485 4134 satione,
511 4079 713 4124 contra
748 4068 1115 4134 Sabellianos,
1152 4075 1317 4137 atque
1350 4067 1406 4121 in
1441 4066 1597 4120 illum
1636 4067 1805 4122 alium
1835 4070 1926 4124 cui
1963 4069 2159 4126 titulus
2193 4086 2207 4121 :
2249 4068 2422 4125 Unum
2461 4088 2572 4126 esse
2602 4069 2870 4126 Christum
2909 4085 3032 4142 quae
3063 4069 3263 4125 ibidem
3294 4082 3528 4143 praemo-

257 4163 470 4219 nuimus
499 4165 642 4219 satis
668 4170 858 4217 sunto.
890 4183 893 4187 ·

324 4253 506 4309 Sermo
541 4255 607 4310 de
641 4253 902 4310 Sabbatis
931 4262 981 4307 et
1014 4252 1411 4305 circumcisione
1463 4251 1704 4307 minores
1767 4251 1908 4308 forte
1953 4269 2118 4324 quam
2173 4266 2367 4311 cmtera
2395 4256 2614 4326 praefert
2652 4254 2982 4327 suspicionis
3024 4262 3206 4321 notas,
3248 4260 3302 4309 et
3330 4264 3528 4323 prater

257 4352 371 4422 styli
403 4350 866 4421 discrepantiam,
900 4347 1234 4403 remissioris
1272 4347 1545 4414 videlicet,
1578 4363 1743 4420 quam
1786 4349 1857 4403 sit
1899 4348 2329 4417 Athanasianus,
2365 4352 2456 4406 vix
2482 4352 2628 4406 aliud
2650 4349 2999 4422 deprehendo
3027 4349 3173 4421 quod
3206 4350 3262 4404 in
3289 4346 3528 4421 ἀπορίαν

255 4447 525 4516 conjiciat.
581 4443 761 4500 Secus
806 4450 988 4497 autem
1038 4443 1258 4499 homilia
1286 4445 1364 4500 De
1385 4457 1634 4511 semente,
1681 4455 1875 4501 contra
1910 4461 2076 4515 quam
2114 4446 2169 4501 in
2208 4447 2326 4502 dies
2356 4454 2615 4502 crescunt
2653 4446 2997 4517 suspiciones
3029 4464 3043 4499 :
3076 4445 3131 4498 in
3159 4444 3362 4498 multas
3394 4457 3529 4497 sane

255 4539 369 4596 istic
396 4557 562 4597 voces
594 4539 934 4595 cﬂendimus
949 4538 1253 4596 Athanasio
1281 4542 1507 4596 minime
1537 4541 1853 4599 familiares.

1930 4542 2038 4597 erbi
2073 4556 2242 4596 causa
2266 4526 2668 4614 itaraompabg,
2704 4540 3102 4613 ὲμϐαθύνομαι,
3137 4539 3338 4610 σπόρος
3370 4537 3528 4591 εὐθυ-

253 4638 427 4707 τὲνής,
459 4646 514 4692 et
540 4637 751 4692 similia
788 4651 900 4689 non
940 4651 1133 4705 pauca.
1161 4636 1394 4692 Aberrat
1423 4654 1642 4709 quoque
1666 4638 1900 4693 subinde
1929 4654 1960 4692 a
2001 4654 2169 4708 scopo
2198 4640 2437 4710 scriptor
2461 4639 2586 4707 iste,
2614 4647 2667 4694 et
2709 4655 2830 4694 sese
2864 4638 3048 4693 subito
3086 4636 3397 4707 intercipit;
3443 4635 3529 4687 di-

252 4729 524 4800 missaque
562 4746 620 4785 re
649 4745 819 4800 quam
855 4736 1075 4794 tractat,
1108 4731 1443 4802 disparatam
1471 4734 1794 4804 ingreditur,
1826 4750 1856 4788 a
1879 4750 1986 4804 qua
2014 4734 2240 4804 perinde
2269 4734 2519 4799 discedit,
2550 4750 2614 4789 ac
2641 4735 2685 4790 si
2717 4735 2824 4789 huc
2854 4735 2984 4788 illuc
3012 4733 3282 4802 impulsus
3312 4732 3529 4787 oberra-

254 4828 347 4874 ret.
374 4820 432 4876 ln
460 4840 585 4878 eam
606 4827 741 4878 Vero
764 4839 889 4893 quae
914 4823 1054 4878 hanc
1081 4826 1283 4896 excipit
1312 4827 1617 4892 homiliam,
1648 4846 1770 4901 qua:
1792 4830 2181 4900 prmmisimus,
2209 4832 2313 4885 etsi
2349 4830 2705 4901 paucissima,
2738 4831 2872 4884 satis
2907 4836 3091 4884 sunto.
3125 4825 3415 4881 Homiliam
3450 4824 3529 4877 De

249 4916 492 4979 passione
534 4925 587 4970 et
627 4932 783 4968 cruce
820 4914 1140 4987 Dominae)
1199 4919 1302 4973 etsi
1351 4920 1775 4989 abjudicandam
1816 4921 2123 4978 Athanasio
2155 4923 2510 4986 arbitramur,
2562 4922 2615 4975 in
2647 4921 2928 4975 codicibus
2957 4927 3139 4972 tamen
3185 4915 3526 4987 perantiquis

250 5004 361 5073 ejus
398 5007 715 5078 fragmenta
743 5006 1033 5061 Athanasii
1057 5009 1278 5064 nomine
1311 5009 1618 5065 alferuntur
1646 5029 1658 5062 :
1686 5012 1830 5066 unde
1863 5012 2147 5083 propalam
2186 5011 2245 5065 lit
2285 5028 2315 5066 a
2347 5013 2534 5066 multis
2573 5019 2719 5065 retro
2751 5009 2966 5065 sacculis
3000 5006 3285 5061 Athanasii
3326 5020 3527 5059 nomen

252 5099 526 5165 praeferre.

314 5196 606 5254 Sermonis
663 5197 745 5252 De
772 5200 1076 5269 virginitate
1107 5203 1281 5258 oratio
1327 5208 1440 5257 tota
1478 5201 1672 5269 emuit,
1698 5204 1901 5268 nervis.
1936 5203 2146 5259 salibus
2192 5212 2245 5260 et
2284 5203 2363 5276 τῷ
2408 5204 2608 5276 εὐτόνῳ
2637 5201 2936 5265 destituta;
2966 5197 3180 5267 hocque
3214 5196 3372 5266 signo
3402 5209 3526 5249 sese

250 5289 488 5356 proﬁteri
526 5292 752 5346 videtur
785 5291 897 5347 alio
930 5308 1095 5362 quam
1140 5295 1441 5350 Athanasio
1485 5307 1638 5367 patre
1669 5306 1880 5351 natum.
1920 5296 2190 5353 Praeterea
2223 5305 2558 5351 memoratur
2594 5297 2700 5359 hic,
2742 5294 2976 5362 hymnus
3006 5287 3195 5343 Gloria
3222 5288 3278 5341 in
3305 5287 3523 5340 excelsis

250 5372 371 5446 Deo,
406 5392 613 5436 cantus
644 5382 905 5448 Alleluia,
942 5384 1249 5441 versiculus
1279 5384 1465 5439 Gloria
1498 5385 1655 5439 Patri
1686 5394 1736 5439 et
1772 5384 1918 5439 Filio
1968 5395 2019 5439 et
2048 5386 2278 5455 Spiritui
2307 5394 2511 5448 sancto,
2552 5399 2675 5437 cum
2706 5381 3005 5451 appendice
3047 5378 3118 5433 Et
3151 5394 3288 5433 nunc
3308 5386 3361 5431 et
3387 5393 3522 5430 sem-

248 5483 349 5534 per,
376 5481 516 5538 etc.;
548 5489 789 5543 quorum
827 5472 1073 5527 omnium
1112 5490 1244 5531 usus
1285 5492 1354 5531 an
1402 5492 1518 5532 aevo
1570 5476 1855 5531 Athanasii
1900 5478 1958 5531 in
2000 5476 2371 5538 Alexandrina
2413 5475 2658 5529 Ecclesia
2697 5474 2990 5537 obtineret,
3026 5472 3186 5526 valde
3229 5470 3521 5524 incertum.

248 5563 440 5636 llymni
471 5584 716 5639 namque
774 5567 965 5622 Gloria
1006 5570 1062 5623 in
1111 5571 1352 5635 excelsis,
1400 5574 1492 5642 qui
1530 5579 1677 5627 totus
1727 5586 1867 5642 pene
1911 5571 2109 5641 legitur
2142 5571 2284 5625 libro
2333 5574 2565 5640 septimo
2595 5567 3045 5623 Constitutionum
3084 5566 3520 5636 apostolicaruin,

242 5665 413 5747 nulla,
470 5668 651 5721 ausim
702 5665 909 5733 dicere,
945 5665 1151 5719 mentio
1195 5665 1452 5725 Patribus
1485 5669 1569 5725 vel
1616 5668 2023 5739 antiquioribus
2060 5667 2363 5722 Athanasio
2411 5666 2496 5721 vel
2541 5665 2864 5736 aequalibus.
2930 5663 3140 5720 Cantus
3175 5661 3431 5725 Alleluia,
3464 5666 3520 5718 ut

307 5820 375 5882 (α)
400 5820 600 5871 Nostrae
620 5824 941 5874 recensionis
958 5822 1183 5871 secundi.
1211 5821 1344 5872 Eutr.

314 5904 389 5974 (lt)
427 5904 561 5975 Pag.
598 5906 692 5960 ‘29..

2030 5905 2099 5977 (ε)
2131 5904 2277 5979 1³118..
2300 5902 2385 5958 55.
