4048 6406
538 386 602 440 ιδ
1956 383 2350 442 ΡΒᾹΞΡΑΤΙΟ.
3723 395 3792 450 t6

533 506 697 565 tradit
745 503 1042 575 Gregorius
1099 518 1235 573 papa
1280 502 1317 556 l.
1370 517 1432 565 ιι,
1464 502 1626 571 epist.
1663 500 1754 566 65,
1801 516 1924 555 cum
1958 502 2251 571 peculiaris
2298 513 2423 558 ante.
2459 503 2655 560 fuisset
2701 503 2956 561 Ecclesiae
3001 506 3490 581 Jerasolymitante,
3547 517 3793 579 tempore

533 597 749 654 Damasi
786 596 1085 651 translatus
1131 595 1357 648 Romam
1403 601 1528 649 est:
1575 599 2020 662 memoraturque
2071 594 2142 648 ab
2175 595 2485 660 Ambrosio,
2522 596 2850 667 Augustino,
2897 599 3216 669 multisque,
3268 615 3393 655 cum
3430 602 3787 671 supparibus,

531 706 646 749 tum
680 703 838 749 aetate
857 690 1184 747 minoribus.
1216 688 1423 745 Versus
1451 693 1688 750 demum,
1714 685 1901 742 Gloria
1926 687 2077 741 Patri
2101 702 2149 742 et
2185 688 2326 744 Filio
2355 700 2404 743 et
2434 690 2658 759 Spiritui
2688 702 2893 757 sancto,
2921 706 3024 746 usu
3058 693 3310 746 veniebat
3338 701 3534 764 quarta
3562 696 3786 758 saecula.

531 786 735 843 Basilio
783 791 1027 847 auctore,
1062 784 1156 854 qui
1202 783 1449 839 diversos
1484 782 1605 852 ejus
1649 781 1960 852 proferendi
2017 784 2269 839 modulos
2317 794 2647 841 enumerat:
2710 788 2949 841 obtinuit
3000 788 3128 841 item
3176 786 3496 854 Antiochiae,
3544 797 3792 859 tempore

532 882 741 939 Leontii
772 879 1012 952 episcopi
1053 878 1266 942 Ariani,
1313 878 1617 932 Athanasio
1640 877 1965 938 adversarii,
1999 879 2092 948 qui
2127 895 2253 934 eum
2284 883 2352 935 ad
2387 880 2717 936 Arianorum
2771 900 2932 939 usum
2966 891 3129 954 atque
3161 884 3448 938 arbitrium
3494 884 3640 939 haud
3672 899 3792 938 mo-

531 981 650 1036 dice
677 978 903 1034 vitiavit.
953 975 1287 1047 Appendicis
1336 980 1540 1038 autem,
1580 972 1647 1026 Et
1677 989 1815 1026 nunc
1855 981 1906 1026 et
1936 988 2137 1042 semper
2164 985 2212 1027 et
2255 975 2308 1027 in
2342 974 2541 1028 saecula
2589 976 2924 1030 steculorum.
2974 980 3158 1040 Amen.
3199 980 3368 1034 altum
3409 982 3532 1037 istis
3573 982 3791 1037 sarculis

533 1072 831 1129 silentium.
882 1067 1008 1122 Haec
1053 1065 1236 1120 omnia
1279 1078 1612 1119 memorasse
1660 1063 2022 1117 Athanasium
2063 1064 2153 1117 vix
2197 1065 2547 1130 crediderim,
2579 1074 2745 1136 atque
2789 1067 2917 1121 hinc
2960 1080 3189 1140 augetur
3231 1078 3315 1125 Sat
3359 1070 3511 1126 firma
3570 1074 3791 1131 aliunde

536 1170 762 1235 νοθείας,
792 1181 912 1238 qua:
940 1166 995 1219 in
1048 1163 1152 1217 hoc
1185 1161 1512 1232 opusculum
1548 1158 1716 1222 cadit,
1766 1159 2010 1229 suspicio
2080 1159 2350 1214 Caeterum
2393 1162 2608 1216 tametsi
2660 1162 2802 1216 lectu
2846 1163 3070 1232 dignum
3115 1178 3274 1233 opus,
3306 1172 3360 1219 et
3405 1165 3790 1236 pulcherrimis

531 1263 989 1335 praeceptionibus
1018 1261 1349 1316 instructum
1379 1264 1483 1319 est,
1517 1271 1626 1311 non
1655 1255 1855 1310 desunt
1882 1255 1975 1323 qui
2012 1258 2343 1326 vituperent,
2378 1265 2432 1310 et
2467 1257 2796 1313 temeritatis
2827 1259 3049 1313 nomine
3092 1259 3384 1313 traducant
3416 1260 3624 1314 dictum
3656 1260 3785 1313 illud

530 1355 717 1423 hujus,
751 1352 1003 1425 quisquis
1026 1348 1245 1404 tandem
1276 1348 1368 1411 sit,
1394 1346 1637 1400 auctoris
1668 1362 1681 1397 :
1712 1343 2079 1416 Μαρτύρομαι
2114 1363 2128 1396 1

2193 1346 2276 1398 ντί
2289 1346 2584 1419 ἀνθρώπῳ,
2618 1347 2868 1401 ἀκούοντι
2889 1347 2955 1401 τὰ
2976 1350 3192 1420 ῥήματα
3216 1352 3386 1405 ταῦτα
3406 1354 3497 1406 καὶ
3526 1350 3787 1415 ποιοῦντι,

529 1451 610 1504 ὅτι
638 1449 700 1501 τὸ
727 1447 897 1515 ὄνομα
930 1439 1095 1495 αὑτοῦ
1122 1440 1464 1511 γραφήσεται
1493 1437 1552 1489 ἐν
1574 1438 1639 1507 τῇ
1669 1435 1836 1505 βίϐλῳ
1865 1435 1966 1504 τῆς
1996 1434 2145 1507 ζωῆς
2167 1454 2183 1469 °
2219 1438 2315 1491 καὶ
2344 1440 2401 1491 ὲν
2434 1438 2510 1508 τῷ
2539 1440 2705 1510 τρίτῳ
2731 1439 2972 1509 τάγματι
3003 1440 3110 1494 τῶν
3136 1444 3380 1513 ἀγγέλων
3410 1443 3786 1516 εὑρεθήσεται.

529 1543 585 1597 ld
621 1549 705 1597 est
736 1559 749 1593 :
804 1536 1080 1602 Testiﬁcor
1115 1532 1255 1588 omni
1295 1529 1496 1584 homini
1524 1532 1613 1601 qui
1654 1528 1885 1583 audierit
1921 1529 2032 1582 ha'c
2078 1531 2256 1594 verba,
2288 1540 2338 1584 et
2371 1531 2549 1598 fecerit
2594 1548 2678 1595 ea,
2709 1532 2847 1601 quod
2895 1549 3081 1588 nomen
3132 1537 3246 1605 ejus
3276 1538 3607 1596 scribendum
3637 1544 3708 1597 sit
3731 1544 3790 1597 in

531 1637 665 1692 libro
696 1635 833 1698 vitaz,
882 1643 931 1685 et
978 1627 1116 1701 quod
1163 1627 1273 1695 ipse
1302 1624 1356 1677 in
1404 1624 1557 1677 tertio
1586 1624 1893 1695 angelorum
1950 1622 2135 1677 ordine
2177 1624 2247 1677 sit
2297 1624 2661 1679 collocandus.
2704 1624 2810 1681 Sed
2862 1643 2970 1681 non
3004 1628 3243 1684 arbitror
3274 1631 3379 1686 hoc
3424 1634 3645 1690 nomine
3675 1643 3786 1689 tam

530 1749 723 1805 aspere
747 1726 1127 1799 excipiendum
1171 1735 1295 1780 esse
1337 1720 1664 1791 scriptorem
1714 1720 1902 1775 istum.
1939 1719 2123 1774 Noluit
2151 1720 2297 1774 enim
2340 1721 2395 1775 in
2432 1720 2737 1775 mercedem
2783 1722 3102 1791 proborum,
3136 1721 3190 1775 ni
3228 1720 3407 1788 fallor,
3438 1724 3659 1779 tertium
3688 1740 3788 1780 an-

529 1827 771 1900 gelorum
811 1820 1059 1876 ordinem
1102 1818 1177 1873 ita
1210 1816 1444 1872 strictim
1487 1816 1792 1886 assignare.
1826 1814 1932 1871 Sed
1963 1817 2091 1887 quia
2130 1818 2303 1887 angeli
2332 1818 2492 1887 vulgo
2516 1818 2765 1872 homines
2788 1820 3113 1874 antecellere
3139 1826 3419 1889 putantur,
3453 1836 3578 1876 cum
3605 1824 3790 1893 aliquo

529 1922 788 1978 inferiore
835 1916 1154 1986 angelorum
1207 1913 1421 1976 ordine,
1449 1911 1544 1982 qui
1597 1927 1718 1968 sese
1765 1912 1916 1983 prior
1948 1911 2117 1966 menti
2152 1911 2371 1976 obtulit,
2423 1912 2622 1981 probas
2666 1929 2734 1967 ex
2780 1912 2884 1968 hac
2922 1915 3032 1968 vita
3078 1914 3378 1985 migrantes
3433 1916 3789 1974 collocandos

526 2020 685 2076 dixit.
724 2017 919 2073 Levem
951 2016 1111 2068 aliam
1143 2010 1273 2065 huic
1317 2008 1495 2062 dicam
1528 2008 1780 2079 impingit
1815 2023 2059 2078 nuperus
2103 2007 2339 2077 scriptor
2369 2015 2589 2063 nostras
2633 2010 2735 2073 vir,
2770 2010 2970 2079 alioqui
2998 2010 3211 2073 doctus,
3243 2011 3336 2081 qui
3370 2028 3473 2066 nec
3513 2013 3631 2069 sine
3654 2031 3787 2069 con-

526 2112 670 2166 vicio
702 2109 816 2164 have
840 2109 964 2178 ejus
994 2105 1179 2168 verba,
1231 2103 1528 2175 χορευτρία
1568 2101 1828 2173 Χριστοῦ,
1867 2103 1948 2158 sic
1977 2102 2184 2157 Gallice
2227 2104 2641 2168 interpretatur,
2674 2104 2729 2157 la
2758 2105 3014 2160 dansense
3041 2106 3104 2160 de
3152 2107 3539 2164 Jews-Christ.
3576 2109 3657 2163 An
3696 2112 3786 2165 hic

527 2204 595 2258 de
619 2201 858 2272 tripudia
905 2197 1113 2271 agitur?
1140 2203 1195 2248 et
1239 2193 1369 2263 quid
1420 2200 1532 2246 tam
1591 2191 1860 2263 frequenti
1899 2209 1999 2248 usu
2033 2194 2367 2248 celebratum
2401 2197 2455 2248 in
2514 2194 2783 2259 Ecclesia,
2815 2212 2980 2265 quam
3026 2198 3242 2252 chorea:
3270 2200 3545 2269 virginum
3575 2200 3784 2256 Christi

527 2293 899 2367 sponsarum?
931 2289 1129 2345 Eadem
1184 2306 1288 2345 vox
1324 2290 1381 2344 in
1448 2287 1569 2341 Vita
1618 2286 1928 2358 Syncleticae
1967 2296 2287 2358 usurpatur,
2328 2289 2471 2344 unde
2516 2291 2691 2359 palam
2731 2298 2816 2345 est
2870 2290 3076 2346 frustra
3108 2307 3230 2347 esse
3261 2294 3354 2363 qui
3393 2294 3598 2350 dictum
3651 2297 3785 2351 illud

524 2392 906 2449 inclementius
928 2387 1224 2459 exagitent.

596 2484 847 2556 Synopsis
879 2482 1168 2551 Scriptum
1192 2497 1360 2536 sacra:
1388 2479 1463 2552 (a)
1494 2480 1774 2535 laudatum
1804 2497 1943 2552 opus
1978 2486 2031 2536 et
2060 2479 2277 2551 quidem
2318 2494 2348 2532 a
2394 2477 2630 2536 laudatis
2661 2480 2817 2546 viris,
2849 2496 2960 2537 non
2979 2497 3044 2537 eo
3084 2484 3225 2540 inter
3251 2484 3414 2540 dubia
3434 2486 3785 2557 conjicimus,

523 2598 634 2655 quo
661 2582 989 2637 arbitremur
1018 2578 1316 2632 Athanasio
1344 2576 1629 2645 indignum
1672 2591 1814 2631 esse.
1853 2576 2054 2647 Ecquis
2088 2577 2234 2631 enim
2274 2575 2364 2629 ille
2399 2583 2509 2628 tam
2552 2577 2761 2645 peritus
2792 2577 3053 2647 scriptor,
3084 2596 3245 2650 quem
3281 2584 3542 2652 pmniteat
3573 2592 3785 2639 tantum

524 2677 723 2730 librum
760 2670 1101 2728 confecisse?
1131 2669 1267 2724 Eum
1302 2684 1437 2724 sane
1482 2668 1575 2739 qui
1608 2677 1863 2724 accurate
1892 2675 2095 2735 teneat,
2130 2667 2436 2723 litterarum
2478 2667 2789 2723 divinarum
2832 2670 2993 2740 plane
3021 2671 3161 2727 belle
3204 2675 3453 2731 eruditus
3482 2675 3787 2745 habeatur;

522 2775 599 2830 ita
628 2772 866 2828 dilucide
899 2778 953 2826 et
983 2771 1142 2824 docte
1173 2774 1569 2822 commemorat
1592 2766 1723 2836 quid
1768 2767 1835 2821 de
1881 2766 2268 2821 distributione
2298 2766 2564 2821 librorum
2602 2763 2901 2837 Scriptum
2931 2783 3124 2834 sacrae,
3163 2772 3293 2841 quid
3329 2773 3397 2827 de
3430 2776 3789 2840 auctoritate,
3838 2800 3845 2811 «

523 2871 597 2926 de
634 2879 900 2939 tempore,
928 2866 993 2922 de
1023 2873 1245 2919 auctare
1266 2860 1538 2931 cujusque
1579 2861 1705 2916 libri
1740 2859 2075 2931 putandum;
2109 2859 2182 2913 ita
2208 2867 2464 2915 accurate
2484 2869 2539 2916 et
2570 2861 2840 2931 sagaciter
2865 2860 3011 2929 quod
3038 2862 3174 2932 ipse,
3209 2866 3402 2921 crebro
3431 2872 3786 2939 regustando,

524 2971 716 3018 natatu
749 2960 970 3029 dignius
998 2965 1358 3026 compererat,
1394 2956 1587 3010 lectori
1642 2956 1831 3026 paucis
1859 2956 2037 3012 offert.
2066 2953 2252 3025 Neque
2279 2963 2429 3010 tanta
2455 2964 2636 3011 tamen
2672 2957 2956 3027 religione,
2989 2966 3049 3011 ut
3082 2970 3301 3016 acutum
3338 2963 3587 3031 decebat,
3614 2983 3787 3040 syno-

523 3073 687 3128 pseos
732 3054 965 3109 formam
1020 3057 1388 3113 consectatur,
1421 3057 1479 3105 ut
1527 3050 1701 3105 sicubi
1760 3065 1851 3104 res
1886 3050 2158 3121 explicatu
2194 3050 2429 3105 dillicilis
2462 3053 2725 3115 occurrit,
2760 3051 3073 3122 importuna
3116 3056 3381 3114 brevitate
3408 3061 3785 3115 abscuriorem

522 3156 720 3211 efﬁciat
747 3174 760 3209 :
799 3151 895 3207 sed
924 3165 1045 3206 cum
1080 3149 1153 3203 ita
1186 3147 1331 3203 facta
1361 3164 1500 3219 opus
1535 3157 1640 3213 est,
1678 3149 2030 3219 interpretem
2067 3150 2197 3222 agit,
2224 3160 2280 3204 et
2316 3148 2491 3206 fusius
2520 3152 2681 3205 etiam
2721 3166 2885 3221 quam
2914 3151 3202 3223 Scriptura
3231 3152 3367 3222 ipsa.
3398 3168 3513 3207 rem
3546 3168 3790 3209 comme-

523 3259 736 3316 morat;
764 3263 874 3317 qua
904 3246 1031 3301 data
1061 3243 1259 3314 spatia,
1285 3257 1479 3297 rursus
1503 3240 1838 3298 destinatum
1880 3242 2058 3314 carpit
2084 3243 2203 3299 iter.
2229 3241 2477 3299 Diximus
2502 3245 2557 3299 in
2581 3245 2726 3300 notis
2752 3245 2817 3298 ad
2853 3261 2905 3316 p.
2939 3245 3039 3299 156
3068 3245 3388 3313 .loscphum,
3417 3247 3581 3316 cujus
3608 3251 3787 3325 ὑπομ-

521 3340 765 3414 νηστικῷ
799 3355 917 3409 quae
952 3347 1224 3409 postrema
1260 3333 1317 3388 in
1346 3333 1573 3404 Synopsi
1605 3336 1860 3407 leguntur
1888 3343 1943 3389 et
1965 3335 2080 3406 jam
2122 3336 2297 3406 primo
2332 3336 2519 3391 Graece
2551 3345 2892 3407 comparent,
2920 3345 3177 3406 excerpta
3210 3350 3361 3401 sunt,
3396 3341 3573 3397 virum
3618 3345 3791 3402 fuisse

521 3432 891 3489 Christianum
919 3447 933 3483 :
966 3444 1125 3483 secus
1151 3429 1383 3485 aestimat
1408 3428 1603 3487 Petrus
1637 3430 1987 3499 Lambecius,
2013 3432 2199 3502 aitque
2234 3430 2481 3486 Flavium
2509 3430 2810 3503 Josephum
2835 3447 2983 3495 esse,
3014 3430 3370 3488 Iudaicarum
3406 3439 3789 3510 antiquitatum

523 3530 867 3596 scriptorem,
899 3534 952 3581 et
980 3526 1194 3579 titulum
1234 3526 1522 3595 quemdam
1544 3542 1610 3581 ex
1642 3526 1858 3582 decima
1897 3541 2044 3579 nona
2071 3526 2261 3580 codice
2295 3526 2603 3597 theologica
2634 3524 2814 3588 aﬂert,
2859 3540 3089 3595 nempe:
3131 3525 3365 3592 Μέθοδος
3410 3531 3670 3606 Ἰωσήπου
3723 3536 3789 3589 ὲκ

520 3623 628 3680 τῶν
661 3621 1066 3693 ὑπομνημάτων
1095 3618 1279 3681 αὑτοῦ,
1333 3620 1430 3671 καὶ
1469 3618 1734 3691 χρονικῶν
1784 3620 2216 3689 συνταγμάτων
2268 3619 2386 3683 πῶς
2443 3619 2675 3691 συνέστη
2714 3619 2776 3671 τὸ
2821 3617 3138 3689 ψαλτήριον,
3186 3623 3281 3676 καὶ
3317 3624 3434 3688 πῶς
3476 3628 3525 3678 οἱ
3580 3626 3789 3699 ψαλμοὶ

518 3719 862 3790 ἑξετέθησαν,
909 3717 1001 3770 καὶ
1028 3714 1148 3767 τίνα
1177 3713 1283 3766 εἰσὶ
1311 3713 1378 3767 τὰ
1430 3714 1877 3785 μνημονευόμενα
1904 3716 1961 3767 ὲν
1996 3716 2116 3778 ταῖς
2155 3715 2399 3787 Γραφαῖς
2443 3715 2643 3786 βιϐλία,
2682 3714 2757 3786 μὴ
2790 3714 3155 3785 εὑρισκόμενα
3178 3713 3263 3766 δέ’
3288 3715 3382 3767 καὶ
3420 3714 3540 3769 τίνα
3580 3717 3688 3770 εἰσὶ
3718 3717 3790 3771 τὰ

519 3814 577 3865 ὲν
598 3810 677 3882 τῷ
707 3810 847 3864 τέλει
874 3808 953 3879 τῷ
988 3806 1148 3860 Δαυῖὃ
1179 3806 1508 3878 πραχθέντα,
1538 3807 1632 3861 καὶ
1664 3806 1807 3870 τίνες
1830 3809 2183 3878 ἡρμήνευσαν
2213 3808 2275 3861 τὸ
2298 3808 2619 3881 ψαλτήριον,
2649 3809 2744 3862 καὶ
2779 3808 2954 3872 πόσοι,
2982 3809 3075 3861 καὶ
3105 3810 3254 3862 πότε.
3288 3808 3344 3863 id
3372 3818 3473 3875 cst,
3507 3808 3787 3865 Met/rodas

517 3906 735 3978 Joseplti
760 3923 850 3961 seu
878 3904 1083 3973 Jasippi
1111 3919 1177 3958 ex
1213 3904 1607 3959 commentariis
1632 3913 1681 3959 et
1716 3906 1978 3959 chronicis
2009 3906 2277 3960 crusculis
2329 3907 2474 3960 illius
2503 3922 2521 3959 :
2545 3922 2646 3963 auo
2686 3916 2841 3972 pacto
2884 3905 3226 3958 constitutum
3253 3902 3411 3970 fuerit
3440 3901 3785 3965 Psalterium,

518 4021 623 4074 quo
651 4002 807 4058 modo
837 4002 1032 4071 psalmi
1063 4000 1191 4054 editi
1220 4014 1239 4054 :
1267 4000 1486 4071 quinam
1541 4000 1667 4055 libri
1689 4003 1745 4056 in
1776 4001 2068 4070 Scripturis
2103 4005 2380 4057 memorati
2421 4007 2539 4074 jam
2562 4021 2668 4058 non
2707 4003 3040 4071 reperiuntur
3072 4021 3084 4055 :
3122 4015 3366 4069 quamam
3407 3998 3461 4051 in
3501 3999 3606 4067 ﬁne
3644 3998 3721 4069 (ὁ)
3755 4015 3789 4052 a

521 4096 724 4153 Davide
744 4096 891 4167 facta
916 4102 1040 4148 sunt
1066 4110 1084 4148 :
1107 4094 1323 4163 quinam
1355 4092 1685 4148 Psalterium
1712 4096 2045 4166 interpretati
2082 4096 2212 4162 sint,
2237 4096 2453 4167 quatiet
2495 4114 2596 4168 quo
2632 4106 2858 4166 tempore
2888 4096 3102 4167 fuerint.
3138 4092 3337 4148 Verum
3366 4099 3425 4145 ut
3456 4091 3648 4161 judicii
3671 4100 3788 4148 tuta

518 4206 581 4245 ea
615 4191 682 4246 de
713 4205 773 4244 re
802 4186 1007 4243 ferendi
1034 4185 1191 4256 copia
1219 4193 1382 4247 esset,
1430 4182 1680 4239 codicem
1715 4184 2248 4258 Cantabrigiensem,
2292 4186 2361 4242 de
2396 4203 2505 4257 quo
2545 4188 2600 4243 in
2635 4189 2783 4243 notis
2824 4187 3047 4246 ibidem.
3078 4183 3356 4238 aPatritio
3377 4180 3544 4236 Junio
3566 4182 3621 4236 in
3644 4183 3790 4238 notis

519 4287 587 4340 ad
615 4285 899 4356 epistolam
926 4283 1221 4337 Clementis
1251 4281 1320 4336 ad
1349 4280 1668 4337 Corinthios
1696 4283 2001 4347 laudatum,
2034 4284 2394 4338 evolvendum
2415 4292 2714 4354 oporteret.
2750 4282 2817 4336 Et
2848 4281 3102 4337 fortassis
3128 4271 3211 4334 vel
3237 4282 3353 4349 ipse
3381 4280 3536 4334 locus
3561 4293 3592 4331 a
3622 4276 3789 4332 Lam-

518 4383 674 4437 becia
705 4382 958 4436 laudatus
1007 4382 1158 4436 salus
1188 4380 1259 4433 sit
1303 4378 1461 4442 satis,
1496 4384 1554 4431 ut
1581 4376 1881 4447 Josephum
1918 4378 2085 4432 istum
2119 4377 2497 4431 Christianum
2546 4378 2719 4433 fuisse
2751 4378 3179 4448 comprobetur:
3212 4373 3301 4426 illa
3330 4372 3475 4425 enim
3512 4379 3788 4440 postrema

518 4470 719 4525 verba:
759 4468 823 4524 Et
865 4472 1080 4540 quinam
1108 4470 1434 4528 Psalterium
1485 4473 1821 4540 interpretati
1869 4474 1999 4536 sint,
2033 4473 2179 4542 quati
2208 4482 2261 4527 et
2290 4489 2392 4543 quo
2448 4482 2677 4543 tempore
2729 4473 2948 4542 fuerint,
2986 4477 3307 4539 argumenta
3339 4472 3487 4529 sunt,
3531 4465 3585 4518 ni
3635 4464 3791 4519 labor

518 4562 797 4633 opinione,
832 4563 1040 4633 aliquot
1065 4571 1187 4633 post
1214 4563 1498 4621 Christum
1532 4564 1750 4635 saeculis
1781 4563 1929 4617 hunc
1960 4562 2258 4632 Josephum
2291 4564 2513 4619 vixisse.
2544 4564 2637 4619 Ille
2680 4564 2952 4635 siquidem
2978 4558 3510 4617 Commentariorum
3549 4555 3605 4608 in
3633 4552 3790 4608 Psal-

516 4672 639 4712 mas
662 4672 946 4721 numerus,
978 4661 1222 4713 animum
1262 4671 1519 4733 exauget,
1546 4672 1607 4715 ut
1654 4659 1803 4714 hunc
1842 4658 2143 4730 .loscphum
2175 4660 2344 4713 alium
2375 4674 2404 4712 a
2434 4660 2794 4715 celeberrima
2826 4658 3068 4728 Jasepho
3102 4656 3451 4709 arbitremur.
3490 4647 3609 4702 Non
3638 4648 3788 4702 enim

515 4765 631 4804 aevo
653 4748 876 4821 Josepbi
911 4752 1302 4824 Antiquitatum
1342 4754 1635 4825 scriptoris
1663 4764 1741 4807 tot
1771 4752 2170 4807 commentaria
2197 4750 2251 4804 in
2282 4749 2530 4825 Psaltnas
2568 4748 2738 4805 fuisse
2764 4749 3039 4805 videntur.
3354 4805 3366 4816 ,

588 4842 667 4899 Ne
714 4816 1122 4901 oniittamus'ea
1167 4862 1290 4917 qua:
1332 4847 1400 4902 de
1446 4816 1660 4908 codice,
1697 4844 1843 4899 unde
1885 4844 2000 4898 haec
2030 4843 2287 4914 Synopsis
2334 4816 2560 4909 prddiit,
2606 4841 2769 4895 habet
2814 4838 3236 4894 Felakmannus.
3293 4835 3413 4890 Usa:
3453 4843 3575 4889 sunt
3620 4849 3792 4902 opera:

514 4935 709 5006 inquit,
748 4944 892 4991 textu
941 4938 1099 5007 hujus
1162 4940 1477 5011 Synopseas
1518 4936 1699 4992 (ἐνίετε
1749 4936 2012 5007 descripto
2058 4951 2122 4988 ex
2172 4942 2372 4988 vetusto
2413 4945 2459 4986 et
2508 4934 2659 4987 miris
2716 4932 2959 4986 ductibus
2991 4940 3264 4984 constante
3312 4930 3507 4989 codice,
3543 4942 3694 4995 quem
3727 4942 3797 4981 ea:

516 5029 827 5083 bibliotheca
857 5032 955 5085 viri
982 5035 1273 5088 clarissimi
1308 5035 1457 5089 Petri
1488 5032 1725 5089 Neveleti
1764 5034 1981 5089 Doscltii
2008 5032 2220 5086 curavit
2259 5033 2336 5085 vir
2359 5031 2603 5098 ampliss.
2632 5030 2701 5084 D.
2752 5030 3103 5099 Bongarsius,
3130 5043 3284 5097 quem
3312 5044 3429 5079 cum
3456 5040 3558 5078 non
3587 5025 3642 5075 in
3674 5040 3795 5076 om-

515 5124 667 5180 nibus
695 5125 984 5199 descriptor
1009 5141 1281 5184 assecutus
1305 5133 1396 5194 sit,
1426 5130 1680 5202 quidquid
1708 5133 1810 5186 erit
1834 5128 2208 5199 discrepantia:
2228 5126 2519 5181 natandum
2548 5126 2699 5179 duxi.
2737 5126 3053 5194 Quanquam
3076 5134 3247 5180 essent
3271 5125 3429 5179 etiam
3458 5136 3561 5174 non
3596 5136 3796 5188 pauca,

513 5232 631 5287 qua:
659 5219 722 5273 de
751 5221 1183 5292 interpretatione
1217 5222 1415 5275 moneri
1464 5231 1708 5290 poterant
1740 5237 1758 5276 :
1790 5222 1896 5276 into
1930 5221 2165 5275 locorum
2190 5232 2389 5289 quoque
2433 5215 2807 5269 nonnullorum
2838 5214 2888 5266 in
2921 5215 3034 5282 ipsa
3076 5216 3232 5269 veteri
3273 5211 3447 5266 codice
3478 5210 3799 5278 conjectura:

513 5322 723 5379 possent
768 5315 971 5385 afferri,
998 5334 1115 5387 qua:
1166 5325 1339 5371 tamen
1391 5318 1571 5372 omnia
1626 5316 1895 5373 breuitatis
1926 5333 2112 5376 causa,
2143 5325 2191 5368 et
2218 5310 2355 5383 quod
2389 5311 2531 5365 docti
2569 5326 2661 5379 per
2690 5326 2744 5363 se
2781 5310 2882 5377 ipsi
2911 5309 2966 5363 in
2993 5310 3089 5364 hac
3118 5312 3265 5378 longe
3293 5306 3480 5374 opttmi
3509 5307 3799 5360 monitore:

514 5406 617 5459 sibi
638 5419 812 5475 erunt,
853 5414 1060 5466 omitto.
1097 5412 1375 5477 Quorsum
1416 5421 1599 5468 autem
1652 5413 1891 5468 evaserit
1944 5410 2117 5467 codex
2167 5410 2259 5463 ille
2307 5412 2646 5460 memoratus
2699 5420 2731 5458 a
2776 5403 3143 5461 Felckmanna
3184 5403 3488 5474 ignoratur.
3536 5400 3799 5457 Codicem

515 5498 810 5572 Synopseos
840 5506 1078 5576 aliquem
1112 5519 1214 5559 nec
1243 5504 1376 5569 vidi,
1410 5519 1508 5559 nec
1546 5504 1747 5560 alicubi
1779 5511 2002 5559 exstare
2030 5500 2217 5556 didici.

498 5626 502 5639 ι
583 5592 843 5663 Dialogus
873 5608 1059 5651 contra
1093 5598 1282 5652 Arium
1298 5599 1364 5651 ‘in
1390 5597 1602 5669 synodo
1624 5595 1844 5651 Niczena
1875 5594 2063 5649 multis
2093 5590 2414 5647 nominibus
2440 5587 2745 5642 Athanasio
2767 5586 3170 5658 ahjudicandus
3196 5605 3209 5641 :
3242 5587 3354 5640 ima
3382 5602 3514 5642 vero
3548 5602 3651 5641 nec
3702 5601 3801 5641 sa-

514 5686 589 5744 tis
608 5692 863 5746 consulta
887 5703 1257 5748 commentum
1293 5691 1611 5761 hujusmadi
1634 5690 1933 5747 meditatus
1954 5698 2038 5744 est
2064 5690 2159 5760 qui
2185 5686 2491 5765 Athanasio
2527 5685 2811 5747 attribuit;
2841 5698 2969 5735 nam
2991 5681 3239 5751 quaedam
3272 5690 3458 5752 aperte
3483 5682 3619 5738 falsa
3640 5696 3801 5739 com-

518 5781 796 5850 piectitur,
828 5785 1140 5854 cujusmadi
1167 5796 1253 5843 est
1278 5784 1413 5841 illud
1436 5783 1580 5855 quod
1610 5785 1688 5838 ait
1722 5799 1775 5854 p.
1807 5782 1934 5850 180,
1969 5780 2102 5837 cleri
2132 5778 2457 5849 dignitatem
2490 5776 2622 5830 Aria
2657 5776 2727 5828 ab
2750 5774 3020 5828 haereticis
3075 5773 3365 5843 collatam;
3414 5789 3543 5829 cum
3601 5782 3801 5831 contra

593 5900 666 5971 (a)
699 5902 823 5974 Pag.
854 5903 923 5957 96

2259 5898 2332 5970 (ὁ)
2368 5898 2528 5954 Forte
2556 5914 2677 5953 cum
2716 5899 2897 5961 titulo,
2929 5900 3033 5962 Εἰς
3059 5898 3254 5965 τέλος.
