4048 6406
293 320 356 376 17
1758 339 2153 398 ΡΒᾸΞΕΑΤΙΟ.
3513 344 3582 398 18

288 441 656 512 antiquorum
687 453 1009 508 testimonio
1043 463 1382 526 compertum
1411 458 1504 519 sit,
1539 473 1570 512 a
1595 457 1760 514 Petro
1784 470 1838 516 et
1867 461 2079 517 Achilla
2104 460 2368 532 gradibus
2389 461 2784 519 ecclesiasticis
2816 469 3037 517 auctum
3063 461 3233 518 fuisse
3258 461 3578 534 indignissi-

288 543 437 584 mum
459 532 783 603 hominem,
814 540 945 610 quia
970 557 1069 613 pro
1101 545 1290 600 innata
1318 546 1537 603 vafritie
1566 550 1801 619 speciem
1839 550 1979 622 frugi
2018 552 2295 623 prazferret
2329 575 2343 610 :
2376 556 2586 626 reliqua
2618 554 2741 611 vide
2771 554 2825 608 in
2868 551 3099 607 Monito.
3128 552 3208 605 Ad
3252 552 3365 607 hac
3384 532 3577 607 autem

292 630 424 691 puto
451 624 543 679 vel
577 641 653 680 ex
680 629 803 684 sola
833 631 1036 703 dialogi
1068 633 1263 699 forma,
1304 652 1427 707 quae
1458 638 1734 694 scribendi
1780 642 1941 706 ratio,
1970 643 2099 698 licet
2133 641 2365 697 multum
2399 624 2705 699 Athanasio
2744 641 3043 711 antiquior,
3080 655 3190 694 non
3225 648 3345 696 erat
3404 640 3575 695 Atha-

292 714 430 769 nasii
458 732 583 771 navo
619 718 999 792 frequentata,
1033 725 1406 793 conjecturam
1433 729 1672 798 aliquam
1701 732 1913 796 νοθείας
1946 732 2174 788 oboriri.
2211 731 2491 804 Nusquam
2525 733 2828 803 accipimus
2857 729 3216 785 Athanasium
3238 729 3345 784 hoc
3376 744 3577 800 genere

215 846 220 850 -
290 808 510 866 dedisse
542 812 846 885 quidpiam
879 837 892 872 :
922 827 976 873 et
1006 820 1310 889 aequalibus
1338 823 1460 892 ejus
1488 841 1771 895 perrarum
1803 826 2004 898 dialogi
2038 843 2191 883 more
2231 830 2491 884 scribere.
2525 827 2726 884 Verum
2762 827 2878 881 haec
2908 825 3083 879 forma
3112 824 3325 879 saeculis
3358 823 3571 894 quinto,

293 910 464 965 sexto,
503 910 759 975 septimo
807 917 862 964 et
909 911 1370 981 subsequentibus
1422 917 1650 971 multum
1684 916 1923 971 obtinuit
1955 936 1967 972 :
2003 925 2059 973 et
2112 916 2344 987 hujusce
2408 917 2543 973 tomi
2588 916 2776 987 spuria
2827 912 3236 983 complectentis
3282 926 3410 981 pars
3459 927 3572 966 non

297 991 507 1047 modica
538 994 757 1067 dialogi
784 1007 935 1054 sunt.
2354 1055 2358 1058 ι

364 1080 553 1139 Sermo
617 1100 819 1145 contra
876 1110 1052 1150 omnes
1105 1097 1352 1163 haereses,
1406 1100 1482 1155 ita
1520 1102 1840 1160 manifestas
1886 1104 2292 1176 peregrinitatis
2348 1114 2508 1159 notas
2541 1104 2626 1159 vel
2667 1102 2801 1173 ipsis
2847 1101 3272 1157 amanuensibus
3313 1100 3572 1172 praeferre

296 1172 440 1228 visus
474 1173 604 1242 fuit,
642 1188 703 1234 ut
734 1181 792 1234 in
824 1184 1097 1256 plerisque
1128 1190 1411 1246 codicibus
1444 1192 1512 1247 ad
1565 1172 1906 1264 marginem;
1922 1172 2073 1262 ξένος
2106 1195 2201 1248 καὶ
2234 1194 2453 1265 χυδαίος
2499 1172 2733 1257 dicatur,
2775 1193 2827 1248 id
2860 1201 2964 1257 est,
2999 1196 3302 1266 peregrinus
3338 1213 3400 1249 ac
3447 1196 3570 1265 fuso

299 1267 700 1340 remissioreque
729 1279 871 1344 style
896 1278 1211 1349 descriptus,
1247 1284 1334 1337 cui
1371 1286 1578 1341 scilicet
1608 1288 1669 1341 τὸ
1703 1287 1919 1344 εὔτονον
1951 1289 2167 1344 deliciat
2194 1309 2207 1344 :
2243 1292 2435 1360 ingens
2460 1289 2709 1360 profecto
2737 1289 2860 1362 styli
2882 1291 3097 1355 vitium,
3127 1291 3272 1360 quod
3304 1291 3387 1346 vel
3419 1290 3570 1345 Gne-

300 1362 399 1414 culi
440 1365 658 1421 sentire
708 1373 950 1438 possint.
982 1373 1108 1430 Fuit
1154 1386 1337 1434 autem
1367 1396 1432 1436 ex
1467 1382 1753 1438 Athanasii
1798 1386 2059 1456 operibus
2090 1401 2406 1455 expressus,
2444 1395 2503 1439 ut
2557 1385 2813 1440 lectorem
2863 1384 3064 1440 ibidem
3113 1386 3563 1456 praemonuimus.

300 1454 365 1511 De
394 1459 607 1516 insulso
641 1462 1033 1525 Melchisedeci
1068 1475 1211 1544 regis
1241 1487 1549 1534 commento
1581 1480 1658 1551 (a)
1688 1482 1805 1550 jam
1835 1454 1987 1536 Vultra
2014 1498 2179 1551 quam
2205 1484 2341 1538 satis
2381 1483 2453 1537 sit
2482 1482 2689 1537 dictum
2716 1481 2838 1546 fuit,
2876 1484 3187 1553 pariterque
3213 1483 3280 1539 de
3313 1484 3567 1569 ἀποσπατ-

295 1552 495 1651 (ἱματίῳ
524 1556 595 1609 ad
625 1555 929 1617 Jovianum
951 1565 1332 1637 imperatorem
1361 1585 1678 1646 nuncupato
1711 1577 1812 1649 (b),
1845 1592 1910 1634 ac
1944 1577 2011 1634 de
2042 1578 2185 1633 libro
2220 1578 2601 1649 Deﬁnitionum
2627 1595 2645 1633 :
2671 1593 2847 1650 neque
2885 1577 3016 1634 libet
3051 1579 3363 1649 hujusmodi
3386 1561 3561 1651 nugas

290 1638 458 1696 denuo
496 1645 743 1715 agitare,
774 1660 962 1722 atque,
998 1663 1055 1710 ut
1082 1657 1157 1711 ita
1187 1659 1387 1725 dicam,
1425 1638 1831 1734 repuerascere.

354 1733 677 1806 Sequuntur
719 1758 892 1814 opera
928 1750 995 1804 ad
1042 1751 1408 1826 Antiochum;
1441 1733 1500 1814 et
1544 1760 1701 1830 praeit
1750 1760 2008 1815 Doctrina
2041 1760 2109 1815 ad
2140 1761 2456 1815 Antiochum
2494 1760 2795 1832 principem
2821 1765 2866 1816 'a
2894 1762 3141 1821 Graeculo
3184 1765 3349 1822 edita.
3382 1763 3559 1834 Hujus

280 1836 456 1886 tamen
486 1834 795 1906 beneﬁcio,
829 1857 1079 1915 magnam
1116 1859 1325 1920 partem
1372 1855 1499 1911 libri
1545 1855 1814 1923 Pastoris,
1856 1872 1979 1928 qua:
2024 1856 2212 1912 Grmce
2269 1858 2512 1911 nondum
2547 1857 2673 1910 data
2712 1856 2908 1921 fuerat,
2959 1871 3371 1928 recuperamus.
3405 1856 3557 1912 Alias

280 1941 404 1981 vero
446 1928 553 1983 hac
602 1932 850 1990 historia
880 1940 1013 1996 nihil
1052 1944 1335 2004 infantius.
1384 1949 1564 2021 Eque
1613 1954 1914 2024 conspicua
1954 1962 2039 2009 est
2070 1952 2341 2009 sermonis
2384 1950 2455 2005 ad
2505 1950 2837 2006 Antiochum
2893 1950 3096 2015 νοθεια,
3153 1964 3366 2005 necnon
3424 1948 3557 2002 sub-

277 2023 627 2088 sequentium
693 2029 766 2082 ad
814 2035 1068 2091 eumdem
1115 2044 1501 2110 quaastionum.
1566 2046 1679 2103 Hoc
1746 2059 2085 2119 postremum
2132 2058 2314 2103 tamen
2370 2062 2529 2117 opus,
2588 2063 2697 2102 non
2761 2046 3043 2117 indignum
3093 2044 3239 2117 quod
3299 2046 3549 2115 legatur:

278 2118 491 2171 tametsi
530 2121 689 2175 enim
749 2123 1006 2188 futilibus
1031 2132 1192 2192 dictis
1223 2154 1287 2194 ac
1333 2143 1578 2212 quaesitis
1611 2118 1905 2202 identidem
1948 2159 2234 2216 aspersum
2286 2150 2411 2199 est:
2470 2150 2527 2197 at
2574 2143 2713 2198 bona
2765 2143 2926 2198 malis
2968 2146 3228 2213 permista
3276 2140 3550 2212 reperias;

276 2223 533 2267 ιιιωιιύηι

1240 2324 1479 2391 Χρυσέα
1517 2329 1826 2396 χαλκείοις
1854 2330 2185 2400 ἑκατόμόοα
2214 2330 2591 2384 ἐννεαϐοίων.

338 2390 429 2448 Est
461 2397 605 2452 inihi
639 2400 716 2470 (c)
773 2402 935 2459 locus
962 2420 1120 2474 quem
1173 2390 1303 2465 olim
1360 2390 1617 2471 vitiosum
1654 2390 1936 2488 suspicabar

1953 2390 2095 2485 mur,
2134 2420 2267 2474 illud
2314 2420 2523 2477 scilicet
2554 2439 2569 2475 :
2604 2419 2729 2484 Πῶς
2752 2420 2809 2473 δὲ
2832 2420 2992 2475 πάλιν
3021 2421 3115 2475 καὶ
3143 2421 3176 2493 ἠ
3209 2439 3321 2476 των
3363 2424 3549 2490 σωμά-

272 2498 369 2536 των
398 2485 568 2553 φύσις
616 2488 908 2564 βολιστικὴ
943 2495 1085 2549 κατὰ
1127 2499 1286 2567 φύσιν
1329 2505 1667 2578 ὑπάρχουσα,
1717 2511 1907 2582 ὁρᾶται
1937 2511 2129 2576 ἄδυτος
2166 2512 2260 2566 καὶ
2306 2512 2595 2577 sesamo;
2631 2513 2689 2564 ὲν
2717 2515 2825 2576 τοῖς
2858 2512 3011 2568 ὕδασι
3048 2514 3147 2583 τῆς
3176 2513 3546 2596 Μαρμαρικῆς

274 2573 432 2596 η-..-η
498 2579 535 2596 μ
781 2584 793 2596 ι
822 2586 833 2595 ο
1152 2592 1161 2596 _

272 2573 663 2646 Πενταπόλεως
687 2600 702 2614 ο
739 2584 834 2640 ubi
867 2601 966 2656 pro
1012 2592 1277 2661 σωμάτων
1322 2598 1607 2670 legendum
1649 2603 1857 2657 ὑδάτων

1949 2573 2350 2677 )njectabamus
2377 2626 2391 2661 :
2430 2615 2497 2661 at.
2516 2608 2714 2663 exinde
2743 2606 3031 2662 lectionem
3059 2609 3226 2679 probe
3254 2592 3455 2663 habere
3488 2624 3547 2664 se

270 2684 666 2741 comperimus.

330 2766 408 2819 Ad
440 2770 668 2824 calcem
702 2774 1075 2842 qutustionum
1107 2777 1174 2831 ad
1222 2778 1548 2834 Antiochum
1579 2780 1680 2853 (ά),
1716 2791 1801 2838 est
1836 2790 2103 2841 tractatus
2151 2786 2455 2844 Athanasio
2498 2804 2631 2846 sane
2663 2806 2771 2846 nou
2804 2793 3083 2865 indignus,
3123 2810 3283 2865 quem
3316 2794 3548 2852 fortasse

268 2860 450 2932 religio
484 2882 603 2919 non
633 2876 785 2922 esset
818 2872 968 2924 inter
994 2871 1367 2927 Athanasiana
1399 2884 1739 2945 computare.
1785 2878 1900 2933 Etsi
1928 2880 2073 2933 enim
2110 2880 2164 2934 in
2198 2880 2475 2952 plerisque
2514 2884 2800 2942 codicibus
2829 2901 3227 2960 consequenter
3255 2899 3378 2960 post
3410 2891 3547 2945 alias

267 2959 601 3024 quaestiones
652 2976 855 3032 agmen
896 2966 1123 3032 claudit,
1176 2983 1286 3023 non
1328 2968 1528 3025 desunt
1559 2980 1741 3028 tamen
1771 2974 1863 3029 ubi
1905 2976 2197 3045 separatim
2232 2978 2300 3033 ab
2343 2979 2467 3034 aliis
2519 2991 2773 3050 ponatur.
2800 2983 2885 3039 Ad
2916 2959 3031 3042 haec
3060 3002 3206 3050 vero,
3247 2988 3543 3056 conspicua

265 3051 630 3111 Athanasiani
664 3058 768 3112 aevi
803 3070 936 3114 nota
967 3061 1081 3117 haec
1112 3071 1215 3130 est,
1242 3080 1365 3118 cum
1387 3064 1455 3121 de
1477 3068 1822 3138 septuaginta
1857 3068 2289 3128 hebdomadibus
2314 3072 2554 3130 Danielis
2581 3089 2748 3146 agens
2779 3076 2853 3131 ait
2881 3095 2896 3133 :
2925 3076 3021 3142 Τις
3052 3074 3144 3133 οὖν
3174 3078 3322 3131 ἐστιν
3360 3051 3543 3150 saepe;

263 3146 500 3217 χρισθεὶς
543 3149 709 3219 ἅγιος
741 3151 941 3221 ἁγίων,
977 3155 1026 3206 ei
1062 3153 1135 3227 μὴ
1176 3156 1204 3209 ὁ
1252 3157 1488 3228 Χριστὸς
1531 3159 1710 3231 μόνος,
1758 3159 1833 3224 ὡς
1882 3159 1975 3213 τοῦ
2009 3161 2146 3215 Θεοῦ
2179 3162 2273 3217 τοῦ
2306 3162 2539 3231 ζῶντος;
2582 3167 2641 3219 αἱ
2680 3166 2791 3239 γὰρ
2811 3167 3179 3241 ἑϐδομήκοντα
3233 3146 3543 3242 ὲῦδομάέες,

260 3242 595 3310 τετρακόσια
653 3245 987 3317 ἐνενήκοντα
1030 3247 1125 3320 ἐτη
1166 3252 1542 3321 σημαίνουσιν.
1587 3255 1718 3308 Ἀπὸ
1741 3255 1796 3308 δὲ
1826 3255 1921 3336 τοῦ
1950 3257 2150 3328 Δανιὴλ
2177 3257 2282 3324 ἕως
2327 3260 2421 3314 τοῦ
2451 3260 2545 3316 νῦν
2574 3262 2909 3335 ὑπάρχουσιν
2952 3264 3047 3336 ἐτη
3077 3264 3184 3318 τῶν
3213 3266 3545 3319 ὀκτακοσίων

263 3330 441 3385 πλείω.
490 3335 617 3389 Hoc
660 3343 750 3390 est
782 3354 795 3389 :
831 3336 967 3401 Quis
1008 3354 1130 3409 ergo
1177 3341 1315 3417 alius
1336 3352 1417 3396 est
1461 3354 1650 3398 unctus
1675 3330 1905 3401 Sanctus
1943 3359 2271 3413 sanctorum,
2319 3362 2515 3418 prwter
2558 3354 2731 3407 solum
2772 3352 3063 3445 Chriséum,
3094 3368 3152 3410 ut
3184 3357 3283 3411 Dei
3325 3357 3541 3412 viventis

264 3418 502 3445 ID:I:---__\
538 3425 565 3445 ο
602 3425 959 3445 0A--.-__.,3_,._,
1020 3444 1027 3445 ,
1077 3430 1088 3440 ο
1178 3431 1191 3445 ι
1241 3430 1253 3445 ι
1291 3431 1302 3445 ι
1453 3432 1464 3445 ι
1696 3433 1707 3445 .
1747 3437 1759 3445 .
2209 3442 2217 3445 -

263 3418 504 3495 (Filium)
538 3425 565 3477 ?
596 3425 960 3496 Septuaginta
1004 3430 1141 3482 enim
1170 3430 1520 3487 hebdomadas
1564 3433 1978 3507 quadringentos
2024 3442 2315 3511 nonaginta
2363 3460 2530 3497 annos
2586 3418 3207 3518 signi/icantha'mque
3238 3467 3272 3503 a
3322 3449 3541 3505 Daniele

262 3510 324 3562 Iul
349 3511 446 3565 hoc
484 3530 656 3585 usque
708 3525 917 3584 tempus
960 3525 1082 3570 sunt
1125 3520 1253 3572 anni
1294 3522 1413 3589 plus
1453 3539 1612 3593 quam
1642 3528 1948 3597 octingenti.
1982 3527 2108 3584 llaec
2137 3510 2270 3587 sane
2302 3510 2671 3606 chronologize
2722 3510 2865 3591 ratio
2911 3539 3156 3609 apprime
3190 3541 3244 3595 in
3281 3550 3536 3611 quartum

263 3604 516 3657 saeculum
540 3604 811 3673 quadrat,
845 3608 1222 3677 quo.scripsit
1258 3610 1616 3668 Athanasius.
1660 3614 1745 3668 Ad
1779 3616 1917 3681 haec,
1954 3618 2027 3671 ita
2075 3620 2323 3688 apposite
2351 3619 2530 3677 Veteri
2576 3604 2924 3679 Testamento
2945 3604 3032 3679 ad
3070 3604 3537 3698 comprobandum

264 3690 459 3749 Christi
496 3697 807 3751 adventum
839 3698 1035 3763 utitur,
1067 3708 1125 3753 ut
1158 3701 1296 3755 nihil
1330 3719 1517 3773 supra.
1548 3704 1854 3778 Fateorque
1882 3724 1969 3765 me
1996 3710 2133 3765 nihil
2165 3712 2269 3766 hoc
2298 3712 2352 3767 iu
2384 3729 2580 3784 genere
2605 3715 2809 3771 vidisse
2836 3718 3068 3773 validius
3120 3720 3534 3776 concinniusve.

260 3779 631 3847 Quamobrem
662 3802 779 3841 non
824 3787 1020 3842 eodem
1054 3804 1162 3859 quo
1210 3800 1421 3848 caetera:
1451 3797 1807 3865 quaestiones,
1858 3814 2090 3854 numero
2136 3809 2190 3856 et
2229 3803 2407 3872 pretio
2437 3803 2626 3858 haberi
2676 3804 2856 3862 debet.
2891 3806 3006 3862 Etsi
3040 3824 3171 3864 vero
3208 3824 3318 3865 non
3357 3813 3537 3870 ausim

255 3875 526 3936 allii-mare
553 3882 853 3937 Athanasii
888 3899 1033 3947 esse,
1064 3887 1202 3941 nihil
1233 3899 1380 3945 certe
1408 3899 1678 3962 repugnat
1703 3908 1815 3963 quo
1844 3896 2027 3952 minus
2057 3898 2159 3967 ipsi
2191 3899 2521 3955 ascribatur.

313 3969 722 4045 Fragmentum
765 3974 841 4029 De
893 3976 1215 4048 imaginibus
1252 3995 1363 4034 non
1407 3990 1524 4037 erat
1573 3984 1714 4040 forte
1746 3986 1892 4056 quod
1929 3987 2110 4043 denuo
2137 3991 2289 4060 prelo
2318 3990 2738 4061 subjiceremus,
2784 4010 2907 4050 cum
2956 4013 3023 4052 ex
3062 3998 3186 4056 aliis
3213 4000 3328 4071 jam
3374 4001 3538 4058 editis

251 4076 574 4139 excerptum
609 4069 800 4125 fuerit.
838 4069 1055 4125 Placuit
1085 4080 1291 4139 tamen,
1328 4078 1459 4147 quia
1508 4077 1952 4150 frequentissime
1983 4082 2038 4137 in
2072 4084 2355 4140 codicibus
2383 4094 2436 4140 et
2472 4087 2836 4144 conciliorum
2873 4092 3011 4147 actis
3040 4092 3266 4148 all'ertur
3286 4100 3347 4149 ut
3380 4096 3536 4150 exhi-

251 4154 453 4228 bemus,
490 4162 639 4215 illud
664 4161 856 4225 edere,
892 4179 966 4218 ne
996 4164 1124 4233 quid
1159 4165 1263 4221 hoc
1292 4167 1345 4221 in
1375 4184 1539 4238 opere
1566 4170 1867 4227 desiderari
1896 4175 2167 4230 videatur.

313 4248 605 4306 Historias
657 4254 917 4324 imaginis
951 4253 1255 4325 Berytensis
1316 4260 1502 4328 plures
1550 4262 2137 4330 fortasse'altulimus,
2172 4283 2337 4337 quam
2383 4276 2442 4324 ut
2492 4285 2588 4326 eas
2631 4273 2832 4328 eruditi
2870 4275 2974 4330 viri
3015 4276 3135 4332 sine
3175 4279 3459 4334 stomacho
3482 4288 3537 4334 et

251 4355 442 4400 nausea
477 4347 678 4416 legere
706 4348 950 4417 possint.
977 4347 1179 4404 Verum
1210 4354 1338 4421 quia
1371 4355 1485 4409 hzec
1526 4356 1757 4411 historia
1787 4358 2146 4416 celeberrima
2171 4360 2294 4427 fuit,
2327 4366 2502 4434 qualis
2544 4366 2763 4422 demum
2791 4371 3077 4442 qualisque
3104 4373 3208 4440 sit;
3244 4380 3353 4428 tam
3384 4375 3536 4429 varia

250 4442 349 4489 tum
399 4439 610 4495 Graece
656 4448 775 4495 tum
813 4442 1008 4498 Latine
1059 4445 1147 4500 edi
1186 4447 1307 4515 ejus
1340 4452 1698 4521 exemplaria,
1755 4471 1865 4509 non
1904 4456 2099 4512 inutile
2139 4457 2371 4515 fortasse
2418 4459 2583 4516 fuerit
2619 4481 2633 4518 :
2669 4472 2731 4518 ut
2760 4439 3034 4524 aestimare
3085 4471 3320 4540 quisque
3359 4476 3537 4527 valeat

246 4543 451 4599 quantae
479 4538 567 4592 sit
601 4540 962 4594 auctoritatis
992 4540 1106 4595 haec
1133 4542 1437 4610 historiola,
1463 4549 1623 4618 cujus
1646 4565 1714 4604 ne
1741 4551 1963 4620 quidem
1988 4568 2173 4609 veram
2212 4554 2534 4626 ﬁrmamque
2562 4559 2762 4614 seriem
2784 4562 3029 4619 nancisci
3061 4565 3360 4634 possimus.

306 4628 358 4682 In
390 4631 687 4701 Epistolas
717 4634 791 4687 ad
818 4632 1119 4703 Castorem,
1155 4655 1276 4708 qua:
1304 4651 1433 4696 sunt
1464 4642 1711 4699 Cassiani
1745 4645 2155 4702 lnstitutionum
2185 4650 2444 4719 epitome,
2481 4653 2619 4708 satis
2649 4661 2770 4710 esto
2804 4658 2950 4726 quod
2997 4657 3200 4712 ibidem
3254 4642 3531 4728 praenota-

245 4736 374 4779 mus.
405 4726 625 4784 Vocem
658 4738 850 4785 autem
890 4731 1054 4787 Pater
1102 4734 1363 4802 Muthius,
1396 4742 1527 4811 quia
1571 4744 1744 4800 codex
1798 4747 1880 4802 sic
1932 4750 2116 4822 Πάτερ
2162 4750 2399 4815 Μούθιος
2427 4751 2640 4816 dividit,
2691 4770 2791 4809 nos
2841 4768 3060 4822 quoque
3104 4726 3414 4806 divisi—mus.
3458 4750 3532 4804 At

243 4828 433 4873 norunt
459 4821 704 4889 eruditi,
736 4838 804 4877 ex
842 4838 976 4879 voce.
1005 4824 1349 4894 Thermuthi,
1374 4843 1568 4905 estque
1592 4837 1725 4891 illud
1760 4854 1959 4895 nomen
1991 4821 2272 4915 proprium
2299 4844 2444 4914 apud
2474 4843 2781 4918 Egyptios,
2817 4821 2873 4899 et
2899 4821 3229 4899 exiarticulo
3255 4858 3359 4906 πα,
3383 4841 3531 4927 quod

243 4914 318 4961 est
347 4926 411 4964 ac
447 4913 498 4968 si
559 4913 715 4969 dicas
755 4913 924 4968 Pater
952 4924 1047 4970 aut
1080 4919 1280 4982 Abbas.
1315 4925 1626 4982 confectum
1672 4945 1872 4986 nomen
1925 4913 2118 4990 fuisse.
2164 4934 2230 4989 Et
2264 4944 2448 4991 tamen
2495 4913 2772 4994 nit-rm
2811 4936 3065 5003 invaluit,
3114 4943 3174 4990 ut
3209 4934 3323 5004 jam
3377 4920 3530 4991 Mutii

244 4997 449 5063 quidam
484 5002 626 5058 inde
657 5011 919 5059 mutuato
951 5012 1195 5077 nomine,
1228 5027 1638 5088 nuncupentur.

303 5090 357 5144 In
379 5093 681 5148 homiliam
716 5095 796 5149 De
818 5101 1183 5169 assumptione
1214 5104 1429 5161 Domini
1457 5112 1569 5165 haec
1607 5113 1770 5168 habet
1816 5114 2217 5176 Felckmannus
2246 5135 2259 5174 :
2297 5120 2470 5174 Porro
2499 5120 2735 5174 meminit
2776 5121 2936 5192 hujus
2962 5121 3216 5187 homilitz,
3257 5133 3307 5177 et
3340 5122 3525 5176 tribuit

242 5195 342 5234 eam
367 5184 677 5240 Athanasio
712 5190 953 5241 incertus
985 5202 1191 5257 auctor,
1223 5196 1372 5266 cujus
1395 5199 1514 5268 jam
1545 5220 1705 5273 supra
1730 5206 1799 5260 ad
1819 5222 1941 5279 pag.
1970 5208 2075 5263 545
2098 5209 2152 5266 d.
2186 5211 2373 5265 tomol
2406 5213 2741 5267 meminimus
2765 5213 2833 5266 ad
2863 5213 3165 5269 Maximum
3199 5213 3526 5271 Smeniotam

243 5268 295 5322 de
318 5272 412 5327 hac
444 5280 754 5346 quastione
773 5294 794 5332 :
832 5276 1031 5334 Utrum
1061 5282 1332 5349 homines,
1359 5288 1404 5342 si
1430 5307 1536 5346 non
1579 5268 1926 5363 peccassent:
1959 5300 2211 5353 morituri
2245 5300 2501 5366 fuissent,
2530 5302 2764 5356 scribens
2791 5304 2887 5373 fol.
2926 5305 3017 5372 92,
3048 5306 3149 5361 col.
3177 5307 3234 5367 4.
3260 5308 3378 5362 sic:
3414 5304 3526 5361 Καὶ

243 5364 390 5471 ξκουε
413 5373 466 5424 τί
502 5376 637 5444 περὶ
662 5374 868 5427 τούτου
902 5377 1067 5447 φησὶν
1095 5380 1125 5432 ὁ
1156 5382 1328 5451 μέγας
1366 5386 1680 5454 Ἀθανάσιος
1712 5396 1770 5446 ἐν
1798 5394 1875 5466 τῷ
1902 5397 2007 5461 Εἰς
2031 5395 2146 5465 τὴν
2167 5364 2654 5471 ἀνάληψιν-λόγῳ
2683 5364 2867 5454 αὑτοῦ.
2903 5364 3141 5466 Θάνατος
3178 5404 3277 5474 μὲν
3309 5400 3526 5472 εἰσῆλθε

242 5456 314 5513 διὰ
336 5464 431 5536 τὴν
459 5471 785 5542 παρακοήν.
811 5468 974 5523 Λῦων
1006 5472 1059 5526 δὲ
1085 5474 1232 5545 ὅμως
1263 5479 1360 5549 τὴν
1383 5483 1484 5554 τῆς
1512 5485 1741 5559 ἀπειλῆς
1768 5488 1951 5563 ἀκμὴν
1985 5491 2012 5542 ὁ
2045 5490 2178 5553 Θεὸς
2203 5492 2388 5546 ἐλπίδα
2422 5488 2579 5555 αὖθις
2608 5492 2908 5560 ἀθανασίας
2939 5495 3216 5550 ἀνατέλλει
3247 5493 3324 5565 τῷ
3356 5494 3525 5562 γένει,

303 5735 372 5833 έῗῖ
2018 5762 2088 5833 (c)
2120 5761 2246 5833 Pag.
2286 5764 2408 5818 247.

304 5806 371 5876 (b)
394 5806 527 5877 Pa
565 5811 690 5870 μί’.
1214 5834 1217 5837 ‘

1214 5834 1217 5837 ‹
2018 5806 2093 5904 tu,
2120 5806 2253 5904 12.3,:
2282 5806 2408 5890 gis:
