4048 6406
493 374 560 430 49
1853 373 2242 432 PREFATIO.
3661 345 3756 428 20'

487 493 584 546 καὶ
619 489 712 548 τὸν
751 492 920 564 Ἑνὼχ
953 494 1018 546 ὲκ
1061 491 1226 563 μέσον
1261 488 1518 561 ἁρπάζει,
1555 484 1846 541 κάντεῦθεν
1888 488 1988 560 τὴν
2034 487 2234 559 θνηπὴν
2267 487 2510 542 ἐδίδασκε
2551 487 2712 560 φύσιν
2743 486 2902 558 ὅρους
2945 485 3242 552 ἀθανασίας
3289 487 3626 560 ἐκδέχεσθαι.
3668 488 3742 542 Et

483 581 646 651 paulo
685 592 826 652 post,
855 581 966 636 Καὶ
984 581 1174 635 τούτου
1210 580 1368 651 χάριν
1399 581 1428 632 ὀ
1467 577 1640 649 μέγας
1681 575 1994 640 Ἀθανάσιος
2031 577 2236 646 ἔλεγεν,
2263 579 2346 632 ὅτι
2371 580 2466 634 καὶ
2495 580 2587 634 τὸν
2629 578 2814 632 Ἠλίαν
2848 579 3102 650 ἁρπάζει,
3141 582 3234 634 καὶ
3277 580 3353 646 ὡς
3397 586 3476 647 εἰς
3513 581 3742 654 οὐρανὸν

482 676 762 750 ἀναφέρει.
799 676 930 732 Hac
963 676 1059 741 ibi,
1085 690 1202 746 qua:
1227 671 1406 742 confer
1436 688 1556 726 cum
1583 663 1760 726 editis.
1796 669 1865 724 Et
1896 671 2034 726 idem
2067 671 2210 741 infra
2241 675 2296 728 in
2323 673 2652 742 opusculum:
2690 673 2882 728 Utrum
2913 670 3150 729 Joannes
3178 678 3510 747 evangelista
3546 693 3740 734 revera

481 773 700 841 obierit,
731 773 830 842 fol.
865 774 994 838 251,
1029 773 1128 826 co'l.
1161 771 1218 834 2,
1247 772 1362 824 ait:
1398 769 1509 826 Καὶ
1538 769 1568 822 ὁ
1603 769 1778 840 μέγας
1797 767 1855 821 δὲ
1899 767 2132 823 Ἀθανάσ

2168 786 2215 834 κ
2241 772 2301 824 ὲν
2325 770 2403 842 τῷ
2431 774 2480 825 Ε
2489 773 2542 837 ις
2568 770 2683 838 τὴν
2706 768 3015 837 ἀνάληψιν
3045 768 3187 840 λόγῳ
3218 771 3403 835 αὑτοῦ,
3447 769 3618 842 Ἑνὼχ
3642 771 3741 826 καὶ

493 866 681 921 Ἠλίαν
713 864 1110 936 μνημονεύσας,
1158 863 1254 916 καὶ
1285 863 1458 918 εἰπὼν
1490 863 1548 916 ὲν
1576 863 1687 926 τοίς
1722 859 1888 926 ζῶσιν
1924 861 2130 931 διάγειν
2164 863 2347 928 αὐτὸν,
2382 863 2568 936 ἑτέρου
2603 864 2748 928 τινὸς
2775 863 3202 935 ἐμνημόνευσεν.
3239 865 3363 922 Huic
3411 867 3740 923 Felckman-

483 973 609 1014 nus.
639 955 744 1013 Sed
768 957 1028 1028 quoniam
1065 957 1111 1011 is
1145 955 1381 1026 scriptor
1411 953 1684 1024 sequioris
1708 960 1793 1008 est
1823 953 1946 1018 aevi,
1970 953 2110 1008 nihil
2145 953 2293 1010 illius
2321 955 2637 1010 testimonio
2667 955 2735 1008 ad
2765 956 3095 1027 γνησιότητα
3123 957 3246 1026 ejus
3275 959 3739 1030 comprobandam

481 1053 731 1110 edicitur.
763 1053 886 1108 Haec
915 1053 1033 1124 ipsa
1064 1067 1201 1123 pene
1228 1051 1420 1108 eadem
1451 1051 1617 1106 verba
1646 1050 1778 1105 citat
1802 1049 2030 1104 Michael
2057 1048 2256 1122 Glycas
2280 1053 2335 1106 in
2359 1051 2605 1108 Historia
2634 1052 2954 1123 Byzantina.
2990 1053 3110 1118 Quo
3138 1055 3451 1112 testimonio
3472 1056 3531 1110 id-
3560 1055 3736 1111 solum

481 1158 751 1221 Superest,
787 1159 846 1204 ut
867 1157 994 1206 ante
1022 1149 1302 1204 Michaelis
1332 1146 1513 1220 Glycae
1537 1163 1708 1202 aevum
1743 1145 2026 1202 Athanasii
2049 1149 2270 1204 nomine
2298 1150 2547 1220 evulgata
2581 1149 2747 1205 fuerit
2789 1151 2902 1206 haec
2933 1146 3177 1204 homilia.
3213 1143 3460 1200 Diximus
3485 1160 3650 1216 porro
3681 1145 3738 1199 in

480 1242 684 1298 Monito
717 1243 784 1296 ad
814 1243 956 1297 hanc
987 1242 1290 1306 homiliam,
1323 1241 1559 1314 primum
1596 1240 1805 1312 publici
1839 1240 1983 1310 juris
2013 1241 2210 1297 factam
2245 1243 2416 1299 fuisse
2447 1245 2502 1298 in
2532 1243 2772 1301 editione
2802 1242 3272 1307 Commeliniana;
3321 1254 3513 1294 verum
3541 1239 3738 1295 exinde

480 1340 872 1410 comperimus,
907 1341 1185 1412 antiquius
1212 1337 1386 1395 fuisse
1414 1339 1565 1392 illam
1600 1337 1744 1410 typis
1781 1338 2114 1392 mandatam.

550 1429 842 1486 Homiliam
879 1433 932 1486 in
964 1431 1025 1488 S.
1069 1433 1337 1488 Andream
1366 1433 1558 1490 Latine
1596 1433 1746 1488 dedit
1787 1431 2026 1492 Thomas
2055 1433 2301 1500 Galetus,
2344 1435 2394 1494 J.
2430 1437 2517 1504 C.,
2561 1452 2705 1492 anno
2736 1436 2893 1502 l6l5,
2954 1435 3225 1508 Lugduni,
3254 1433 3453 1490 Carolo
3497 1433 3738 1491 Fabiano

483 1524 800 1594 interprete,
833 1539 958 1580 cum
985 1527 1109 1581 aliis
1137 1525 1480 1582 diversorum
1512 1523 1738 1580 Patrum
1769 1527 2008 1598 scriptis,
2043 1543 2098 1598 p.
2128 1527 2256 1582 250.

550 1617 794 1673 Libellus
827 1617 904 1673 De
929 1635 1145 1688 corpore
1177 1631 1228 1676 et
1261 1622 1443 1676 animo
1480 1628 1564 1678 est
1604 1620 1969 1692 fragmentum
2009 1624 2258 1678 avulsum
2300 1639 2366 1679 ex
2395 1625 2538 1680 libro
2571 1623 2650 1679 De
2697 1623 3114 1693 deﬁnitionibus,
3149 1637 3274 1678 cum
3307 1623 3487 1692 aliqua
3530 1621 3740 1678 discre-

480 1711 688 1780 pantia.
717 1711 857 1766 Huic
886 1713 1014 1767 item
1041 1711 1198 1768 aliine
1238 1714 1518 1784 quidpiam
1553 1713 1782 1770 habetur
1808 1722 1848 1768 t.
1882 1716 1902 1770 Ι
1930 1716 2033 1772 sub
2067 1716 2249 1781 linem,
2289 1717 2343 1772 in
2382 1716 2734 1789 fragmentis;
2767 1717 2862 1772 sed
2910 1719 3068 1790 longe
3113 1719 3464 1790 praestantius
3504 1719 3645 1774 istis.
3672 1715 3738 1772 Et

480 1820 612 1860 vero
641 1803 758 1858 ﬁeri
782 1805 980 1874 potuit,
1011 1814 1072 1860 ut
1104 1807 1196 1877 qui
1230 1807 1332 1862 hoc
1361 1805 1440 1861 De
1463 1823 1678 1877 corpore
1703 1818 1754 1864 et
1787 1810 1966 1864 animo
2012 1811 2336 1879 opusculum
2385 1810 2666 1866 mandavit
2699 1809 2917 1875 litteris,
2945 1811 3131 1882 aliqua
3159 1829 3223 1868 ex
3270 1813 3422 1869 veris
3448 1807 3738 1866 Athanasii

483 1903 742 1974 operibus
773 1904 845 1958 sit
873 1912 1173 1962 mutuatus.

562 1997 686 2051 Vita
737 2007 937 2052 sanctae
981 1997 1318 2068 Syncleticw,
1351 1999 1500 2055 haud
1545 1998 1782 2070 imperiti
1815 1999 2055 2055 hominis
2081 2015 2242 2070 opus,
2273 1999 2502 2070 pulchre
2533 1999 2600 2054 ad
2629 2015 2813 2055 mores
2843 1996 3210 2055 instituendos
3242 1995 3567 2052 concinnata
3599 2001 3682 2050 est
3716 2009 3731 2046 :

483 2102 610 2142 nam
640 2089 984 2160 longiuscula
1004 2089 1152 2154 licet,
1186 2090 1348 2145 unica
1370 2105 1510 2162 pene
1539 2089 1924 2145 adhortatione
1965 2089 2234 2158 solvitur;
2265 2090 2340 2144 ita
2381 2099 2440 2144 ut
2473 2105 2594 2159 quae
2624 2089 2894 2160 ejusmodi
2921 2087 2988 2142 ad
3032 2088 3268 2157 virgines
3302 2085 3604 2156 paraenesiu
3637 2083 3738 2136 ha-

479 2182 668 2239 buisse
688 2183 884 2249 fertur,
915 2198 1143 2255 quaeque
1173 2185 1229 2240 in
1258 2184 1489 2256 juvenili
1533 2191 1693 2240 atate
1720 2198 1840 2240 eam
1875 2197 2002 2239 orsa
2030 2182 2253 2248 dicitur,
2285 2199 2350 2238 ea
2400 2183 2652 2239 absoluta
2680 2183 2957 2254 octoginta
2995 2196 3168 2236 annos
3196 2187 3325 2234 nata
3356 2193 3482 2234 mox
3523 2189 3736 2231 memo-

479 2283 652 2328 retuc.
689 2274 914 2331 Erudite
951 2289 1117 2346 porro
1144 2276 1200 2330 in
1238 2291 1303 2332 ea
1341 2275 1684 2346 disceptatur
1711 2285 1904 2330 contra
1936 2273 2131 2340 fatum,
2163 2281 2218 2330 et
2245 2283 2436 2330 contra
2475 2275 2739 2346 genesim,
2785 2276 2900 2330 sive
2930 2275 3395 2346 genethliacorum
3430 2272 3735 2328 scientiam.

481 2364 586 2420 Sed
625 2367 1073 2437 praestantissima
1107 2368 1351 2424 omnium
1381 2377 1531 2434 sunt,
1558 2385 1680 2440 quae
1709 2379 1898 2424 contra
1929 2368 2052 2425 illos
2075 2368 2382 2441 proﬂigatis
2411 2371 2657 2426 moribus
2685 2369 2960 2434 homines,
2993 2386 3226 2442 quorum
3259 2370 3313 2424 in
3359 2384 3425 2424 eo
3463 2375 3578 2422 tota
3611 2379 3737 2434 spes

479 2471 584 2529 est,
617 2471 678 2518 ut
709 2463 762 2518 in
790 2464 1021 2519 nihilum
1045 2474 1170 2520 eant
1196 2465 1242 2518 si
1285 2465 1506 2535 quando
1545 2464 1764 2522 vivendi
1796 2464 1958 2520 ﬁnem
1991 2463 2228 2521 faciant:
2261 2465 2356 2536 qui
2391 2466 2437 2522 si
2467 2473 2577 2520 tam
2610 2466 2809 2521 misera
2837 2481 2934 2536 spe
2961 2465 3178 2528 cadant,
3213 2470 3268 2519 et
3296 2461 3494 2517 cadent
3521 2457 3734 2528 utique.

480 2562 743 2624 quantum
790 2556 858 2612 iis
890 2558 1241 2628 supplicium,
1289 2561 1383 2630 qui
1431 2560 1554 2617 ideo
1586 2561 1642 2616 in
1688 2568 1768 2615 tot
1807 2560 2017 2616 scelera
2061 2568 2463 2632 proruperunt,
2505 2561 2649 2632 quod
2704 2561 2841 2616 falsa
2891 2561 3150 2632 opinione
3201 2559 3421 2628 impune
3469 2555 3572 2612 sibi
3620 2551 3739 2608 fore

481 2646 812 2714 sperarent?
839 2645 916 2701 Ex
943 2647 1048 2702 hoc
1070 2649 1258 2720 itaque
1291 2650 1576 2706 hominum
1612 2665 1813 2722 genere
1849 2656 2030 2716 erant,
2061 2652 2156 2720 qui
2183 2651 2349 2723 impie
2378 2651 2646 2718 dicerent,
2677 2653 2912 2706 animam
2942 2667 3065 2707 esse
3093 2651 3278 2706 liorem
3321 2657 3549 2711 naturae,
3577 2646 3737 2718 cujus

481 2737 690 2792 scilicet
717 2737 974 2794 interitus
1005 2753 1130 2794 cum
1161 2741 1358 2810 planta:
1392 2741 1510 2798 sive
1539 2741 1787 2813 corporis
1818 2741 2042 2796 interitu
2073 2744 2386 2799 necessario
2407 2744 2740 2815 conjunctus
2761 2750 2924 2800 esset.
2957 2744 3094 2815 Ipsis
3118 2759 3250 2799 sane
3271 2742 3564 2812 gentilibus
3585 2740 3738 2796 dete-

484 2829 691 2886 riores:
723 2831 816 2902 qui
850 2836 1131 2902 praemium
1163 2836 1352 2907 probe,
1382 2837 1709 2908 supplicium
1740 2835 1987 2907 improbe
2007 2839 2316 2894 viventibus
2341 2839 2457 2896 fore
2486 2841 2866 2898 aestimabant:
2901 2840 3028 2895 audi
3057 2838 3472 2910 Platonemla):
3509 2837 3736 2892 Ἀθάνα-

482 2937 574 2986 τος
603 2925 761 2996 ἡμῶν
787 2928 822 2998 ἠ
857 2927 1004 3002 ψυχὴ
1034 2930 1130 2984 καὶ
1159 2933 1416 2988 οὐδέποτε
1441 2933 1756 2987 ἀπόλλυται.
1784 2929 1852 2984 Et
1891 2930 2125 2989 inferius

2168 2944 2390 3005 pugnat,
2419 2935 2682 3006 improbis
2709 2950 2903 3006 poenas
2941 2951 3064 2990 esse
3100 2940 3448 3006 praeparatas.

550 3013 677 3072 Haec
709 3019 846 3076 satis
873 3030 1059 3078 sunto.
1091 3023 1255 3079 Plura
1284 3025 1351 3082 de
1384 3027 1618 3098 singulis
1647 3025 1752 3081 hoc
1793 3025 1850 3080 in
1878 3035 2026 3080 tomo
2049 3028 2396 3084 exstantibus
2425 3027 2481 3083 in
2527 3029 2766 3099 propriis
2809 3027 3149 3100 singulorum
3190 3021 3656 3080 admonitionibus
3682 3028 3738 3077 et

477 3111 536 3166 in
567 3111 714 3168 uotis
736 3115 996 3184 reperies.
1033 3114 1214 3185 Salve,
1245 3119 1459 3176 erudite
1491 3120 1683 3186 lector,
1716 3123 1772 3174 et
1805 3115 1893 3174 his
1921 3115 2063 3174 fave.
2122 3197 2128 3202 Ι

556 3271 634 3343 (α)
664 3272 787 3330 Lib.
817 3291 854 3328 x
882 3276 956 3330 De
983 3275 1208 3345 republ.,
1239 3292 1345 3348 pag
1374 3275 1480 3334 608
1498 3277 1630 3334 edit.
1653 3277 1720 3333 Η.
1754 3276 2040 3350 Stephani.

489 3426 3708 3460 -—'———-———O————_—————-—————-—_—'——————_——~‘

1167 3578 1647 3646 CATALOGUS
1684 3575 2439 3644 MANUSCBIPTORUM
2475 3580 2578 3640 ET
2616 3577 3040 3641 EDITORUM

1317 3749 1570 3825 Quibus
1599 3751 1669 3812 in
1703 3749 1990 3816 editione
2022 3751 2296 3836 hujusce
2333 3755 2486 3817 tomi
2521 3754 2626 3816 usi
2665 3766 2912 3814 sumus.

485 3909 671 3970 [rimo
693 3913 858 3970 editis
883 3911 942 3970 S.
975 3914 1262 3972 Athanasii
1308 3917 1566 3975 omnibus
1595 3934 1720 3975 cum
1751 3921 1964 3978 Latinis
2012 3930 2126 3977 tum
2177 3921 2608 3979 GraecooLatinis
2642 3921 2729 3976 usi
2778 3934 2968 3977 sumus
3008 3930 3247 3986 semper,
3278 3912 3516 3968 maxime
3558 3921 3743 3968 tamen

1551 3991 1796 4048 omnium
1819 3993 2253 4050 Commcliniana
2275 4001 2330 4050 et
2361 3993 2683 4049 Parisiensi.

555 4213 622 4295 in
653 4217 1486 4295 ιῇρταηι-ᾴο-Ιηεανηαιὶοηεηυεί
1499 4237 1690 4278 sumus
1720 4231 1931 4278 tantum
1949 4221 2055 4295 Cy-

478 4286 588 4362 rill_i
619 4289 788 4362 editis
813 4289 904 4344 ubi
926 4289 1051 4362 haec
1085 4299 1264 4362 exstat
1291 4290 1544 4362 epistola.

431 4398 438 4408 .
485 4426 494 4428 _
555 4355 622 4428 In
645 4357 970 4414 Testimonia
1014 4375 1081 4414 ex
1111 4355 1391 4428 Scriptura
1418 4378 1596 4418 sacra.
1622 4395 1688 4404 -—
1711 4363 1932 4420 Codicis
1957 4380 2056 4419 cu-

372 4459 376 4464 -
475 4426 698 4502 jusdam
747 4428 1009 4502 Yaticaui
1064 4426 1338 4502 exscripta
1377 4440 1432 4487 et
1473 4430 1829 4488 Felckmanni
1871 4435 2063 4490 lectio-

481 4497 646 4574 nibus
671 4499 923 4555 codicum
957 4497 1313 4574 _Basiliensis,
1342 4503 1651 4574 Anglicani,
1711 4502 2062 4559 Felckmanni

480 4568 641 4636 primi
673 4585 738 4624 ac
767 4569 1018 4627 secundi.
1435 4568 1457 4574 ⁷
2037 4583 2044 4586 ’

557 4637 624 4691 1η
655 4637 954 4709 Epistolam
989 4641 1344 4707 Catholicam,
1392 4658 1458 4698 ex
1490 4641 1838 4698 Felckmanni
1868 4641 2064 4697 codici—

483 4706 603 4763 bus.
731 4709 1083 4784 Lectionibus
1127 4706 1379 4770 codicum
1429 4713 1749 4770 Basiliensis
1807 4713 1970 4784 primi
2011 4721 2065 4768 et

483 4779 738 4851 secundi,
767 4781 1077 4851 Anglicani,
1105 4793 1212 4839 etc.

553 4847 623 4904 In
643 4847 1016 4926 refutationem
1054 4853 1350 4926 hypocrisis
1393 4853 1600 4926 Μαιεήὶ
1641 4863 1690 4910 et
1722 4852 1938 4908 Eusebii
1963 4852 2066 4926 δατ

483 4923 822 4976 mosatensis.
875 4953 946 4964 -—
977 4923 1332 4980 Lectionibus
1383 4925 1590 4981 codicis
1645 4924 2068 4980 eminentissimi

482 4990 784 5047 cardinalis
819 4991 1077 5049 Oltoboni
1119 4994 1174 5052 et
1216 4995 1568 5051 Felckmanni
1613 4995 1944 5050 lectionibus
1973 5009 2068 5050 co-

483 5061 670 5185 filicch
737 5061 1058 5122 Basiliensis
1115 5067 1141 5120 1
1189 5075 1268 5122 -et
1324 5066 1381 5132 2,
1435 5065 1764 5134 Anglicani,
1822 5063 2066 5122 Felckm.

540 5139 703 5186 θη.-

554 5200 944 5260 Irrsermoncm
975 5207 1040 5262 de
1070 5207 1291 5262 Incarn.
1319 5206 1418 5260 Dei
1451 5203 1628 5260 Verbi.
1646 5234 1716 5246 —-
1735 5203 1939 5261 Codice
1969 5203 2070 5260 Se-

484 5274 750 5342 gueriano
782 5289 836 5330 et
873 5275 1227 5332 Felckmanni
1263 5277 1594 5331 lectionibus
1617 5275 1868 5332 codicum
1910 5276 2068 5331 Basi-

484 5343 694 5417 liensis,
723 5345 1035 5417 Anglicani,
1070 5347 1406 5417 Gobleriani,
1437 5345 1677 5402 Felckm.
1708 5347 1733 5401 1
1765 5355 1820 5402 et
1846 5347 1901 5402 2.

555 5411 623 5467 In
647 5411 937 5472 sermonem
958 5411 1029 5474 de
1047 5428 1252 5474 (eterna
1281 5416 1410 5472 Filii
1425 5428 1476 5474 et
1505 5417 1734 5486 Spiritus
1751 5420 1926 5472 sancti
1949 5435 2070 5472 cum

483 5481 602 5565 Deo.
617 5487 1000 5565 exsistentiaet
1045 5499 1234 5565 contra
1257 5481 1616 5565 quellianos.
1634 5517 1708 5565 _—_—
1732 5486 2068 5560 Segueriano

479 5555 674 5674 Cclodice
722 5565 776 5612 et
806 5556 1158 5614 Felckmanni
1191 5561 1522 5616 lectionibus
1557 5555 1830 5614 codicum'
1848 5573 2066 5613 eorum~

518 5638 626 5674 em.

518 5638 602 5679 em
612 5666 626 5678 .

553 5692 619 5747 In
643 5699 958 5768 orationem,
1005 5699 1144 5768 quod
1171 5715 1307 5752 unus
1347 5700 1417 5754 sit
1460 5698 1727 5768 Christus.
1761 5729 1829 5740 —-
1862 5695 2066 5768 codice

481 5760 818 5834 Segueriano
847 5777 902 5821 et
931 5760 1139 5824 Catena
1180 5772 1236 5825 in
1261 5768 1465 5825 Lucam
1493 5778 1547 5824 et
1591 5767 1940 5823 Felckmanni
1991 5768 2066 5822 le-

475 5835 754 5891 ctionibus
788 5837 1004 5892 iisdem.

2236 4219 2301 4274 In
2335 4218 2526 4272 librum
2578 4217 2642 4272 de
2674 4213 2908 4271 Sabbato
2939 4220 2990 4266 et
3024 4209 3458 4268 Circumcisione.
3490 4241 3562 4250 —
3582 4207 3748 4265 Codi-

2164 4291 2324 4346 cibus
2353 4288 2524 4359 Regio
2551 4287 2718 4351 2284,
2750 4293 2806 4340 et
2836 4283 3175 4354 Segueriano
3194 4291 3249 4336 et
3273 4279 3626 4336 Felckmanni
3671 4279 3744 4336 lo-

2163 4360 2440 4417 ctionibus
2467 4359 2684 4414 iisdem.

2240 4431 2306 4484 In
2336 4429 2633 4484 Homiliam
2675 4425 2738 4480 de
2770 4425 3032 4482 Semente.
3056 4453 3128 4464 -
3166 4420 3522 4478 Felckmanni
3552 4419 3750 4476 lectio-

2163 4504 2328 4572 nibus
2352 4495 2896 4572 codicis_Anglic_ani.
2932 4564 2969 4572 _
3453 4561 3487 4572 ﬂ
3545 4559 3581 4572 __
3623 4560 3634 4572 ,

2236 4571 2305 4626 1η
2331 4571 2466 4624 illud
2508 4559 2798 4625 :ProlYecti
2844 4566 2898 4618 in
2932 4564 3160 4634 Pagum,
3185 4572 3294 4634 etc.
3337 4595 3404 4604 -—
3447 4559 3748 4634 Codicibus

2163 4641 2336 4713 Regio
2363 4640 2526 4713 2284,
2559 4651 2614 4694 et
2664 4631 3033 4713 Segueriano,
3051 4644 3105 4690 et
3147 4633 3498 4689 Felckmanni
3549 4631 3749 4686 lectio-

2163 4707 2330 4768 nih'us
2364 4712 2616 4766 codicum
2647 4709 2739 4783 qui
2768 4707 3042 4783 superius.
3253 4772 3286 4783 _
3516 4769 3554 4783 ﬁ
3654 4771 3668 4783 .
3711 4769 3724 4783 .

2240 4783 2306 4836 In
2357 4769 2678 4836 sermonem.
2701 4781 2755 4832 in
2813 4769 3120 4830 [iussionem
3155 4782 3207 4829 et
3244 4772 3482 4828 Crucem.
3511 4769 3742 4827 Domini.

2165 4884 2235 4896 —
2259 4853 2463 4908 Codice
2505 4851 2677 4922 Regio
2701 4846 2864 4902 2284.
2898 4843 2965 4901 Ει
3014 4843 3368 4902 Felckmanni
3416 4841 3746 4897 lectionibus

2165 4922 2528 5048 llmli‘ﬁnllibrum
2555 4990 2620 5044 de
2653 4989 2987 5060 Virginitate.
3009 5017 3081 5026 —
3111 4983 3466 5041 Felckmanni
3489 4981 3748 5040 lectioni-

2167 5065 2271 5120 bus
2295 5063 2508 5118 iisdem.

2240 5135 2307 5189 ιη
2342 5133 2606 5203 Synopsin
2631 5130 2920 5203 Scriptura:
2935 5142 3134 5203 sacrm.
3155 5157 3230 5203 —_—
3263 5126 3381 5203 U_no
3409 5131 3620 5203 tantum
3647 5137 3745 5203 co-

2169 5206 2290 5262 dice
2319 5193 2406 5258 usi
2451 5193 2578 5257 sunt
2624 5193 3047 5256 Commeliniani
3089 5199 3195 5268 qui
3231 5199 3384 5268 prius
3429 5193 3741 5257 ediderunt,

2169 5275 2338 5330 codex
2365 5275 2478 5342 jam
2514 5272 2602 5344 ubi
2635 5277 2812 5344 exstet
2839 5267 3140 5336 ignoratur.
3173 5267 3254 5344 Ad
3286 5272 3748 5344 postremumar-

2171 5333 2396 5400 ticulum
2428 5343 2523 5412 qui
2562 5343 2752 5394 Latine
2775 5333 2991 5412 tanjum
3025 5333 3351 5412 exstabat'in
3376 5335 3530 5412 prius
3555 5333 3742 5412 editis,

2169 5417 2254 5472 usi
2288 5405 2482 5470 sumus
2520 5412 2804 5466 codicibus
2854 5406 3208 5476 Regiii1807,
3239 5405 3746 5476 etgxscriptoalio

2171 5502 2201 5540 a
2234 5485 2294 5540 Ι).
2325 5482 2528 5538 Jacobo
2547 5481 2658 5535 Mill
2681 5473 2965 5550 principali
2991 5476 3200 5546 collegii
3231 5473 3748 5530 S.Edmundi010-

2169 5570 2396 5610 lllCllSlS.

2246 5625 2314 5678 In
2353 5622 2780 5690 Disputationem
2824 5631 3042 5690 contra“
3058 5617 3263 5690 ﬁniunt
3289 5615 3606 5690 inconcilio
3631 5618 3750 5690 Ni-

2173 5686 2710 5748 cwno.—-C'odicibus
2733 5691 2918 5760 Regiis
2940 5687 3104 5760 2538,
3127 5686 3467 5760 2892,2910,
3485 5697 3539 5740 et
3553 5686 3746 5760 Felck-

2174 5763 2362 5818 manni
2401 5763 2730 5817 lectionibus
2768 5757 3018 5830 codicum
3050 5757 3392 5830 Basiliensis,
3419 5757 3746 5830 Augustani,

2179 5833 2482 5904 Anglicani,
2517 5829 2830 5888 Felckman.
2867 5831 2890 5884 Ι
2915 5869 2929 5896 ,
2959 5828 3014 5894 2,
3044 5835 3097 5884 et
3124 5826 3458 5884 Gobleriani.
