4048 6406
482 365 554 422 ss
1617 366 1674 424 s.
1715 359 2176 426 ATHANASIUS.
2213 391 2284 410 -υ
2313 336 2553 423 punis;
3673 345 3767 424 st’

682 727 1387 823 ADMONITIO
1463 729 1592 817 IN
1670 731 2283 823 LIBELLUM
2362 731 2510 820 DE
2591 726 3548 820 INCARNATIONE.

563 1038 793 1098 Grandis
820 1057 853 1094 α
880 1037 1061 1092 multis
1089 1041 1232 1090 retro
1260 1037 1474 1092 sreculis
1501 1037 1604 1108 [uit
1631 1039 1696 1094 de
1723 1042 1820 1094 hoc
1847 1043 2101 1110 opusculo
2128 1041 2507 1098 controversia.
2543 1038 2690 1094 Nam
2728 1054 2848 1093 cum
2884 1037 3023 1091 inter
3055 1034 3244 1108 Cyrilli
3275 1053 3436 1108 opera
3465 1038 3754 1097 Athanasii

491 1141 700 1196 nomine
727 1143 1048 1205 compareat,
1086 1143 1136 1188 et
1167 1131 1624 1206 Eutychianorum
1654 1137 1844 1192 htcresi
1881 1141 2210 1208 patrocinari
2259 1139 2522 1204 uideatur,
2556 1137 2677 1190 hinc
2720 1133 3037 1204 Eutychiani
3075 1144 3386 1204 argumenta
3437 1137 3491 1190 in
3527 1153 3749 1192 suarum

490 1233 722 1304 partium
766 1225 1060 1282 subsidium
1106 1228 1336 1280 mutuati
1369 1236 1530 1289 sunt;
1562 1227 1660 1280 alii
1690 1237 1877 1282 contra
1925 1230 2254 1300 pugnabant,
2310 1229 2504 1284 librum
2555 1244 2659 1283 non
2715 1224 2998 1280 Athanasii
3048 1224 3138 1277 sed
3190 1225 3420 1280 haeretici
3471 1230 3751 1298 cujusdam

493 1322 845 1381 Athanasium
875 1318 1206 1376 ementientis
1237 1331 1369 1378 esse,
1401 1324 1451 1368 et
1480 1315 1741 1369 insertum
1785 1317 1952 1386 fuisse
1996 1318 2051 1372 in
2081 1315 2273 1388 Cyrilli
2306 1317 2587 1388 epistolam
2619 1315 2688 1370 ad
2721 1313 2970 1383 Reginus.
3007 1313 3140 1368 Haec
3175 1327 3296 1369 sunt
3325 1314 3524 1387 Cyrilli
3543 1321 3698 1374 verba
3735 1335 3750 1375 τ

491 1422 614 1478 Ὅτι
637 1421 694 1476 δὲ
725 1421 821 1475 καὶ
860 1421 896 1490 ὴ
937 1415 1187 1478 θεοτόκος
1224 1414 1375 1484 φωνὴ
1419 1411 1515 1466 καὶ
1553 1413 1738 1476 αὐτοῖς
1776 1412 1967 1482 γέγονε
2001 1413 2237 1487 συνήθης
2269 1419 2381 1479 τοῖς
2415 1414 2520 1484 πρὸ
2555 1411 2711 1484 ἡμῶν
2752 1411 2926 1480 ἁγίοις
2957 1407 3246 1478 πατράσιν,
3285 1407 3335 1460 οἳ
3371 1410 3462 1462 καὶ
3501 1411 3588 1464 ἐπ’
3615 1411 3750 1484 ὀρθῇ

490 1511 860 1586 θαυμάζονται
889 1510 1091 1567 πίστει,
1128 1507 1222 1560 καὶ
1247 1507 1327 1568 εἰς
1349 1503 1508 1577 δεῦρο
1535 1507 1669 1558 πᾶσι
1693 1507 1808 1569 τοῖς
1831 1504 1933 1559 ἀνὰ
1966 1508 2168 1570 πᾶσαν,
2193 1507 2270 1571 ὡς
2299 1506 2429 1570 ἔπος
2455 1507 2648 1569 εἰπεῖν,
2678 1504 2776 1576 τὴν
2806 1504 2896 1557 ὑπ’
2921 1500 3166 1574 οὐρανὸν,
3197 1499 3306 1552 δεῖν
3330 1499 3515 1572 ᾠήθην
3539 1502 3753 1573 ἀληθῶς

491 1611 789 1681 ἀποφῆναι.
827 1610 945 1663 Ἵνα
969 1607 1078 1678 γὰρ
1114 1604 1187 1676 μὴ
1230 1602 1445 1674 δοκοίην
1478 1603 1540 1656 τὸ
1572 1604 1654 1666 εἰς
1693 1601 1817 1656 νοῦν
1846 1598 1981 1675 ἦχον
2014 1603 2202 1668 ἁπλῶς
2246 1603 2624 1666 ἀϐασανίστως
2653 1602 2851 1672 λέγειν,
2888 1601 2954 1653 ὲκ
2983 1599 3092 1652 τῶν
3115 1599 3341 1663 ἐκείνοις
3373 1601 3754 1674 πεποιημένων

493 1699 710 1770 βιϐλίων
738 1699 795 1750 ὲν
823 1701 892 1770 τῇ
937 1691 1234 1764 Ἐκκλησία
1261 1691 1330 1745 τὰ
1372 1693 1453 1756 είς
1481 1691 1639 1744 τοῦτο
1667 1693 1914 1763 χρήσιμα
1961 1691 2410 1760 συνεισενεγκὼν,
2467 1691 2562 1744 καὶ
2600 1689 2866 1763 παραθεὶς
2912 1689 2992 1750 εἰς
3034 1685 3326 1749 ἀπόδειξιν,
3361 1689 3755 1761 κατασφραγιῶ

491 1795 574 1856 εἰς
605 1791 863 1862 ἀλήθειαν
889 1790 1014 1851 τοὺς
1042 1782 1279 1857 ἐμαυτοῦ
1308 1782 1518 1852 λόγους.
1552 1783 1695 1853 Ἔφη
1719 1782 1900 1838 τοίνυν
1927 1783 2004 1847 ὡς
2032 1782 2250 1854 ἀληθῶς
2273 1784 2302 1835 ό
2326 1782 2724 1856 τρισμακάριος
2749 1780 2842 1834 καὶ
2868 1777 3150 1848 διαϐόητος
3175 1778 3253 1840 εἰς
3282 1777 3560 1834 εὐσέϐειαν
3597 1780 3756 1834 Ἀθαο

489 1880 692 1943 νάσιος,
737 1879 766 1931 ό
793 1877 1085 1947 γενόμενος
1113 1877 1254 1931 κατὰ
1285 1880 1512 1951 καιροὺς
1539 1879 1640 1950 τῆς
1680 1880 2074 1952 Ἀλεξανδρέων
2124 1880 2456 1951 Ἐκκλησίας
2485 1879 2804 1942 ἐπίσκοπος,
2832 1881 2891 1932 ὲν
2933 1875 3015 1946 τῷ
3055 1873 3197 1942 Περὶ
3226 1875 3583 1944 σαρκώσεως
3613 1877 3756 1951 λόγῳ

491 1973 622 2044 περὶ
660 1969 896 2044 Χριστοῦ
945 1969 1092 2024 τάδε.
1138 1966 1207 2022 Id
1235 1978 1311 2022 est
1346 1984 1364 2022 :
1393 1967 1550 2036 Quod
1591 1980 1771 2024 autem
1802 1986 1927 2035 vox,
1959 1968 2210 2040 Deipara,
2245 1970 2451 2026 sanctis
2483 1967 2742 2023 Patribus
2779 1965 2874 2036 qui
2924 1980 3025 2020 nos
3057 1974 3421 2029 antecessere,
3456 1970 3659 2039 quique
3685 1970 3757 2026 ob

489 2073 697 2120 rectam
733 2079 889 2121 suam
921 2061 1102 2127 ﬁdem,
1140 2078 1252 2118 non
1285 2065 1405 2120 sine
1435 2065 1798 2122 admiratione
1825 2067 2145 2136 laudantur,
2185 2067 2528 2139 frequentata
2581 2066 2766 2130 fuerit,
2805 2078 3018 2121 necnon
3055 2062 3120 2118 ad
3161 2063 3264 2118 hoc
3311 2081 3486 2135 usque
3514 2073 3754 2138 tempus,

491 2171 591 2229 per
626 2164 826 2221 totum,
877 2163 938 2210 ut
971 2155 1048 2210 ita
1091 2156 1296 2220 dicam,
1343 2155 1532 2211 orbem
1580 2165 1852 2212 terrarum
1889 2157 1943 2212 in
1982 2173 2084 2213 usu
2127 2159 2219 2219 sit,
2265 2154 2735 2227 comprobandum
2765 2170 2888 2211 esse
2931 2158 3263 2217 existimavi.
3291 2159 3367 2215 Ne
3397 2161 3588 2216 videar
3610 2164 3756 2220 enim

490 2259 702 2307 temere
743 2257 797 2305 et
827 2248 1233 2306 inconsiderate
1263 2251 1411 2323 quod
1438 2253 1496 2306 in
1528 2261 1764 2308 mentem
1799 2255 1951 2309 venit
1979 2251 2213 2319 ell'utire,
2245 2251 2586 2324 argumentis
2619 2251 2832 2306 idoneis
2859 2267 2926 2307 ex
2957 2253 3114 2308 libris
3141 2270 3283 2324 quos
3311 2256 3389 2311 illi
3422 2257 3476 2311 in
3510 2256 3755 2314 Ecclesia

489 2359 849 2415 composuere
885 2344 1170 2408 mutuatis,
1201 2345 1506 2400 orationem
1543 2360 1716 2400 meam
1757 2346 1826 2401 ad
1853 2347 1930 2402 rei
1961 2345 2117 2400 tidem
2145 2345 2470 2415 obsignabo.
2499 2344 2588 2398 Ait
2613 2344 2778 2414 igitur
2809 2345 3166 2402 beatissimus
3197 2361 3260 2402 ac
3289 2348 3506 2419 pietatis
3538 2351 3760 2406 nomine

491 2437 886 2492 celeberrimus
915 2435 1276 2497 Athanasius,
1304 2435 1434 2490 olim
1463 2435 1850 2491 Alexandriam
1883 2435 2142 2492 Ecclesia:
2165 2435 2462 2507 episcOpus
2502 2435 2557 2489 in
2603 2435 2748 2490 libro
2789 2435 2866 2490 De
2899 2435 3299 2505 Incarnatione,
3329 2441 3396 2496 de
3418 2439 3642 2496 Christo
3676 2440 3760 2496 lo-

491 2541 690 2598 quens,
734 2525 995 2582 istbtec...
1031 2524 1302 2595 Aﬁertque
1331 2523 1522 2578 exinde
1548 2525 1841 2578 maximam
1871 2535 2074 2594 partem
2103 2524 2364 2592 opusculi.
2398 2523 2541 2590 Quia
2577 2540 2696 2579 vero
2725 2525 2877 2579 initio
2908 2525 3074 2584 libelli
3104 2531 3301 2586 dicitur
3330 2533 3384 2586 in
3414 2531 3628 2587 Christo
3655 2548 3758 2586 non

487 2621 628 2677 duris
667 2639 782 2677 esse
823 2631 1046 2676 naturas
1093 2620 1185 2674 sed
1222 2637 1383 2675 unam
1437 2629 1686 2673 naturam
1720 2621 2080 2684 incarnatam,

2159 2619 2260 2674 ιίαν
2289 2619 2450 2690 φύσιν
2480 2619 2926 2692 σεσαρκωμένην,
2948 2620 3060 2678 haec
3096 2625 3414 2697 Eutychiani
3459 2628 3514 2681 in
3557 2626 3757 2698 synodo

491 2715 908 2773 Chalcedonensi
939 2715 1229 2787 aﬂ'erebant
1261 2729 1315 2786 p.
1353 2713 1478 2778 181,
1515 2715 1592 2768 sic
1620 2731 1638 2768 :
1682 2713 1824 2784 Ἐγὼ
1859 2715 1916 2768 δὲ
1961 2717 2089 2788 χρή(

2162 2733 2191 2779 ς
2239 2715 2348 2786 ἔχω
2394 2714 2502 2770 τῶν
2544 2715 2714 2784 ἁγίων
2747 2715 3022 2788 πατέρων,
3069 2717 3406 2782 Ἀθανασὶου,
3433 2719 3758 2790 Γρηγορίου,

490 2809 786 2882 Κυρίλλου,
817 2809 876 2862 ὲν
910 2808 1124 2872 πολλοῖς
1149 2807 1362 2873 τόποις,
1389 2807 1470 2862 ὅτι
1501 2809 1562 2862 οὐ
1601 2807 1683 2862 δεῖ
1709 2808 1892 2878 λέγειν
1937 2809 2077 2881 μετὰ
2113 2808 2213 2881 τὴν
2252 2810 2449 2864 ἕνωσιν
2481 2809 2574 2862 δύο
2613 2809 2822 2880 φύσεις,
2868 2809 3006 2865 ἀλλὰ
3040 2809 3168 2881 μίαν
3204 2811 3636 2882 σεσαρκωμένην
3663 2807 3759 2863 τοῦ

493 2905 670 2975 Λόγου
699 2905 883 2976 φύσιν.
917 2903 1036 2960 Hoc
1057 2913 1136 2960 est
1165 2917 1184 2956 :
1219 2903 1333 2974 Ego
1364 2919 1498 2959 vero
1521 2919 1623 2959 usu
1657 2915 1971 2960 sanctorum
2004 2903 2252 2968 Patrum,
2281 2904 2587 2969 Athanasii,
2622 2902 2897 2975 Gregorii,
2931 2905 3122 2978 Cyrilli
3157 2909 3210 2964 in
3247 2910 3435 2964 multis
3463 2909 3598 2964 locis
3631 2923 3760 2976 pro-

492 2996 628 3054 bare
655 3014 904 3070 possum,
947 3013 1056 3054 non
1091 2998 1359 3056 dicendas
1389 3017 1514 3058 esse
1553 3010 1678 3073 post
1711 3003 1970 3057 unionem
1994 3003 2133 3059 duas
2159 3011 2410 3070 naturas,
2442 3003 2537 3059 sed
2581 3019 2744 3058 unam
2775 2991 3116 3059 incarnatam
3148 3005 3311 3061 Verbi
3341 3014 3611 3068 naturam.
3646 3008 3684 3060 Α
3697 3005 3759 3060 lii

496 3095 778 3148 adversum
809 3092 1192 3148 contendebant
1223 3092 1462 3149 libellum
1503 3095 1788 3150 Athanasii
1818 3113 1925 3152 non
1950 3114 2084 3161 esse,
2121 3097 2213 3152 sed
2241 3097 2632 3168 supposititium
2661 3107 2710 3152 et
2739 3097 2983 3169 qumdam
3009 3098 3165 3171 hujus
3191 3100 3316 3155 libri
3343 3117 3460 3172 qua’
3489 3117 3521 3153 a
3555 3098 3762 3171 Cyrills

495 3185 812 3252 laudantur,
835 3185 1034 3239 inserta
1059 3183 1123 3238 ab
1149 3184 1410 3241 ltwreticis
1437 3186 1602 3256 fuisse
1624 3189 1678 3242 in
1704 3188 1946 3258 operibus
1971 3187 2164 3260 Cyrilli
2189 3191 2396 3245 nomine
2424 3189 2727 3245 Athanasii.
2753 3190 2895 3245 Audi
2917 3189 3191 3247 Leontium
3213 3192 3526 3248 aduocatum
3550 3193 3766 3264 Byzan-

494 3285 668 3341 tinum
703 3283 780 3338 De
820 3281 1012 3348 sectis,
1039 3281 1246 3336 actione
1277 3289 1485 3338 octava.
1532 3283 1732 3354 Aliam,
1776 3286 1970 3356 inquit,
2015 3285 2298 3357 proferunt
2341 3287 2726 3343 auctoritatem
2773 3287 2949 3343 sancti
2993 3286 3278 3341 Athanasii
3308 3300 3373 3340 ex
3402 3287 3650 3339 oratione
3689 3283 3766 3339 De

495 3378 900 3442 Incarnatione,
933 3391 1057 3449 qua
1082 3375 1304 3448 quidem
1337 3375 1654 3446 bujusmodi
1680 3384 1767 3432 est
1803 3397 1816 3433 :
1853 3378 2108 3434 eumdem
2141 3393 2267 3435 esse
2308 3376 2403 3434 Dei
2442 3377 2666 3442 Filium,
2715 3379 2928 3434 ratione
2959 3377 3210 3447 spiritus,
3241 3387 3296 3430 et
3323 3375 3564 3431 hominis
3595 3375 3766 3430 lilium

495 3472 710 3528 ratione
738 3469 923 3525 carnis
949 3485 965 3522 :
991 3483 1100 3523 non
1123 3467 1262 3522 duas
1281 3473 1510 3523 naturas
1541 3483 1710 3524 unum
1734 3467 1888 3524 illum
1915 3467 2114 3524 Filium
2147 3489 2159 3524 :
2188 3484 2420 3541 quarum
2451 3485 2562 3525 una
2591 3471 2666 3525 sit
2688 3470 2984 3530 adoranda.
3015 3483 3123 3525 non
3149 3467 3430 3523 adoranda
3459 3466 3529 3522 sit
3550 3466 3722 3521 altera
3747 3484 3763 3522 :

495 3564 590 3624 sed
615 3579 778 3620 unam
793 3571 1069 3620 naturam.
1093 3560 1188 3618 Dei
1213 3562 1482 3618 sermonis
1501 3563 1864 3620 incarnatam.
1881 3561 2295 3634 Respondemus
2315 3565 2490 3636 primo
2505 3566 2712 3622 dictum
2730 3566 2832 3620 hoc
2848 3565 3008 3620 nobis
3029 3579 3136 3620 non
3151 3561 3456 3620 adversari.
3473 3560 3587 3615 Non
3612 3561 3763 3616 enim

495 3662 634 3719 duas
662 3669 888 3717 naturas
909 3660 980 3714 ita
1001 3660 1271 3714 tradimus
1291 3668 1351 3712 ut
1369 3656 1626 3714 adoretur
1638 3675 1766 3725 una,
1789 3675 1897 3715 non
1916 3659 2175 3716 adoretur
2198 3661 2400 3716 altera:
2420 3661 2514 3716 sed
2531 3676 2694 3716 unam
2709 3658 3004 3716 statuimus
3019 3672 3142 3713 esse
3158 3663 3409 3710 naturam
3443 3652 3536 3708 Dei
3555 3668 3768 3709 sermo-

494 3755 584 3812 nis
607 3757 969 3812 incarnatam.
993 3753 1197 3809 Deinde
1217 3771 1285 3810 ne
1297 3753 1518 3824 quidem
1543 3766 1628 3812 est
1643 3755 1931 3813 Athanasii
1955 3771 2114 3821 ;nam
2136 3771 2262 3811 cum
2278 3771 2308 3810 a
2333 3756 2492 3811 nobis
2509 3756 2938 3826 interrogantur,
2960 3752 3052 3808 ubi
3082 3751 3290 3807 dictum
3305 3749 3411 3804 hoc
3438 3756 3647 3816 exstet;
3667 3763 3770 3803 nec

494 3852 618 3920 eius
644 3850 970 3907 ostendendi
995 3851 1212 3920 copiam
1236 3850 1437 3906 habent
1470 3869 1484 3906 :
1516 3852 1572 3906 in
1601 3859 1814 3906 arctum
1838 3853 2020 3908 coacti
2050 3853 2309 3924 pusillam
2335 3851 2630 3923 quamdam
2657 3853 2962 3907 orationem
2990 3847 3306 3921 proferunt,
3347 3844 3506 3916 quasi
3532 3844 3772 3900 duorum

496 3945 780 4010 foliorum,
815 3945 872 3998 in
911 3957 1021 4014 qua
1059 3943 1266 3998 dictum
1299 3945 1403 3999 hoc
1437 3945 1654 4015 legitur.
1683 3947 1754 4001 At
1784 3956 1975 4002 notum
2007 3956 2093 4004 est
2119 3947 2394 4002 universis
2421 3947 2606 4001 omnia
2645 3947 2822 4002 sancti
2857 3941 3145 4000 Athanasii
3180 3955 3349 4012 opera
3380 3940 3539 3995 valde
3575 3951 3774 4010 magna

496 4059 642 4101 esse.
677 4039 818 4106 Quid
847 4047 1026 4092 autem
1059 4037 1127 4090 ad
1165 4039 1270 4092 hoc
1306 4038 1784 4107 respondebimus,
1824 4037 1974 4110 quod
2010 4037 2230 4093 beatum
2261 4037 2525 4108 Cyrillum
2557 4036 2886 4108 producunt,
2926 4040 3188 4092 citantem
3239 4035 3347 4090 hoc
3389 4033 3598 4090 dictum
3634 4035 3776 4090 libro

500 4135 768 4188 Adversus
810 4129 1168 4193 Theodorum,
1204 4131 1365 4200 quasi
1411 4132 1721 4202 profectum
1769 4133 1839 4190 ab
1879 4132 2224 4188 Athanasio?
2260 4130 2528 4185 Nimirum
2575 4131 2834 4199 dicimus,
2879 4146 3074 4203 reapse
3109 4130 3332 4201 quidem
3365 4129 3500 4184 illud
3535 4129 3592 4182 in
3631 4127 3775 4183 beati

497 4230 687 4303 Cyrilli
716 4227 920 4284 Contra
950 4225 1280 4280 Theodorum
1311 4225 1600 4284 invectivis
1635 4229 1737 4299 legi
1766 4247 1780 4284 :
1823 4229 1919 4285 sed
1952 4227 2212 4284 mendum
2243 4241 2368 4282 esse
2397 4226 2662 4298 priscum.
2697 4225 2996 4282 Dioscorus
3033 4226 3204 4290 enim,
3240 4238 3532 4280 successor
3566 4220 3628 4275 Β.
3669 4222 3776 4293 Cy-

498 4322 609 4378 rilli
652 4321 850 4386 factus,
883 4338 1007 4376 cum
1041 4321 1162 4392 ejus
1207 4332 1378 4392 opera
1423 4325 1740 4394 reperisset,
1793 4324 1936 4379 forte
1974 4338 2085 4378 non
2119 4322 2327 4378 veritus
2371 4329 2456 4378 est
2487 4303 2730 4378 inserere
2760 4322 3046 4390 nonnulla,
3088 4337 3210 4394 quae
3247 4321 3350 4391 ipsi
3380 4319 3613 4373 lubitum
3650 4317 3774 4373 fuit.

499 4411 688 4484 Neque
716 4428 849 4468 vero
879 4413 1215 4483 conjecturis
1246 4428 1349 4468 nos
1380 4415 1541 4470 modo
1571 4415 1692 4479 niti,
1729 4416 1877 4486 quod
1927 4414 1988 4469 Β.
2034 4413 2276 4487 Cyri-llus
2314 4413 2448 4468 illud
2492 4419 2687 4468 contra
2726 4411 3074 4468 Theodorum
3107 4407 3216 4466 non
3247 4407 3588 4480 produxerit,
3617 4421 3683 4460 ex
3713 4421 3778 4460 eo

501 4517 722 4574 quoque
757 4503 1112 4560 manifestum
1139 4513 1244 4564 est.
1281 4507 1417 4564 Nam
1449 4509 1833 4570 Theodorctus
1871 4514 1968 4585 qui
2004 4511 2358 4568 Theodorum
2398 4510 2748 4575 defendebat,
2783 4509 3074 4565 universas
3114 4506 3472 4562 auctoritates
3508 4503 3775 4566 refutans,

500 4609 863 4665 quascunque
891 4605 1114 4652 sanctus
1135 4597 1376 4669 Cyrillus
1411 4611 1602 4658 contra
1627 4603 1976 4662 Theodorum
2009 4606 2080 4663 de
2109 4605 2316 4661 sanctis
2344 4603 2604 4660 Patribus
2632 4603 2957 4674 protulerat,
2986 4613 3258 4670 nusquam
3289 4597 3456 4666 hujus
3487 4594 3619 4650 dicti
3664 4607 3780 4647 me-

501 4687 682 4742 minit.
710 4693 781 4741 At
812 4688 956 4742 euim
993 4689 1082 4743 isti
1119 4689 1390 4757 referunt,
1413 4710 1444 4746 a
1476 4692 1821 4751 Theodoreto
1851 4697 2052 4752 callide
2084 4697 2390 4762 omissum;
2418 4692 2564 4764 quod
2595 4693 2742 4750 enim
2794 4691 3060 4746 adversus
3089 4703 3210 4744 eam
3241 4683 3628 4741 auctoritatem
3644 4695 3780 4736 ocu-

500 4781 570 4837 lis
593 4780 842 4851 aSpicere
870 4795 979 4834 non
1008 4791 1217 4852 posset,
1261 4791 1323 4838 ut
1356 4784 1650 4841 admodum
1683 4789 1900 4860 planam
1925 4795 1980 4844 et
2005 4799 2250 4858 apertam
2273 4829 2288 4853 ,
2330 4788 2540 4844 idcirco
2574 4793 2771 4854 sponte
2803 4783 2872 4838 ab
2899 4783 3020 4853 ipso
3049 4777 3498 4851 praetermissam.
3529 4774 3782 4845 Respon-

499 4875 716 4940 demus,
753 4880 968 4929 tantum
1003 4876 1198 4932 abesse
1229 4887 1290 4934 ut
1325 4880 1868 4948 caniTheodoretus
1891 4883 1964 4962 ibi
1995 4884 2230 4953 positam
2275 4883 2558 4954 praeterire
2596 4879 2853 4943 voluerit,
2891 4884 2950 4931 ut
2981 4890 3108 4930 cum
3140 4873 3202 4930 Β.
3244 4872 3336 4928 ille
3369 4870 3612 4944 Cyrillus
3648 4868 3780 4962 alibi

500 4965 751 5029 dixisset,
776 4979 942 5020 unam
975 4975 1228 5024 naturam
1275 4969 1369 5026 Dei
1403 4973 1674 5028 sermonis
1717 4973 2084 5037 incarnatam,
2126 4973 2400 5043 siquidem
2433 4970 2688 5028 scivisset
2715 4967 3092 5023 Tbeodorctus
3120 4967 3175 5022 id
3203 4966 3430 5022 verbum
3458 4963 3604 5033 quod
3635 4961 3782 5032 apud

502 5055 768 5128 Cyrillum
795 5066 998 5124 exstat,
1024 5077 1093 5117 ex
1119 5073 1310 5120 sancto
1344 5066 1646 5122 Anathasio
1673 5068 1929 5133 citatum,
1970 5083 2318 5140 nequaquam
2344 5067 2482 5122 adeo
2515 5076 2718 5120 temere
2739 5064 2994 5118 dicturus
3019 5059 3185 5116 fuerit
3213 5081 3228 5117 :
3260 5061 3398 5127 Quis
3427 5060 3526 5114 tibi
3550 5057 3781 5113 Patrum

503 5147 642 5202 dixit
671 5163 836 5202 unam
870 5162 1120 5210 naturam
1150 5156 1248 5214 Dei
1277 5162 1550 5218 sermonis
1582 5163 1966 5218 incarnatam?
1990 5161 2248 5219 Vicissim
2281 5164 2558 5235 ingerunt,
2605 5167 2716 5213 tam
2763 5172 2886 5212 esse
2913 5165 3127 5211 certum
3160 5157 3390 5214 scivisse
3421 5154 3501 5209 sic
3531 5152 3777 5214 iocututn

505 5241 902 5298 Athanasium:
947 5256 1008 5301 ut
1047 5251 1214 5306 etiam
1254 5251 1491 5320 dixerit;
1525 5254 1990 5324 quemadmodum
2033 5253 2225 5310 Patres
2263 5253 2434 5309 locuti
2469 5259 2618 5307 sunt.
2659 5248 2771 5304 Nos
2800 5256 3016 5314 contra,
3048 5263 3323 5319 quemque
3355 5246 3594 5302 dicimus
3622 5248 3779 5318 eniti,

507 5345 567 5388 ut
591 5338 868 5405 ostendat,
907 5357 938 5396 a
967 5341 1224 5401 Patribus
1252 5363 1315 5403 ea
1349 5350 1582 5418 prolata,
1615 5365 1736 5419 quae
1773 5351 1889 5418 ipse
1921 5349 2118 5406 tradat.
2161 5351 2206 5403 si
2255 5363 2363 5402 non
2405 5345 2613 5402 eisdem
2651 5343 2854 5406 verbis,
2903 5341 3097 5395 saltem
3129 5341 3182 5394 vi
3223 5338 3517 5392 verborum
3563 5335 3778 5392 eadem.

511 5429 643 5486 llaec
669 5432 1006 5504 longiuscula
1035 5440 1158 5496 licet
1189 5460 1217 5497 e
1247 5461 1304 5498 re
1341 5444 1444 5514 fuit
1478 5445 1562 5498 hic
1606 5447 1819 5516 afferre,
1856 5456 1914 5497 ut
1958 5444 2133 5498 videat
2178 5443 2418 5497 eruditus
2467 5440 2652 5500 lector,
2698 5439 2753 5491 in
2792 5452 2894 5506 quo
2925 5435 3149 5506 quaestio
3179 5429 3490 5501 hujusmodi
3517 5430 3622 5484 sita
3651 5434 3780 5484 olim

509 5530 689 5599 fuerit.
722 5531 793 5586 Et
820 5551 948 5590 sane
976 5549 1097 5592 sunt
1127 5557 1246 5610 quae
1283 5543 1419 5612 forte
1460 5544 1722 5598 suadeant
1763 5560 1824 5597 ea
1863 5557 1982 5612 qui:
2002 5542 2244 5609 superius
2273 5555 2339 5593 ea.
2368 5534 2572 5606 Cyrillo
2607 5534 2912 5595 attulimus,
2942 5544 3062 5583 cum
3091 5523 3336 5577 oratione
3365 5519 3649 5612 Athanasii
3681 5535 3779 5612 no-

511 5627 654 5680 mine
691 5626 1036 5700 subsequente
1065 5610 1290 5706 adjectai
1318 5635 1514 5707 Cyrilli
1561 5634 1798 5705 epistola:
1830 5610 2018 5702 fuisse.
2070 5629 2215 5684 Nam
2261 5630 2339 5682 uti
2375 5641 2539 5694 supra
2569 5625 2768 5678 dicitur
2798 5638 2915 5693 qua:
2943 5619 3245 5688 afferuntur
3276 5627 3342 5667 ea:
3367 5611 3666 5707 Athanasio
3701 5610 3777 5666 De

515 5717 916 5784 lncarnatione,
949 5723 1018 5776 ad
1047 5705 1203 5782 unius
1227 5705 1379 5781 vocis
1402 5725 1652 5786 Θεοτόκος
1689 5739 1844 5776 usum
1873 5717 2323 5789 comprobandum
2353 5714 2695 5770 adducuntur
2728 5713 2781 5764 in
2813 5707 3072 5771 medium;
3103 5709 3243 5762 unde
3282 5707 3510 5775 fortasse
3537 5705 3780 5760 videatur

513 5808 700 5866 inutile
747 5811 914 5882 fuisse
947 5817 1136 5888 a/ferre
1175 5830 1340 5876 totum
1389 5836 1516 5889 pene
1557 5818 1812 5886 libellum,
1854 5831 1973 5869 cum
2010 5815 2240 5866 maxime
2291 5810 2389 5868 sub
2424 5809 2634 5866 initium
2668 5807 2930 5860 duntaxat
2979 5817 3079 5856 uox
3125 5803 3220 5857 illa
3264 5802 3536 5865 Θεοτόκος,
3569 5800 3634 5855 de
3675 5817 3779 5872 qua
