4048 6406
247 359 323 413 25
1363 360 1452 416 DE
1490 359 2013 418 INCARNATIONE
2051 358 2161 414 DEI
2200 355 2431 413 VERBI.
3230 406 3247 413 -
3504 354 3580 408 26

249 477 514 544 quintio,
572 485 923 545 compareat.
975 472 1127 530 Certe
1172 474 1407 546 Cyrillus
1447 476 1501 529 in
1547 476 1776 544 epistola
1825 474 1895 528 ad
1946 474 2199 528 Acacium
2246 470 2594 535 Berwensem,
2623 471 2715 524 ubi
2742 468 2806 524 de
2838 485 2937 522 usu
2972 466 3111 521 vocis
3145 466 3406 553 Θεοτόκος
3435 469 3579 536 apud

252 567 454 620 Patres
489 568 781 635 loquitur,
816 565 1088 638 Εὑρίσκω,
1123 566 1220 628 ait,
1257 567 1316 618 ὲν
1346 567 1692 635 συγγραφαῖς
1725 564 1850 617 καὶι

1982 562 2064 633 τῆς
2093 561 2342 631 ἀοιδίμου
2381 563 2602 632 μνήμης
2635 558 2933 612 ἐπίσκοπον
2975 554 3294 610 Ἀθανάσιον
3321 556 3580 611 αιεελειστόι⁴

248 669 333 718 xi;
369 656 559 725 αὐτὴν
588 656 955 726 ὀνομάσαντα
985 653 1261 707 Θεοτόκον.
1306 653 1599 721 Comperio
1632 667 1846 721 namqut

1980 650 2146 704 lebris
2178 650 2459 702 memoria:
2501 648 2818 717 episcopum
2869 647 3231 701 Athanasium
3266 645 3322 700 in
3358 648 3578 717 scriptis

248 748 367 802 suis
416 748 646 817 Szl'pills
693 749 857 801 illam
906 747 1187 817 Deiparam
1216 748 1539 817 appellasse.
1581 745 1698 800 Uno
1727 745 1882 800 verbo
1907 745 2258 814 complectens
2291 744 2387 797 illa
2426 761 2543 813 qua:
2593 741 2718 797 bene
2763 742 2934 796 multa
2976 751 3190 796 exstant
3218 741 3288 810 [in
3330 744 3577 812 operibus

246 840 549 893 Athanasii
578 843 933 896 testimonia.
965 841 1102 908 Quid
1126 858 1302 895 causa:
1328 843 1491 911 igitur
1519 854 1600 895 est
1630 841 1769 912 quod
1795 842 1847 894 in
1871 840 2104 910 epistola
2125 839 2193 894 ad
2221 841 2452 911 reginas,
2485 850 2653 894 totum
2678 855 2804 907 pene
2829 834 3068 891 libellum
3098 836 3174 892 De
3196 836 3577 896 lncarnatiouc

244 949 339 1001 pro
374 950 505 987 voce
537 933 652 987 illa
687 934 963 998 Θεοτόκος
1002 933 1367 1003 conﬁrmanda
1402 934 1593 1002 alferat
1619 935 1642 987 ?
1670 951 1897 1004 namque
1934 933 2201 1004 prioribus
2235 931 2387 986 lineis
2417 933 2645 1002 exceptis
2670 932 2780 996 (ubi
2813 945 2912 984 voa:
2943 929 3205 993 Θεοτόκος
3234 931 3435 1001 exstat)
3466 948 3577 986 cte-

245 1033 359 1077 tera
402 1024 554 1076 nihil
607 1024 688 1077 ad
741 1042 860 1079 rem
889 1025 1162 1094 pertinent.
1205 1023 1287 1075 Ad
1317 1022 1428 1077 ha’c
1455 1031 1634 1077 autem
1666 1024 1874 1077 libellus
1914 1025 2014 1077 iste
2041 1039 2145 1076 non
2173 1030 2350 1075 exstat
2385 1022 2440 1075 in
2474 1022 2866 1077 collectionibus
2896 1039 3111 1091 operum
3155 1023 3462 1078 Athanasii.
3503 1023 3575 1077 Et

243 1119 487 1171 alienum
523 1135 561 1171 a
594 1127 810 1173 sancto
841 1119 1053 1172 doctore
1101 1118 1304 1172 videtur
1331 1118 1502 1173 dicere
1533 1136 1694 1173 unam
1726 1136 1975 1172 naturam
2001 1118 2337 1172 incarnatam
2361 1117 2416 1170 in
2446 1115 2679 1171 Christo.
2709 1116 2916 1171 Etenim
2948 1117 3309 1185 confusionem
3342 1129 3575 1173 natura-

241 1225 360 1261 rum
388 1209 610 1276 respuit
649 1206 866 1277 ubique
896 1207 1241 1270 Athanasius,
1276 1208 1366 1279 qui
1396 1210 1748 1277 proprietates
1778 1224 1980 1278 semper
2003 1217 2319 1262 naturarum
2343 1209 2688 1272 conservavit,
2720 1207 2856 1263 duas
2879 1211 3040 1263 etiam
3063 1209 3357 1264 voluntates
3380 1211 3575 1265 distin-

240 1315 357 1359 ctas
394 1305 601 1375 cuique
630 1313 867 1357 natura:
895 1304 1132 1371 proprias
1167 1304 1387 1357 ascribit
1427 1309 1505 1357 sic
1542 1305 1637 1359 lib.
1672 1303 1745 1359 De
1780 1304 1838 1357 In

1973 1304 2189 1363 latione.
2228 1318 2281 1373 p.
2316 1302 2424 1357 709
2457 1316 2471 1355 :
2504 1302 2608 1356 Δύο
2638 1302 2919 1373 Θελήματα
2951 1304 3213 1369 δείκνυσι,
3251 1303 3311 1357 τὸ
3342 1305 3441 1375 μὲν
3473 1307 3571 1359 ἀν-

240 1394 549 1463 θρώπινον,
587 1396 754 1466 ὅπερ
786 1396 909 1448 ἐστὶ
936 1394 1035 1463 τῆς
1063 1395 1284 1464 σαρκὸς,
1312 1396 1373 1448 τὸ
1405 1396 1461 1449 δὲ
1492 1395 1692 1457 θεῖκὺν,
1724 1396 1862 1465 ὅπερ
1900 1393 2055 1448 Θεοῦ.
2083 1395 2156 1448 Τὸ
2181 1396 2291 1466 γὰρ
2313 1394 2652 1467 ἀνθρώπινον
2682 1396 2769 1452 διὰ
2796 1399 2893 1469 τὴν
2923 1399 3206 1453 ἀσθένειαν
3231 1401 3333 1471 τῆς
3366 1404 3573 1473 σαρκὸς

238 1492 620 1561 παραιτεῖται
672 1489 741 1542 τὸ
780 1488 977 1552 πάθος·
1010 1489 1067 1541 τὸ
1089 1490 1145 1542 δὲ
1174 1490 1352 1544 θεῖκὺν
1387 1490 1552 1545 αὐτοῦ
1585 1490 1836 1562 πρόθυμα

1976 1508 2036 1545 oc
2064 1499 2163 1555 est,
2188 1491 2327 1545 duas
2358 1492 2666 1547 voluntates
2694 1494 2932 1547 ostendit
2965 1492 3316 1564 (Scriptura),
3343 1496 3571 1551 alteram

239 1587 574 1651 humanam,
642 1600 786 1654 qua:
834 1591 921 1638 est
952 1587 1157 1648 carnis,
1190 1586 1416 1640 alteram
1451 1586 1713 1647 divinam,
1744 1602 1866 1655 quae
1896 1585 1989 1640 Dei
2016 1594 2120 1640 est.
2157 1586 2439 1657 Siquidem
2475 1587 2714 1641 humana
2744 1588 2814 1642 ob
2846 1588 3219 1645 inﬁrmitatem
3249 1593 3433 1647 carnis
3470 1593 3570 1647 de-

237 1693 507 1753 precatur
547 1684 946 1753 passionem;
979 1680 1162 1733 divina
1198 1685 1379 1731 autem
1414 1678 1534 1746 ejus
1568 1679 1823 1732 voluntas
1867 1687 2118 1747 prompta
2164 1687 2267 1734 est.
2322 1678 2417 1733 Sin
2458 1696 2577 1733 vero
2625 1696 2732 1733 una
2783 1688 2977 1732 natura
3007 1690 3125 1747 post
3153 1682 3569 1738 inminutionem

235 1774 473 1836 dicatur,
512 1773 711 1828 tollas
748 1781 961 1840 oportet
990 1771 1271 1824 discrimen
1305 1769 1656 1824 voluntatum.
1704 1768 1789 1821 Ad
1837 1768 1967 1830 lucc,
2019 1780 2202 1824 contra
2262 1770 2568 1825 Dimmritas
2620 1772 2705 1825 sui
2748 1772 2843 1824 aevi
2873 1773 3147 1827 htereticos
3183 1788 3235 1841 p.
3285 1774 3380 1826 741
3416 1786 3571 1846 negat

234 1880 427 1934 corpus
458 1880 590 1918 esse
635 1863 861 1917 Deitati
895 1859 1365 1926 consubstantiale,
1395 1867 1443 1912 et
1478 1861 1673 1929 pagina
1703 1877 1832 1929 sequi

1972 1862 2035 1913 ait
2082 1860 2371 1931 ἀσυγχύτῳ
2410 1861 2598 1914 ὲνώσει
2643 1862 2923 1929 ἱηεοηΪιιδα
2971 1863 3161 1916 unione
3202 1862 3423 1916 Verbum
3450 1880 3570 1919 cum

231 1958 451 2025 propria
486 1971 685 2009 carne
716 1954 935 2006 unitum
972 1951 1157 2021 fuisse.
1192 1949 1442 2018 Corporis
1476 1962 1649 2004 autem
1684 1960 1732 2004 et
1770 1952 1948 2004 carnis
1982 1953 2194 2006 nomine
2228 1962 2281 2005 ut
2309 1954 2361 2005 in
2394 1954 2709 2022 prtefotione
2732 1953 2966 2024 generali
2992 1954 3151 2023 primi
3180 1954 3306 2006 tomi
3332 1954 3573 2010 ostende-

233 2047 419 2103 bamus
452 2049 902 2101 humanitatem
933 2062 1163 2115 persape
1189 2046 1453 2115 intelligit.
1492 2045 1594 2099 Ubi
1627 2062 1743 2100 rero
1773 2045 2083 2112 comprobat
2114 2047 2165 2099 in
2191 2050 2468 2113 postremis
2497 2052 2609 2104 suis
2637 2062 2820 2104 contra
2849 2048 3149 2103 Dimaaritas
3179 2052 3329 2107 libris
3359 2070 3571 2107 carnem

233 2139 334 2193 sive
365 2139 817 2191 humanitatem
874 2152 977 2189 non
1025 2151 1136 2189 esse
1189 2132 1353 2189 Verbo
1389 2132 1919 2195 consubstantialem,
1952 2133 2078 2203 quid
2114 2134 2283 2197 aliud,
2330 2152 2529 2205 quaeso,
2585 2137 2892 2192 indicaverit
2927 2157 3107 2209 quant,
3142 2159 3242 2195 non
3269 2160 3381 2197 esse
3407 2161 3571 2197 unam

231 2241 383 2299 atque
410 2231 699 2284 eamdem
743 2226 913 2281 Verbi
937 2236 1089 2295 atque
1118 2228 1469 2282 humanitatis
1500 2229 1859 2282 substantiam
1892 2229 1998 2281 sive
2043 2239 2331 2294 naturam;
2364 2234 2443 2283 ita
2478 2242 2535 2284 ut
2566 2234 2725 2285 etiam
2757 2235 2826 2286 ad
2856 2234 3213 2302 differentiam
3252 2248 3571 2291 naturarum

232 2321 597 2375 indicandam
639 2336 705 2390 p.
740 2318 855 2371 747
885 2316 1171 2379 perlectum
1197 2319 1365 2372 Deum
1395 2328 1444 2374 et
1479 2317 1767 2386 perfectum
1798 2318 2059 2371 hominem
2085 2326 2246 2383 vocet,
2285 2335 2340 2388 p.
2380 2318 2482 2373 756
2519 2331 2693 2374 autem
2724 2339 2826 2375 uno
2856 2324 3008 2377 verbo
3039 2335 3316 2396 utramque
3345 2327 3570 2381 ha’resin

234 2418 652 2472 Nestorianam
702 2416 922 2471 seilicet
963 2424 1012 2468 et
1061 2414 1451 2484 Eutychianam
1488 2415 1731 2482 proterit,
1772 2414 1898 2466 dum
1927 2415 2003 2467 ait
2046 2413 2258 2484 loquens
2289 2414 2353 2468 de
2390 2416 2756 2485 conjunctione
2797 2420 2953 2475 Verbi
2992 2438 3110 2475 cum
3147 2441 3327 2486 carne,
3361 2426 3477 2478 υὺκ
3510 2426 3570 2479 ὲν

229 2514 493 2583 διαιρέσει
566 2509 943 2584 προσώπων,
970 2507 1085 2561 ἀλλ’
1128 2510 1186 2561 ὲν
1226 2508 1456 2578 ὑπάρξει
1504 2502 1756 2576 θεότητος
1808 2523 1827 2559 i

1971 2506 2380 2579 ινορωπότητος·
2416 2508 2535 2563 Non
2570 2511 2624 2564 in
2658 2512 2930 2571 divisione
2961 2532 3342 2586 personarum,
3378 2514 3473 2573 sed
3516 2520 3569 2573 in

229 2605 529 2658 csistentia
580 2604 837 2660 deitatis
864 2612 920 2657 et
952 2604 1330 2659 humanitatis.
1369 2600 1537 2655 Unam
1567 2602 1762 2656 scilicet
1799 2618 2077 2670 personam
2122 2603 2322 2658 Christi
2351 2604 2589 2677 duasque
2621 2618 2845 2663 naturas
2875 2629 2987 2667 esse
3012 2615 3320 2678 pronuntiat
3354 2631 3405 2684 p.
3442 2614 3566 2678 757,

230 2698 309 2749 ubi
341 2715 467 2753 vero
505 2696 828 2751 contendit
857 2696 1078 2764 impium
1107 2712 1218 2750 esse
1244 2694 1414 2747 dicere
1437 2693 1671 2746 divinam
1695 2702 1940 2746 naturam
1967 2710 2078 2746 esse
2109 2711 2344 2762 passam,
2377 2713 2554 2751 annon
2578 2700 2759 2766 palam
2792 2701 2921 2771 facit
2946 2703 3111 2756 aliam
3134 2720 3245 2757 esse
3272 2706 3325 2756 in
3357 2702 3569 2758 Christo

233 2800 480 2843 naturam
516 2804 667 2860 qua:
689 2803 878 2856 passa
909 2789 1021 2841 sit?
1046 2784 1290 2853 Adeoque
1328 2788 1709 2835 commonstrat
1741 2797 1844 2834 non
1874 2797 2036 2834 unam
2064 2782 2117 2835 in
2149 2782 2361 2838 Christo
2397 2795 2644 2840 naturam
2674 2790 3031 2853 incarnatam,
3070 2792 3159 2846 sed
3197 2794 3331 2846 duas
3357 2793 3493 2845 inter
3515 2810 3570 2847 se

229 2882 551 2948 distinctas,
602 2880 797 2934 aliam
845 2894 969 2948 qum
990 2876 1297 2944 assumpsit,
1340 2874 1503 2927 aliam
1528 2888 1645 2943 quis
1674 2881 2082 2941 assumpta_est.
2114 2872 2347 2930 Etiamsi
2374 2891 2533 2944 porro
2569 2889 2849 2951 antequam
2889 2883 3143 2938 Ecclesiw
3175 2883 3397 2938 decretis
3435 2883 3570 2953 deﬁ-

233 2981 391 3031 nilum
424 2988 587 3033 esset
619 2991 813 3029 unam
861 2974 921 3027 in
965 2970 1176 3027 Christo
1211 2988 1512 3041 personam,
1551 2968 1790 3038 duasque
1830 2979 2053 3023 naturas
2082 2973 2368 3040 pra'dicari
2402 2983 2639 3041 oportere
2662 3017 2676 3040 ,
2719 2980 2975 3046 potuisset
3020 2981 3371 3040 Athanasius,
3411 2980 3490 3032 vel
3522 2981 3569 3033 si

231 3074 339 3140 quis
370 3073 554 3135 alius,
590 3070 800 3123 dicere
837 3084 1006 3120 unam
1036 3077 1285 3119 naturam
1325 3066 1683 3125 incarnatam,
1730 3060 2067 3132 intelligendo
2112 3065 2312 3119 scilicet
2345 3076 2555 3121 natura:
2586 3072 2793 3124 nomine
2827 3088 3146 3140 personam;
3196 3089 3297 3124 non
3338 3071 3572 3124 arbitror

234 3173 402 3218 tamen
436 3162 858 3218 Athanasium
886 3175 947 3212 eo
980 3173 1131 3211 usum
1162 3157 1329 3227 fuisse
1356 3154 1601 3225 loquendi
1628 3168 1842 3223 genere;
1884 3156 2130 3223 quoniam
2163 3157 2341 3209 multis
2375 3160 2531 3212 annis
2568 3177 2650 3213 res
2682 3162 2765 3214 illi
2792 3179 2911 3216 cum
2946 3162 3248 3219 Dimozritis
3284 3165 3406 3234 fuit,
3438 3179 3571 3233 quo-

232 3274 341 3311 rum
375 3259 585 3314 Iurresi
620 3257 759 3310 Itwc
797 3255 987 3324 [avere
1010 3250 1269 3313 videntur,
1300 3257 1350 3303 et
1386 3248 1639 3318 perfacile
1664 3256 1741 3301 est
1780 3263 1896 3302 eam
1932 3250 2245 3302 sententiam
2281 3251 2334 3302 in
2370 3251 2570 3304 malam
2602 3265 2805 3319 partem
2837 3255 3164 3326 detorquere.
3204 3255 3337 3309 Eam
3367 3255 3428 3309 ob
3459 3272 3569 3309 rem

231 3368 339 3405 cum
372 3350 616 3405 Leontio
664 3346 849 3403 valde
902 3347 1144 3413 suspicor
1186 3362 1297 3398 esse
1338 3342 1471 3397 illud
1506 3342 1838 3410 opusculum,
1888 3341 2359 3411 Eutychianorum,
2398 3358 2490 3398 aut
2526 3349 2754 3401 aliorum
2792 3350 3161 3406 ltwrelicorunt
3194 3361 3565 3413 commentum,

237 3446 518 3498 Athanasii
577 3455 835 3497 nomine
892 3437 1239 3506 publicatam.
1276 3434 1400 3489 Non
1446 3435 1616 3487 ausim
1661 3449 1779 3487 vero
1822 3434 1993 3486 dicere
2038 3444 2213 3488 utrum
2256 3435 2307 3488 in
2349 3434 2542 3505 Cyrilli
2581 3453 2666 3489 scr
2689 3440 2793 3505 ptis
2827 3452 2944 3508 post
2973 3442 3085 3512 ejus
3132 3441 3330 3495 obitum
3362 3439 3573 3509 adjecta

234 3542 442 3607 fuerint,
471 3556 546 3594 an
576 3553 724 3593 vero
768 3542 910 3586 ante
940 3529 1203 3601 Cyrillum
1235 3526 1443 3582 libellus
1479 3524 1784 3595 hujutmodi
1816 3525 2081 3592 confectus
2108 3527 2175 3580 sit
2206 3536 2254 3580 et
2288 3526 2585 3582 Athanasio
2616 3532 2911 3601 ascriptus.

1404 3818 1542 3871 ΤΟΥ
1577 3818 1667 3872 ΕΝ
1701 3818 1925 3872 ΑΓΙΟΙΣ
1956 3818 2231 3872 ΠΑΤΡυΣ
2264 3818 2457 3873 ΗΜΩΝ

1620 3978 2254 4071 ΑΘΑΝΛΣΙΟΥ

1138 4168 1309 4223 ΠΕΡΙ
1362 4171 1503 4223 ΤΗΣ
1550 4167 1972 4222 ΣΑΡΚΩΣΕΩΣ
2030 4168 2176 4219 ΤΟΥ
2216 4169 2410 4222 ΘΕΟΥ
2462 4167 2754 4224 ΛΟΓΟΥ.”

1324 4437 1418 4523 S.
1496 4437 1603 4524 P.
1682 4436 1804 4524 N.
1898 4437 2560 4527 ATHANASII

1262 4625 1374 4686 DE
1436 4628 2086 4694 INCARNATIONE
2154 4628 2311 4688 DEI
2367 4629 2640 4690 VERBI.

302 4895 751 4970 ὐμολογοῦμεν
786 4872 1051 4943 τὺνὟὶδν
1080 4887 1171 4941 τοῦ
1212 4887 1370 4953 Θεοῦ,
1400 4889 1490 4945 τὸν
1533 4893 1641 4964 πρὸ
1670 4894 1883 4947 αἰώνων

2065 4894 2109 4962 ι
2147 4891 2484 4947 Conﬁtemur
2510 4889 2703 4945 Filium
2736 4888 2830 4945 Dei
2872 4898 2996 4946 ante
3037 4891 3234 4945 saecula
3269 4891 3340 4946 ab
3369 4899 3575 4945 aeterno

230 4992 411 5057 ἀϊδίως
442 4995 510 5046 ὲκ
559 4987 674 5043 τοῦ
728 4980 976 5053 Πατρδς
1017 4980 1365 5052 γεννηθέντα,
1411 4984 1500 5037 ἐπ’
1536 4987 1781 5055 ἐσχάτων
1824 5010 1828 5029 ‹

1990 5002 2056 5040 ει
2092 4984 2251 5038 Patre
2278 4983 2543 5053 genitum,
2590 4983 2883 5051 postremis
2923 4999 3050 5037 vero
3097 4984 3316 5037 szeculis
3359 4983 3430 5037 ob
3472 5000 3574 5038 no-

232 5085 331 5137 τῶν
358 5084 593 5138 αἰώνων
631 5077 743 5134 διὰ
790 5074 901 5145 τὴν
939 5072 1213 5145 ἡμετέραν
1247 5076 1520 5145 σωτηρίαν
1568 5078 1631 5130 ἐκ
1667 5080 1830 5151 Μαρίε

1993 5090 2163 5133 stram
2218 5076 2447 5131 salutem
2474 5090 2539 5128 ex
2583 5073 2750 5127 Maria
2780 5075 3001 5145 Virgine
3048 5083 3233 5127 natum
3269 5075 3574 5130 secundum

230 5177 320 5246 τῆς
342 5176 651 5248 Παρθένου
689 5163 1057 5239 γεννηθέντα
1077 5164 1217 5218 κατὰ
1246 5165 1442 5238 σάρκα,
1470 5169 1548 5232 ὡς
1577 5167 1719 5234 θεῖος
1735 5172 1828 5224 Ἀπ

1994 5184 2237 5232 carnem,
2272 5167 2731 5237 quemadmodum
2762 5166 2920 5221 divus
2948 5166 3243 5234 Apostolus
3280 5166 3459 5229 docet,
3490 5168 3568 5221 in-

236 5270 410 5335 στολος
440 5269 720 5322 διδάσκει
767 5260 997 5326 λέγων·
1045 5274 1063 5306 ο
1097 5259 1223 5311 Ὅτε
1258 5257 1314 5310 δὲ
1347 5254 1478 5329 ἦλθε
1523 5261 1583 5313 τδ
1612 5262 1834 5335 πλήρωμ

1995 5262 2191 5333 quiens
2228 5277 2242 5314 :
2274 5276 2293 5309 ι
2324 5258 2395 5311 At
2436 5257 2529 5312 ubi
2568 5257 2718 5311 venit
2766 5256 3047 5325 plenitudo
3084 5258 3371 5325 temporis,
3422 5257 3572 5310 misit

232 5361 319 5414 τοῦ
350 5363 581 5434 χρόνον,
620 5349 1046 5424 ἐξαπέστειλεν
1069 5352 1096 5402 ὁ
1128 5349 1259 5413 Θεὸς
1279 5348 1369 5403 τὸν
1397 5350 1525 5407 Υἱὸν
1556 5353 1741 5420 αὐτοῦ,
1764 5373 1827 5425 γε

1995 5352 2138 5406 Deus
2172 5348 2368 5403 Filium
2400 5362 2581 5410 suum,
2616 5354 2803 5400 natum
2835 5362 2899 5399 ex
2940 5347 3169 5401 muliere
3198 5348 3239 5398 ’.
3270 5364 3291 5397 ι
3334 5347 3574 5400 Conﬁte-

233 5453 472 5524 νὼμενον
517 5455 592 5505 ὲκ
648 5441 968 5519 γυναικός.
1002 5460 1020 5491 ο
1068 5440 1461 5513 Ὀμολογοῦμεν
1512 5443 1571 5496 δὲ
1617 5441 1756 5500 εἶναι
1794 5464 1831 5498 τι

1992 5458 2119 5500 mur
2142 5440 2330 5504 etiam,
2362 5437 2612 5493 eumdem
2659 5452 2783 5491 esse
2811 5434 3011 5491 Filium
3058 5438 3149 5492 Dei
3186 5443 3241 5490 et
3276 5435 3447 5490 Deum
3489 5452 3574 5490 sea

233 5545 394 5599 αὑτὸν
430 5546 569 5598 Υἱὸν
597 5539 788 5595 Θεοῦ.
823 5532 928 5589 καὶ
950 5530 1082 5585 Θεὸν
1112 5531 1253 5585 κατὰ
1285 5532 1500 5604 πνεῦμα
1518 5552 1532 5565 ο
1562 5536 1676 5589 υἱὸν
1701 5535 1758 5588 δὲ
1786 5537 1831 5589 ἀπ

1991 5532 2232 5587 cundum
2258 5529 2549 5599 spiritum;
2576 5528 2814 5581 hominis
2849 5535 3031 5582 autem
3071 5529 3244 5580 lilium
3277 5525 3576 5579 secundum

235 5635 453 5706 θρώπου
488 5634 651 5689 κατά
699 5632 929 5700 σάρκα.
975 5623 1050 5677 Οὐ
1078 5623 1171 5677 δύο
1209 5623 1418 5694 φύσεις,
1451 5627 1545 5681 τὸν
1589 5626 1686 5682 ἕνα
1729 5627 1833 5681 Υἱὸη

1991 5638 2235 5682 carnem.
2283 5620 2402 5676 Non
2444 5618 2583 5675 duas
2618 5627 2865 5682 naturas,
2917 5619 3118 5673 Filiqu
3171 5631 3367 5683 unum,
3419 5629 3579 5669 unam

308 5799 324 5829 ⁸
366 5797 489 5853 Gal.
554 5810 640 5859 ιν,
679 5789 761 5901 4.¹
