4048 6406
547 386 621 442 2⁸1
1646 379 1702 433 S.
1745 375 2212 434 ATHANASIUS.
2249 407 2321 418 —
2361 377 2588 434 DUBIA.
3725 383 3788 438 28

547 499 880 558 adorandam
932 504 987 552 et
1041 509 1205 550 unam
1244 509 1354 548 non
1404 491 1735 546 adorandam
1767 510 1780 544 :
1813 490 1908 543 sed
1955 505 2118 545 unam

2225 490 2355 560 μίαν
2403 490 2816 563 προσκυνητὴν,
2854 491 2960 545 ’καὶ
3005 492 3134 562 μίαν
3176 493 3616 568 ἀπροσκυνητον·
3666 499 3792 553 ἀλλὰ

548 599 798 646 naturam
828 588 918 642 Dei
949 585 1112 642 Verbi
1147 585 1505 645 incantatam,
1545 589 1600 635 et
1625 579 1960 634 adorandam
1993 595 2118 635 cum

2223 583 2350 651 μίαν
2383 583 2545 652 φύσιν
2573 583 2670 636 τοῦ
2701 582 2834 636 Θεοῦ
2866 583 3040 652 Λόγου
3067 589 3508 658 σεσαρκωμὲνην,
3537 589 3674 658 μετὰ
3704 592 3793 661 τῆς

547 697 717 738 carne
741 696 862 744 sua,
887 679 1205 734 adoratione
1228 689 1356 729 una.
1379 672 1565 743 Neque
1593 672 1734 728 duos
1755 672 1920 735 tilios,
1950 672 2117 726 alium

2221 675 2421 746 σαρκὸς
2448 675 2612 728 αὐτοῦ
2646 679 2743 746 μιᾷ
2778 677 3144 746 προσκυνήσει
3175 680 3270 731 καί¹
3297 681 3788 753 προσκυνουμένηνι

545 773 642 830 Dei
671 772 891 836 Filium,
921 785 1112 826 verum
1154 767 1324 822 Deum
1353 775 1406 820 et
1436 764 1796 830 adorandum,
1837 765 2000 820 alium
2051 781 2115 820 ex

2221 766 2356 818 Οὐδὲ
2385 766 2477 819 δύο
2519 769 2690 831 υἱοὺς,
2718 767 2875 822 ἄλλον
2907 769 3002 839 μὲν
3034 768 3162 822 Υίδν
3200 769 3356 834 Θεοῦ,
3384 771 3634 842 ἀληθινὸν
3666 773 3790 827 Θεὸν

547 864 712 918 Maria
743 863 1040 926 hominem,
1071 859 1164 928 qui
1199 873 1306 912 non
1336 858 1613 921 adoretur,
1639 858 1840 927 quique
1873 872 1969 926 per
1998 871 2120 925 gra-

2219 858 2314 911 καὶ
2345 860 2818 930 προσκυνούμενον
2839 877 2851 889 ·
2888 861 2962 930 (li
2992 861 3148 916 ἄλλον
3179 861 3234 913 δὲ
3258 863 3322 914 ἐκ
3351 865 3569 934 Μαρίας
3590 863 3793 934 ἄνθρω-

545 954 700 1020 tiam,
727 961 788 1008 ut
814 952 1084 1013 homines,
1110 947 1282 1004 Filius
1306 947 1400 1004 Dei
1427 948 1605 1002 lactus
1631 949 1736 1014 sit;
1771 947 1866 1002 sed
1889 963 1956 1002 ex
1983 945 2114 1009 Deo,

2220 965 2341 1010 πον,
2376 949 2452 1019 μὴ
2481 949 2976 1020 προσκυνούμενον,
3009 951 3150 1004 κατὰ
3180 953 3339 1021 χάριν
3370 953 3496 1006 Υίὸν
3535 952 3670 1006 Θεοῦ
3701 970 3791 1022 γε-

545 1056 607 1099 ιιι
635 1045 770 1108 dixi,
808 1058 974 1098 unum
1005 1040 1205 1096 Filium
1238 1041 1333 1095 Dei
1362 1049 1416 1096 et
1452 1039 1664 1103 Deum;
1697 1055 1822 1095 eum
1855 1040 2033 1110 ipsum
2064 1046 2120 1094 et

2219 1037 2467 1108 νόμενον,
2517 1039 2592 1104 ὡς
2635 1042 2730 1096 καὶ
2774 1041 3084 1112 ἄνθρωπον
3134 1043 3270 1096 ἀλλὰ.
3298 1044 3390 1097 τὸν
3429 1047 3496 1098 ἐκ
3529 1046 3685 1110 Θεοῦ,
3721 1048 3790 1111 ὡς

545 1152 655 1191 non
682 1136 845 1189 alium
870 1140 1058 1187 natum
1083 1148 1151 1188 ex
1173 1130 1342 1186 Maria
1365 1132 1666 1188 secundum
1693 1145 1914 1186 carnem
1936 1130 1991 1184 in
2020 1145 2117 1184 uo-

2217 1130 2373 1199 ἔφην,
2421 1132 2518 1184 ἕνα
2574 1131 2704 1194 Ϊίὺν
2735 1132 2868 1186 Θεοῦ
2900 1135 2993 1188 καί⁹
3025 1134 3188 1188 Θεόνο
3221 1135 3311 1189 τὸν
3357 1137 3518 1188 αὐτὸν
3563 1138 3658 1190 καὶ
3696 1139 3789 1192 οίικ

542 1227 787 1283 vissimis
821 1227 1036 1290 diebus,
1083 1225 1551 1294 quemadmodum
1601 1224 1831 1294 angelus
1876 1221 2119 1294 Deiparaa

2219 1222 2376 1276 ἄλλον
2402 1225 2465 1276 ἐκ
2503 1224 2725 1295 Μαρίας
2755 1226 3112 1296 γεγεννῆσθαι
3145 1226 3286 1281 κατὰ
3316 1228 3493 1298 σάρκα
3522 1229 3608 1280 ἐπ’
3636 1229 3792 1300 ἐσχά-

542 1316 725 1372 Maria
753 1316 957 1371 dicenti
988 1335 1001 1370 :
1029 1335 1048 1367 ι
1079 1313 1364 1382 Quomodo
1406 1313 1498 1370 (iet
1546 1315 1714 1380 istud,
1748 1314 2005 1385 quoniam
2037 1313 2120 1368 vi-

2218 1331 2324 1367 των
2348 1315 2454 1366 τῶν
2491 1315 2714 1386 ἡμερῶν
2736 1333 2749 1345 ·
2791 1317 2866 1380 ὡς
2894 1319 2923 1370 ό
2962 1317 3194 1385 ἄγγελος
3223 1322 3288 1389 τῇ
3333 1319 3579 1391 Θεοτόκῳ
3609 1321 3790 1392 Μαρία

541 1425 665 1464 rum
699 1426 808 1464 non
848 1423 1122 1480 cognosco
1145 1409 1206 1462 ’Τ
1233 1428 1252 1460 ι
1296 1409 1394 1472 ait,
1431 1427 1450 1459 ι
1485 1406 1723 1478 Spiritus
1769 1415 1995 1463 sanctus
2025 1422 2118 1461 su-

2217 1405 2448 1476 λεγούσῃ
2476 1423 2488 1434 ·
2517 1405 2592 1475 (9)
2627 1426 2644 1457 ι
2674 1406 2798 1470 Πῶς
2823 1407 2978 1461 τοῦτο
3001 1408 3174 1473 ἔσται,
3200 1411 3322 1462 ἐπεὶ
3349 1411 3517 1482 ἄνδρα
3541 1413 3601 1464 οὐ
3633 1412 3789 1480 γινὼι-

539 1502 821 1572 perveniet
844 1502 900 1555 in
929 1509 1003 1561 te.
1037 1508 1092 1556 et
1113 1501 1290 1556 virtus
1314 1500 1579 1556 Altissimi
1603 1499 1954 1555 obumbrabit
1979 1499 2116 1553 tibi:

2220 1515 2368 1562 σκω;
2409 1519 2425 1548 ι
2461 1499 2681 1570 εἴρηκε·
2716 1518 2734 1549 ι
2775 1499 2999 1571 Πνεῦμα
3024 1501 3178 1570 ἅγιον
3203 1503 3550 1558 ἐπελεύσεται
3594 1506 3685 1558 ἐπὶ
3711 1506 3788 1571 σὲ,

541 1595 774 1664 ideoque
823 1592 966 1663 quod
999 1602 1256 1648 nascetur
1298 1601 1570 1655 sanctum,
1611 1593 1902 1647 vocabitur
1944 1589 2122 1646 Filius

2217 1592 2312 1644 καὶ
2340 1590 2567 1660 δύναμις
2599 1591 2851 1660 Ὑψίστου
2877 1595 3185 1647 ἐπισκιάσει
3209 1611 3322 1648 σοι’
3359 1595 3437 1648 διὸ
3464 1597 3558 1650 καί⁵
3587 1598 3647 1650 τὸ
3674 1613 3792 1666 γενι-

539 1685 635 1741 Dei
664 1686 706 1741 ³.
743 1705 761 1738 ι
799 1684 903 1752 Qui
939 1685 1104 1756 igitur
1149 1693 1312 1740 natus
1339 1694 1424 1740 est
1451 1701 1516 1740 ex
1551 1683 1775 1755 Virgine
1801 1682 1994 1751 Maria,
2026 1683 2118 1738 Fi-

2217 1681 2457 1752 νώμενον
2504 1682 2659 1750 ἅγιον
2705 1682 3033 1754 κληθήσεται
3075 1685 3200 1749 Υἱὸς
3247 1685 3403 1740 Θεοῦ.
3443 1706 3461 1737 ι
3519 1689 3574 1740 Ὀ
3618 1688 3789 1740 τοίνυν

540 1778 649 1833 lius
688 1776 783 1832 Dei
825 1786 1021 1832 natura
1064 1786 1119 1832 et
1153 1776 1295 1833 Deus
1348 1793 1532 1842 verus,
1568 1793 1679 1832 non
1724 1777 1897 1848 gratia
1939 1791 2120 1847 neque

2217 1774 2496 1844 γεννηθεὶς
2534 1777 2598 1826 ὲκ
2638 1775 2736 1845 τῆς
2768 1775 3040 1846 Παρθένου
3080 1778 3318 1849 Μαρίας,
3361 1777 3488 1841 Υἱὸς
3517 1779 3651 1834 Θεοῦ
3692 1777 3790 1848 φύ-

541 1871 977 1941 participatioue,
1003 1870 1306 1926 secundum
1337 1885 1560 1926 carnem
1593 1877 1828 1933 tantum,
1863 1885 2027 1940 quam
2047 1885 2120 1926 ex.

2219 1839 2322 1928 σει,
2353 1839 2448 1919 καὶ
2480 1866 2612 1930 Θεὸς
2640 1839 2908 1936 ἀληθινὸς,
2943 1867 3036 1920 καὶ
3068 1869 3130 1920 ού
3161 1839 3362 1940 έάριτι,
3396 1839 3489 1923 καί
3513 1871 3572 1922 ού
3606 1839 3793 1941 μετου-

542 1955 712 2011 Ilaria
750 1958 930 2023 habet,
962 1959 1161 2024 homo;
1197 1959 1498 2014 secundum
1530 1975 1662 2015 vero
1689 1959 1940 2030 spiritum
1972 1957 2116 2014 idem

2221 1960 2331 2031 σία.
2364 1959 2504 2012 κατά
2539 1961 2718 2030 σάρκα
2761 1959 2940 2030 μόνον,
2982 1959 3078 2031 τὴν
3111 1962 3176 2014 ἐκ
3201 1962 3432 2032 Μαρίας,
3477 1963 3787 2032 ἄνθρωπος·

542 2051 634 2106 ille
658 2050 830 2107 Filius
867 2053 980 2118 Dei,
1017 2059 1069 2107 et
1097 2051 1240 2108 Deus
1280 2067 1482 2108 verus:
1519 2067 1718 2122 passus
1743 2051 1963 2122 quidem
1992 2065 2118 2121 pas—

2217 2049 2358 2102 κατὰ
2405 2049 2462 2102 δὲ
2507 2049 2744 2120 πνεῦμα,
2789 2052 2819 2103 ὁ
2868 2051 3029 2113 αὐτὸς
3063 2050 3191 2115 Υἱὸς
3234 2051 3366 2104 Θεοῦ
3415 2053 3510 2106 καὶ
3550 2053 3681 2114 Θεὸς
3719 2052 3789 2123 (5.)

541 2143 728 2199 siones
759 2151 978 2199 nostras
1005 2141 1308 2198 secundum
1337 2156 1580 2209 carnem,
1610 2154 1668 2195 ut
1698 2141 1964 2211 scriptum
1997 2148 2113 2196 est:

2218 2140 2496 2209 ἀληθινός·
2532 2138 2718 2194 παθὼν
2751 2141 2849 2211 μὲν
2873 2141 2939 2192 τά
2970 2141 3214 2212 ἡμέτερα
3243 2141 3387 2212 πάθη
3419 2143 3560 2194 κατᾶ
3595 2143 3789 2212 σάρκα,

547 2255 566 2288 ι
597 2236 819 2292 Christo
841 2251 1004 2307 passo
1035 2251 1136 2306 pro
1161 2234 1318 2289 nobis
1343 2249 1510 2288 carne
1531 2233 1554 2264 ’⁵
1579 2251 1596 2299 ;
1627 2252 1644 2284 ι
1679 2241 1734 2288 et
1757 2231 1886 2288 alibi
1913 2252 1926 2287 :
1965 2251 1983 2284 ι
2011 2233 2140 2299 Qui.

2217 2231 2292 2295 ῶς
2345 2231 2652 2302 γέγραπται
2682 2247 2695 2260 ο
2750 2251 2768 2281 ι
2828 2231 3063 2302 Χριστοῦ
3119 2231 3380 2296 παθόντος
3442 2233 3581 2304 ὑπὲρ
3640 2231 3791 2303 ἡμῶν

540 2327 764 2400 proprio
808 2324 946 2383 Filio
975 2343 1082 2382 non
1117 2327 1384 2398 pepercit,
1419 2326 1516 2381 sed
1547 2339 1648 2395 pro
1678 2322 1840 2378 nobis
1863 2324 2119 2379 omnibus

2219 2323 2413 2394 σαρκί.
2458 2342 2476 2374 ι
2515 2323 2624 2376 Καὶ
2677 2323 2858 2384 πάλιν,
2896 2342 2914 2373 ι
2960 2323 3058 2386 ’⁸ος
3103 2340 3165 2392 γε
3222 2322 3317 2376 τοῦ
3359 2323 3491 2376 ἰδίου
3532 2323 3657 2376 Υίοῦ
3695 2323 3791 2377 οὐκ

540 2419 766 2474 tradidit
797 2419 948 2474 illum
975 2418 1016 2473 ".
1047 2439 1066 2471 ι
1105 2416 1430 2488 lmpatibilis
1458 2430 1588 2471 vero
1621 2425 1904 2486 permanet
1933 2423 1987 2469 et
2023 2415 2119 2468 im-

2218 2416 2489 2484 ὲφείσατο,
2537 2414 2648 2466 ἀλλ’
2694 2414 2834 2484 ὑπὲρ
2884 2414 3039 2484 ἡμῶν
3075 2413 3290 2468 πάντων
3340 2415 3651 2486 παρέδωκεν
3695 2415 3791 2468 αύοο

539 2511 818 2566 mutabilis
869 2511 1171 2567 secundum
1216 2509 1494 2573 deitatem,
1548 2509 1627 2562 uti
1669 2508 1872 2562 dicitur
1911 2523 1944 2562 a
1991 2523 2120 2578 pro-

2218 2508 2343 2560 τόνο
2389 2524 2407 2558 ι
2454 2506 2670 2577 ἀπαθὴς
2712 2505 2769 2558 δὲ
2798 2506 3076 2575 διαμείνας
3117 2507 3210 2559 καὶ
3256 2505 3612 2570 ἀναλλοίωτος
3658 2504 3791 2560 κατὰ

539 2603 740 2674 pheta:
769 2621 789 2652 ι
820 2603 932 2673 Ego
954 2601 1118 2664 Deus,
1163 2607 1218 2654 et
1248 2614 1358 2654 non
1387 2607 1571 2652 mutor
1595 2598 1638 2654 ⁸.
1673 2617 1692 2650 ι
1719 2596 1968 2654 Mortuus
1996 2597 2120 2668 qui-

2217 2598 2314 2668 τὴν
2343 2598 2593 2668 θεότητα,
2623 2596 2766 2650 κατά
2794 2597 2853 2649 1:0
2895 2597 3186 2668 λεγόμενον
3213 2599 3318 2651 ὑπὸ
3355 2598 3448 2650 τοῦ
3482 2600 3756 2670 προψήτου
3774 2612 3791 2630 ⁸

539 2694 662 2747 dem
691 2702 920 2747 mortem
956 2701 1224 2755 nostram,
1251 2689 1552 2745 secundum
1595 2703 1818 2744 carnem
1859 2703 1958 2759 pro
1991 2702 2120 2758 pec-

2223 2710 2241 2742 ι
2286 2689 2428 2759 Ἐγὼ
2476 2690 2608 2753 Θεὸς
2655 2690 2751 2744 καὶ
2791 2691 2889 2743 οὐκ
2935 2691 3267 2762 ὴλλοίωμαι·
3301 2711 3319 2741 ι
3361 2691 3650 2745 ἀποθανὼν
3700 2691 3795 2760 μὲν

537 2785 680 2839 catis
713 2783 943 2847 nostris,
979 2791 1040 2838 ut
1078 2792 1306 2837 mortem
1345 2780 1589 2836 auferret
1623 2797 1719 2851 per
1751 2796 1904 2837 suam
1945 2780 2118 2849 ipsius

2217 2782 2307 2836 τὸν
2351 2782 2616 2854 ἡμέτερον
2660 2783 2889 2837 θάνατον
2924 2782 3067 2836 κατὰ
3095 2783 3272 2853 σάρκα
3301 2782 3440 2852 ὑπὲρ
3465 2781 3572 2834 τῶν
3621 2783 3797 2852 ἁμαρ-

539 2881 772 2927 mortem
797 2887 962 2942 quam
995 2886 1093 2942 pro
1132 2871 1292 2926 nobis
1337 2871 1618 2925 sustinuit.
1645 2869 2117 2936 Quemadmodum

2219 2874 2350 2928 τιῶν
2399 2875 2578 2946 ἡμῶν,
2627 2875 2715 2928 ἴνα
2765 2875 2856 2928 τὸν
2901 2874 3126 2930 Θάνατον
3171 2875 3334 2947 ἀνέλῃ
3377 2875 3465 2928 διὰ
3515 2873 3608 2926 τοῦ
3661 2874 3796 2946 ὑπὲρ

537 2967 835 3036 Apostolus
873 2965 988 3020 ait:
1024 2984 1042 3016 ι
1071 2963 1342 3034 Absorpta
1401 2971 1484 3019 est
1533 2979 1682 3018 mors
1725 2963 1778 3017 in
1826 2962 2057 3016 victoria
2100 2962 2126 3015 :'

2219 2964 2374 3036 ήμιῖιν
2398 2965 2648 3030 θανάτου,
2685 2965 2826 3020 κατά
2849 2967 2940 3019 τὸν
2973 2965 3534 3036 λέγονταἈπόστολον
3553 2981 3566 2996 ο
3604 2983 3622 3014 ι
3645 2965 3792 3028 Κατ-

539 3056 774 3120 ἱηίθτιιθ,
810 3055 904 3110 ubi
936 3055 1192 3130 stimulus
1214 3063 1343 3110 tuus
1365 3054 1427 3109 τί
1460 3074 1479 3106 ι
1515 3053 1580 3107 Et
1601 3054 1731 3108 alibi
1759 3072 1777 3110 :
1817 3074 1833 3102 ι
1861 3053 2117 3108 Christus

2219 3058 2389 3129 επόθη
2428 3060 2457 3112 ὁ
2489 3058 2718 3122 θάνατος
2750 3059 2831 3123 είς
2872 3061 3054 3122 νῖκοςο
3093 3057 3195 3111 ποῦ
3265 3075 3378 3119 σου,
3422 3055 3545 3127 ᾇδη,
3581 3053 3641 3108 τὸ
3679 3055 3799 3106 κέν-

537 3155 794 3202 mortuus
814 3155 900 3202 est
925 3163 1024 3216 pro
1045 3147 1285 3216 peccatis
1315 3146 1521 3201 nostris
1549 3144 1849 3199 secundum
1877 3143 2119 3214 Scriptu-

2218 3165 2384 3218 τρον;
2423 3167 2442 3200 ι
2491 3149 2585 3201 καὶ
2617 3149 2809 3202 πάλινυ
2850 3167 2867 3198 ι
2919 3147 3156 3218 Χριστὸς
3203 3146 3474 3200 ἀπέθανεν
3513 3145 3652 3217 ὑπὲρ
3693 3143 3798 3197 τῶν

538 3253 633 3294 ras
653 3239 697 3293 ⁸.
732 3257 750 3290 ι
785 3238 1116 3294 Immortalis
1151 3245 1357 3302 autem,
1395 3245 1450 3291 et
1479 3235 1672 3290 mortis
1712 3235 1942 3306 imperio
1977 3236 2116 3290 liber

2220 3238 2505 3312 ἁμαρτιῶν
2531 3240 2562 3309 ἡ
2571 3239 2708 3308 μῶν,
2733 3237 2873 3291 κατά
2895 3238 2992 3302 τὰς
3017 3238 3238 3310 Γραφάς
3259 3254 3272 3267 ο
3306 3256 3322 3286 ι
3354 3236 3619 3299 ἀθάνατος
3641 3235 3698 3288 δὲ
3726 3233 3798 3304 (4)

2144 3197 2189 3256 C

539 3338 822 3401 permanet
853 3338 1078 3402 propter
1102 3330 1381 3393 deitatem,
1415 3337 1603 3398 utpote
1631 3327 1988 3398 impassibilis
2013 3325 2118 3380 Pa-

2220 3331 2314 3383 καὶ
2339 3330 2648 3400 ἀκράτητος
2668 3329 2745 3400 τῷ
2771 3329 2984 3400 θανάτῳ
3007 3327 3287 3398 διαμείνας
3316 3327 3403 3380 διά
3429 3326 3529 3397 τὴν
3550 3326 3798 3396 θεότητα,

537 3423 639 3476 tris
678 3423 890 3484 virtus,
945 3421 1406 3492 quemadmodum
1453 3420 1506 3489 2
1551 3419 1629 3473 ait
1663 3417 1858 3473 Petrus
1895 3435 1908 3471 :
1952 3435 1968 3468 ι
1997 3417 2118 3472 Νοιι

2219 3422 2296 3486 ὡς
2335 3422 2553 3492 ἀπαθὴς
2590 3422 2684 3475 τοῦ
2733 3422 2949 3494 Πατρδς
2975 3421 3223 3492 δύναμις,
3269 3419 3412 3474 κατά
3451 3421 3542 3473 τὸν
3576 3420 3801 3486 λέγοντα

537 3514 683 3570 enim
721 3521 987 3585 poterata
1030 3526 1205 3568 morte
1244 3512 1469 3567 retineri
1488 3513 1530 3565 '.
1569 3531 1588 3564 ι
1625 3511 1728 3576 Qui
1776 3510 2024 3566 ascendit
2063 3511 2117 3564 in

2219 3513 2452 3592 Πέτρονο
2482 3534 2500 3565 r
2548 3515 2622 3566 υύ
2667 3513 2776 3586 γὰρ
2805 3510 2894 3586 ἦν,
2930 3532 2948 3564 ι
3123 3515 3275 3585 φησι,
3323 3533 3342 3565 ι
3390 3513 3610 3567 δυνατὸν
3664 3528 3801 3580 κρα-

537 3607 732 3672 εωιοε,
778 3607 1039 3678 sedetque
1070 3623 1102 3662 a
1131 3606 1343 3661 dextris
1368 3604 1570 3671 Patris,
1622 3607 1922 3660 secundum
1957 3601 2116 3658 Verbi

2217 3604 2426 3658 τεῖσθαι
2457 3605 2619 3657 αὐτὸν
2647 3605 2750 3657 ὑπὸ
2777 3603 2872 3656 τοῦ
2899 3603 3131 3657 θανάτου
3151 3621 3165 3634 ·
3210 3623 3228 3654 ι
3268 3601 3508 3656 ἀνελθὼν
3534 3603 3616 3665 είς
3634 3603 3801 3672 ούρα-

537 3713 761 3752 carnem
792 3713 822 3751 a
853 3706 998 3752 terra
1033 3697 1089 3750 iu
1113 3698 1284 3752 caelos
1313 3697 1628 3760 exaltatam,
1659 3702 1823 3765 prout
1851 3709 1882 3748 a
1918 3692 2120 3750 Davide

2219 3695 2344 3758 νοῦς
2371 3694 2466 3748 καὶ
2491 3693 2800 3765 καθήμενος
2827 3695 2892 3746 ὲκ
2923 3693 3113 3760 δεξιῶν
3145 3693 3238 3746 τοῦ
3261 3693 3494 3766 Πατρὸς,
3533 3692 3674 3745 κατὰ
3703 3693 3802 3763 τὴν

535 3786 746 3840 dictum
781 3793 864 3842 est
897 3805 912 3842 :
943 3804 962 3837 ι
990 3785 1133 3840 Dixit
1151 3785 1415 3841 Dominus
1459 3785 1692 3839 Domino
1729 3799 1882 3838 meo:
1913 3783 2051 3838 Sede
2087 3799 2119 3838 a

2219 3781 2330 3836 ἀπὸ
2361 3783 2464 3853 γῆς
2497 3784 2576 3846 είς
2614 3783 2877 3852 οὐρανοὺς
2919 3783 3231 3854 ύψουμένην
3266 3784 3444 3855 σάρκα
3477 3783 3570 3837 τοῦ
3605 3784 3800 3851 Λόγου,

537 3878 749 3934 dextris
780 3880 918 3934 meis
942 3879 1009 3943 ¹⁰,
1049 3897 1066 3930 ι
1095 3879 1240 3948 quod
1271 3879 1341 3933 ab
1369 3879 1487 3946 ipso
1516 3877 1747 3932 Domino
1790 3887 1845 3932 et
1881 3877 1951 3930 ab
1995 3891 2120 3947 apo-

2220 3874 2360 3928 κατά
2387 3873 2449 3927 τὸ
2475 3875 2766 3944 λεγόμενον
2801 3875 2905 3928 ὑπὸ
2931 3874 3025 3927 τοῦ
3056 3875 3253 3928 Δαυΐδ·
3297 3894 3315 3926 ι
3350 3871 3520 3928 Εἶπεν
3549 3876 3579 3927 ὁ
3604 3875 3806 3947 Κύριος

539 3969 698 4024 stolis
744 3969 1100 4023 confirmatur
1139 3989 1154 4023 :
1201 3968 1503 4023 secundum
1544 3967 1798 4022 deitatem
1841 3982 1990 4028 veru,
2037 3967 2120 4020 in-

2219 3965 2297 4036 τῷ
2330 3967 2520 4038 Κυρίῳ
2549 3983 2671 4036 μου·
2703 3965 2889 4020 Κάθου
2917 3967 2984 4020 ὲκ
3009 3965 3198 4032 δεξιῶν
3237 3983 3366 4036 μου·
3406 3984 3426 4017 ι
3461 3966 3554 4018 καὶ
3587 3967 3678 4018 ὑπ’
3706 3966 3807 4018 αύ-

539 4059 1072 4129 comprehensibilis,
1103 4075 1320 4114 omnem
1347 4061 1636 4114 continens
1668 4059 1847 4113 locum
1869 4074 1992 4114 cum
2017 4057 2121 4111 Pa-

2220 4057 2315 4112 τοῦ
2363 4059 2458 4112 τοῦ
2491 4061 2696 4132 Κυρίου
2745 4059 3128 4132 βεϐαιούμενον
3173 4058 3268 4111 καὶ
3307 4056 3414 4110 τῶν
3459 4057 3803 4110 ἀποστόλων·

538 4158 625 4206 tre
640 4161 866 4217 aeterno,
899 4163 958 4206 ut
993 4163 1218 4224 paterna
1249 4161 1303 4208 et
1331 4151 1624 4208 ineﬂ‘abilis
1657 4151 1853 4217 virtus,
1889 4160 1946 4206 ut
1979 4150 2122 4206 Pau-

2222 4153 2363 4207 κατὰ
2386 4153 2442 4206 δὲ
2478 4153 2576 4225 τὴν
2606 4153 2836 4224 θεότητα
2865 4153 3258 4224 ἀπερίληπτος,
3299 4150 3475 4204 πάντα
3518 4149 3683 4202 τόπον
3714 4165 3813 4201 πε-

540 4247 629 4300 lus
676 4244 878 4300 docet:
949 4263 968 4295 ι
999 4245 1258 4300 Christus
1317 4245 1414 4300 Dei
1452 4245 1624 4300 virtus
1670 4252 1725 4300 et
1762 4243 1857 4299 Dei
1904 4245 2121 4316 sapien-

2225 4243 2422 4316 ριέχων
2455 4244 2594 4316 μετὰ
2626 4245 2719 4298 τοῦ
2749 4244 2961 4316 Πατρὸς
2987 4243 3082 4296 τοῦ
3113 4243 3307 4306 ἀϊδίου,
3343 4242 3417 4306 ὡς
3449 4241 3690 4313 πατρικὴ
3717 4240 3812 4294 καὶ

538 4335 616 4388 tia
645 4335 710 4390 “.
743 4354 762 4387 ι
794 4334 1070 4390 Venturus
1100 4335 1243 4390 idem
1278 4333 1452 4390 Fiiius
1491 4333 1585 4389 Dei
1616 4341 1670 4389 et
1704 4333 1869 4400 Deus,
1905 4343 1964 4389 ut
1996 4352 2121 4406 pro-

2221 4339 2457 4422 ἄξρητος
2506 4337 2766 4408 δύναμις,
2827 4338 2970 4392 κατὰ
3026 4337 3120 4390 τὸν
3185 4336 3507 4390 διδάσκοντα
3565 4333 3807 4386 Παῦλον⁶

539 4425 712 4492 misit,
744 4426 992 4497 judicare
1018 4427 1176 4482 vivos
1205 4433 1260 4481 et
1281 4434 1553 4492 mortuos,
1579 4435 1639 4482 ut
1669 4428 1746 4481 ait
1784 4427 2078 4498 Apostolus
2103 4449 2116 4484 :

2227 4451 2244 4480 ι
2278 4430 2507 4502 Χριστὸς
2539 4429 2676 4483 Θεοῦ
2711 4431 2958 4500 δύναμις,
2987 4429 3081 4482 καὶ
3101 4428 3238 4482 Θεοῦ
3266 4428 3446 4496 σοφία.
3487 4445 3506 4478 ι
3551 4425 3815 4497 Ἐρχόμε·

545 4535 565 4568 ι
589 4515 693 4583 Qui
718 4516 930 4586 judicat
958 4517 1174 4572 occulta
1205 4519 1578 4581 tenebrarum,
1609 4529 1666 4573 et
1691 4519 2008 4574 manifestat
2033 4536 2121 4574 oc-

2224 4513 2314 4585 νξις
2349 4523 2377 4574 ὀ
2421 4521 2581 4586 αὐτὸς
2629 4522 2756 4586 Υἱὸς
2805 4520 2942 4574 Θεοῦ
2986 4521 3079 4575 καὶ
3117 4519 3270 4582 Θεὸς,
3313 4519 3389 4582 ὡς
3425 4517 3812 4588 ἐπηγγείλατο,

539 4608 689 4662 culta
717 4608 990 4672 cordium,
1017 4615 1071 4663 et
1099 4608 1315 4663 laudem
1351 4617 1406 4663 et
1445 4608 1770 4678 vituperium
1803 4626 1902 4680 pro
1925 4611 2121 4666 merito

2219 4618 2398 4687 κρῖναι
2427 4613 2634 4678 ζῶντας
2663 4615 2755 4668 καὶ
2785 4615 3030 4684 νεκροὺς,
3072 4611 3147 4676 ῶς
3180 4627 3345 4680 φησιν
3378 4614 3406 4664 ὁ
3447 4609 3771 4672 Ἀπὸστολος
3795 4625 3811 4640 ·

539 4699 740 4770 cuique
773 4700 965 4755 tribuit
988 4702 1056 4756 ι’.
1095 4720 1115 4753 ι
1157 4698 1215 4754 Si
1249 4701 1374 4771 quis
1408 4715 1538 4755 vero
1567 4709 1763 4771 praeter
1793 4703 1909 4758 haec
1931 4719 1998 4759 ex
2028 4720 2120 4758 sa-

2226 4728 2244 4760 (
2277 4706 2384 4760 Τοῦ
2420 4707 2695 4778 κρίνοντος
2735 4707 2802 4759 τὰ
2850 4705 3067 4777 κρυπτά
3111 4703 3206 4758 τοῦ
3247 4703 3492 4765 σκότους,
3532 4701 3625 4754 καὶ
3651 4717 3818 4769 φανε-

540 4791 654 4848 cris
699 4791 1001 4862 Scripturis
1031 4791 1210 4856 docet,
1269 4793 1546 4864 aliumque
1584 4794 1719 4848 dicit
1757 4809 1880 4851 esse
1923 4794 2125 4850 Filium-

2224 4797 2445 4869 ροῦντος
2489 4798 2558 4850 τά
2607 4797 2826 4871 κρυπτὰ
2869 4797 2980 4848 τῶν
3015 4793 3272 4865 καρδιῶν,
3323 4792 3419 4845 καὶ
3462 4791 3554 4846 τὸν
3594 4790 3817 4844 ἔπαινον

541 4880 660 4946 Dei,
691 4893 746 4939 et
770 4883 939 4937 alium
963 4898 1030 4938 ex
1058 4881 1229 4938 Maria
1261 4891 1470 4949 ortum,
1504 4900 1602 4954 per
1625 4887 1878 4955 gratiam,
1916 4896 1975 4940 ut
1998 4902 2121 4948 nos,

2223 4891 2318 4944 καὶ
2349 4890 2447 4960 τὴν
2477 4887 2687 4959 μέμψιν
2717 4891 2838 4942 κατ’
2868 4887 3023 4951 ἀξίαν
3050 4886 3308 4957 φέροντος
3338 4884 3576 4954 ἑκάστῳ.
3618 4901 3634 4933 ι
3668 4883 3731 4935 Ei
3759 4881 3820 4934 δέ

541 4974 900 5044 adoptatum;
947 4975 1021 5028 ita
1061 4982 1120 5028 ut
1173 4975 1283 5029 duo
1323 4976 1434 5030 sint
1467 4974 1583 5042 ﬁlii,
1626 4976 1762 5030 alter
1813 4977 2116 5032 secundum

2225 4999 2308 5044 τις
2343 4978 2496 5049 παρὰ
2521 4978 2694 5032 ταῦτα
2715 4981 2778 5031 ἐκ
2810 4977 2918 5030 τῶν
2949 4976 3107 5030 θείων
3141 4973 3374 5046 Γραφῶν
3403 4973 3660 5036 διδάσκει,
3695 4973 3821 5025 ’ἐτε-

544 5073 794 5121 uaturam
835 5066 1009 5122 Filius
1059 5066 1176 5131 Dei,
1224 5067 1362 5122 alter
1409 5067 1710 5122 secundum
1766 5069 1996 5139 gratiam
2047 5087 2114 5124 ex

2230 5087 2319 5142 ρον
2352 5070 2524 5138 λέγων
2556 5070 2646 5122 τὸν
2673 5069 2801 5122 Ti0v
2827 5067 2920 5122 τοῦ
2954 5067 3111 5134 Θεοῦ,
3143 5069 3237 5121 καὶ
3266 5067 3450 5139 ἕτερον
3481 5065 3570 5119 τὸν
3601 5067 3666 5116 ἐκ
3693 5063 3821 5118 Μα-

639 5242 660 5271 ¹
703 5238 837 5295 Luc.
881 5257 933 5300 I.
965 5243 1052 5297 54.
1138 5243 1158 5274 ⁸
1200 5243 1329 5298 ibid.
1365 5245 1454 5298 35.
1533 5243 1555 5274 '*
1596 5243 1612 5295 l
1649 5243 1793 5299 Pe'tr.
1836 5261 1906 5304 ιν,
1952 5245 1996 5298 Ι.
2075 5247 2096 5276 ³⁵
2140 5242 2237 5298 Rm

2224 5259 2298 5297 ιιι.
2335 5261 2429 5297 vm
2455 5284 2471 5308 ,
2537 5244 2626 5298 52.
2707 5245 2728 5276 ⁶
2768 5244 2998 5298 Malach.
3038 5261 3138 5308 ιιι,
3172 5245 3226 5298 6.
3320 5245 3338 5274 "
3380 5239 3398 5292 1
3432 5240 3556 5294 Cor.
3595 5257 3684 5306 xv,
3722 5241 3818 5296 '35.

543 5311 566 5342 ⁸
605 5310 736 5365 ibid.
773 5314 826 5365 5.
903 5314 924 5344 ⁹
966 5316 1085 5368 Act.
1123 5329 1198 5376 ιι,
1229 5313 1322 5368 24.
1402 5315 1445 5346 ¹⁰
1489 5312 1635 5368 Psal.
1671 5331 1798 5380 Clx,
1838 5316 1886 5368 l.
1965 5317 2004 5347 ’ί
2050 5315 2139 5368 lC

1402 5315 1445 5346 ¹⁰
1489 5312 1635 5368 Psal.
1671 5331 1798 5380 Clx,
1838 5316 1886 5368 l.
1965 5317 2004 5347 ’ί
2050 5315 2067 5368 l
2099 5315 2232 5368 Cor.
2269 5330 2314 5378 ι,
2353 5315 2442 5368 ‘24.
2529 5317 2570 5346 "
2613 5315 2631 5367 Ι
2667 5314 2795 5370 Cor.
2831 5331 2904 5381 tv,
2941 5315 2992 5368 5.

616 5488 692 5576 gl)
731 5489 887 5550 Hunc
908 5494 1104 5576 locum
1122 5513 1187 5554 ex
1227 5497 1432 5572 Cyrillo
1470 5501 1837 5565 restituimus,
1875 5501 1926 5554 in
1959 5499 2123 5556 editis

2277 5501 2376 5576 __(4_)
2416 5501 2493 5555 Ita
2523 5500 2784 5573 Cyrillus.
2821 5497 2966 5565 Haec,
3009 5499 3100 5550 καὶ
3134 5495 3463 5566 ἀκράτητος,
3493 5491 3721 5546 domm
3763 5490 3823 5544 ίη

545 5563 790 5640 "92MB-
807 5566 1058 5640 πηιειίιιιω
1089 5563 1460 5640 laceruinque-
1825 5563 1831 5565 '
2227 5563 2408 5626 editis.

618 5630 1056 5712 (ελδερ-βψω.
1098 5638 1248 5712 [aditi
1281 5630 1432 5706 vero,
1469 5641 1594 5705 Πῶς
1629 5642 1780 5695 ἔσται
1813 5659 1904 5712 μοι
1943 5641 2123 5695 τοῦτο.

2304 5642 2378 5709 (5)
2418 5641 2578 5710 Φησὶ,
2610 5641 2771 5712 deest
2822 5638 2966 5712 apud
3002 5636 3290 5712 Cyrillum.
3327 5633 3703 5712 lbidetn,_q_uz_e
3725 5645 3825 5685 se-

552 5699 1474 5794 ιιιξξκιῖγςξιιλελετγε,Πνε-ῡμα.,ἠ
1549 5699 1600 5794 ,ξ’
1957 5781 1992 5794 η
2065 5779 2098 5794 ,,

2232 5699 2651 5794 quunturipost,
2683 5711 2789 5764 ὑπὸ
2806 5699 2906 5794 Ξόῦ
2944 5699 3200 5794 θανάτου,
3235 5720 3407 5794 usque
3429 5703 3519 5768 ad,
3557 5699 3619 5756 Εἰ
3648 5701 3704 5758 δέ
3737 5716 3827 5764 τις

623 5773 712 5852 (ὀὶ
751 5773 1047 5854 Ἀληθινὸς,
1083 5778 1236 5834 deest
1262 5773 1408 5852 apud
1435 5781 1718 5854 Cyrillum.
1755 5781 1872 5837 Mox
1896 5823 1910 5849 ,
1953 5779 2131 5852 Cyril-

1788 5781 1872 5837 [cx
1896 5823 1910 5849 ,
1953 5779 2131 5852 Cyril-
2236 5773 2386 5851 τιαρά
2405 5773 2596 5844 ταῦτα,
2626 5797 2734 5836 non
2768 5780 3072 5834 aﬂeruutur
3104 5793 3136 5832 a
3162 5773 3386 5847 Cyrillo.

547 5845 654 5910 ius,
680 5845 868 5918 ῶσπερ
899 5848 1225 5918 γέγραπται.
