4048 6406
556 334 628 392 δι
1730 349 1788 404 S.
1827 346 2137 403 ATHANAE

2238 346 2291 403 5.
2323 376 2396 389 -—
2431 345 2660 404 DUBIA.
3756 346 3822 401 52

562 466 698 516 tur:
736 476 759 513 ι
785 459 926 517 Cum
953 476 1256 522 conversus
1282 464 1448 521 fuerit
1481 465 1550 520 ad
1585 465 1900 532 Dominum,
1926 465 2137 524 aufere-

2243 465 2424 536 λέγει·
2462 484 2481 518 ι
2515 467 2686 520 Ὅταν
2733 463 3035 534 ἐπιστρέψῃ
3087 463 3225 536 πρὸς
3256 464 3486 538 Κύριον,
3518 467 3821 537 περιαιρεῖ-

566 559 658 606 tur
687 552 956 610 velamen.
991 555 1254 613 Dominus
1275 565 1460 612 autem
1499 555 1740 626 Spiritus
1765 565 1890 613 est:
1926 557 2022 613 ubi
2050 573 2148 614 au-

565 650 674 698 tem
705 643 946 717 Spiritus
966 645 1206 715 Domini,
1236 649 1312 704 ibi
1337 648 1566 705 libertas
1589 650 1655 704 ¹⁸.
1687 669 1708 704 ι

1063 759 1117 830 3
1147 759 1202 814 2.
1228 757 1308 814 De
1335 760 1701 830 viviﬁcatione.

530 875 533 879 -
639 847 779 904 Dicit
823 848 1162 907 Salvatoru
1219 849 1376 907 Sicut
1425 851 1587 909 Pater
1629 853 1862 909 suscitat
1900 862 2146 910 mortuos

562 946 618 993 et
645 941 904 1007 viviﬁcat,
943 943 1023 999 sic
1057 949 1112 998 et
1152 941 1348 1010 Filius,
1392 959 1533 1016 quos
1575 947 1710 1010 vult,
1751 945 2074 1000 viviﬁcat".
2119 965 2139 999 ι

561 1029 640 1085 De
673 1031 877 1104 Spiritu
909 1044 1104 1091 sancto
1129 1035 1256 1090 item
1291 1037 1367 1092 ait
1395 1055 1410 1094 :
1447 1057 1466 1091 ι
1504 1038 1744 1109 Spiritus
1771 1045 1857 1094 est
1886 1038 1978 1109 qui
2006 1037 2144 1094 vivi-

562 1116 710 1184 ficat,
755 1136 884 1176 caro
921 1137 1031 1178 non
1071 1125 1296 1194 prodest
1326 1127 1624 1199 quidquam
1650 1128 1715 1182 ¹⁷.
1749 1148 1768 1180 ι
1808 1127 1872 1184 Ει
1909 1127 2144 1200 Aposto-

560 1210 648 1267 lus
679 1230 694 1267 :
731 1231 750 1264 ι
781 1211 987 1270 Littera
1021 1217 1244 1286 occidit,
1279 1219 1517 1291 Spiritus
1544 1220 1862 1277 viviﬁcat“.
1905 1239 1927 1274 ι

1073 1395 1127 1451 5.
1166 1395 1244 1451 De
1270 1397 1624 1454 ordinatione.

629 1482 705 1538 De
734 1482 897 1543 Patre
939 1485 1144 1546 Paulus
1193 1492 1310 1546 ait:
1349 1512 1368 1544 ι
1401 1492 1754 1550 PosuitDeus
1785 1494 1841 1550 in
1867 1493 2136 1559 Ecclesia.

556 1575 820 1646 primum.
883 1581 1196 1650 apostolos;
1255 1584 1522 1647 secundo,
1585 1585 1920 1654 prophetas;
1954 1587 2135 1650 tertio,

557 1668 854 1736 magistros
875 1671 938 1734 ",
980 1691 998 1724 ι
1028 1683 1135 1729 etc.
1161 1672 1237 1730 De
1265 1673 1424 1740 Filio,
1461 1675 1604 1732 idem
1638 1674 1934 1746 Apostolus
1965 1677 2135 1733 dicit:

562 1777 582 1812 ι
621 1759 726 1826 Qui
777 1763 1103 1831 descendit,
1147 1767 1265 1838 ipse
1297 1777 1403 1828 est.
1453 1776 1508 1824 et
1538 1771 1632 1840 qui
1678 1771 1928 1826 ascendit
1971 1785 2137 1840 supra

2245 576 2337 613 ται
2361 559 2422 613 τὸ
2449 559 2733 629 κάλυμμα.
2769 557 2830 610 '0
2855 556 2914 611 δὲ
2945 555 3150 628 Κύριος
3192 555 3254 610 τὸ
3280 556 3508 628 Πνεῦμά
3539 559 3686 613 ἐστιν
3705 573 3719 587 ⁸
3763 551 3822 613 οὗ

2242 650 2304 706 δὲ
2337 649 2400 704 τὸ
2421 648 2646 721 Πνεῦμα
2665 647 2897 722 Κυρίου,
2929 650 3046 702 ἐκεῖ
3068 646 3348 721 ἐλευθερία
3387 649 3520 720 (Η).
3559 667 3580 702 ι

2683 761 2738 816 2.
2778 760 2919 831 Περὶ
2951 760 3374 829 ζωοποιήσεως.

2319 855 2485 925 Λέγει
2507 855 2770 928 ὀΣωτήρ·
2811 873 2830 906 ι
2858 855 3070 926 Ὥσπερ
3090 855 3118 907 6
3137 854 3327 924 Πατὴρ
3358 851 3558 925 ἐγείρει
3585 864 3711 917 τους
3736 869 3822 907 νε-

2244 947 2408 1018 κροὺς
2438 946 2532 1000 καὶ
2557 945 2838 1011 ζωοποιεῖ,
2859 943 3031 1009 οὕτως
3057 945 3150 998 καὶ
3174 945 3203 996 6
3224 944 3347 1008 Υἱὸς
3377 943 3470 1008 οὓς
3495 944 3657 1006 θέλει,
3683 942 3816 1008 ζωο-

2244 1041 2416 1090 ποιεῖ·
2451 1056 2470 1089 ι
2505 1037 2600 1090 καὶ
2633 1039 2760 1108 περὶ
2783 1037 2874 1090 τοῦ
2903 1036 3219 1108 Πνεῦματός
3247 1053 3413 1109 φησι·
3455 1055 3473 1088 ι
3501 1037 3574 1090 T6
3597 1034 3818 1106 Πνεῦμά

2243 1130 2360 1183 ἐστι
2389 1128 2450 1183 τὸ
2482 1129 2808 1196 ζωοποιοῦν,
2853 1129 2887 1200 ἡ
2921 1127 3058 1200 σὰρξ
3081 1129 3182 1182 οὐκ
3211 1127 3411 1198 ὠφελεῖ
3434 1127 3604 1182 οὐδέν.
3635 1145 3655 1178 ι
3711 1125 3820 1179 Καὶ

2240 1221 2269 1272 6
2296 1220 2617 1284 Ἀπόστολος
2635 1237 2649 1252 ο
2678 1241 2697 1273 ι
2723 1220 2796 1274 T6
2817 1220 3050 1293 γράμμα
3078 1218 3423 1283 ἀποκτείνει,
3444 1219 3504 1272 τὸ
3522 1218 3578 1272 δὲ
3596 1217 3818 1288 Πνεῦμα

2242 1309 2516 1374 ζωοποιεῖ.
2530 1330 2550 1363 ι

2631 1404 2684 1458 5.
2721 1403 2830 1475 (12)
2871 1404 3010 1473 Περι
3043 1403 3431 1474 χειροτονίας.

2311 1495 2449 1568 Περὶ
2482 1496 2697 1568 Πατρδς
2721 1496 2934 1561 Παῦλος
2958 1495 3137 1566 λέγει’
3181 1514 3201 1549 ι
3227 1494 3420 1550 Ἐθετο
3439 1495 3470 1548 6
3503 1491 3636 1556 Θεὸς
3667 1492 3725 1545 ἐν
3751 1491 3817 1564 τῇ

2252 1586 2548 1658 Ἐκκλησία
2589 1587 2807 1659 πρῶτον
2839 1589 3172 1653 ἀποστόλους
3194 1628 3210 1654 ,
3235 1588 3486 1660 δεύτερον
3517 1587 3815 1658 προφήτας,

2239 1678 2420 1749 τρίτον
2449 1677 2796 1742 διδασκάλους
2815 1696 2828 1709 ·
2855 1698 2872 1730 ι
2904 1680 2996 1732 καὶ
3021 1678 3090 1732 τὰ
3117 1679 3264 1750 ἑξῆς.
3290 1679 3426 1751 Περὶ
3450 1677 3579 1732 Υίοῦ
3606 1679 3636 1732 6
3658 1677 3819 1742 αὐτὸς

2252 1770 2573 1834 Ἀπόστολος
2609 1771 2809 1841 φάσκει
2840 1771 2951 1842 (15)
2973 1787 2987 1802 ·
3038 1790 3057 1822 ι
3097 1771 3154 1825 '0
3187 1752 3430 1836 καταϐὰς
3453 1811 3468 1836 ,
3508 1769 3670 1834 αὑτός
3705 1770 3818 1822 ἐστι

557 1854 748 1919 οωιοε,
784 1867 842 1910 ιιι
883 1859 1131 1928 impleret
1174 1862 1380 1916 omnia.
1419 1860 1484 1916 Et
1523 1861 1640 1933 ipse
1689 1862 1839 1918 dedit
1884 1863 1986 1920 bos
2011 1864 2134 1934 qui-

2238 1863 2330 1916 καὶ
2355 1864 2384 1916 6
2412 1862 2614 1928 ἀναϐἀς
2635 1863 2772 1934 ὑπὲρ
2801 1863 2912 1916 ἄνω
2933 1861 3040 1916 τῶν
3058 1861 3320 1936 οὐρανῶν,
3355 1863 3440 1917 ἵνα
3468 1859 3727 1934 πληρώσῃ
3750 1859 3820 1915 τά

557 1945 682 2001 dem
717 1951 1018 2018 apostolos,
1073 1952 1196 2008 illos
1246 1955 1565 2024 prophetas,
1597 1957 1734 2012 alios
1777 1963 2028 2028 pastores
2082 1965 2137 2012 et

2238 1953 2436 2009 πάντα.
2454 1955 2566 2009 Καὶ
2593 1955 2754 2018 αὐτὸς
2783 1954 2948 2008 ἔδωκε
2971 1957 3096 2019 τοὺς
3133 1955 3229 2026 μὲν
3253 1953 3600 2017 ἀποστόλους,
3618 1953 3743 2016 τοὺς
3761 1952 3818 2006 δὲ

558 2041 934 2109 magistros".
969 2063 988 2097 ι
1027 2043 1103 2101 De
1143 2043 1374 2116 Spiritu,
1419 2047 1562 2102 idem
1612 2049 1906 2119 Apostolus
1930 2050 2137 2106 accitos

2238 2049 2552 2119 προφήτας,
2581 2047 2708 2110 τοὺς
2737 2045 2793 2100 δὲ
2824 2049 3089 2117 ποιμένας
3115 2047 3208 2100 καὶ
3229 2045 3601 2109 διδασκάλους.
3630 2064 3649 2097 ι
3683 2044 3819 2116 Περὶ

560 2129 744 2187 Mileto
775 2136 1126 2208 presbyteros
1182 2140 1264 2194 sic
1305 2140 1643 2211 alloquitur:
1681 2163 1700 2194 ι
1736 2142 2013 2198 Attendite
2041 2158 2138 2197 vo-

557 2219 643 2277 bis
687 2224 844 2292 ipsis,
893 2233 949 2280 et
979 2227 1236 2281 universo
1269 2229 1439 2300 gregi,
1478 2231 1530 2285 in
1588 2247 1698 2301 quo
1749 2247 1848 2287 vos
1898 2230 2136 2302 Spiritus

554 2327 780 2373 sanctus
813 2321 996 2389 posuit
1009 2322 1321 2394 episcopos,
1340 2328 1576 2394 pascere
1592 2324 1896 2381 Ecclesiam
1914 2324 2010 2382 Dei
2027 2327 2096 2380 ³¹.
2110 2346 2131 2380 ι

1073 2588 1128 2643 ι.
1162 2588 1240 2644 De
1267 2589 1617 2660 legislatione.

624 2675 701 2731 De
737 2675 900 2732 Patre
949 2678 1026 2732 ait
1094 2679 1260 2735 David
1293 2699 1307 2736 :
1347 2701 1365 2733 ι
1403 2680 1473 2736 Ut
1517 2680 1754 2738 facerem
1798 2683 2136 2739 voluntatem

554 2776 728 2832 tuam,
773 2769 915 2827 Deus
948 2787 1104 2828 meus
1150 2774 1321 2837 volui,
1359 2785 1413 2830 et
1449 2775 1620 2847 legem
1659 2785 1806 2831 tuam
1851 2775 1910 2831 in
1955 2776 2138 2832 medio

554 2863 764 2918 ventris
809 2865 915 2920 mei
933 2866 1000 2920 η.
1037 2885 1056 2916 ι
1097 2865 1174 2922 De
1224 2865 1363 2922 Filio
1403 2878 1588 2924 autem
1639 2868 1883 2926 Paulus:
1917 2888 1937 2923 ι
1985 2869 2137 2925 Alter

553 2955 782 3011 alterius
808 2972 975 3010 onera
999 2967 1236 3028 portate,
1263 2967 1317 3015 et
1347 2961 1428 3015 sic
1457 2960 1751 3031 adimplete
1781 2963 1950 3032 legem
1975 2960 2136 3018 Chri-

552 3046 624 3100 sti
647 3049 715 3096 ¹³.
757 3066 776 3100 ι
816 3047 893 3104 De
923 3047 1132 3119 Spiritu
1158 3051 1303 3108 idem
1335 3053 1452 3122 ipse
1481 3069 1496 3106 :
1531 3071 1551 3105 ι
1588 3052 1700 3110 Lex
1745 3053 1984 3126 Spiritus
2009 3054 2135 3112 vita

551 3139 609 3194 in
642 3140 865 3198 Christo
893 3141 1024 3199 Jesu
1052 3143 1308 3199 liberavit
1333 3147 1498 3202 me".
1547 3167 1568 3202 ι

1089 3337 1142 3395 5.
1185 3337 1264 3394 De
1305 3339 1602 3398 dominatu.

622 3427 794 3484 David
826 3430 939 3486 ait:
974 3449 994 3482 ι
1033 3431 1179 3486 Dixit
1230 3431 1494 3489 Dominus
1536 3431 1767 3488 Domino
1796 3447 1918 3488 meo
1948 3449 1964 3489 :
1997 3430 2139 3490 Sede

551 3535 583 3574 a
608 3521 820 3578 dextris
853 3523 992 3578 meis
1015 3524 1084 3580 ".
1124 3542 1143 3576 ι
1176 3523 1334 3590 Quod
1379 3525 1428 3580 si
1454 3525 1824 3595 obloquantur
1873 3525 2134 3593 haeretici,

551 3614 800 3672 dicentes
851 3617 985 3672 illud
1041 3616 1109 3672 ad
1157 3617 1418 3674 Davidem
1465 3619 1758 3689 pertinere,
1813 3617 1900 3674 bis
1931 3618 2134 3674 Christi

549 3707 733 3764 verbis
789 3718 1170 3781 coarguuntur
1217 3728 1230 3765 :
1274 3728 1294 3760 ι
1336 3710 1479 3776 Quid
1537 3710 1726 3766 dicitis
1764 3711 1832 3767 de
1875 3710 2138 3766 Christo?

551 3801 710 3870 cujus
759 3802 904 3858 ﬁlius
955 3803 1074 3857 est?
1113 3802 1326 3866 ,dicunt
1386 3802 1458 3865 ei,
1503 3800 1729 3858 Davidis
1769 3819 1784 3856 :
1838 3821 1857 3855 ι
1897 3819 2134 3874 respon-

551 3895 643 3949 det
676 3893 948 3951 Salvator:
987 3913 1007 3948 ι
1035 3895 1324 3964 Quomodo
1356 3911 1488 3966 ergo
1509 3895 1677 3951 David
1712 3897 1767 3951 in
1800 3895 2007 3968 Spiritu
2039 3912 2136 3952 vo-

551 3995 640 4042 cat
671 4001 797 4040 eum
837 3987 1129 4044 Dominum
1152 3990 1236 4044 “?
1273 4011 1292 4044 ι
1325 3991 1540 4047 Rursus
1569 3991 1638 4046 de
1665 3989 1830 4044 Patre
1862 4009 1875 4045 :
1913 4009 1932 4041 ι
1967 3989 2132 4052 Audi,

552 4078 744 4144 Israel,
790 4080 1052 4137 Dominus
1105 4080 1250 4138 Deus
1277 4093 1426 4148 tuus,
1471 4082 1616 4139 Deus
1648 4099 1792 4139 unus
1818 4083 2015 4136 est‘h
2060 4082 2136 4141 De

552 4171 694 4226 Filio
727 4182 909 4228 autem
929 4174 1006 4228 ait
1035 4193 1048 4229 :
1081 4175 1196 4245 (Π)
1237 4191 1257 4226 ι
1292 4173 1562 4232 Dominus
1584 4191 1649 4230 ex
1687 4175 1820 4229 Sion
1850 4175 2132 4239 clamabit,

553 4270 609 4316 et
641 4278 706 4317 ex
745 4265 886 4320 celo
929 4265 1083 4320 dabit
1123 4281 1312 4321 vocent
1347 4282 1527 4333 suam,
1559 4275 1615 4323 et
1640 4267 1988 4322 concutietur
2019 4281 2134 4322 cce-

2238 2137 2556 2209 Πνεύματος
2600 2139 2629 2191 6
2678 2138 2840 2202 αὐτὸς
2875 2138 3259 2209 μετακαλεῖται
3291 2139 3398 2192 ἀπὸ
3433 2138 3532 2209 τῆς
3573 2136 3814 2207 Μιλήτου

2234 2230 2360 2294 τοὺς
2382 2229 2804 2302 πρεσϐυτέρους,
2824 2232 2918 2284 κα)⁸
2940 2230 3086 2300 λέγει
3109 2231 3289 2293 αὐτοῖς
3305 2248 3319 2261 ο
3341 2250 3358 2280 ι
3372 2230 3672 2303 Προσέχετε
3701 2229 3820 2282 ἑαυ-

2234 2324 2365 2384 τοῖς,
2394 2323 2490 2374 καὶ
2515 2321 2678 2376 παντὶ
2707 2321 2784 2393 τῷ
2806 2323 3069 2393 ποιμενίῳ
3097 2323 3206 2394 (14)
3227 2363 3242 2387 ,
3265 2323 3324 2376 ὲν
3348 2315 3394 2390 ᾧ
3418 2323 3562 2393 ὑμᾶς
3590 2321 3739 2374 ἔθετο
3757 2319 3818 2374 τὸ

2235 2411 2460 2484 Πνεῦμα
2481 2413 2540 2466 τὸ
2565 2414 2720 2482 ἆγιον
2747 2415 3100 2479 ἐπισκόπους,
3131 2415 3438 2486 ποιμαίνειν
3465 2413 3562 2486 τὴν
3599 2411 3818 2486 Ἐκκλη·

2236 2501 2358 2557 σίαν
2386 2502 2482 2557 τοῦ
2505 2501 2663 2559 Θεοῦ.
2687 2522 2708 2556 ι

2707 2596 2761 2650 4.
2790 2596 2923 2665 Περὶ
2955 2597 3334 2666 νομοθεσίας.
3349 2597 3359 2616 '

2311 2688 2450 2760 Περὶ
2482 2689 2694 2761 Πατρδς
2724 2691 2752 2742 6
2783 2689 2948 2744 Δαυῒδ
2973 2689 3123 2758 λέγει
3145 2705 3160 2720 ο
3201 2709 3220 2740 ι
3241 2687 3347 2742 Τοῦ
3377 2689 3600 2760 ποιῆσαι
3638 2687 3700 2742 τὸ
3733 2687 3820 2743 θέ-

2233 2779 2388 2850 λημά
2429 2797 2544 2847 σου,
2572 2783 2600 2835 6
2625 2779 2756 2845 Θεός
2795 2799 2920 2853 μου,
2950 2781 3269 2854 ἐϐουλήθην,
3303 2781 3396 2835 κα)⁵
3425 2779 3514 2834 τὸν
3542 2780 3703 2852 νόμον
3725 2796 3816 2834 σου

2235 2873 2294 2925 ἐν
2339 2872 2490 2943 μέσῳ
2529 2873 2628 2946 τῆς
2671 2873 2878 2939 κοιλίας
2926 2892 3092 2946 μου.»
3146 2873 3283 2946 Περὶ
3326 2872 3456 2926 Υἱοῦ
3501 2875 3530 2927 6
3572 2870 3815 2936 Παῦλος·

2240 2983 2259 3014 ι
2297 2963 2565 3038 Ἀλλήλων
2601 2965 2670 3019 τά
2704 2966 2843 3038 βάρη
2879 2965 3177 3038 βαστάζετε
3197 3008 3213 3031 ,
3245 2968 3342 3022 καὶ
3372 2965 3543 3031 οὕτως
3575 2965 3818 3036 ἀναπλη-

2237 3055 2447 3127 ρώσατε
2495 3056 2588 3111 τὸν
2628 3059 2790 3131 νόμον
2809 3059 2918 3130 ,τοῦ
2949 3060 3205 3131 Χριστοῦ.
3233 3079 3251 3112 ι
3289 3061 3425 3132 Περὶ
3453 3058 3765 3130 Πνεῦματος
3789 3059 3820 3112 6

2235 3147 2430 3212 αὐτός’
2465 3166 2484 3200 ι
2521 3149 2578 3202 '0
2611 3149 2774 3221 νόμος
2813 3151 2905 3205 τοῦ
2939 3150 3254 3222 Πνεῦματος
3284 3154 3382 3223 τῆς
3416 3149 3559 3223 ζωῆς
3589 3152 3647 3206 ὲν
3680 3150 3817 3222 Χρι-

2159 3230 2202 3289 C
2237 3239 2346 3311 στῷ
2387 3241 2562 3312 Ἰησοῦ
2593 3241 2702 3316 (15)
2729 3243 3069 3314 ἠλευθέρωσέ
3107 3261 3195 3315 με.
3226 3264 3245 3296 ι

2712 3356 2766 3411 5.
2803 3356 2940 3426 Περὶ
2974 3358 3341 3427 κυριότητος.

2318 3445 2377 3500 '0
2408 3445 2572 3499 Δαυῒδ
2597 3445 2746 3516 λέγει
2767 3464 2780 3479 ·
2819 3465 2838 3498 ι
2870 3443 3038 3500 Εἶπεν
3075 3449 3104 3500 6
3131 3446 3334 3518 Κύριος
3366 3445 3442 3518 τῷ
3468 3445 3654 3517 Κυρίῳ
3675 3459 3778 3514 μου
3796 3455 3819 3478 ο

2235 3535 2420 3590 Κάθου
2448 3537 2512 3590 ὲκ
2542 3537 2731 3604 δεξιῶν
2770 3554 2924 3609 μου.»
2959 3538 3022 3590 Εἰ
3053 3537 3110 3590 δὲ
3139 3537 3508 3606 ἀντιλέγουσιν
3535 3537 3583 3589 οί
3617 3536 3826 3606 αἱρετι-

2236 3627 2323 3680 κοὶ
2353 3627 2638 3698 λέγοντες,
2669 3630 2750 3682 ὅτι
2777 3630 2857 3692 εἰς
2888 3628 2979 3682 τὸν
3013 3627 3178 3682 Δαυῒδ
3207 3628 3604 3699 ὲκλαμϐάνεται
3636 3625 3818 3689 τοῦτο,

2236 3719 2451 3791 ἐλέγχει
2479 3721 2677 3785 αὐτοὺς
2705 3722 2766 3774 τὸ
2789 3723 2939 3794 παρὰ
2956 3720 3050 3774 τοῦ
3080 3720 3335 3792 Σωτῆρος
3359 3719 3651 3790 λεγόμενον
3675 3733 3688 3746 ·
3716 3737 3733 3768 ι
3754 3716 3822 3770 Τί

2234 3811 2422 3880 λέγετε
2439 3813 2568 3884 περ).
2593 3812 2686 3865 τοῦ
2709 3813 2944 3885 Χριστοῦ
2969 3830 2984 3878 ;
3037 3813 3182 3876 τίνος
3221 3811 3368 3864 ἐστὶν
3395 3811 3545 3876 υίός;
3577 3810 3816 3879 λέγουσι’

2235 3904 2342 3958 Τοῦ
2375 3904 2558 3958 Δαυῖδ.
2611 3923 2630 3956 ι
2690 3905 3070 3977 Ἀποκρίνεται
3115 3905 3144 3956 6
3187 3902 3412 3974 Σωτήρ·
3477 3918 3496 3952 ι
3549 3903 3674 3964 Πῶς
3725 3896 3821 3955 οὖν

2237 3995 2399 4048 Δαυῖδ
2431 3997 2488 4049 ὲν
2519 3994 2794 4065 Πνεύματι
2820 3996 2960 4066 ἁγίῳ
2974 3994 3178 4066 Κύριον
3197 3992 3360 4046 αὐτὸν
3386 3991 3576 4056 καλεῖς
3611 4009 3628 4042 ι
3658 3990 3822 4046 πάλιν

2237 4083 2365 4154 περὶ
2389 4083 2500 4153 (16)
2529 4081 2622 4135 τοῦ
2657 4082 2887 4154 Πατρόςο
2930 4101 2949 4134 ι
2982 4085 3201 4142 Ἀκουε,
3246 4080 3495 4154 Ἰσραὴλ,
3541 4081 3748 4153 Κύριος
3791 4081 3822 4134 6

2236 4175 2369 4239 Θεός
2398 4191 2514 4237 σου,
2539 4173 2745 4245 Κύριος
2769 4171 2851 4238 εἷς
2879 4177 3014 4229 ἐστι.
3049 4193 3068 4226 ι
3107 4175 3242 4246 Περὶ
3264 4173 3321 4227 δὲ
3346 4173 3439 4228 τοῦ
3465 4171 3622 4238 nos,
3647 4173 3821 4242 λέγει·

2241 4285 2260 4318 ι
2285 4266 2340 4320 '0
2355 4265 2411 4319 δὲ
2424 4265 2626 4338 Κύριος
2641 4267 2704 4320 ὲκ
2716 4263 2851 4318 Σιὼν
2861 4264 3247 4338 ἁνακράξεται,
3260 4266 3356 4320 καὶ
3370 4265 3427 4333 ἐξ
3442 4265 3501 4318 οὐ
3511 4265 3672 4338 ρανοῦ
3687 4263 3824 4335 (17')

553 4355 666 4408 lum
707 4364 760 4411 et
794 4365 959 4413 terra.
1003 4357 1271 4417 Dominus
1301 4371 1486 4416 autem
1537 4369 1729 4432 parcet
1763 4362 1966 4432 populo
2009 4376 2132 4424 suo,

2238 4355 2394 4410 δώσει
2427 4355 2526 4426 τὴν
2557 4355 2741 4424 φωνὴν
2771 4354 2957 4416 αὑτοῦ,
2992 4354 3086 4408 καὶ
3119 4355 3461 4426 σεισθήσεται
3516 4354 3544 4405 6
3596 4351 3829 4424 οὐρανὸς

553 4455 609 4502 et
636 4448 970 4505 confortabit
1020 4450 1285 4507 Dominus
1319 4452 1460 4508 ﬁlios
1507 4453 1694 4510 Israel.
1723 4453 1790 4508 Et
1831 4469 2134 4528 cognosce-

2238 4447 2331 4502 καὶ
2358 4449 2392 4519 ή
2414 4448 2504 4518 γῆ.
2551 4447 2608 4499 '0
2629 4446 2686 4499 δὲ
2710 4446 2908 4518 Κύριος
2954 4447 3196 4516 φείσεται
3227 4446 3320 4500 τοῦ
3335 4443 3462 4498 λαοῦ
3497 4442 3660 4498 αὐτοῦ
3681 4483 3696 4508 ,
3728 4442 3828 4496 καὶ

554 4537 626 4592 tis
675 4539 820 4609 quod
851 4557 952 4611 ego
985 4543 1087 4597 sim
1121 4540 1388 4598 Dominus
1424 4542 1566 4598 Deus
1591 4551 1793 4608 vester,
1824 4545 1916 4615 qui
1952 4545 2135 4600 taber-

2238 4537 2505 4610 ἐνισχύσει
2535 4536 2738 4610 Κύριος
2765 4539 2890 4602 τοὺς
2921 4539 3070 4602 υἱοὺς
3113 4537 3348 4609 Ἰσραήλ.
3395 4537 3508 4590 Καὶ
3535 4532 3830 4603 ἐπιγνώσε-

553 4624 811 4678 naculum
845 4629 1002 4696 posui
1040 4630 1094 4683 in
1137 4629 1292 4697 Sion,
1338 4631 1394 4684 in
1426 4640 1612 4687 monte
1660 4635 1934 4689 sancto”.
1975 4653 1994 4686 ›
2029 4633 2134 4700 Qui

2244 4631 2336 4684 σθε
2363 4671 2378 4693 ,
2408 4632 2489 4684 ὅτι
2518 4627 2628 4698 ἐγώ
2671 4629 2786 4700 είμι
2821 4628 3024 4700 Κύριος
3051 4631 3080 4682 6
3109 4628 3241 4691 Θεὸς
3268 4625 3420 4696 ὑμῶν
3443 4667 3458 4690 ,
3489 4626 3516 4678 6
3548 4640 3830 4694 κατασκη-

551 4715 973 4770 tabernaculum
997 4727 1180 4774 autem
1205 4719 1410 4791 posuit,
1447 4720 1501 4775 id
1535 4730 1619 4776 est
1646 4720 1840 4786 Filius,
1867 4724 1982 4778 haec
2016 4724 2091 4778 ait
2117 4739 2131 4774 :

2242 4721 2420 4786 νὼσας
2451 4725 2508 4775 ὲν
2541 4719 2679 4775 Σιὼν
2697 4762 2710 4785 ,
2746 4723 2802 4775 ὲν
2825 4720 2940 4793 ὄρει
2961 4721 3120 4790 ἁγίῳ.
3145 4739 3164 4772 ι
3210 4719 3267 4771 '0
3295 4718 3350 4771 δὲ
3371 4713 3829 4786 κατασκηνὼσας,

557 4825 576 4857 ι
609 4805 721 4878 Ego
751 4816 934 4865 autem
959 4814 1300 4870 constitutus
1326 4829 1449 4870 sum
1484 4830 1580 4870 rex
1613 4816 1683 4871 ab
1710 4833 1778 4873 eo
1805 4831 1972 4887 super
2000 4815 2134 4871 Sion

2241 4816 2362 4885 ἦτοι
2401 4816 2431 4868 6
2473 4814 2634 4879 Υἱὸς,
2667 4814 2844 4882 λέγειν
2881 4831 2898 4864 ι
2929 4811 3072 4882 Ἐγὼ
3100 4811 3157 4865 δὲ
3195 4809 3532 4881 κατεστάθην
3573 4806 3829 4880 βασιλεὺς

623 4976 666 5010 ⁸³
711 4975 752 5028 ll
783 4977 912 5034 Cor.
951 4998 1044 5042 ιιι,
1081 4983 1184 5043 l6,
1219 4982 1306 5038 17.
1417 4981 1462 5012 ¹⁶
1500 4979 1658 5036 Joan.
1691 4996 1726 5032 v
1756 5018 1771 5040 ,
1805 4976 1922 5032 ΞΗ
2000 4979 2042 5010 ³⁷
2083 4977 2137 5034 Jc

2238 5023 2242 5034 .
2295 4994 2380 5043 vt,
2441 4979 2534 5034 64.
2628 4979 2673 5014 ⁸⁸
2707 4975 2752 5031 Il
2785 4976 2913 5032 Cor.
2969 4988 3064 5037 ιιι,
3094 4971 3154 5043 ϐ.
3261 4975 3304 5006 ¹⁹
3337 4970 3355 5024 l
3387 4968 3514 5043 Cor.
3550 4985 3625 5043 ιιιι
3651 5011 3704 5043 .__
3731 4970 3826 5025 28.

551 5047 599 5079 ὀ
638 5045 837 5116 Ephes.
875 5067 949 5114 ιν,
990 5039 1090 5116 l0,
1129 5039 1216 5108 ll.
1295 5055 1338 5086 ἰ
1379 5051 1501 5108 Act.
1539 5068 1631 5112 xx.
1669 5039 1765 5103 98.
1839 5049 1884 5079 "
1924 5047 2070 5104 Psal.
2106 5067 2137 5104 ι

2242 5067 2298 5111 ι,
2333 5039 2386 5105 9⁷.
2465 5051 2512 5082 ⁸³
2549 5049 2728 5106 Galat.
2759 5064 2848 5110 νι,
2879 5044 2935 5098 2.
3011 5045 3058 5076 “
3093 5041 3256 5100 Rom.
3293 5057 3424 5105 vm,
3455 5039 3510 5094 2.
3585 5041 3633 5074 "
3671 5039 3824 5099 Psal.

549 5132 662 5178 cxx.
697 5119 750 5175 1.
789 5121 835 5151 ⁸⁸
871 5121 1060 5180 Matth.
1095 5139 1232 5188 ml,
1268 5123 1372 5189 42,
1403 5122 1495 5178 43.
1573 5123 1617 5153 ’⁷
1657 5121 1816 5176 Deut.
1844 5133 1938 5184 vt,
1973 5120 2029 5174 4.
2105 5122 2137 5153 ³⁸

2238 5123 2304 5177 ιθι
2340 5137 2437 5188 ιιι,
2473 5119 2563 5177 16.

2000 4979 2042 5010 ³⁷
2083 4977 2242 5035 Joan.
2295 4994 2380 5043 vt,
2441 4979 2534 5034 64.
2628 4979 2673 5014 ⁸⁸
2707 4975 2752 5031 Il
2785 4976 2913 5032 Cor.
2969 4988 3064 5037 ιιι,
3094 4971 3154 5043 β.

625 5302 738 5371 (ll)
777 5302 852 5356 T6
883 5304 1036 5359 deest
1063 5305 1119 5359 in
1149 5305 1282 5360 edit.
1318 5305 1586 5361 Commel.
1624 5313 1678 5360 et
1704 5305 1957 5363 Vatican.
1989 5307 2133 5373 Mox,

554 5373 690 5445 ἐκεῖ,
719 5373 874 5445 deest
906 5377 959 5429 in
985 5375 1178 5430 iisdem
1207 5375 1340 5445 {sed
1373 5377 1628 5445 leguntur
1651 5376 1735 5433 ha:
1763 5393 1928 5434 voces
1955 5379 2009 5433 in
2037 5380 2139 5432 An-

555 5443 792 5517 glicano,
825 5444 990 5517 Basil.
1028 5453 1082 5517 et
1124 5447 1178 5498 in
1213 5444 1409 5517 (ξιξερο
1432 5443 1748 5517 Scriptura;
1786 5457 1959 5505 textu.
1991 5448 2135 5514 Mox,

555 5513 895 5591 Basiliensis.
920 5515 1229 5591 Anglican”
1247 5513 1731 5591 Vaticanusfﬁspi
1751 5517 2065 5591 ζωοποιίας.

631 5583 744 5654 (12)
787 5583 1026 5648 Titulus,
1067 5585 1205 5654 Περὶ
1244 5587 1640 5654 χειροτονίας,
1676 5583 1848 5644 ’ἀερει
1897 5591 1952 5644 in
2002 5589 2134 5644 edit.

559 5653 826 5730 Coruine}.
855 5653 1204 5730 et_‘\iati_cau.2
1226 5653 1339 5730 sed
1358 5665 1445 5712 est
1465 5659 1528 5730 i_n_
1547 5653 1713 5730 Basil.
1737 5668 1792 5714 et
1816 5660 2029 5730 Anglic.

633 5724 744 5794 (l3)
783 5724 1124 5790 Basiliensis,
1170 5723 1432 5783 διδάσκει.
1479 5727 1604 5784 Mox
1648 5729 1812 5797 idem,
1861 5723 2138 5800 ὑπεράνω,

561 5810 670 5850 una
702 5809 853 5870 voce.

2319 5305 2430 5378 (Η)
2470 5304 2575 5378 εἰσ
2595 5318 2788 5362 omnes
2812 5320 2948 5362 mss.
2977 5312 3032 5362 et
3052 5304 3205 5360 editi.
3239 5302 3301 5359 Ιιι
3335 5303 3458 5358 Act.
3483 5310 3660 5372 apost.
3691 5301 3800 5374 legi
3821 5332 3834 5340 -

2240 5376 2354 5439 tur,
2385 5376 2646 5445 ποιμνίῳ.

2313 5447 2425 5516 (l5)
2477 5443 2652 5516 Ἰησοῦ
2693 5445 2849 5502 abest
2879 5461 2910 5500 a
2945 5445 3112 5502 Basil.
3143 5451 3200 5501 et
3229 5443 3443 5515 Anglic.
3482 5443 3594 5500 Nec
3625 5445 3696 5500 ab
3733 5445 3829 5500 in-

2239 5523 2481 5586 terprete
2500 5516 2721 5586 lectum
2761 5525 2865 5572 est.

2314 5583 2426 5657 (lli)
2464 5585 2598 5657 Περί
2621 5586 2776 5657 deest
2796 5589 2851 5641 in
2875 5585 3059 5645 editis.
3088 5583 3186 5640 sed
3208 5585 3406 5654 legitur
3427 5583 3483 5638 in
3503 5583 3829 5647 Bastfiensi,

2241 5653 2626 5724 Anglicano'et
2656 5653 2946 5712 Vaticano.

2315 5721 2437 5796 (17)
2466 5723 2565 5796 Hic
2596 5725 2876 5796 Dominus,
2914 5740 3012 5796 pro
3040 5721 3180 5778 Filio
3199 5724 3559 5796 intelligitur.

2314 5792 2362 5867 (i
2376 5794 2449 5861 7‘)
2490 5795 2828 5863 Basiliensis,
2857 5792 3094 5868 Anglic,
3128 5795 3220 5848 καὶ
3242 5792 3302 5860 ἐξ
3333 5793 3712 5866 Ἰερουσαλήμ.
