4048 6406
248 354 297 410 33
983 359 1071 415 DE
1110 358 1430 417 COMMUNI
1468 360 1812 417 ESSENTIA
1849 363 2105 421 PATRIS
2145 368 2237 424 ET
2278 369 2441 427 FILII
2483 371 2573 425 ET
2615 372 2796 431 SPIB.
2842 373 2901 429 S.
3489 381 3561 436 54

245 478 487 535 ὑπἀὐτοῦ
520 482 634 535 ἐπὶ
668 483 824 541 Σιὼν
853 484 974 557 ὅρος
998 484 1058 537 τὸ
1074 483 1227 553 ἅγιον
1253 484 1440 551 αὐτοῦ,
1462 504 1482 537 ι
1508 487 1602 539 καὶ
1620 485 1689 538 τά
1710 485 1861 558 ἑξῆς.

1970 496 2210 545 montem
2245 500 2501 546 sanctum
2542 494 2765 564 ejusi",
2801 513 2820 546 ι
2846 500 2955 549 etc.
2999 491 3077 548 De
3118 491 3327 565 Spiritu
3376 473 3599 553 autem.

245 570 417 661 11:91.6}.
446 572 560 626 τοῦ
593 575 947 647 Πνεύματος
984 575 1185 641 εἰπὼν,
1231 577 1312 629 ὅτι
1350 593 1370 628 ι
1394 573 1564 631 Εἶπεν
1591 579 1621 630 6
1653 578 1861 650 Κύριος

243 661 296 732 τῷ
318 663 514 734 Κυρίῳ
575 683 702 735 μου
728 706 746 731 ,
784 686 805 718 ι
841 666 1187 731 ὑποκαταϐὰς
1239 668 1390 736 λέγει
1432 684 1446 696 ·
1513 669 1624 723 Καὶ
1656 670 1864 742 Κύριος

243 755 286 807 ἐκ
316 754 512 821 δεξιῶν
566 774 683 811 σου
708 775 724 788 ·
757 778 778 812 ι
838 759 934 813 τοῦ
962 755 1052 814 οῦν
1083 758 1210 812 Υίοῦ
1257 760 1418 814 πάλιν
1451 762 1515 815 ἐκ
1556 759 1750 825 δεξιῶν
1800 761 1863 815 τὸ

241 846 459 918 Πνεῦμα.

242 1023 280 1077 6.
300 1025 407 1099 '_'0rt
430 1028 468 1099 ὁ
494 1025 739 1095 Πατὴρ
766 1027 1129 1099 Κύριονλβ8)
1154 1026 1261 1081 τὸν
1294 1028 1432 1082 Υὶὸν
1465 1028 1669 1095 καλεῖ,
1700 1031 1798 1084 καὶ
1829 1033 1863 1084 ό

304 1097 705 1168 ’ᾼπόστολος
742 1098 834 1168 ,τὸ
868 1097 1119 1166 Πνεῦμα
1154 1099 1253 1153 καὶ
1302 1100 1521 1168 Κύριον
1560 1102 1659 1153 καί
1713 1101 1864 1154 Θεὸν

294 1165 469 1237 λέγει,
506 1167 601 1233 ὡς
637 1167 759 1222 καὶ
792 1168 906 1222 τὸν
938 1165 1087 1223 Υἰόν.

300 1302 596 1375 Λέγειγὰρ
634 1301 869 1366 οὕτως’
909 1303 1046 1356 «Καὶ
1082 1302 1610 1376 ἕσταιμετάταῦτα·
1657 1304 1864 1376 Ἐκχεῶ

246 1396 335 1449 ἀπο
349 1394 436 1447 τοῦ
462 1393 828 1463 Πνεῦματός
852 1412 955 1466 μου
982 1396 1071 1448 ἐπὶ
1099 1397 1276 1449 πᾶσαν
1304 1396 1501 1467 σάρκα,
1522 1397 1618 1450 καὶ
1642 1415 1863 1469 προφη-

247 1487 503 1541 τεύσουσιν
527 1488 583 1539 οί
620 1488 750 1539 υἱοὶ
783 1487 946 1557 ὑμῶν
965 1527 979 1552 ,
1007 1489 1182 1563 καλιαί
1210 1489 1506 1562 θυγατέρες
1547 1490 1702 1561 ὑμῶν
1720 1529 1735 1554 ,
1770 1490 1865 1545 καὶ

249 1578 678 1651 οἱπρεσϐύτεροι
724 1579 889 1650 ὑμῶν
920 1580 1143 1635 ἐνύπνια
1173 1582 1683 1653 ἐνυπνιασθήσονται
1708 1624 1723 1647 ,
1762 1583 1857 1636 καὶ

246 1676 286 1727 οἱ
308 1674 581 1727 νεανίσκοι
612 1671 792 1744 ὑμῶν
816 1672 1039 1745 ὁράσεις
1078 1674 1321 1744 ὄψονται.
1370 1676 1479 1729 Καί
1508 1694 1573 1745 γε
1607 1678 1702 1729 ἐπὶ
1732 1678 1862 1740 τοὺς

248 1763 441 1826 δούλους
481 1779 615 1833 μου,
646 1763 761 1815 καὶ
792 1763 891 1814 ἐπὶ
914 1764 1012 1827 τὰς
1032 1764 1224 1830 δούλας
1252 1782 1352 1836 μου
1381 1767 1440 1821 ἐν
1465 1770 1586 1830 ταῖς
1613 1768 1859 1839 ἡμέραις

1965 591 2161 637 sancto
2188 584 2270 638 sic
2305 586 2527 640 loculus
2551 605 2565 641 :
2590 605 2609 637 ι
2636 585 2784 641 Dixit
2804 586 3074 642 Dominus
3102 586 3336 643 Domino
3369 606 3509 654 meo,
3535 610 3554 642 ι

1964 672 2200 729 inferius
2234 675 2311 729 ait
2340 676 2399 739 εξ»
2432 674 2705 732 Dominus
2736 693 2769 732 a
2796 678 3006 735 dextris
3032 680 3223 735 tuis”.
3250 681 3561 739 iAdextris

1963 764 2134 835 igitur
2158 764 2286 819 Filii
2317 773 2403 821 est
2437 764 2702 837 Spiritus.

2034 1013 2086 1067 6.
2114 1010 2271 1076 Quod
2292 1020 2341 1066 et
2372 1010 2540 1066 Pater
2575 1020 2719 1066 vocet
2741 1010 2966 1074 Filium,
2995 1010 3281 1064 Dominum
3314 1027 3333 1065 :
3355 1020 3404 1065 et
3426 1010 3560 1079 Apo-

1962 1082 2135 1136 stolus
2166 1082 2448 1149 Spiritum,
2472 1083 2759 1137 Dominum
2781 1098 2843 1135 ac
2869 1081 3037 1136 Deum
3063 1082 3313 1147 nominet,
3343 1084 3558 1150 perinde

1962 1163 2121 1223 atque
2161 1152 2387 1206 Filium.

2034 1306 2115 1362 lta
2158 1308 2306 1365 enim
2363 1308 2546 1364 dicit:
2594 1327 2613 1361 ι
2643 1307 2710 1362 Et
2737 1307 2843 1364 erit
2874 1320 2999 1379 post
3040 1308 3155 1364 haec
3201 1328 3215 1364 :
3268 1308 3553 1363 Ell‘undam

1964 1400 2032 1456 de
2056 1401 2265 1472 Spiritu
2308 1417 2431 1457 meo
2460 1417 2624 1472 super
2648 1416 2864 1456 omnem
2899 1416 3145 1468 carnem,
3179 1410 3233 1455 et
3262 1401 3555 1471 propheta-

1962 1493 2102 1548 bunt
2136 1493 2231 1548 ﬁlii
2271 1494 2477 1561 vestri,
2515 1501 2570 1549 et
2617 1495 2743 1548 tiliae
2797 1502 3016 1555 vestrae,
3068 1500 3122 1548 et
3172 1509 3332 1549 senes
3383 1493 3553 1547 vestri

1963 1585 2181 1640 somnia
2210 1585 2586 1650 somniahunt,
2624 1593 2678 1640 et
2713 1584 2946 1653 juvenes
2986 1585 3156 1639 vestri
3204 1586 3443 1641 visiones
3472 1585 3549 1640 vi-

1963 1678 2194 1734 debunt.
2238 1676 2346 1733 Sed
2373 1687 2428 1733 et
2461 1692 2628 1748 super
2656 1692 2847 1732 servos
2880 1692 3055 1740 meos,
3091 1685 3145 1732 et
3185 1693 3351 1748 super
3385 1677 3559 1732 ancil-

1964 1770 2045 1824 las
2075 1784 2227 1824 meas
2245 1769 2301 1823 in
2328 1768 2523 1824 diebus
2545 1769 2655 1825 illis
2677 1767 2953 1823 eil‘undam
2976 1768 3045 1824 de
3072 1767 3279 1839 Spiritu
3308 1784 3429 1824 meo
3460 1783 3556 1823 su-

246 1856 465 1919 ὲκείναις
485 1896 502 1920 ,
538 1855 742 1926 ἐκχεῶ
787 1855 904 1908 ἀπὸ
941 1854 1033 1908 τοῦ
1066 1856 1381 1927 Πνεύματός
1413 1876 1512 1929 μου
1544 1859 1637 1912 ἐπὶ
1680 1860 1862 1912 πᾶσαν

1970 1876 2061 1931 per
2088 1876 2308 1915 onmem
2342 1876 2589 1925 carnem,
2630 1870 2684 1916 et
2701 1860 3131 1932 prophetabunt,
3164 1867 3219 1914 et
3251 1860 3395 1915 dabo
3427 1876 3552 1931 pro-

246 1948 406 2018 σάρκα
425 1987 439 2010 ,
462 1947 578 1999 καὶ
608 1945 1074 2019 προφητεύσουσι
1094 1987 1109 2012 ,
1152 1949 1248 2001 κα).
1279 1947 1435 2001 δώσω
1461 1949 1662 2021 τέρατα
1690 1953 1750 2003 ὲν
1777 1949 1855 2021 τῷ

242 2038 442 2110 οὖρανῷ
468 2039 615 2105 ἄνω,
647 2041 755 2093 καὶ
781 2042 989 2111 σημεῖα
1010 2042 1101 2093 ἐπὶ
1122 2041 1219 2110 τῆς
1246 2041 1351 2111 γῆς
1376 2044 1545 2107 κάτω,
1573 2038 1734 2114 αἷμα,
1766 2045 1860 2097 καὶ

243 2133 370 2204 πῦρ,
402 2134 501 2186 καὶ
526 2133 756 2205 ἀτμίδα
791 2133 1027 2187 καπνοῦ.
1075 2135 1130 2186 Ὀ
1158 2135 1308 2205 ἣλιος
1340 2140 1859 2209 μεταστραφήσεται

239 2227 313 2288 εἰς
336 2226 532 2291 σκότος
553 2264 569 2288 ,
614 2226 721 2279 καὶ
759 2226 795 2297 ἠ
843 2226 1039 2297 σελήνη
1072 2228 1151 2291 εἰς
1177 2222 1314 2298 αἷμα
1334 2267 1349 2291 ,
1382 2230 1512 2301 πρὶν
1541 2230 1718 2284 ἐλθεῖν
1761 2230 1859 2303 τὴν

238 2319 444 2389 ἡμέραν
472 2319 726 2390 Κυρίου,
759 2318 866 2390 τὴν
899 2318 1137 2390 μεγάλην
1154 2321 1247 2373 καὶ
1264 2322 1519 2393 ἐπιφανῆ.
1550 2325 1661 2377 Καὶ
1684 2322 1857 2389 ἔσται,

237 2415 338 2476 πᾶς
356 2412 414 2476 6;
438 2411 510 2465 ἂν
540 2412 968 2483 ἐπικαλέσηται
988 2412 1047 2465 τὸ
1070 2412 1239 2485 ὄνομα
1268 2415 1472 2486 Κυρίου
1490 2457 1504 2481 ,
1527 2417 1856 2489 σωθήσεται.

236 2505 354 2569 Πῶς
380 2501 479 2558 οῦν
508 2504 982 2571 ἐπικαλέσονται,
1024 2508 1101 2568 είς
1129 2506 1190 2559 ὃν
1220 2507 1322 2560 οὐκ
1348 2507 1707 2575 ὲπίστευσαν;
1744 2508 1861 2574 πῶς

237 2596 531 2651 ἀκούσουσι
554 2598 745 2670 χωρὶς
773 2597 1145 2668 κηρύσσοντος
1167 2616 1214 2664 ;ι
1246 2601 1381 2671 Περὶ
1398 2600 1455 2653 δὲ
1482 2602 1574 2655 τοῦ
1604 2603 1863 2675 Πνεῦμα·-

237 2707 351 2754 mg,
386 2693 417 2744 6
444 2691 627 2754 αὐτὸς
670 2690 1009 2755 Ἀπόστολος
1047 2690 1229 2760 λέγει·
1287 2711 1306 2741 ι
1337 2693 1529 2747 Ἡνίκα
1560 2694 1606 2748 δ’
1641 2694 1709 2749 ἂν
1735 2696 1859 2748 ἐπι-

238 2781 447 2855 στρέψῃ
479 2782 631 2854 πρὸς
659 2781 903 2853 Κύριον,
934 2785 1295 2853 περιαιρεῖται
1324 2783 1385 2836 τὸ
1414 2784 1706 2856 κάλυμμα·
1739 2787 1768 2838 6
1805 2786 1862 2839 δὲ

235 2873 438 2943 Κύριος
473 2874 539 2927 τὸ
574 2872 818 2944 Πνεῦμά
851 2875 992 2926 ἐστι.
1020 2893 1037 2925 ν
1068 2874 1179 2926 Καὶ
1210 2875 1373 2928 πάλιν
1405 2877 1433 2929 6
1462 2877 1624 2941 αὑτός
1644 2894 1657 2907 ο
1698 2897 1717 2929 ι
1744 2879 1862 2931 Καοο

237 2964 411 3036 θάπερ
441 2964 561 3019 ἀπὺ
596 2964 820 3036 Κυρίου
852 2964 1203 3036 Πνεύματοςο
1232 2987 1250 3018 ι
1284 2968 1377 3020 καὶ
1408 2964 1561 3032 αὖθις
1581 2986 1594 2999 ·
1656 2990 1674 3021 ι
1717 2970 1777 3022 Ὀ
1808 2969 1863 3022 δὲ

238 3056 443 3129 Κύριος
495 3056 847 3111 κατευθύνοι
898 3056 1008 3127 (l9)
1049 3058 1200 3128 ὑμῶν
1231 3058 1330 3123 τὰς
1373 3060 1602 3132 καρδίας
1649 3062 1730 3124 είς
1767 3061 1864 3131 τὴν

240 3148 461 3221 ἀγάπην
481 3149 581 3203 τοῦ
602 3148 774 3211 Θεοῦ,
796 3148 899 3203 κα)¹
921 3150 1001 3212 είς
1027 3150 1125 3221 τὴν
1148 3150 1421 3222 ὑπομονὴν
1440 3150 1533 3205 τοῦ
1554 3152 1790 3225 Χριστοῦ
1811 3168 1824 3183 ·
1838 3171 1857 3203 ι

1960 1953 2107 2023 digia
2140 1954 2197 2008 in
2228 1954 2370 2010 caelo
2423 1968 2668 2020 sursum,
2715 1962 2770 2009 et
2804 1955 2960 2024 signa
2994 1953 3053 2007 in
3092 1963 3237 2007 terra
3268 1951 3550 2015 deorsum,

1962 2046 2285 2116 sanguinem
2325 2054 2381 2101 et
2401 2045 2606 2115 ignem,
2640 2054 2695 2100 et
2729 2061 2986 2116 vaporem
3017 2045 3171 2099 fumi.
3199 2042 3291 2099 Sol
3322 2058 3553 2098 conver-

1961 2145 2107 2191 tetur
2134 2136 2191 2189 in
2232 2134 2288 2207 4
2317 2136 2592 2200 tenebras,
2629 2142 2684 2190 et
2722 2136 2850 2190 luna
2899 2136 2958 2189 in
3010 2135 3354 2205 sanguinem,
3405 2139 3555 2188 ante.

1960 2242 2126 2298 quam
2158 2227 2344 2281 veniat
2388 2227 2507 2283 dies
2555 2226 2773 2281 Domini
2831 2241 3064 2297 magnus
3097 2233 3153 2279 et
3190 2225 3450 2280 illustris.
3482 2222 3551 2277 Et

1960 2319 2087 2384 erit,
2116 2320 2297 2374 omnis
2323 2319 2418 2389 qui
2459 2320 2796 2374 invocaverit
2840 2332 3043 2372 nomen
3079 2316 3317 2381 Domini,
3358 2317 3550 2371 salvus

1960 2414 2066 2470 erit
2084 2414 2151 2468 ³¹.
2182 2432 2303 2465 ι-ι
2324 2413 2610 2480 Quomodo
2632 2428 2765 2483 ergo
2784 2411 3142 2475 invocabunt,
3166 2412 3222 2465 in
3248 2426 3409 2482 quem
3437 2425 3549 2465 non

1962 2506 2354 2561 crediderunt?
2381 2512 2475 2559 aut
2507 2505 2784 2575 quomodo
2824 2505 3048 2558 audient
3097 2504 3218 2559 sine
3256 2502 3553 2573 praedican-

1963 2606 2017 2653 te
2038 2597 2121 2652 ιιι
2165 2616 2184 2649 ι
2238 2596 2314 2652 De
2372 2595 2582 2668 Spiritu
2627 2612 2794 2666 porro
2824 2596 2968 2650 idem
3011 2596 3309 2666 Apostolus
3360 2596 3547 2652 dicit:

1968 2707 1988 2741 ι
2029 2688 2168 2744 Cum
2198 2696 2379 2744 autem
2418 2704 2722 2745 conversus
2749 2689 2916 2744 fuerit
2946 2686 3015 2741 ad
3049 2687 3363 2753 Dominum,
3392 2686 3551 2742 aule-

1964 2788 2116 2835 retur
2160 2780 2430 2846 velamen,
2469 2779 2735 2836 Dominus
2795 2787 2981 2834 autem
3040 2778 3285 2850 Spiritus
3324 2778 3485 2833 est”.
3523 2796 3546 2831 ι

1964 2872 2223 2945 Idemque
2252 2890 2487 2930 rursus:
2527 2893 2547 2926 ι
2588 2872 2874 2944 Tanquam
2897 2889 2926 2927 a
2964 2872 3180 2928 Domini
3214 2871 3417 2943 Spiritu
3442 2871 3542 2925 ³⁸.»

1965 2969 2145 3039 Atque
2172 2969 2410 3024 iterum:
2452 2987 2471 3020 ι
2510 2967 2777 3023 Dominus
2812 2975 2995 3021 autem
3033 2966 3233 3036 dirigat
3274 2964 3440 3019 corda
3464 2979 3553 3019 ve-

1968 3070 2104 3123 stra,
2154 3060 2209 3113 in
2243 3060 2508 3115 charitate
2537 3058 2656 3123 Dei,
2699 3067 2753 3114 et
2784 3058 2839 3112 in
2878 3057 3141 3128 patientia
3190 3055 3397 3111 Christi
3417 3055 3484 3109 ³⁸.
3524 3075 3544 3108 ι

1972 3152 2209 3223 Spiritus
2247 3154 2412 3224 igitur
2454 3151 2740 3208 Dominus.
2771 3152 2848 3205 Ac
2894 3150 3117 3206 denuo:
3161 3169 3181 3202 ι
3218 3147 3329 3206 Vos
3367 3157 3548 3204 autem

243 3241 351 3311 ἄρα
373 3216 644 3314 exopto;
674 3241 742 3294 τδ
764 3239 999 3310 Πνεῦμά
1025 3216 1157 3294 ea...
1177 3216 1289 3295 Kal.
1315 3216 1506 3297 πάλιν·
1549 3263 1568 3297 ‹
1602 3216 1778 3316 ⁵Υμᾶς
1807 3245 1862 3299 δὲ

1970 3244 2234 3301 Dominus
2269 3216 2586 3301 vexuberare
2624 3253 2680 3299 et
2711 3244 2996 3298 abundare
3024 3243 3189 3298 iaciat
3226 3243 3548 3297 charitaterr

244 3333 274 3384 6
296 3335 500 3406 Κύριος
540 3332 836 3406 πλεονάσῃ
870 3333 983 3402 (9.0)
1004 3333 1095 3386 καὶ
1129 3335 1461 3408 περισσεύσῃ
1484 3339 1550 3408 τῇ
1584 3337 1773 3408 ἀγάπῃ
1797 3340 1863 3409 τῇ

248 3425 331 3489 είς
361 3426 625 3498 ἀλλήλους
643 3425 746 3479 καὶ
779 3426 864 3488 εἰς
890 3424 1116 3489 πάντας,
1138 3426 1388 3499 καθάπερ
1410 3429 1568 3498 ἡμεῖς
1597 3430 1676 3491 είς
1698 3428 1863 3498 ὑμᾶς,

250 3519 332 3581 είς
356 3520 412 3572 τὺ
438 3519 697 3590 στηρίξαι
721 3515 888 3584 ὑμῶν
918 3515 1017 3580 τὰς
1040 3517 1263 3587 καρδίας
1284 3519 1588 3589 ἀμέμπτως
1611 3520 1668 3572 ἐν
1698 3519 1868 3587 ἁγιω-

257 3608 393 3680 σύνῃ
414 3609 729 3681 ἔμπροσθεν
756 3607 858 3661 τοῦ
874 3606 1009 3660 Θεοῦ
1039 3609 1133 3662 καὶ
1147 3609 1360 3681 Πατρὸς
1375 3609 1530 3681 ήμῶν
1550 3613 1607 3664 ὲν
1631 3613 1697 3682 τῇ
1727 3627 1867 3681 παρ-

259 3701 421 3772 ουσία
467 3702 557 3754 τοῦ
600 3701 824 3773 Κυρίου
884 3696 1042 3769 ἡμῶν
1083 3700 1255 3771 Ἰησοῦ
1286 3701 1521 3772 Χριστοῦ
1565 3702 1701 3773 μετὰ
1732 3702 1867 3755 πάν-

257 3808 376 3844 των
406 3794 506 3864 (21)
524 3796 633 3848 τῶν
657 3795 843 3862 ἁγίων
876 3791 1065 3846 αὐτοῦ.
1092 3811 1111 3843 ι
1139 3794 1245 3847 Καὶ
1278 3794 1512 3849 ἐνταῦθα
1540 3796 1569 3849 ὁ
1598 3794 1803 3868 Κύριος
1830 3795 1858 3846 ὀ

263 3883 558 3950 πλεονάζων
588 3888 688 3941 καὶ
706 3883 1062 3956 περισσεύων
1087 3886 1152 3955 τῇ
1178 3884 1367 3957 ἀγάπῃ
1389 3888 1453 3957 τῇ
1475 3887 1557 3950 εις
1582 3885 1861 3957 ἀλλήλους,

266 3979 361 4030 καὶ
378 3979 640 4050 στηρίζων
660 3978 766 4042 τὰς
793 3976 1031 4048 καρδίας
1053 3979 1109 4032 ἐν
1134 3978 1408 4049 ἁγιωσύνῃ
1439 3978 1744 4050 ἔμπροσθεν
1769 3976 1862 4033 τοῦ

266 4064 395 4119 Θεοῦ
413 4071 465 4122 ὲν
485 4071 550 4138 τῇ
568 4068 858 4140 παρουσίᾳ
877 4065 974 4119 τοῦ
997 4067 1200 4138 Κυρίου
1221 4067 1379 4137 ήμῶν
1410 4068 1582 4140 Ἰησοῦ
1603 4068 1862 4141 Χριστοῦ,

269 4157 325 4208 τι
349 4160 570 4232 Πνεῦμά
603 4162 745 4214 ἐστι.
822 4158 942 4221 Τὰς
979 4155 1071 4213 οὖν
1103 4162 1251 4230 τρεῖς
1277 4160 1602 4232 κυριότητας
1626 4164 1706 4224 είς
1736 4160 1864 4231 μίαν

269 4252 553 4322 κυριότητα
589 4249 953 4322 συναγαγὼν,
981 4249 1188 4320 βεϐαιοῖ
1199 4251 1371 4320 λέγων
1389 4253 1523 4324 πρὸς
1551 4252 1860 4321 Ἐφεσίους’

276 4359 294 4390 ι
316 4339 407 4407 Εἷς
433 4346 667 4417 Κύριος,
705 4345 809 4417 μία
856 4343 1076 4406 πίστις,
1110 4344 1166 4397 ἓν
1207 4344 1510 4415 βάπτισμα.
1542 4365 1559 4396 ι
1599 4346 1766 4399 Πάλιν
1800 4344 1862 4398 τὸ

272 4433 482 4508 Πνεῦμα
506 4439 718 4508 Κύριος
748 4438 979 4505 λέγεται
1010 4436 1195 4505 σαφῶς
1223 4439 1281 4491 ὲν
1301 4440 1366 4508 τῇ
1402 4437 1566 4507 βίϐλῳ
1595 4439 1703 4491 τῶν
1728 4439 1863 4508 Κρι-

1970 3346 2205 3395 vestram
2232 3336 2287 3390 in
2324 3335 2558 3389 invicem
2586 3342 2640 3388 et
2670 3335 2726 3387 in
2760 3349 2973 3401 omnes,
3008 3333 3471 3404 quemadmodum
3496 3339 3551 3384 et

1967 3444 2070 3484 nos
2101 3429 2155 3482 in
2182 3427 2360 3494 vobis,
2392 3426 2461 3481 ad
2492 3425 2869 3480 confirmanda
2899 3426 3065 3480 corda
3089 3432 3293 3491 vestra,
3317 3425 3552 3493 irrepre-

1968 3517 2313 3574 hensibiliter
2360 3516 2417 3569 in
2469 3518 2761 3571 sanctitate
2807 3523 2934 3571 ante
2970 3513 3140 3570 Deum
3184 3513 3403 3570 Patrem
3448 3530 3553 3568 no-

1967 3621 2166 3675 strum,
2197 3612 2250 3665 in
2279 3608 2517 3663 adventu
2564 3607 2777 3662 Domini
2804 3610 2980 3664 nostri
3005 3608 3134 3665 Jcsu
3164 3608 3394 3673 Christi,
3426 3623 3550 3663 cum

1966 3700 2222 3755 omnibus
2246 3699 2453 3753 sanctis
2479 3698 2599 3766 ejus
2623 3697 2689 3749 ⁸⁸.
2725 3718 2745 3750 ι
2784 3697 2897 3753 Hoc
2925 3706 3104 3753 autem
3132 3700 3253 3753 loco
3285 3698 3554 3754 Dominus

1967 3793 2079 3854 ille,
2111 3792 2204 3861 qui
2229 3790 2533 3846 exuberare
2567 3790 2699 3843 facit
2731 3797 2785 3845 et
2815 3791 3099 3846 abundare
3132 3790 3458 3846 charitatem
3493 3791 3551 3846 in

1966 3884 2223 3948 invicem,
2248 3889 2303 3936 et
2330 3882 2424 3952 qui
2454 3881 2746 3936 conﬁrmat
2770 3882 2939 3936 corda
2964 3882 3020 3935 in
3049 3881 3344 3936 sanctitate
3363 3895 3551 3935 coram

1966 3977 2078 4031 Deo
2101 3978 2157 4031 in
2191 3977 2429 4032 adventu
2462 3975 2676 4029 Domini
2711 3977 2887 4030 nostri
2906 3973 3034 4030 Jesu
3054 3973 3282 4039 Christi,
3310 3974 3551 4044 Spiritus

1965 4078 2070 4127 est.
2101 4068 2239 4125 Tres
2279 4068 2447 4139 igitur
2489 4066 2897 4121 dominationes
2926 4068 2981 4120 in
3017 4081 3180 4120 unam
3217 4066 3549 4122 dominatio-

1965 4176 2088 4215 nem
2126 4160 2480 4223 contrahens,
2534 4159 2588 4213 id
2617 4158 2930 4221 conﬁrmat,
2975 4159 3043 4212 ad
3093 4157 3360 4222 Ephesios
3408 4157 3550 4212 scri-

1963 4252 2143 4307 bens:
2183 4272 2201 4304 ι
2241 4250 2396 4306 Unus
2451 4249 2738 4313 Dominus,
2787 4267 2893 4304 una
2951 4251 3107 4314 lides,
3154 4266 3326 4304 unum
3374 4250 3553 4320 bapti-

1965 4347 2165 4400 sma".
2201 4366 2220 4397 ι
2250 4344 2344 4400 llle
2370 4346 2487 4415 ipse
2516 4360 2736 4400 rursum
2769 4343 3011 4414 Spiritus
3042 4343 3251 4414 liquido
3280 4343 3550 4398 Dominus

1964 4439 2273 4508 appellatur
2305 4440 2359 4491 in
2406 4438 2548 4492 libro
2576 4435 2856 4496 Judicum.
2898 4438 2988 4491 ubi
3024 4439 3092 4492 de
3115 4438 3278 4492 rebus
3310 4454 3338 4489 a
3386 4435 3549 4489 Sam-

272 4525 405 4591 τένν,
446 4528 531 4581 ὅτε
574 4529 679 4591 τὰς
714 4525 1004 4599 ἀριστείας
1038 4526 1149 4596 (2‘2)
1179 4527 1208 4579 6
1238 4526 1476 4597 Σαμψὼν
1508 4528 1712 4589 ἐποίει,
1743 4530 1862 4582 ὲπι-

1970 4545 2102 4585 sone
2134 4530 2349 4584 fortiter
2377 4530 2566 4598 gestis,
2604 4530 2718 4585 haec
2766 4531 2841 4584 ait
2874 4530 3159 4600 Scriptura
3186 4549 3198 4583 :
3235 4548 3254 4583 ι
3289 4528 3353 4582 Et
3385 4527 3554 4598 Spiri-

274 4621 583 4688 σημαίνεται
607 4623 641 4690 ἡ
666 4617 892 4689 Γραφὴ,
920 4616 1016 4669 καὶ
1034 4615 1207 4685 λέγει’
1241 4618 1383 4671 «Καὶ
1410 4617 1633 4687 Πνεῦμα
1660 4618 1862 4689 Κυρίου

1974 4629 2066 4677 tus
2103 4621 2315 4677 Domini
2347 4622 2496 4676 venit
2544 4624 2600 4676 in
2631 4621 2977 4688 Samsonem,
3005 4634 3059 4676 et
3092 4623 3306 4692 accepit
3333 4619 3551 4675 mandi-

271 4708 423 4778 ἧλθεν
436 4714 526 4766 ἐπὶ
538 4709 915 4782 Σαμῲὼνμαὶ
930 4708 1119 4761 ἔλαϐεν
1136 4708 1357 4777 σιαγόνα
1369 4710 1613 4773 δνου,καὶ
1629 4710 1878 4764 ἀπέκτει-

271 4819 324 4854 νε
345 4805 558 4873 χιλίους·
577 4825 594 4856 ι
620 4805 720 4858 καὶ
735 4797 1137 4856 πάλινοιἮλθε
1153 4801 1376 4873 Πνεῦμα
1392 4804 1598 4875 Κυρίου
1619 4804 1710 4858 ἐπὶ
1725 4805 1873 4874 Σαμ-

270 4891 400 4960 ᾁὼν,
422 4899 512 4950 καὶ
530 4895 876 4966 διεσπάραξε
897 4894 990 4947 τὸν
1019 4894 1226 4958 λέοντα,
1253 4895 1329 4958 ὡς
1357 4894 1543 4966 ἔριφον
1563 4912 1576 4927 ⁸
1605 4915 1623 4947 ι
1649 4897 1742 4951 καὶ
1772 4896 1873 4949 πά-

271 4980 380 5038 λιν⁹
417 4986 629 5042 «Ἦλθε
663 4986 900 5057 Πνεῦμα
932 4986 1139 5058 Κυρίου
1170 4987 1263 5038 ἐπὶ
1288 4986 1549 5057 Σαμψὼν,
1576 4988 1669 5040 καὶ
1691 4988 1865 5058 ἐπῆρε

271 5073 363 5149 τήν
384 5081 580 5153 πόρταν
596 5079 704 5147 τῆς
724 5075 937 5147 Γάζης,
954 5078 1047 5131 καὶ
1067 5078 1366 5147 ἀνήνεγκεν
1395 5080 1476 5143 είς
1492 5079 1563 5139 ,τὸ
1580 5078 1706 5149 ὅρος
1727 5079 1860 5152 (25).

334 5237 381 5267 ’θ
414 5234 557 5293 Psal.
602 5252 674 5296 ιι,
715 5233 807 5306 6L
858 5232 907 5264 '°
944 5230 1091 5288 Psal.
1119 5232 1457 5306 μιαί-ξι
1498 5232 1618 5290 Joel
1687 5251 1758 5299 ιι,
1790 5235 1861 5293 98

1971 5278 1988 5294 .
2066 5238 2110 5272 ³²
2152 5240 2312 5296 Rom.
2353 5256 2411 5306 x,
2448 5239 2535 5294 14.
2613 5242 2659 5273 ³³
2697 5238 2743 5295 ll
2776 5240 2904 5296 Cor.
2943 5256 3027 5301 ιιι,
3068 5238 3158 5294 l6.

266 5317 345 5364 ιιι,
381 5306 461 5362 l8.

267 5389 378 5441 ιιγ,
409 5376 461 5434 6.
535 5378 587 5410 “
612 5374 808 5431 Judic.
849 5389 968 5435 xvi,
1005 5373 1057 5427 '5.

328 5532 437 5601 (l8)
471 5537 709 5608 Κύριον,
758 5530 926 5586 deest
963 5529 1020 5584 in
1050 5529 1372 5601 Anglicano,
1413 5548 1516 5589 nec
1562 5545 1596 5585 a
1643 5529 1858 5587 Nannio

256 5601 447 5653 lectum
481 5618 587 5653 93L

258 5616 447 5658 lectum
481 5624 512 5660 θ
574 5651 589 5663 .

249 5741 276 5795 Θ
323 5677 427 5742 (tu,
470 5618 841 5737 Bigiliensis,
894 5671 1234 5726 κατευθύνει.
1288 5670 1606 5739 Vaticanus,
1653 5690 1852 5727 κατευ-

280 5764 411 5795 υνδε.

286 5767 424 5883 9(Ιὲίὴ
463 5821 638 5877 Basil.
681 5811 1013 5871 πλεονάσοι.
1049 5812 1204 5884 Angl.
1237 5819 1290 5868 et
1321 5811 1596 5879 Vatican.,
1628 5813 1855 5868 πλεονά-

246 5902 325 5940 ςει
354 5894 439 5944 καὶ
467 5887 894 5965 περισσεύσει..

1976 4714 2162 4770 bulam
2216 4713 2379 4777 asini,
2409 4721 2465 4769 et
2508 4713 2783 4769 interfecit
2833 4714 2983 4769 mille
2998 4714 3064 4768 ⁸⁸.
3097 4733 3118 4767 ι
3152 4713 3547 4783 Rursumque:

1981 4825 1999 4859 ι
2020 4804 2183 4861 Venit
2209 4806 2451 4876 Spiritus
2471 4805 2689 4861 Domini
2718 4807 2773 4860 in
2805 4805 3155 4871 Samsonem,
3180 4805 3553 4874 etdiscerpsit

1971 4898 2205 4966 leonem,
2237 4899 2397 4968 quasi
2448 4899 2745 4956 haedum".
2776 4919 2795 4952 ι
2825 4900 3003 4971 Atque
3042 4900 3239 4954 iterum
3273 4914 3288 4951 :
3326 4917 3345 4949 ι
3386 4895 3552 4952 Venit

1971 4988 2214 5060 Spiritus
2249 4989 2464 5045 Domini
2495 4992 2550 5045 in
2594 4991 2943 5057 Samsonem,
2979 4999 3032 5047 et
3069 4991 3292 5047 sustulit
3331 4997 3547 5060 portam

1966 5081 2147 5147 Gazae,
2180 5090 2236 5139 et
2268 5084 2568 5153 asportavit
2600 5084 2658 5138 in
2680 5092 2924 5140 montem
2938 5083 3005 5138 ⁸ο.
3037 5102 3057 5135 ι
3094 5081 3161 5136 Et
3193 5082 3399 5154 ubique
3429 5097 3557 5152 pro—

3253 5238 3301 5271 “
3342 5238 3383 5293 ll
3421 5236 3552 5293 Cor.

566 5303 951 5383 f'-ll__Thess.
989 5318 1044 5383 Il_l
1066 5342 1081 5367 ,
1116 5303 1171 5359 5.
1247 5301 1326 5357 ³⁸1
1356 5301 1551 5360 Thess.
1588 5320 1680 5371 ιιι,
1716 5306 1805 5371 12,
1841 5309 1862 5360 1

2005 5310 2050 5343 ³⁷
2080 5301 2475 5383 Ερὶιοε.ιν,’5.
2549 5311 2595 5343 ³⁸
2631 5310 2816 5366 Judic.
2847 5327 2939 5375 xv,
2976 5311 3077 5371 l6.
3113 5310 3201 5367 15.
3279 5311 3326 5346 ³³
3364 5305 3553 5367 Judic.

2036 5534 2149 5607 (21)
2190 5536 2251 5591 ln
2288 5534 2503 5606 Anglic.
2541 5544 2685 5605 post.
2723 5534 2873 5607 perii
2902 5534 3141 5607 πάντων,
3184 5532 3388 5589 desunt
3425 5545 3552 5601 quae

1962 5602 2275 5677 sequuntur
2305 5602 2481 5675 usqlle
2519 5602 2585 5659 ad
2627 5602 2801 5673 Ἰησοῦ
2834 5602 3090 5677 Χριστοῦ.

2031 5676 2144 5749 (ει)
2186 5678 2546 5749 Helisaeus.
2570 5677 2841 5749 ἀρι,στίαςο

2035 5740 2147 5818 (95)
2191 5740 2298 5799 Hie
2329 5740 2631 5818 Seriptura':
2659 5747 2815 5802 locus
2844 5759 2955 5801 non
2988 5742 3057 5799 ad
3086 5740 3343 5811 verbum,
3371 5743 3467 5805 sed
3488 5743 3562 5803 ad

1962 5816 2292 5875 sententiam
2326 5816 2573 5873 aliertur.
