4048 6406
553 363 625 420 55
1714 364 1772 422 S.
1811 363 2276 421 ATHANASIUS.
2316 397 2386 408 —-
2412 363 2649 432 DUBIA.
2739 369 2744 377 '
3737 360 3805 417 36

554 479 800 552 greditur
851 478 1089 551 Spiritus
1124 478 1357 534 Domini.
1393 477 1498 534 Ubi
1540 486 1720 534 autem
1753 479 1988 535 abrasus
2017 485 2124 540 est.

2235 479 2338 532 Καὶ
2367 480 2540 550 πάντη
2571 476 2927 550 ἐκπορεύεται
2951 475 3012 530 τὸ
3044 476 3269 550 Πνεῦμα
3298 477 3526 549 Κυρίου.
3589 477 3720 530 Ὅτε
3749 477 3805 530 δὲ

558 583 846 646 postquam
873 576 1130 646 mysteria
1167 574 1259 630 Dei
1294 575 1482 628 Dalilae
1512 573 1842 643 aperuisset,
1867 575 1947 627 ait
1980 572 2132 628 Scri-

557 674 717 736 ptura
745 685 759 722 :
808 685 827 718 ι
859 665 924 718 Ει
956 666 1186 721 recessit
1216 681 1246 718 a
1294 663 1562 720 Samsone
1590 663 1857 718 Dominus
1875 667 1941 719 ⁸⁸.
1976 683 1996 717 ι
2025 663 2128 718 De-

556 763 922 811 monstratum
971 756 1156 826 itaque
1179 755 1292 823 jam
1333 763 1438 821 est,
1487 752 1751 825 Spiritum
1789 770 1912 810 esse
1946 755 2129 808 Domi-

555 865 687 906 num
721 869 734 904 :
762 847 906 920 quod
949 849 994 903 si
1020 847 1302 913 Dominus,
1334 848 1494 916 plane
1541 846 1684 903 Deus
1713 855 1838 903 est:
1875 867 1894 898 ι
1926 846 2130 902 Scitote

554 940 721 1006 enim,
752 938 950 1008 inquit,
996 938 1253 1007 quoniam
1299 937 1565 996 Dominus
1593 939 1708 1010 ipse
1746 948 1830 994 est
1861 937 2004 992 Deus
2023 937 2123 991 δ’.»

554 1025 656 1081 Et:
691 1046 710 1076 ι
729 1026 960 1092 Quando
985 1026 1396 1082 mdiﬁcaverunt
1416 1027 1511 1082 lilii
1529 1027 1643 1083 Gad
1659 1028 1830 1082 altare
1846 1027 1914 1082 ad
1939 1025 2131 1082 Jorda-

553 1133 702 1182 nem,
737 1126 790 1173 et
815 1117 1198 1173 miserunttllii
1222 1118 1390 1175 lsrael
1409 1120 1475 1174 ad
1499 1135 1616 1185 eos,
1639 1119 1919 1175 dicentes:
1950 1119 2130 1186 Quare

553 1211 688 1264 cstis
736 1211 1188 1280 praevaricatores
1248 1211 1343 1266 Dei
1385 1213 1546 1267 facti?
1588 1213 1988 1284 responderunt
2029 1229 2128 1284 pro

552 1303 905 1358 excusatione
933 1302 1031 1357 ﬂlii
1082 1302 1276 1358 Ruben
1326 1303 1560 1358 tribunis
1606 1301 1793 1370 Israel,
1829 1303 2076 1360 dicentes
2113 1322 2125 1358 :

552 1393 696 1449 Deus
733 1393 875 1450 Deus
907 1403 993 1448 est
1033 1393 1319 1460 Dominus,
1347 1402 1402 1450 et
1435 1393 1578 1450 Deus
1606 1393 1870 1451 Dominus
1897 1395 2013 1466 ipse
2039 1411 2130 1450 no-

550 1487 710 1552 vit“,
746 1495 891 1543 ιεῐο.
917 1487 1059 1543 Alibi
1091 1503 1312 1544 rursum
1343 1486 1546 1542 Paulus
1573 1507 1586 1543 :
1609 1507 1631 1540 ι
1654 1487 1819 1552 Deus,
1841 1487 1935 1558 qui
1967 1486 2125 1552 dixit,

552 1583 612 1630 ut
637 1591 705 1631 ex
744 1578 986 1632 tenebris
1003 1578 1094 1632 lux
1132 1577 1502 1642 illucesceret,
1539 1579 1632 1649 qui
1661 1578 1840 1634 illuxit
1869 1578 1924 1632 in
1948 1579 2129 1634 cordi-

553 1668 656 1724 bus
685 1670 909 1735 nostris,
952 1671 1020 1725 ad
1060 1671 1514 1727 illuminationem
1567 1671 1896 1742 cognitionis
1938 1672 2128 1744 gloria:

553 1756 673 1826 Dei,
704 1761 757 1814 in
792 1760 930 1816 faeie
955 1761 1240 1816 Christi“.
1271 1779 1291 1814 ι
1328 1760 1474 1817 Deus
1520 1761 1708 1832 igitur,
1742 1762 1835 1834 qui
1865 1762 2026 1828 dixit,
2068 1771 2128 1816 ut

553 1850 650 1906 lux
679 1851 734 1906 in
761 1851 1001 1906 tenebris
1028 1851 1390 1916 illucesceret,
1424 1851 1664 1923 Spiritus
1685 1861 1788 1908 est.
1818 1855 1896 1908 Ac
1930 1854 2128 1908 iterum
2160 1828 2201 1883 Β

551 1942 710 2014 ipse:
742 1963 761 1994 ι
794 1943 939 1998 Deus
986 1951 1170 1998 autem
1219 1943 1496 2013 patientiae
1541 1951 1596 1998 et
1623 1943 1806 1999 solatii
1835 1944 1940 2015 _det
1973 1945 2128 2001 vobis

551 2033 787 2104 idipsum
815 2049 1008 2104 sapere
1027 2033 1325 2090 secundum
1349 2033 1536 2090 Iesum
1557 2033 1837 2090 Christum
1861 2053 1874 2103 ;
1908 2045 1968 2090 ut
1990 2053 2128 2090 una-

551 2127 730 2182 nimes
766 2143 878 2181 uno
910 2143 1026 2193 ore,
1057 2127 1431 2197 gloriﬁcemus
1463 2127 1654 2192 Deum,
1689 2137 1744 2183 et
1767 2128 1984 2184 Patrem
2019 2129 2132 2184 Do-

552 2219 685 2273 mini
707 2219 879 2275 nostri
910 2217 1038 2274 Iesu
1069 2219 1538 2286 Christi".iQuis
1562 2221 1727 2291 igitur
1756 2229 1840 2276 est
1865 2221 2008 2277 Deus
2035 2239 2132 2294 pa-

551 2309 756 2364 tientia:
777 2319 834 2364 et
861 2309 1064 2373 solatii,
1092 2310 1186 2380 qui
1221 2309 1316 2365 dat
1346 2311 1510 2367 nobis
1545 2310 1783 2382 idipsum
1815 2313 2022 2368 sentire
2043 2329 2130 2368 se-

551 2401 797 2456 cundum
840 2402 1122 2458 Christum
1152 2401 1360 2468 Iesum,
1397 2411 1455 2458 ut
1503 2405 1838 2460 unanimiter
1860 2405 2128 2476 glorifice-

553 2509 678 2550 mus
710 2492 905 2557 Deum,
939 2509 1001 2547 ac
1029 2492 1246 2550 Patrem
1275 2494 1490 2550 Domini
1519 2497 1696 2552 nostri
1729 2496 1858 2553 Jesu
1889 2497 2133 2553 Christi?

554 2600 784 2654 prorsus
807 2587 899 2640 ille
933 2594 1018 2641 est
1061 2584 1298 2657 Spiritus
1333 2596 1581 2645 sanctus.
1615 2588 1681 2642 Et
1717 2605 1936 2645 rursum
1966 2631 1978 2644 .
2014 2609 2033 2642 ι
2074 2587 2132 2644 Si

555 2688 738 2732 autem
767 2695 959 2733 omnes
988 2679 1334 2750 prophetent,
1370 2681 1538 2738 intret
1573 2692 1756 2738 autem
1783 2683 1908 2754 quis
1935 2682 2133 2738 inlide-

553 2769 645 2831 lis.
678 2771 763 2826 vel
805 2771 997 2836 idiota,
1031 2773 1384 2845 redarguitur
1417 2776 1487 2829 ab
1517 2776 1773 2832 omnibus
1801 2792 1815 2828 :
1839 2783 1894 2831 et
1940 2776 2012 2830 ita
2041 2791 2135 2831 oc-

554 2864 703 2918 culta
741 2865 926 2920 cordis
968 2866 1117 2922 illius
1164 2867 1458 2923 manifesta
1493 2867 1671 2923 liunt:
1714 2877 1768 2923 et
1818 2871 1892 2924 ita
1930 2870 2132 2926 cadens

556 2955 612 3008 in
645 2955 841 3012 faciem
883 2957 1134 3013 adorabit
1167 2957 1358 3026 Deum,
1398 2961 1789 3032 pronuntians,
1829 2961 1978 3032 quod
2005 2977 2133 3016 vere

552 3047 697 3105 Deus
745 3050 801 3104 in
847 3051 1005 3106 vobis
1036 3050 1186 3105 sit“.
1215 3071 1234 3102 ι
1271 3051 1442 3108 Deum
1493 3068 1626 3124 ergo
1664 3053 1826 3120 dixit,
1867 3052 2133 3124 Spiritum

2229 570 2486 642 ἐξυρήθη,
2515 570 2582 624 τὰ
2615 571 2890 644 μυστήρια
2918 571 3010 625 τοῦ
3035 571 3166 624 Θεοῦ
3191 571 3468 640 άναφάνας
3495 571 3560 640 τῇ
3586 568 3805 639 Δαλιδᾷ,

2229 661 2394 732 λέγει·
2423 663 2790 736 ιΚαὶᾼάπέστη
2818 663 2928 717 ἀπὸ
2945 661 3181 734 Σαμψὼν
3205 664 3234 715 6
3251 661 3506 734 Κύριος.)
3526 661 3691 714 ’Ὥστε
3713 655 3806 714 οὖν

2229 734 2638 826 πεφανέρωτᾶι,
2671 755 2751 808 ὅτι
2781 734 2842 807 τὸ
2873 753 3098 826 Πνεῦμα
3126 753 3354 826 Κύριος·
3389 756 3438 808 εἰ
3477 753 3535 806 δὲ
3576 750 3803 823 Κύριος,

2229 847 2504 916 πανταχοῦ
2527 845 2640 918 (24)
2678 847 2775 900 καὶ
2817 846 2950 910 Θεός
2968 861 2985 878 ⁶
3021 867 3038 897 ι
3059 845 3236 900 Γνῶτε
3256 845 3386 919 γὰρ,
3412 865 3430 897 ι
3461 845 3647 915 φησὶν,
3681 863 3700 895 ι
3724 844 3806 897 ὅτι

2228 939 2432 1010 Κύριος
2458 938 2617 1002 αὐτός
2645 940 2791 992 ἐστιν
2815 940 2844 991 6
2867 938 3020 1003 Θεός.
3048 958 3066 989 ι
3094 939 3223 1001 Καὶ,
3254 957 3272 989 ι
3297 937 3425 990 Ὅτε
3449 935 3807 1008 ᾠκοδόμησαν

2227 1029 2276 1080 οἱ
2307 1028 2412 1080 υἱοὶ
2443 1027 2548 1080 Γὰδ
2572 1027 2952 1100 θυσιαστήριον
2985 1027 3076 1080 ἐπὶ
3128 1027 3222 1082 τοῦ
3257 1027 3543 1098 Ἰορδάνου,
3577 1027 3674 1080 καὶ
3693 1027 3805 1080 ἀπ-

2228 1117 2475 1172 έστειλαν
2497 1120 2546 1173 οἱ
2581 1119 2686 1172 υἱοὶ
2728 1119 2942 1191 Ἰσραὴλ
2971 1119 3108 1191 πρὸς
3139 1119 3335 1182 αὐτοὺς
3354 1159 3370 1184 ,
3400 1118 3680 1188 λέγοντες·
3709 1116 3808 1170 Διὰ

2226 1209 2280 1264 τί
2305 1211 2608 1266 ἀποστάται
2631 1211 2888 1281 γεγόνατε
2914 1210 3008 1264 τοῦ
3038 1209 3195 1278 Θεοῦ;
3217 1208 3594 1282 ἀπεκρίθησαν
3612 1207 3808 1262 ἀπολο-

2227 1302 2482 1375 γούμενοι
2499 1305 2604 1358 υἱοὶ
2631 1304 2854 1376 Ῥουϐίμ
2880 1302 2992 1374 (9.5)
3013 1307 3122 1368 τοῖς
3141 1303 3438 1376 χιλιάρχοις
3461 1300 3695 1373 Ἰσραήλ,
3721 1299 3808 1353 λέ·

2227 1412 2414 1464 γοντες
2433 1412 2446 1426 ⁸
2481 1396 2539 1449 ’0
2556 1395 2686 1460 Θεὸς
2713 1397 2741 1448 6
2757 1395 2889 1459 Θεός
2919 1397 3035 1448 ἐστι
3070 1394 3272 1465 Κύριος
3292 1410 3305 1423 ⁸
3329 1392 3422 1446 καὶ
3450 1392 3582 1454 Θεὸς
3604 1389 3806 1461 Κύριος

2229 1487 2391 1552 αὐτὸς
2417 1483 2547 1548 οἶδε,
2574 1507 2592 1538 ι
2628 1486 2814 1541 καὶτὰ
2838 1487 2984 1558 ἐξῆς.
3025 1485 3138 1538 Καὶ
3162 1483 3396 1554 ἀλλαχοῦ
3427 1482 3588 1536 πάλιν
3613 1483 3642 1535 6
3662 1480 3808 1534 Παῦ-

2227 1577 2343 1641 λος·
2387 1597 2405 1629 ι
2429 1578 2486 1630 ὐ
2505 1576 2717 1641 Θεὸς-,ὁ
2740 1575 2908 1630 είπὼν
2931 1617 2945 1640 ,
2983 1579 3046 1630 ἐκ
3077 1577 3298 1639 σκότους
3329 1574 3443 1643 φῶς
3475 1571 3715 1643 λάμψαι,
3747 1571 3806 1635 ὃς

2227 1669 2467 1740 ἔλαμψεν
2504 1671 2562 1723 ἐν
2589 1673 2708 1734 ταῖς
2733 1669 2981 1742 καρδίαις
3007 1669 3192 1741 ήμῶν,
3225 1668 3364 1740 πρὸς
3406 1664 3684 1736 φωτισμὸν
3707 1663 3804 1735 τῆς

2229 1759 2480 1830 γνώσεως
2506 1763 2604 1832 τῆς
2625 1763 2781 1833 δόξης
2799 1761 2894 1815 τοῦ
2918 1760 3053 1815 Θεοῦ
3072 1806 3086 1828 ,
3119 1763 3178 1814 ἐν
3201 1756 3476 1834 προσώπῳ
3497 1755 3754 1829 Χριστοῦ.
3780 1774 3800 1807 ι

2244 1855 2302 1908 '0
2333 1849 2425 1909 οὖν
2457 1854 2620 1920 Θεὸς,
2651 1857 2678 1909 6
2711 1839 2909 1920 εἰπὼν,
2943 1857 3007 1908 ἐκ
3051 1853 3274 1918 σκότους
3319 1851 3434 1921 φῶς
3468 1850 3716 1921 λάμψαι,
3745 1849 3808 1903 τὸ

2231 1945 2456 2018 Πνεῦμά
2487 1949 2622 2000 ἐστι.
2679 1947 2790 2001 Καὶ
2820 1947 2981 2002 πάλιν
3005 1948 3036 2000 6
3068 1945 3260 2010 αὐτός’
3304 1963 3322 1996 ι
3355 1945 3421 2012 ⁸Ὀ
3450 1943 3508 1997 δὲ
3536 1943 3666 2006 Θεὸς
3707 1944 3808 2014 τῆς

2232 2039 2510 2111 ὑπομονῆς
2529 2039 2619 2092 καὶ
2637 2039 2738 2110 τῆς
2755 2037 3150 2110 παρακλήσεως
3165 2035 3274 2108 δῴη
3301 2036 3429 2106 ὑμῖν
3451 2033 3511 2087 τὸ
3529 2033 3658 2085 αὐτὸ
3675 2049 3807 2104 φρο-

2230 2134 2338 2184 νεῖν
2379 2131 2518 2184 κατὰ
2560 2130 2796 2201 Χριστὸν
2835 2129 3071 2202 Ἰησοῦν·
3125 2129 3214 2182 ἵνα
3253 2124 3596 2197 ὁμοθυμαδὸν
3626 2125 3684 2176 ἐν
3727 2124 3809 2176 ἐνὶ

2233 2223 2458 2294 στόματι
2482 2222 2590 2294 (26)
2613 2223 2920 2293 δοξάζωμεν
2947 2221 3036 2274 τὸν
3057 2220 3209 2283 Θεὸν,
3229 2220 3322 2273 καὶ
3344 2216 3564 2289 Πατέρα
3583 2215 3677 2270 τοῦ
3698 2217 3811 2269 Κυ-

2235 2315 2348 2386 ρίου
2391 2313 2548 2385 ἡμῶν
2587 2313 2761 2386 Ἰησοῦ
2808 2311 3066 2384 Χριστοῦ.
3092 2331 3111 2364 ι
3171 2311 3267 2375 Τίς
3307 2305 3400 2364 οὖν
3431 2312 3578 2364 ἐστιν
3617 2310 3647 2362 6
3677 2306 3810 2370 Θεὸς

2231 2407 2330 2474 τῆς
2361 2406 2639 2478 ὑπομονῆς
2683 2406 2775 2460 καὶ
2804 2405 2905 2475 τῆς
2937 2405 3371 2477 παρακλήσεως,
3413 2403 3444 2455 6
3470 2401 3647 2465 διδοὺς
3677 2401 3809 2471 ἡμῖν

2232 2497 2293 2552 τὸ
2318 2497 2450 2552 αὐτὸ
2479 2499 2694 2569 φρονεῖν
2721 2495 2862 2550 κατὰ
2885 2495 3120 2566 Χριστὸν
3159 2493 3389 2566 Ἰησοῦν,
3413 2494 3501 2548 ἵνα
3527 2491 3809 2565 ὁμοθυμα-

2230 2590 2320 2645 δὸν
2336 2590 2644 2661 δοξάζωμεν
2668 2591 2758 2643 τὸν
2779 2588 2930 2654 Θεὸν,
2955 2591 3051 2642 καὶ
3067 2587 3287 2659 Πατέρα
3306 2586 3399 2641 τοῦ
3425 2586 3631 2658 Κυρίου
3655 2583 3810 2656 ήμῶν

2245 2680 2420 2751 Ἰησοῦ
2445 2679 2710 2751 Χριστοῦ;
2733 2680 2950 2743 πάντως
2973 2679 3034 2732 τὸ
3055 2677 3280 2749 Πνεῦμα
3299 2679 3361 2730 τὸ
3380 2677 3551 2746 ἅγιον.
3575 2676 3687 2730 Καὶ
3710 2677 3812 2729 πά-

2233 2771 2315 2826 λιν
2335 2789 2349 2804 ο
2382 2790 2402 2823 ι
2442 2773 2566 2824 Ἐάν
2596 2770 2654 2825 δὲ
2680 2771 2879 2834 πάντες
2910 2769 3360 2842 προφητεύωσιν,
3392 2765 3607 2838 εἰσέλθῃ
3633 2765 3692 2819 δέ
3724 2780 3810 2830 τις

2235 2864 2479 2929 ἄπιστος,
2503 2866 2536 2936 ἢ
2565 2864 2798 2936 ἰδιώτης,
2822 2864 3104 2934 ἐλέγχεται
3125 2863 3230 2916 ὑπὸ
3253 2863 3469 2916 πάντων
3485 2878 3498 2892 °
3523 2861 3618 2914 καὶ
3639 2857 3811 2923 οὕτως

2232 2957 2303 3010 τὰ
2337 2957 2554 3029 κρυπτά
2591 2959 2690 3029 τῆς
2733 2957 2962 3030 καρδίας
3000 2955 3166 3010 αὑτοῦ
3198 2955 3406 3028 φανερὰ
3436 2955 3680 3024 γίνεται·
3715 2951 3813 3006 καὶ

2233 3048 2408 3112 οὕτως
2431 3088 2446 3113 ,
2481 3048 2662 3102 πεσὼν
2691 3050 2784 3103 ἐπὶ
2813 3049 3100 3121 πρόσωπον
3118 3090 3133 3114 ,
3170 3049 3536 3120 προσκυνήσει
3567 3046 3645 3118 τῷ
3671 3044 3812 3118 Θεῷ,

555 3147 830 3201 sanctum.
868 3141 1176 3212 loquentem
1207 3147 1261 3197 in
1291 3143 1418 3200 illis.
1443 3144 1520 3198 Ac
1546 3145 1742 3199 iterum
1772 3162 1786 3196 :
1816 3163 1835 3196 ι
1869 3143 2127 3208 Nescitis,

2237 3141 2614 3210 ἀπαγγέλλων,
2638 3141 2719 3194 ὃτι
2749 3141 2918 3205 ὅντως
2945 3142 2974 3194 6
2997 3139 3130 3204 Θεὸς
3146 3142 3202 3194 ἐν
3220 3141 3347 3211 ὑμῖν
3371 3141 3506 3193 ἐστι.
3521 3158 3538 3190 ι
3562 3139 3694 3192 Θεὸν
3717 3135 3812 3192 οὖν

554 3232 684 3301 quia
717 3234 978 3304 templum
1019 3233 1115 3290 Dei
1158 3237 1315 3300 estis,
1342 3247 1396 3292 et
1429 3235 1671 3308 Spiritus
1711 3237 1804 3292 Dei
1836 3238 2048 3293 habitat
2074 3239 2132 3294 ‘n

554 3321 712 3378 vobis
729 3322 808 3376 ‘1'?
839 3343 858 3375 ι
890 3323 1100 3390 Quibus
1140 3327 1320 3382 verbis
1351 3328 1652 3383 declaravit
1691 3345 1793 3384 nos
1825 3345 1948 3385 esse
1991 3341 2132 3386 tem-

557 3413 709 3484 plum
745 3413 870 3482 Dei;
905 3417 996 3470 ubi
1028 3433 1158 3472 vero
1193 3427 1280 3474 est
1310 3421 1593 3490 templum,
1620 3421 1695 3475 ibi
1728 3431 1783 3476 et
1801 3419 1966 3482 Deus.
1999 3429 2052 3476 et
2073 3422 2130 3476 in

557 3519 626 3560 eo
664 3505 904 3576 Spiritus
946 3507 1176 3575 habitat,
1219 3511 1360 3564 utin
1404 3526 1506 3566 suo
1539 3511 1782 3580 templo;
1829 3511 1906 3564 ait
1938 3512 2082 3566 enim
2114 3530 2128 3566 :

561 3613 584 3648 ι
617 3597 698 3651 An
730 3599 979 3664 nescitis,
1023 3602 1167 3672 quod
1203 3618 1434 3672 corpora
1481 3612 1664 3658 vestra
1719 3603 1979 3673 templum
2021 3605 2133 3659 sint

559 3685 799 3758 Spiritus
843 3691 1042 3758 sancti,
1087 3709 1248 3764 quem
1298 3695 1513 3749 habetis
1554 3710 1584 3748 a
1633 3693 1776 3750 Deo?
1817 3695 2134 3753 Gloriﬁcate

553 3781 724 3852 igitur
764 3780 936 3838 Deum
965 3783 1304 3842 habitantem
1333 3788 1390 3841 in
1433 3788 1670 3844 vobis“.
1702 3807 1720 3840 ι
1760 3788 1916 3855 Quod
1948 3790 1994 3845 si
2022 3805 2132 3844 non

553 3871 828 3941 gloriticas
851 3873 1190 3930 habitantem
1211 3876 1266 3930 in
1290 3883 1344 3932 te
1359 3883 1419 3930 ut
1443 3875 1634 3938 Deum,
1659 3875 1838 3931 factus
1856 3892 1917 3933 es
1947 3875 2131 3929 fanum

557 3961 862 4029 idolorum;
888 3965 962 4019 ait
989 3965 1178 4020 enim:
1220 3983 1239 4018 ι
1282 3966 1538 4032 Nescitis,
1569 3966 1698 4036 quia
1733 3968 1996 4036 templum
2037 3964 2133 4020 Dei

556 4049 609 4122 5
641 4053 798 4116 estis,
855 4063 909 4108 et
967 4052 1204 4125 Spiritus
1237 4054 1332 4110 Dei
1385 4056 1594 4112 habitat
1626 4055 1681 4109 in
1727 4056 1883 4111 vobis
1923 4057 2016 4109 "?
2066 4055 2134 4109 Et

557 4143 688 4198 alibi
714 4145 791 4197 ait
824 4162 838 4199 :
869 4163 887 4195 ι
920 4143 1110 4212 ilodie,
1137 4148 1184 4203 si
1214 4126 1402 4202 vocem
1429 4148 1550 4216 ejus
1583 4146 1869 4202 audieritis
1893 4187 1908 4213 ,
1933 4163 2001 4203 ne
2035 4148 2135 4202 ob-

555 4232 769 4290 duretis
795 4235 962 4291 corda
991 4247 1195 4301 vestra,
1224 4239 1369 4294 sicut
1401 4237 1456 4292 in
1477 4238 1895 4294 exacerbatioue
1935 4256 2136 4295 secun-

557 4326 688 4380 dum
734 4328 878 4384 diem
909 4332 1229 4386 tentationis
1268 4331 1322 4384 in
1371 4330 1610 4396 deserto,
1647 4331 1739 4385 ubi
1789 4340 2135 4389 tentaverunt

559 4435 645 4474 me
695 4433 878 4490 patres
909 4424 1102 4488 vestri,
1162 4423 1535 4494 probaverunt
1595 4438 1702 4486 me,
1759 4431 1815 4478 et
1882 4424 2136 4481 viderunt

2239 3229 2358 3286 εἷπε
2385 3233 2447 3286 τὸ
2477 3231 2700 3303 Πνεῦμα
2724 3231 2784 3286 τὸ
2813 3233 2996 3300 ἅγιον,
3028 3231 3088 3284 τὸ
3119 3229 3310 3284 λαλοῦν
3355 3232 3412 3283 ἐν
3459 3230 3662 3292 αὐτοῖς.
3703 3227 3815 3281 Καὶ

2239 3325 2400 3379 πάλιν
2419 3339 2432 3352 ⁸
2457 3325 2602 3377 ιΟῦκ
2620 3323 2818 3382 οἴδατε.
2838 3323 2918 3376 ὅτι
2939 3322 3064 3385 ναὸς
3077 3323 3210 3377 Θεοῦ
3233 3325 3376 3384 ἐστε,
3399 3323 3495 3376 καὶ
3513 3322 3573 3374 τὸ
3591 3319 3815 3392 Πνεῦμα

2236 3419 2331 3472 τοῦ
2347 3417 2482 3472 Θεοῦ
2498 3419 2636 3471 οἰκεῖ
2651 3421 2709 3470 ἐν
2725 3418 2851 3488 ὑμῖν
2869 3433 2916 3481 ς»
2941 3415 3180 3481 Ἔδειξεν
3217 3417 3299 3470 ὃτι
3323 3415 3445 3478 ναὸς
3461 3414 3595 3468 Θεοῦ
3613 3417 3782 3484 ἐσμεν
3796 3429 3811 3443 ·

2237 3509 2370 3562 ὅπου
2393 3507 2447 3560 δὲ
2465 3508 2611 3571 ναὸς,
2630 3509 2747 3561 ἐκεῖ
2763 3506 2896 3570 Θεός
2916 3522 2930 3538 ⁸
2949 3507 3009 3560 τὸ
3029 3507 3086 3560 δὲ
3107 3506 3332 3578 Πνεῦμα
3349 3507 3504 3572 οἰκεῖ,
3531 3506 3605 3569 ὡς
3623 3505 3680 3558 ἐν
3700 3505 3818 3576 ἰδίῳ

2238 3599 2369 3669 ναῷ.
2389 3601 2526 3668 Φησὶ
2539 3600 2666 3670 γάρ·
2689 3599 2831 3652 «Οὐκ
2854 3599 3032 3653 οἴδατε
3047 3639 3062 3662 ,
3091 3600 3174 3653 ὅτι
3194 3599 3262 3654 τὰ
3279 3601 3503 3671 σώματα
3520 3599 3672 3671 ὑμῶν
3686 3599 3816 3663 ναὸς

2237 3691 2331 3744 τοῦ
2349 3693 2405 3746 ἐν
2433 3692 2562 3762 ὑμῖν
2586 3691 2741 3759 άγίου
2771 3691 3086 3762 Πνεύματός
3100 3693 3266 3755 ἐστιν,
3296 3686 3357 3745 οὗ
3387 3692 3537 3762 ἔχετε
3558 3691 3665 3745 ἀπὸ
3679 3691 3816 3745 Θεοῦ

2240 3785 2386 3854 (27ὶς
2421 3785 2691 3850 Δοξάσατε
2720 3780 2810 3838 οὖν
2838 3784 2930 3839 τὸν
2952 3785 3082 3839 Θεὸν
3105 3787 3414 3840 ἐνοικοῦντα
3438 3789 3495 3839 ἐν
3527 3788 3676 3857 ὑμῖν.
3702 3805 3721 3840 ι
3752 3786 3817 3840 Εί

2239 3876 2296 3928 δὲ
2306 3875 2365 3928 οὐ
2381 3875 2621 3940 δοξάζεις
2635 3876 2726 3929 τὸν
2739 3875 3050 3930 ἐνοικοῦντα
3065 3880 3122 3930 ὲν
3137 3877 3218 3930 σοὶ
3233 3877 3308 3941 ὡς
3319 3877 3473 3939 Θεὸν,
3488 3877 3676 3946 ἐγένου
3691 3878 3822 3942 ναὸς

2240 3967 2494 4021 εἰδώλων.
2513 3968 2674 4037 Λέγει
2688 3969 2796 4040 γάρ
2815 3986 2828 4000 ο
2867 3988 2885 4020 ι
2921 3971 3034 4023 Οὐκ
3051 3969 3247 4033 οἴδατε,
3264 3969 3344 4022 ὅτι
3363 3969 3492 4032 ναὸς
3515 3970 3653 4024 Θεοῦ
3669 3973 3813 4034 ἐστε,

2241 4059 2336 4111 καὶ
2354 4059 2415 4112 τὸ
2441 4059 2664 4130 Πνεῦμα
2685 4059 2778 4113 τοῦ
2805 4060 2939 4113 Θεοῦ
2967 4063 3105 4114 οἰκεῖ
3127 4062 3185 4114 ἐν
3216 4061 3374 4131 ὑμίν;
3405 4080 3424 4113 ι
3450 4062 3561 4116 Καὶ
3584 4061 3820 4133 ἀλλαχοῦ

2240 4149 2415 4218 λέγει’
2452 4169 2469 4200 ι
2498 4151 2738 4223 Σήμερον
2764 4150 2858 4204 ἐὰν
2879 4150 2978 4221 τῆς
3001 4150 3185 4221 φωνῆς
3213 4151 3378 4205 αὑτοῦ
3412 4151 3702 4224 ἀκούσητε,
3739 4153 3816 4224 μὴ

2243 4240 2577 4314 σκληρύνητε
2619 4241 2716 4306 τὰς
2764 4242 2988 4314 καρδίας
3031 4242 3204 4314 ὑμῶν,
3246 4243 3321 4308 ὼς
3354 4245 3412 4310 ἐν
3457 4243 3536 4316 τῷ
3573 4261 3820 4317 παραπι-

2241 4331 2495 4403 κρασμῷ,
2549 4331 2693 4385 κατὰ
2730 4332 2828 4404 τὴν
2876 4333 3086 4403 ἡμέραν
3138 4332 3233 4386 τοῦ
3286 4334 3592 4406 πειρασμοῦ
3644 4337 3702 4389 ἐν
3748 4338 3816 4406 τῇ

2242 4424 2452 4495 ἐρήμῳ,
2483 4418 2542 4478 οὗ
2567 4423 2862 4495 ἐπείρασάν
2895 4440 2962 4492 με
2993 4424 3041 4475 οί
3075 4423 3309 4494 πατέρες
3342 4425 3526 4495 ὑμῶν·
3561 4425 3820 4496 ἐδοκίμα-

555 4527 725 4582 opera
752 4529 871 4569 mea
900 4515 1258 4586 quadraginta
1288 4515 1450 4569 annis
1479 4515 1601 4584 “.{i
1635 4514 1760 4571 Haec
1787 4525 1971 4572 autem
2002 4516 2126 4589 Spi-

2235 4516 2334 4569 σάν
2383 4531 2471 4584 με,
2521 4515 2615 4568 καὶ
2655 4511 2796 4568 εἶδον
2820 4514 2932 4584 (28)
2975 4513 3044 4567 τὰ
3088 4515 3224 4586 ἔργα
3267 4533 3367 4586 μου
3411 4517 3820 4588 τεσσαράκοντα

557 4602 699 4659 ritus
729 4614 956 4660 sanctus
992 4603 1241 4674 proferre
1266 4603 1490 4669 dicitur,
1521 4620 1756 4676 namque
1787 4608 1865 4661 ait
1899 4607 2137 4678 Aposto-

560 4694 647 4750 lus
673 4713 686 4749 :
719 4713 738 4746 ι
778 4694 1123 4766 Quapropter
1151 4695 1293 4749 sicut
1316 4695 1451 4750 dicit
1478 4696 1720 4767 Spiritus
1752 4708 1999 4766 sanctus,
2025 4699 2136 4754 ilo-

559 4787 668 4849 die,
696 4787 742 4842 si
775 4803 961 4840 vocem
982 4786 1103 4854 ejus
1143 4787 1431 4846 audieritis
1457 4791 1539 4854 ⁸⁸,
1574 4809 1594 4843 ι
1630 4798 1737 4846 etc.
1772 4791 1917 4863 Ergo
1963 4791 2139 4864 Spiri-

559 4888 677 4934 tum
706 4889 957 4934 sanctum
988 4879 1219 4933 tentavit
1247 4879 1436 4945 Israel,
1461 4889 1515 4936 et
1536 4884 1787 4952 probavit
1815 4886 1870 4939 in
1897 4885 2135 4950 deserto,

558 4979 615 5023 et
644 4971 898 5025 viderunt
928 4984 1094 5040 opera
1118 4969 1260 5040 ejus,
1285 4989 1480 5044 nempe
1514 4975 1796 5031 miracula.
1823 4978 1882 5032 In
1922 4978 2140 5048 alioque

561 5059 794 5128 psalmo,
828 5060 904 5113 ait
952 5058 1042 5112 ille
1077 5077 1090 5112 :
1122 5079 1141 5110 ‹
1177 5059 1242 5114 Ει
1278 5071 1630 5119 tentaverunt
1676 5064 1848 5122 Deum
1901 5067 1954 5120 in
2017 5068 2142 5121 ina-

631 5215 676 5245 “
713 5211 894 5269 Judic.
936 5231 1047 5277 xvi,
1095 5216 1184 5273 20.
1288 5219 1332 5250 δ’
1372 5218 1516 5275 Psal.
1555 5234 1713 5282 xcrx,
1751 5222 1804 5274 ’5.

561 5286 608 5317 ⁸⁸
637 5283 656 5336 l
686 5285 814 5340 Cor.
847 5302 957 5347 xw,
990 5288 1094 5349 24.
1127 5289 1217 5345 25.
1269 5333 1278 5346 .
1324 5291 1368 5322 ⁸³
1408 5292 1426 5345 l
1459 5289 1586 5345 Cor.
1620 5307 1715 5352 ιιι,
1754 5291 1841 5349 16.

563 5356 605 5387 ⁸¹
648 5355 813 5410 Hebr.
848 5372 948 5422 ιιι,
983 5357 1037 5414 7.

634 5517 748 5660 με)
788 5517 971 5582 Forte,
999 5522 1236 5586 πάντως.

657 5589 750 5660 25)
791 5590 882 5645 Sic
915 5592 1129 5660 Anglic.
1163 5591 1223 5647 lu

657 5589 750 5661 25)
791 5590 1129 5662 δὶοᾼΑιιειὶο.
1163 5591 1223 5647 lu
1254 5594 1376 5650 aliis
1396 5602 1450 5650 et
1475 5595 1638 5648 editis
1665 5592 1820 5646 deest
1847 5589 2133 5662 articulus.

566 5659 1106 5750 ξΕιἎςΡουϐίμξείο
1139 5680 1330 5720 omnes
1371 5663 1734 5733 manuscripti
1763 5669 1818 5716 et
1851 5659 1983 5714 editi
2016 5673 2138 5729 pro,

593 5731 887 5870 Ρῗέἓῖηξὲν
923 5805 1003 5856 ἐνὶ
1047 5803 1294 5861 στόματι.
1331 5811 1534 5860 desunt
1567 5803 1683 5858 haac
1725 5803 1782 5856 in
1810 5799 2135 5871 Angiicano,

1894 5221 2149 5346 "Jolspze
2183 5239 2334 5286 χιιι,
2372 5221 2565 5349 13-22.

2131 5309 2213 5347 or.
2248 5312 2332 5349 vi.
2446 5334 2458 5347 .

2131 5309 2213 5347 or.
2248 5312 2332 5359 vi,
2372 5309 2458 5349 tu.

2243 4605 2358 4676 ἐτη.
2402 4626 2420 4658 ι
2461 4606 2533 4659 Τὸ
2562 4607 2621 4660 δὲ
2653 4606 2876 4678 Πνεῦμα
2904 4607 2966 4661 τὸ
2993 4608 3147 4676 ἅγιον
3174 4607 3388 4676 λέγεται
3415 4611 3586 4662 εἰπεῖν
3610 4608 3816 4662 ταῦτα’

2245 4701 2378 4768 φησὶ
2398 4697 2506 4770 γάρ
2530 4701 2558 4752 6
2585 4699 2904 4762 Ἀπόστολος
2922 4717 2936 4730 ·
2961 4719 2979 4750 ι
3003 4700 3094 4752 Διὸ
3120 4698 3301 4762 καθὼς
3331 4699 3481 4769 λέγει
3506 4701 3568 4754 τὸ
3597 4701 3822 4773 Πνεῦμα

2243 4791 2304 4844 τὸ
2335 4791 2508 4859 ἅγιον⁸
2545 4792 2792 4862 Σήμερον
2819 4791 2913 4844 ἐὰν
2937 4792 3035 4862 τῆς
3067 4791 3252 4860 φωνῆς
3278 4791 3442 4844 αὐτοῦ
3476 4793 3768 4864 ἀκούσητε,
3796 4812 3816 4844 ι

2245 4883 2340 4938 καὶ
2384 4882 2454 4936 τὰ
2497 4882 2642 4953 ἐξ-ῆς.
2683 4885 2822 4955 Ἀρα
2867 4879 2959 4936 οῦν
2980 4883 3041 4935 τὸ
3074 4882 3295 4953 Πνεῦμα
3328 4884 3390 4938 τὸ
3421 4885 3574 4953 ἅγιον
3601 4886 3825 4956 ἐπείρα-

2247 4993 2338 5030 σεν
2361 4977 2389 5027 6
2422 4973 2654 5045 Ἰσραὴλ,
2691 4976 2782 5027 καὶ
2811 4973 3130 5046 ἐδοκίμασεν
3173 4977 3230 5028 ἐν
3269 4980 3334 5050 τῇ
3363 4979 3555 5050 ἐρήμῳ
3574 4993 3589 5008 ’
3619 4979 3715 5031 καὶ
3741 4975 3823 5032 εἷ-

2243 5067 2331 5122 δον
2367 5066 2436 5120 τὰ
2477 5065 2612 5137 ἔργα
2643 5065 2826 5130 αὑτοῦ,
2861 5066 2980 5136 ἦτοι
3021 5065 3091 5119 τὰ
3131 5065 3424 5140 θαυμάσια.
3474 5069 3560 5120 Ἐν
3591 5067 3737 5139 ἄλλῳ
3766 5068 3826 5121 δὲ

2655 5222 2700 5254 ⁸⁵
2741 5221 2782 5274 ll
2815 5222 2943 5276 Cor.
2977 5239 3064 5282 tv.
3097 5224 3152 5278 6.
3245 5223 3290 5257 ⁸⁵
3329 5223 3487 5279 Rom.
3524 5241 3614 5288 xv.
3652 5226 3726 5289 δ’,
3762 5224 3818 5282 6.

2569 5295 2614 5326 "
2655 5292 2671 5345 l
2705 5292 2832 5348 Cor.
2875 5309 2976 5357 ιιι,
3015 5295 3100 5350 16.
3213 5296 3259 5327 ⁸⁸
3297 5295 3444 5350 Psal.
3482 5311 3628 5362 χειν,
3661 5296 3818 5351 3-10.

2239 5533 2341 5572 nec
2371 5533 2400 5570 a
2428 5516 2644 5572 Nannio
2670 5517 2808 5571 lecta
2840 5526 2990 5574 sunt.

2311 5587 2424 5663 (Ξῖ)
2465 5587 2540 5663 [ιιι
2571 5584 2897 5663 Vaticanus,
2941 5585 3256 5663 Basiliensis
3296 5593 3350 5663 et
3387 5584 3614 5663 Anglic._
3652 5587 3819 5663 Editi,

2238 5655 2333 5738 sit}
2357 5655 2515 5711 Θεοῦ.
2577 5657 2700 5712 Mox
2739 5657 3057 5717 Basiliensls
3088 5663 3142 5708 et
3179 5655 3536 5731 Anglicanus,
3566 5657 3659 5712 τὸν
3689 5659 3824 5712 ἐνοι-

2239 5744 2440 5869 κοῖἔὲῗ
2463 5796 2805 5854 Basiliensis.
2841 5796 3072 5851 εἴδοσαν.
3110 5793 3347 5865 Anglic"
3390 5794 3591 5852 ε’δοσαν·
