4048 6406
220 376 274 431 37
941 375 1042 431 ’ΒΕ
1080 375 1401 432 ΕΟΜΜΗΝΙ
1440 375 1778 432 ESSENTIA
1817 374 2071 432 PATRIS
2109 377 2198 432 ET
2235 377 2392 434 FlLll
2433 379 2521 434 ET
2565 377 2740 436 SPIR.
2786 379 2846 437 S.
3436 383 3506 439 58

219 489 398 562 ψαλμῷ
435 489 612 560 λέγει
653 494 685 545 ὁ
733 492 923 554 αὐτὸς·
963 510 981 542 ι
1004 493 1126 546 -Κοά
1168 492 1462 563 ἐπείρασαν
1491 491 1580 544 τὸν
1611 490 1744 544 Θεὸν
1771 492 1827 544 ὲν

1935 508 2107 564 quoso
2125 493 2193 548 ⁸¹.
2225 513 2244 546 ι
2274 491 2369 550 Est
2397 493 2566 566 igitur
2585 493 2730 550 Deus
2753 492 2992 564 Spiritus
3022 499 3269 550 sanctus.
3299 493 3366 548 Et
3400 495 3507 549 alio

217 583 437 652 ἀνύδρῳ.
485 599 507 631 ι
537 583 705 654 Ἀρα
725 583 838 653 (29)
855 579 945 636 οὖν
973 583 1001 634 ὁ
1020 583 1171 647 Θεὸς,
1191 582 1248 635 τὸ
1269 583 1419 651 ἅγιον
1441 582 1666 653 Πνεῦμα
1688 584 1824 637 ἐστι.

219 677 314 730 Καὶ
358 673 666 744 ἀλλαχοῦ,
723 675 815 728 ὅτε
862 675 1262 746 ἀνελαμϐάνετο
1309 679 1338 728 6
1370 675 1583 740 Ἠλίας,
1635 675 1753 746 ᾔτει
1799 674 1828 726 6

231 765 532 828 Ἐλισσαῖος
573 766 720 839 παρ’
763 764 928 818 αὐτοῦ
981 767 1066 818 ἐπ’
1111 766 1270 821 αὑτὸν
1309 766 1369 820 τὸ
1413 766 1636 837 Πνεῦμα
1679 766 1830 835 γενέ-

221 859 328 912 σθαι
372 857 650 910 διπλοῦν.
705 859 1106 929 Ἐπηγγέλλετο
1149 855 1243 914 οὖν
1287 861 1316 913 6
1353 861 1542 924 Ἠλίας
1573 859 1702 930 (50),
1735 860 1829 913 ἐὰν

220 950 292 1022 [Eg
325 949 496 1002 αὐτὸν
548 949 1106 1021 ἀναλαμϐανόμενον.
1151 951 1295 1004 Ἰδὼν
1344 947 1459 1014 οὖν,
1513 953 1606 1004 καὶ
1650 951 1829 1006 λαϐὼν

217 1043 300 1113 τὴν
339 1040 647 1112 μηλωτὴν,
681 1038 856 1112 ἦλθεν
898 1043 988 1096 ἐπὶ
1021 1043 1114 1096 τὸν
1151 1043 1453 1114 Ἰορδάνην·
1514 1044 1609 1096 καὶ
1653 1043 1828 1097 πατά-

218 1134 390 1197 ξαντος
446 1131 642 1186 αὐτοῦ
729 1136 798 1206 τῇ
856 1133 1074 1205 μηλωτῇ
1122 1133 1217 1186 τὸν
1269 1134 1532 1204 ποταμὸν,
1575 1135 1672 1204 οὐχ
1711 1135 1819 1187 ὑπ-

1931 585 2072 649 loco,
2118 601 2242 640 cum
2293 595 2670 642 assumeretur
2721 585 2894 652 Elias,
2948 586 3263 656 postulabat
3317 585 3386 642 ab
3440 601 3508 641 eo

1931 670 2148 728 Eliseus
2176 717 2190 740 ,
2225 681 2284 726 ut
2330 674 2387 728 in
2441 691 2501 731 se
2527 676 2738 731 veniret
2776 675 3028 746 geminus
3061 672 3304 746 Spiritus
3338 691 3508 744 :pro-

1930 765 2189 836 misitque
2216 765 2364 820 Elias
2392 809 2408 833 ,
2438 769 2484 823 si
2515 768 2678 824 modo
2711 783 2770 824 se
2795 767 3008 823 videret
3043 767 3250 823 auferri
3275 767 3346 821 ⁸⁸.
3369 767 3508 823 Cum

1930 858 2100 929 igitur
2145 860 2374 916 vidisset
2403 868 2457 916 et
2485 861 2791 931 accepisset
2847 862 3124 926 melotem,
3159 861 3396 916 accessit
3439 857 3510 913 ad

1929 951 2244 1015 Iordanem,
2276 960 2329 1008 et
2358 968 2483 1006 cum
2515 955 2715 1008 melole
2745 953 2968 1008 ﬂuvium
2993 952 3376 1023 percussisset,
3401 966 3512 1004 nou

1931 1043 2328 1113 obtemperavit
2363 1059 2526 1114 aqua.
2559 1043 2700 1100 Dicit
2747 1045 2915 1116 igitur
2938 1044 3152 1101 Eliseus
3184 1063 3198 1099 :
3235 1043 3338 1100 Ubi
3366 1042 3513 1098 Deus

1931 1131 2139 1202 ἀφφώἳ
2169 1147 2290 1203 quae
2327 1149 2431 1188 vox
2483 1133 2756 1204 significat
2815 1135 3010 1200 ambo,
3073 1137 3188 1190 sive
3235 1134 3511 1205 geminum

214 1225 402 1294 ἢκουσε
434 1224 504 1276 τὸ
537 1222 729 1296 ὕδωρ.
768 1225 935 1294 Λέγει
959 1221 1080 1278 οὖν’
1111 1224 1225 1296 (51)
1255 1224 1364 1278 Ποῦ
1403 1225 1431 1277 6
1455 1225 1586 1289 Θεὸς
1621 1223 1825 1294 ἀφφώς

225 1313 402 1383 ’Διρφὼ
447 1315 516 1368 δὲ
553 1315 945 1386 ἑρμηνεύεται
999 1316 1186 1387 ἄμφω,
1234 1319 1484 1372 τουτέστι
1513 1318 1573 1370 τὸ
1605 1316 1828 1388 Πνεῦμα

211 1409 267 1462 τὸ
315 1408 576 1462 διπλοῦν.
638 1409 764 1463 Ποῦ
803 1405 896 1463 οὖν
941 1412 969 1464 6
1017 1410 1149 1474 Θεὸς
1201 1409 1387 1482 ὰμφὼ,
1442 1411 1562 1464 ἀντὶ
1614 1409 1728 1476 τοῦ,
1769 1411 1830 1464 τὸ

212 1499 426 1570 Πνεῦμα
485 1499 767 1554 διπλοῦν.
819 1502 930 1556 Καὶ
982 1501 1142 1554 πάλιν
1191 1501 1337 1570 λέγει
1371 1503 1398 1554 6
1432 1503 1658 1573 Σωτήρο
1701 1521 1718 1552 ι
1767 1498 1828 1556 ’0

211 1591 478 1646 πιστεύων
528 1593 624 1656 είς
671 1593 804 1663 ἐμὲ,
857 1591 1036 1656 καθὼς
1085 1587 1236 1645 εἶπεν
1277 1594 1310 1664 ἡ
1346 1591 1559 1664 Γραφὴ,
1593 1592 1828 1662 ποταμοὶ

210 1685 267 1737 ἐκ
298 1685 394 1756 τῆς
451 1683 694 1748 κοιλίας
744 1683 914 1737 αὐτοῦ
963 1683 1246 1754 ῥεύσουσιν
1294 1684 1485 1748 ὓδατος
1527 1683 1744 1749 ζῶντος.
1805 1705 1822 1735 ι

1935 1675 2108 1746 inquit
2142 1695 2154 1728 :
2198 1697 2216 1728 ε
2253 1677 2367 1733 Hoc
2392 1687 2573 1732 autem
2604 1677 2744 1732 dixit
2777 1678 2844 1734 de
2877 1674 3087 1749 Spiritu
3119 1685 3337 1739 sancto,
3358 1692 3523 1746 quem

217 1773 584 1846 Ἐρμηνεύων
647 1775 712 1828 δὲ
771 1775 802 1826 6
857 1773 1244 1844 εύαγγελιστὴς
1292 1776 1345 1828 τί
1397 1775 1534 1839 ἐστι,
1577 1793 1595 1826 ι
1637 1774 1827 1839 ὓδατος

1935 1767 2394 1838 accepturieraut,
2423 1769 2708 1824 credentes
2741 1769 2797 1823 in
2823 1785 2950 1824 eum
2977 1769 3045 1824 ³⁸.
3083 1788 3102 1821 ι
3133 1767 3288 1836 Quod
3307 1770 3354 1824 si
3381 1783 3521 1839 aqua

209 1861 419 1928 ζῶντος,
477 1883 500 1916 ι
559 1863 721 1934 ἔφη·
773 1882 793 1914 ι
847 1861 1113 1916 Τοῦτο”δὲ
1168 1862 1321 1932 ἔλεγε
1355 1865 1482 1935 περὶ
1525 1863 1620 1916 τοῦ
1675 1865 1827 1932 ἁγίου

1935 1863 2053 1914 viva
2086 1869 2169 1915 est
2205 1858 2444 1931 Spiritus
2483 1869 2732 1926 sanctus,
2779 1877 2913 1917 sane
2955 1861 3102 1918 Deus
3146 1869 3232 1916 est
3281 1861 3525 1932 Spiritus

205 1953 551 2024 Πνεύματος,
582 1955 616 2006 6
653 1951 898 2024 ἤμελλον
948 1950 1244 2022 λαμϐάνειν
1277 1954 1326 2004 οἱ
1372 1953 1716 2018 πιστεύοντες
1753 1955 1827 2018 είς

1935 1957 2160 2004 sanctus
2189 1968 2204 2005 :
2233 1951 2309 2003 ait
2345 1952 2490 2005 enim
2525 1952 2790 2022 prapheta
2825 1971 2838 2007 :
2870 1972 2887 2004 ι
2928 1952 3010 2008 Me
3041 1953 3383 2023 reliquerunt
3408 1951 3528 2006 fon-

207 2047 376 2100 αὐτόν.
401 2067 419 2097 ι
443 2047 522 2098 Εἰ
549 2045 616 2098 δὲ
650 2043 720 2096 τὸ
747 2042 897 2114 ὕδωρ
921 2043 982 2096 τὸ
1012 2041 1118 2107 ζῶν
1147 2042 1206 2096 τὸ
1236 2042 1388 2112 ἆγιον
1418 2041 1643 2114 Πνεῦμά
1665 2046 1827 2110 ἐστιν,

1935 2047 2038 2096 tem
2077 2056 2233 2112 aquae
2262 2042 2417 2107 vivae,
2441 2052 2498 2100 et
2545 2045 2852 2100 elloderunt
2909 2044 3014 2100 sibi
3045 2044 3318 2099 cisternas
3353 2044 3524 2099 dissi-

206 2140 301 2212 ἄρα
322 2139 462 2202 Θεὸς
490 2137 566 2190 τὸ
597 2135 845 2206 Πνεῦμα
865 2134 924 2188 τὸ
947 2135 1098 2204 ἄτιον
1115 2151 1128 2163 ·
1159 2135 1308 2204 λέγει
1331 2134 1440 2206 γὰρ
1465 2137 1493 2188 6
1518 2137 1827 2207 προφήτης·

1935 2139 2112 2202 patas,
2155 2147 2279 2204 quae
2331 2150 2532 2205 aquam
2583 2137 2869 2191 ccutinere
2924 2151 3032 2190 non
3077 2142 3338 2207 poterunt
3381 2135 3448 2190 ⁵⁷.
3497 2154 3518 2188 ο

210 2252 226 2283 ι
261 2233 386 2302 Ἐμὲ
417 2228 832 2299 ἐγκατέλιπον
855 2226 1032 2298 πηγὴν
1064 2226 1252 2291 ὓδατος
1299 2226 1499 2292 ζῶντος
1519 2245 1530 2257 ·
1571 2229 1663 2280 καὶ
1694 2226 1827 2298 ὥρυ·

1935 2223 2001 2276 Et
2022 2221 2192 2278 David
2223 2240 2439 2295 quoque
2460 2245 2472 2280 :
2495 2244 2513 2276 ι
2550 2225 2820 2292 Quoniam
2856 2228 3000 2296 apud
3027 2236 3079 2282 te
3103 2235 3188 2280 est
3224 2226 3348 2281 fons
3373 2226 3522 2288 vitae,

1935 2313 1989 2368 in
2022 2315 2226 2370 lumine
2257 2324 2352 2370 tuo
2383 2317 2686 2371 videbimus
2739 2318 2922 2372 lumen
2952 2317 3018 2369 ⁸⁸.
3058 2337 3077 2370 υ
3113 2315 3279 2372 Vides
3307 2317 3526 2373 Patrem

1935 2408 2140 2464 fontem
2162 2411 2348 2464 vocari
2379 2429 2392 2464 :
2434 2427 2648 2466 necnon
2674 2409 2896 2474 Filium,
2923 2410 3225 2482 itidemque
3253 2408 3525 2481 Spiritum

1935 2512 2210 2557 sanctum.
2238 2500 2360 2556 Non
2395 2504 2544 2573 quod
2577 2513 2690 2560 tres
2715 2505 2826 2559 sint
2852 2503 2928 2558 dii
2967 2523 2980 2560 :
3010 2520 3154 2560 unus
3181 2507 3328 2560 enim
3352 2505 3522 2570 Deus,

1936 2609 2045 2648 una
2077 2596 2186 2658 lex,
2220 2611 2364 2650 unus
2398 2596 2682 2667 legislator
2701 2606 2756 2652 et
2787 2613 2932 2654 unus
2953 2597 3239 2654 Dominus.
3271 2601 3524 2673 Namque

1937 2701 2080 2741 unus
2124 2686 2268 2742 Deus
2317 2687 2374 2742 in
2408 2688 2586 2743 tribus
2636 2690 2892 2759 personis
2934 2690 3284 2760 medicatur.
3331 2691 3400 2745 At
3427 2692 3525 2762 qui

1937 2777 2053 2832 ﬁeri
2105 2786 2305 2849 potest,
2361 2779 2597 2851 inquies,
2626 2789 2686 2836 ut
2727 2789 2780 2836 et
2811 2781 2976 2836 Pater
3003 2783 3222 2842 dicatur
3271 2783 3439 2848 Deus,
3469 2792 3524 2839 et

1936 2869 2128 2936 Filius,
2159 2885 2213 2926 et
2255 2870 2493 2942 Spiritus
2547 2882 2777 2931 sanctus
2834 2874 3002 2940 Deus,
3049 2891 3151 2932 nec
3195 2884 3378 2932 tamen
3407 2885 3526 2934 tres

1936 2966 2068 3022 deos
2125 2968 2284 3022 esse?
2321 2967 2424 3024 Ubi
2486 2970 2796 3025 communis
2847 2978 3047 3026 natura
3079 2971 3197 3034 ,ibi
3229 2986 3525 3027 commune

1931 1223 2195 1294 Spiritum
2229 1224 2296 1278 ⁸⁸.
2342 1224 2454 1298 Ubi
2475 1224 2644 1296 igitur
2680 1223 2826 1281 Deus
2875 1224 3066 1296 ἀμφώ,
3101 1239 3201 1296 pro
3249 1239 3316 1280 eo
3365 1223 3513 1294 quod

1929 1322 2014 1370 est
2049 1313 2288 1385 Spiritus
2313 1315 2583 1385 geminus.
2611 1315 2924 1385 lterumque
2948 1314 3199 1372 Salvator
3215 1317 3290 1370 ait
3323 1333 3337 1370 :
3370 1333 3388 1366 ι
3409 1312 3515 1380 Qui

1930 1405 1988 1460 in
2041 1421 2128 1462 me
2185 1407 2380 1470 credit,
2429 1408 2572 1461 sicut
2630 1405 2762 1461 dicit
2803 1405 3130 1476 Scriptura,
3174 1405 3398 1462 ﬂumina
3447 1405 3518 1460 de

1929 1504 2122 1552 ventre
2155 1497 2276 1565 ejus
2341 1496 2510 1551 ﬂuent
2545 1511 2700 1567 aquae
2741 1497 2878 1552 vivae
2914 1497 2982 1550 ".
3009 1518 3026 1548 ι
3065 1497 3362 1569 Exponens
3422 1513 3524 1552 au-

1930 1593 2040 1641 tem
2089 1588 2447 1658 evangelista,
2481 1587 2615 1658 quid
2651 1587 2755 1641 hoc
2802 1596 2972 1650 esset,
3010 1607 3028 1638 ι
3095 1603 3250 1658 aquae
3295 1589 3455 1652 vivae,
3499 1607 3518 1639 ι

207 2323 290 2388 ξαν
331 2325 570 2382 ἑαυτοῖς
607 2321 868 2384 λάκκους
917 2320 1427 2392 συντετριμμένους,
1461 2319 1510 2372 οἳ
1543 2320 1602 2372 οὐ
1639 2319 1714 2390 μὴ
1747 2319 1838 2372 δυ-

203 2420 445 2487 νήσονται
490 2414 664 2486 ὕδωρ
692 2411 966 2483 συνέχειν.
1006 2432 1024 2462 ι
1061 2413 1172 2464 Καὶ
1198 2414 1226 2465 6
1258 2411 1450 2464 Δαυῖδ’
1481 2429 1498 2462 ι
1529 2411 1652 2463 Ὅτι
1685 2409 1836 2482 παρὰ

208 2509 278 2560 σοὶ
303 2507 458 2579 πηγὴ
513 2505 710 2571 ζωῆς,
770 2503 832 2556 ἐν
883 2500 958 2572 τῷ
1011 2501 1149 2571 φωτί
1194 2518 1286 2554 σου
1331 2500 1572 2572 ὀψόμεθα
1630 2501 1766 2570 φῶς.
1811 2521 1830 2553 ι

210 2601 364 2672 Ὀρᾷς
407 2601 504 2652 ὅτι
551 2600 583 2651 6
619 2594 830 2667 Πατὴρ
855 2595 1004 2666 πηγὴ
1037 2593 1259 2666 ἐκλήθη,
1284 2593 1379 2646 καὶ
1409 2595 1436 2646 6
1459 2591 1584 2657 Υίὸς
1615 2592 1832 2664 ὁμοίως,

208 2697 288 2746 καὶ
304 2694 364 2747 τὸ
397 2691 664 2762 Πνεῦμα
695 2689 764 2742 τὸ
791 2690 948 2756 ἅγιον
967 2727 982 2751 ,
1009 2687 1108 2756 οὐχ
1132 2687 1214 2739 ὅτι
1237 2687 1386 2756 τρεῖς
1411 2686 1516 2736 εἱσι
1541 2683 1654 2737 θεοί
1686 2683 1797 2754 (52)
1819 2701 1833 2716 ·

206 2783 276 2851 εἷς
303 2788 412 2859 γὰρ
445 2785 630 2848 Θεὸς,
671 2783 778 2836 καὶ
820 2775 902 2844 εἷς
945 2779 1127 2850 νόμος,
1161 2776 1456 2848 νομοθέτης
1489 2772 1591 2840 εἷς,
1618 2776 1712 2829 καὶ
1755 2771 1835 2840 εἷς

206 2879 416 2950 Κύριος.
457 2875 574 2941 Εἷς
619 2874 745 2944 γὰρ
777 2873 913 2935 Θεὸς
943 2873 999 2924 ὲν
1040 2869 1186 2941 τρισὶ
1226 2868 1537 2941 προσώποις
1575 2869 1838 2940 κηρύττε-

203 2989 282 3026 ται
328 2973 444 3026 Καὶ
473 2971 640 3033 πῶς,
681 2967 851 3038 φησι,
881 2965 1101 3018 δύναται
1125 2961 1380 3031 λέγεσθαι
1412 2963 1440 3013 ὁ
1466 2961 1654 3032 Πατὴρ
1681 2961 1833 3024 Θεὸς,

204 3064 287 3115 καὶ
316 3063 345 3114 ὁ
367 3063 503 3125 Υἱὸς
529 3059 712 3122 Θεὸς,
741 3056 842 3110 καὶ
879 3054 938 3108 τὸ
957 3054 1176 3124 Πνεῦμα
1206 3053 1266 3106 τὸ
1292 3053 1446 3120 ἅγιον
1475 3052 1626 3116 Θεὸς,
1657 3053 1748 3106 καὶ
1773 3053 1827 3105 ού

1937 3075 2155 3130 quoque
2185 3061 2269 3116 est
2297 3076 2498 3116 nomen
2525 3063 2829 3134 dignitatis.
2874 3064 3345 3132 Quemadmodum
3378 3064 3524 3123 Deus

202 3158 337 3224 τρεῖς
358 3157 470 3208 εἰσι
497 3152 630 3206 θεοί
652 3167 669 3214 ;
703 3151 850 3202 ὅπου
873 3145 1030 3200 κοινὰ
1052 3145 1118 3198 τὰ
1149 3144 1250 3222 τῆς
1272 3143 1506 3212 φύσεως,
1541 3143 1716 3198 κοινὸν
1743 3144 1827 3197 καὶ

1938 3163 2022 3214 ea,
2055 3165 2176 3219 qua:
2203 3165 2271 3204 ex
2300 3165 2409 3204 una
2439 3158 2635 3206 natura
2663 3153 2720 3206 in
2745 3154 3153 3210 multitudinem
3182 3155 3523 3222 dividuntur,

201 3243 358 3313 ὄνομα
388 3246 507 3314 (55)
546 3243 666 3314 τῆς
691 3238 899 3306 ἀξίας’
932 3231 1044 3290 οἷον
1075 3237 1103 3288 6
1124 3235 1260 3298 Θεὸς
1287 3233 1354 3286 τὰ
1396 3235 1476 3298 είς
1519 3233 1697 3304 πλήθη
1723 3234 1827 3305 διῃ-

1941 3259 2050 3298 uno
2071 3243 2293 3299 nomine
2321 3245 2578 3314 appellat.
2614 3244 2680 3299 Et
2713 3261 2837 3300 cum
2886 3247 3148 3301 irascitur
3183 3246 3524 3316 hominibus,

202 3337 402 3408 ρημένα
433 3337 555 3390 ἀπὸ
589 3333 743 3404 μιᾶς
784 3329 1005 3400 φύσεως
1031 3326 1109 3380 svi.
1147 3327 1368 3396 ὀνόματι
1397 3325 1580 3378 καλεῖο
1607 3325 1703 3378 καὶ
1743 3326 1827 3378 ὅτε

1935 3351 2151 3390 omnem
2179 3336 2456 3392 hominem
2507 3337 2601 3392 ira:
2652 3338 2962 3408 subjectum
3005 3355 3118 3396 sua:
3151 3356 3320 3396 unum
3363 3350 3527 3396 vocat

199 3427 472 3498 ὀργίζεται
511 3429 644 3489 τοῖς
693 3419 1038 3490 ἀνθρώποις,
1079 3419 1170 3472 τὸν
1223 3419 1399 3472 πάντα
1437 3417 1720 3488 ἄνθρωπον
1765 3421 1827 3489 τῇ

1935 3424 2211 3482 hominem
2246 3447 2258 3482 :
2288 3437 2496 3483 etcum
2539 3429 2937 3486 reconciliatur
2982 3431 3210 3496 mundo,
3243 3433 3389 3488 velut
3428 3435 3524 3488 uni

196 3521 321 3592 ὀργῇ
349 3518 759 3587 ὑποκείμενον
797 3512 901 3564 ἕνα
925 3511 1207 3580 ἄνθρωπον
1229 3509 1415 3563 καλεῖ·
1443 3509 1536 3562 καὶ
1567 3510 1656 3562 ὅτε
1684 3508 1827 3562 διαλ-

1935 3517 2142 3574 homini
2203 3521 2614 3576 reconciliatur.
2675 3521 2880 3588 Quare.
2938 3538 3065 3578 cum
3121 3525 3392 3580 diluvium
3447 3527 3522 3582 ob

197 3610 447 3666 λάσςεται
475 3610 564 3682 τῷ
592 3609 838 3677 κόσμῳ,
882 3603 958 3665 ὡς
1003 3604 1081 3654 ἑνὶ
1121 3600 1392 3672 ἀνθρώπῳ
1415 3599 1792 3655 διαλλάσσεται
1816 3619 1827 3632 ·

1935 3620 2158 3681 peccata
2194 3612 2428 3681 inducit,
2462 3615 2538 3670 ait
2578 3613 2724 3670 Deus
2755 3631 2770 3668 :
2808 3633 2826 3665 ι
2859 3613 2980 3670 Non
3019 3619 3363 3686 permanebit
3407 3617 3526 3690 Spi-

194 3691 299 3750 οἷον
323 3699 524 3767 ἐπάγει
572 3691 998 3761 κατακλυσμὸν
1029 3689 1116 3742 διὰ
1148 3691 1247 3761 τὴν
1285 3687 1581 3760 ἁμαρτίαν,
1617 3690 1710 3742 καὶ
1749 3690 1827 3742 λέ-

1935 3705 2076 3758 ritus
2104 3719 2262 3760 meus
2289 3704 2346 3758 in
2381 3704 2699 3760 hominibus
2728 3705 2872 3770 istis,
2909 3714 2964 3762 ct
2995 3705 3190 3762 delebo
3216 3687 3520 3774 hominem,

195 3791 334 3856 γειὸ
359 3789 530 3854 Θεός·
566 3806 590 3840 ς
643 3785 732 3842 Οὐ
793 3783 874 3855 μὴ
921 3781 1223 3854 καταμείνῃ
1261 3781 1322 3866 τὸ
1367 3779 1594 3851 Πνεῦμά
1634 3798 1732 3851 μου
1775 3783 1827 3834 ἐν

1935 3813 2094 3869 quem
2143 3797 2247 3854 feci
2281 3799 2348 3852 ⁵³.
2389 3817 2407 3848 ι
2459 3798 2625 3868 Atqui
2664 3807 2780 3852 tum
2828 3814 2938 3854 nou
2986 3815 3133 3856 unus
3173 3808 3294 3856 erat
3332 3800 3520 3868 homo,

193 3889 298 3952 τοῖς
325 3889 660 3962 ἀνθρώποις
686 3884 939 3947 τούτοις,
976 3883 1068 3936 καὶ
1110 3882 1372 3953 ἐξαλείψω
1402 3882 1490 3936 τὸν
1526 3881 1827 3954 ἄνθρωπον,

1935 3889 2030 3945 sed
2066 3890 2340 3962 myriades
2367 3889 2612 3956 inﬁnitae,
2646 3905 2800 3960 aeque
2843 3899 3028 3946 tamen
3053 3893 3278 3948 nomine
3309 3901 3524 3948 naturae

195 3988 247 4040 ὃν
286 3990 551 4063 ἐποίησα.
617 4009 641 4040 ι
694 3985 910 4042 Καίτοι
958 3985 1058 4038 οὐκ
1113 3980 1181 4056 ἦν
1234 3981 1334 4048 ε’ς,
1386 3983 1521 4037 ἀλλὰ
1576 3983 1827 4056 μυριάδες

1935 3998 2126 4038 omnes
2189 3983 2440 4042 homines
2469 4001 2640 4039 unum
2689 3985 2968 4042 hominem
3007 3985 3322 4058 appellavit,
3359 3987 3524 4058 idque

195 4093 432 4166 ἄπειρον
498 4092 664 4149 ἀλλὰ
716 4088 804 4160 τῷ
855 4087 1080 4158 ὀνόματι
1129 4087 1229 4157 τῆς
1269 4087 1483 4158 φύσεως
1519 4085 1610 4140 τὸν
1657 4085 1827 4140 πάντα

1935 4077 2005 4132 ob
2051 4077 2376 4133 substantiae
2408 4077 2875 4133 communionem.
2915 4076 3087 4134 David
3128 4093 3296 4149 porro
3323 4079 3524 4135 iterum

195 4193 474 4266 ἄνθρωπον
514 4195 632 4248 ἕνα
674 4190 954 4245 ἐκάλεσεν
997 4189 1280 4260 ἄνθρωπον
1317 4187 1406 4241 διὰ
1434 4187 1494 4240 τὸ
1523 4187 1700 4241 κοινὸν
1735 4187 1827 4257 τῆς

1935 4168 2068 4224 dicit
2099 4184 2114 4221 :
2155 4187 2175 4222 ι
2212 4169 2354 4237 Quid
2387 4177 2471 4225 est
2501 4169 2688 4234 homo,
2738 4170 2884 4240 quad
2917 4185 3132 4225 memor
3159 4186 3220 4225 cs
3255 4171 3397 4240 ejus,
3427 4180 3524 4225 aut

192 4261 383 4360 οὐσίας.
403 4274 546 4350 ’Καὶ
571 4293 762 4348 πάλιν
793 4289 950 4356 λέγει
978 4287 1140 4342 Δαυῖδ
1159 4304 1171 4318 ·
1197 4306 1214 4338 ι
1252 4286 1316 4341 Τί
1343 4288 1491 4341 ἐστιν
1524 4285 1827 4357 ἄνθρωπος,

1935 4261 2080 4319 filius
2117 4263 2390 4328 hominis,
2416 4263 2678 4334 quoniam
2701 4265 2894 4320 visitas
2918 4279 3042 4318 eum
3071 4264 3152 4318 ⁸θῖ
3190 4284 3209 4316 ι
3229 4263 3350 4318 Νοη
3377 4266 3524 4336 quod

193 4389 260 4442 Er:
285 4352 598 4465 μιμνήσκῃ
616 4389 745 4460 (54)
765 4352 967 4450 αὐτοῦ,
997 4384 1159 4456 ἢυίὸς
1186 4383 1494 4456 ἀνθρώπου,
1511 4384 1593 4436 ὃτι
1611 4352 1827 4436 ἐπισκέ-

1935 4371 2106 4410 unum
2141 4354 2420 4409 hominem
2459 4354 2664 4419 visitet,
2715 4352 2813 4408 sed
2863 4355 3186 4410 universum
3235 4353 3426 4409 orbem
3467 4354 3524 4408 in

1935 4457 2102 4465 _-_--_.
2165 4442 2376 4465 -..11-..ξ.
2469 4441 2578 4465 ΙΑ...
2629 4458 2756 4465 ..-_-
2837 4443 3142 4465 ------...⁴Ιεε
3183 4459 3341 4465 ------
3413 4461 3515 4465 _-_-

229 4441 255 4442 ”
285 4441 598 4466 r'r'"|"".l
619 4441 673 4459 ι*
697 4441 741 4460 τι
773 4441 782 4442 ί
955 4441 965 4450 -
1018 4441 1029 4456 ι
1138 4441 1155 4450 -
1291 4441 1304 4456 ι
1481 4441 1492 4447 -

313 4495 490 4548 αὐτόν
512 4511 569 4559 ;ι
609 4491 743 4560 Οὐχ
775 4489 866 4540 ὅτι
900 4485 996 4538 ἕνα
1025 4484 1308 4556 ἄνθρωπον
1335 4483 1630 4553 ἐσκέψατοσ
1656 4483 1827 4535 πᾶσαν

1935 4457 2106 4498 unum
2160 4442 2398 4512 collegit.
2463 4441 2581 4497 Jam
2629 4458 2783 4508 vero,
2832 4443 3146 4515 compendii
3177 4459 3370 4510 causa,
3413 4461 3524 4500 uno

1938 4533 2378 4563 ..onm..nlln.m:n
2415 4534 2564 4563 Ᾱῗηιιι
2610 4534 2746 4563 [νη-ν..
2771 4552 2869 4563 ..υι-
2901 4553 3052 4563 ..ηρ-Α
3077 4538 3248 4563 ηυξ-ι...
3285 4535 3495 4563 ﬁlum.--

1142 4533 1620 4608 :Z';"M'"""';r'ﬂ
1663 4533 1822 4608 "1;"
1938 4544 2157 4590 utemur
2176 4533 2381 4606 Moysis
2413 4534 2583 4590 dicto.
2610 4534 2748 4590 Cum
2771 4552 2869 4606 per
2901 4553 3053 4593 mare
3074 4538 3253 4592 exiret
3281 4535 3520 4600 Pharao.

191 4599 284 4671 γὰρ
311 4601 414 4675 τὴν
449 4597 833 4671 οἰκουμένην
883 4593 1092 4664 ἡγειρε.
1142 4593 1254 4645 Ἐνὶ
1299 4591 1356 4644 δὲ
1403 4589 1654 4660 συντόμῳ
1695 4604 1827 4658 χρη-

1939 4628 2272 4698 meritasque
2320 4643 2389 4683 ex
2427 4628 2544 4699 lege
2591 4629 2777 4683 divina
2817 4643 3010 4700 pcenas
3069 4629 3264 4692 lueret,
3319 4628 3522 4684 cadens

172 4727 379 4797 ⁴δεύμεθα
421 4727 596 4796 λόγῳ
649 4721 752 4774 διὰ
809 4716 1059 4781 Μωσέως
1111 4715 1412 4787 εἰρημένῳ·
1455 4713 1584 4765 Ὅτε
1633 4707 1827 4779 ἐξῆλθε

1939 4736 2065 4777 cum
2099 4720 2327 4778 inﬁnitis
2381 4722 2638 4777 curribus
2669 4723 2722 4776 in
2744 4737 2916 4788 mare,
2949 4739 3060 4794 quo
3086 4731 3334 4794 tempore
3363 4723 3522 4776 multi

187 4827 370 4902 Φαραὼ
405 4829 572 4884 κατὰ
607 4825 727 4895 τὴν
759 4819 1064 4880 θάλασσαν,
1099 4818 1194 4872 καὶ
1225 4815 1428 4886 ὑπέσχε
1466 4813 1544 4884 τῷ
1572 4813 1722 4884 νόμῳ
1747 4808 1827 4880 τῷ

1935 4811 2184 4868 homines
2214 4827 2323 4866 una
2345 4828 2470 4867 cum
2495 4829 2560 4867 eo
2579 4813 2819 4870 demersi
2846 4822 2997 4881 sunt,
3034 4815 3301 4884 multique
3331 4815 3520 4869 itidem

189 4929 300 5003 θείῳ
327 4933 447 5002 (35)
486 4931 611 5000 τὴν
645 4921 965 4996 τιμωρίαν,
995 4919 1205 4972 πίπτων
1247 4915 1385 4989 μετὰ
1419 4914 1626 4988 μυρίων
1654 4911 1827 4984 ἁρμά-

1935 4905 2061 4976 equi
2096 4923 2110 4959 :
2147 4903 2360 4975 Moyses
2403 4911 2586 4958 tamen
2622 4905 2836 4968 videns,
2866 4905 2922 4958 in
2964 4905 3220 4960 omnibus
3253 4903 3522 4958 demersis

243 5089 284 5122 δ’
324 5089 487 5143 Psal.
529 5102 648 5144 (ιν,
694 5081 792 5135 Μ.
876 5077 923 5109 ⁸³
962 5075 1029 5130 IV
1064 5075 1278 5141 chJI,
1310 5076 1376 5138 9,
1415 5073 1514 5144 10.7
1598 5067 1823 5144 δείξω.-

1935 5065 2031 5119 .14.
2057 5135 2083 5144 ν

186 5154 263 5212 15.
325 5135 604 5215 isguis-sa].
631 5135 842 5216 vxxxv,
879 5149 968 5202 lt).
1042 5149 1087 5179 ⁵⁸³
1122 5135 1322 5202 Cenes.
1359 5135 1412 5198 vt
1435 5186 1450 5210 ,
1486 5143 1540 5198 5.
1619 5143 1662 5174 ⁸ο
1703 5140 1827 5196 Psal

1943 5153 2019 5210 ιιι,
2055 5135 2107 5190 5.

2129 5059 2174 5091 ⁵⁸
2211 5056 2370 5116 Joan.
2406 5077 2509 5127 vn,
2572 5063 2662 5118 38.
2759 5064 2806 5096 ⁵⁸
2845 5062 2979 5117 ibid.
3018 5061 3106 5118 59.
3209 5061 3253 5091 ⁸⁷
3291 5057 3406 5116 Jer.
3442 5077 3518 5126 tt.

1935 5299 2126 5369 scripti
2159 5312 2310 5357 vero.
2341 5297 2402 5369 τὸ
2433 5294 2660 5369 Πνεῦμα
2686 5293 2749 5369 τὸ
2769 5287 3011 5369 διπλοῦντ

2151 5355 2306 5442 Περ,
2339 5367 2438 5436 οὐχ
2466 5366 2550 5442 fit:
2586 5355 2869 5442 spaiistat
2905 5357 3038 5442 θεοί,
3079 5357 3134 5442 in
3167 5355 3440 5442 .Vaticano
3470 5365 3524 5412 et

1934 5427 2197 5495 in‘ed’itis
2241 5427 2308 5492 ad
2355 5427 2578 5489 modum
2607 5427 2750 5488 tituli
2780 5431 2990 5498 jacent,
3034 5428 3129 5484 sed
3165 5428 3222 5482 in
3266 5427 3524 5482 omnibus

1933 5511 2058 5565 aliis
2105 5503 2502 5575 manuscriptis
2548 5509 2958 5571 consequentur
2994 5508 3319 5569 ponuntur:
3361 5507 3524 5567 atque

1932 5585 2008 5634 ita
2038 5577 2378 5634 restituenda
2416 5575 2586 5629 fuisse
2619 5581 2766 5644 patet
2800 5585 2864 5623 ex
2891 5577 3174 5644 contextu.

2003 5650 2113 5719 (33)
2155 5648 2475 5719 Basiliensls
2504 5653 2560 5699 et
2591 5639 2951 5719 Anglicanus,
2982 5642 3076 5694 καὶ
3100 5641 3164 5694 τὸ
3187 5639 3380 5710 ὄνομα.

2003 5713 2118 5792 (54)
2158 5713 2910 5792 anglis-“Inus:nimim-ﬂ
3005 5779 3055 5792 -.
3189 5781 3204 5792 .
3296 5779 3310 5792 .

2003 5779 2117 5858 (55)
2157 5779 2430 5858 Τίξῖθείῳ,
2476 5779 2631 5842 deest
2666 5779 2720 5840 in
2751 5780 2970 5851 Anglic.
3005 5779 3150 5849 Mox,
3186 5781 3244 5834 ὲν
3279 5779 3434 5834 deest
3465 5779 3521 5830 in

1931 5858 2099 5916 Basil.
2589 5871 2597 5881 ‘

246 5318 354 5392 (ξω
398 5312 803 5392 βθεὶἓὲεηεὲεν
837 5301 1010 5392 tt???“
1105 5391 1112 5392 ,
1183 5391 1205 5392 η
1247 5383 1288 5392 ,ί
1379 5376 1392 5390 .
1433 5391 1440 5392 ,
1493 5377 1506 5388 .
1545 5375 1557 5387 .

244 5378 355 5460 (50)
399 5383 800 5446 Basiliensis,
847 5378 1059 5440 Ἠλίας,
1091 5391 1216 5431 cum
1247 5378 1395 5431 tenui
1412 5378 1646 5460 _spiritu.

265 5451 356 5541 3t)
395 5479 612 5534 Locus
661 5469 956 5526 Hebraice
1001 5467 1082 5522 sic
1113 5467 1308 5531 habet,
1353 5451 1486 5528 vim
1537 5474 1658 5526 mm
1717 5473 1823 5525 nm

183 5579 272 5630 tm
306 5581 394 5658 ἢκ
437 5551 632 5629 metu};
673 5563 734 5617 id
774 5565 892 5615 est.
939 5554 1039 5610 Ubi
1065 5565 1142 5610 est
1176 5556 1314 5610 Deus
1348 5555 1485 5610 Elia;
1507 5557 1669 5610 etiam
1690 5557 1818 5625 ipse,

181 5661 276 5722 vel,
312 5645 493 5714 etiam
529 5671 714 5708 nunc.
756 5647 941 5722 Quasi
973 5646 1198 5722 diceret,
1224 5661 1332 5722 cur
1362 5662 1478 5722 non
1507 5648 1622 5722 jam
1655 5645 1820 5722 adest

183 5717 325 5792 milii,
374 5739 443 5784 ut
495 5727 656 5780 Elia:
701 5721 934 5792 aderat.
989 5717 1125 5772 Male
1149 5718 1330 5792 igitur
1362 5717 1474 5792 hic,
1516 5717 1680 5792 ᾁφφώ
1719 5732 1819 5792 pro

185 5787 362 5870 ἀμφὶ»,
393 5802 677 5870 positum
709 5791 1119 5870 dicitugpum
1149 5789 1308 5867 lqnge
1341 5787 1449 5870 alia
1487 5787 1822 5870 sit’ejus’si-

181 5858 480 5933 xiiiiicatio.
543 5866 807 5927 Ibidem,
861 5858 1020 5924 editi,
1075 5858 1296 5932 Πνεῦμα
1336 5858 1575 5914 διπλοῦν.
1625 5859 1817 5913 Manu~
