  <div class='ocr_page' id='page_1' title='image "/cluster/home/n/w/nwhite01/storage/ocr_20150623/28/hvd.32044019207737/025.png"; bbox 0 0 4048 6406; ppageno 0'>
   <div class='ocr_carea' id='block_1_1' title="bbox 524 336 3786 420">
    <p class='ocr_par' dir='ltr' id='par_1_1' title="bbox 524 336 3786 420">
     <span class='ocr_line' id='line_1_1' title="bbox 524 336 3786 420; baseline -0.006 -9"><span class='ocrx_word' id='word_1_1' title='bbox 524 362 596 420; x_wconf 71' lang='lat'><strong>39</strong></span> <span class='ocrx_word' id='word_1_2' title='bbox 1688 349 1746 407; x_wconf 87' lang='lat' dir='ltr'><strong>S.</strong></span> <span class='ocrx_word' id='word_1_3' title='bbox 1793 345 2268 404; x_wconf 77' lang='lat' dir='ltr'><strong>ATHANASIUS.‘</strong></span> <span class='ocrx_word' id='word_1_4' title='bbox 2295 377 2366 388; x_wconf 88' lang='lat'><em>-</em></span> <span class='ocrx_word' id='word_1_5' title='bbox 2399 344 2626 401; x_wconf 81' lang='lat' dir='ltr'><strong>DUBIA.</strong></span> <span class='ocrx_word' id='word_1_6' title='bbox 3721 336 3786 393; x_wconf 74' lang='grc' dir='ltr'><strong>ιο</strong></span> 
     </span>
    </p>
   </div>
   <div class='ocr_carea' id='block_1_2' title="bbox 524 457 2132 557">
    <p class='ocr_par' dir='ltr' id='par_1_2' title="bbox 524 471 2132 557">
     <span class='ocr_line' id='line_1_2' title="bbox 524 471 2132 557; baseline -0.012 -15"><span class='ocrx_word' id='word_1_7' title='bbox 524 483 772 557; x_wconf 84' lang='lat' dir='ltr'><strong>eamdem</strong></span> <span class='ocrx_word' id='word_1_8' title='bbox 807 496 933 538; x_wconf 81' lang='lat' dir='ltr'><strong>esse</strong></span> <span class='ocrx_word' id='word_1_9' title='bbox 954 487 1229 548; x_wconf 86' lang='lat' dir='ltr'><strong>naturam,</strong></span> <span class='ocrx_word' id='word_1_10' title='bbox 1247 476 1381 534; x_wconf 90' lang='lat' dir='ltr'><strong>etde</strong></span> <span class='ocrx_word' id='word_1_11' title='bbox 1399 476 1556 547; x_wconf 84' lang='lat' dir='ltr'><strong>equis</strong></span> <span class='ocrx_word' id='word_1_12' title='bbox 1576 483 1630 530; x_wconf 90' lang='lat' dir='ltr'><strong>et</strong></span> <span class='ocrx_word' id='word_1_13' title='bbox 1655 472 1725 529; x_wconf 90' lang='lat' dir='ltr'><strong>de</strong></span> <span class='ocrx_word' id='word_1_14' title='bbox 1753 471 2099 537; x_wconf 87' lang='lat' dir='ltr'><strong>hominibus,</strong></span> <span class='ocrx_word' id='word_1_15' title='bbox 2131 525 2132 531; x_wconf 32' lang='grc' dir='ltr'><strong>η</strong></span> 
     </span>
    </p>
   </div>
   <div class='ocr_carea' id='block_1_3' title="bbox 2237 457 3788 557">
    <p class='ocr_par' dir='ltr' id='par_1_3' title="bbox 2237 457 3788 539">
     <span class='ocr_line' id='line_1_3' title="bbox 2237 457 3788 539; baseline -0.007 -17"><span class='ocrx_word' id='word_1_16' title='bbox 2237 486 2314 522; x_wconf 45' lang='grc' dir='ltr'><strong>κων</strong></span> <span class='ocrx_word' id='word_1_17' title='bbox 2357 469 2414 521; x_wconf 81' lang='grc' dir='ltr'><strong>ἐν</strong></span> <span class='ocrx_word' id='word_1_18' title='bbox 2450 470 2518 539; x_wconf 80' lang='grc' dir='ltr'>τῇ</span> <span class='ocrx_word' id='word_1_19' title='bbox 2565 465 2832 535; x_wconf 81' lang='grc' dir='ltr'>θαλάσσῃ,</span> <span class='ocrx_word' id='word_1_20' title='bbox 2882 464 2976 517; x_wconf 75' lang='grc' dir='ltr'><strong>καὶ</strong></span> <span class='ocrx_word' id='word_1_21' title='bbox 3009 457 3150 535; x_wconf 75' lang='grc' dir='ltr'>ἦσαν</span> <span class='ocrx_word' id='word_1_22' title='bbox 3197 461 3383 518; x_wconf 61' lang='grc' dir='ltr'><strong>πολλοὶ¹</strong></span> <span class='ocrx_word' id='word_1_23' title='bbox 3423 459 3700 532; x_wconf 81' lang='grc' dir='ltr'>ἂνθρωποι</span> <span class='ocrx_word' id='word_1_24' title='bbox 3743 460 3788 512; x_wconf 84' lang='grc' dir='ltr'><strong>οί</strong></span> 
     </span>
    </p>
   </div>
   <div class='ocr_carea' id='block_1_4' title="bbox 525 563 2106 638">
    <p class='ocr_par' dir='ltr' id='par_1_4' title="bbox 525 563 2106 638">
     <span class='ocr_line' id='line_1_4' title="bbox 525 563 2106 638; baseline -0.011 -5"><span class='ocrx_word' id='word_1_25' title='bbox 525 581 600 634; x_wconf 90' lang='lat' dir='ltr'><strong>ita</strong></span> <span class='ocrx_word' id='word_1_26' title='bbox 645 578 760 632; x_wconf 65' lang='lat' dir='ltr'><strong>haec</strong></span> <span class='ocrx_word' id='word_1_27' title='bbox 809 576 934 630; x_wconf 88' lang='lat' dir='ltr'><strong>ait:</strong></span> <span class='ocrx_word' id='word_1_28' title='bbox 969 591 989 626; x_wconf 77' lang='grc' dir='ltr'><strong>ι</strong></span> <span class='ocrx_word' id='word_1_29' title='bbox 1025 572 1325 629; x_wconf 77' lang='lat' dir='ltr'><strong>Cantemus</strong></span> <span class='ocrx_word' id='word_1_30' title='bbox 1374 568 1626 633; x_wconf 86' lang='lat' dir='ltr'><strong>Domino,</strong></span> <span class='ocrx_word' id='word_1_31' title='bbox 1670 565 1906 638; x_wconf 77' lang='lat' dir='ltr'><strong>gloriose</strong></span> <span class='ocrx_word' id='word_1_32' title='bbox 1956 563 2106 618; x_wconf 91' lang='lat' dir='ltr'><strong>enim</strong></span> 
     </span>
    </p>
   </div>
   <div class='ocr_carea' id='block_1_5' title="bbox 527 653 2108 740">
    <p class='ocr_par' dir='ltr' id='par_1_5' title="bbox 527 653 2108 740">
     <span class='ocr_line' id='line_1_5' title="bbox 527 653 2108 740; baseline -0.011 -14"><span class='ocrx_word' id='word_1_33' title='bbox 527 667 910 740; x_wconf 80' lang='lat' dir='ltr'><strong>magniﬁcatus</strong></span> <span class='ocrx_word' id='word_1_34' title='bbox 965 675 1072 730; x_wconf 90' lang='lat' dir='ltr'><strong>est,</strong></span> <span class='ocrx_word' id='word_1_35' title='bbox 1101 677 1304 734; x_wconf 90' lang='lat' dir='ltr'><strong>equum</strong></span> <span class='ocrx_word' id='word_1_36' title='bbox 1328 661 1385 732; x_wconf 80' lang='lat'><strong><em>6</em></strong></span> <span class='ocrx_word' id='word_1_37' title='bbox 1411 671 1466 715; x_wconf 88' lang='lat' dir='ltr'><strong>et</strong></span> <span class='ocrx_word' id='word_1_38' title='bbox 1523 671 1873 713; x_wconf 84' lang='lat' dir='ltr'><strong>ascensorem</strong></span> <span class='ocrx_word' id='word_1_39' title='bbox 1908 653 2108 724; x_wconf 88' lang='lat' dir='ltr'><strong>dejecit</strong></span> 
     </span>
    </p>
   </div>
   <div class='ocr_carea' id='block_1_6' title="bbox 525 761 2105 820">
    <p class='ocr_par' dir='ltr' id='par_1_6' title="bbox 525 761 2105 820">
     <span class='ocr_line' id='line_1_6' title="bbox 525 761 2105 820; baseline -0.014 0"><span class='ocrx_word' id='word_1_40' title='bbox 525 765 582 820; x_wconf 92' lang='lat' dir='ltr'><strong>in</strong></span> <span class='ocrx_word' id='word_1_41' title='bbox 612 779 764 818; x_wconf 86' lang='lat' dir='ltr'><strong>mare</strong></span> <span class='ocrx_word' id='word_1_42' title='bbox 803 763 884 813; x_wconf 79' lang='lat'><strong>“:</strong></span> <span class='ocrx_word' id='word_1_43' title='bbox 923 766 1180 813; x_wconf 63' lang='lat' dir='ltr'><strong>stantum</strong></span> <span class='ocrx_word' id='word_1_44' title='bbox 1239 767 1531 810; x_wconf 81' lang='lat' dir='ltr'><strong>numerum</strong></span> <span class='ocrx_word' id='word_1_45' title='bbox 1582 763 1850 820; x_wconf 89' lang='lat' dir='ltr'><strong>equorum</strong></span> <span class='ocrx_word' id='word_1_46' title='bbox 1903 761 2105 816; x_wconf 81' lang='lat' dir='ltr'><strong>equum</strong></span> 
     </span>
    </p>
   </div>
   <div class='ocr_carea' id='block_1_7' title="bbox 525 835 2111 922">
    <p class='ocr_par' dir='ltr' id='par_1_7' title="bbox 525 835 2111 922">
     <span class='ocr_line' id='line_1_7' title="bbox 525 835 2111 922; baseline -0.011 -13"><span class='ocrx_word' id='word_1_47' title='bbox 525 869 698 909; x_wconf 91' lang='lat' dir='ltr'><strong>unum</strong></span> <span class='ocrx_word' id='word_1_48' title='bbox 728 835 1049 922; x_wconf 52' lang='lat' dir='ltr'><strong>appellavit,</strong></span> <span class='ocrx_word' id='word_1_49' title='bbox 1068 848 1140 902; x_wconf 89' lang='lat' dir='ltr'><strong>ob</strong></span> <span class='ocrx_word' id='word_1_50' title='bbox 1167 845 1612 901; x_wconf 86' lang='lat' dir='ltr'><strong>communionem</strong></span> <span class='ocrx_word' id='word_1_51' title='bbox 1660 847 1910 896; x_wconf 67' lang='lat' dir='ltr'><strong>naturae:</strong></span> <span class='ocrx_word' id='word_1_52' title='bbox 1945 846 2000 893; x_wconf 93' lang='lat' dir='ltr'><strong>et</strong></span> <span class='ocrx_word' id='word_1_53' title='bbox 2036 838 2111 892; x_wconf 85' lang='lat' dir='ltr'><strong>vi-</strong></span> 
     </span>
    </p>
   </div>
   <div class='ocr_carea' id='block_1_8' title="bbox 527 932 2105 1003">
    <p class='ocr_par' dir='ltr' id='par_1_8' title="bbox 527 932 2105 1003">
     <span class='ocr_line' id='line_1_8' title="bbox 527 932 2105 1003; baseline -0.009 -2"><span class='ocrx_word' id='word_1_54' title='bbox 527 961 718 1002; x_wconf 82' lang='lat' dir='ltr'><strong>rorum</strong></span> <span class='ocrx_word' id='word_1_55' title='bbox 748 943 1148 1000; x_wconf 90' lang='lat' dir='ltr'><strong>multitudinem</strong></span> <span class='ocrx_word' id='word_1_56' title='bbox 1187 954 1359 994; x_wconf 90' lang='lat' dir='ltr'><strong>unum</strong></span> <span class='ocrx_word' id='word_1_57' title='bbox 1397 937 1676 994; x_wconf 88' lang='lat' dir='ltr'><strong>hominem</strong></span> <span class='ocrx_word' id='word_1_58' title='bbox 1726 932 2105 1003; x_wconf 82' lang='lat' dir='ltr'><strong>nuncupavit:</strong></span> 
     </span>
    </p>
   </div>
   <div class='ocr_carea' id='block_1_9' title="bbox 525 1024 2112 1113">
    <p class='ocr_par' dir='ltr' id='par_1_9' title="bbox 525 1024 2112 1113">
     <span class='ocr_line' id='line_1_9' title="bbox 525 1024 2112 1113; baseline -0.014 -16"><span class='ocrx_word' id='word_1_59' title='bbox 525 1056 730 1113; x_wconf 86' lang='lat' dir='ltr'><strong>equum</strong></span> <span class='ocrx_word' id='word_1_60' title='bbox 763 1038 909 1094; x_wconf 92' lang='lat' dir='ltr'><strong>enim</strong></span> <span class='ocrx_word' id='word_1_61' title='bbox 926 1043 979 1091; x_wconf 90' lang='lat' dir='ltr'><strong>et</strong></span> <span class='ocrx_word' id='word_1_62' title='bbox 1011 1047 1365 1088; x_wconf 80' lang='lat' dir='ltr'><strong>ascensorem</strong></span> <span class='ocrx_word' id='word_1_63' title='bbox 1393 1030 1489 1094; x_wconf 92' lang='lat' dir='ltr'><strong>ait,</strong></span> <span class='ocrx_word' id='word_1_64' title='bbox 1525 1030 1597 1084; x_wconf 88' lang='lat' dir='ltr'><strong>ob</strong></span> <span class='ocrx_word' id='word_1_65' title='bbox 1623 1037 1834 1082; x_wconf 66' lang='lat' dir='ltr'><strong>naturae</strong></span> <span class='ocrx_word' id='word_1_66' title='bbox 1877 1024 2112 1080; x_wconf 87' lang='lat' dir='ltr'><strong>societa-</strong></span> 
     </span>
    </p>
   </div>
   <div class='ocr_carea' id='block_1_10' title="bbox 525 1122 2112 1200">
    <p class='ocr_par' dir='ltr' id='par_1_10' title="bbox 525 1122 2112 1200">
     <span class='ocr_line' id='line_1_10' title="bbox 525 1122 2112 1200; baseline -0.014 -10"><span class='ocrx_word' id='word_1_67' title='bbox 525 1142 657 1190; x_wconf 90' lang='lat' dir='ltr'><strong>tem.</strong></span> <span class='ocrx_word' id='word_1_68' title='bbox 697 1131 755 1185; x_wconf 90' lang='lat' dir='ltr'><strong>Si</strong></span> <span class='ocrx_word' id='word_1_69' title='bbox 801 1129 969 1200; x_wconf 78' lang='lat' dir='ltr'><strong>igitur</strong></span> <span class='ocrx_word' id='word_1_70' title='bbox 1005 1129 1062 1180; x_wconf 91' lang='lat' dir='ltr'><strong>in</strong></span> <span class='ocrx_word' id='word_1_71' title='bbox 1111 1123 1462 1186; x_wconf 84' lang='lat' dir='ltr'><strong>hominibus,</strong></span> <span class='ocrx_word' id='word_1_72' title='bbox 1508 1122 1601 1176; x_wconf 90' lang='lat' dir='ltr'><strong>ubi</strong></span> <span class='ocrx_word' id='word_1_73' title='bbox 1641 1134 1706 1175; x_wconf 89' lang='lat' dir='ltr'><strong>ea</strong></span> <span class='ocrx_word' id='word_1_74' title='bbox 1739 1132 1862 1188; x_wconf 63' lang='lat' dir='ltr'><strong>qua:</strong></span> <span class='ocrx_word' id='word_1_75' title='bbox 1902 1123 2112 1170; x_wconf 60' lang='lat' dir='ltr'><strong>natura</strong></span> 
     </span>
    </p>
   </div>
   <div class='ocr_carea' id='block_1_11' title="bbox 529 1207 2108 1284">
    <p class='ocr_par' dir='ltr' id='par_1_11' title="bbox 529 1207 2108 1284">
     <span class='ocr_line' id='line_1_11' title="bbox 529 1207 2108 1284; baseline -0.013 -1"><span class='ocrx_word' id='word_1_76' title='bbox 529 1233 658 1284; x_wconf 90' lang='lat' dir='ltr'><strong>sunt</strong></span> <span class='ocrx_word' id='word_1_77' title='bbox 686 1221 1123 1280; x_wconf 78' lang='lat' dir='ltr'><strong>confunduntur,</strong></span> <span class='ocrx_word' id='word_1_78' title='bbox 1156 1215 1248 1270; x_wconf 89' lang='lat' dir='ltr'><strong>ubi</strong></span> <span class='ocrx_word' id='word_1_79' title='bbox 1291 1213 1587 1269; x_wconf 85' lang='lat' dir='ltr'><strong>discrimen</strong></span> <span class='ocrx_word' id='word_1_80' title='bbox 1620 1210 1829 1274; x_wconf 77' lang='lat' dir='ltr'><strong>formae,</strong></span> <span class='ocrx_word' id='word_1_81' title='bbox 1871 1207 2108 1272; x_wconf 89' lang='lat' dir='ltr'><strong>roboris,</strong></span> 
     </span>
    </p>
   </div>
   <div class='ocr_carea' id='block_1_12' title="bbox 527 1299 2109 1383">
    <p class='ocr_par' dir='ltr' id='par_1_12' title="bbox 527 1299 2109 1383">
     <span class='ocr_line' id='line_1_12' title="bbox 527 1299 2109 1383; baseline -0.015 -9"><span class='ocrx_word' id='word_1_82' title='bbox 527 1327 581 1375; x_wconf 93' lang='lat' dir='ltr'><strong>et</strong></span> <span class='ocrx_word' id='word_1_83' title='bbox 600 1315 819 1372; x_wconf 90' lang='lat' dir='ltr'><strong>consilii</strong></span> <span class='ocrx_word' id='word_1_84' title='bbox 851 1333 865 1369; x_wconf 88' lang='lat'><strong>:</strong></span> <span class='ocrx_word' id='word_1_85' title='bbox 897 1325 1248 1383; x_wconf 81' lang='lat' dir='ltr'><strong>nequaquam</strong></span> <span class='ocrx_word' id='word_1_86' title='bbox 1281 1309 1428 1362; x_wconf 91' lang='lat' dir='ltr'><strong>enim</strong></span> <span class='ocrx_word' id='word_1_87' title='bbox 1461 1305 1518 1358; x_wconf 92' lang='lat' dir='ltr'><strong>in</strong></span> <span class='ocrx_word' id='word_1_88' title='bbox 1561 1303 1670 1358; x_wconf 87' lang='lat' dir='ltr'><strong>illis</strong></span> <span class='ocrx_word' id='word_1_89' title='bbox 1695 1317 1792 1374; x_wconf 87' lang='lat' dir='ltr'><strong>par</strong></span> <span class='ocrx_word' id='word_1_90' title='bbox 1815 1299 2109 1364; x_wconf 87' lang='lat' dir='ltr'><strong>sententia,</strong></span> 
     </span>
    </p>
   </div>
   <div class='ocr_carea' id='block_1_13' title="bbox 527 1393 2113 1480">
    <p class='ocr_par' dir='ltr' id='par_1_13' title="bbox 527 1393 2113 1480">
     <span class='ocr_line' id='line_1_13' title="bbox 527 1393 2113 1480; baseline -0.013 -14"><span class='ocrx_word' id='word_1_91' title='bbox 527 1425 706 1480; x_wconf 89' lang='lat' dir='ltr'><strong>neque</strong></span> <span class='ocrx_word' id='word_1_92' title='bbox 728 1409 936 1470; x_wconf 62' lang='grc' dir='ltr'>ἴοι-ωσι,</span> <span class='ocrx_word' id='word_1_93' title='bbox 973 1419 1152 1476; x_wconf 88' lang='lat' dir='ltr'><strong>neque</strong></span> <span class='ocrx_word' id='word_1_94' title='bbox 1200 1400 1390 1454; x_wconf 84' lang='lat' dir='ltr'><strong>vires:</strong></span> <span class='ocrx_word' id='word_1_95' title='bbox 1423 1395 1720 1451; x_wconf 87' lang='lat' dir='ltr'><strong>dissimiles</strong></span> <span class='ocrx_word' id='word_1_96' title='bbox 1745 1395 1876 1449; x_wconf 88' lang='lat' dir='ltr'><strong>item</strong></span> <span class='ocrx_word' id='word_1_97' title='bbox 1913 1393 2113 1463; x_wconf 67' lang='lat' dir='ltr'><strong>lingua:</strong></span> 
     </span>
    </p>
   </div>
   <div class='ocr_carea' id='block_1_14' title="bbox 529 1483 2114 1564">
    <p class='ocr_par' dir='ltr' id='par_1_14' title="bbox 529 1483 2114 1564">
     <span class='ocr_line' id='line_1_14' title="bbox 529 1483 2114 1564; baseline -0.013 -8"><span class='ocrx_word' id='word_1_98' title='bbox 529 1509 678 1564; x_wconf 88' lang='lat' dir='ltr'><strong>sunt,</strong></span> <span class='ocrx_word' id='word_1_99' title='bbox 703 1495 847 1552; x_wconf 88' lang='lat' dir='ltr'><strong>unde</strong></span> <span class='ocrx_word' id='word_1_100' title='bbox 875 1495 1064 1560; x_wconf 89' lang='lat' dir='ltr'><strong>etiam,</strong></span> <span class='ocrx_word' id='word_1_101' title='bbox 1101 1490 1360 1564; x_wconf 82' lang='grc' dir='ltr'>μέροπες,</span> <span class='ocrx_word' id='word_1_102' title='bbox 1394 1487 1450 1541; x_wconf 87' lang='lat' dir='ltr'><strong>id</strong></span> <span class='ocrx_word' id='word_1_103' title='bbox 1481 1493 1566 1541; x_wconf 89' lang='lat' dir='ltr'><strong>est</strong></span> <span class='ocrx_word' id='word_1_104' title='bbox 1591 1485 1783 1539; x_wconf 66' lang='lat' dir='ltr'><strong>divisa:</strong></span> <span class='ocrx_word' id='word_1_105' title='bbox 1809 1483 1984 1550; x_wconf 84' lang='lat' dir='ltr'><strong>vocis,</strong></span> <span class='ocrx_word' id='word_1_106' title='bbox 2016 1483 2114 1536; x_wconf 88' lang='lat' dir='ltr'><strong>ho-</strong></span> 
     </span>
    </p>
   </div>
   <div class='ocr_carea' id='block_1_15' title="bbox 528 1575 2112 1651">
    <p class='ocr_par' dir='ltr' id='par_1_15' title="bbox 528 1575 2112 1651">
     <span class='ocr_line' id='line_1_15' title="bbox 528 1575 2112 1651; baseline -0.01 -5"><span class='ocrx_word' id='word_1_107' title='bbox 528 1591 708 1646; x_wconf 87' lang='lat' dir='ltr'><strong>mines</strong></span> <span class='ocrx_word' id='word_1_108' title='bbox 741 1590 1020 1644; x_wconf 89' lang='lat' dir='ltr'><strong>dicuntur.</strong></span> <span class='ocrx_word' id='word_1_109' title='bbox 1057 1585 1201 1651; x_wconf 84' lang='lat' dir='ltr'><strong>Quin</strong></span> <span class='ocrx_word' id='word_1_110' title='bbox 1236 1583 1402 1637; x_wconf 86' lang='lat' dir='ltr'><strong>etiam</strong></span> <span class='ocrx_word' id='word_1_111' title='bbox 1433 1579 1506 1633; x_wconf 88' lang='lat' dir='ltr'><strong>ob</strong></span> <span class='ocrx_word' id='word_1_112' title='bbox 1538 1585 1748 1632; x_wconf 75' lang='lat' dir='ltr'><strong>naturae</strong></span> <span class='ocrx_word' id='word_1_113' title='bbox 1774 1575 2112 1631; x_wconf 88' lang='lat' dir='ltr'><strong>communio-</strong></span> 
     </span>
    </p>
   </div>
   <div class='ocr_carea' id='block_1_16' title="bbox 532 1670 2113 1747">
    <p class='ocr_par' dir='ltr' id='par_1_16' title="bbox 532 1670 2113 1747">
     <span class='ocr_line' id='line_1_16' title="bbox 532 1670 2113 1747; baseline -0.008 -11"><span class='ocrx_word' id='word_1_114' title='bbox 532 1697 678 1747; x_wconf 89' lang='lat' dir='ltr'><strong>nem,</strong></span> <span class='ocrx_word' id='word_1_115' title='bbox 707 1688 858 1736; x_wconf 91' lang='lat' dir='ltr'><strong>totus</strong></span> <span class='ocrx_word' id='word_1_116' title='bbox 887 1687 1161 1734; x_wconf 88' lang='lat' dir='ltr'><strong>terrarum</strong></span> <span class='ocrx_word' id='word_1_117' title='bbox 1192 1673 1346 1730; x_wconf 86' lang='lat' dir='ltr'><strong>orbis</strong></span> <span class='ocrx_word' id='word_1_118' title='bbox 1397 1686 1543 1727; x_wconf 89' lang='lat' dir='ltr'><strong>unus</strong></span> <span class='ocrx_word' id='word_1_119' title='bbox 1573 1670 1738 1724; x_wconf 88' lang='lat' dir='ltr'><strong>homo</strong></span> <span class='ocrx_word' id='word_1_120' title='bbox 1765 1677 2113 1738; x_wconf 86' lang='lat' dir='ltr'><strong>nuncupatus</strong></span> 
     </span>
    </p>
   </div>
   <div class='ocr_carea' id='block_1_17' title="bbox 531 1765 2114 1836">
    <p class='ocr_par' dir='ltr' id='par_1_17' title="bbox 531 1765 2114 1836">
     <span class='ocr_line' id='line_1_17' title="bbox 531 1765 2114 1836; baseline -0.012 -5"><span class='ocrx_word' id='word_1_121' title='bbox 531 1782 639 1833; x_wconf 91' lang='lat' dir='ltr'><strong>est.</strong></span> <span class='ocrx_word' id='word_1_122' title='bbox 674 1773 776 1830; x_wconf 86' lang='lat' dir='ltr'><strong>Ubi</strong></span> <span class='ocrx_word' id='word_1_123' title='bbox 809 1786 940 1828; x_wconf 86' lang='lat' dir='ltr'><strong>vero</strong></span> <span class='ocrx_word' id='word_1_124' title='bbox 966 1768 1201 1824; x_wconf 85' lang='lat' dir='ltr'><strong>indivisa</strong></span> <span class='ocrx_word' id='word_1_125' title='bbox 1225 1765 1488 1836; x_wconf 78' lang='lat' dir='ltr'><strong>dignitas,</strong></span> <span class='ocrx_word' id='word_1_126' title='bbox 1521 1775 1692 1816; x_wconf 91' lang='lat' dir='ltr'><strong>unum</strong></span> <span class='ocrx_word' id='word_1_127' title='bbox 1729 1775 1977 1832; x_wconf 83' lang='lat' dir='ltr'><strong>regnum,</strong></span> <span class='ocrx_word' id='word_1_128' title='bbox 2005 1773 2114 1813; x_wconf 89' lang='lat' dir='ltr'><strong>una</strong></span> 
     </span>
    </p>
   </div>
   <div class='ocr_carea' id='block_1_18' title="bbox 533 1851 2113 1938">
    <p class='ocr_par' dir='ltr' id='par_1_18' title="bbox 533 1851 2113 1938">
     <span class='ocr_line' id='line_1_18' title="bbox 533 1851 2113 1938; baseline -0.011 -18"><span class='ocrx_word' id='word_1_129' title='bbox 533 1865 801 1938; x_wconf 88' lang='lat' dir='ltr'><strong>potentia,</strong></span> <span class='ocrx_word' id='word_1_130' title='bbox 860 1862 1174 1923; x_wconf 80' lang='lat' dir='ltr'><strong>consilium,</strong></span> <span class='ocrx_word' id='word_1_131' title='bbox 1226 1857 1490 1920; x_wconf 75' lang='lat' dir='ltr'><strong>elﬁcacia,</strong></span> <span class='ocrx_word' id='word_1_132' title='bbox 1544 1853 1872 1908; x_wconf 85' lang='lat' dir='ltr'><strong>Trinitatem</strong></span> <span class='ocrx_word' id='word_1_133' title='bbox 1913 1851 2113 1906; x_wconf 86' lang='lat' dir='ltr'><strong>distin-</strong></span> 
     </span>
    </p>
   </div>
   <div class='ocr_carea' id='block_1_19' title="bbox 2215 555 3791 636">
    <p class='ocr_par' dir='ltr' id='par_1_19' title="bbox 2215 555 3791 636">
     <span class='ocr_line' id='line_1_19' title="bbox 2215 555 3791 636; baseline -0.006 -18"><span class='ocrx_word' id='word_1_134' title='bbox 2215 563 2556 636; x_wconf 83' lang='grc' dir='ltr'>βυθισθέντες</span> <span class='ocrx_word' id='word_1_135' title='bbox 2615 563 2732 633; x_wconf 83' lang='grc' dir='ltr'>μετ’</span> <span class='ocrx_word' id='word_1_136' title='bbox 2771 560 3002 622; x_wconf 85' lang='grc' dir='ltr'>ἐκείνου,</span> <span class='ocrx_word' id='word_1_137' title='bbox 3047 562 3142 614; x_wconf 72' lang='grc' dir='ltr'>καὶ</span> <span class='ocrx_word' id='word_1_138' title='bbox 3197 561 3354 614; x_wconf 75' lang='grc' dir='ltr'>ἵπποι</span> <span class='ocrx_word' id='word_1_139' title='bbox 3399 557 3616 612; x_wconf 86' lang='grc' dir='ltr'>πολλοί·</span> <span class='ocrx_word' id='word_1_140' title='bbox 3660 560 3689 612; x_wconf 86' lang='grc' dir='ltr'><strong>ό</strong></span> <span class='ocrx_word' id='word_1_141' title='bbox 3739 555 3791 609; x_wconf 80' lang='grc' dir='ltr'><strong>δέ</strong></span> 
     </span>
    </p>
   </div>
   <div class='ocr_carea' id='block_1_20' title="bbox 2213 657 3790 732">
    <p class='ocr_par' dir='ltr' id='par_1_20' title="bbox 2213 657 3790 732">
     <span class='ocr_line' id='line_1_20' title="bbox 2213 657 3790 732; baseline -0.004 -14"><span class='ocrx_word' id='word_1_142' title='bbox 2213 663 2418 732; x_wconf 81' lang='grc' dir='ltr'>Μωσῆς</span> <span class='ocrx_word' id='word_1_143' title='bbox 2469 659 2647 724; x_wconf 81' lang='grc' dir='ltr'>εἰδὼς,</span> <span class='ocrx_word' id='word_1_144' title='bbox 2667 660 2748 713; x_wconf 80' lang='grc' dir='ltr'>ὅτι</span> <span class='ocrx_word' id='word_1_145' title='bbox 2767 659 2985 712; x_wconf 88' lang='grc' dir='ltr'>πάντων</span> <span class='ocrx_word' id='word_1_146' title='bbox 3010 659 3118 712; x_wconf 85' lang='grc' dir='ltr'><strong>τῶν</strong></span> <span class='ocrx_word' id='word_1_147' title='bbox 3146 659 3505 730; x_wconf 85' lang='grc' dir='ltr'>βυθισθέντων</span> <span class='ocrx_word' id='word_1_148' title='bbox 3524 658 3622 731; x_wconf 89' lang='grc' dir='ltr'><strong>μία</strong></span> <span class='ocrx_word' id='word_1_149' title='bbox 3647 657 3790 712; x_wconf 71' lang='grc' dir='ltr'>ἐστὶν</span> 
     </span>
    </p>
   </div>
   <div class='ocr_carea' id='block_1_21' title="bbox 2213 753 3791 834">
    <p class='ocr_par' dir='ltr' id='par_1_21' title="bbox 2213 753 3791 834">
     <span class='ocr_line' id='line_1_21' title="bbox 2213 753 3791 834; baseline -0.006 -20"><span class='ocrx_word' id='word_1_150' title='bbox 2213 764 2248 834; x_wconf 91' lang='grc' dir='ltr'><strong>ή</strong></span> <span class='ocrx_word' id='word_1_151' title='bbox 2288 760 2469 832; x_wconf 88' lang='grc' dir='ltr'>φύσις,</span> <span class='ocrx_word' id='word_1_152' title='bbox 2505 760 2600 812; x_wconf 68' lang='grc' dir='ltr'>καὶ</span> <span class='ocrx_word' id='word_1_153' title='bbox 2630 759 2757 829; x_wconf 70' lang='grc' dir='ltr'>περὶ</span> <span class='ocrx_word' id='word_1_154' title='bbox 2797 757 2904 812; x_wconf 83' lang='grc' dir='ltr'><strong>τῶν</strong></span> <span class='ocrx_word' id='word_1_155' title='bbox 2934 757 3116 810; x_wconf 80' lang='grc' dir='ltr'>ἳππων</span> <span class='ocrx_word' id='word_1_156' title='bbox 3155 758 3248 810; x_wconf 77' lang='grc' dir='ltr'>καὶ</span> <span class='ocrx_word' id='word_1_157' title='bbox 3289 757 3416 828; x_wconf 69' lang='grc' dir='ltr'>περὶ</span> <span class='ocrx_word' id='word_1_158' title='bbox 3451 755 3558 808; x_wconf 81' lang='grc' dir='ltr'>τῶν</span> <span class='ocrx_word' id='word_1_159' title='bbox 3589 753 3791 826; x_wconf 81' lang='grc' dir='ltr'>ἀνδρῶν</span> 
     </span>
    </p>
   </div>
   <div class='ocr_carea' id='block_1_22' title="bbox 2213 855 3792 932">
    <p class='ocr_par' dir='ltr' id='par_1_22' title="bbox 2213 855 3792 932">
     <span class='ocr_line' id='line_1_22' title="bbox 2213 855 3792 932; baseline -0.005 -16"><span class='ocrx_word' id='word_1_160' title='bbox 2213 862 2390 932; x_wconf 83' lang='grc' dir='ltr'>λέγει·</span> <span class='ocrx_word' id='word_1_161' title='bbox 2439 880 2459 912; x_wconf 78' lang='grc' dir='ltr'><strong>ι</strong></span> <span class='ocrx_word' id='word_1_162' title='bbox 2497 859 2752 931; x_wconf 78' lang='grc' dir='ltr'>’ᾼσωμεν</span> <span class='ocrx_word' id='word_1_163' title='bbox 2789 857 2868 930; x_wconf 83' lang='grc' dir='ltr'>τῷ</span> <span class='ocrx_word' id='word_1_164' title='bbox 2910 858 3136 930; x_wconf 79' lang='grc' dir='ltr'>Κυρίῳο</span> <span class='ocrx_word' id='word_1_165' title='bbox 3183 857 3406 924; x_wconf 79' lang='grc' dir='ltr'>ἐνδόξως</span> <span class='ocrx_word' id='word_1_166' title='bbox 3441 856 3551 927; x_wconf 84' lang='grc' dir='ltr'>γὰρ</span> <span class='ocrx_word' id='word_1_167' title='bbox 3582 855 3792 922; x_wconf 76' lang='grc' dir='ltr'>δεδόξα-</span> 
     </span>
    </p>
   </div>
   <div class='ocr_carea' id='block_1_23' title="bbox 2217 955 3789 1033">
    <p class='ocr_par' dir='ltr' id='par_1_23' title="bbox 2217 955 3789 1033">
     <span class='ocr_line' id='line_1_23' title="bbox 2217 955 3789 1033; baseline -0.006 -15"><span class='ocrx_word' id='word_1_168' title='bbox 2217 981 2370 1018; x_wconf 77' lang='grc' dir='ltr'>σταιο</span> <span class='ocrx_word' id='word_1_169' title='bbox 2419 963 2580 1018; x_wconf 81' lang='grc' dir='ltr'>ἵππον</span> <span class='ocrx_word' id='word_1_170' title='bbox 2626 961 2722 1017; x_wconf 73' lang='grc' dir='ltr'><strong>καὶ</strong></span> <span class='ocrx_word' id='word_1_171' title='bbox 2769 961 3044 1032; x_wconf 71' lang='grc' dir='ltr'>ἀναϐάτην</span> <span class='ocrx_word' id='word_1_172' title='bbox 3075 959 3295 1033; x_wconf 64' lang='grc' dir='ltr'>ἔρριψεν</span> <span class='ocrx_word' id='word_1_173' title='bbox 3323 961 3402 1022; x_wconf 87' lang='grc' dir='ltr'>εἰς</span> <span class='ocrx_word' id='word_1_174' title='bbox 3431 955 3732 1012; x_wconf 75' lang='grc' dir='ltr'>θάλασσαν’</span> <span class='ocrx_word' id='word_1_175' title='bbox 3773 976 3789 1008; x_wconf 77' lang='grc' dir='ltr'><strong>ι</strong></span> 
     </span>
    </p>
   </div>
   <div class='ocr_carea' id='block_1_24' title="bbox 2216 1059 3793 1136">
    <p class='ocr_par' dir='ltr' id='par_1_24' title="bbox 2216 1059 3793 1136">
     <span class='ocr_line' id='line_1_24' title="bbox 2216 1059 3793 1136; baseline -0.004 -18"><span class='ocrx_word' id='word_1_176' title='bbox 2216 1063 2328 1134; x_wconf 83' lang='grc'><strong>(56)</strong></span> <span class='ocrx_word' id='word_1_177' title='bbox 2351 1063 2424 1118; x_wconf 74' lang='grc' dir='ltr'><strong>τά</strong></span> <span class='ocrx_word' id='word_1_178' title='bbox 2450 1062 2628 1136; x_wconf 85' lang='grc' dir='ltr'>πλήθη</span> <span class='ocrx_word' id='word_1_179' title='bbox 2653 1061 2759 1117; x_wconf 84' lang='grc' dir='ltr'><strong>τῶν</strong></span> <span class='ocrx_word' id='word_1_180' title='bbox 2793 1061 2974 1116; x_wconf 85' lang='grc' dir='ltr'>ἵππων</span> <span class='ocrx_word' id='word_1_181' title='bbox 3001 1059 3257 1114; x_wconf 75' lang='grc' dir='ltr'>ἐκάλεσεν</span> <span class='ocrx_word' id='word_1_182' title='bbox 3283 1060 3448 1113; x_wconf 80' lang='grc' dir='ltr'>ἵππον</span> <span class='ocrx_word' id='word_1_183' title='bbox 3472 1059 3569 1112; x_wconf 73' lang='grc' dir='ltr'><strong>ἕνα</strong></span> <span class='ocrx_word' id='word_1_184' title='bbox 3589 1059 3678 1113; x_wconf 82' lang='grc' dir='ltr'><strong>διὰ</strong></span> <span class='ocrx_word' id='word_1_185' title='bbox 3701 1060 3793 1132; x_wconf 68' lang='grc' dir='ltr'><strong>τὴν</strong></span> 
     </span>
    </p>
   </div>
   <div class='ocr_carea' id='block_1_25' title="bbox 2217 1157 3798 1236">
    <p class='ocr_par' dir='ltr' id='par_1_25' title="bbox 2217 1157 3798 1236">
     <span class='ocr_line' id='line_1_25' title="bbox 2217 1157 3798 1236; baseline -0.006 -15"><span class='ocrx_word' id='word_1_186' title='bbox 2217 1167 2499 1221; x_wconf 81' lang='grc' dir='ltr'>κοινωνίαν</span> <span class='ocrx_word' id='word_1_187' title='bbox 2527 1166 2626 1236; x_wconf 74' lang='grc' dir='ltr'>τῆς</span> <span class='ocrx_word' id='word_1_188' title='bbox 2649 1165 2882 1236; x_wconf 76' lang='grc' dir='ltr'>φύσεως,</span> <span class='ocrx_word' id='word_1_189' title='bbox 2905 1163 3000 1218; x_wconf 72' lang='grc' dir='ltr'><strong>καὶ</strong></span> <span class='ocrx_word' id='word_1_190' title='bbox 3020 1161 3088 1216; x_wconf 69' lang='grc' dir='ltr'><strong>τὰ</strong></span> <span class='ocrx_word' id='word_1_191' title='bbox 3113 1159 3290 1232; x_wconf 83' lang='grc' dir='ltr'>πλήθη</span> <span class='ocrx_word' id='word_1_192' title='bbox 3318 1157 3424 1213; x_wconf 86' lang='grc' dir='ltr'><strong>τῶν</strong></span> <span class='ocrx_word' id='word_1_193' title='bbox 3439 1158 3647 1230; x_wconf 83' lang='grc' dir='ltr'>ἀνδρῶν</span> <span class='ocrx_word' id='word_1_194' title='bbox 3681 1159 3798 1212; x_wconf 80' lang='grc' dir='ltr'>ἐκά-</span> 
     </span>
    </p>
   </div>
   <div class='ocr_carea' id='block_1_26' title="bbox 2217 1248 3798 1340">
    <p class='ocr_par' dir='ltr' id='par_1_26' title="bbox 2217 1248 3798 1340">
     <span class='ocr_line' id='line_1_26' title="bbox 2217 1248 3798 1340; baseline -0.006 -18"><span class='ocrx_word' id='word_1_195' title='bbox 2217 1269 2372 1324; x_wconf 89' lang='grc' dir='ltr'>λεσεν</span> <span class='ocrx_word' id='word_1_196' title='bbox 2385 1271 2482 1325; x_wconf 66' lang='grc' dir='ltr'><strong>ἕνα</strong></span> <span class='ocrx_word' id='word_1_197' title='bbox 2508 1268 2810 1340; x_wconf 76' lang='grc' dir='ltr'>ἄνθρωπον·</span> <span class='ocrx_word' id='word_1_198' title='bbox 2834 1269 3000 1321; x_wconf 79' lang='grc' dir='ltr'>ἵππον</span> <span class='ocrx_word' id='word_1_199' title='bbox 3023 1264 3132 1336; x_wconf 85' lang='grc' dir='ltr'>γὰρ</span> <span class='ocrx_word' id='word_1_200' title='bbox 3153 1264 3246 1318; x_wconf 72' lang='grc' dir='ltr'><strong>καὶ</strong></span> <span class='ocrx_word' id='word_1_201' title='bbox 3267 1261 3544 1332; x_wconf 82' lang='grc' dir='ltr'>ἀναϐάτην</span> <span class='ocrx_word' id='word_1_202' title='bbox 3571 1255 3692 1313; x_wconf 74' lang='grc' dir='ltr'>εἷπε</span> <span class='ocrx_word' id='word_1_203' title='bbox 3714 1248 3798 1313; x_wconf 70' lang='grc' dir='ltr'><strong>διὰ</strong></span> 
     </span>
    </p>
   </div>
   <div class='ocr_carea' id='block_1_27' title="bbox 2217 1359 3796 1444">
    <p class='ocr_par' dir='ltr' id='par_1_27' title="bbox 2217 1359 3796 1444">
     <span class='ocr_line' id='line_1_27' title="bbox 2217 1359 3796 1444; baseline -0.008 -19"><span class='ocrx_word' id='word_1_204' title='bbox 2217 1373 2316 1444; x_wconf 82' lang='grc' dir='ltr'><strong>τὴν</strong></span> <span class='ocrx_word' id='word_1_205' title='bbox 2353 1371 2637 1424; x_wconf 73' lang='grc' dir='ltr'>κοινωνίαν</span> <span class='ocrx_word' id='word_1_206' title='bbox 2651 1369 2752 1440; x_wconf 78' lang='grc' dir='ltr'><strong>τῆς</strong></span> <span class='ocrx_word' id='word_1_207' title='bbox 2778 1368 3010 1438; x_wconf 79' lang='grc' dir='ltr'>φύσεως.</span> <span class='ocrx_word' id='word_1_208' title='bbox 3038 1365 3100 1420; x_wconf 68' lang='lat' dir='ltr'><strong>Et</strong></span> <span class='ocrx_word' id='word_1_209' title='bbox 3131 1359 3222 1420; x_wconf 80' lang='grc' dir='ltr'><strong>οὖν</strong></span> <span class='ocrx_word' id='word_1_210' title='bbox 3246 1366 3304 1417; x_wconf 85' lang='grc' dir='ltr'><strong>ὲν</strong></span> <span class='ocrx_word' id='word_1_211' title='bbox 3325 1365 3437 1426; x_wconf 86' lang='grc' dir='ltr'>τοῖς</span> <span class='ocrx_word' id='word_1_212' title='bbox 3470 1359 3796 1434; x_wconf 77' lang='grc' dir='ltr'>ἀνθρώποις,</span> 
     </span>
    </p>
   </div>
   <div class='ocr_carea' id='block_1_28' title="bbox 2217 1459 3799 1539">
    <p class='ocr_par' dir='ltr' id='par_1_28' title="bbox 2217 1459 3799 1539">
     <span class='ocr_line' id='line_1_28' title="bbox 2217 1459 3799 1539; baseline -0.009 -15"><span class='ocrx_word' id='word_1_213' title='bbox 2217 1472 2352 1524; x_wconf 84' lang='grc' dir='ltr'>ὅπου</span> <span class='ocrx_word' id='word_1_214' title='bbox 2374 1469 2702 1539; x_wconf 81' lang='grc' dir='ltr'>συγκέχυται</span> <span class='ocrx_word' id='word_1_215' title='bbox 2735 1467 2802 1520; x_wconf 72' lang='grc' dir='ltr'>τὰ</span> <span class='ocrx_word' id='word_1_216' title='bbox 2821 1468 2922 1536; x_wconf 76' lang='grc' dir='ltr'><strong>τῆς</strong></span> <span class='ocrx_word' id='word_1_217' title='bbox 2943 1465 3174 1534; x_wconf 82' lang='grc' dir='ltr'>φύσεως,</span> <span class='ocrx_word' id='word_1_218' title='bbox 3199 1463 3332 1516; x_wconf 82' lang='grc' dir='ltr'>ὅπου</span> <span class='ocrx_word' id='word_1_219' title='bbox 3365 1460 3596 1532; x_wconf 78' lang='grc' dir='ltr'>διάφορα</span> <span class='ocrx_word' id='word_1_220' title='bbox 3616 1459 3683 1512; x_wconf 79' lang='grc' dir='ltr'>τὰ</span> <span class='ocrx_word' id='word_1_221' title='bbox 3706 1462 3799 1530; x_wconf 77' lang='grc' dir='ltr'>τῆς</span> 
     </span>
    </p>
   </div>
   <div class='ocr_carea' id='block_1_29' title="bbox 2223 1560 3796 1646">
    <p class='ocr_par' dir='ltr' id='par_1_29' title="bbox 2223 1560 3796 1646">
     <span class='ocr_line' id='line_1_29' title="bbox 2223 1560 3796 1646; baseline -0.009 -19"><span class='ocrx_word' id='word_1_222' title='bbox 2223 1573 2460 1646; x_wconf 74' lang='grc' dir='ltr'>μορφῆς,</span> <span class='ocrx_word' id='word_1_223' title='bbox 2489 1573 2583 1626; x_wconf 74' lang='grc' dir='ltr'>καὶ</span> <span class='ocrx_word' id='word_1_224' title='bbox 2608 1570 2910 1641; x_wconf 83' lang='grc' dir='ltr'>δυνάμεως,</span> <span class='ocrx_word' id='word_1_225' title='bbox 2931 1567 3022 1620; x_wconf 74' lang='grc' dir='ltr'><strong>καὶ</strong></span> <span class='ocrx_word' id='word_1_226' title='bbox 3046 1565 3241 1636; x_wconf 80' lang='grc' dir='ltr'>βουλῆς</span> <span class='ocrx_word' id='word_1_227' title='bbox 3260 1580 3273 1593; x_wconf 91' lang='grc'><strong>·</strong></span> <span class='ocrx_word' id='word_1_228' title='bbox 3296 1563 3357 1616; x_wconf 86' lang='grc' dir='ltr'><strong>ού</strong></span> <span class='ocrx_word' id='word_1_229' title='bbox 3386 1563 3494 1635; x_wconf 88' lang='grc' dir='ltr'><strong>γάρ</strong></span> <span class='ocrx_word' id='word_1_230' title='bbox 3519 1563 3664 1615; x_wconf 80' lang='grc' dir='ltr'>ἐστιν</span> <span class='ocrx_word' id='word_1_231' title='bbox 3679 1560 3796 1614; x_wconf 75' lang='grc' dir='ltr'>οὔτε</span> 
     </span>
    </p>
   </div>
   <div class='ocr_carea' id='block_1_30' title="bbox 2218 1665 3802 1748">
    <p class='ocr_par' dir='ltr' id='par_1_30' title="bbox 2218 1665 3802 1748">
     <span class='ocr_line' id='line_1_30' title="bbox 2218 1665 3802 1748; baseline -0.008 -18"><span class='ocrx_word' id='word_1_232' title='bbox 2218 1676 2410 1748; x_wconf 84' lang='grc' dir='ltr'><strong>γνώμη</strong></span> <span class='ocrx_word' id='word_1_233' title='bbox 2454 1675 2578 1748; x_wconf 81' lang='grc' dir='ltr'>ἴση,</span> <span class='ocrx_word' id='word_1_234' title='bbox 2627 1673 2750 1726; x_wconf 72' lang='grc' dir='ltr'>οὒτε</span> <span class='ocrx_word' id='word_1_235' title='bbox 2795 1672 2995 1743; x_wconf 77' lang='grc' dir='ltr'>μορφὴ,</span> <span class='ocrx_word' id='word_1_236' title='bbox 3032 1669 3154 1724; x_wconf 70' lang='grc' dir='ltr'>οὔτε</span> <span class='ocrx_word' id='word_1_237' title='bbox 3199 1667 3378 1740; x_wconf 77' lang='grc' dir='ltr'>ἰσχύςο</span> <span class='ocrx_word' id='word_1_238' title='bbox 3425 1667 3518 1720; x_wconf 74' lang='grc' dir='ltr'><strong>καὶ</strong></span> <span class='ocrx_word' id='word_1_239' title='bbox 3557 1665 3802 1736; x_wconf 82' lang='grc' dir='ltr'>διάφοροι</span> 
     </span>
    </p>
   </div>
   <div class='ocr_carea' id='block_1_31' title="bbox 2219 1752 3798 1840">
    <p class='ocr_par' dir='ltr' id='par_1_31' title="bbox 2219 1752 3798 1840">
     <span class='ocr_line' id='line_1_31' title="bbox 2219 1752 3798 1840; baseline -0.011 -18"><span class='ocrx_word' id='word_1_240' title='bbox 2219 1768 2482 1840; x_wconf 74' lang='grc' dir='ltr'>γλῶτταιο</span> <span class='ocrx_word' id='word_1_241' title='bbox 2537 1765 2616 1818; x_wconf 82' lang='grc' dir='ltr'>διὸ</span> <span class='ocrx_word' id='word_1_242' title='bbox 2661 1763 2756 1818; x_wconf 69' lang='grc' dir='ltr'>καὶ</span> <span class='ocrx_word' id='word_1_243' title='bbox 2793 1763 3067 1833; x_wconf 74' lang='grc' dir='ltr'>ἂνθρωποι</span> <span class='ocrx_word' id='word_1_244' title='bbox 3099 1758 3334 1830; x_wconf 77' lang='grc' dir='ltr'>μέροπες</span> <span class='ocrx_word' id='word_1_245' title='bbox 3361 1756 3610 1824; x_wconf 88' lang='grc' dir='ltr'>λέγονται</span> <span class='ocrx_word' id='word_1_246' title='bbox 3655 1752 3798 1824; x_wconf 77' lang='grc'>(57)’</span> 
     </span>
    </p>
   </div>
   <div class='ocr_carea' id='block_1_32' title="bbox 2221 1839 3803 1926">
    <p class='ocr_par' dir='ltr' id='par_1_32' title="bbox 2221 1839 3803 1926">
     <span class='ocr_line' id='line_1_32' title="bbox 2221 1839 3803 1926; baseline -0.011 -11"><span class='ocrx_word' id='word_1_247' title='bbox 2221 1839 2355 1915; x_wconf 77' lang='grc' dir='ltr'>ἀλλὰ</span> <span class='ocrx_word' id='word_1_248' title='bbox 2381 1859 2470 1913; x_wconf 80' lang='grc' dir='ltr'>διὰ</span> <span class='ocrx_word' id='word_1_249' title='bbox 2499 1857 2560 1910; x_wconf 90' lang='grc' dir='ltr'><strong>τὸ</strong></span> <span class='ocrx_word' id='word_1_250' title='bbox 2594 1855 2768 1912; x_wconf 84' lang='grc' dir='ltr'>κοινὸν</span> <span class='ocrx_word' id='word_1_251' title='bbox 2792 1855 2891 1926; x_wconf 85' lang='grc' dir='ltr'><strong>τῆς</strong></span> <span class='ocrx_word' id='word_1_252' title='bbox 2915 1852 3130 1923; x_wconf 78' lang='grc' dir='ltr'>φύσεως</span> <span class='ocrx_word' id='word_1_253' title='bbox 3157 1853 3304 1906; x_wconf 83' lang='grc' dir='ltr'>πᾶσα</span> <span class='ocrx_word' id='word_1_254' title='bbox 3335 1851 3368 1922; x_wconf 81' lang='grc' dir='ltr'><strong>ἡ</strong></span> <span class='ocrx_word' id='word_1_255' title='bbox 3400 1846 3690 1918; x_wconf 76' lang='grc' dir='ltr'>οἰκουμένη</span> <span class='ocrx_word' id='word_1_256' title='bbox 3725 1839 3803 1908; x_wconf 78' lang='grc' dir='ltr'><strong>εἷς</strong></span> 
     </span>
    </p>
   </div>
   <div class='ocr_carea' id='block_1_33' title="bbox 535 1937 2132 2030">
    <p class='ocr_par' dir='ltr' id='par_1_33' title="bbox 535 1940 2120 2030">
     <span class='ocr_line' id='line_1_33' title="bbox 535 1940 2120 2030; baseline -0.011 -17"><span class='ocrx_word' id='word_1_257' title='bbox 535 1973 709 2030; x_wconf 77' lang='lat' dir='ltr'><strong>guens</strong></span> <span class='ocrx_word' id='word_1_258' title='bbox 730 1963 1067 2021; x_wconf 85' lang='lat' dir='ltr'><strong>acreatura;</strong></span> <span class='ocrx_word' id='word_1_259' title='bbox 1097 1951 1173 2006; x_wconf 91' lang='lat' dir='ltr'><strong>ibi</strong></span> <span class='ocrx_word' id='word_1_260' title='bbox 1206 1964 1375 2005; x_wconf 88' lang='lat' dir='ltr'><strong>unum</strong></span> <span class='ocrx_word' id='word_1_261' title='bbox 1409 1946 1618 2002; x_wconf 86' lang='lat' dir='ltr'><strong>allirmo</strong></span> <span class='ocrx_word' id='word_1_262' title='bbox 1649 1943 1838 1999; x_wconf 89' lang='lat' dir='ltr'><strong>Deum.</strong></span> <span class='ocrx_word' id='word_1_263' title='bbox 1883 1940 1980 1996; x_wconf 90' lang='lat' dir='ltr'><strong>Sin</strong></span> <span class='ocrx_word' id='word_1_264' title='bbox 2022 1957 2120 1996; x_wconf 79' lang='lat' dir='ltr'><strong>au-</strong></span> 
     </span>
    </p>
   </div>
   <div class='ocr_carea' id='block_1_34' title="bbox 2237 1937 3804 2030">
    <p class='ocr_par' dir='ltr' id='par_1_34' title="bbox 2237 1937 3804 2025">
     <span class='ocr_line' id='line_1_34' title="bbox 2237 1937 3804 2025; baseline -0.012 -18"><span class='ocrx_word' id='word_1_265' title='bbox 2237 1953 2504 2025; x_wconf 79' lang='grc' dir='ltr'>ινθρωπος</span> <span class='ocrx_word' id='word_1_266' title='bbox 2545 1949 2768 2020; x_wconf 88' lang='grc' dir='ltr'>ἐκλήθη.</span> <span class='ocrx_word' id='word_1_267' title='bbox 2799 1947 2970 1999; x_wconf 87' lang='grc' dir='ltr'>Ὅπου</span> <span class='ocrx_word' id='word_1_268' title='bbox 3009 1946 3067 1999; x_wconf 83' lang='grc' dir='ltr'>δὲ</span> <span class='ocrx_word' id='word_1_269' title='bbox 3100 1943 3393 2016; x_wconf 81' lang='grc' dir='ltr'><strong>ἀμέριστος</strong></span> <span class='ocrx_word' id='word_1_270' title='bbox 3431 1942 3465 2010; x_wconf 83' lang='grc' dir='ltr'>ἡ</span> <span class='ocrx_word' id='word_1_271' title='bbox 3505 1939 3665 2005; x_wconf 80' lang='grc' dir='ltr'>ἀξία,</span> <span class='ocrx_word' id='word_1_272' title='bbox 3711 1937 3804 2008; x_wconf 88' lang='grc' dir='ltr'><strong>μία</strong></span> 
     </span>
    </p>
   </div>
   <div class='ocr_carea' id='block_1_35' title="bbox 535 2037 2120 2124">
    <p class='ocr_par' dir='ltr' id='par_1_35' title="bbox 535 2037 2120 2124">
     <span class='ocr_line' id='line_1_35' title="bbox 535 2037 2120 2124; baseline -0.011 -15"><span class='ocrx_word' id='word_1_273' title='bbox 535 2064 667 2119; x_wconf 92' lang='lat' dir='ltr'><strong>tem,</strong></span> <span class='ocrx_word' id='word_1_274' title='bbox 687 2052 843 2124; x_wconf 73' lang='lat' dir='ltr'><strong>,quod</strong></span> <span class='ocrx_word' id='word_1_275' title='bbox 869 2051 1058 2113; x_wconf 88' lang='lat' dir='ltr'><strong>Deum,</strong></span> <span class='ocrx_word' id='word_1_276' title='bbox 1095 2056 1149 2104; x_wconf 93' lang='lat' dir='ltr'><strong>et</strong></span> <span class='ocrx_word' id='word_1_277' title='bbox 1169 2045 1364 2112; x_wconf 91' lang='lat' dir='ltr'><strong>Deum,</strong></span> <span class='ocrx_word' id='word_1_278' title='bbox 1391 2051 1448 2100; x_wconf 91' lang='lat' dir='ltr'><strong>et</strong></span> <span class='ocrx_word' id='word_1_279' title='bbox 1477 2041 1647 2098; x_wconf 90' lang='lat' dir='ltr'><strong>Deum</strong></span> <span class='ocrx_word' id='word_1_280' title='bbox 1673 2040 1822 2104; x_wconf 87' lang='lat' dir='ltr'><strong>dico,</strong></span> <span class='ocrx_word' id='word_1_281' title='bbox 1855 2047 1970 2094; x_wconf 90' lang='lat' dir='ltr'><strong>tres</strong></span> <span class='ocrx_word' id='word_1_282' title='bbox 1999 2037 2120 2093; x_wconf 90' lang='lat' dir='ltr'><strong>ideo</strong></span> 
     </span>
    </p>
   </div>
   <div class='ocr_carea' id='block_1_36' title="bbox 537 2130 2121 2202">
    <p class='ocr_par' dir='ltr' id='par_1_36' title="bbox 537 2130 2121 2202">
     <span class='ocr_line' id='line_1_36' title="bbox 537 2130 2121 2202; baseline -0.012 0"><span class='ocrx_word' id='word_1_283' title='bbox 537 2147 670 2202; x_wconf 90' lang='lat' dir='ltr'><strong>deos</strong></span> <span class='ocrx_word' id='word_1_284' title='bbox 700 2146 976 2200; x_wconf 89' lang='lat' dir='ltr'><strong>constituo</strong></span> <span class='ocrx_word' id='word_1_285' title='bbox 1001 2161 1016 2198; x_wconf 88' lang='lat'><strong>:</strong></span> <span class='ocrx_word' id='word_1_286' title='bbox 1043 2149 1238 2198; x_wconf 90' lang='lat' dir='ltr'><strong>etcum</strong></span> <span class='ocrx_word' id='word_1_287' title='bbox 1258 2139 1346 2194; x_wconf 86' lang='lat' dir='ltr'><strong>aio</strong></span> <span class='ocrx_word' id='word_1_288' title='bbox 1375 2134 1689 2197; x_wconf 89' lang='lat' dir='ltr'><strong>Dominum,</strong></span> <span class='ocrx_word' id='word_1_289' title='bbox 1719 2141 1778 2189; x_wconf 80' lang='lat' dir='ltr'><strong>et</strong></span> <span class='ocrx_word' id='word_1_290' title='bbox 1807 2130 2121 2196; x_wconf 90' lang='lat' dir='ltr'><strong>Dominum,</strong></span> 
     </span>
    </p>
   </div>
   <div class='ocr_carea' id='block_1_37' title="bbox 535 2221 2126 2302">
    <p class='ocr_par' dir='ltr' id='par_1_37' title="bbox 535 2221 2126 2302">
     <span class='ocr_line' id='line_1_37' title="bbox 535 2221 2126 2302; baseline -0.014 -5"><span class='ocrx_word' id='word_1_291' title='bbox 535 2248 592 2298; x_wconf 84' lang='lat' dir='ltr'><strong>et</strong></span> <span class='ocrx_word' id='word_1_292' title='bbox 625 2237 936 2302; x_wconf 88' lang='lat' dir='ltr'><strong>Dominum,</strong></span> <span class='ocrx_word' id='word_1_293' title='bbox 969 2244 1080 2290; x_wconf 91' lang='lat' dir='ltr'><strong>tres</strong></span> <span class='ocrx_word' id='word_1_294' title='bbox 1112 2234 1240 2288; x_wconf 87' lang='lat' dir='ltr'><strong>dico</strong></span> <span class='ocrx_word' id='word_1_295' title='bbox 1271 2231 1529 2286; x_wconf 85' lang='lat' dir='ltr'><strong>Dominos</strong></span> <span class='ocrx_word' id='word_1_296' title='bbox 1549 2247 1562 2284; x_wconf 91' lang='lat'><strong>:</strong></span> <span class='ocrx_word' id='word_1_297' title='bbox 1584 2229 1632 2282; x_wconf 89' lang='lat' dir='ltr'><strong>si</strong></span> <span class='ocrx_word' id='word_1_298' title='bbox 1661 2241 1813 2297; x_wconf 86' lang='lat' dir='ltr'><strong>ergo,</strong></span> <span class='ocrx_word' id='word_1_299' title='bbox 1846 2223 2006 2278; x_wconf 87' lang='lat' dir='ltr'><strong>Pater</strong></span> <span class='ocrx_word' id='word_1_300' title='bbox 2020 2221 2126 2276; x_wconf 75' lang='lat' dir='ltr'><strong>Do-</strong></span> 
     </span>
    </p>
   </div>
   <div class='ocr_carea' id='block_1_38' title="bbox 539 2311 2122 2393">
    <p class='ocr_par' dir='ltr' id='par_1_38' title="bbox 539 2311 2122 2393">
     <span class='ocr_line' id='line_1_38' title="bbox 539 2311 2122 2393; baseline -0.012 -8"><span class='ocrx_word' id='word_1_301' title='bbox 539 2330 747 2393; x_wconf 88' lang='lat' dir='ltr'><strong>minus,</strong></span> <span class='ocrx_word' id='word_1_302' title='bbox 771 2327 944 2383; x_wconf 90' lang='lat' dir='ltr'><strong>Filius</strong></span> <span class='ocrx_word' id='word_1_303' title='bbox 986 2324 1272 2387; x_wconf 87' lang='lat' dir='ltr'><strong>Dominus,</strong></span> <span class='ocrx_word' id='word_1_304' title='bbox 1313 2320 1552 2392; x_wconf 87' lang='lat' dir='ltr'><strong>Spiritus</strong></span> <span class='ocrx_word' id='word_1_305' title='bbox 1575 2327 1798 2374; x_wconf 90' lang='lat' dir='ltr'><strong>sanctus</strong></span> <span class='ocrx_word' id='word_1_306' title='bbox 1838 2311 2122 2376; x_wconf 84' lang='lat' dir='ltr'><strong>Dominus.</strong></span> 
     </span>
    </p>
   </div>
   <div class='ocr_carea' id='block_1_39' title="bbox 541 2406 2126 2494">
    <p class='ocr_par' dir='ltr' id='par_1_39' title="bbox 541 2406 2126 2494">
     <span class='ocr_line' id='line_1_39' title="bbox 541 2406 2126 2494; baseline -0.012 -17"><span class='ocrx_word' id='word_1_307' title='bbox 541 2420 819 2494; x_wconf 91' lang='lat' dir='ltr'><strong>quomodo</strong></span> <span class='ocrx_word' id='word_1_308' title='bbox 849 2427 930 2482; x_wconf 91' lang='lat' dir='ltr'><strong>tu,</strong></span> <span class='ocrx_word' id='word_1_309' title='bbox 957 2415 1214 2487; x_wconf 83' lang='lat' dir='ltr'><strong>Apostole</strong></span> <span class='ocrx_word' id='word_1_310' title='bbox 1237 2413 1519 2482; x_wconf 83' lang='lat' dir='ltr'><strong>legislator</strong></span> <span class='ocrx_word' id='word_1_311' title='bbox 1563 2406 1832 2469; x_wconf 84' lang='lat' dir='ltr'><strong>veritatis,</strong></span> <span class='ocrx_word' id='word_1_312' title='bbox 1863 2417 2126 2475; x_wconf 85' lang='lat' dir='ltr'><strong>patronus</strong></span> 
     </span>
    </p>
   </div>
   <div class='ocr_carea' id='block_1_40' title="bbox 541 2497 2126 2586">
    <p class='ocr_par' dir='ltr' id='par_1_40' title="bbox 541 2497 2126 2586">
     <span class='ocr_line' id='line_1_40' title="bbox 541 2497 2126 2586; baseline -0.013 -15"><span class='ocrx_word' id='word_1_313' title='bbox 541 2513 846 2586; x_wconf 85' lang='lat' dir='ltr'><strong>religionis,</strong></span> <span class='ocrx_word' id='word_1_314' title='bbox 866 2509 1118 2580; x_wconf 83' lang='lat' dir='ltr'><strong>Ephesiis</strong></span> <span class='ocrx_word' id='word_1_315' title='bbox 1142 2503 1392 2560; x_wconf 87' lang='lat' dir='ltr'><strong>clamasti</strong></span> <span class='ocrx_word' id='word_1_316' title='bbox 1413 2502 1604 2557; x_wconf 86' lang='lat' dir='ltr'><strong>dicens</strong></span> <span class='ocrx_word' id='word_1_317' title='bbox 1618 2519 1631 2553; x_wconf 92' lang='lat'>:</span> <span class='ocrx_word' id='word_1_318' title='bbox 1645 2497 1828 2554; x_wconf 70' lang='lat' dir='ltr'><strong>«Unus</strong></span> <span class='ocrx_word' id='word_1_319' title='bbox 1841 2497 2126 2562; x_wconf 88' lang='lat' dir='ltr'><strong>Dominus,</strong></span> 
     </span>
    </p>
   </div>
   <div class='ocr_carea' id='block_1_41' title="bbox 547 2589 2130 2671">
    <p class='ocr_par' dir='ltr' id='par_1_41' title="bbox 547 2589 2130 2671">
     <span class='ocr_line' id='line_1_41' title="bbox 547 2589 2130 2671; baseline -0.011 -10"><span class='ocrx_word' id='word_1_320' title='bbox 547 2621 656 2662; x_wconf 87' lang='lat' dir='ltr'><strong>una</strong></span> <span class='ocrx_word' id='word_1_321' title='bbox 685 2605 842 2670; x_wconf 74' lang='lat' dir='ltr'><strong>fides,</strong></span> <span class='ocrx_word' id='word_1_322' title='bbox 867 2617 1036 2656; x_wconf 92' lang='lat' dir='ltr'><strong>unum</strong></span> <span class='ocrx_word' id='word_1_323' title='bbox 1071 2599 1345 2671; x_wconf 87' lang='lat' dir='ltr'><strong>baptisma</strong></span> <span class='ocrx_word' id='word_1_324' title='bbox 1368 2595 1452 2648; x_wconf 82' lang='lat'><strong>“?</strong></span> <span class='ocrx_word' id='word_1_325' title='bbox 1481 2613 1501 2646; x_wconf 73' lang='grc' dir='ltr'><strong>ι</strong></span> <span class='ocrx_word' id='word_1_326' title='bbox 1535 2591 1693 2648; x_wconf 90' lang='lat' dir='ltr'><strong>Unus</strong></span> <span class='ocrx_word' id='word_1_327' title='bbox 1720 2589 1984 2646; x_wconf 87' lang='lat' dir='ltr'><strong>Dominus</strong></span> <span class='ocrx_word' id='word_1_328' title='bbox 2045 2601 2130 2643; x_wconf 85' lang='lat' dir='ltr'><strong>se-</strong></span> 
     </span>
    </p>
   </div>
   <div class='ocr_carea' id='block_1_42' title="bbox 543 2681 2134 2757">
    <p class='ocr_par' dir='ltr' id='par_1_42' title="bbox 543 2681 2134 2757">
     <span class='ocr_line' id='line_1_42' title="bbox 543 2681 2134 2757; baseline -0.012 -4"><span class='ocrx_word' id='word_1_329' title='bbox 543 2697 785 2753; x_wconf 90' lang='lat' dir='ltr'><strong>cundum</strong></span> <span class='ocrx_word' id='word_1_330' title='bbox 839 2691 1330 2749; x_wconf 79' lang='lat' dir='ltr'><strong>sanctiﬁcationem</strong></span> <span class='ocrx_word' id='word_1_331' title='bbox 1385 2686 1826 2757; x_wconf 89' lang='lat' dir='ltr'><strong>seraphiuorum.</strong></span> <span class='ocrx_word' id='word_1_332' title='bbox 1887 2681 2022 2736; x_wconf 83' lang='lat' dir='ltr'><strong>Nam</strong></span> <span class='ocrx_word' id='word_1_333' title='bbox 2079 2689 2134 2736; x_wconf 91' lang='lat' dir='ltr'><strong>et</strong></span> 
     </span>
    </p>
   </div>
   <div class='ocr_carea' id='block_1_43' title="bbox 543 2774 2131 2845">
    <p class='ocr_par' dir='ltr' id='par_1_43' title="bbox 543 2774 2131 2845">
     <span class='ocr_line' id='line_1_43' title="bbox 543 2774 2131 2845; baseline -0.011 0"><span class='ocrx_word' id='word_1_334' title='bbox 543 2789 625 2845; x_wconf 87' lang='lat' dir='ltr'><strong>illi</strong></span> <span class='ocrx_word' id='word_1_335' title='bbox 647 2787 960 2843; x_wconf 86' lang='lat' dir='ltr'><strong>clamabant</strong></span> <span class='ocrx_word' id='word_1_336' title='bbox 989 2802 1002 2838; x_wconf 95' lang='lat'>:</span> <span class='ocrx_word' id='word_1_337' title='bbox 1037 2804 1056 2836; x_wconf 87' lang='grc'>‹</span> <span class='ocrx_word' id='word_1_338' title='bbox 1095 2783 1354 2844; x_wconf 87' lang='lat' dir='ltr'><strong>Sanctus,</strong></span> <span class='ocrx_word' id='word_1_339' title='bbox 1387 2791 1634 2842; x_wconf 82' lang='lat' dir='ltr'><strong>sanctus,</strong></span> <span class='ocrx_word' id='word_1_340' title='bbox 1679 2785 1904 2833; x_wconf 88' lang='lat' dir='ltr'><strong>sanctus</strong></span> <span class='ocrx_word' id='word_1_341' title='bbox 1944 2774 2131 2830; x_wconf 84' lang='lat' dir='ltr'><strong>Domi-</strong></span> 
     </span>
    </p>
   </div>
   <div class='ocr_carea' id='block_1_44' title="bbox 545 2866 2135 2946">
    <p class='ocr_par' dir='ltr' id='par_1_44' title="bbox 545 2866 2135 2946">
     <span class='ocr_line' id='line_1_44' title="bbox 545 2866 2135 2946; baseline -0.011 -10"><span class='ocrx_word' id='word_1_342' title='bbox 545 2896 652 2936; x_wconf 89' lang='lat' dir='ltr'><strong>nus</strong></span> <span class='ocrx_word' id='word_1_343' title='bbox 669 2879 733 2933; x_wconf 80' lang='grc'><strong>⁸³.</strong></span> <span class='ocrx_word' id='word_1_344' title='bbox 775 2898 793 2932; x_wconf 85' lang='grc'>›</span> <span class='ocrx_word' id='word_1_345' title='bbox 823 2877 980 2946; x_wconf 84' lang='lat' dir='ltr'><strong>Quod</strong></span> <span class='ocrx_word' id='word_1_346' title='bbox 1023 2877 1072 2932; x_wconf 92' lang='lat' dir='ltr'><strong>si</strong></span> <span class='ocrx_word' id='word_1_347' title='bbox 1117 2871 1522 2930; x_wconf 87' lang='lat' dir='ltr'><strong>contentiosius</strong></span> <span class='ocrx_word' id='word_1_348' title='bbox 1572 2875 1737 2940; x_wconf 85' lang='lat' dir='ltr'><strong>agant</strong></span> <span class='ocrx_word' id='word_1_349' title='bbox 1783 2866 2045 2927; x_wconf 60' lang='lat' dir='ltr'><strong>haeretici,</strong></span> <span class='ocrx_word' id='word_1_350' title='bbox 2079 2871 2135 2918; x_wconf 89' lang='lat' dir='ltr'><strong>et</strong></span> 
     </span>
    </p>
   </div>
   <div class='ocr_carea' id='block_1_45' title="bbox 547 2956 2133 3036">
    <p class='ocr_par' dir='ltr' id='par_1_45' title="bbox 547 2956 2133 3036">
     <span class='ocr_line' id='line_1_45' title="bbox 547 2956 2133 3036; baseline -0.012 -8"><span class='ocrx_word' id='word_1_351' title='bbox 547 2973 758 3036; x_wconf 88' lang='lat' dir='ltr'><strong>dicant,</strong></span> <span class='ocrx_word' id='word_1_352' title='bbox 790 2971 958 3024; x_wconf 87' lang='lat' dir='ltr'><strong>alium</strong></span> <span class='ocrx_word' id='word_1_353' title='bbox 991 2985 1116 3024; x_wconf 82' lang='lat' dir='ltr'><strong>esse</strong></span> <span class='ocrx_word' id='word_1_354' title='bbox 1143 2966 1482 3022; x_wconf 86' lang='lat' dir='ltr'><strong>dominatum</strong></span> <span class='ocrx_word' id='word_1_355' title='bbox 1526 2961 1744 3026; x_wconf 85' lang='lat' dir='ltr'><strong>Patris,</strong></span> <span class='ocrx_word' id='word_1_356' title='bbox 1779 2959 1948 3014; x_wconf 89' lang='lat' dir='ltr'><strong>alium</strong></span> <span class='ocrx_word' id='word_1_357' title='bbox 1985 2956 2133 3021; x_wconf 80' lang='lat' dir='ltr'><strong>Filii,</strong></span> 
     </span>
    </p>
   </div>
   <div class='ocr_carea' id='block_1_46' title="bbox 547 3051 2132 3130">
    <p class='ocr_par' dir='ltr' id='par_1_46' title="bbox 547 3051 2132 3130">
     <span class='ocr_line' id='line_1_46' title="bbox 547 3051 2132 3130; baseline -0.009 -9"><span class='ocrx_word' id='word_1_358' title='bbox 547 3066 741 3130; x_wconf 88' lang='lat' dir='ltr'><strong>miror,</strong></span> <span class='ocrx_word' id='word_1_359' title='bbox 785 3078 885 3119; x_wconf 92' lang='lat' dir='ltr'><strong>cur</strong></span> <span class='ocrx_word' id='word_1_360' title='bbox 919 3065 1233 3120; x_wconf 87' lang='lat' dir='ltr'><strong>sustineant</strong></span> <span class='ocrx_word' id='word_1_361' title='bbox 1277 3059 1495 3114; x_wconf 90' lang='lat' dir='ltr'><strong>duobus</strong></span> <span class='ocrx_word' id='word_1_362' title='bbox 1549 3053 1790 3111; x_wconf 91' lang='lat' dir='ltr'><strong>dominis</strong></span> <span class='ocrx_word' id='word_1_363' title='bbox 1843 3051 2132 3116; x_wconf 83' lang='lat' dir='ltr'><strong>inservire,</strong></span> 
     </span>
    </p>
   </div>
   <div class='ocr_carea' id='block_1_47' title="bbox 549 3143 2138 3227">
    <p class='ocr_par' dir='ltr' id='par_1_47' title="bbox 549 3143 2138 3227">
     <span class='ocr_line' id='line_1_47' title="bbox 549 3143 2138 3227; baseline -0.011 -13"><span class='ocrx_word' id='word_1_364' title='bbox 549 3173 658 3214; x_wconf 79' lang='lat' dir='ltr'><strong>vox</strong></span> <span class='ocrx_word' id='word_1_365' title='bbox 696 3153 968 3227; x_wconf 85' lang='lat' dir='ltr'><strong>siquidem</strong></span> <span class='ocrx_word' id='word_1_366' title='bbox 1009 3151 1225 3207; x_wconf 86' lang='lat' dir='ltr'><strong>Domini</strong></span> <span class='ocrx_word' id='word_1_367' title='bbox 1275 3158 1402 3206; x_wconf 87' lang='lat' dir='ltr'><strong>est:</strong></span> <span class='ocrx_word' id='word_1_368' title='bbox 1441 3169 1460 3201; x_wconf 77' lang='grc' dir='ltr'><strong>ι</strong></span> <span class='ocrx_word' id='word_1_369' title='bbox 1496 3147 1668 3204; x_wconf 83' lang='lat' dir='ltr'><strong>Nemo</strong></span> <span class='ocrx_word' id='word_1_370' title='bbox 1708 3155 1888 3218; x_wconf 85' lang='lat' dir='ltr'><strong>potest</strong></span> <span class='ocrx_word' id='word_1_371' title='bbox 1929 3143 2138 3201; x_wconf 78' lang='lat' dir='ltr'><strong>servire</strong></span> 
     </span>
    </p>
   </div>
   <div class='ocr_carea' id='block_1_48' title="bbox 549 3227 2138 3304">
    <p class='ocr_par' dir='ltr' id='par_1_48' title="bbox 549 3227 2138 3304">
     <span class='ocr_line' id='line_1_48' title="bbox 549 3227 2138 3304; baseline -0.013 -2"><span class='ocrx_word' id='word_1_372' title='bbox 549 3247 768 3304; x_wconf 81' lang='lat' dir='ltr'><strong>duobus</strong></span> <span class='ocrx_word' id='word_1_373' title='bbox 808 3242 1047 3298; x_wconf 89' lang='lat' dir='ltr'><strong>dominis</strong></span> <span class='ocrx_word' id='word_1_374' title='bbox 1087 3241 1152 3295; x_wconf 75' lang='lat'><strong>“.</strong></span> <span class='ocrx_word' id='word_1_375' title='bbox 1195 3258 1214 3291; x_wconf 76' lang='grc' dir='ltr'><strong>ι</strong></span> <span class='ocrx_word' id='word_1_376' title='bbox 1253 3237 1310 3292; x_wconf 90' lang='lat' dir='ltr'><strong>Si</strong></span> <span class='ocrx_word' id='word_1_377' title='bbox 1357 3237 1500 3293; x_wconf 89' lang='lat' dir='ltr'><strong>alius</strong></span> <span class='ocrx_word' id='word_1_378' title='bbox 1543 3243 1627 3292; x_wconf 89' lang='lat' dir='ltr'><strong>est</strong></span> <span class='ocrx_word' id='word_1_379' title='bbox 1681 3233 1998 3289; x_wconf 88' lang='lat' dir='ltr'><strong>dominatus</strong></span> <span class='ocrx_word' id='word_1_380' title='bbox 2040 3227 2138 3282; x_wconf 85' lang='lat' dir='ltr'><strong>Pa-</strong></span> 
     </span>
    </p>
   </div>
   <div class='ocr_carea' id='block_1_49' title="bbox 2225 2029 3806 2118">
    <p class='ocr_par' dir='ltr' id='par_1_49' title="bbox 2225 2029 3806 2118">
     <span class='ocr_line' id='line_1_49' title="bbox 2225 2029 3806 2118; baseline -0.011 -18"><span class='ocrx_word' id='word_1_381' title='bbox 2225 2045 2486 2118; x_wconf 82' lang='grc' dir='ltr'>βασιλεία,</span> <span class='ocrx_word' id='word_1_382' title='bbox 2512 2043 2609 2115; x_wconf 84' lang='grc' dir='ltr'><strong>μία</strong></span> <span class='ocrx_word' id='word_1_383' title='bbox 2635 2042 2881 2110; x_wconf 88' lang='grc' dir='ltr'>δύναμις,</span> <span class='ocrx_word' id='word_1_384' title='bbox 2910 2041 3002 2093; x_wconf 75' lang='grc' dir='ltr'><strong>καὶ</strong></span> <span class='ocrx_word' id='word_1_385' title='bbox 3030 2037 3214 2110; x_wconf 84' lang='grc' dir='ltr'>βουλὴ,</span> <span class='ocrx_word' id='word_1_386' title='bbox 3247 2036 3342 2090; x_wconf 71' lang='grc' dir='ltr'><strong>καὶ</strong></span> <span class='ocrx_word' id='word_1_387' title='bbox 3374 2033 3642 2105; x_wconf 85' lang='grc' dir='ltr'>ἐνέργεια,</span> <span class='ocrx_word' id='word_1_388' title='bbox 3677 2029 3806 2084; x_wconf 83' lang='grc' dir='ltr'>ἰδιά-</span> 
     </span>
    </p>
   </div>
   <div class='ocr_carea' id='block_1_50' title="bbox 2225 2127 3802 2208">
    <p class='ocr_par' dir='ltr' id='par_1_50' title="bbox 2225 2127 3802 2208">
     <span class='ocr_line' id='line_1_50' title="bbox 2225 2127 3802 2208; baseline -0.005 -16"><span class='ocrx_word' id='word_1_389' title='bbox 2225 2137 2391 2204; x_wconf 84' lang='grc' dir='ltr'>ζουσα</span> <span class='ocrx_word' id='word_1_390' title='bbox 2418 2137 2514 2208; x_wconf 82' lang='grc' dir='ltr'><strong>τὴν</strong></span> <span class='ocrx_word' id='word_1_391' title='bbox 2543 2134 2748 2207; x_wconf 84' lang='grc' dir='ltr'>Τριάδα</span> <span class='ocrx_word' id='word_1_392' title='bbox 2789 2133 2896 2186; x_wconf 84' lang='grc' dir='ltr'>ἀπὸ</span> <span class='ocrx_word' id='word_1_393' title='bbox 2931 2132 3030 2204; x_wconf 85' lang='grc' dir='ltr'>τῆς</span> <span class='ocrx_word' id='word_1_394' title='bbox 3073 2131 3322 2193; x_wconf 82' lang='grc' dir='ltr'>κτίσεως,</span> <span class='ocrx_word' id='word_1_395' title='bbox 3357 2128 3452 2182; x_wconf 73' lang='grc' dir='ltr'>ἕνα</span> <span class='ocrx_word' id='word_1_396' title='bbox 3483 2127 3625 2198; x_wconf 87' lang='grc' dir='ltr'>λέγω</span> <span class='ocrx_word' id='word_1_397' title='bbox 3651 2130 3802 2184; x_wconf 83' lang='grc' dir='ltr'>Θεόν.</span> 
     </span>
    </p>
   </div>
   <div class='ocr_carea' id='block_1_51' title="bbox 2226 2220 3806 2293">
    <p class='ocr_par' dir='ltr' id='par_1_51' title="bbox 2226 2220 3806 2293">
     <span class='ocr_line' id='line_1_51' title="bbox 2226 2220 3806 2293; baseline -0.005 -12"><span class='ocrx_word' id='word_1_398' title='bbox 2226 2229 2289 2281; x_wconf 82' lang='grc' dir='ltr'><strong>Εἰ</strong></span> <span class='ocrx_word' id='word_1_399' title='bbox 2315 2227 2392 2290; x_wconf 80' lang='grc' dir='ltr'><strong>δὲ,</strong></span> <span class='ocrx_word' id='word_1_400' title='bbox 2418 2226 2505 2278; x_wconf 72' lang='grc' dir='ltr'><strong>διὰ</strong></span> <span class='ocrx_word' id='word_1_401' title='bbox 2544 2225 2604 2278; x_wconf 86' lang='grc' dir='ltr'><strong>τὸ</strong></span> <span class='ocrx_word' id='word_1_402' title='bbox 2639 2223 2818 2292; x_wconf 80' lang='grc' dir='ltr'>λέγειν</span> <span class='ocrx_word' id='word_1_403' title='bbox 2850 2221 3001 2286; x_wconf 87' lang='grc' dir='ltr'>Θεὸν,</span> <span class='ocrx_word' id='word_1_404' title='bbox 3029 2221 3124 2274; x_wconf 76' lang='grc' dir='ltr'><strong>καὶ</strong></span> <span class='ocrx_word' id='word_1_405' title='bbox 3163 2220 3313 2284; x_wconf 83' lang='grc' dir='ltr'>Θεὸν,</span> <span class='ocrx_word' id='word_1_406' title='bbox 3353 2221 3448 2274; x_wconf 77' lang='grc' dir='ltr'><strong>καὶ</strong></span> <span class='ocrx_word' id='word_1_407' title='bbox 3478 2220 3629 2285; x_wconf 82' lang='grc' dir='ltr'>Θεὸν,</span> <span class='ocrx_word' id='word_1_408' title='bbox 3660 2223 3806 2293; x_wconf 80' lang='grc' dir='ltr'>τρεῖς</span> 
     </span>
    </p>
   </div>
   <div class='ocr_carea' id='block_1_52' title="bbox 2225 2311 3808 2386">
    <p class='ocr_par' dir='ltr' id='par_1_52' title="bbox 2225 2311 3808 2386">
     <span class='ocr_line' id='line_1_52' title="bbox 2225 2311 3808 2386; baseline -0.004 -16"><span class='ocrx_word' id='word_1_409' title='bbox 2225 2316 2370 2386; x_wconf 88' lang='grc' dir='ltr'>λέγω</span> <span class='ocrx_word' id='word_1_410' title='bbox 2395 2315 2580 2379; x_wconf 83' lang='grc' dir='ltr'>θεούς·</span> <span class='ocrx_word' id='word_1_411' title='bbox 2628 2317 2723 2368; x_wconf 71' lang='grc' dir='ltr'><strong>καὶ</strong></span> <span class='ocrx_word' id='word_1_412' title='bbox 2767 2313 2864 2368; x_wconf 82' lang='grc' dir='ltr'>ἐὰν</span> <span class='ocrx_word' id='word_1_413' title='bbox 2895 2312 3033 2366; x_wconf 70' lang='grc' dir='ltr'>εἴπω</span> <span class='ocrx_word' id='word_1_414' title='bbox 3066 2311 3289 2384; x_wconf 81' lang='grc' dir='ltr'>Κύριον,</span> <span class='ocrx_word' id='word_1_415' title='bbox 3321 2312 3414 2366; x_wconf 70' lang='grc' dir='ltr'><strong>καὶ</strong></span> <span class='ocrx_word' id='word_1_416' title='bbox 3458 2311 3684 2384; x_wconf 83' lang='grc' dir='ltr'>Κύριον,</span> <span class='ocrx_word' id='word_1_417' title='bbox 3716 2313 3808 2366; x_wconf 79' lang='grc' dir='ltr'><strong>καὶ</strong></span> 
     </span>
    </p>
   </div>
   <div class='ocr_carea' id='block_1_53' title="bbox 2228 2403 3807 2480">
    <p class='ocr_par' dir='ltr' id='par_1_53' title="bbox 2228 2403 3807 2480">
     <span class='ocr_line' id='line_1_53' title="bbox 2228 2403 3807 2480; baseline -0.003 -20"><span class='ocrx_word' id='word_1_418' title='bbox 2228 2407 2452 2480; x_wconf 84' lang='grc' dir='ltr'>Κύριον,</span> <span class='ocrx_word' id='word_1_419' title='bbox 2475 2409 2624 2479; x_wconf 82' lang='grc' dir='ltr'>τρεῖς</span> <span class='ocrx_word' id='word_1_420' title='bbox 2657 2405 2800 2474; x_wconf 88' lang='grc' dir='ltr'>λέγω</span> <span class='ocrx_word' id='word_1_421' title='bbox 2835 2403 3105 2476; x_wconf 85' lang='grc' dir='ltr'>Κυρίους·</span> <span class='ocrx_word' id='word_1_422' title='bbox 3138 2404 3184 2456; x_wconf 85' lang='grc' dir='ltr'><strong>εί</strong></span> <span class='ocrx_word' id='word_1_423' title='bbox 3213 2405 3388 2456; x_wconf 84' lang='grc' dir='ltr'>τοίνυν</span> <span class='ocrx_word' id='word_1_424' title='bbox 3424 2404 3665 2476; x_wconf 77' lang='grc' dir='ltr'>όΠατὴρ</span> <span class='ocrx_word' id='word_1_425' title='bbox 3696 2403 3807 2458; x_wconf 82' lang='grc' dir='ltr'><strong>Κύ-</strong></span> 
     </span>
    </p>
   </div>
   <div class='ocr_carea' id='block_1_54' title="bbox 2231 2495 3810 2572">
    <p class='ocr_par' dir='ltr' id='par_1_54' title="bbox 2231 2495 3810 2572">
     <span class='ocr_line' id='line_1_54' title="bbox 2231 2495 3810 2572; baseline -0.003 -18"><span class='ocrx_word' id='word_1_426' title='bbox 2231 2517 2366 2572; x_wconf 85' lang='grc' dir='ltr'>ριος,</span> <span class='ocrx_word' id='word_1_427' title='bbox 2396 2500 2492 2554; x_wconf 74' lang='grc' dir='ltr'><strong>καὶ</strong></span> <span class='ocrx_word' id='word_1_428' title='bbox 2513 2501 2542 2552; x_wconf 81' lang='grc' dir='ltr'><strong>ὁ</strong></span> <span class='ocrx_word' id='word_1_429' title='bbox 2582 2499 2708 2562; x_wconf 88' lang='grc' dir='ltr'>Υἱὸς</span> <span class='ocrx_word' id='word_1_430' title='bbox 2739 2497 3080 2570; x_wconf 76' lang='grc' dir='ltr'>Κύριος,⁰καὶ</span> <span class='ocrx_word' id='word_1_431' title='bbox 3113 2498 3172 2552; x_wconf 87' lang='grc' dir='ltr'><strong>τὸ</strong></span> <span class='ocrx_word' id='word_1_432' title='bbox 3198 2495 3422 2568; x_wconf 79' lang='grc' dir='ltr'>Πνεῦμα</span> <span class='ocrx_word' id='word_1_433' title='bbox 3444 2496 3504 2549; x_wconf 83' lang='grc' dir='ltr'><strong>τὸ</strong></span> <span class='ocrx_word' id='word_1_434' title='bbox 3523 2497 3679 2565; x_wconf 73' lang='grc' dir='ltr'>ἅγιον</span> <span class='ocrx_word' id='word_1_435' title='bbox 3697 2495 3810 2550; x_wconf 82' lang='grc' dir='ltr'><strong>Κύ-</strong></span> 
     </span>
    </p>
   </div>
   <div class='ocr_carea' id='block_1_55' title="bbox 2233 2583 3810 2663">
    <p class='ocr_par' dir='ltr' id='par_1_55' title="bbox 2233 2583 3810 2663">
     <span class='ocr_line' id='line_1_55' title="bbox 2233 2583 3810 2663; baseline -0.003 -20"><span class='ocrx_word' id='word_1_436' title='bbox 2233 2608 2368 2663; x_wconf 84' lang='grc' dir='ltr'>ριος,</span> <span class='ocrx_word' id='word_1_437' title='bbox 2423 2589 2540 2650; x_wconf 78' lang='grc' dir='ltr'><strong>πῶς</strong></span> <span class='ocrx_word' id='word_1_438' title='bbox 2577 2590 2664 2654; x_wconf 81' lang='grc' dir='ltr'><strong>σὺ,</strong></span> <span class='ocrx_word' id='word_1_439' title='bbox 2697 2583 2742 2642; x_wconf 85' lang='grc' dir='ltr'><strong>ὧ</strong></span> <span class='ocrx_word' id='word_1_440' title='bbox 2782 2589 3097 2653; x_wconf 85' lang='grc' dir='ltr'>Ἀπόστολε,</span> <span class='ocrx_word' id='word_1_441' title='bbox 3129 2591 3157 2642; x_wconf 87' lang='grc' dir='ltr'><strong>ὁ</strong></span> <span class='ocrx_word' id='word_1_442' title='bbox 3206 2585 3501 2660; x_wconf 79' lang='grc' dir='ltr'>νομοθέτης</span> <span class='ocrx_word' id='word_1_443' title='bbox 3541 2588 3640 2658; x_wconf 85' lang='grc' dir='ltr'><strong>τῆς</strong></span> <span class='ocrx_word' id='word_1_444' title='bbox 3679 2587 3810 2658; x_wconf 80' lang='grc' dir='ltr'>ἀλη-</span> 
     </span>
    </p>
   </div>
   <div class='ocr_carea' id='block_1_56' title="bbox 2230 2677 3812 2752">
    <p class='ocr_par' dir='ltr' id='par_1_56' title="bbox 2230 2677 3812 2752">
     <span class='ocr_line' id='line_1_56' title="bbox 2230 2677 3812 2752; baseline -0.003 -16"><span class='ocrx_word' id='word_1_445' title='bbox 2230 2681 2402 2748; x_wconf 84' lang='grc' dir='ltr'>θείας,</span> <span class='ocrx_word' id='word_1_446' title='bbox 2447 2681 2476 2734; x_wconf 87' lang='grc' dir='ltr'>ὁ</span> <span class='ocrx_word' id='word_1_447' title='bbox 2515 2680 2811 2752; x_wconf 82' lang='grc' dir='ltr'>συνήγορος</span> <span class='ocrx_word' id='word_1_448' title='bbox 2853 2683 2952 2752; x_wconf 85' lang='grc' dir='ltr'>τῆς</span> <span class='ocrx_word' id='word_1_449' title='bbox 3003 2679 3316 2743; x_wconf 74' lang='grc' dir='ltr'>εὐσεϐείας,</span> <span class='ocrx_word' id='word_1_450' title='bbox 3351 2677 3616 2747; x_wconf 83' lang='grc' dir='ltr'>Ἐφεσίοις</span> <span class='ocrx_word' id='word_1_451' title='bbox 3655 2677 3812 2743; x_wconf 72' lang='grc' dir='ltr'>ἐϐόας</span> 
     </span>
    </p>
   </div>
   <div class='ocr_carea' id='block_1_57' title="bbox 2231 2765 3808 2842">
    <p class='ocr_par' dir='ltr' id='par_1_57' title="bbox 2231 2765 3808 2842">
     <span class='ocr_line' id='line_1_57' title="bbox 2231 2765 3808 2842; baseline -0.005 -16"><span class='ocrx_word' id='word_1_452' title='bbox 2231 2772 2435 2842; x_wconf 86' lang='grc' dir='ltr'>λέγων·</span> <span class='ocrx_word' id='word_1_453' title='bbox 2485 2790 2502 2823; x_wconf 80' lang='grc' dir='ltr'><strong>ι</strong></span> <span class='ocrx_word' id='word_1_454' title='bbox 2540 2767 2634 2836; x_wconf 80' lang='grc' dir='ltr'><strong>Εἷς</strong></span> <span class='ocrx_word' id='word_1_455' title='bbox 2672 2769 2894 2842; x_wconf 87' lang='grc' dir='ltr'>Κύριος,</span> <span class='ocrx_word' id='word_1_456' title='bbox 2945 2769 3042 2841; x_wconf 86' lang='grc' dir='ltr'><strong>μία</strong></span> <span class='ocrx_word' id='word_1_457' title='bbox 3082 2767 3284 2832; x_wconf 79' lang='grc' dir='ltr'>πίστις,</span> <span class='ocrx_word' id='word_1_458' title='bbox 3328 2765 3385 2820; x_wconf 81' lang='grc' dir='ltr'>ἒν</span> <span class='ocrx_word' id='word_1_459' title='bbox 3432 2765 3748 2837; x_wconf 84' lang='grc' dir='ltr'>βάπτισμα;</span> <span class='ocrx_word' id='word_1_460' title='bbox 3789 2783 3808 2818; x_wconf 73' lang='grc' dir='ltr'><strong>ι</strong></span> 
     </span>
    </p>
   </div>
   <div class='ocr_carea' id='block_1_58' title="bbox 2233 2856 3814 2938">
    <p class='ocr_par' dir='ltr' id='par_1_58' title="bbox 2233 2856 3814 2938">
     <span class='ocr_line' id='line_1_58' title="bbox 2233 2856 3814 2938; baseline -0.006 -18"><span class='ocrx_word' id='word_1_461' title='bbox 2233 2864 2328 2929; x_wconf 78' lang='grc' dir='ltr'><strong>Εἷς</strong></span> <span class='ocrx_word' id='word_1_462' title='bbox 2379 2864 2580 2938; x_wconf 82' lang='grc' dir='ltr'>Κύριος</span> <span class='ocrx_word' id='word_1_463' title='bbox 2637 2862 2782 2918; x_wconf 76' lang='grc' dir='ltr'>κατὰ</span> <span class='ocrx_word' id='word_1_464' title='bbox 2829 2861 2920 2915; x_wconf 91' lang='grc' dir='ltr'><strong>τὸν</strong></span> <span class='ocrx_word' id='word_1_465' title='bbox 2960 2860 3227 2932; x_wconf 84' lang='grc' dir='ltr'>ἁγιασμὸν</span> <span class='ocrx_word' id='word_1_466' title='bbox 3262 2859 3369 2914; x_wconf 77' lang='grc' dir='ltr'><strong>τῶν</strong></span> <span class='ocrx_word' id='word_1_467' title='bbox 3407 2859 3671 2932; x_wconf 68' lang='grc' dir='ltr'>σεραφίμ²</span> <span class='ocrx_word' id='word_1_468' title='bbox 3720 2856 3814 2912; x_wconf 67' lang='grc' dir='ltr'>καὶ.</span> 
     </span>
    </p>
   </div>
   <div class='ocr_carea' id='block_1_59' title="bbox 2233 2952 3808 3032">
    <p class='ocr_par' dir='ltr' id='par_1_59' title="bbox 2233 2952 3808 3032">
     <span class='ocr_line' id='line_1_59' title="bbox 2233 2952 3808 3032; baseline -0.005 -20"><span class='ocrx_word' id='word_1_469' title='bbox 2233 2959 2342 3032; x_wconf 80' lang='grc' dir='ltr'><strong>γάρ</strong></span> <span class='ocrx_word' id='word_1_470' title='bbox 2371 2960 2554 3012; x_wconf 84' lang='grc' dir='ltr'>ἐκεῖνα</span> <span class='ocrx_word' id='word_1_471' title='bbox 2591 2956 2754 3020; x_wconf 76' lang='grc' dir='ltr'>ἐϐόα,</span> <span class='ocrx_word' id='word_1_472' title='bbox 2806 2973 2825 3007; x_wconf 76' lang='grc' dir='ltr'><strong>ι</strong></span> <span class='ocrx_word' id='word_1_473' title='bbox 2867 2955 3074 3024; x_wconf 78' lang='grc' dir='ltr'>Ἀγιος,</span> <span class='ocrx_word' id='word_1_474' title='bbox 3126 2952 3313 3022; x_wconf 81' lang='grc' dir='ltr'>ἆγιος,</span> <span class='ocrx_word' id='word_1_475' title='bbox 3345 2952 3498 3021; x_wconf 82' lang='grc' dir='ltr'>ἆγιος</span> <span class='ocrx_word' id='word_1_476' title='bbox 3529 2952 3752 3024; x_wconf 87' lang='grc' dir='ltr'>Κύριος.</span> <span class='ocrx_word' id='word_1_477' title='bbox 3788 2972 3808 3004; x_wconf 70' lang='grc' dir='ltr'><em>υ</em></span> 
     </span>
    </p>
   </div>
   <div class='ocr_carea' id='block_1_60' title="bbox 2233 3044 3815 3117">
    <p class='ocr_par' dir='ltr' id='par_1_60' title="bbox 2233 3044 3815 3117">
     <span class='ocr_line' id='line_1_60' title="bbox 2233 3044 3815 3117; baseline -0.004 -13"><span class='ocrx_word' id='word_1_478' title='bbox 2233 3051 2298 3104; x_wconf 82' lang='grc' dir='ltr'><strong>Εἰ</strong></span> <span class='ocrx_word' id='word_1_479' title='bbox 2340 3049 2398 3102; x_wconf 80' lang='grc' dir='ltr'><strong>δὲ</strong></span> <span class='ocrx_word' id='word_1_480' title='bbox 2445 3045 2838 3117; x_wconf 76' lang='grc' dir='ltr'>φιλονεικοῦσιν</span> <span class='ocrx_word' id='word_1_481' title='bbox 2867 3047 2916 3098; x_wconf 87' lang='grc' dir='ltr'><strong>οί</strong></span> <span class='ocrx_word' id='word_1_482' title='bbox 2953 3045 3239 3115; x_wconf 76' lang='grc' dir='ltr'>αίρετικοὶ,</span> <span class='ocrx_word' id='word_1_483' title='bbox 3289 3044 3381 3097; x_wconf 76' lang='grc' dir='ltr'><strong>καὶ</strong></span> <span class='ocrx_word' id='word_1_484' title='bbox 3425 3044 3693 3113; x_wconf 82' lang='grc' dir='ltr'>λέγουσιν,</span> <span class='ocrx_word' id='word_1_485' title='bbox 3732 3045 3815 3098; x_wconf 84' lang='grc' dir='ltr'>ὅτι</span> 
     </span>
    </p>
   </div>
   <div class='ocr_carea' id='block_1_61' title="bbox 2235 3133 3814 3213">
    <p class='ocr_par' dir='ltr' id='par_1_61' title="bbox 2235 3133 3814 3213">
     <span class='ocr_line' id='line_1_61' title="bbox 2235 3133 3814 3213; baseline -0.005 -15"><span class='ocrx_word' id='word_1_486' title='bbox 2235 3143 2368 3213; x_wconf 81' lang='grc' dir='ltr'>ἄλλη</span> <span class='ocrx_word' id='word_1_487' title='bbox 2395 3140 2652 3213; x_wconf 85' lang='grc' dir='ltr'>κυριότης</span> <span class='ocrx_word' id='word_1_488' title='bbox 2679 3139 2773 3193; x_wconf 80' lang='grc' dir='ltr'>τοῦ</span> <span class='ocrx_word' id='word_1_489' title='bbox 2805 3138 3036 3208; x_wconf 89' lang='grc' dir='ltr'>Πατρὸς,</span> <span class='ocrx_word' id='word_1_490' title='bbox 3071 3135 3203 3208; x_wconf 86' lang='grc' dir='ltr'>ἄλλη</span> <span class='ocrx_word' id='word_1_491' title='bbox 3227 3137 3320 3190; x_wconf 79' lang='grc' dir='ltr'>τοῦ</span> <span class='ocrx_word' id='word_1_492' title='bbox 3350 3133 3502 3200; x_wconf 80' lang='grc' dir='ltr'>Υίού,</span> <span class='ocrx_word' id='word_1_493' title='bbox 3530 3137 3814 3210; x_wconf 80' lang='grc' dir='ltr'>θαυμάζω,</span> 
     </span>
    </p>
   </div>
   <div class='ocr_carea' id='block_1_62' title="bbox 2237 3229 3822 3304">
    <p class='ocr_par' dir='ltr' id='par_1_62' title="bbox 2237 3229 3822 3304">
     <span class='ocr_line' id='line_1_62' title="bbox 2237 3229 3822 3304; baseline -0.004 -15"><span class='ocrx_word' id='word_1_494' title='bbox 2237 3235 2354 3300; x_wconf 87' lang='grc' dir='ltr'>πῶς</span> <span class='ocrx_word' id='word_1_495' title='bbox 2382 3235 2665 3304; x_wconf 81' lang='grc' dir='ltr'>ἀνέχονται</span> <span class='ocrx_word' id='word_1_496' title='bbox 2703 3231 2972 3286; x_wconf 85' lang='grc' dir='ltr'>δουλεύειν</span> <span class='ocrx_word' id='word_1_497' title='bbox 3012 3229 3134 3284; x_wconf 71' lang='grc' dir='ltr'>δυσὶ</span> <span class='ocrx_word' id='word_1_498' title='bbox 3168 3231 3407 3302; x_wconf 82' lang='grc' dir='ltr'>κυρίοις’</span> <span class='ocrx_word' id='word_1_499' title='bbox 3439 3229 3536 3283; x_wconf 75' lang='grc' dir='ltr'>τοῦ</span> <span class='ocrx_word' id='word_1_500' title='bbox 3568 3231 3676 3303; x_wconf 62' lang='grc' dir='ltr'>γὰρ</span> <span class='ocrx_word' id='word_1_501' title='bbox 3715 3233 3822 3286; x_wconf 83' lang='grc' dir='ltr'><strong>Κυ-</strong></span> 
     </span>
    </p>
   </div>
   <div class='ocr_carea' id='block_1_63' title="bbox 551 3307 2132 3404">
    <p class='ocr_par' dir='ltr' id='par_1_63' title="bbox 551 3321 2132 3404">
     <span class='ocr_line' id='line_1_63' title="bbox 551 3321 2132 3404; baseline -0.013 -10"><span class='ocrx_word' id='word_1_502' title='bbox 551 3339 678 3404; x_wconf 89' lang='lat' dir='ltr'><strong>tris,</strong></span> <span class='ocrx_word' id='word_1_503' title='bbox 746 3338 890 3393; x_wconf 87' lang='lat' dir='ltr'><strong>alius</strong></span> <span class='ocrx_word' id='word_1_504' title='bbox 920 3333 1072 3398; x_wconf 86' lang='lat' dir='ltr'><strong>Filii,</strong></span> <span class='ocrx_word' id='word_1_505' title='bbox 1125 3341 1182 3388; x_wconf 94' lang='lat' dir='ltr'><strong>et</strong></span> <span class='ocrx_word' id='word_1_506' title='bbox 1231 3330 1433 3386; x_wconf 89' lang='lat' dir='ltr'><strong>dividis</strong></span> <span class='ocrx_word' id='word_1_507' title='bbox 1473 3321 2132 3399; x_wconf 87' lang='lat' dir='ltr'><strong>potestatem,&#39;quomodo</strong></span> 
     </span>
    </p>
   </div>
   <div class='ocr_carea' id='block_1_64' title="bbox 2237 3307 3822 3404">
    <p class='ocr_par' dir='ltr' id='par_1_64' title="bbox 2241 3321 3822 3399">
     <span class='ocr_line' id='line_1_64' title="bbox 2241 3321 3822 3399; baseline -0.004 -19"><span class='ocrx_word' id='word_1_508' title='bbox 2241 3327 2354 3399; x_wconf 84' lang='grc' dir='ltr'>ρίου</span> <span class='ocrx_word' id='word_1_509' title='bbox 2388 3327 2505 3379; x_wconf 71' lang='grc' dir='ltr'>ἐστὶ</span> <span class='ocrx_word' id='word_1_510' title='bbox 2540 3323 2721 3395; x_wconf 72' lang='grc' dir='ltr'>φωνὴ,</span> <span class='ocrx_word' id='word_1_511' title='bbox 2753 3342 2772 3374; x_wconf 78' lang='grc' dir='ltr'><strong>ι</strong></span> <span class='ocrx_word' id='word_1_512' title='bbox 2809 3322 2997 3386; x_wconf 75' lang='grc' dir='ltr'>Οὐδεὶς</span> <span class='ocrx_word' id='word_1_513' title='bbox 3038 3321 3258 3374; x_wconf 89' lang='grc' dir='ltr'>δύναται</span> <span class='ocrx_word' id='word_1_514' title='bbox 3300 3321 3420 3374; x_wconf 77' lang='grc' dir='ltr'>δυσὶ</span> <span class='ocrx_word' id='word_1_515' title='bbox 3445 3322 3651 3392; x_wconf 86' lang='grc' dir='ltr'>κυρίοις</span> <span class='ocrx_word' id='word_1_516' title='bbox 3699 3322 3822 3375; x_wconf 89' lang='grc' dir='ltr'>δου-</span> 
     </span>
    </p>
   </div>
   <div class='ocr_carea' id='block_1_65' title="bbox 552 3413 2136 3502">
    <p class='ocr_par' dir='ltr' id='par_1_65' title="bbox 552 3413 2136 3502">
     <span class='ocr_line' id='line_1_65' title="bbox 552 3413 2136 3502; baseline -0.014 -15"><span class='ocrx_word' id='word_1_517' title='bbox 552 3446 722 3502; x_wconf 81' lang='lat' dir='ltr'><strong>regno</strong></span> <span class='ocrx_word' id='word_1_518' title='bbox 744 3427 991 3486; x_wconf 83' lang='lat' dir='ltr'><strong>servies?</strong></span> <span class='ocrx_word' id='word_1_519' title='bbox 1017 3425 1135 3482; x_wconf 81' lang='lat' dir='ltr'><strong>Non</strong></span> <span class='ocrx_word' id='word_1_520' title='bbox 1165 3432 1346 3495; x_wconf 87' lang='lat' dir='ltr'><strong>potest</strong></span> <span class='ocrx_word' id='word_1_521' title='bbox 1389 3422 1604 3476; x_wconf 91' lang='lat' dir='ltr'><strong>duabus</strong></span> <span class='ocrx_word' id='word_1_522' title='bbox 1639 3433 1744 3473; x_wconf 88' lang='lat' dir='ltr'><strong>una</strong></span> <span class='ocrx_word' id='word_1_523' title='bbox 1771 3413 2136 3484; x_wconf 88' lang='lat' dir='ltr'><strong>obtemperari</strong></span> 
     </span>
    </p>
   </div>
   <div class='ocr_carea' id='block_1_66' title="bbox 555 3504 2136 3598">
    <p class='ocr_par' dir='ltr' id='par_1_66' title="bbox 555 3504 2136 3598">
     <span class='ocr_line' id='line_1_66' title="bbox 555 3504 2136 3598; baseline -0.015 -16"><span class='ocrx_word' id='word_1_524' title='bbox 555 3523 942 3598; x_wconf 89' lang='lat' dir='ltr'><strong>potestatibus,</strong></span> <span class='ocrx_word' id='word_1_525' title='bbox 973 3521 1080 3577; x_wconf 91' lang='lat' dir='ltr'><strong>nisi</strong></span> <span class='ocrx_word' id='word_1_526' title='bbox 1108 3521 1220 3576; x_wconf 91' lang='lat' dir='ltr'><strong>sint</strong></span> <span class='ocrx_word' id='word_1_527' title='bbox 1241 3517 1432 3572; x_wconf 89' lang='lat' dir='ltr'><strong>eadem</strong></span> <span class='ocrx_word' id='word_1_528' title='bbox 1465 3512 1752 3584; x_wconf 82' lang='lat' dir='ltr'><strong>dignitate.</strong></span> <span class='ocrx_word' id='word_1_529' title='bbox 1789 3507 1961 3564; x_wconf 85' lang='lat' dir='ltr'><strong>Nemo</strong></span> <span class='ocrx_word' id='word_1_530' title='bbox 2002 3504 2136 3560; x_wconf 84' lang='lat' dir='ltr'><strong>ado-</strong></span> 
     </span>
    </p>
   </div>
   <div class='ocr_carea' id='block_1_67' title="bbox 555 3600 2131 3688">
    <p class='ocr_par' dir='ltr' id='par_1_67' title="bbox 555 3600 2131 3688">
     <span class='ocr_line' id='line_1_67' title="bbox 555 3600 2131 3688; baseline -0.011 -16"><span class='ocrx_word' id='word_1_531' title='bbox 555 3625 641 3672; x_wconf 87' lang='lat' dir='ltr'><strong>rat</strong></span> <span class='ocrx_word' id='word_1_532' title='bbox 674 3631 892 3688; x_wconf 83' lang='lat' dir='ltr'><strong>regem,</strong></span> <span class='ocrx_word' id='word_1_533' title='bbox 939 3621 997 3670; x_wconf 90' lang='lat' dir='ltr'><strong>et</strong></span> <span class='ocrx_word' id='word_1_534' title='bbox 1047 3611 1388 3684; x_wconf 70' lang='lat' dir='ltr'><strong>praefectum.</strong></span> <span class='ocrx_word' id='word_1_535' title='bbox 1425 3605 1527 3662; x_wconf 86' lang='lat' dir='ltr'><strong>Ubi</strong></span> <span class='ocrx_word' id='word_1_536' title='bbox 1557 3605 1703 3660; x_wconf 89' lang='lat' dir='ltr'><strong>enim</strong></span> <span class='ocrx_word' id='word_1_537' title='bbox 1736 3617 1836 3672; x_wconf 88' lang='lat' dir='ltr'><strong>par</strong></span> <span class='ocrx_word' id='word_1_538' title='bbox 1868 3600 2131 3670; x_wconf 83' lang='lat' dir='ltr'><strong>dignitas,</strong></span> 
     </span>
    </p>
   </div>
   <div class='ocr_carea' id='block_1_68' title="bbox 555 3696 2142 3782">
    <p class='ocr_par' dir='ltr' id='par_1_68' title="bbox 555 3696 2142 3782">
     <span class='ocr_line' id='line_1_68' title="bbox 555 3696 2142 3782; baseline -0.012 -17"><span class='ocrx_word' id='word_1_539' title='bbox 555 3725 656 3782; x_wconf 90' lang='lat' dir='ltr'><strong>par</strong></span> <span class='ocrx_word' id='word_1_540' title='bbox 692 3724 913 3782; x_wconf 87' lang='lat' dir='ltr'><strong>quoque</strong></span> <span class='ocrx_word' id='word_1_541' title='bbox 969 3705 1242 3761; x_wconf 87' lang='lat' dir='ltr'><strong>adoratio.</strong></span> <span class='ocrx_word' id='word_1_542' title='bbox 1290 3702 1346 3755; x_wconf 93' lang='lat' dir='ltr'><strong>In</strong></span> <span class='ocrx_word' id='word_1_543' title='bbox 1397 3699 1516 3771; x_wconf 89' lang='lat' dir='ltr'><strong>pari</strong></span> <span class='ocrx_word' id='word_1_544' title='bbox 1575 3696 1838 3768; x_wconf 88' lang='lat' dir='ltr'><strong>dignitate</strong></span> <span class='ocrx_word' id='word_1_545' title='bbox 1894 3708 2005 3749; x_wconf 89' lang='lat' dir='ltr'><strong>nou</strong></span> <span class='ocrx_word' id='word_1_546' title='bbox 2056 3704 2142 3748; x_wconf 84' lang='lat' dir='ltr'><strong>est</strong></span> 
     </span>
    </p>
   </div>
   <div class='ocr_carea' id='block_1_69' title="bbox 559 3787 2144 3875">
    <p class='ocr_par' dir='ltr' id='par_1_69' title="bbox 559 3787 2144 3875">
     <span class='ocr_line' id='line_1_69' title="bbox 559 3787 2144 3875; baseline -0.013 -17"><span class='ocrx_word' id='word_1_547' title='bbox 559 3819 760 3875; x_wconf 85' lang='lat' dir='ltr'><strong>pugna.</strong></span> <span class='ocrx_word' id='word_1_548' title='bbox 791 3799 1121 3872; x_wconf 83' lang='lat' dir='ltr'><strong>lmparilitas</strong></span> <span class='ocrx_word' id='word_1_549' title='bbox 1154 3809 1394 3868; x_wconf 79' lang='lat' dir='ltr'><strong>pugnam</strong></span> <span class='ocrx_word' id='word_1_550' title='bbox 1417 3791 1623 3847; x_wconf 77' lang='lat' dir='ltr'><strong>excitat</strong></span> <span class='ocrx_word' id='word_1_551' title='bbox 1651 3809 1667 3845; x_wconf 89' lang='lat'><strong>:</strong></span> <span class='ocrx_word' id='word_1_552' title='bbox 1701 3787 1988 3860; x_wconf 69' lang='lat' dir='ltr'><strong>aequalitas</strong></span> <span class='ocrx_word' id='word_1_553' title='bbox 2046 3802 2144 3856; x_wconf 82' lang='lat' dir='ltr'><strong>pa-</strong></span> 
     </span>
    </p>
   </div>
   <div class='ocr_carea' id='block_1_70' title="bbox 557 3877 2145 3957">
    <p class='ocr_par' dir='ltr' id='par_1_70' title="bbox 557 3877 2145 3957">
     <span class='ocr_line' id='line_1_70' title="bbox 557 3877 2145 3957; baseline -0.011 -9"><span class='ocrx_word' id='word_1_554' title='bbox 557 3907 677 3948; x_wconf 90' lang='lat' dir='ltr'><strong>cem</strong></span> <span class='ocrx_word' id='word_1_555' title='bbox 710 3899 918 3946; x_wconf 88' lang='lat' dir='ltr'><strong>tuetur.</strong></span> <span class='ocrx_word' id='word_1_556' title='bbox 953 3888 1078 3944; x_wconf 83' lang='lat' dir='ltr'><strong>Non</strong></span> <span class='ocrx_word' id='word_1_557' title='bbox 1119 3885 1374 3957; x_wconf 89' lang='lat' dir='ltr'><strong>permisit</strong></span> <span class='ocrx_word' id='word_1_558' title='bbox 1430 3882 1534 3938; x_wconf 88' lang='lat' dir='ltr'><strong>tibi</strong></span> <span class='ocrx_word' id='word_1_559' title='bbox 1591 3879 1842 3936; x_wconf 74' lang='lat' dir='ltr'><strong>Christus</strong></span> <span class='ocrx_word' id='word_1_560' title='bbox 1901 3877 2145 3933; x_wconf 86' lang='lat' dir='ltr'><strong>dividere</strong></span> 
     </span>
    </p>
   </div>
   <div class='ocr_carea' id='block_1_71' title="bbox 557 3967 2145 4045">
    <p class='ocr_par' dir='ltr' id='par_1_71' title="bbox 557 3967 2145 4045">
     <span class='ocr_line' id='line_1_71' title="bbox 557 3967 2145 4045; baseline -0.01 -7"><span class='ocrx_word' id='word_1_561' title='bbox 557 3985 846 4045; x_wconf 87' lang='lat' dir='ltr'><strong>honorem,</strong></span> <span class='ocrx_word' id='word_1_562' title='bbox 881 3995 1007 4034; x_wconf 84' lang='lat' dir='ltr'><strong>cum</strong></span> <span class='ocrx_word' id='word_1_563' title='bbox 1041 3979 1253 4032; x_wconf 85' lang='lat' dir='ltr'><strong>diceret</strong></span> <span class='ocrx_word' id='word_1_564' title='bbox 1293 3993 1308 4030; x_wconf 86' lang='lat'><strong>:</strong></span> <span class='ocrx_word' id='word_1_565' title='bbox 1347 3991 1366 4025; x_wconf 77' lang='grc' dir='ltr'><strong>ι</strong></span> <span class='ocrx_word' id='word_1_566' title='bbox 1403 3972 1531 4027; x_wconf 64' lang='lat' dir='ltr'><strong>Haec</strong></span> <span class='ocrx_word' id='word_1_567' title='bbox 1561 3977 1648 4026; x_wconf 88' lang='lat' dir='ltr'><strong>est</strong></span> <span class='ocrx_word' id='word_1_568' title='bbox 1680 3970 1936 4024; x_wconf 84' lang='lat' dir='ltr'><strong>voluntas</strong></span> <span class='ocrx_word' id='word_1_569' title='bbox 1969 3967 2145 4022; x_wconf 80' lang='lat' dir='ltr'><strong>l’atris</strong></span> 
     </span>
    </p>
   </div>
   <div class='ocr_carea' id='block_1_72' title="bbox 561 4057 2148 4138">
    <p class='ocr_par' dir='ltr' id='par_1_72' title="bbox 561 4057 2148 4138">
     <span class='ocr_line' id='line_1_72' title="bbox 561 4057 2148 4138; baseline -0.012 -10"><span class='ocrx_word' id='word_1_570' title='bbox 561 4073 691 4138; x_wconf 90' lang='lat' dir='ltr'><strong>mei,</strong></span> <span class='ocrx_word' id='word_1_571' title='bbox 715 4079 775 4126; x_wconf 92' lang='lat' dir='ltr'><strong>ut</strong></span> <span class='ocrx_word' id='word_1_572' title='bbox 801 4085 994 4125; x_wconf 89' lang='lat' dir='ltr'><strong>omnes</strong></span> <span class='ocrx_word' id='word_1_573' title='bbox 1021 4068 1296 4122; x_wconf 81' lang='lat' dir='ltr'><strong>honorent</strong></span> <span class='ocrx_word' id='word_1_574' title='bbox 1338 4061 1562 4126; x_wconf 86' lang='lat' dir='ltr'><strong>Filium,</strong></span> <span class='ocrx_word' id='word_1_575' title='bbox 1596 4057 2055 4130; x_wconf 83' lang='lat' dir='ltr'><strong>quemadmodum</strong></span> <span class='ocrx_word' id='word_1_576' title='bbox 2092 4064 2148 4112; x_wconf 91' lang='lat' dir='ltr'><strong>et</strong></span> 
     </span>
    </p>
   </div>
   <div class='ocr_carea' id='block_1_73' title="bbox 561 4147 2149 4220">
    <p class='ocr_par' dir='ltr' id='par_1_73' title="bbox 561 4147 2149 4220">
     <span class='ocr_line' id='line_1_73' title="bbox 561 4147 2149 4220; baseline -0.012 0"><span class='ocrx_word' id='word_1_577' title='bbox 561 4163 780 4220; x_wconf 86' lang='lat' dir='ltr'><strong>Patrem</strong></span> <span class='ocrx_word' id='word_1_578' title='bbox 801 4163 869 4217; x_wconf 77' lang='lat'><strong>“.</strong></span> <span class='ocrx_word' id='word_1_579' title='bbox 893 4180 912 4213; x_wconf 72' lang='grc' dir='ltr'><strong>ι</strong></span> <span class='ocrx_word' id='word_1_580' title='bbox 937 4161 1157 4215; x_wconf 82' lang='lat' dir='ltr'><strong>Honora</strong></span> <span class='ocrx_word' id='word_1_581' title='bbox 1183 4157 1426 4219; x_wconf 87' lang='lat' dir='ltr'><strong>Patrem,</strong></span> <span class='ocrx_word' id='word_1_582' title='bbox 1462 4163 1522 4207; x_wconf 91' lang='lat' dir='ltr'><strong>ut</strong></span> <span class='ocrx_word' id='word_1_583' title='bbox 1553 4151 1790 4206; x_wconf 87' lang='lat' dir='ltr'><strong>honores</strong></span> <span class='ocrx_word' id='word_1_584' title='bbox 1815 4147 2034 4213; x_wconf 83' lang='lat' dir='ltr'><strong>Filium,</strong></span> <span class='ocrx_word' id='word_1_585' title='bbox 2063 4151 2149 4203; x_wconf 85' lang='lat' dir='ltr'><strong>vel</strong></span> 
     </span>
    </p>
   </div>
   <div class='ocr_carea' id='block_1_74' title="bbox 565 4243 2152 4330">
    <p class='ocr_par' dir='ltr' id='par_1_74' title="bbox 565 4243 2152 4330">
     <span class='ocr_line' id='line_1_74' title="bbox 565 4243 2152 4330; baseline -0.009 -19"><span class='ocrx_word' id='word_1_586' title='bbox 565 4257 750 4330; x_wconf 88' lang='lat' dir='ltr'><strong>potius</strong></span> <span class='ocrx_word' id='word_1_587' title='bbox 769 4255 981 4309; x_wconf 91' lang='lat' dir='ltr'><strong>honora</strong></span> <span class='ocrx_word' id='word_1_588' title='bbox 1004 4251 1225 4315; x_wconf 89' lang='lat' dir='ltr'><strong>Filium,</strong></span> <span class='ocrx_word' id='word_1_589' title='bbox 1249 4257 1309 4304; x_wconf 92' lang='lat' dir='ltr'><strong>ut</strong></span> <span class='ocrx_word' id='word_1_590' title='bbox 1331 4249 1569 4302; x_wconf 87' lang='lat' dir='ltr'><strong>honores</strong></span> <span class='ocrx_word' id='word_1_591' title='bbox 1595 4243 1831 4298; x_wconf 85' lang='lat' dir='ltr'><strong>Patrem.</strong></span> <span class='ocrx_word' id='word_1_592' title='bbox 1851 4243 2152 4296; x_wconf 85' lang='lat' dir='ltr'><strong>Contume-</strong></span> 
     </span>
    </p>
   </div>
   <div class='ocr_carea' id='block_1_75' title="bbox 563 4333 2148 4411">
    <p class='ocr_par' dir='ltr' id='par_1_75' title="bbox 563 4333 2148 4411">
     <span class='ocr_line' id='line_1_75' title="bbox 563 4333 2148 4411; baseline -0.008 -9"><span class='ocrx_word' id='word_1_593' title='bbox 563 4349 692 4402; x_wconf 86' lang='lat' dir='ltr'><strong>liam</strong></span> <span class='ocrx_word' id='word_1_594' title='bbox 723 4349 776 4402; x_wconf 89' lang='lat' dir='ltr'><strong>in</strong></span> <span class='ocrx_word' id='word_1_595' title='bbox 807 4344 1003 4401; x_wconf 85' lang='lat' dir='ltr'><strong>Filium</strong></span> <span class='ocrx_word' id='word_1_596' title='bbox 1038 4343 1182 4400; x_wconf 87' lang='lat' dir='ltr'><strong>Deus</strong></span> <span class='ocrx_word' id='word_1_597' title='bbox 1214 4357 1369 4398; x_wconf 89' lang='lat' dir='ltr'><strong>suam</strong></span> <span class='ocrx_word' id='word_1_598' title='bbox 1389 4347 1544 4411; x_wconf 89' lang='lat' dir='ltr'><strong>putat</strong></span> <span class='ocrx_word' id='word_1_599' title='bbox 1565 4356 1580 4406; x_wconf 88' lang='lat'><strong>;</strong></span> <span class='ocrx_word' id='word_1_600' title='bbox 1604 4337 1852 4392; x_wconf 82' lang='lat' dir='ltr'><strong>Salvator</strong></span> <span class='ocrx_word' id='word_1_601' title='bbox 1867 4336 2011 4390; x_wconf 89' lang='lat' dir='ltr'><strong>enim</strong></span> <span class='ocrx_word' id='word_1_602' title='bbox 2037 4333 2148 4390; x_wconf 85' lang='lat' dir='ltr'><strong>ait:</strong></span> 
     </span>
    </p>
   </div>
   <div class='ocr_carea' id='block_1_76' title="bbox 569 4426 2156 4508">
    <p class='ocr_par' dir='ltr' id='par_1_76' title="bbox 569 4426 2156 4508">
     <span class='ocr_line' id='line_1_76' title="bbox 569 4426 2156 4508; baseline -0.009 -14"><span class='ocrx_word' id='word_1_603' title='bbox 569 4441 702 4508; x_wconf 59' lang='lat' dir='ltr'><strong>«Qui</strong></span> <span class='ocrx_word' id='word_1_604' title='bbox 734 4441 852 4494; x_wconf 89' lang='lat' dir='ltr'><strong>odit</strong></span> <span class='ocrx_word' id='word_1_605' title='bbox 881 4455 987 4504; x_wconf 88' lang='lat' dir='ltr'><strong>me,</strong></span> <span class='ocrx_word' id='word_1_606' title='bbox 1011 4447 1068 4493; x_wconf 88' lang='lat' dir='ltr'><strong>et</strong></span> <span class='ocrx_word' id='word_1_607' title='bbox 1087 4435 1305 4491; x_wconf 88' lang='lat' dir='ltr'><strong>Patrem</strong></span> <span class='ocrx_word' id='word_1_608' title='bbox 1336 4448 1514 4488; x_wconf 90' lang='lat' dir='ltr'><strong>meum</strong></span> <span class='ocrx_word' id='word_1_609' title='bbox 1539 4431 1673 4486; x_wconf 92' lang='lat' dir='ltr'><strong>odit.</strong></span> <span class='ocrx_word' id='word_1_610' title='bbox 1701 4431 1767 4486; x_wconf 81' lang='grc'><strong>⁸⁸.</strong></span> <span class='ocrx_word' id='word_1_611' title='bbox 1809 4449 1828 4480; x_wconf 83' lang='grc'><strong>›</strong></span> <span class='ocrx_word' id='word_1_612' title='bbox 1862 4427 1942 4483; x_wconf 78' lang='lat' dir='ltr'><strong>Ne</strong></span> <span class='ocrx_word' id='word_1_613' title='bbox 1966 4426 2156 4482; x_wconf 83' lang='lat' dir='ltr'><strong>existi-</strong></span> 
     </span>
    </p>
   </div>
   <div class='ocr_carea' id='block_1_77' title="bbox 567 4516 2154 4602">
    <p class='ocr_par' dir='ltr' id='par_1_77' title="bbox 567 4516 2154 4602">
     <span class='ocr_line' id='line_1_77' title="bbox 567 4516 2154 4602; baseline -0.01 -14"><span class='ocrx_word' id='word_1_614' title='bbox 567 4543 717 4589; x_wconf 86' lang='lat' dir='ltr'><strong>ment</strong></span> <span class='ocrx_word' id='word_1_615' title='bbox 735 4533 1002 4594; x_wconf 72' lang='lat' dir='ltr'><strong>limretici,</strong></span> <span class='ocrx_word' id='word_1_616' title='bbox 1027 4547 1086 4586; x_wconf 84' lang='lat' dir='ltr'><strong>se.</strong></span> <span class='ocrx_word' id='word_1_617' title='bbox 1111 4527 1411 4602; x_wconf 82' lang='lat' dir='ltr'><strong>gratiﬁcari</strong></span> <span class='ocrx_word' id='word_1_618' title='bbox 1428 4524 1560 4587; x_wconf 88' lang='lat' dir='ltr'><strong>Deo,</strong></span> <span class='ocrx_word' id='word_1_619' title='bbox 1581 4538 1707 4578; x_wconf 89' lang='lat' dir='ltr'><strong>eum</strong></span> <span class='ocrx_word' id='word_1_620' title='bbox 1737 4520 2000 4590; x_wconf 88' lang='lat' dir='ltr'><strong>majorem</strong></span> <span class='ocrx_word' id='word_1_621' title='bbox 2015 4516 2154 4572; x_wconf 86' lang='lat' dir='ltr'><strong>Filio</strong></span> 
     </span>
    </p>
   </div>
   <div class='ocr_carea' id='block_1_78' title="bbox 567 4613 2152 4696">
    <p class='ocr_par' dir='ltr' id='par_1_78' title="bbox 567 4613 2152 4696">
     <span class='ocr_line' id='line_1_78' title="bbox 567 4613 2152 4696; baseline -0.013 -15"><span class='ocrx_word' id='word_1_622' title='bbox 567 4627 1012 4696; x_wconf 85' lang='lat' dir='ltr'><strong>pronuntiantes.</strong></span> <span class='ocrx_word' id='word_1_623' title='bbox 1040 4621 1158 4678; x_wconf 84' lang='lat' dir='ltr'><strong>Non</strong></span> <span class='ocrx_word' id='word_1_624' title='bbox 1186 4621 1382 4688; x_wconf 86' lang='lat' dir='ltr'><strong>recipit</strong></span> <span class='ocrx_word' id='word_1_625' title='bbox 1411 4617 1514 4672; x_wconf 91' lang='lat' dir='ltr'><strong>sibi</strong></span> <span class='ocrx_word' id='word_1_626' title='bbox 1537 4613 1995 4673; x_wconf 87' lang='lat' dir='ltr'><strong>Paterhonorem,</strong></span> <span class='ocrx_word' id='word_1_627' title='bbox 2028 4623 2152 4664; x_wconf 89' lang='lat' dir='ltr'><strong>cum</strong></span> 
     </span>
    </p>
   </div>
   <div class='ocr_carea' id='block_1_79' title="bbox 2186 4663 2232 4720">
    <p class='ocr_par' dir='ltr' id='par_1_79' title="bbox 2186 4663 2232 4720">
     <span class='ocr_line' id='line_1_79' title="bbox 2186 4663 2232 4720; baseline 0 0"><span class='ocrx_word' id='word_1_628' title='bbox 2186 4663 2232 4720; x_wconf 75' lang='grc' dir='ltr'>ι)</span> 
     </span>
    </p>
   </div>
   <div class='ocr_carea' id='block_1_80' title="bbox 2236 3413 3824 3489">
    <p class='ocr_par' dir='ltr' id='par_1_80' title="bbox 2236 3413 3824 3489">
     <span class='ocr_line' id='line_1_80' title="bbox 2236 3413 3824 3489; baseline -0.005 -15"><span class='ocrx_word' id='word_1_629' title='bbox 2236 3419 2431 3474; x_wconf 90' lang='grc' dir='ltr'>λεύειν.</span> <span class='ocrx_word' id='word_1_630' title='bbox 2471 3438 2488 3470; x_wconf 76' lang='grc' dir='ltr'><strong>ι</strong></span> <span class='ocrx_word' id='word_1_631' title='bbox 2518 3419 2580 3472; x_wconf 81' lang='grc' dir='ltr'><strong>Εἰ</strong></span> <span class='ocrx_word' id='word_1_632' title='bbox 2607 3417 2740 3489; x_wconf 81' lang='grc' dir='ltr'>άλλη</span> <span class='ocrx_word' id='word_1_633' title='bbox 2773 3415 3030 3488; x_wconf 87' lang='grc' dir='ltr'>κυριότης</span> <span class='ocrx_word' id='word_1_634' title='bbox 3059 3414 3292 3486; x_wconf 86' lang='grc' dir='ltr'>Πατρὸς,</span> <span class='ocrx_word' id='word_1_635' title='bbox 3331 3413 3428 3467; x_wconf 73' lang='grc' dir='ltr'><strong>καὶ</strong></span> <span class='ocrx_word' id='word_1_636' title='bbox 3459 3413 3592 3486; x_wconf 80' lang='grc' dir='ltr'>ἄλλη</span> <span class='ocrx_word' id='word_1_637' title='bbox 3635 3413 3824 3486; x_wconf 89' lang='grc' dir='ltr'>κυριό-</span> 
     </span>
    </p>
   </div>
   <div class='ocr_carea' id='block_1_81' title="bbox 2236 3505 3827 3584">
    <p class='ocr_par' dir='ltr' id='par_1_81' title="bbox 2236 3505 3827 3584">
     <span class='ocr_line' id='line_1_81' title="bbox 2236 3505 3827 3584; baseline -0.004 -17"><span class='ocrx_word' id='word_1_638' title='bbox 2236 3531 2338 3584; x_wconf 85' lang='grc' dir='ltr'><strong>της</strong></span> <span class='ocrx_word' id='word_1_639' title='bbox 2371 3510 2524 3576; x_wconf 76' lang='grc' dir='ltr'><strong>Υίοῦ,</strong></span> <span class='ocrx_word' id='word_1_640' title='bbox 2559 3509 2653 3564; x_wconf 77' lang='grc' dir='ltr'><strong>καὶ</strong></span> <span class='ocrx_word' id='word_1_641' title='bbox 2699 3507 2941 3580; x_wconf 73' lang='grc' dir='ltr'>μερίζεις</span> <span class='ocrx_word' id='word_1_642' title='bbox 2973 3507 3070 3578; x_wconf 84' lang='grc' dir='ltr'>τὴν</span> <span class='ocrx_word' id='word_1_643' title='bbox 3099 3506 3363 3571; x_wconf 81' lang='grc' dir='ltr'>ἐξουσίαν,</span> <span class='ocrx_word' id='word_1_644' title='bbox 3395 3505 3511 3570; x_wconf 86' lang='grc' dir='ltr'><strong>πῶς</strong></span> <span class='ocrx_word' id='word_1_645' title='bbox 3543 3506 3827 3578; x_wconf 85' lang='grc' dir='ltr'>λατρεύεις</span> 
     </span>
    </p>
   </div>
   <div class='ocr_carea' id='block_1_82' title="bbox 2238 3596 3829 3678">
    <p class='ocr_par' dir='ltr' id='par_1_82' title="bbox 2238 3596 3829 3678">
     <span class='ocr_line' id='line_1_82' title="bbox 2238 3596 3829 3678; baseline -0.006 -19"><span class='ocrx_word' id='word_1_646' title='bbox 2238 3608 2306 3678; x_wconf 81' lang='grc' dir='ltr'>τῇ</span> <span class='ocrx_word' id='word_1_647' title='bbox 2345 3603 2622 3676; x_wconf 72' lang='grc' dir='ltr'>βασιλείας</span> <span class='ocrx_word' id='word_1_648' title='bbox 2651 3602 2726 3655; x_wconf 83' lang='grc' dir='ltr'>Ού</span> <span class='ocrx_word' id='word_1_649' title='bbox 2757 3601 2979 3654; x_wconf 88' lang='grc' dir='ltr'>δύναται</span> <span class='ocrx_word' id='word_1_650' title='bbox 3021 3597 3382 3670; x_wconf 83' lang='grc' dir='ltr'>λατρευθῆναι</span> <span class='ocrx_word' id='word_1_651' title='bbox 3415 3597 3508 3650; x_wconf 86' lang='grc' dir='ltr'>δύο</span> <span class='ocrx_word' id='word_1_652' title='bbox 3539 3596 3829 3667; x_wconf 77' lang='grc' dir='ltr'>ἀξιώματα</span> 
     </span>
    </p>
   </div>
   <div class='ocr_carea' id='block_1_83' title="bbox 2241 3686 3832 3764">
    <p class='ocr_par' dir='ltr' id='par_1_83' title="bbox 2241 3686 3832 3764">
     <span class='ocr_line' id='line_1_83' title="bbox 2241 3686 3832 3764; baseline -0.007 -13"><span class='ocrx_word' id='word_1_653' title='bbox 2241 3697 2384 3751; x_wconf 78' lang='grc' dir='ltr'>κατὰ</span> <span class='ocrx_word' id='word_1_654' title='bbox 2405 3696 2466 3750; x_wconf 84' lang='grc' dir='ltr'><strong>τὸ</strong></span> <span class='ocrx_word' id='word_1_655' title='bbox 2507 3693 2692 3759; x_wconf 78' lang='grc' dir='ltr'>αὐτοῦ,</span> <span class='ocrx_word' id='word_1_656' title='bbox 2727 3692 2821 3746; x_wconf 79' lang='grc' dir='ltr'><strong>ἐὰν</strong></span> <span class='ocrx_word' id='word_1_657' title='bbox 2842 3691 2924 3764; x_wconf 71' lang='grc' dir='ltr'><strong>’μὴ</strong></span> <span class='ocrx_word' id='word_1_658' title='bbox 2955 3690 3194 3762; x_wconf 85' lang='grc' dir='ltr'>ὁμότιμα</span> <span class='ocrx_word' id='word_1_659' title='bbox 3319 3690 3506 3753; x_wconf 74' lang='grc' dir='ltr'>Οὐδεὶς</span> <span class='ocrx_word' id='word_1_660' title='bbox 3535 3691 3832 3762; x_wconf 79' lang='grc' dir='ltr'>προσκυνεῖ</span> 
     </span>
    </p>
   </div>
   <div class='ocr_carea' id='block_1_84' title="bbox 2246 3777 3832 3858">
    <p class='ocr_par' dir='ltr' id='par_1_84' title="bbox 2246 3777 3832 3858">
     <span class='ocr_line' id='line_1_84' title="bbox 2246 3777 3832 3858; baseline -0.006 -18"><span class='ocrx_word' id='word_1_661' title='bbox 2246 3785 2468 3858; x_wconf 79' lang='grc' dir='ltr'>βασιλέα</span> <span class='ocrx_word' id='word_1_662' title='bbox 2493 3785 2586 3838; x_wconf 76' lang='grc' dir='ltr'><strong>καὶ</strong></span> <span class='ocrx_word' id='word_1_663' title='bbox 2612 3785 2868 3856; x_wconf 79' lang='grc' dir='ltr'>ἄρχοντα·</span> <span class='ocrx_word' id='word_1_664' title='bbox 2895 3782 3028 3835; x_wconf 83' lang='grc' dir='ltr'>ὅπου</span> <span class='ocrx_word' id='word_1_665' title='bbox 3053 3781 3161 3852; x_wconf 85' lang='grc' dir='ltr'>γὰρ</span> <span class='ocrx_word' id='word_1_666' title='bbox 3185 3781 3445 3850; x_wconf 85' lang='grc' dir='ltr'>ὁμότιμος</span> <span class='ocrx_word' id='word_1_667' title='bbox 3471 3781 3504 3849; x_wconf 82' lang='grc' dir='ltr'><strong>ή</strong></span> <span class='ocrx_word' id='word_1_668' title='bbox 3531 3777 3678 3844; x_wconf 78' lang='grc' dir='ltr'>ἀξία,</span> <span class='ocrx_word' id='word_1_669' title='bbox 3700 3777 3832 3848; x_wconf 85' lang='grc' dir='ltr'>ὁμό-</span> 
     </span>
    </p>
   </div>
   <div class='ocr_carea' id='block_1_85' title="bbox 2243 3869 3831 3951">
    <p class='ocr_par' dir='ltr' id='par_1_85' title="bbox 2243 3869 3831 3951">
     <span class='ocr_line' id='line_1_85' title="bbox 2243 3869 3831 3951; baseline -0.007 -17"><span class='ocrx_word' id='word_1_670' title='bbox 2243 3897 2400 3951; x_wconf 87' lang='grc' dir='ltr'>τιμος</span> <span class='ocrx_word' id='word_1_671' title='bbox 2437 3879 2532 3931; x_wconf 77' lang='grc' dir='ltr'>καὶ</span> <span class='ocrx_word' id='word_1_672' title='bbox 2561 3879 2594 3945; x_wconf 85' lang='grc' dir='ltr'>ἡ</span> <span class='ocrx_word' id='word_1_673' title='bbox 2624 3875 3014 3947; x_wconf 87' lang='grc' dir='ltr'>προσκύνησις.</span> <span class='ocrx_word' id='word_1_674' title='bbox 3057 3873 3145 3926; x_wconf 87' lang='grc' dir='ltr'><strong>Ἐν</strong></span> <span class='ocrx_word' id='word_1_675' title='bbox 3174 3871 3251 3944; x_wconf 82' lang='grc' dir='ltr'><strong>τῷ</strong></span> <span class='ocrx_word' id='word_1_676' title='bbox 3288 3870 3386 3942; x_wconf 83' lang='grc' dir='ltr'>ἴσῳ</span> <span class='ocrx_word' id='word_1_677' title='bbox 3423 3869 3694 3943; x_wconf 77' lang='grc' dir='ltr'>ἀξιώματι</span> <span class='ocrx_word' id='word_1_678' title='bbox 3728 3871 3831 3923; x_wconf 79' lang='grc' dir='ltr'><strong>οὐκ</strong></span> 
     </span>
    </p>
   </div>
   <div class='ocr_carea' id='block_1_86' title="bbox 2247 3961 3834 4042">
    <p class='ocr_par' dir='ltr' id='par_1_86' title="bbox 2247 3961 3834 4042">
     <span class='ocr_line' id='line_1_86' title="bbox 2247 3961 3834 4042; baseline -0.008 -15"><span class='ocrx_word' id='word_1_679' title='bbox 2247 3973 2360 4026; x_wconf 77' lang='grc' dir='ltr'>ἐστι</span> <span class='ocrx_word' id='word_1_680' title='bbox 2393 3972 2560 4042; x_wconf 85' lang='grc' dir='ltr'>μάχη.</span> <span class='ocrx_word' id='word_1_681' title='bbox 2591 3969 2664 4022; x_wconf 86' lang='grc' dir='ltr'>Τὸ</span> <span class='ocrx_word' id='word_1_682' title='bbox 2696 3970 2876 4024; x_wconf 81' lang='grc' dir='ltr'>ἄνισον</span> <span class='ocrx_word' id='word_1_683' title='bbox 2915 3967 3119 4038; x_wconf 72' lang='grc' dir='ltr'>ἐγείρει</span> <span class='ocrx_word' id='word_1_684' title='bbox 3160 3965 3257 4036; x_wconf 81' lang='grc' dir='ltr'>τὴν</span> <span class='ocrx_word' id='word_1_685' title='bbox 3299 3963 3509 4035; x_wconf 82' lang='grc' dir='ltr'>μάχην’</span> <span class='ocrx_word' id='word_1_686' title='bbox 3535 3963 3598 4016; x_wconf 86' lang='grc' dir='ltr'><strong>τὸ</strong></span> <span class='ocrx_word' id='word_1_687' title='bbox 3634 3962 3692 4015; x_wconf 84' lang='grc' dir='ltr'><strong>δὲ</strong></span> <span class='ocrx_word' id='word_1_688' title='bbox 3721 3961 3834 4014; x_wconf 76' lang='grc' dir='ltr'>ἴσον</span> 
     </span>
    </p>
   </div>
   <div class='ocr_carea' id='block_1_87' title="bbox 2251 4054 3836 4138">
    <p class='ocr_par' dir='ltr' id='par_1_87' title="bbox 2251 4054 3836 4138">
     <span class='ocr_line' id='line_1_87' title="bbox 2251 4054 3836 4138; baseline -0.008 -20"><span class='ocrx_word' id='word_1_689' title='bbox 2251 4065 2504 4138; x_wconf 79' lang='grc' dir='ltr'>βραϐεύει</span> <span class='ocrx_word' id='word_1_690' title='bbox 2536 4062 2632 4134; x_wconf 83' lang='grc' dir='ltr'>τὴν</span> <span class='ocrx_word' id='word_1_691' title='bbox 2661 4063 2899 4133; x_wconf 75' lang='grc' dir='ltr'>εἰρήνην.</span> <span class='ocrx_word' id='word_1_692' title='bbox 2931 4061 3006 4113; x_wconf 83' lang='grc' dir='ltr'><strong>Οὐ</strong></span> <span class='ocrx_word' id='word_1_693' title='bbox 3053 4057 3397 4130; x_wconf 79' lang='grc' dir='ltr'>συνεχώρησέ</span> <span class='ocrx_word' id='word_1_694' title='bbox 3430 4072 3510 4109; x_wconf 91' lang='grc' dir='ltr'><strong>σοι</strong></span> <span class='ocrx_word' id='word_1_695' title='bbox 3541 4057 3570 4108; x_wconf 92' lang='grc' dir='ltr'><strong>ό</strong></span> <span class='ocrx_word' id='word_1_696' title='bbox 3597 4054 3836 4126; x_wconf 86' lang='grc' dir='ltr'>Χριστὸς</span> 
     </span>
    </p>
   </div>
   <div class='ocr_carea' id='block_1_88' title="bbox 2253 4145 3838 4229">
    <p class='ocr_par' dir='ltr' id='par_1_88' title="bbox 2253 4145 3838 4229">
     <span class='ocr_line' id='line_1_88' title="bbox 2253 4145 3838 4229; baseline -0.008 -19"><span class='ocrx_word' id='word_1_697' title='bbox 2253 4157 2472 4229; x_wconf 87' lang='grc' dir='ltr'>μερίσαι</span> <span class='ocrx_word' id='word_1_698' title='bbox 2508 4155 2608 4227; x_wconf 80' lang='grc' dir='ltr'><strong>τὴν</strong></span> <span class='ocrx_word' id='word_1_699' title='bbox 2632 4153 2818 4224; x_wconf 79' lang='grc' dir='ltr'>τιμὴν,</span> <span class='ocrx_word' id='word_1_700' title='bbox 2850 4151 3019 4206; x_wconf 83' lang='grc' dir='ltr'>εἰπών</span> <span class='ocrx_word' id='word_1_701' title='bbox 3041 4168 3053 4181; x_wconf 80' lang='grc'><em>’</em></span> <span class='ocrx_word' id='word_1_702' title='bbox 3099 4171 3118 4202; x_wconf 74' lang='grc' dir='ltr'><strong>ι</strong></span> <span class='ocrx_word' id='word_1_703' title='bbox 3152 4150 3320 4204; x_wconf 76' lang='grc' dir='ltr'>Τοῦτό</span> <span class='ocrx_word' id='word_1_704' title='bbox 3363 4150 3480 4202; x_wconf 82' lang='grc' dir='ltr'>ἐστι</span> <span class='ocrx_word' id='word_1_705' title='bbox 3525 4147 3585 4200; x_wconf 87' lang='grc' dir='ltr'><strong>τὸ</strong></span> <span class='ocrx_word' id='word_1_706' title='bbox 3621 4145 3838 4217; x_wconf 80' lang='grc' dir='ltr'>θέλημα</span> 
     </span>
    </p>
   </div>
   <div class='ocr_carea' id='block_1_89' title="bbox 2250 4238 3840 4319">
    <p class='ocr_par' dir='ltr' id='par_1_89' title="bbox 2250 4238 3840 4319">
     <span class='ocr_line' id='line_1_89' title="bbox 2250 4238 3840 4319; baseline -0.009 -15"><span class='ocrx_word' id='word_1_707' title='bbox 2250 4249 2345 4304; x_wconf 78' lang='grc' dir='ltr'><strong>τοῦ</strong></span> <span class='ocrx_word' id='word_1_708' title='bbox 2380 4249 2591 4319; x_wconf 82' lang='grc' dir='ltr'>Πατρός</span> <span class='ocrx_word' id='word_1_709' title='bbox 2631 4264 2752 4317; x_wconf 83' lang='grc' dir='ltr'>μου,</span> <span class='ocrx_word' id='word_1_710' title='bbox 2787 4246 2874 4300; x_wconf 74' lang='grc' dir='ltr'><strong>ἵνα</strong></span> <span class='ocrx_word' id='word_1_711' title='bbox 2903 4246 3104 4307; x_wconf 86' lang='grc' dir='ltr'>πάντες</span> <span class='ocrx_word' id='word_1_712' title='bbox 3131 4243 3330 4314; x_wconf 84' lang='grc' dir='ltr'>τιμῶσι</span> <span class='ocrx_word' id='word_1_713' title='bbox 3358 4241 3448 4294; x_wconf 80' lang='grc' dir='ltr'><strong>τὸν</strong></span> <span class='ocrx_word' id='word_1_714' title='bbox 3478 4240 3624 4304; x_wconf 81' lang='grc' dir='ltr'>Υίὸν,</span> <span class='ocrx_word' id='word_1_715' title='bbox 3651 4238 3840 4303; x_wconf 87' lang='grc' dir='ltr'>καθὼς</span> 
     </span>
    </p>
   </div>
   <div class='ocr_carea' id='block_1_90' title="bbox 2252 4329 3844 4412">
    <p class='ocr_par' dir='ltr' id='par_1_90' title="bbox 2252 4329 3844 4412">
     <span class='ocr_line' id='line_1_90' title="bbox 2252 4329 3844 4412; baseline -0.009 -17"><span class='ocrx_word' id='word_1_716' title='bbox 2252 4339 2452 4412; x_wconf 84' lang='grc' dir='ltr'>τιμῶσι</span> <span class='ocrx_word' id='word_1_717' title='bbox 2500 4339 2591 4392; x_wconf 87' lang='grc' dir='ltr'><strong>τὸν</strong></span> <span class='ocrx_word' id='word_1_718' title='bbox 2637 4337 2878 4408; x_wconf 82' lang='grc' dir='ltr'>Πατέρα.</span> <span class='ocrx_word' id='word_1_719' title='bbox 2923 4353 2942 4386; x_wconf 75' lang='grc' dir='ltr'><strong>ι</strong></span> <span class='ocrx_word' id='word_1_720' title='bbox 2981 4334 3128 4405; x_wconf 89' lang='grc' dir='ltr'>Τίμα</span> <span class='ocrx_word' id='word_1_721' title='bbox 3160 4333 3419 4405; x_wconf 85' lang='grc' dir='ltr'>Πατέρα,</span> <span class='ocrx_word' id='word_1_722' title='bbox 3461 4331 3547 4383; x_wconf 79' lang='grc' dir='ltr'>ἵνα</span> <span class='ocrx_word' id='word_1_723' title='bbox 3596 4329 3844 4402; x_wconf 79' lang='grc' dir='ltr'>τιμήσῃς</span> 
     </span>
    </p>
   </div>
   <div class='ocr_carea' id='block_1_91' title="bbox 2255 4421 3839 4502">
    <p class='ocr_par' dir='ltr' id='par_1_91' title="bbox 2255 4421 3839 4502">
     <span class='ocr_line' id='line_1_91' title="bbox 2255 4421 3839 4502; baseline -0.009 -15"><span class='ocrx_word' id='word_1_724' title='bbox 2255 4433 2418 4487; x_wconf 83' lang='grc' dir='ltr'>Υίόν·</span> <span class='ocrx_word' id='word_1_725' title='bbox 2463 4430 2660 4502; x_wconf 81' lang='grc' dir='ltr'>μᾶλλον</span> <span class='ocrx_word' id='word_1_726' title='bbox 2707 4428 2764 4482; x_wconf 83' lang='grc' dir='ltr'><strong>δὲ</strong></span> <span class='ocrx_word' id='word_1_727' title='bbox 2811 4427 2946 4498; x_wconf 89' lang='grc' dir='ltr'>τίμα</span> <span class='ocrx_word' id='word_1_728' title='bbox 2987 4425 3139 4488; x_wconf 83' lang='grc' dir='ltr'>Υίὸν,</span> <span class='ocrx_word' id='word_1_729' title='bbox 3181 4425 3269 4477; x_wconf 83' lang='grc' dir='ltr'>ἵνα</span> <span class='ocrx_word' id='word_1_730' title='bbox 3305 4424 3544 4494; x_wconf 78' lang='grc' dir='ltr'>τιμήσῃς</span> <span class='ocrx_word' id='word_1_731' title='bbox 3589 4421 3839 4492; x_wconf 82' lang='grc' dir='ltr'>Πατέρα.</span> 
     </span>
    </p>
   </div>
   <div class='ocr_carea' id='block_1_92' title="bbox 2269 4515 3846 4592">
    <p class='ocr_par' dir='ltr' id='par_1_92' title="bbox 2269 4515 3846 4592">
     <span class='ocr_line' id='line_1_92' title="bbox 2269 4515 3846 4592; baseline -0.01 -11"><span class='ocrx_word' id='word_1_732' title='bbox 2269 4527 2621 4581; x_wconf 77' lang='grc' dir='ltr'>’ἰδιοποιείται</span> <span class='ocrx_word' id='word_1_733' title='bbox 2651 4523 2744 4576; x_wconf 76' lang='grc' dir='ltr'>τοῦ</span> <span class='ocrx_word' id='word_1_734' title='bbox 2787 4521 2918 4575; x_wconf 84' lang='grc' dir='ltr'>Υίοῦ</span> <span class='ocrx_word' id='word_1_735' title='bbox 2955 4520 3052 4592; x_wconf 82' lang='grc' dir='ltr'><strong>τὴν</strong></span> <span class='ocrx_word' id='word_1_736' title='bbox 3091 4518 3246 4591; x_wconf 80' lang='grc' dir='ltr'>ὓϐριν</span> <span class='ocrx_word' id='word_1_737' title='bbox 3285 4519 3312 4570; x_wconf 85' lang='grc' dir='ltr'>ὁ</span> <span class='ocrx_word' id='word_1_738' title='bbox 3344 4517 3506 4579; x_wconf 83' lang='grc' dir='ltr'>Θεός·</span> <span class='ocrx_word' id='word_1_739' title='bbox 3543 4515 3688 4583; x_wconf 87' lang='grc' dir='ltr'>λέγει</span> <span class='ocrx_word' id='word_1_740' title='bbox 3730 4515 3846 4586; x_wconf 80' lang='grc' dir='ltr'>γὰρ</span> 
     </span>
    </p>
   </div>
   <div class='ocr_carea' id='block_1_93' title="bbox 2258 4609 3850 4690">
    <p class='ocr_par' dir='ltr' id='par_1_93' title="bbox 2258 4609 3850 4690">
     <span class='ocr_line' id='line_1_93' title="bbox 2258 4609 3850 4690; baseline -0.009 -17"><span class='ocrx_word' id='word_1_741' title='bbox 2258 4621 2288 4672; x_wconf 86' lang='grc' dir='ltr'><strong>ὁ</strong></span> <span class='ocrx_word' id='word_1_742' title='bbox 2316 4621 2536 4690; x_wconf 83' lang='grc' dir='ltr'>Σωτήρ·</span> <span class='ocrx_word' id='word_1_743' title='bbox 2575 4637 2594 4669; x_wconf 79' lang='grc' dir='ltr'><strong>ι</strong></span> <span class='ocrx_word' id='word_1_744' title='bbox 2644 4617 2702 4670; x_wconf 86' lang='grc' dir='ltr'>Ὀ</span> <span class='ocrx_word' id='word_1_745' title='bbox 2735 4615 2834 4686; x_wconf 84' lang='grc' dir='ltr'><strong>ἐμὲ</strong></span> <span class='ocrx_word' id='word_1_746' title='bbox 2885 4614 3058 4685; x_wconf 82' lang='grc' dir='ltr'>μισῶν</span> <span class='ocrx_word' id='word_1_747' title='bbox 3111 4612 3205 4666; x_wconf 75' lang='grc' dir='ltr'><strong>καὶ</strong></span> <span class='ocrx_word' id='word_1_748' title='bbox 3251 4610 3341 4663; x_wconf 84' lang='grc' dir='ltr'><strong>τὸν</strong></span> <span class='ocrx_word' id='word_1_749' title='bbox 3369 4609 3585 4680; x_wconf 83' lang='grc' dir='ltr'>Πατέρα</span> <span class='ocrx_word' id='word_1_750' title='bbox 3617 4625 3718 4679; x_wconf 86' lang='grc' dir='ltr'><strong>μου</strong></span> <span class='ocrx_word' id='word_1_751' title='bbox 3754 4625 3850 4680; x_wconf 87' lang='grc' dir='ltr'>μι-</span> 
     </span>
    </p>
   </div>
   <div class='ocr_carea' id='block_1_94' title="bbox 569 4699 2132 4788">
    <p class='ocr_par' dir='ltr' id='par_1_94' title="bbox 569 4703 2132 4788">
     <span class='ocr_line' id='line_1_94' title="bbox 569 4703 2132 4788; baseline -0.013 -16"><span class='ocrx_word' id='word_1_752' title='bbox 569 4715 742 4772; x_wconf 86' lang='lat' dir='ltr'><strong>Filius</strong></span> <span class='ocrx_word' id='word_1_753' title='bbox 769 4716 890 4788; x_wconf 84' lang='lat' dir='ltr'><strong>ejus</strong></span> <span class='ocrx_word' id='word_1_754' title='bbox 913 4714 1246 4770; x_wconf 88' lang='lat' dir='ltr'><strong>contumelia</strong></span> <span class='ocrx_word' id='word_1_755' title='bbox 1267 4711 1519 4766; x_wconf 81' lang='lat' dir='ltr'><strong>aliieitur.</strong></span> <span class='ocrx_word' id='word_1_756' title='bbox 1539 4706 1679 4763; x_wconf 77' lang='lat' dir='ltr'><strong>Vide</strong></span> <span class='ocrx_word' id='word_1_757' title='bbox 1709 4703 1932 4760; x_wconf 84' lang='lat' dir='ltr'><strong>evidens</strong></span> <span class='ocrx_word' id='word_1_758' title='bbox 1961 4715 2132 4758; x_wconf 86' lang='lat' dir='ltr'><strong>earun</strong></span> 
     </span>
    </p>
   </div>
   <div class='ocr_carea' id='block_1_95' title="bbox 2237 4699 3850 4788">
    <p class='ocr_par' dir='ltr' id='par_1_95' title="bbox 2259 4699 3850 4779">
     <span class='ocr_line' id='line_1_95' title="bbox 2259 4699 3850 4779; baseline -0.009 -15"><span class='ocrx_word' id='word_1_759' title='bbox 2259 4713 2361 4766; x_wconf 88' lang='grc' dir='ltr'>σεί.</span> <span class='ocrx_word' id='word_1_760' title='bbox 2400 4728 2419 4760; x_wconf 74' lang='grc' dir='ltr'><strong>ι</strong></span> <span class='ocrx_word' id='word_1_761' title='bbox 2444 4709 2536 4779; x_wconf 82' lang='grc' dir='ltr'><strong>Μὴ</strong></span> <span class='ocrx_word' id='word_1_762' title='bbox 2569 4707 2862 4778; x_wconf 87' lang='grc' dir='ltr'>νομίσωσιν</span> <span class='ocrx_word' id='word_1_763' title='bbox 2897 4703 3180 4774; x_wconf 71' lang='grc' dir='ltr'>αἱρετικοὶ,</span> <span class='ocrx_word' id='word_1_764' title='bbox 3220 4702 3302 4754; x_wconf 84' lang='grc' dir='ltr'>ὅτι</span> <span class='ocrx_word' id='word_1_765' title='bbox 3337 4699 3413 4770; x_wconf 78' lang='grc' dir='ltr'>τῷ</span> <span class='ocrx_word' id='word_1_766' title='bbox 3445 4699 3564 4769; x_wconf 85' lang='grc' dir='ltr'><strong>Θεῷ</strong></span> <span class='ocrx_word' id='word_1_767' title='bbox 3591 4699 3850 4770; x_wconf 69' lang='grc' dir='ltr'><strong>χαρίσον⁴</strong></span> 
     </span>
    </p>
   </div>
   <div class='ocr_carea' id='block_1_96' title="bbox 569 4791 2154 4880">
    <p class='ocr_par' dir='ltr' id='par_1_96' title="bbox 569 4791 2154 4880">
     <span class='ocr_line' id='line_1_96' title="bbox 569 4791 2154 4880; baseline -0.012 -16"><span class='ocrx_word' id='word_1_768' title='bbox 569 4823 757 4866; x_wconf 89' lang='lat' dir='ltr'><strong>rerum</strong></span> <span class='ocrx_word' id='word_1_769' title='bbox 805 4815 1186 4880; x_wconf 87' lang='lat' dir='ltr'><strong>argumentum</strong></span> <span class='ocrx_word' id='word_1_770' title='bbox 1235 4819 1306 4858; x_wconf 90' lang='lat' dir='ltr'><strong>ex</strong></span> <span class='ocrx_word' id='word_1_771' title='bbox 1368 4803 1547 4859; x_wconf 79' lang='lat' dir='ltr'><strong>Veteri</strong></span> <span class='ocrx_word' id='word_1_772' title='bbox 1604 4799 1911 4869; x_wconf 85' lang='lat' dir='ltr'><strong>Scriptura.</strong></span> <span class='ocrx_word' id='word_1_773' title='bbox 1981 4791 2154 4849; x_wconf 84' lang='lat' dir='ltr'><strong>Amici</strong></span> 
     </span>
    </p>
   </div>
   <div class='ocr_carea' id='block_1_97' title="bbox 570 4909 2156 4996">
    <p class='ocr_par' dir='ltr' id='par_1_97' title="bbox 570 4909 2156 4996">
     <span class='ocr_line' id='line_1_97' title="bbox 570 4909 2156 4996; baseline -0.016 -13"><span class='ocrx_word' id='word_1_774' title='bbox 570 4925 696 4990; x_wconf 81' lang='lat' dir='ltr'><strong>Job,</strong></span> <span class='ocrx_word' id='word_1_775' title='bbox 719 4925 812 4996; x_wconf 89' lang='lat' dir='ltr'><strong>qui</strong></span> <span class='ocrx_word' id='word_1_776' title='bbox 851 4928 1116 4978; x_wconf 85' lang='lat' dir='ltr'><strong>venerant</strong></span> <span class='ocrx_word' id='word_1_777' title='bbox 1145 4919 1214 4974; x_wconf 86' lang='lat' dir='ltr'><strong>ad</strong></span> <span class='ocrx_word' id='word_1_778' title='bbox 1259 4915 1691 4973; x_wconf 83' lang='lat' dir='ltr'><strong>consolationem</strong></span> <span class='ocrx_word' id='word_1_779' title='bbox 1721 4910 1864 4980; x_wconf 88' lang='lat' dir='ltr'><strong>ejus,</strong></span> <span class='ocrx_word' id='word_1_780' title='bbox 1903 4909 2156 4976; x_wconf 86' lang='lat' dir='ltr'><strong>increpa-</strong></span> 
     </span>
    </p>
   </div>
   <div class='ocr_carea' id='block_1_98' title="bbox 573 4998 2153 5084">
    <p class='ocr_par' dir='ltr' id='par_1_98' title="bbox 573 4998 2153 5084">
     <span class='ocr_line' id='line_1_98' title="bbox 573 4998 2153 5084; baseline -0.017 -10"><span class='ocrx_word' id='word_1_781' title='bbox 573 5020 708 5075; x_wconf 87' lang='lat' dir='ltr'><strong>bant</strong></span> <span class='ocrx_word' id='word_1_782' title='bbox 733 5030 884 5080; x_wconf 90' lang='lat' dir='ltr'><strong>eum,</strong></span> <span class='ocrx_word' id='word_1_783' title='bbox 917 5013 1075 5084; x_wconf 80' lang='lat' dir='ltr'><strong>quasi</strong></span> <span class='ocrx_word' id='word_1_784' title='bbox 1102 5009 1393 5066; x_wconf 86' lang='lat' dir='ltr'><strong>temeraria</strong></span> <span class='ocrx_word' id='word_1_785' title='bbox 1428 5007 1766 5074; x_wconf 87' lang='lat' dir='ltr'><strong>loqueretur,</strong></span> <span class='ocrx_word' id='word_1_786' title='bbox 1805 5007 1860 5053; x_wconf 92' lang='lat' dir='ltr'><strong>et</strong></span> <span class='ocrx_word' id='word_1_787' title='bbox 1885 4998 2153 5068; x_wconf 85' lang='lat' dir='ltr'><strong>justitica-</strong></span> 
     </span>
    </p>
   </div>
   <div class='ocr_carea' id='block_1_99' title="bbox 572 5086 2156 5172">
    <p class='ocr_par' dir='ltr' id='par_1_99' title="bbox 572 5086 2156 5172">
     <span class='ocr_line' id='line_1_99' title="bbox 572 5086 2156 5172; baseline -0.017 -6"><span class='ocrx_word' id='word_1_788' title='bbox 572 5111 706 5166; x_wconf 86' lang='lat' dir='ltr'><strong>bant</strong></span> <span class='ocrx_word' id='word_1_789' title='bbox 735 5107 928 5172; x_wconf 89' lang='lat' dir='ltr'><strong>Deum,</strong></span> <span class='ocrx_word' id='word_1_790' title='bbox 959 5104 1062 5161; x_wconf 83' lang='lat' dir='ltr'><strong>Job</strong></span> <span class='ocrx_word' id='word_1_791' title='bbox 1102 5113 1282 5157; x_wconf 82' lang='lat' dir='ltr'><strong>autem</strong></span> <span class='ocrx_word' id='word_1_792' title='bbox 1319 5097 1535 5154; x_wconf 85' lang='lat' dir='ltr'><strong>dicebat</strong></span> <span class='ocrx_word' id='word_1_793' title='bbox 1565 5093 1677 5148; x_wconf 90' lang='lat' dir='ltr'><strong>Deo</strong></span> <span class='ocrx_word' id='word_1_794' title='bbox 1713 5111 1728 5148; x_wconf 86' lang='lat'>:</span> <span class='ocrx_word' id='word_1_795' title='bbox 1773 5109 1792 5142; x_wconf 85' lang='grc'>‹</span> <span class='ocrx_word' id='word_1_796' title='bbox 1839 5087 1974 5155; x_wconf 84' lang='lat' dir='ltr'><strong>Quis</strong></span> <span class='ocrx_word' id='word_1_797' title='bbox 2003 5086 2156 5141; x_wconf 87' lang='lat' dir='ltr'><strong>dabit</strong></span> 
     </span>
    </p>
   </div>
   <div class='ocr_carea' id='block_1_100' title="bbox 575 5177 2155 5276">
    <p class='ocr_par' dir='ltr' id='par_1_100' title="bbox 575 5177 2155 5276">
     <span class='ocr_line' id='line_1_100' title="bbox 575 5177 2155 5276; baseline -0.018 -17"><span class='ocrx_word' id='word_1_798' title='bbox 575 5203 817 5276; x_wconf 87' lang='lat' dir='ltr'><strong>judicem</strong></span> <span class='ocrx_word' id='word_1_799' title='bbox 871 5199 1017 5254; x_wconf 87' lang='lat' dir='ltr'><strong>inter</strong></span> <span class='ocrx_word' id='word_1_800' title='bbox 1053 5210 1147 5252; x_wconf 82' lang='lat' dir='ltr'><strong>.ue</strong></span> <span class='ocrx_word' id='word_1_801' title='bbox 1185 5201 1242 5249; x_wconf 88' lang='lat' dir='ltr'><strong>et</strong></span> <span class='ocrx_word' id='word_1_802' title='bbox 1275 5201 1348 5255; x_wconf 91' lang='lat' dir='ltr'><strong>te,</strong></span> <span class='ocrx_word' id='word_1_803' title='bbox 1388 5199 1450 5244; x_wconf 88' lang='lat' dir='ltr'><strong>ut</strong></span> <span class='ocrx_word' id='word_1_804' title='bbox 1477 5185 1715 5250; x_wconf 88' lang='lat' dir='ltr'><strong>videam,</strong></span> <span class='ocrx_word' id='word_1_805' title='bbox 1741 5191 1876 5254; x_wconf 89' lang='lat' dir='ltr'><strong>quot</strong></span> <span class='ocrx_word' id='word_1_806' title='bbox 1905 5179 2018 5236; x_wconf 90' lang='lat' dir='ltr'><strong>sint</strong></span> <span class='ocrx_word' id='word_1_807' title='bbox 2048 5177 2155 5232; x_wconf 87' lang='lat' dir='ltr'><strong>ini-</strong></span> 
     </span>
    </p>
   </div>
   <div class='ocr_carea' id='block_1_101' title="bbox 2257 4791 3852 4876">
    <p class='ocr_par' dir='ltr' id='par_1_101' title="bbox 2257 4791 3852 4876">
     <span class='ocr_line' id='line_1_101' title="bbox 2257 4791 3852 4876; baseline -0.011 -15"><span class='ocrx_word' id='word_1_808' title='bbox 2257 4824 2348 4860; x_wconf 82' lang='grc' dir='ltr'><strong>ται</strong></span> <span class='ocrx_word' id='word_1_809' title='bbox 2383 4805 2604 4876; x_wconf 79' lang='grc' dir='ltr'>μείζονα</span> <span class='ocrx_word' id='word_1_810' title='bbox 2639 4802 2799 4856; x_wconf 77' lang='grc' dir='ltr'>αὑτὸν</span> <span class='ocrx_word' id='word_1_811' title='bbox 2835 4799 3084 4868; x_wconf 82' lang='grc' dir='ltr'>λέγοντες</span> <span class='ocrx_word' id='word_1_812' title='bbox 3129 4795 3220 4848; x_wconf 78' lang='grc' dir='ltr'>τοῦ</span> <span class='ocrx_word' id='word_1_813' title='bbox 3268 4793 3395 4847; x_wconf 86' lang='grc' dir='ltr'><strong>Υίοῦ</strong></span> <span class='ocrx_word' id='word_1_814' title='bbox 3435 4793 3619 4848; x_wconf 78' lang='grc' dir='ltr'>αὐτοῦ.</span> <span class='ocrx_word' id='word_1_815' title='bbox 3649 4793 3726 4845; x_wconf 81' lang='grc' dir='ltr'>Ού</span> <span class='ocrx_word' id='word_1_816' title='bbox 3759 4791 3852 4844; x_wconf 86' lang='grc' dir='ltr'><strong>δέ-</strong></span> 
     </span>
    </p>
   </div>
   <div class='ocr_carea' id='block_1_102' title="bbox 2260 4884 3853 4970">
    <p class='ocr_par' dir='ltr' id='par_1_102' title="bbox 2260 4884 3853 4970">
     <span class='ocr_line' id='line_1_102' title="bbox 2260 4884 3853 4970; baseline -0.009 -18"><span class='ocrx_word' id='word_1_817' title='bbox 2260 4916 2410 4970; x_wconf 88' lang='grc' dir='ltr'>χεται</span> <span class='ocrx_word' id='word_1_818' title='bbox 2433 4897 2600 4968; x_wconf 78' lang='grc' dir='ltr'>τιμὴν</span> <span class='ocrx_word' id='word_1_819' title='bbox 2635 4896 2735 4966; x_wconf 82' lang='grc' dir='ltr'><strong>τὴν</strong></span> <span class='ocrx_word' id='word_1_820' title='bbox 2763 4895 2843 4956; x_wconf 87' lang='grc' dir='ltr'><strong>είς</strong></span> <span class='ocrx_word' id='word_1_821' title='bbox 2875 4891 3064 4944; x_wconf 80' lang='grc' dir='ltr'>ἑαυτὸν</span> <span class='ocrx_word' id='word_1_822' title='bbox 3093 4893 3122 4943; x_wconf 87' lang='grc' dir='ltr'><strong>ό</strong></span> <span class='ocrx_word' id='word_1_823' title='bbox 3161 4888 3368 4960; x_wconf 74' lang='grc' dir='ltr'>Πατὴρ,</span> <span class='ocrx_word' id='word_1_824' title='bbox 3399 4887 3491 4940; x_wconf 82' lang='grc' dir='ltr'>τοῦ</span> <span class='ocrx_word' id='word_1_825' title='bbox 3523 4885 3654 4940; x_wconf 82' lang='grc' dir='ltr'>Υίοῦ</span> <span class='ocrx_word' id='word_1_826' title='bbox 3678 4884 3853 4940; x_wconf 74' lang='grc' dir='ltr'>αὑτοῦ</span> 
     </span>
    </p>
   </div>
   <div class='ocr_carea' id='block_1_103' title="bbox 2261 4977 3856 5064">
    <p class='ocr_par' dir='ltr' id='par_1_103' title="bbox 2261 4977 3856 5064">
     <span class='ocr_line' id='line_1_103' title="bbox 2261 4977 3856 5064; baseline -0.008 -19"><span class='ocrx_word' id='word_1_827' title='bbox 2261 4991 2638 5064; x_wconf 78' lang='grc' dir='ltr'>ὑϐριζομένου.</span> <span class='ocrx_word' id='word_1_828' title='bbox 2672 4987 2782 5042; x_wconf 75' lang='grc' dir='ltr'>Καὶ</span> <span class='ocrx_word' id='word_1_829' title='bbox 2815 4985 2980 5056; x_wconf 80' lang='grc' dir='ltr'>βλέπε</span> <span class='ocrx_word' id='word_1_830' title='bbox 3013 4980 3350 5052; x_wconf 85' lang='grc' dir='ltr'>πραγμάτων</span> <span class='ocrx_word' id='word_1_831' title='bbox 3379 4977 3649 5045; x_wconf 79' lang='grc' dir='ltr'>ἀπόδειξιν</span> <span class='ocrx_word' id='word_1_832' title='bbox 3687 4979 3856 5050; x_wconf 85' lang='grc' dir='ltr'>ἐναρ-</span> 
     </span>
    </p>
   </div>
   <div class='ocr_carea' id='block_1_104' title="bbox 2257 5063 3858 5153">
    <p class='ocr_par' dir='ltr' id='par_1_104' title="bbox 2257 5063 3858 5153">
     <span class='ocr_line' id='line_1_104' title="bbox 2257 5063 3858 5153; baseline -0.022 -3"><span class='ocrx_word' id='word_1_833' title='bbox 2257 5063 2343 5153; x_wconf 23' lang='grc' dir='ltr'>γῆί</span> <span class='ocrx_word' id='word_1_834' title='bbox 2383 5082 2450 5134; x_wconf 81' lang='grc' dir='ltr'>ὲκ</span> <span class='ocrx_word' id='word_1_835' title='bbox 2492 5079 2594 5150; x_wconf 80' lang='grc' dir='ltr'><strong>τῆς</strong></span> <span class='ocrx_word' id='word_1_836' title='bbox 2631 5075 2868 5138; x_wconf 78' lang='grc' dir='ltr'>παλαιᾶς</span> <span class='ocrx_word' id='word_1_837' title='bbox 2907 5070 3248 5142; x_wconf 82' lang='grc' dir='ltr'>Γραφῆς.·οἱ</span> <span class='ocrx_word' id='word_1_838' title='bbox 3282 5067 3425 5137; x_wconf 79' lang='grc' dir='ltr'>φίλοι</span> <span class='ocrx_word' id='word_1_839' title='bbox 3468 5065 3562 5120; x_wconf 83' lang='grc' dir='ltr'>τοῦ</span> <span class='ocrx_word' id='word_1_840' title='bbox 3611 5063 3772 5126; x_wconf 81' lang='grc' dir='ltr'><strong>Ἰὼϐ,</strong></span> <span class='ocrx_word' id='word_1_841' title='bbox 3801 5063 3858 5117; x_wconf 87' lang='grc' dir='ltr'><strong>οι</strong></span> 
     </span>
    </p>
   </div>
   <div class='ocr_carea' id='block_1_105' title="bbox 2259 5157 3862 5240">
    <p class='ocr_par' dir='ltr' id='par_1_105' title="bbox 2259 5157 3862 5240">
     <span class='ocr_line' id='line_1_105' title="bbox 2259 5157 3862 5240; baseline -0.012 -12"><span class='ocrx_word' id='word_1_842' title='bbox 2259 5170 2502 5235; x_wconf 81' lang='grc' dir='ltr'>ἐλθόντες</span> <span class='ocrx_word' id='word_1_843' title='bbox 2531 5173 2608 5232; x_wconf 74' lang='grc' dir='ltr'><strong>εἰς</strong></span> <span class='ocrx_word' id='word_1_844' title='bbox 2641 5164 3017 5240; x_wconf 80' lang='grc' dir='ltr'>παραμυθίαν,</span> <span class='ocrx_word' id='word_1_845' title='bbox 3055 5161 3340 5217; x_wconf 78' lang='grc' dir='ltr'>ἐνεκάλουν</span> <span class='ocrx_word' id='word_1_846' title='bbox 3370 5159 3539 5230; x_wconf 77' lang='grc' dir='ltr'>αὐτῷ,</span> <span class='ocrx_word' id='word_1_847' title='bbox 3573 5158 3651 5222; x_wconf 85' lang='grc' dir='ltr'>ὡς</span> <span class='ocrx_word' id='word_1_848' title='bbox 3681 5157 3862 5227; x_wconf 74' lang='grc' dir='ltr'>φθεγ-</span> 
     </span>
    </p>
   </div>
   <div class='ocr_carea' id='block_1_106' title="bbox 647 5310 2132 5420">
    <p class='ocr_par' dir='ltr' id='par_1_106' title="bbox 647 5332 2132 5420">
     <span class='ocr_line' id='line_1_106' title="bbox 647 5332 2132 5420; baseline -0.021 -4"><span class='ocrx_word' id='word_1_849' title='bbox 647 5359 692 5393; x_wconf 78' lang='grc'><strong>⁶⁸</strong></span> <span class='ocrx_word' id='word_1_850' title='bbox 731 5355 904 5416; x_wconf 88' lang='lat' dir='ltr'><strong>Exod.</strong></span> <span class='ocrx_word' id='word_1_851' title='bbox 938 5371 1032 5420; x_wconf 87' lang='lat' dir='ltr'><strong>xv,</strong></span> <span class='ocrx_word' id='word_1_852' title='bbox 1073 5353 1130 5408; x_wconf 78' lang='grc'>2.</span> <span class='ocrx_word' id='word_1_853' title='bbox 1181 5351 1230 5382; x_wconf 78' lang='grc'>⁶¹</span> <span class='ocrx_word' id='word_1_854' title='bbox 1269 5346 1471 5418; x_wconf 78' lang='lat' dir='ltr'><strong>Eplies.</strong></span> <span class='ocrx_word' id='word_1_855' title='bbox 1511 5359 1584 5408; x_wconf 83' lang='lat' dir='ltr'><strong>tv,</strong></span> <span class='ocrx_word' id='word_1_856' title='bbox 1621 5341 1675 5396; x_wconf 82' lang='lat'><strong>5.</strong></span> <span class='ocrx_word' id='word_1_857' title='bbox 1752 5335 1799 5370; x_wconf 84' lang='grc'><strong>⁸³</strong></span> <span class='ocrx_word' id='word_1_858' title='bbox 1837 5335 1945 5391; x_wconf 88' lang='lat' dir='ltr'><strong>lsa.</strong></span> <span class='ocrx_word' id='word_1_859' title='bbox 1981 5349 2034 5388; x_wconf 89' lang='lat' dir='ltr'><strong>vI</strong></span> <span class='ocrx_word' id='word_1_860' title='bbox 2059 5373 2074 5397; x_wconf 91' lang='lat'><strong>,</strong></span> <span class='ocrx_word' id='word_1_861' title='bbox 2109 5332 2132 5386; x_wconf 70' lang='grc' dir='ltr'>Ξ</span> 
     </span>
    </p>
   </div>
   <div class='ocr_carea' id='block_1_107' title="bbox 2237 5310 3860 5420">
    <p class='ocr_par' dir='ltr' id='par_1_107' title="bbox 2242 5310 3860 5388">
     <span class='ocr_line' id='line_1_107' title="bbox 2242 5310 3860 5388; baseline -0.01 -7"><span class='ocrx_word' id='word_1_862' title='bbox 2242 5329 2289 5362; x_wconf 68' lang='grc'>⁸⁸</span> <span class='ocrx_word' id='word_1_863' title='bbox 2329 5325 2520 5381; x_wconf 81' lang='lat' dir='ltr'><strong>Matth.</strong></span> <span class='ocrx_word' id='word_1_864' title='bbox 2557 5340 2646 5388; x_wconf 84' lang='lat' dir='ltr'><strong>vi,</strong></span> <span class='ocrx_word' id='word_1_865' title='bbox 2679 5321 2771 5376; x_wconf 71' lang='grc'><strong>24.</strong></span> <span class='ocrx_word' id='word_1_866' title='bbox 2849 5321 2894 5353; x_wconf 72' lang='grc'><strong>⁸⁸</strong></span> <span class='ocrx_word' id='word_1_867' title='bbox 2931 5317 3091 5374; x_wconf 79' lang='lat' dir='ltr'><strong>Joan.</strong></span> <span class='ocrx_word' id='word_1_868' title='bbox 3125 5334 3180 5384; x_wconf 89' lang='lat' dir='ltr'><strong>v,</strong></span> <span class='ocrx_word' id='word_1_869' title='bbox 3211 5317 3300 5372; x_wconf 66' lang='lat'><strong>25.</strong></span> <span class='ocrx_word' id='word_1_870' title='bbox 3376 5316 3422 5348; x_wconf 84' lang='lat'><strong>“</strong></span> <span class='ocrx_word' id='word_1_871' title='bbox 3459 5310 3616 5370; x_wconf 65' lang='lat' dir='ltr'><strong>Joan.</strong></span> <span class='ocrx_word' id='word_1_872' title='bbox 3657 5311 3860 5372; x_wconf 57' lang='lat'><strong>101.23.</strong></span> 
     </span>
    </p>
   </div>
   <div class='ocr_carea' id='block_1_108' title="bbox 655 5514 2151 5611">
    <p class='ocr_par' dir='ltr' id='par_1_108' title="bbox 655 5514 2151 5611">
     <span class='ocr_line' id='line_1_108' title="bbox 655 5514 2151 5611; baseline -0.021 -14"><span class='ocrx_word' id='word_1_873' title='bbox 655 5539 764 5611; x_wconf 70' lang='lat'><strong>{&#39;56)</strong></span> <span class='ocrx_word' id='word_1_874' title='bbox 801 5539 949 5611; x_wconf 62' lang='lat' dir='ltr'><strong>Haec</strong></span> <span class='ocrx_word' id='word_1_875' title='bbox 972 5537 1047 5592; x_wconf 85' lang='lat' dir='ltr'><strong>ita</strong></span> <span class='ocrx_word' id='word_1_876' title='bbox 1079 5533 1437 5611; x_wconf 52' lang='lat' dir='ltr'><strong>restituimus</strong></span> <span class='ocrx_word' id='word_1_877' title='bbox 1475 5514 2151 5611; x_wconf 36' lang='lat' dir='ltr'><strong>exuliasilie‘nsifthyati-</strong></span> 
     </span>
    </p>
   </div>
   <div class='ocr_carea' id='block_1_109' title="bbox 580 5585 2156 5667">
    <p class='ocr_par' dir='ltr' id='par_1_109' title="bbox 580 5585 2156 5667">
     <span class='ocr_line' id='line_1_109' title="bbox 580 5585 2156 5667; baseline -0.02 0"><span class='ocrx_word' id='word_1_878' title='bbox 580 5585 1413 5667; x_wconf 34' lang='lat' dir='ltr'><strong>caimle-amvinvcdit.‘totum.</strong></span> <span class='ocrx_word' id='word_1_879' title='bbox 1443 5599 1634 5653; x_wconf 84' lang='lat' dir='ltr'><strong>mutila</strong></span> <span class='ocrx_word' id='word_1_880' title='bbox 1665 5601 1854 5667; x_wconf 86' lang='lat' dir='ltr'><strong>era_nt,_</strong></span> <span class='ocrx_word' id='word_1_881' title='bbox 1874 5596 1930 5643; x_wconf 88' lang='lat' dir='ltr'><strong>et</strong></span> <span class='ocrx_word' id='word_1_882' title='bbox 1961 5588 2016 5666; x_wconf 74' lang='lat' dir='ltr'><strong>in</strong></span> <span class='ocrx_word' id='word_1_883' title='bbox 2036 5585 2156 5667; x_wconf 37' lang='lat' dir='ltr'><strong>:An-</strong></span> 
     </span>
    </p>
   </div>
   <div class='ocr_carea' id='block_1_110' title="bbox 583 5657 2158 5748">
    <p class='ocr_par' dir='ltr' id='par_1_110' title="bbox 583 5657 2158 5748">
     <span class='ocr_line' id='line_1_110' title="bbox 583 5657 2158 5748; baseline -0.018 -12"><span class='ocrx_word' id='word_1_884' title='bbox 761 5657 1175 5748; x_wconf 53' lang='lat' dir='ltr'><strong>.‘liféiii&#39;ééciiiu&#39;s</strong></span> <span class='ocrx_word' id='word_1_885' title='bbox 1194 5683 1275 5728; x_wconf 89' lang='lat' dir='ltr'><strong>cst</strong></span> <span class='ocrx_word' id='word_1_886' title='bbox 1303 5671 1568 5748; x_wconf 53' lang='lat' dir='ltr'><strong>Ninnius.</strong></span> <span class='ocrx_word' id='word_1_887' title='bbox 1598 5680 1719 5748; x_wconf 64' lang='lat' dir='ltr'><strong>qua:</strong></span> <span class='ocrx_word' id='word_1_888' title='bbox 1743 5661 1810 5716; x_wconf 90' lang='lat' dir='ltr'><strong>de</strong></span> <span class='ocrx_word' id='word_1_889' title='bbox 1839 5657 2158 5748; x_wconf 74' lang='lat' dir='ltr'><strong>hominibus</strong></span> 
     </span>
    </p>
   </div>
   <div class='ocr_carea' id='block_1_111' title="bbox 583 5733 2160 5817">
    <p class='ocr_par' dir='ltr' id='par_1_111' title="bbox 583 5733 2160 5817">
     <span class='ocr_line' id='line_1_111' title="bbox 583 5733 2160 5817; baseline 0.019 -37"><span class='ocrx_word' id='word_1_890' title='bbox 583 5733 842 5806; x_wconf 50' lang='grc' dir='ltr'><strong>δίλ.,ίξιιὶιιι</strong></span> <span class='ocrx_word' id='word_1_891' title='bbox 876 5747 1167 5817; x_wconf 59' lang='grc' dir='ltr'>ριτυροεὶιιι</span> <span class='ocrx_word' id='word_1_892' title='bbox 1201 5749 1330 5798; x_wconf 86' lang='lat' dir='ltr'><strong>sunt</strong></span> <span class='ocrx_word' id='word_1_893' title='bbox 1365 5741 1432 5796; x_wconf 87' lang='lat' dir='ltr'><strong>iis</strong></span> <span class='ocrx_word' id='word_1_894' title='bbox 1475 5752 1596 5810; x_wconf 78' lang='lat' dir='ltr'><strong>qua:</strong></span> <span class='ocrx_word' id='word_1_895' title='bbox 1617 5733 1712 5791; x_wconf 42' lang='lat'><strong>116</strong></span> <span class='ocrx_word' id='word_1_896' title='bbox 1753 5745 1920 5800; x_wconf 75' lang='grc' dir='ltr'>θίιυυ»</span> <span class='ocrx_word' id='word_1_897' title='bbox 1968 5733 2160 5781; x_wconf 62' lang='lat' dir='ltr'><strong>comm</strong></span> 
     </span>
    </p>
   </div>
   <div class='ocr_carea' id='block_1_112' title="bbox 587 5817 1136 5890">
    <p class='ocr_par' dir='ltr' id='par_1_112' title="bbox 587 5817 1136 5890">
     <span class='ocr_line' id='line_1_112' title="bbox 587 5817 1136 5890; baseline -0.015 -14"><span class='ocrx_word' id='word_1_898' title='bbox 587 5821 886 5890; x_wconf 73' lang='lat' dir='ltr'><strong>Scriptura:</strong></span> <span class='ocrx_word' id='word_1_899' title='bbox 917 5817 1136 5872; x_wconf 84' lang='lat' dir='ltr'><strong>seriem.</strong></span> 
     </span>
    </p>
   </div>
   <div class='ocr_carea' id='block_1_113' title="bbox 2335 5499 3866 5580">
    <p class='ocr_par' dir='ltr' id='par_1_113' title="bbox 2335 5499 3866 5580">
     <span class='ocr_line' id='line_1_113' title="bbox 2335 5499 3866 5580; baseline -0.01 -14"><span class='ocrx_word' id='word_1_900' title='bbox 2335 5509 2451 5580; x_wconf 73' lang='lat'><strong>(5&#39;7)</strong></span> <span class='ocrx_word' id='word_1_901' title='bbox 2493 5507 2592 5580; x_wconf 17' lang='lat' dir='ltr'><strong>Sic,</strong></span> <span class='ocrx_word' id='word_1_902' title='bbox 2633 5506 2935 5580; x_wconf 75' lang='lat' dir='ltr'><strong>Vaticanus</strong></span> <span class='ocrx_word' id='word_1_903' title='bbox 2987 5512 3041 5560; x_wconf 91' lang='lat' dir='ltr'><strong>et</strong></span> <span class='ocrx_word' id='word_1_904' title='bbox 3078 5502 3233 5580; x_wconf 73' lang='lat' dir='ltr'><strong>editi.</strong></span> <span class='ocrx_word' id='word_1_905' title='bbox 3274 5499 3598 5580; x_wconf 68' lang='lat' dir='ltr'><strong>Basiliensis</strong></span> <span class='ocrx_word' id='word_1_906' title='bbox 3631 5512 3766 5578; x_wconf 72' lang='lat' dir='ltr'><strong>vero</strong></span> <span class='ocrx_word' id='word_1_907' title='bbox 3802 5502 3866 5551; x_wconf 87' lang='lat' dir='ltr'><strong>et</strong></span> 
     </span>
    </p>
   </div>
   <div class='ocr_carea' id='block_1_114' title="bbox 2262 5568 3868 5651">
    <p class='ocr_par' dir='ltr' id='par_1_114' title="bbox 2262 5568 3868 5651">
     <span class='ocr_line' id='line_1_114' title="bbox 2262 5568 3868 5651; baseline -0.008 -16"><span class='ocrx_word' id='word_1_908' title='bbox 2262 5568 2500 5651; x_wconf 48' lang='lat' dir='ltr'><strong>Anglic&quot;</strong></span> <span class='ocrx_word' id='word_1_909' title='bbox 2531 5579 2611 5651; x_wconf 70' lang='grc' dir='ltr'><strong>διὸ</strong></span> <span class='ocrx_word' id='word_1_910' title='bbox 2649 5579 2744 5651; x_wconf 73' lang='grc' dir='ltr'><strong>καὶ</strong></span> <span class='ocrx_word' id='word_1_911' title='bbox 2773 5577 3050 5651; x_wconf 75' lang='grc' dir='ltr'>ᾅνθρωποι</span> <span class='ocrx_word' id='word_1_912' title='bbox 3078 5573 3343 5651; x_wconf 75' lang='grc' dir='ltr'>λέγονται.</span> <span class='ocrx_word' id='word_1_913' title='bbox 3379 5568 3731 5649; x_wconf 81' lang='lat' dir='ltr'><strong>Felckmanui</strong></span> <span class='ocrx_word' id='word_1_914' title='bbox 3767 5582 3868 5623; x_wconf 76' lang='lat' dir='ltr'><strong>se-</strong></span> 
     </span>
    </p>
   </div>
   <div class='ocr_carea' id='block_1_115' title="bbox 2265 5641 3867 5719">
    <p class='ocr_par' dir='ltr' id='par_1_115' title="bbox 2265 5641 3867 5719">
     <span class='ocr_line' id='line_1_115' title="bbox 2265 5641 3867 5719; baseline -0.008 -12"><span class='ocrx_word' id='word_1_915' title='bbox 2265 5641 2500 5712; x_wconf 60' lang='lat' dir='ltr'><strong>cundus,</strong></span> <span class='ocrx_word' id='word_1_916' title='bbox 2523 5650 2604 5703; x_wconf 83' lang='grc' dir='ltr'><strong>διὸ</strong></span> <span class='ocrx_word' id='word_1_917' title='bbox 2640 5650 2735 5702; x_wconf 77' lang='grc' dir='ltr'>καὶ</span> <span class='ocrx_word' id='word_1_918' title='bbox 2765 5641 3041 5719; x_wconf 76' lang='grc' dir='ltr'>ἄνθρωποι</span> <span class='ocrx_word' id='word_1_919' title='bbox 3073 5643 3134 5696; x_wconf 83' lang='grc' dir='ltr'><strong>οὐ</strong></span> <span class='ocrx_word' id='word_1_920' title='bbox 3163 5641 3429 5710; x_wconf 75' lang='grc' dir='ltr'>λέγονται,</span> <span class='ocrx_word' id='word_1_921' title='bbox 3455 5641 3665 5696; x_wconf 85' lang='lat' dir='ltr'><strong>omissa</strong></span> <span class='ocrx_word' id='word_1_922' title='bbox 3693 5651 3867 5704; x_wconf 79' lang='lat' dir='ltr'><strong>voce,</strong></span> 
     </span>
    </p>
   </div>
   <div class='ocr_carea' id='block_1_116' title="bbox 2273 5720 3309 5796">
    <p class='ocr_par' dir='ltr' id='par_1_116' title="bbox 2273 5720 3309 5796">
     <span class='ocr_line' id='line_1_116' title="bbox 2273 5720 3309 5796; baseline -0.009 -20"><span class='ocrx_word' id='word_1_923' title='bbox 2273 5722 2530 5796; x_wconf 79' lang='grc' dir='ltr'>μέροπες,</span> <span class='ocrx_word' id='word_1_924' title='bbox 2560 5736 2680 5791; x_wconf 83' lang='lat' dir='ltr'><strong>quae</strong></span> <span class='ocrx_word' id='word_1_925' title='bbox 2705 5728 2890 5774; x_wconf 84' lang='lat' dir='ltr'><strong>tamen</strong></span> <span class='ocrx_word' id='word_1_926' title='bbox 2919 5729 3174 5786; x_wconf 81' lang='lat' dir='ltr'><strong>germana</strong></span> <span class='ocrx_word' id='word_1_927' title='bbox 3206 5720 3309 5767; x_wconf 84' lang='lat' dir='ltr'><strong>est.</strong></span> 
     </span>
    </p>
   </div>
  </div>
