4048 6406
267 266 318 313 tt
1004 259 1088 312 DE
1125 258 1445 316 COMMUNI
1484 260 1822 317 ESSENTIA
1857 261 1865 316 i

1940 257 2111 315 .TRlS
2142 257 2233 313 ΕΤ
2266 257 2427 313 ιτιιιι
2457 258 2547 313 ET
2586 258 2758 313 SPIR.
2801 257 2860 313 S.
3462 257 3538 312 43

263 368 467 439 γομένῳ
519 371 830 444 τολμηρὰ,
877 374 968 428 καὶ
1015 375 1284 429 ἐδικαίουν
1324 376 1415 429 τὸν
1461 375 1612 430 Θεόν.
1654 378 1712 430 '0
1749 376 1861 430 Ἰὼε

1934 420 1943 437 ι
1968 375 2205 446 quitates
2229 390 2363 430 mea:
2383 393 2397 429 :
2415 375 2672 445 quoniam
2696 374 2770 427 ita
2791 387 2878 428 me
2899 371 3162 443 iudicasti
3186 370 3230 402 ⁸⁷
3256 371 3280 424 ?
3306 390 3324 422 ο
3358 370 3532 424 Amici

263 460 397 528 ἔλεγε
423 459 515 530 τῷ
544 461 688 533 Θεῷ
707 480 725 495 ο
762 482 783 515 ι
821 462 914 528 Τίς
942 462 1099 517 δώσει
1152 463 1341 536 κριτὴν
1391 464 1491 518 ἀνὰ
1540 468 1703 536 μέσον
1730 465 1861 536 ἐμοῦ

1967 477 2148 522 autem
2173 465 2278 520 Job
2301 465 2674 534 justiticabant
2717 463 2909 526 Deum,
2946 478 3070 517 cum
3109 477 3305 517 causas
3350 475 3533 517 rerum

261 552 345 605 καὶ
371 551 491 615 σοῦ,
545 554 650 607 ἴνα
700 555 802 609 ἴδω
838 556 1001 609 πόσαι
1041 556 1175 609 εἰσιν
1211 557 1267 609 αί
1307 558 1568 629 ἁμαρτίαι
1608 575 1740 628 μου,
1783 561 1859 611 ὅτι

1971 559 2183 629 ignotas
2217 558 2481 613 haberent
2516 577 2531 611 :
2563 557 2773 627 justum
2827 557 3025 613 virum.
3061 563 3121 608 ut
3153 555 3391 625 peccatis
3428 553 3531 607 ob-

262 644 417 708 οῦτως
442 662 521 714 με
546 644 798 718 ἔκρινας
822 666 838 714 ;
863 668 880 700 ι
908 650 970 702 Oi
1000 649 1140 718 φίλοι
1166 649 1257 703 τοῦ
1285 648 1406 702 ’1ὼὸ
1423 651 1745 703 ἐδικαίωσαν
1772 650 1860 704 τὸν

1969 650 2212 712 noxium,
2260 650 2720 713 condemnabam,
2779 647 3084 718 Deumque,
3141 656 3200 701 ut
3235 647 3387 716 juste
3432 646 3533 699 has

262 735 400 799 Θεὸν,
434 738 710 807 καίτοιγε
759 739 1127 811 ἀγνοουμένης
1158 742 1255 812 τῆς
1285 740 1592 805 ὑποθέσεως
1615 761 1629 772 ·
1663 742 1860 795 καὶτὸν

1965 741 2309 795 calamitates
2360 738 2719 804 inferentem,
2771 739 3171 804 collaudabaut,
3225 746 3388 808 atque
3456 738 3533 792 ita

265 831 352 901 μὲν
397 829 626 884 δίκαιον
683 832 899 902 μᾶλλον
951 833 1270 905 κατέκριναν
1317 832 1392 896 ὡς
1441 835 1863 904 ἁμαρτήσαντα·

1967 834 2301 905 respondent
2326 834 2395 887 ad
2424 833 2590 888 verba
2615 833 2717 888 Job
2747 854 2760 888 :
2792 853 2811 886 ι
2844 832 3123 904 Magnifice
3175 833 3394 888 locutus
3444 847 3530 895 es,

260 923 341 977 τὸν
382 922 440 975 δὲ
483 922 662 987 Θεὸν,
720 924 805 988 ὡς
849 924 1069 987 δικαίως
1113 925 1404 992 ἐπάγοντα,
1437 925 1736 996 ἐπῄνεσαν·
1774 925 1858 979 καῖ

1967 926 2197 980 audacia
2225 926 2496 980 sermonis
2530 926 2608 979 tui
2634 927 2856 989 eximia,
2886 927 3149 981 adversus
3172 924 3341 981 Deum
3364 925 3533 980 verba

256 1014 465 1083 λέγουσι
492 1013 583 1086 τῷ
630 1014 793 1068 Ἰὼϐ·
828 1033 847 1067 ι
887 1015 1149 1083 Μεγάλως
1189 1016 1473 1086 ὲλάλησας,
1506 1015 1854 1087 ὑπερϐαλλόν-

1969 1015 2144 1071 fecisti
2167 1014 2234 1070 ⁶⁸.
2271 1034 2290 1066 ι
2328 1014 2427 1068 Et:
2454 1033 2473 1065 (
2510 1014 2651 1069 Deus
2682 1030 2789 1068 non
2821 1015 3401 1083 confundetjustitiam
3426 1015 3526 1066 “.o

254 1123 353 1170 τως
383 1106 501 1175 (38)
541 1107 900 1178 ἐτόλμησας,
930 1107 993 1159 σὺ
1026 1105 1165 1158 κατὰ
1192 1106 1283 1159 τοῦ
1312 1104 1495 1159 ἱκανοῦ
1535 1106 1801 1178 λαλήσας·
1842 1124 1852 1155 ι

1970 1107 2209 1163 Rursum
2254 1108 2389 1162 dicit
2421 1108 2630 1162 amicus
2681 1109 2843 1177 ejus:
2882 1126 2901 1159 ‹
2949 1105 3259 1162 Secundum
3310 1113 3532 1176 peccata

253 1201 359 1265 καὶ,
379 1217 399 1250 ι
423 1200 485 1252 ὐ
508 1198 658 1262 Θεὸς
689 1198 772 1270 μὴ
802 1199 1059 1270 ταράττει
1090 1199 1150 1252 τὸ
1173 1198 1395 1252 δίκαιον.
1421 1217 1440 1249 ι
1463 1197 1573 1250 Καὶ
1604 1198 1764 1251 πάλιν
1784 1198 1851 1250 λέ·

1969 1206 2064 1253 tua
2122 1198 2305 1253 intulit
2332 1199 2453 1253 tibi.
2508 1196 2566 1253 Si
2597 1213 2705 1251 non
2740 1199 2909 1253 multa
2939 1206 3126 1254 essent
3152 1205 3371 1268 peccata
3415 1205 3530 1262 tua,

253 1308 332 1359 γει
365 1292 395 1344 ὁ
421 1291 592 1361 φίλος
636 1290 857 1343 αὐτοῦ·
900 1308 918 1343 ι
954 1289 1111 1344 Κατὰ
1158 1291 1257 1354 τὰς
1292 1290 1565 1362 ἁμαρτίας
1605 1307 1697 1344 σου
1736 1292 1851 1361 ὲπή·

1970 1306 2078 1345 non
2129 1299 2183 1345 te
2213 1291 2614 1361 ﬂagellasset”.
2640 1310 2658 1342 ι
2694 1290 2759 1345 Ει
2786 1293 3049 1361 putabant
3078 1307 3137 1347 se
3168 1290 3276 1347 Deo
3298 1290 3535 1361 patroci-

249 1382 381 1450 γαγέ
414 1397 525 1435 σοι.
579 1382 654 1434 Et
704 1380 768 1433 δὲ
822 1380 898 1451 μὴ
933 1380 1121 1434 πολλαί
1163 1397 1256 1434 σου
1302 1376 1442 1453 ἦσαν
1476 1380 1531 1434 αἱ
1578 1381 1841 1453 ἁμαρτίαι

1971 1383 2109 1446 nari,
2138 1383 2268 1437 dum
2310 1383 2520 1453 justum
2551 1383 3007 1449 condemnarent;
3055 1376 3151 1439 sed
3204 1382 3346 1437 Deus
3378 1399 3538 1436 num-

248 1474 342 1525 οὑκ
362 1472 430 1526 ἂν
462 1470 763 1542 ὲμάστιξέ
811 1488 893 1525 σε.
931 1490 950 1522 ι
982 1472 1089 1525 Καὶ
1134 1471 1349 1525 ἐδόκουν
1378 1472 1455 1543 τῷ
1493 1473 1611 1543 Θεῷ
1643 1489 1846 1544 συνηγο

1970 1473 2101 1543 quid
2156 1475 2409 1544 probavit
2460 1489 2577 1537 eos.
2616 1476 2710 1544 qui
2746 1473 2821 1527 ita
2852 1489 2949 1543 pro
2974 1489 3033 1528 se
3076 1482 3273 1544 prarter
3319 1488 3540 1543 mquum

244 1567 372 1635 ρείν.
403 1564 502 1617 τὸν
560 1563 627 1616 δὲ
667 1563 891 1618 δίκαιον
936 1563 1307 1635 κατακρίνειν·
1358 1560 1466 1636 ἆρα
1509 1565 1619 1635 (59)
1660 1567 1690 1618 ὁ
1740 1564 1842 1618 Θεδ

1969 1565 2137 1619 verba
2174 1564 2460 1620 facerent?
2491 1565 2631 1620 Num
2661 1567 2768 1622 hoc
2792 1583 2965 1637 genus
3004 1566 3295 1636 patrocinii
3321 1573 3541 1635 gratum

246 1656 457 1720 ἐδέξατο
498 1656 648 1719 τοὺς
691 1656 847 1727 ὑπὲρ
893 1653 1053 1707 αὑτοῦ
1085 1655 1337 1723 λέγοντας
1367 1655 1519 1726 παρά
1544 1656 1605 1709 τὸ
1629 1656 1832 1711 δίκαιον

1973 1657 2181 1722 habuit,
2230 1657 2545 1727 iustumque
2596 1658 2863 1714 dedecore
2895 1659 3113 1715 aﬂecit‘!
3160 1658 3537 1728 Nequaquam.

245 1742 382 1817 Ἄρα
418 1743 669 1808 ἐδέξατο
721 1744 830 1814 τὴν
870 1743 1009 1814 ὑπὲρ
1041 1742 1202 1796 αὐτοῦ
1243 1743 1589 1816 συνηγορίαν,
1623 1746 1717 1798 καὶ
1753 1746 1842 1816 ἡτί

1969 1746 2088 1801 Non
2120 1748 2285 1817 igitur
2326 1749 2563 1804 admittit
2612 1751 2714 1806 sibi
2756 1751 3044 1815 honorem,
3087 1752 3180 1821 qui
3234 1766 3357 1804 cum
3402 1750 3543 1803 indi-

242 1851 375 1904 μασε
400 1834 501 1886 τὸν
535 1833 816 1897 ὃίκαιον;
864 1832 1140 1903 Οὐδαμῶς.
1176 1833 1383 1887 Οὐκοῦν
1430 1835 1491 1887 οὐ
1526 1835 1736 1906 δέχεται
1768 1836 1840 1906 τὴ·

1969 1839 2175 1909 guitate
2198 1838 2319 1893 Filii
2354 1842 2683 1908 coniunctus
2713 1842 2803 1896 sit.
2846 1840 3140 1895 Videamus
3169 1853 3377 1903 autem,
3407 1840 3541 1910 quid

238 1927 313 1989 ei;
357 1925 575 1979 ἑαυτὸν
632 1924 839 1995 τιμὴν,
887 1924 1281 1996 ἁτιμαξομένου
1313 1925 1405 1978 τοῦ
1450 1926 1600 1980 Υἱοῦ.
1643 1929 1834 1998 Ἴδωμε

1969 1928 2116 1983 dicat
2161 1930 2354 1983 amicis
2378 1928 2500 1986 Jobi
2531 1948 2545 1983 :
2577 1950 2595 1983 ι
2636 1931 2818 1998 Quare
2844 1948 2954 1987 non
2998 1943 3148 1989 recta
3200 1935 3368 1989 locuti
3407 1935 3543 1990 estis

238 2019 291 2070 δὲ
314 2018 367 2070 τί
394 2018 564 2086 λέγει
597 2020 725 2079 τοῖς
753 2016 932 2086 φίλοις
949 2016 1041 2070 τοῦ
1058 2016 1176 2070 ’1ὡὸ
1197 2032 1209 2044 ·
1241 2018 1369 2070 «Διὰ
1384 2018 1436 2070 τί
1454 2019 1552 2072 οὐκ
1569 2018 1836 2091 ἐλαλήσατ

1970 2021 2038 2075 de
2064 2036 2224 2075 servo
2253 2023 2476 2076 meo“?
2507 2042 2526 2074 ι
2563 2022 2621 2077 Si
2645 2025 2813 2094 igitur
2833 2041 2941 2079 non
2976 2034 3123 2080 recta
3155 2025 3221 2081 de
3252 2042 3414 2081 servo
3439 2042 3543 2082 suo

234 2107 366 2179 ὀρθὰ
405 2108 555 2180 περὶ
612 2107 721 2160 τοῦ
774 2107 1105 2179 θεράποντος
1140 2126 1272 2180 μου;
1312 2130 1331 2161 ι
1368 2111 1431 2164 Εί
1460 2105 1552 2164 οὖν
1581 2113 1704 2176 τοὺς
1729 2130 1832 2167 κατ

1971 2112 2257 2183 loquentes
2280 2114 2563 2182 repudiat;
2593 2130 2663 2170 an
2711 2116 2944 2178 scilicet,
2980 2117 3071 2186 qui
3124 2127 3314 2173 contra
3354 2118 3544 2189 unige-

234 2200 325 2253 τοῦ
347 2200 727 2272 θεράποντος
770 2198 943 2252 αὐτοῦ
986 2199 1118 2271 ὀρθὰ
1149 2200 1224 2273 μὴ
1255 2201 1511 2270 λέγοντας
1538 2202 1832 2256 ἀποσείεται

1971 2204 2146 2259 nitum
2175 2203 2370 2259 Filium
2389 2222 2546 2260 suum
2576 2208 2788 2277 linguas
2806 2218 3028 2274 acuunt,
3050 2210 3310 2280 recipiet?
3337 2226 3545 2281 nequa-

235 2292 355 2355 τοὺς
383 2292 546 2346 κατὰ
582 2291 691 2345 τοῦ
722 2291 1072 2362 Μονογενοῦς
1102 2292 1408 2358 ἀκονῶντας
1445 2294 1554 2365 (40)
1581 2295 1679 2367 τὴν
1698 2294 1833 2365 γλῶι

1972 2298 2216 2368 quam.7
2234 2297 2654 2368 Indeprecabilis
2669 2303 2828 2372 igitur
2854 2317 3017 2373 poena
3036 2288 3559 2373 blasphemantibus'

235 2400 328 2439 ταν
378 2386 672 2458 δέχεται;
723 2384 1021 2456 Οὐδαμῶς.
1075 2386 1468 2458 Ἀπαραίτητος
1522 2388 1697 2441 τοίνυν
1746 2388 1832 2441 δίκ

1976 2391 2242 2461 Spiritum
2270 2400 2543 2447 sanctum.
2569 2394 2710 2448 Audi
2738 2397 2882 2449 enim
2910 2396 3040 2465 quid
3077 2395 3326 2450 Salvator
3346 2398 3493 2451 dicat
3520 2414 3537 2449 :

238 2481 338 2542 τοῖς
372 2474 810 2549 βλασφημοῦσι
849 2477 911 2528 τὸ
936 2475 1159 2547 Πνεῦμα
1187 2476 1247 2529 τὸ
1271 2477 1452 2545 ἅγιον·
1484 2478 1648 2533 ἄκουε
1671 2482 1783 2553 γὰρ
1818 2499 1836 2534 ’1

1977 2502 1996 2534 ι
2026 2480 2224 2539 Omnis
2241 2484 2579 2554 blasphemia
2609 2486 2918 2542 remittetur
2943 2527 2958 2543 .
2992 2489 3331 2558 blasphemia
3362 2501 3542 2544 autem

236 2587 390 2642 φησιν
428 2572 460 2623 ὁ
516 2568 746 2638 Σωτήρ
770 2584 785 2596 ·
826 2584 846 2619 ι
880 2567 1036 2620 Πᾶσα
1080 2566 1395 2639 βλασφημία
1436 2569 1794 2642 ἀφεθήσεται·

1638 2587 1794 2624 ιεται·
1836 2572 1870 2644 ἡ
1974 2575 2032 2630 in
2057 2575 2320 2645 Spiritum
2349 2585 2600 2631 sam-tum
2637 2593 2745 2633 non
2784 2580 3091 2635 remittetur
3116 2582 3183 2635 ⁷⁸.
3219 2601 3236 2633 ι

233 2660 286 2717 δὲ
329 2663 411 2726 εἰς
446 2662 515 2715 τὸ
566 2660 826 2731 Πνεῦμα
870 2659 934 2711 τὸ
968 2658 1120 2727 ἆγιον
1159 2659 1476 2731 βλασοημία
1523 2662 1623 2716 οὐκ
1666 2662 1871 2741 ἀφεθή-

235 2770 401 2809 σεται.
436 2774 459 2807 ι
1961 2736 1966 2763 1

370 2848 424 2903 7.
459 2849 615 2901 Ὅτι
634 2848 679 2914 ἡ
714 2844 899 2913 Τριὰς
922 2843 1283 2899 ἀποστέλλει
1310 2844 1718 2914 ἀποστόλους.

1668 2867 1718 2914 ς,
2218 2841 2275 2899 7.
2314 2842 2466 2910 Quod
2505 2842 2740 2898 Trinitas
2769 2854 3035 2909 apostotos
3071 2854 3266 2899 mutat.

296 2939 438 3010 Περὶ
472 2938 589 2991 τοῦ
632 2934 876 3007 Πατρὸς
906 2934 1088 3003 λέγει·
1121 2953 1139 2986 ι
1191 2936 1280 2988 Ἐν
1307 2936 1416 3007 γὰρ
1445 2935 1522 3007 τῷ
1550 2936 1668 3008 ὄρει
1702 2937 1863 3005 Σιὼν,

2045 2930 2121 2988 De
2158 2934 2315 2989 Patre
2345 2934 2477 2989 dicit
2510 2954 2524 2988 :
2560 2953 2579 2986 ι
2607 2933 2664 2989 In
2694 2943 2934 2991 montem
2966 2934 3098 2990 Sion
3128 2938 3306 2992 veniet
3331 2951 3546 2991 annun-

232 3027 342 3100 ἣξει
372 3033 404 3084 ὁ
432 3028 1004 3099 εὐαγγελιζόμενος,
1038 3028 1132 3081 καὶ
1155 3028 1204 3079 οἱ
1244 3026 1741 3100 εὐαγγελιζόμενοι,
1773 3028 1830 3084 οὓ

1973 3026 2139 3081 tiator
2155 3025 2454 3097 Evangelii,
2472 3034 2524 3080 et
2545 3026 2813 3095 Evangelii
2840 3028 3276 3087 annuntiatores,
3293 3043 3429 3098 quos
3449 3027 3546 3081 ad-

229 3123 488 3195 δΚῦριος
540 3118 1015 3193 προσκέκληται.
1067 3138 1085 3171 ι
1131 3121 1266 3192 Περὶ
1310 3119 1405 3174 τοῦ
1448 3120 1614 3174 Υἱοῦ·
1665 3141 1685 3174 ι
1735 3124 1827 3177 Ἰδο

1976 3118 2193 3174 vocavit
2228 3116 2492 3172 Dominus
2515 3117 2579 3171 ⁷³.
2615 3137 2633 3169 ι
2667 3117 2741 3172 De
2772 3115 2947 3173 Filio:
2981 3137 2999 3169 ι
3033 3116 3175 3173 Ecce
3221 3119 3374 3172 mitto
3425 3133 3545 3185 vos,

233 3214 565 3268 ἀποστέλλω
594 3214 792 3284 ὑμᾶς,
815 3211 896 3273 ὡς
924 3210 1193 3281 πρόϐατα,
1215 3212 1272 3264 ἐν
1296 3211 1445 3284 μέσῳ
1466 3212 1666 3267 λύκων.
1693 3233 1712 3265 ι
1734 3216 1831 3287 Πεε

1976 3211 2136 3282 quasi
2182 3224 2336 3276 oves,
2366 3210 2421 3264 in
2471 3208 2649 3264 medio
2702 3210 2950 3280 luporum
2966 3210 3034 3265 ⁷⁸.
3072 3230 3091 3262 ›
3127 3210 3203 3265 De
3239 3209 3443 3280 Spiritu
3491 3211 3547 3267 in

226 3307 316 3362 τοῦ
345 3308 709 3378 Πνεύματος
749 3306 820 3357 ἐν
855 3305 981 3366 ταῖς
1009 3303 1245 3375 Πράξεσι
1274 3303 1454 3373 λέγει·
1494 3324 1513 3356 ι
1553 3307 1617 3359 Οί
1654 3306 1752 3377 μὲν
1777 3305 1824 3361 οἰ

1975 3302 2130 3358 Actis
2173 3301 2307 3355 dicit
2345 3320 2357 3355 :
2395 3319 2413 3351 ι
2450 3298 2516 3353 Et
2558 3301 2635 3353 illi
2674 3300 2889 3370 quidem
2930 3302 3083 3355 missi
3118 3316 3149 3355 a
3180 3300 3386 3371 Spiritu
3421 3318 3548 3356 san—

227 3399 653 3463 ἁποπώὲντες
703 3396 829 3451 ὑπὸ
863 3393 960 3448 τοῦ
1013 3394 1168 3463 ἁγίου
1215 3395 1530 3467 Πνεύματος
1580 3392 1745 3469 ἦλθον
1789 3417 1816 3452 ε

1976 3403 2065 3451 cto
2103 3394 2357 3449 abierunt
2405 3391 2709 3448 Seleuciam
2729 3392 2796 3447 ⁷⁵.
2835 3411 2854 3444 ι
2891 3391 2948 3447 Si
3004 3394 3170 3464 igitur
3204 3392 3296 3449 Dei
3327 3402 3412 3451 est
3446 3411 3547 3449 vo-

229 3496 589 3550 Σελεύκειαν.
619 3512 642 3545 ι
666 3490 744 3544 ΕΞ
768 3486 964 3541 τοίνυν
992 3485 1126 3539 Θεοῦ
1151 3487 1212 3540 τὸ
1242 3489 1682 3560 προσκαλεῖσθαι,
1710 3490 1827 3544 διὰι

1976 3503 2124 3552 care,
2169 3501 2270 3540 cur
2313 3485 2547 3553 Spiritus
2582 3498 2677 3553 per
2705 3483 2998 3553 prephetas
3032 3486 3153 3540 ait:
3190 3504 3209 3537 ι
3253 3484 3374 3540 Haec
3416 3486 3548 3539 dicit

226 3586 285 3638 τὸ
308 3585 547 3657 Πνεῦμα
571 3584 676 3638 διὰ
700 3579 829 3634 τῶν
853 3578 1152 3649 προφητῶν
1179 3578 1325 3647 λέγει
1352 3597 1364 3610 ·
1386 3599 1405 3631 ι
1436 3580 1573 3635 Τάδε
1594 3581 1741 3650 λέγει
1758 3583 1824 3635 Kx

2025 3576 2279 3633 ominus?
2316 3595 2335 3628 ι
2388 3582 2482 3629 aut
2532 3591 2632 3630 cur
2677 3573 2935 3644 Spiritus.
2987 3576 3055 3629 iis
3093 3575 3189 3645 qui
3243 3575 3550 3631 Antiochia
3617 3567 3620 3571 ’

228 3693 342 3745 pm;
366 3695 383 3741 ς
403 3698 423 3727 ι
444 3679 564 3730 Καὶ
584 3673 777 3729 πάλιν
799 3670 868 3722 τὸ
886 3668 1111 3739 Πνεῦμα
1134 3673 1243 3734 τοῖς
1259 3672 1317 3723 ὲν
1356 3672 1654 3743 Ἀντιοχείᾳ
1672 3674 1826 3740 ἁγίοις

1976 3674 2153 3734 erant,
2187 3667 2393 3723 sanctis
2437 3665 2573 3720 dixit
2605 3683 2618 3719 :
2650 3683 2667 3716 ι
2709 3663 2997 3733 Segregate
3042 3666 3172 3718 mihi
3214 3665 3440 3718 Paulum
3490 3676 3547 3719 et

228 3783 252 3817 ι
306 3766 659 3836 Ἀφορίσατε
699 3762 773 3832 δή
813 3776 914 3830 μοι
948 3758 1061 3827 (ιι)
1101 3758 1189 3812 τὸν
1219 3758 1427 3812 Παῦλον
1455 3761 1547 3813 καὶ
1578 3758 1826 3831 Βαρνάϐα

1978 3758 2281 3813 Barnabam
2325 3758 2381 3811 in
2424 3772 2585 3826 opus,
2616 3754 2683 3807 ad
2715 3754 2858 3823 quod
2883 3755 3070 3808 vocavi
3101 3755 3296 3809 eos"?
3330 3775 3350 3806 ι
3390 3753 3548 3809 Disce

224 3860 298 3920 εἰς
325 3858 390 3910 τὸ
434 3857 613 3929 ἔργον
658 3854 695 3907 ὃ
759 3850 1191 3923 προσκέκλημαι
1241 3851 1479 3917 αὐτούς;
1521 3871 1539 3903 ι
1577 3852 1732 3905 Μάθε
1778 3849 1822 3906 οἳ

1979 3850 2144 3920 igitur
2174 3850 2470 3919 potentiam
2499 3845 2802 3900 Trinitatis.
2828 3843 2987 3898 Pater
3019 3846 3189 3914 legem
3224 3846 3429 3906 condit,
3458 3845 3546 3899 Fi-

226 3949 316 4017 τὴν
360 3948 622 4018 δύναμιν
672 3944 788 4014 τῆς
838 3940 1093 4011 Τριάδος.
1147 3941 1206 3993 Ὀ
1257 3942 1446 4013 Πατὴρ
1497 3942 1806 4012 νομοθετεῖ·

1977 3942 2085 3997 lius
2109 3941 2284 4010 jubet,
2321 3939 2556 4009 Spiritus
2585 3938 2965 3990 auctoritatem
2999 3936 3168 3992 addit.
3200 3938 3339 3991 Audi
3378 3938 3544 3992 Deum

227 4036 346 4103 Υἱὸς
383 4040 663 4094 κελεύει·
706 4035 778 4089 τὸ
824 4032 1061 4104 Πνεῦμα
1085 4032 1346 4088 αὑθεντεῖ.
1380 4035 1577 4088 Ἄκουε
1617 4035 1825 4104 λέγοντι

1978 4036 2096 4090 haec
2147 4035 2454 4105 loquentem
2506 4050 2519 4085 :
2577 4050 2596 4082 ι
2647 4029 2749 4096 Qui
2802 4029 3151 4097 Evangelium
3198 4031 3546 4092 annuutiaut.

225 4130 310 4182 τοῦ
339 4132 519 4185 Θεοῦ·
568 4150 593 4183 ‹
644 4122 1166 4195 Εὐαγγελιζόμενοι
1203 4124 1444 4194 ἥξουσιν,
1476 4124 1569 4189 οὓς
1607 4128 1636 4178 ὁ
1672 4126 1823 4196 Κῦριι

1476 4124 1569 4189 οὓς
1607 4128 1636 4178 ὁ
1672 4126 1872 4196 Κύριος
1978 4129 2219 4190 venient,
2248 4141 2387 4196 quos
2419 4124 2678 4179 Dominus
2707 4123 3000 4176 vocavit”.
3039 4141 3057 4173 ι

225 4225 692 4295 προσκέκληται.
743 4239 764 4270 ι

284 4334 337 4388 8.
371 4337 517 4389 Ὀτι
552 4335 602 4401 ἡ
631 4331 800 4400 ἁγία
837 4326 1015 4401 Τριὰς
1043 4325 1345 4401 δεξκνυζαι
1374 4324 1669 4395 καθ-ἧσθαι
1700 4327 1799 4380 ἐπὶ

1981 4326 2032 4380 8.
2073 4324 2337 4379 Probatur
2385 4332 2630 4378 sanctam
2684 4322 2998 4401 Trinitatem
3049 4322 3226 4376 sedere
3275 4322 3333 4374 in
3362 4320 3548 4376 throno

800 4399 1029 4465 θρόνου
1052 4398 1090 4450 ὐ
1100 4398 1316 4464 φηλοῡ.
1906 4428 1950 4481 D

1276 4398 1316 4452 ἃ.
1906 4428 1950 4481 D
2650 4397 2874 4447 excelso.

282 4498 454 4568 Φησὶν
482 4499 518 4550 ὁ
561 4490 863 4551 Ἡσαΐας·
904 4504 925 4537 ι
953 4481 1103 4537 Εἶδον
1130 4485 1219 4537 τὸν
1249 4484 1449 4556 Κύριον
1474 4483 1701 4538 Σαϐαὼθ
1735 4485 1870 4538 καθ-

2055 4488 2188 4543 Dicit
2219 4487 2436 4543 Isaias:
2496 4507 2515 4538 ι
2552 4486 2675 4541 Vidi
2736 4485 3022 4541 Dominum
3070 4485 3311 4539 Sabaoth
3357 4484 3554 4540 seden-

221 4585 411 4657 ἥμενον
453 4586 567 4641 ἐπὶ
607 4581 832 4653 θρόνου
883 4574 1094 4645 ὑψηλοῦ
1141 4575 1233 4627 καὶ
1272 4576 1606 4646 ἐπηρμένου,
1664 4576 1760 4629 καὶ
1805 4594 1819 4626 ι

1977 4588 2082 4634 tem
2121 4581 2176 4635 itt
2203 4581 2403 4635 throno
2425 4581 2642 4633 excelso
2674 4587 2728 4632 et
2751 4579 2993 4641 sublimi,
3028 4585 3082 4632 et
3115 4577 3388 4646 seraphim
3419 4577 3465 4630 ei
3496 4577 3551 4628 in

222 4682 461 4751 σεραφὶμ
509 4675 916 4744 είστήκεισαν
951 4666 1133 4738 κύκλῳ
1174 4666 1366 4729 αὑτοῦ,
1418 4687 1437 4718 ι
1479 4666 1669 4721 καὶτὰ
1712 4667 1820 4736 ὲξῆς

1975 4668 2162 4722 orbem
2217 4668 2648 4722 circumstabant
2681 4669 2748 4728 ⁷⁸,
2794 4688 2813 4718 ι
2848 4675 2953 4721 etc.
3007 4665 3302 4721 Necessum
3337 4677 3419 4719 est
3463 4665 3551 4717 hic

231 4772 493 4842 Ἀνάγκη,
528 4772 633 4824 ὅτι
662 4769 699 4819 ὁ
740 4760 944 4830 Πατὴρ
986 4757 1095 4828 (4'2)
1122 4758 1557 4828 ὑπολαμϐάνεται
1590 4758 1697 4830 πρὸ
1729 4757 1829 4810 πάν

1978 4757 2188 4814 Patrem
2222 4767 2348 4814 ante
2373 4774 2565 4813 omnes
2595 4759 2845 4828 intelligi.
2873 4757 3073 4827 Deinde
3094 4768 3217 4827 post
3240 4772 3411 4827 pauca
3434 4756 3550 4810 haec

218 4881 333 4918 των.
368 4863 494 4919 Εἶθ’
530 4853 942 4916 ὑποκαταϐὰς
973 4849 1121 4916 λέγει
1140 4867 1153 4880 ·
1196 4869 1214 4902 ι
1245 4851 1595 4920 Καὶ⁸ἣκουσα
1626 4851 1725 4920 τῆς
1752 4868 1816 4919 cpe

1975 4850 2293 4920 subiungit:
2328 4868 2346 4901 ι
2388 4849 2453 4903 Ει
2504 4850 2690 4903 audivi
2742 4866 2929 4904 vocem
2992 4851 3206 4903 Domini
3260 4849 3546 4904 dicentis:

219 4955 304 5026 γῆς
329 4954 592 5027 Κυρίου,
647 4946 957 5013 λέγοντος·
999 4939 1132 4993 Τίνα
1174 4939 1482 5006 ἁποστελῶς
1512 4943 1606 4993 καὶ
1650 4941 1733 5003 τίς
1776 4959 1814 4991 π

1973 4941 2145 5008 Quem
2204 4945 2435 5007 mittam,
2464 4951 2517 4996 et
2566 4942 2691 5011 quis
2744 4943 3126 5013 proﬁciscetur
3173 4941 3240 4994 ad
3285 4940 3550 5008 populum

281 5183 325 5213 ⁸⁷
361 5182 477 5238 Job
519 5194 693 5240 XIII,
736 5173 839 5229 9.3.
923 5171 972 5203 ⁸⁸
1008 5169 1110 5227 Job
1139 5187 1226 5231 xv.
1281 5172 1365 5225 tl.
1440 5172 1483 5204 θ’
1521 5170 1624 5227 Job
1665 5187 1753 5231 xi,
1792 5168 1845 5223 6.

1953 5172 1970 5199 ⁵
2008 5168 2109 5224 Job
2146 5185 2257 5224 χιιι
2288 5210 2302 5231 ,
2335 5171 2387 5224 5.
2465 5170 2509 5201 '”
2549 5169 2652 5224 Joh
2689 5187 2796 5224 xui
2824 5211 2838 5233 ,
2874 5169 2953 5240 7._
3003 5170 3048 5199 "
3091 5167 3279 5240 Matth.
3312 5183 3422 5240 xu,
3462 5169 3551 5222 5|.

220 5250 261 5280 "
293 5251 413 5308 Joel
449 5237 527 5317 ιι,
569 5237 690 5305 52.
774 5240 1072 5297 "’Matth.
1105 5258 1136 5295 Χ
1162 5281 1179 5305 ,
1212 5241 1300 5296 16.
1376 5242 1423 5273 ⁷⁸
1464 5242 1583 5296 Act.
1622 5257 1752 5303 xm,
1791 5242 1818 5293 ί

1791 5242 1842 5294 ί.
1920 5240 1967 5269 ⁷⁸
2009 5241 2139 5296 ibid.
2173 5242 2229 5296 2.
2306 5242 2352 5271 ⁷⁷
2389 5240 2508 5295 Joel
2543 5257 2618 5304 ιι,
2656 5242 2743 5296 5-2.
2853 5239 2896 5269 ⁷⁸
2938 5237 3043 5294 lsa.
3076 5251 3167 5301 νι,
3207 5239 3273 5301 1,
3303 5239 3358 5294 2.

284 5412 396 5479 (38)
437 5401 849 5479 Basiliensis,
907 5398 1360 5479 ὑπερβαλόντωὲ..
1390 5398 1532 5479 Mor,
1582 5401 1743 5479 κατὰ*
1768 5397 1863 5479 τοῦ

1972 5395 2269 5479 Αιιςςιξςηλῆ
2296 5395 2442 5468 δίκη.
2492 5393 2553 5448 in
2575 5398 2703 5453 edit.
2728 5397 3000 5479 Commﬁl.
3023 5397 3162 5479 i.bid_1
3179 5397 3357 5479 τοίνυν
3381 5398 3553 5479 deest.

221 5465 425 5542 ικένοῦ,
461 5481 522 5532 id
563 5484 673 5532 est
715 5472 1005 5542 adversus
1024 5465 1226 5542 Deum.
1262 5466 1396 5542 Vide
1427 5469 1675 5542 G_r:ccum
1710 5469 1864 5542 Sc_ri-
1975 5538 1993 5542 _
2015 5468 2158 5542 _(4tl
2199 5465 2291 5522 Sic
2310 5465 2504 5521 omnes
2532 5482 2663 5524 mss.
2690 5477 2744 5522 et
2766 5469 2897 5523 edit.
2922 5465 3100 5523 Paris.
3125 5467 3531 5524 Edit.Commel

220 5560 387 5618 ptum
411 5537 569 5605 text.
596 5542 808 5619 Both.
844 5538 1019 5619 περς
1054 5537 1157 5619 {ob
1182 5554 1329 5619 χλιιι,
1353 5539 1422 5604 2;
1462 5539 1680 5619 Ezechz,
1707 5556 1745 5599 ι,
1768 5540 1818 5591 (ξι

1182 5539 1422 5619 πλακεὶς
1462 5538 1858 5619 Εῑρςὴεμλνί.
1969 5538 2027 5592 δέ
2049 5537 2233 5619 ι’μοι.“
2467 5606 2479 5619 ⁸
2574 5614 2586 5619 Δ
2637 5608 2650 5619 Δ
2746 5607 2778 5619 ﬂ

339 5605 397 5687 9)
440 5614 817 5687 Basiliensis
845 5607 1171 5687 et‘Auglie”
1199 5605 1409 5687 ἆραιρι
1431 5610 1511 5687 sic
1534 5610 1694 5687 paulo
1713 5616 1857 5687 post.
2042 5605 2155 5680 (ιιι)
2194 5606 2513 5664 Basiliensis
2540 5614 2593 5661 et
2624 5607 2985 5677 Anglicanus,
3011 5608 3094 5662 ὅτι
3128 5609 3221 5662 καὶ
3254 5608 3467 5678 Πατήρ.

310 5677 397 5747 4οῖ
444 5683 848 5743 Basiliensis,
900 5677 1250 5743 ἀκονοῦνταςξ
1298 5678 1416 5734 Mox
1461 5677 1775 5736 Basilicus—is
1807 5686 1859 5733 et

372 5787 697 5845 ΡΔτιιοι..
754 5774 886 5834 Gn.
927 5771 1219 5834 XXVIII.

3237 5767 3277 5821 2
