  <div class='ocr_page' id='page_1' title='image "/cluster/home/n/w/nwhite01/storage/ocr_20150623/28/hvd.32044019207737/027.png"; bbox 0 0 4048 6406; ppageno 0'>
   <div class='ocr_carea' id='block_1_1' title="bbox 490 305 3751 369">
    <p class='ocr_par' dir='ltr' id='par_1_1' title="bbox 490 305 3751 369">
     <span class='ocr_line' id='line_1_1' title="bbox 490 305 3751 369; baseline -0 -2"><span class='ocrx_word' id='word_1_1' title='bbox 490 314 559 369; x_wconf 71' lang='grc'><strong>43</strong></span> <span class='ocrx_word' id='word_1_2' title='bbox 1662 308 1719 366; x_wconf 91' lang='lat' dir='ltr'><strong>S.</strong></span> <span class='ocrx_word' id='word_1_3' title='bbox 1748 305 2228 367; x_wconf 54' lang='lat' dir='ltr'><strong>&#39;ATHANASIUS.</strong></span> <span class='ocrx_word' id='word_1_4' title='bbox 2269 306 2602 366; x_wconf 71' lang='grc' dir='ltr'><strong>--’Β1.]ΒΙἈ.</strong></span> <span class='ocrx_word' id='word_1_5' title='bbox 3680 313 3751 366; x_wconf 73' lang='grc' dir='ltr'>Η</span> 
     </span>
    </p>
   </div>
   <div class='ocr_carea' id='block_1_2' title="bbox 490 430 2068 508">
    <p class='ocr_par' dir='ltr' id='par_1_2' title="bbox 490 434 2066 508">
     <span class='ocr_line' id='line_1_2' title="bbox 490 434 2066 508; baseline -0.001 -19"><span class='ocrx_word' id='word_1_6' title='bbox 490 435 696 491; x_wconf 87' lang='lat' dir='ltr'><strong>istum?</strong></span> <span class='ocrx_word' id='word_1_7' title='bbox 728 435 792 489; x_wconf 86' lang='lat' dir='ltr'><strong>Et</strong></span> <span class='ocrx_word' id='word_1_8' title='bbox 817 436 928 491; x_wconf 83' lang='lat' dir='ltr'><strong>dixi</strong></span> <span class='ocrx_word' id='word_1_9' title='bbox 955 455 967 491; x_wconf 91' lang='lat'><strong>:</strong></span> <span class='ocrx_word' id='word_1_10' title='bbox 990 435 1129 492; x_wconf 87' lang='lat' dir='ltr'><strong>Ecce</strong></span> <span class='ocrx_word' id='word_1_11' title='bbox 1159 452 1297 508; x_wconf 80' lang='lat' dir='ltr'><strong>ego,</strong></span> <span class='ocrx_word' id='word_1_12' title='bbox 1320 437 1473 491; x_wconf 88' lang='lat' dir='ltr'><strong>mitte</strong></span> <span class='ocrx_word' id='word_1_13' title='bbox 1503 452 1611 491; x_wconf 89' lang='lat' dir='ltr'><strong>me.</strong></span> <span class='ocrx_word' id='word_1_14' title='bbox 1644 434 1711 488; x_wconf 87' lang='lat' dir='ltr'><strong>Et</strong></span> <span class='ocrx_word' id='word_1_15' title='bbox 1735 434 1873 488; x_wconf 82' lang='lat' dir='ltr'><strong>dixit</strong></span> <span class='ocrx_word' id='word_1_16' title='bbox 1904 434 2066 488; x_wconf 90' lang='lat' dir='ltr'><strong>mihi:</strong></span> 
     </span>
    </p>
   </div>
   <div class='ocr_carea' id='block_1_3' title="bbox 2175 430 3753 508">
    <p class='ocr_par' dir='ltr' id='par_1_3' title="bbox 2178 430 3753 505">
     <span class='ocr_line' id='line_1_3' title="bbox 2178 430 3753 505; baseline 0.002 -20"><span class='ocrx_word' id='word_1_17' title='bbox 2178 432 2425 505; x_wconf 69' lang='lat' dir='ltr'><strong>petiuerat</strong></span> <span class='ocrx_word' id='word_1_18' title='bbox 2452 432 2589 505; x_wconf 81' lang='grc' dir='ltr'>πρὸς</span> <span class='ocrx_word' id='word_1_19' title='bbox 2620 434 2711 487; x_wconf 79' lang='grc' dir='ltr'>τδν</span> <span class='ocrx_word' id='word_1_20' title='bbox 2739 433 2866 487; x_wconf 85' lang='grc' dir='ltr'>λαὸν</span> <span class='ocrx_word' id='word_1_21' title='bbox 2893 433 3080 487; x_wconf 83' lang='grc' dir='ltr'>τοῦτον</span> <span class='ocrx_word' id='word_1_22' title='bbox 3104 452 3119 500; x_wconf 90' lang='lat'><strong>;</strong></span> <span class='ocrx_word' id='word_1_23' title='bbox 3142 436 3253 490; x_wconf 80' lang='grc' dir='ltr'>Καὶ</span> <span class='ocrx_word' id='word_1_24' title='bbox 3279 430 3408 488; x_wconf 80' lang='grc' dir='ltr'>εἶπα</span> <span class='ocrx_word' id='word_1_25' title='bbox 3443 434 3584 505; x_wconf 75' lang='grc'><strong>(45)⁶</strong></span> <span class='ocrx_word' id='word_1_26' title='bbox 3627 432 3753 488; x_wconf 73' lang='grc' dir='ltr'><strong>Ἰδοὺ</strong></span> 
     </span>
    </p>
   </div>
   <div class='ocr_carea' id='block_1_4' title="bbox 488 526 2071 601">
    <p class='ocr_par' dir='ltr' id='par_1_4' title="bbox 488 526 2071 601">
     <span class='ocr_line' id='line_1_4' title="bbox 488 526 2071 601; baseline -0.001 -18"><span class='ocrx_word' id='word_1_27' title='bbox 488 530 641 584; x_wconf 68' lang='lat' dir='ltr'><strong>Vade</strong></span> <span class='ocrx_word' id='word_1_28' title='bbox 675 530 742 585; x_wconf 91' lang='lat' dir='ltr'><strong>ad</strong></span> <span class='ocrx_word' id='word_1_29' title='bbox 766 532 1025 601; x_wconf 84' lang='lat' dir='ltr'><strong>populum</strong></span> <span class='ocrx_word' id='word_1_30' title='bbox 1058 526 1257 595; x_wconf 69' lang='lat' dir='ltr'><strong>istum&#39;,</strong></span> <span class='ocrx_word' id='word_1_31' title='bbox 1290 537 1344 584; x_wconf 91' lang='lat' dir='ltr'><strong>et</strong></span> <span class='ocrx_word' id='word_1_32' title='bbox 1374 530 1462 584; x_wconf 91' lang='lat' dir='ltr'><strong>dic</strong></span> <span class='ocrx_word' id='word_1_33' title='bbox 1485 529 1533 583; x_wconf 92' lang='lat' dir='ltr'><strong>ei</strong></span> <span class='ocrx_word' id='word_1_34' title='bbox 1567 547 1580 583; x_wconf 92' lang='lat'>:</span> <span class='ocrx_word' id='word_1_35' title='bbox 1608 526 1850 583; x_wconf 77' lang='lat' dir='ltr'><strong>Auribus</strong></span> <span class='ocrx_word' id='word_1_36' title='bbox 1882 527 2071 582; x_wconf 89' lang='lat' dir='ltr'><strong>audie-</strong></span> 
     </span>
    </p>
   </div>
   <div class='ocr_carea' id='block_1_5' title="bbox 478 619 2069 693">
    <p class='ocr_par' dir='ltr' id='par_1_5' title="bbox 478 619 2069 693">
     <span class='ocr_line' id='line_1_5' title="bbox 478 619 2069 693; baseline -0.002 -17"><span class='ocrx_word' id='word_1_37' title='bbox 478 620 583 689; x_wconf 87' lang='lat' dir='ltr'><strong>tis,</strong></span> <span class='ocrx_word' id='word_1_38' title='bbox 612 630 665 678; x_wconf 91' lang='lat' dir='ltr'><strong>et</strong></span> <span class='ocrx_word' id='word_1_39' title='bbox 699 638 807 677; x_wconf 86' lang='lat' dir='ltr'><strong>non</strong></span> <span class='ocrx_word' id='word_1_40' title='bbox 839 624 1173 693; x_wconf 73' lang='lat' dir='ltr'><strong>intelligetis,</strong></span> <span class='ocrx_word' id='word_1_41' title='bbox 1204 630 1258 677; x_wconf 92' lang='lat' dir='ltr'><strong>et</strong></span> <span class='ocrx_word' id='word_1_42' title='bbox 1297 620 1545 676; x_wconf 79' lang='lat' dir='ltr'><strong>videntes</strong></span> <span class='ocrx_word' id='word_1_43' title='bbox 1576 619 1851 684; x_wconf 85' lang='lat' dir='ltr'><strong>videbitis,</strong></span> <span class='ocrx_word' id='word_1_44' title='bbox 1876 626 1931 674; x_wconf 89' lang='lat' dir='ltr'><strong>et</strong></span> <span class='ocrx_word' id='word_1_45' title='bbox 1959 634 2069 673; x_wconf 92' lang='lat' dir='ltr'><strong>non</strong></span> 
     </span>
    </p>
   </div>
   <div class='ocr_carea' id='block_1_6' title="bbox 488 711 2063 783">
    <p class='ocr_par' dir='ltr' id='par_1_6' title="bbox 488 711 2063 783">
     <span class='ocr_line' id='line_1_6' title="bbox 488 711 2063 783; baseline -0.005 -14"><span class='ocrx_word' id='word_1_46' title='bbox 488 717 751 771; x_wconf 74' lang='lat' dir='ltr'><strong>cernetis.</strong></span> <span class='ocrx_word' id='word_1_47' title='bbox 776 715 1145 770; x_wconf 82' lang='lat' dir='ltr'><strong>lncrassatutn</strong></span> <span class='ocrx_word' id='word_1_48' title='bbox 1170 722 1253 770; x_wconf 90' lang='lat' dir='ltr'><strong>est</strong></span> <span class='ocrx_word' id='word_1_49' title='bbox 1282 714 1425 768; x_wconf 88' lang='lat' dir='ltr'><strong>enim</strong></span> <span class='ocrx_word' id='word_1_50' title='bbox 1444 728 1540 768; x_wconf 87' lang='lat' dir='ltr'><strong>cor</strong></span> <span class='ocrx_word' id='word_1_51' title='bbox 1568 712 1753 783; x_wconf 86' lang='lat' dir='ltr'><strong>populi</strong></span> <span class='ocrx_word' id='word_1_52' title='bbox 1769 711 1935 782; x_wconf 88' lang='lat' dir='ltr'><strong>hujus</strong></span> <span class='ocrx_word' id='word_1_53' title='bbox 1951 711 2023 773; x_wconf 85' lang='lat'><strong>&quot;,</strong></span> <span class='ocrx_word' id='word_1_54' title='bbox 2045 729 2063 761; x_wconf 79' lang='grc' dir='ltr'><strong>ι</strong></span> 
     </span>
    </p>
   </div>
   <div class='ocr_carea' id='block_1_7' title="bbox 489 804 2069 868">
    <p class='ocr_par' dir='ltr' id='par_1_7' title="bbox 489 804 2069 868">
     <span class='ocr_line' id='line_1_7' title="bbox 489 804 2069 868; baseline -0.002 -6"><span class='ocrx_word' id='word_1_55' title='bbox 489 817 597 862; x_wconf 89' lang='lat' dir='ltr'><strong>etc.</strong></span> <span class='ocrx_word' id='word_1_56' title='bbox 661 806 900 862; x_wconf 75' lang='lat' dir='ltr'><strong>Joannes</strong></span> <span class='ocrx_word' id='word_1_57' title='bbox 949 823 1080 862; x_wconf 86' lang='lat' dir='ltr'><strong>vero</strong></span> <span class='ocrx_word' id='word_1_58' title='bbox 1133 806 1198 859; x_wconf 92' lang='lat' dir='ltr'><strong>ad</strong></span> <span class='ocrx_word' id='word_1_59' title='bbox 1251 805 1445 860; x_wconf 86' lang='lat' dir='ltr'><strong>Filium</strong></span> <span class='ocrx_word' id='word_1_60' title='bbox 1486 806 1675 861; x_wconf 88' lang='lat' dir='ltr'><strong>eadem</strong></span> <span class='ocrx_word' id='word_1_61' title='bbox 1717 804 1810 859; x_wconf 89' lang='lat' dir='ltr'><strong>illa</strong></span> <span class='ocrx_word' id='word_1_62' title='bbox 1864 804 2069 868; x_wconf 82' lang='lat' dir='ltr'><strong>refert,</strong></span> 
     </span>
    </p>
   </div>
   <div class='ocr_carea' id='block_1_8' title="bbox 490 897 2069 970">
    <p class='ocr_par' dir='ltr' id='par_1_8' title="bbox 490 897 2069 970">
     <span class='ocr_line' id='line_1_8' title="bbox 490 897 2069 970; baseline -0.002 -16"><span class='ocrx_word' id='word_1_63' title='bbox 490 901 648 970; x_wconf 88' lang='lat' dir='ltr'><strong>cujus</strong></span> <span class='ocrx_word' id='word_1_64' title='bbox 689 900 805 954; x_wconf 70' lang='lat' dir='ltr'><strong>haec</strong></span> <span class='ocrx_word' id='word_1_65' title='bbox 851 899 1016 954; x_wconf 86' lang='lat' dir='ltr'><strong>verba</strong></span> <span class='ocrx_word' id='word_1_66' title='bbox 1056 906 1185 954; x_wconf 91' lang='lat' dir='ltr'><strong>sunt</strong></span> <span class='ocrx_word' id='word_1_67' title='bbox 1222 916 1235 952; x_wconf 93' lang='lat'><strong>:</strong></span> <span class='ocrx_word' id='word_1_68' title='bbox 1276 916 1296 949; x_wconf 73' lang='grc' dir='ltr'><strong><em>ο</em></strong></span> <span class='ocrx_word' id='word_1_69' title='bbox 1338 897 1475 952; x_wconf 92' lang='lat' dir='ltr'><strong>Cum</strong></span> <span class='ocrx_word' id='word_1_70' title='bbox 1506 906 1686 953; x_wconf 86' lang='lat' dir='ltr'><strong>autem</strong></span> <span class='ocrx_word' id='word_1_71' title='bbox 1728 903 1882 951; x_wconf 89' lang='lat' dir='ltr'><strong>tanta</strong></span> <span class='ocrx_word' id='word_1_72' title='bbox 1915 897 2069 967; x_wconf 86' lang='lat' dir='ltr'><strong>signa</strong></span> 
     </span>
    </p>
   </div>
   <div class='ocr_carea' id='block_1_9' title="bbox 488 988 2071 1055">
    <p class='ocr_par' dir='ltr' id='par_1_9' title="bbox 488 988 2071 1055">
     <span class='ocr_line' id='line_1_9' title="bbox 488 988 2071 1055; baseline -0.003 -10"><span class='ocrx_word' id='word_1_73' title='bbox 488 990 710 1047; x_wconf 81' lang='lat' dir='ltr'><strong>fecisset</strong></span> <span class='ocrx_word' id='word_1_74' title='bbox 743 1006 927 1046; x_wconf 91' lang='lat' dir='ltr'><strong>coram</strong></span> <span class='ocrx_word' id='word_1_75' title='bbox 961 991 1063 1055; x_wconf 89' lang='lat' dir='ltr'><strong>eis,</strong></span> <span class='ocrx_word' id='word_1_76' title='bbox 1114 1004 1225 1044; x_wconf 90' lang='lat' dir='ltr'><strong>non</strong></span> <span class='ocrx_word' id='word_1_77' title='bbox 1284 990 1635 1045; x_wconf 86' lang='lat' dir='ltr'><strong>crediderunt</strong></span> <span class='ocrx_word' id='word_1_78' title='bbox 1683 988 1737 1043; x_wconf 92' lang='lat' dir='ltr'><strong>in</strong></span> <span class='ocrx_word' id='word_1_79' title='bbox 1787 988 1963 1051; x_wconf 85' lang='lat' dir='ltr'><strong>illum,</strong></span> <span class='ocrx_word' id='word_1_80' title='bbox 1992 995 2071 1041; x_wconf 59' lang='lat' dir='ltr'><strong>‘ut</strong></span> 
     </span>
    </p>
   </div>
   <div class='ocr_carea' id='block_1_10' title="bbox 489 1076 2065 1150">
    <p class='ocr_par' dir='ltr' id='par_1_10' title="bbox 489 1076 2065 1150">
     <span class='ocr_line' id='line_1_10' title="bbox 489 1076 2065 1150; baseline -0.003 -15"><span class='ocrx_word' id='word_1_81' title='bbox 489 1097 673 1136; x_wconf 88' lang='lat' dir='ltr'><strong>sermo</strong></span> <span class='ocrx_word' id='word_1_82' title='bbox 727 1080 880 1134; x_wconf 80' lang='lat' dir='ltr'><strong>Isaiae</strong></span> <span class='ocrx_word' id='word_1_83' title='bbox 936 1079 1215 1150; x_wconf 71' lang='lat' dir='ltr'><strong>propheta:</strong></span> <span class='ocrx_word' id='word_1_84' title='bbox 1265 1079 1584 1150; x_wconf 79' lang='lat' dir='ltr'><strong>impleretur</strong></span> <span class='ocrx_word' id='word_1_85' title='bbox 1637 1093 1803 1149; x_wconf 84' lang='lat' dir='ltr'><strong>quem</strong></span> <span class='ocrx_word' id='word_1_86' title='bbox 1853 1076 1992 1132; x_wconf 82' lang='lat' dir='ltr'><strong>dixit</strong></span> <span class='ocrx_word' id='word_1_87' title='bbox 2028 1092 2065 1131; x_wconf 72' lang='lat'><strong>‘:</strong></span> 
     </span>
    </p>
   </div>
   <div class='ocr_carea' id='block_1_11' title="bbox 486 1165 2068 1238">
    <p class='ocr_par' dir='ltr' id='par_1_11' title="bbox 486 1165 2068 1238">
     <span class='ocr_line' id='line_1_11' title="bbox 486 1165 2068 1238; baseline -0.001 -17"><span class='ocrx_word' id='word_1_88' title='bbox 486 1167 879 1238; x_wconf 89' lang='lat' dir='ltr'><strong>Domine,quis</strong></span> <span class='ocrx_word' id='word_1_89' title='bbox 911 1166 1145 1222; x_wconf 90' lang='lat' dir='ltr'><strong>credidit</strong></span> <span class='ocrx_word' id='word_1_90' title='bbox 1176 1166 1384 1222; x_wconf 89' lang='lat' dir='ltr'><strong>auditui</strong></span> <span class='ocrx_word' id='word_1_91' title='bbox 1426 1168 1653 1223; x_wconf 85' lang='lat' dir='ltr'><strong>nostro?</strong></span> <span class='ocrx_word' id='word_1_92' title='bbox 1695 1174 1750 1223; x_wconf 91' lang='lat' dir='ltr'><strong>et</strong></span> <span class='ocrx_word' id='word_1_93' title='bbox 1782 1165 2068 1222; x_wconf 86' lang='lat' dir='ltr'><strong>brachium</strong></span> 
     </span>
    </p>
   </div>
   <div class='ocr_carea' id='block_1_12' title="bbox 487 1257 2066 1321">
    <p class='ocr_par' dir='ltr' id='par_1_12' title="bbox 487 1257 2066 1321">
     <span class='ocr_line' id='line_1_12' title="bbox 487 1257 2066 1321; baseline 0 -8"><span class='ocrx_word' id='word_1_94' title='bbox 487 1259 702 1315; x_wconf 89' lang='lat' dir='ltr'><strong>Domini</strong></span> <span class='ocrx_word' id='word_1_95' title='bbox 731 1260 821 1313; x_wconf 92' lang='lat' dir='ltr'><strong>cui</strong></span> <span class='ocrx_word' id='word_1_96' title='bbox 850 1259 1145 1315; x_wconf 85' lang='lat' dir='ltr'><strong>revelatum</strong></span> <span class='ocrx_word' id='word_1_97' title='bbox 1170 1260 1292 1315; x_wconf 85' lang='lat' dir='ltr'><strong>est?</strong></span> <span class='ocrx_word' id='word_1_98' title='bbox 1311 1258 1438 1314; x_wconf 61' lang='lat' dir='ltr'><strong>Haec</strong></span> <span class='ocrx_word' id='word_1_99' title='bbox 1482 1266 1663 1314; x_wconf 88' lang='lat' dir='ltr'><strong>autem</strong></span> <span class='ocrx_word' id='word_1_100' title='bbox 1702 1258 1841 1315; x_wconf 84' lang='lat' dir='ltr'><strong>dixit</strong></span> <span class='ocrx_word' id='word_1_101' title='bbox 1872 1257 2066 1321; x_wconf 84' lang='lat' dir='ltr'><strong>Isaias,</strong></span> 
     </span>
    </p>
   </div>
   <div class='ocr_carea' id='block_1_13' title="bbox 486 1345 2070 1419">
    <p class='ocr_par' dir='ltr' id='par_1_13' title="bbox 486 1345 2070 1419">
     <span class='ocr_line' id='line_1_13' title="bbox 486 1345 2070 1419; baseline -0.001 -18"><span class='ocrx_word' id='word_1_102' title='bbox 486 1348 780 1403; x_wconf 69' lang='lat' dir='ltr'><strong>cum&#39;vidit</strong></span> <span class='ocrx_word' id='word_1_103' title='bbox 816 1348 1057 1419; x_wconf 64' lang='lat' dir='ltr'><strong>&#39;gioriam</strong></span> <span class='ocrx_word' id='word_1_104' title='bbox 1088 1348 1211 1417; x_wconf 85' lang='lat' dir='ltr'><strong>ejus</strong></span> <span class='ocrx_word' id='word_1_105' title='bbox 1225 1349 1295 1404; x_wconf 85' lang='grc'><strong>⁸⁰.</strong></span> <span class='ocrx_word' id='word_1_106' title='bbox 1325 1366 1344 1400; x_wconf 76' lang='grc' dir='ltr'><strong>ι</strong></span> <span class='ocrx_word' id='word_1_107' title='bbox 1372 1348 1448 1404; x_wconf 90' lang='lat' dir='ltr'><strong>De</strong></span> <span class='ocrx_word' id='word_1_108' title='bbox 1472 1346 1688 1418; x_wconf 88' lang='lat' dir='ltr'><strong>Spiritu</strong></span> <span class='ocrx_word' id='word_1_109' title='bbox 1711 1356 1896 1403; x_wconf 89' lang='lat' dir='ltr'><strong>autem</strong></span> <span class='ocrx_word' id='word_1_110' title='bbox 1912 1345 2070 1400; x_wconf 82' lang='lat' dir='ltr'><strong>&#39;Pau—</strong></span> 
     </span>
    </p>
   </div>
   <div class='ocr_carea' id='block_1_14' title="bbox 486 1439 2070 1511">
    <p class='ocr_par' dir='ltr' id='par_1_14' title="bbox 486 1439 2070 1511">
     <span class='ocr_line' id='line_1_14' title="bbox 486 1439 2070 1511; baseline -0.001 -18"><span class='ocrx_word' id='word_1_111' title='bbox 486 1439 573 1495; x_wconf 93' lang='lat' dir='ltr'><strong>lus</strong></span> <span class='ocrx_word' id='word_1_112' title='bbox 623 1455 749 1495; x_wconf 91' lang='lat' dir='ltr'><strong>cum</strong></span> <span class='ocrx_word' id='word_1_113' title='bbox 801 1440 1026 1502; x_wconf 62' lang='lat' dir='ltr'><strong>ludatis,</strong></span> <span class='ocrx_word' id='word_1_114' title='bbox 1049 1441 1142 1510; x_wconf 90' lang='lat' dir='ltr'><strong>qui</strong></span> <span class='ocrx_word' id='word_1_115' title='bbox 1176 1439 1361 1495; x_wconf 70' lang='lat' dir='ltr'><strong>Romae</strong></span> <span class='ocrx_word' id='word_1_116' title='bbox 1408 1448 1584 1504; x_wconf 88' lang='lat' dir='ltr'><strong>erant,</strong></span> <span class='ocrx_word' id='word_1_117' title='bbox 1617 1440 1953 1511; x_wconf 84' lang='lat' dir='ltr'><strong>disceptans,</strong></span> <span class='ocrx_word' id='word_1_118' title='bbox 1997 1439 2070 1493; x_wconf 92' lang='lat' dir='ltr'><strong>ita</strong></span> 
     </span>
    </p>
   </div>
   <div class='ocr_carea' id='block_1_15' title="bbox 485 1529 2069 1603">
    <p class='ocr_par' dir='ltr' id='par_1_15' title="bbox 485 1529 2069 1603">
     <span class='ocr_line' id='line_1_15' title="bbox 485 1529 2069 1603; baseline -0.002 -16"><span class='ocrx_word' id='word_1_119' title='bbox 485 1533 705 1587; x_wconf 88' lang='lat' dir='ltr'><strong>locutus</strong></span> <span class='ocrx_word' id='word_1_120' title='bbox 730 1538 815 1588; x_wconf 92' lang='lat' dir='ltr'><strong>est</strong></span> <span class='ocrx_word' id='word_1_121' title='bbox 839 1551 853 1587; x_wconf 88' lang='lat'><strong>:</strong></span> <span class='ocrx_word' id='word_1_122' title='bbox 878 1551 897 1584; x_wconf 74' lang='grc' dir='ltr'><strong>ι</strong></span> <span class='ocrx_word' id='word_1_123' title='bbox 915 1531 1202 1588; x_wconf 85' lang='lat' dir='ltr'><strong>Benedixit</strong></span> <span class='ocrx_word' id='word_1_124' title='bbox 1226 1530 1466 1603; x_wconf 88' lang='lat' dir='ltr'><strong>Spiritus</strong></span> <span class='ocrx_word' id='word_1_125' title='bbox 1497 1540 1725 1588; x_wconf 88' lang='lat' dir='ltr'><strong>sanctus</strong></span> <span class='ocrx_word' id='word_1_126' title='bbox 1746 1547 1845 1602; x_wconf 78' lang='lat' dir='ltr'><strong>per</strong></span> <span class='ocrx_word' id='word_1_127' title='bbox 1871 1529 2069 1586; x_wconf 79' lang='lat' dir='ltr'><strong>Isaiam</strong></span> 
     </span>
    </p>
   </div>
   <div class='ocr_carea' id='block_1_16' title="bbox 485 1621 2072 1693">
    <p class='ocr_par' dir='ltr' id='par_1_16' title="bbox 485 1621 2072 1693">
     <span class='ocr_line' id='line_1_16' title="bbox 485 1621 2072 1693; baseline 0.001 -19"><span class='ocrx_word' id='word_1_128' title='bbox 485 1621 810 1692; x_wconf 88' lang='lat' dir='ltr'><strong>prophetam</strong></span> <span class='ocrx_word' id='word_1_129' title='bbox 843 1640 857 1677; x_wconf 90' lang='lat'><strong>:</strong></span> <span class='ocrx_word' id='word_1_130' title='bbox 882 1621 1120 1677; x_wconf 88' lang='lat' dir='ltr'><strong>Auribus</strong></span> <span class='ocrx_word' id='word_1_131' title='bbox 1152 1621 1482 1687; x_wconf 84' lang='lat' dir='ltr'><strong>audietis,et</strong></span> <span class='ocrx_word' id='word_1_132' title='bbox 1512 1637 1625 1677; x_wconf 91' lang='lat' dir='ltr'><strong>non</strong></span> <span class='ocrx_word' id='word_1_133' title='bbox 1654 1622 1994 1693; x_wconf 77' lang='lat' dir='ltr'><strong>intelligetis,</strong></span> <span class='ocrx_word' id='word_1_134' title='bbox 2016 1627 2072 1676; x_wconf 87' lang='lat' dir='ltr'><strong>et</strong></span> 
     </span>
    </p>
   </div>
   <div class='ocr_carea' id='block_1_17' title="bbox 485 1711 1803 1778">
    <p class='ocr_par' dir='ltr' id='par_1_17' title="bbox 485 1711 1803 1778">
     <span class='ocr_line' id='line_1_17' title="bbox 485 1711 1803 1778; baseline -0.002 -9"><span class='ocrx_word' id='word_1_135' title='bbox 485 1711 1035 1777; x_wconf 66' lang='lat' dir='ltr'><strong>videntes-videbitis,</strong></span> <span class='ocrx_word' id='word_1_136' title='bbox 1071 1721 1124 1767; x_wconf 84' lang='lat' dir='ltr'><strong>et</strong></span> <span class='ocrx_word' id='word_1_137' title='bbox 1152 1730 1260 1768; x_wconf 91' lang='lat' dir='ltr'><strong>non</strong></span> <span class='ocrx_word' id='word_1_138' title='bbox 1291 1713 1607 1778; x_wconf 78' lang='lat' dir='ltr'><strong>cernetis&quot;,</strong></span> <span class='ocrx_word' id='word_1_139' title='bbox 1636 1731 1655 1763; x_wconf 71' lang='grc' dir='ltr'><strong>ι</strong></span> <span class='ocrx_word' id='word_1_140' title='bbox 1694 1721 1803 1768; x_wconf 90' lang='lat' dir='ltr'><strong>etc.</strong></span> 
     </span>
    </p>
   </div>
   <div class='ocr_carea' id='block_1_18' title="bbox 911 1985 1643 2053">
    <p class='ocr_par' dir='ltr' id='par_1_18' title="bbox 911 1985 1643 2053">
     <span class='ocr_line' id='line_1_18' title="bbox 911 1985 1643 2053; baseline -0.007 -12"><span class='ocrx_word' id='word_1_141' title='bbox 911 1988 964 2044; x_wconf 79' lang='lat'><strong>9.</strong></span> <span class='ocrx_word' id='word_1_142' title='bbox 988 1985 1146 2053; x_wconf 72' lang='lat' dir='ltr'><strong>Quod</strong></span> <span class='ocrx_word' id='word_1_143' title='bbox 1179 1985 1410 2053; x_wconf 74' lang='lat' dir='ltr'><strong>Spiritus</strong></span> <span class='ocrx_word' id='word_1_144' title='bbox 1445 1987 1643 2039; x_wconf 73' lang='lat' dir='ltr'><strong>sedeat.</strong></span> 
     </span>
    </p>
   </div>
   <div class='ocr_carea' id='block_1_19' title="bbox 554 2074 2072 2141">
    <p class='ocr_par' dir='ltr' id='par_1_19' title="bbox 554 2074 2072 2141">
     <span class='ocr_line' id='line_1_19' title="bbox 554 2074 2072 2141; baseline -0.002 -8"><span class='ocrx_word' id='word_1_145' title='bbox 554 2078 640 2133; x_wconf 75' lang='lat' dir='ltr'><strong>Ex</strong></span> <span class='ocrx_word' id='word_1_146' title='bbox 673 2078 812 2133; x_wconf 87' lang='lat' dir='ltr'><strong>libro</strong></span> <span class='ocrx_word' id='word_1_147' title='bbox 836 2077 1024 2137; x_wconf 73' lang='lat' dir='ltr'><strong>Hosis.</strong></span> <span class='ocrx_word' id='word_1_148' title='bbox 1055 2094 1163 2133; x_wconf 88' lang='lat' dir='ltr'><strong>non</strong></span> <span class='ocrx_word' id='word_1_149' title='bbox 1188 2078 1363 2132; x_wconf 91' lang='lat' dir='ltr'><strong>solum</strong></span> <span class='ocrx_word' id='word_1_150' title='bbox 1396 2076 1607 2141; x_wconf 89' lang='lat' dir='ltr'><strong>sedere,</strong></span> <span class='ocrx_word' id='word_1_151' title='bbox 1627 2075 1723 2131; x_wconf 88' lang='lat' dir='ltr'><strong>sed</strong></span> <span class='ocrx_word' id='word_1_152' title='bbox 1748 2082 1803 2131; x_wconf 90' lang='lat' dir='ltr'><strong>et</strong></span> <span class='ocrx_word' id='word_1_153' title='bbox 1827 2074 2072 2131; x_wconf 82' lang='lat' dir='ltr'><strong>assidere</strong></span> 
     </span>
    </p>
   </div>
   <div class='ocr_carea' id='block_1_20' title="bbox 487 2169 2067 2241">
    <p class='ocr_par' dir='ltr' id='par_1_20' title="bbox 487 2169 2067 2241">
     <span class='ocr_line' id='line_1_20' title="bbox 487 2169 2067 2241; baseline -0.003 -16"><span class='ocrx_word' id='word_1_154' title='bbox 487 2170 668 2235; x_wconf 85' lang='lat' dir='ltr'><strong>Patri,</strong></span> <span class='ocrx_word' id='word_1_155' title='bbox 706 2180 762 2227; x_wconf 91' lang='lat' dir='ltr'><strong>et</strong></span> <span class='ocrx_word' id='word_1_156' title='bbox 800 2169 979 2235; x_wconf 75' lang='lat' dir='ltr'><strong>Filio,</strong></span> <span class='ocrx_word' id='word_1_157' title='bbox 1023 2169 1284 2241; x_wconf 84' lang='lat' dir='ltr'><strong>Spiritum</strong></span> <span class='ocrx_word' id='word_1_158' title='bbox 1342 2179 1594 2225; x_wconf 89' lang='lat' dir='ltr'><strong>sanctum</strong></span> <span class='ocrx_word' id='word_1_159' title='bbox 1640 2169 2067 2224; x_wconf 78' lang='lat' dir='ltr'><strong>demonstratur.</strong></span> 
     </span>
    </p>
   </div>
   <div class='ocr_carea' id='block_1_21' title="bbox 491 2262 2069 2333">
    <p class='ocr_par' dir='ltr' id='par_1_21' title="bbox 491 2262 2069 2333">
     <span class='ocr_line' id='line_1_21' title="bbox 491 2262 2069 2333; baseline -0.003 -14"><span class='ocrx_word' id='word_1_160' title='bbox 491 2262 600 2319; x_wconf 91' lang='lat' dir='ltr'><strong>Sed</strong></span> <span class='ocrx_word' id='word_1_161' title='bbox 630 2262 685 2318; x_wconf 92' lang='lat' dir='ltr'><strong>id</strong></span> <span class='ocrx_word' id='word_1_162' title='bbox 718 2270 966 2333; x_wconf 86' lang='lat' dir='ltr'><strong>petamus</strong></span> <span class='ocrx_word' id='word_1_163' title='bbox 990 2279 1056 2319; x_wconf 80' lang='lat' dir='ltr'><strong>ex</strong></span> <span class='ocrx_word' id='word_1_164' title='bbox 1086 2263 1280 2319; x_wconf 89' lang='lat' dir='ltr'><strong>idonea</strong></span> <span class='ocrx_word' id='word_1_165' title='bbox 1304 2262 1539 2317; x_wconf 87' lang='lat' dir='ltr'><strong>historia</strong></span> <span class='ocrx_word' id='word_1_166' title='bbox 1570 2279 1585 2317; x_wconf 85' lang='lat'><strong>:</strong></span> <span class='ocrx_word' id='word_1_167' title='bbox 1620 2276 1855 2333; x_wconf 89' lang='lat' dir='ltr'><strong>propero</strong></span> <span class='ocrx_word' id='word_1_168' title='bbox 1888 2267 2069 2316; x_wconf 73' lang='lat' dir='ltr'><strong>autem</strong></span> 
     </span>
    </p>
   </div>
   <div class='ocr_carea' id='block_1_22' title="bbox 487 2351 2069 2425">
    <p class='ocr_par' dir='ltr' id='par_1_22' title="bbox 487 2351 2069 2425">
     <span class='ocr_line' id='line_1_22' title="bbox 487 2351 2069 2425; baseline -0.002 -16"><span class='ocrx_word' id='word_1_169' title='bbox 487 2356 557 2411; x_wconf 89' lang='lat' dir='ltr'><strong>ad</strong></span> <span class='ocrx_word' id='word_1_170' title='bbox 604 2354 974 2410; x_wconf 83' lang='lat' dir='ltr'><strong>Ahrahamum</strong></span> <span class='ocrx_word' id='word_1_171' title='bbox 1016 2373 1029 2409; x_wconf 94' lang='lat'><strong>:</strong></span> <span class='ocrx_word' id='word_1_172' title='bbox 1089 2373 1108 2405; x_wconf 75' lang='grc' dir='ltr'><strong>ι</strong></span> <span class='ocrx_word' id='word_1_173' title='bbox 1159 2353 1423 2425; x_wconf 84' lang='lat' dir='ltr'><strong>Apparuit</strong></span> <span class='ocrx_word' id='word_1_174' title='bbox 1470 2353 1615 2409; x_wconf 87' lang='lat' dir='ltr'><strong>Deus</strong></span> <span class='ocrx_word' id='word_1_175' title='bbox 1667 2351 1967 2417; x_wconf 85' lang='lat' dir='ltr'><strong>Abraham,</strong></span> <span class='ocrx_word' id='word_1_176' title='bbox 2013 2358 2069 2407; x_wconf 89' lang='lat' dir='ltr'><strong>et</strong></span> 
     </span>
    </p>
   </div>
   <div class='ocr_carea' id='block_1_23' title="bbox 486 2444 2069 2517">
    <p class='ocr_par' dir='ltr' id='par_1_23' title="bbox 486 2444 2069 2517">
     <span class='ocr_line' id='line_1_23' title="bbox 486 2444 2069 2517; baseline -0.004 -14"><span class='ocrx_word' id='word_1_177' title='bbox 486 2463 617 2503; x_wconf 90' lang='lat' dir='ltr'><strong>ecce</strong></span> <span class='ocrx_word' id='word_1_178' title='bbox 672 2454 786 2502; x_wconf 88' lang='lat' dir='ltr'><strong>tres</strong></span> <span class='ocrx_word' id='word_1_179' title='bbox 838 2446 1128 2516; x_wconf 79' lang='lat' dir='ltr'><strong>viri,~quos</strong></span> <span class='ocrx_word' id='word_1_180' title='bbox 1180 2446 1420 2517; x_wconf 89' lang='lat' dir='ltr'><strong>hospitio</strong></span> <span class='ocrx_word' id='word_1_181' title='bbox 1447 2445 1666 2516; x_wconf 78' lang='lat' dir='ltr'><strong>excepit</strong></span> <span class='ocrx_word' id='word_1_182' title='bbox 1700 2444 1807 2500; x_wconf 89' lang='lat' dir='ltr'><strong>sub</strong></span> <span class='ocrx_word' id='word_1_183' title='bbox 1837 2457 2069 2515; x_wconf 89' lang='lat' dir='ltr'><strong>quercu,</strong></span> 
     </span>
    </p>
   </div>
   <div class='ocr_carea' id='block_1_24' title="bbox 489 2534 2071 2610">
    <p class='ocr_par' dir='ltr' id='par_1_24' title="bbox 489 2534 2071 2610">
     <span class='ocr_line' id='line_1_24' title="bbox 489 2534 2071 2610; baseline -0.001 -17"><span class='ocrx_word' id='word_1_184' title='bbox 489 2540 582 2610; x_wconf 89' lang='lat' dir='ltr'><strong>qui</strong></span> <span class='ocrx_word' id='word_1_185' title='bbox 644 2548 1005 2595; x_wconf 78' lang='lat' dir='ltr'><strong>surrexerunt</strong></span> <span class='ocrx_word' id='word_1_186' title='bbox 1079 2545 1134 2594; x_wconf 84' lang='lat' dir='ltr'><strong>et</strong></span> <span class='ocrx_word' id='word_1_187' title='bbox 1184 2545 1546 2610; x_wconf 85' lang='lat' dir='ltr'><strong>respexerunt</strong></span> <span class='ocrx_word' id='word_1_188' title='bbox 1620 2552 1815 2592; x_wconf 87' lang='lat' dir='ltr'><strong>versus</strong></span> <span class='ocrx_word' id='word_1_189' title='bbox 1893 2534 2071 2592; x_wconf 80' lang='lat' dir='ltr'><strong>Sodo-</strong></span> 
     </span>
    </p>
   </div>
   <div class='ocr_carea' id='block_1_25' title="bbox 488 2629 2073 2697">
    <p class='ocr_par' dir='ltr' id='par_1_25' title="bbox 488 2629 2073 2697">
     <span class='ocr_line' id='line_1_25' title="bbox 488 2629 2073 2697; baseline -0.003 -11"><span class='ocrx_word' id='word_1_190' title='bbox 488 2647 634 2686; x_wconf 90' lang='lat' dir='ltr'><strong>mam</strong></span> <span class='ocrx_word' id='word_1_191' title='bbox 654 2633 722 2686; x_wconf 77' lang='grc'><strong>⁸⁸.</strong></span> <span class='ocrx_word' id='word_1_192' title='bbox 767 2650 784 2685; x_wconf 78' lang='grc' dir='ltr'><strong>ι</strong></span> <span class='ocrx_word' id='word_1_193' title='bbox 824 2630 943 2686; x_wconf 83' lang='lat' dir='ltr'><strong>Jam</strong></span> <span class='ocrx_word' id='word_1_194' title='bbox 980 2631 1114 2686; x_wconf 88' lang='lat' dir='ltr'><strong>illud</strong></span> <span class='ocrx_word' id='word_1_195' title='bbox 1138 2631 1413 2697; x_wconf 64' lang='lat' dir='ltr'><strong>‘Werbum,</strong></span> <span class='ocrx_word' id='word_1_196' title='bbox 1452 2650 1469 2682; x_wconf 81' lang='grc' dir='ltr'><strong>ι</strong></span> <span class='ocrx_word' id='word_1_197' title='bbox 1501 2637 1893 2694; x_wconf 79' lang='lat' dir='ltr'><strong>surrexerunt,</strong></span> <span class='ocrx_word' id='word_1_198' title='bbox 1932 2648 1952 2681; x_wconf 74' lang='grc' dir='ltr'><strong>ι</strong></span> <span class='ocrx_word' id='word_1_199' title='bbox 1987 2629 2073 2683; x_wconf 90' lang='lat' dir='ltr'><strong>in-</strong></span> 
     </span>
    </p>
   </div>
   <div class='ocr_carea' id='block_1_26' title="bbox 488 2722 2070 2795">
    <p class='ocr_par' dir='ltr' id='par_1_26' title="bbox 488 2722 2070 2795">
     <span class='ocr_line' id='line_1_26' title="bbox 488 2722 2070 2795; baseline -0.004 -14"><span class='ocrx_word' id='word_1_200' title='bbox 488 2725 638 2781; x_wconf 76' lang='lat' dir='ltr'><strong>dicat</strong></span> <span class='ocrx_word' id='word_1_201' title='bbox 688 2725 990 2781; x_wconf 88' lang='lat' dir='ltr'><strong>sessionem</strong></span> <span class='ocrx_word' id='word_1_202' title='bbox 1034 2724 1403 2795; x_wconf 72' lang='lat' dir='ltr'><strong>pnecessisse.</strong></span> <span class='ocrx_word' id='word_1_203' title='bbox 1433 2722 1528 2779; x_wconf 91' lang='lat' dir='ltr'><strong>Dic</strong></span> <span class='ocrx_word' id='word_1_204' title='bbox 1573 2724 1706 2778; x_wconf 89' lang='lat' dir='ltr'><strong>mihi</strong></span> <span class='ocrx_word' id='word_1_205' title='bbox 1765 2723 1950 2795; x_wconf 70' lang='lat' dir='ltr'><strong>igitur,</strong></span> <span class='ocrx_word' id='word_1_206' title='bbox 2014 2722 2070 2776; x_wconf 92' lang='lat' dir='ltr'><strong>in</strong></span> 
     </span>
    </p>
   </div>
   <div class='ocr_carea' id='block_1_27' title="bbox 487 2814 2067 2883">
    <p class='ocr_par' dir='ltr' id='par_1_27' title="bbox 487 2814 2067 2883">
     <span class='ocr_line' id='line_1_27' title="bbox 487 2814 2067 2883; baseline -0.002 -13"><span class='ocrx_word' id='word_1_207' title='bbox 487 2832 677 2874; x_wconf 87' lang='lat' dir='ltr'><strong>mensa</strong></span> <span class='ocrx_word' id='word_1_208' title='bbox 731 2825 843 2872; x_wconf 88' lang='lat' dir='ltr'><strong>tres</strong></span> <span class='ocrx_word' id='word_1_209' title='bbox 882 2817 972 2873; x_wconf 89' lang='lat' dir='ltr'><strong>isti</strong></span> <span class='ocrx_word' id='word_1_210' title='bbox 1021 2818 1302 2883; x_wconf 80' lang='lat' dir='ltr'><strong>sederunt,</strong></span> <span class='ocrx_word' id='word_1_211' title='bbox 1354 2817 1572 2872; x_wconf 74' lang='lat' dir='ltr'><strong>annon?</strong></span> <span class='ocrx_word' id='word_1_212' title='bbox 1605 2815 1901 2876; x_wconf 84' lang='lat' dir='ltr'><strong>Sederunt.</strong></span> <span class='ocrx_word' id='word_1_213' title='bbox 1945 2814 2067 2868; x_wconf 86' lang='lat' dir='ltr'><strong>ait:</strong></span> 
     </span>
    </p>
   </div>
   <div class='ocr_carea' id='block_1_28' title="bbox 489 2904 2073 2980">
    <p class='ocr_par' dir='ltr' id='par_1_28' title="bbox 489 2904 2073 2980">
     <span class='ocr_line' id='line_1_28' title="bbox 489 2904 2073 2980; baseline -0.001 -17"><span class='ocrx_word' id='word_1_214' title='bbox 489 2908 634 2980; x_wconf 82' lang='lat' dir='ltr'><strong>Ergo</strong></span> <span class='ocrx_word' id='word_1_215' title='bbox 662 2908 886 2971; x_wconf 85' lang='lat' dir='ltr'><strong>sedere,</strong></span> <span class='ocrx_word' id='word_1_216' title='bbox 919 2908 1061 2964; x_wconf 85' lang='lat' dir='ltr'><strong>idem</strong></span> <span class='ocrx_word' id='word_1_217' title='bbox 1097 2916 1183 2965; x_wconf 91' lang='lat' dir='ltr'><strong>est</strong></span> <span class='ocrx_word' id='word_1_218' title='bbox 1214 2917 1516 2979; x_wconf 81' lang='lat' dir='ltr'><strong>atque&#39;una</strong></span> <span class='ocrx_word' id='word_1_219' title='bbox 1545 2906 1851 2963; x_wconf 78' lang='lat' dir='ltr'><strong>considere.</strong></span> <span class='ocrx_word' id='word_1_220' title='bbox 1879 2904 1940 2961; x_wconf 89' lang='lat' dir='ltr'><strong>ln</strong></span> <span class='ocrx_word' id='word_1_221' title='bbox 1969 2904 2073 2961; x_wconf 85' lang='lat' dir='ltr'><strong>Da-</strong></span> 
     </span>
    </p>
   </div>
   <div class='ocr_carea' id='block_1_29' title="bbox 405 2997 2074 3066">
    <p class='ocr_par' dir='ltr' id='par_1_29' title="bbox 405 2997 2074 3066">
     <span class='ocr_line' id='line_1_29' title="bbox 405 2997 2074 3066; baseline -0.002 -12"><span class='ocrx_word' id='word_1_222' title='bbox 405 3013 421 3032; x_wconf 78' lang='lat'><strong><em>°</em></strong></span> <span class='ocrx_word' id='word_1_223' title='bbox 487 3001 653 3066; x_wconf 88' lang='lat' dir='ltr'><strong>niele,</strong></span> <span class='ocrx_word' id='word_1_224' title='bbox 700 3016 826 3056; x_wconf 89' lang='lat' dir='ltr'><strong>eum</strong></span> <span class='ocrx_word' id='word_1_225' title='bbox 886 2998 1139 3056; x_wconf 80' lang='lat' dir='ltr'><strong>Susanna</strong></span> <span class='ocrx_word' id='word_1_226' title='bbox 1196 3000 1262 3055; x_wconf 88' lang='lat' dir='ltr'><strong>ad</strong></span> <span class='ocrx_word' id='word_1_227' title='bbox 1304 3009 1533 3055; x_wconf 85' lang='lat' dir='ltr'><strong>mortem</strong></span> <span class='ocrx_word' id='word_1_228' title='bbox 1576 2998 1964 3062; x_wconf 85' lang='lat' dir='ltr'><strong>abduceretur,</strong></span> <span class='ocrx_word' id='word_1_229' title='bbox 1995 2997 2074 3051; x_wconf 88' lang='lat' dir='ltr'><strong>ait</strong></span> 
     </span>
    </p>
   </div>
   <div class='ocr_carea' id='block_1_30' title="bbox 492 3091 845 3163">
    <p class='ocr_par' dir='ltr' id='par_1_30' title="bbox 492 3091 845 3163">
     <span class='ocr_line' id='line_1_30' title="bbox 492 3091 845 3163; baseline 0.006 -17"><span class='ocrx_word' id='word_1_230' title='bbox 492 3091 780 3163; x_wconf 88' lang='lat' dir='ltr'><strong>Scriptura</strong></span> <span class='ocrx_word' id='word_1_231' title='bbox 830 3111 845 3148; x_wconf 88' lang='lat'><strong>:</strong></span> 
     </span>
    </p>
   </div>
   <div class='ocr_carea' id='block_1_31' title="bbox 487 3181 2064 3254">
    <p class='ocr_par' dir='ltr' id='par_1_31' title="bbox 487 3181 2064 3254">
     <span class='ocr_line' id='line_1_31' title="bbox 487 3181 2064 3254; baseline -0.001 -17"><span class='ocrx_word' id='word_1_232' title='bbox 487 3186 725 3253; x_wconf 86' lang='lat' dir='ltr'><strong>pueruli,</strong></span> <span class='ocrx_word' id='word_1_233' title='bbox 766 3186 857 3239; x_wconf 86' lang='lat' dir='ltr'><strong>cui</strong></span> <span class='ocrx_word' id='word_1_234' title='bbox 910 3200 1109 3240; x_wconf 88' lang='lat' dir='ltr'><strong>nomen</strong></span> <span class='ocrx_word' id='word_1_235' title='bbox 1168 3183 1436 3240; x_wconf 81' lang='lat' dir='ltr'><strong>Daniel”.</strong></span> <span class='ocrx_word' id='word_1_236' title='bbox 1492 3203 1512 3237; x_wconf 75' lang='grc' dir='ltr'><strong>ι</strong></span> <span class='ocrx_word' id='word_1_237' title='bbox 1576 3181 1694 3239; x_wconf 85' lang='lat' dir='ltr'><strong>Vox</strong></span> <span class='ocrx_word' id='word_1_238' title='bbox 1736 3182 1904 3254; x_wconf 80' lang='lat' dir='ltr'><strong>igitur</strong></span> <span class='ocrx_word' id='word_1_239' title='bbox 1950 3181 2064 3245; x_wconf 67' lang='lat' dir='ltr'><strong>ilia,</strong></span> 
     </span>
    </p>
   </div>
   <div class='ocr_carea' id='block_1_32' title="bbox 493 3273 2070 3348">
    <p class='ocr_par' dir='ltr' id='par_1_32' title="bbox 493 3273 2070 3348">
     <span class='ocr_line' id='line_1_32' title="bbox 493 3273 2070 3348; baseline 0.002 -22"><span class='ocrx_word' id='word_1_240' title='bbox 493 3294 513 3326; x_wconf 71' lang='grc' dir='ltr'><strong>ε</strong></span> <span class='ocrx_word' id='word_1_241' title='bbox 550 3278 858 3341; x_wconf 80' lang='lat' dir='ltr'><strong>suscitavit,</strong></span> <span class='ocrx_word' id='word_1_242' title='bbox 899 3297 918 3329; x_wconf 74' lang='grc' dir='ltr'><strong>ι</strong></span> <span class='ocrx_word' id='word_1_243' title='bbox 968 3276 1035 3332; x_wconf 89' lang='lat' dir='ltr'><strong>de</strong></span> <span class='ocrx_word' id='word_1_244' title='bbox 1083 3285 1262 3333; x_wconf 89' lang='lat' dir='ltr'><strong>stante</strong></span> <span class='ocrx_word' id='word_1_245' title='bbox 1321 3292 1433 3333; x_wconf 88' lang='lat' dir='ltr'><strong>non</strong></span> <span class='ocrx_word' id='word_1_246' title='bbox 1473 3276 1815 3348; x_wconf 75' lang='lat' dir='ltr'><strong>intelligitur,</strong></span> <span class='ocrx_word' id='word_1_247' title='bbox 1863 3273 1959 3331; x_wconf 88' lang='lat' dir='ltr'><strong>sed</strong></span> <span class='ocrx_word' id='word_1_248' title='bbox 2001 3273 2070 3329; x_wconf 87' lang='lat' dir='ltr'><strong>de</strong></span> 
     </span>
    </p>
   </div>
   <div class='ocr_carea' id='block_1_33' title="bbox 488 3365 2068 3442">
    <p class='ocr_par' dir='ltr' id='par_1_33' title="bbox 488 3365 2068 3442">
     <span class='ocr_line' id='line_1_33' title="bbox 488 3365 2068 3442; baseline -0.003 -18"><span class='ocrx_word' id='word_1_249' title='bbox 488 3369 713 3424; x_wconf 81' lang='lat' dir='ltr'><strong>sedente</strong></span> <span class='ocrx_word' id='word_1_250' title='bbox 763 3379 858 3424; x_wconf 90' lang='lat' dir='ltr'><strong>aut</strong></span> <span class='ocrx_word' id='word_1_251' title='bbox 901 3369 1249 3425; x_wconf 85' lang='lat' dir='ltr'><strong>dormiente:</strong></span> <span class='ocrx_word' id='word_1_252' title='bbox 1279 3368 1737 3442; x_wconf 86' lang='lat' dir='ltr'><strong>quemadmodum</strong></span> <span class='ocrx_word' id='word_1_253' title='bbox 1759 3375 1814 3424; x_wconf 91' lang='lat' dir='ltr'><strong>et</strong></span> <span class='ocrx_word' id='word_1_254' title='bbox 1835 3365 2068 3423; x_wconf 68' lang='lat' dir='ltr'><strong>in&#39;Psalo</strong></span> 
     </span>
    </p>
   </div>
   <div class='ocr_carea' id='block_1_34' title="bbox 488 3460 2064 3535">
    <p class='ocr_par' dir='ltr' id='par_1_34' title="bbox 488 3460 2064 3535">
     <span class='ocr_line' id='line_1_34' title="bbox 488 3460 2064 3535; baseline 0.001 -19"><span class='ocrx_word' id='word_1_255' title='bbox 488 3476 581 3517; x_wconf 88' lang='lat' dir='ltr'><strong>mo</strong></span> <span class='ocrx_word' id='word_1_256' title='bbox 614 3482 627 3516; x_wconf 90' lang='lat'>:</span> <span class='ocrx_word' id='word_1_257' title='bbox 665 3481 684 3514; x_wconf 75' lang='grc' dir='ltr'><strong>ι</strong></span> <span class='ocrx_word' id='word_1_258' title='bbox 711 3462 998 3520; x_wconf 85' lang='lat' dir='ltr'><strong>Excitatus</strong></span> <span class='ocrx_word' id='word_1_259' title='bbox 1030 3471 1117 3518; x_wconf 90' lang='lat' dir='ltr'><strong>est</strong></span> <span class='ocrx_word' id='word_1_260' title='bbox 1146 3472 1409 3535; x_wconf 87' lang='lat' dir='ltr'><strong>tanquam</strong></span> <span class='ocrx_word' id='word_1_261' title='bbox 1458 3462 1739 3518; x_wconf 90' lang='lat' dir='ltr'><strong>dormiens</strong></span> <span class='ocrx_word' id='word_1_262' title='bbox 1776 3460 2064 3526; x_wconf 84' lang='lat' dir='ltr'><strong>Dominus,</strong></span> 
     </span>
    </p>
   </div>
   <div class='ocr_carea' id='block_1_35' title="bbox 484 3551 2070 3626">
    <p class='ocr_par' dir='ltr' id='par_1_35' title="bbox 484 3551 2070 3626">
     <span class='ocr_line' id='line_1_35' title="bbox 484 3551 2070 3626; baseline 0 -18"><span class='ocrx_word' id='word_1_263' title='bbox 484 3560 748 3624; x_wconf 82' lang='lat' dir='ltr'><strong>tanquam</strong></span> <span class='ocrx_word' id='word_1_264' title='bbox 767 3566 959 3625; x_wconf 90' lang='lat' dir='ltr'><strong>potens</strong></span> <span class='ocrx_word' id='word_1_265' title='bbox 974 3562 1027 3612; x_wconf 90' lang='lat' dir='ltr'><strong>et</strong></span> <span class='ocrx_word' id='word_1_266' title='bbox 1043 3556 1360 3626; x_wconf 81' lang='lat' dir='ltr'><strong>crapulatus</strong></span> <span class='ocrx_word' id='word_1_267' title='bbox 1391 3571 1421 3610; x_wconf 88' lang='lat' dir='ltr'><strong>a</strong></span> <span class='ocrx_word' id='word_1_268' title='bbox 1449 3556 1657 3612; x_wconf 73' lang='lat' dir='ltr'><strong>vino”.</strong></span> <span class='ocrx_word' id='word_1_269' title='bbox 1684 3574 1702 3607; x_wconf 76' lang='grc' dir='ltr'><strong>ι</strong></span> <span class='ocrx_word' id='word_1_270' title='bbox 1737 3552 1836 3610; x_wconf 84' lang='grc' dir='ltr'><strong>Ει;</strong></span> <span class='ocrx_word' id='word_1_271' title='bbox 1862 3572 1881 3606; x_wconf 76' lang='grc' dir='ltr'><strong>ι</strong></span> <span class='ocrx_word' id='word_1_272' title='bbox 1904 3551 2070 3609; x_wconf 86' lang='lat' dir='ltr'><strong>Exci-</strong></span> 
     </span>
    </p>
   </div>
   <div class='ocr_carea' id='block_1_36' title="bbox 488 3643 2065 3702">
    <p class='ocr_par' dir='ltr' id='par_1_36' title="bbox 488 3643 2065 3702">
     <span class='ocr_line' id='line_1_36' title="bbox 488 3643 2065 3702; baseline 0 -4"><span class='ocrx_word' id='word_1_273' title='bbox 488 3652 639 3699; x_wconf 85' lang='lat' dir='ltr'><strong>tatus</strong></span> <span class='ocrx_word' id='word_1_274' title='bbox 684 3651 771 3701; x_wconf 90' lang='lat' dir='ltr'><strong>est</strong></span> <span class='ocrx_word' id='word_1_275' title='bbox 818 3643 1093 3700; x_wconf 79' lang='lat' dir='ltr'><strong>Dominus</strong></span> <span class='ocrx_word' id='word_1_276' title='bbox 1146 3661 1215 3701; x_wconf 84' lang='lat' dir='ltr'><strong>ex</strong></span> <span class='ocrx_word' id='word_1_277' title='bbox 1265 3646 1505 3702; x_wconf 88' lang='lat' dir='ltr'><strong>nubibus</strong></span> <span class='ocrx_word' id='word_1_278' title='bbox 1553 3646 1669 3701; x_wconf 89' lang='lat' dir='ltr'><strong>suis</strong></span> <span class='ocrx_word' id='word_1_279' title='bbox 1709 3645 2002 3701; x_wconf 75' lang='lat' dir='ltr'><strong>sanctis“.</strong></span> <span class='ocrx_word' id='word_1_280' title='bbox 2043 3663 2065 3698; x_wconf 76' lang='grc' dir='ltr'><strong>ι</strong></span> 
     </span>
    </p>
   </div>
   <div class='ocr_carea' id='block_1_37' title="bbox 489 3731 2065 3805">
    <p class='ocr_par' dir='ltr' id='par_1_37' title="bbox 489 3731 2065 3805">
     <span class='ocr_line' id='line_1_37' title="bbox 489 3731 2065 3805; baseline 0.003 -18"><span class='ocrx_word' id='word_1_281' title='bbox 489 3731 665 3788; x_wconf 84' lang='lat' dir='ltr'><strong>Aliam</strong></span> <span class='ocrx_word' id='word_1_282' title='bbox 706 3749 924 3805; x_wconf 89' lang='lat' dir='ltr'><strong>quoque</strong></span> <span class='ocrx_word' id='word_1_283' title='bbox 968 3734 1189 3791; x_wconf 81' lang='lat' dir='ltr'><strong>aﬁ‘eram</strong></span> <span class='ocrx_word' id='word_1_284' title='bbox 1219 3736 1508 3791; x_wconf 84' lang='lat' dir='ltr'><strong>historiam</strong></span> <span class='ocrx_word' id='word_1_285' title='bbox 1545 3737 1613 3792; x_wconf 91' lang='lat' dir='ltr'><strong>de</strong></span> <span class='ocrx_word' id='word_1_286' title='bbox 1638 3733 1799 3791; x_wconf 84' lang='lat' dir='ltr'><strong>Patre</strong></span> <span class='ocrx_word' id='word_1_287' title='bbox 1828 3734 2065 3801; x_wconf 90' lang='lat' dir='ltr'><strong>Domini,</strong></span> 
     </span>
    </p>
   </div>
   <div class='ocr_carea' id='block_1_38' title="bbox 492 3824 2070 3899">
    <p class='ocr_par' dir='ltr' id='par_1_38' title="bbox 492 3824 2070 3899">
     <span class='ocr_line' id='line_1_38' title="bbox 492 3824 2070 3899; baseline 0.001 -19"><span class='ocrx_word' id='word_1_288' title='bbox 492 3824 558 3880; x_wconf 88' lang='lat' dir='ltr'><strong>ad</strong></span> <span class='ocrx_word' id='word_1_289' title='bbox 595 3825 859 3882; x_wconf 88' lang='lat' dir='ltr'><strong>Joannem</strong></span> <span class='ocrx_word' id='word_1_290' title='bbox 911 3827 1127 3884; x_wconf 80' lang='lat' dir='ltr'><strong>dicente</strong></span> <span class='ocrx_word' id='word_1_291' title='bbox 1163 3849 1176 3884; x_wconf 89' lang='lat'><strong>:</strong></span> <span class='ocrx_word' id='word_1_292' title='bbox 1214 3848 1233 3880; x_wconf 74' lang='grc' dir='ltr'><strong>ι</strong></span> <span class='ocrx_word' id='word_1_293' title='bbox 1272 3826 1457 3899; x_wconf 84' lang='lat' dir='ltr'><strong>Super</strong></span> <span class='ocrx_word' id='word_1_294' title='bbox 1480 3844 1643 3899; x_wconf 89' lang='lat' dir='ltr'><strong>quem</strong></span> <span class='ocrx_word' id='word_1_295' title='bbox 1669 3829 1872 3886; x_wconf 77' lang='lat' dir='ltr'><strong>videris</strong></span> <span class='ocrx_word' id='word_1_296' title='bbox 1895 3827 2070 3899; x_wconf 89' lang='lat' dir='ltr'><strong>Spiri-</strong></span> 
     </span>
    </p>
   </div>
   <div class='ocr_carea' id='block_1_39' title="bbox 489 3922 2064 3992">
    <p class='ocr_par' dir='ltr' id='par_1_39' title="bbox 489 3922 2064 3992">
     <span class='ocr_line' id='line_1_39' title="bbox 489 3922 2064 3992; baseline 0.001 -17"><span class='ocrx_word' id='word_1_297' title='bbox 489 3928 607 3976; x_wconf 88' lang='lat' dir='ltr'><strong>tum</strong></span> <span class='ocrx_word' id='word_1_298' title='bbox 670 3922 1095 3977; x_wconf 88' lang='lat' dir='ltr'><strong>descendentem</strong></span> <span class='ocrx_word' id='word_1_299' title='bbox 1122 3931 1181 3977; x_wconf 88' lang='lat' dir='ltr'><strong>et</strong></span> <span class='ocrx_word' id='word_1_300' title='bbox 1231 3931 1542 3978; x_wconf 90' lang='lat' dir='ltr'><strong>manentem</strong></span> <span class='ocrx_word' id='word_1_301' title='bbox 1592 3938 1758 3992; x_wconf 88' lang='lat' dir='ltr'><strong>super</strong></span> <span class='ocrx_word' id='word_1_302' title='bbox 1787 3937 1912 3978; x_wconf 91' lang='lat' dir='ltr'><strong>eum</strong></span> <span class='ocrx_word' id='word_1_303' title='bbox 1933 3922 2002 3977; x_wconf 82' lang='grc'><strong>⁸⁶.</strong></span> <span class='ocrx_word' id='word_1_304' title='bbox 2043 3940 2064 3975; x_wconf 73' lang='grc' dir='ltr'><strong>ι</strong></span> 
     </span>
    </p>
   </div>
   <div class='ocr_carea' id='block_1_40' title="bbox 490 4011 2067 4083">
    <p class='ocr_par' dir='ltr' id='par_1_40' title="bbox 490 4011 2067 4083">
     <span class='ocr_line' id='line_1_40' title="bbox 490 4011 2067 4083; baseline 0.001 -17"><span class='ocrx_word' id='word_1_305' title='bbox 490 4012 756 4068; x_wconf 87' lang='lat' dir='ltr'><strong>Dominus</strong></span> <span class='ocrx_word' id='word_1_306' title='bbox 791 4015 904 4068; x_wconf 85' lang='lat' dir='ltr'><strong>ait:</strong></span> <span class='ocrx_word' id='word_1_307' title='bbox 933 4032 951 4065; x_wconf 75' lang='grc' dir='ltr'><strong>ι</strong></span> <span class='ocrx_word' id='word_1_308' title='bbox 986 4011 1082 4067; x_wconf 90' lang='lat' dir='ltr'><strong>Sin</strong></span> <span class='ocrx_word' id='word_1_309' title='bbox 1113 4021 1295 4067; x_wconf 87' lang='lat' dir='ltr'><strong>autem</strong></span> <span class='ocrx_word' id='word_1_310' title='bbox 1315 4011 1498 4075; x_wconf 86' lang='lat' dir='ltr'><strong>Pater,</strong></span> <span class='ocrx_word' id='word_1_311' title='bbox 1534 4014 1629 4083; x_wconf 91' lang='lat' dir='ltr'><strong>qui</strong></span> <span class='ocrx_word' id='word_1_312' title='bbox 1662 4014 1718 4068; x_wconf 93' lang='lat' dir='ltr'><strong>in</strong></span> <span class='ocrx_word' id='word_1_313' title='bbox 1744 4028 1830 4068; x_wconf 91' lang='lat' dir='ltr'><strong>me</strong></span> <span class='ocrx_word' id='word_1_314' title='bbox 1859 4021 2067 4079; x_wconf 87' lang='lat' dir='ltr'><strong>manet,</strong></span> 
     </span>
    </p>
   </div>
   <div class='ocr_carea' id='block_1_41' title="bbox 492 4102 2072 4176">
    <p class='ocr_par' dir='ltr' id='par_1_41' title="bbox 492 4102 2072 4176">
     <span class='ocr_line' id='line_1_41' title="bbox 492 4102 2072 4176; baseline 0.003 -20"><span class='ocrx_word' id='word_1_315' title='bbox 492 4102 612 4174; x_wconf 88' lang='lat' dir='ltr'><strong>ipse</strong></span> <span class='ocrx_word' id='word_1_316' title='bbox 654 4102 785 4157; x_wconf 81' lang='lat' dir='ltr'><strong>facit</strong></span> <span class='ocrx_word' id='word_1_317' title='bbox 813 4119 980 4173; x_wconf 87' lang='lat' dir='ltr'><strong>opera</strong></span> <span class='ocrx_word' id='word_1_318' title='bbox 1002 4104 1071 4155; x_wconf 78' lang='grc'><strong>⁸⁷.</strong></span> <span class='ocrx_word' id='word_1_319' title='bbox 1117 4122 1135 4153; x_wconf 75' lang='grc' dir='ltr'><strong>ι</strong></span> <span class='ocrx_word' id='word_1_320' title='bbox 1171 4103 1265 4155; x_wconf 89' lang='lat' dir='ltr'><strong>Dic</strong></span> <span class='ocrx_word' id='word_1_321' title='bbox 1301 4106 1467 4175; x_wconf 77' lang='lat' dir='ltr'><strong>igitur</strong></span> <span class='ocrx_word' id='word_1_322' title='bbox 1486 4105 1646 4174; x_wconf 77' lang='lat' dir='ltr'><strong>juxta</strong></span> <span class='ocrx_word' id='word_1_323' title='bbox 1676 4106 1734 4176; x_wconf 75' lang='lat'><strong>8</strong></span> <span class='ocrx_word' id='word_1_324' title='bbox 1757 4106 1871 4162; x_wconf 54' lang='lat' dir='ltr'><strong>haec</strong></span> <span class='ocrx_word' id='word_1_325' title='bbox 1912 4107 2072 4163; x_wconf 80' lang='lat' dir='ltr'><strong>testi-</strong></span> 
     </span>
    </p>
   </div>
   <div class='ocr_carea' id='block_1_42' title="bbox 490 4192 2073 4267">
    <p class='ocr_par' dir='ltr' id='par_1_42' title="bbox 490 4192 2073 4267">
     <span class='ocr_line' id='line_1_42' title="bbox 490 4192 2073 4267; baseline 0.004 -20"><span class='ocrx_word' id='word_1_326' title='bbox 490 4194 697 4257; x_wconf 86' lang='lat' dir='ltr'><strong>monia,</strong></span> <span class='ocrx_word' id='word_1_327' title='bbox 748 4192 909 4249; x_wconf 82' lang='lat' dir='ltr'><strong>Pater</strong></span> <span class='ocrx_word' id='word_1_328' title='bbox 939 4205 992 4251; x_wconf 93' lang='lat' dir='ltr'><strong>et</strong></span> <span class='ocrx_word' id='word_1_329' title='bbox 1022 4195 1261 4267; x_wconf 85' lang='lat' dir='ltr'><strong>Spiritus</strong></span> <span class='ocrx_word' id='word_1_330' title='bbox 1313 4207 1534 4252; x_wconf 85' lang='lat' dir='ltr'><strong>manent</strong></span> <span class='ocrx_word' id='word_1_331' title='bbox 1567 4198 1623 4252; x_wconf 92' lang='lat' dir='ltr'><strong>in</strong></span> <span class='ocrx_word' id='word_1_332' title='bbox 1652 4193 1811 4266; x_wconf 85' lang='lat' dir='ltr'><strong>Filio,</strong></span> <span class='ocrx_word' id='word_1_333' title='bbox 1847 4199 2073 4254; x_wconf 86' lang='lat' dir='ltr'><strong>annon?</strong></span> 
     </span>
    </p>
   </div>
   <div class='ocr_carea' id='block_1_43' title="bbox 492 4284 2071 4360">
    <p class='ocr_par' dir='ltr' id='par_1_43' title="bbox 492 4284 2071 4360">
     <span class='ocr_line' id='line_1_43' title="bbox 492 4284 2071 4360; baseline 0.005 -21"><span class='ocrx_word' id='word_1_334' title='bbox 492 4284 983 4356; x_wconf 85' lang='lat' dir='ltr'><strong>Mancnt,inquies.</strong></span> <span class='ocrx_word' id='word_1_335' title='bbox 1009 4286 1065 4342; x_wconf 88' lang='lat' dir='ltr'><strong>Si</strong></span> <span class='ocrx_word' id='word_1_336' title='bbox 1096 4290 1282 4360; x_wconf 87' lang='lat' dir='ltr'><strong>itaque</strong></span> <span class='ocrx_word' id='word_1_337' title='bbox 1309 4291 1363 4345; x_wconf 91' lang='lat' dir='ltr'><strong>in</strong></span> <span class='ocrx_word' id='word_1_338' title='bbox 1394 4288 1535 4344; x_wconf 89' lang='lat' dir='ltr'><strong>Filio</strong></span> <span class='ocrx_word' id='word_1_339' title='bbox 1569 4298 1793 4346; x_wconf 88' lang='lat' dir='ltr'><strong>manent</strong></span> <span class='ocrx_word' id='word_1_340' title='bbox 1822 4290 1985 4347; x_wconf 85' lang='lat' dir='ltr'><strong>Pater</strong></span> <span class='ocrx_word' id='word_1_341' title='bbox 2016 4300 2071 4349; x_wconf 92' lang='lat' dir='ltr'><strong>et</strong></span> 
     </span>
    </p>
   </div>
   <div class='ocr_carea' id='block_1_44' title="bbox 495 4374 2071 4454">
    <p class='ocr_par' dir='ltr' id='par_1_44' title="bbox 495 4374 2071 4454">
     <span class='ocr_line' id='line_1_44' title="bbox 495 4374 2071 4454; baseline 0.006 -25"><span class='ocrx_word' id='word_1_342' title='bbox 495 4374 753 4446; x_wconf 87' lang='lat' dir='ltr'><strong>Spiritus,</strong></span> <span class='ocrx_word' id='word_1_343' title='bbox 798 4393 1024 4435; x_wconf 89' lang='lat' dir='ltr'><strong>necesse</strong></span> <span class='ocrx_word' id='word_1_344' title='bbox 1061 4396 1287 4449; x_wconf 80' lang='lat' dir='ltr'><strong>prorsus</strong></span> <span class='ocrx_word' id='word_1_345' title='bbox 1319 4390 1423 4441; x_wconf 83' lang='lat' dir='ltr'><strong>est.</strong></span> <span class='ocrx_word' id='word_1_346' title='bbox 1455 4379 1597 4435; x_wconf 87' lang='lat' dir='ltr'><strong>Filio</strong></span> <span class='ocrx_word' id='word_1_347' title='bbox 1631 4382 1875 4446; x_wconf 79' lang='lat' dir='ltr'><strong>sedente,</strong></span> <span class='ocrx_word' id='word_1_348' title='bbox 1919 4383 2071 4454; x_wconf 88' lang='lat' dir='ltr'><strong>ipsos</strong></span> 
     </span>
    </p>
   </div>
   <div class='ocr_carea' id='block_1_45' title="bbox 2085 1787 2150 1843">
    <p class='ocr_par' dir='ltr' id='par_1_45' title="bbox 2085 1787 2150 1843">
     <span class='ocr_line' id='line_1_45' title="bbox 2085 1787 2150 1843; baseline 0 0"><span class='ocrx_word' id='word_1_349' title='bbox 2085 1787 2150 1843; x_wconf 67' lang='grc' dir='ltr'><strong>’Β</strong></span> 
     </span>
    </p>
   </div>
   <div class='ocr_carea' id='block_1_46' title="bbox 2175 521 3755 598">
    <p class='ocr_par' dir='ltr' id='par_1_46' title="bbox 2175 521 3755 598">
     <span class='ocr_line' id='line_1_46' title="bbox 2175 521 3755 598; baseline 0.001 -21"><span class='ocrx_word' id='word_1_350' title='bbox 2175 525 2306 594; x_wconf 82' lang='grc' dir='ltr'>ἐγὼ,</span> <span class='ocrx_word' id='word_1_351' title='bbox 2346 525 2665 579; x_wconf 76' lang='grc' dir='ltr'>ἀπόστειλον</span> <span class='ocrx_word' id='word_1_352' title='bbox 2703 542 2790 596; x_wconf 87' lang='grc' dir='ltr'>με.</span> <span class='ocrx_word' id='word_1_353' title='bbox 2826 524 2933 578; x_wconf 70' lang='lat' dir='ltr'><strong>Kal</strong></span> <span class='ocrx_word' id='word_1_354' title='bbox 2972 521 3093 579; x_wconf 75' lang='grc' dir='ltr'>εἶπέ</span> <span class='ocrx_word' id='word_1_355' title='bbox 3127 544 3245 598; x_wconf 89' lang='grc' dir='ltr'>μοι·</span> <span class='ocrx_word' id='word_1_356' title='bbox 3282 525 3585 598; x_wconf 75' lang='grc' dir='ltr'><strong>Πορεύθητι</strong></span> <span class='ocrx_word' id='word_1_357' title='bbox 3619 521 3755 597; x_wconf 68' lang='grc' dir='ltr'><strong>πρδζ</strong></span> 
     </span>
    </p>
   </div>
   <div class='ocr_carea' id='block_1_47' title="bbox 2173 615 3755 691">
    <p class='ocr_par' dir='ltr' id='par_1_47' title="bbox 2173 615 3755 691">
     <span class='ocr_line' id='line_1_47' title="bbox 2173 615 3755 691; baseline -0.001 -19"><span class='ocrx_word' id='word_1_358' title='bbox 2173 619 2264 672; x_wconf 80' lang='grc' dir='ltr'>τὸν</span> <span class='ocrx_word' id='word_1_359' title='bbox 2286 618 2417 672; x_wconf 79' lang='grc' dir='ltr'>λαὸν</span> <span class='ocrx_word' id='word_1_360' title='bbox 2442 618 2655 675; x_wconf 89' lang='grc' dir='ltr'>τοῦτον.</span> <span class='ocrx_word' id='word_1_361' title='bbox 2680 619 2775 672; x_wconf 79' lang='grc' dir='ltr'><strong>καὶ</strong></span> <span class='ocrx_word' id='word_1_362' title='bbox 2802 617 2927 671; x_wconf 82' lang='grc' dir='ltr'>εἰπὲ·</span> <span class='ocrx_word' id='word_1_363' title='bbox 2942 618 3090 690; x_wconf 73' lang='grc' dir='ltr'>αὐτῷ</span> <span class='ocrx_word' id='word_1_364' title='bbox 3110 636 3123 649; x_wconf 91' lang='grc'>·</span> <span class='ocrx_word' id='word_1_365' title='bbox 3166 620 3324 691; x_wconf 79' lang='grc' dir='ltr'>Ἀκοῇ</span> <span class='ocrx_word' id='word_1_366' title='bbox 3345 619 3636 691; x_wconf 83' lang='grc' dir='ltr'>ἀκούσητε,</span> <span class='ocrx_word' id='word_1_367' title='bbox 3664 615 3755 671; x_wconf 76' lang='grc' dir='ltr'><strong>κιῇ⁵</strong></span> 
     </span>
    </p>
   </div>
   <div class='ocr_carea' id='block_1_48' title="bbox 2173 710 3754 784">
    <p class='ocr_par' dir='ltr' id='par_1_48' title="bbox 2173 710 3754 784">
     <span class='ocr_line' id='line_1_48' title="bbox 2173 710 3754 784; baseline 0 -20"><span class='ocrx_word' id='word_1_368' title='bbox 2173 712 2233 764; x_wconf 82' lang='grc' dir='ltr'><strong>οὑ</strong></span> <span class='ocrx_word' id='word_1_369' title='bbox 2272 710 2347 782; x_wconf 76' lang='grc' dir='ltr'>μὴ</span> <span class='ocrx_word' id='word_1_370' title='bbox 2391 712 2617 781; x_wconf 69' lang='grc' dir='ltr'><strong>συνῆτε⁸</strong></span> <span class='ocrx_word' id='word_1_371' title='bbox 2671 710 2765 763; x_wconf 77' lang='grc' dir='ltr'><strong>καὶ</strong></span> <span class='ocrx_word' id='word_1_372' title='bbox 2809 710 3096 781; x_wconf 85' lang='grc' dir='ltr'>βλέποντες</span> <span class='ocrx_word' id='word_1_373' title='bbox 3143 710 3395 783; x_wconf 76' lang='grc' dir='ltr'>βλέψητε,</span> <span class='ocrx_word' id='word_1_374' title='bbox 3428 712 3524 766; x_wconf 72' lang='grc' dir='ltr'><strong>καὶ</strong></span> <span class='ocrx_word' id='word_1_375' title='bbox 3574 711 3634 766; x_wconf 84' lang='grc' dir='ltr'><strong>οὐ</strong></span> <span class='ocrx_word' id='word_1_376' title='bbox 3680 711 3754 784; x_wconf 77' lang='grc' dir='ltr'>μὴ</span> 
     </span>
    </p>
   </div>
   <div class='ocr_carea' id='block_1_49' title="bbox 2176 801 3754 875">
    <p class='ocr_par' dir='ltr' id='par_1_49' title="bbox 2176 801 3754 875">
     <span class='ocr_line' id='line_1_49' title="bbox 2176 801 3754 875; baseline 0.001 -21"><span class='ocrx_word' id='word_1_377' title='bbox 2176 802 2342 874; x_wconf 73' lang='grc' dir='ltr'>ἴδητεο</span> <span class='ocrx_word' id='word_1_378' title='bbox 2360 801 2640 874; x_wconf 79' lang='grc' dir='ltr'><strong>ἐπαχύνθη</strong></span> <span class='ocrx_word' id='word_1_379' title='bbox 2671 803 2780 874; x_wconf 85' lang='grc' dir='ltr'>γὰρ</span> <span class='ocrx_word' id='word_1_380' title='bbox 2811 806 2844 874; x_wconf 81' lang='grc' dir='ltr'>ἡ</span> <span class='ocrx_word' id='word_1_381' title='bbox 2874 803 3070 875; x_wconf 82' lang='grc' dir='ltr'>καρδία</span> <span class='ocrx_word' id='word_1_382' title='bbox 3097 802 3191 856; x_wconf 88' lang='grc' dir='ltr'><strong>τοῦ</strong></span> <span class='ocrx_word' id='word_1_383' title='bbox 3221 803 3352 857; x_wconf 89' lang='grc' dir='ltr'>λαοῦ</span> <span class='ocrx_word' id='word_1_384' title='bbox 3372 804 3584 867; x_wconf 77' lang='grc' dir='ltr'>τούτου,</span> <span class='ocrx_word' id='word_1_385' title='bbox 3615 821 3633 853; x_wconf 73' lang='grc' dir='ltr'><strong>ι</strong></span> <span class='ocrx_word' id='word_1_386' title='bbox 3660 803 3754 857; x_wconf 71' lang='grc' dir='ltr'>καὶ</span> 
     </span>
    </p>
   </div>
   <div class='ocr_carea' id='block_1_50' title="bbox 2172 894 3753 966">
    <p class='ocr_par' dir='ltr' id='par_1_50' title="bbox 2172 894 3753 966">
     <span class='ocr_line' id='line_1_50' title="bbox 2172 894 3753 966; baseline 0 -18"><span class='ocrx_word' id='word_1_387' title='bbox 2172 894 2241 949; x_wconf 81' lang='grc' dir='ltr'>τὰ</span> <span class='ocrx_word' id='word_1_388' title='bbox 2292 894 2438 966; x_wconf 77' lang='grc' dir='ltr'>ἑξῆς.</span> <span class='ocrx_word' id='word_1_389' title='bbox 2487 896 2545 947; x_wconf 88' lang='grc' dir='ltr'>Ὀ</span> <span class='ocrx_word' id='word_1_390' title='bbox 2587 895 2645 949; x_wconf 84' lang='grc' dir='ltr'><strong>δὲ</strong></span> <span class='ocrx_word' id='word_1_391' title='bbox 2678 895 2931 966; x_wconf 77' lang='grc' dir='ltr'><strong>Ἰωάννης</strong></span> <span class='ocrx_word' id='word_1_392' title='bbox 2982 898 3062 960; x_wconf 84' lang='grc' dir='ltr'><strong>είς</strong></span> <span class='ocrx_word' id='word_1_393' title='bbox 3117 895 3209 949; x_wconf 83' lang='grc' dir='ltr'><strong>τὸν</strong></span> <span class='ocrx_word' id='word_1_394' title='bbox 3254 895 3382 949; x_wconf 84' lang='grc' dir='ltr'>Υἱὸν</span> <span class='ocrx_word' id='word_1_395' title='bbox 3426 894 3753 966; x_wconf 69' lang='grc' dir='ltr'>ἐκλαμϐάνει</span> 
     </span>
    </p>
   </div>
   <div class='ocr_carea' id='block_1_51' title="bbox 2173 987 3754 1061">
    <p class='ocr_par' dir='ltr' id='par_1_51' title="bbox 2173 987 3754 1061">
     <span class='ocr_line' id='line_1_51' title="bbox 2173 987 3754 1061; baseline -0.001 -20"><span class='ocrx_word' id='word_1_396' title='bbox 2173 987 2374 1043; x_wconf 82' lang='grc' dir='ltr'>ταῦτα·</span> <span class='ocrx_word' id='word_1_397' title='bbox 2420 987 2569 1057; x_wconf 83' lang='grc' dir='ltr'><strong>λέγει</strong></span> <span class='ocrx_word' id='word_1_398' title='bbox 2604 988 2714 1061; x_wconf 87' lang='grc' dir='ltr'>γάρ</span> <span class='ocrx_word' id='word_1_399' title='bbox 2735 1005 2750 1019; x_wconf 89' lang='grc'><strong>·</strong></span> <span class='ocrx_word' id='word_1_400' title='bbox 2789 1006 2809 1040; x_wconf 75' lang='grc' dir='ltr'><strong>ι</strong></span> <span class='ocrx_word' id='word_1_401' title='bbox 2839 987 3089 1042; x_wconf 83' lang='grc' dir='ltr'>Τοσαῦτα</span> <span class='ocrx_word' id='word_1_402' title='bbox 3128 988 3187 1043; x_wconf 84' lang='grc' dir='ltr'><strong>δὲ</strong></span> <span class='ocrx_word' id='word_1_403' title='bbox 3220 987 3384 1041; x_wconf 82' lang='grc' dir='ltr'>αὐτοῦ</span> <span class='ocrx_word' id='word_1_404' title='bbox 3429 991 3629 1059; x_wconf 85' lang='grc' dir='ltr'>σημεῖα</span> <span class='ocrx_word' id='word_1_405' title='bbox 3659 1005 3754 1040; x_wconf 85' lang='grc' dir='ltr'>πε-</span> 
     </span>
    </p>
   </div>
   <div class='ocr_carea' id='block_1_52' title="bbox 2175 1078 3754 1152">
    <p class='ocr_par' dir='ltr' id='par_1_52' title="bbox 2175 1078 3754 1152">
     <span class='ocr_line' id='line_1_52' title="bbox 2175 1078 3754 1152; baseline -0.001 -19"><span class='ocrx_word' id='word_1_406' title='bbox 2175 1079 2462 1152; x_wconf 83' lang='grc' dir='ltr'>ποιηκότος</span> <span class='ocrx_word' id='word_1_407' title='bbox 2532 1078 2842 1151; x_wconf 78' lang='grc' dir='ltr'>ἔμπροσθεν</span> <span class='ocrx_word' id='word_1_408' title='bbox 2881 1079 3082 1144; x_wconf 75' lang='grc' dir='ltr'>αὐτῶν,</span> <span class='ocrx_word' id='word_1_409' title='bbox 3147 1079 3247 1133; x_wconf 82' lang='grc' dir='ltr'><strong>οὐκ</strong></span> <span class='ocrx_word' id='word_1_410' title='bbox 3294 1079 3618 1133; x_wconf 81' lang='grc' dir='ltr'>ἐπίστευσαν</span> <span class='ocrx_word' id='word_1_411' title='bbox 3677 1081 3754 1143; x_wconf 79' lang='grc' dir='ltr'><strong>είς</strong></span> 
     </span>
    </p>
   </div>
   <div class='ocr_carea' id='block_1_53' title="bbox 2173 1169 3750 1243">
    <p class='ocr_par' dir='ltr' id='par_1_53' title="bbox 2173 1169 3750 1243">
     <span class='ocr_line' id='line_1_53' title="bbox 2173 1169 3750 1243; baseline 0.001 -20"><span class='ocrx_word' id='word_1_412' title='bbox 2173 1170 2355 1233; x_wconf 81' lang='grc' dir='ltr'>αὑτὸν,</span> <span class='ocrx_word' id='word_1_413' title='bbox 2389 1170 2478 1223; x_wconf 82' lang='grc' dir='ltr'><strong>ἵνα</strong></span> <span class='ocrx_word' id='word_1_414' title='bbox 2509 1170 2538 1222; x_wconf 96' lang='lat'><strong>6</strong></span> <span class='ocrx_word' id='word_1_415' title='bbox 2582 1169 2739 1239; x_wconf 89' lang='grc' dir='ltr'>λόγος</span> <span class='ocrx_word' id='word_1_416' title='bbox 2781 1170 3002 1224; x_wconf 83' lang='grc' dir='ltr'>Ἡσαΐου</span> <span class='ocrx_word' id='word_1_417' title='bbox 3025 1169 3119 1223; x_wconf 92' lang='grc' dir='ltr'><strong>τοῦ</strong></span> <span class='ocrx_word' id='word_1_418' title='bbox 3158 1171 3438 1242; x_wconf 82' lang='grc' dir='ltr'><strong>προφήτου</strong></span> <span class='ocrx_word' id='word_1_419' title='bbox 3470 1170 3750 1243; x_wconf 78' lang='grc' dir='ltr'><strong>πληρωθῇ,</strong></span> 
     </span>
    </p>
   </div>
   <div class='ocr_carea' id='block_1_54' title="bbox 2171 1257 3754 1334">
    <p class='ocr_par' dir='ltr' id='par_1_54' title="bbox 2171 1257 3754 1334">
     <span class='ocr_line' id='line_1_54' title="bbox 2171 1257 3754 1334; baseline 0.001 -20"><span class='ocrx_word' id='word_1_420' title='bbox 2171 1260 2231 1314; x_wconf 86' lang='lat' dir='ltr'><strong>6v</strong></span> <span class='ocrx_word' id='word_1_421' title='bbox 2256 1257 2405 1315; x_wconf 83' lang='grc' dir='ltr'>εἷπε·</span> <span class='ocrx_word' id='word_1_422' title='bbox 2441 1279 2461 1313; x_wconf 75' lang='grc' dir='ltr'><strong>ι</strong></span> <span class='ocrx_word' id='word_1_423' title='bbox 2497 1258 2691 1334; x_wconf 78' lang='grc' dir='ltr'>Κύριε,</span> <span class='ocrx_word' id='word_1_424' title='bbox 2723 1258 2805 1326; x_wconf 87' lang='grc' dir='ltr'><strong>τίς</strong></span> <span class='ocrx_word' id='word_1_425' title='bbox 2841 1258 3125 1316; x_wconf 66' lang='grc' dir='ltr'>ὲτὲίστευσε</span> <span class='ocrx_word' id='word_1_426' title='bbox 3153 1264 3221 1332; x_wconf 78' lang='grc' dir='ltr'>τῇ</span> <span class='ocrx_word' id='word_1_427' title='bbox 3252 1262 3388 1332; x_wconf 81' lang='grc' dir='ltr'>ἀκοῇ</span> <span class='ocrx_word' id='word_1_428' title='bbox 3425 1261 3614 1333; x_wconf 81' lang='grc' dir='ltr'><strong>ήμῶν;</strong></span> <span class='ocrx_word' id='word_1_429' title='bbox 3662 1264 3754 1316; x_wconf 76' lang='grc' dir='ltr'>καὶ</span> 
     </span>
    </p>
   </div>
   <div class='ocr_carea' id='block_1_55' title="bbox 2172 1349 3753 1426">
    <p class='ocr_par' dir='ltr' id='par_1_55' title="bbox 2172 1349 3753 1426">
     <span class='ocr_line' id='line_1_55' title="bbox 2172 1349 3753 1426; baseline -0.001 -19"><span class='ocrx_word' id='word_1_430' title='bbox 2172 1355 2201 1407; x_wconf 98' lang='lat'><strong>6</strong></span> <span class='ocrx_word' id='word_1_431' title='bbox 2231 1353 2471 1425; x_wconf 84' lang='grc' dir='ltr'>βραχίων</span> <span class='ocrx_word' id='word_1_432' title='bbox 2503 1352 2709 1426; x_wconf 73' lang='grc' dir='ltr'>Κυρίου</span> <span class='ocrx_word' id='word_1_433' title='bbox 2739 1355 2846 1408; x_wconf 87' lang='grc' dir='ltr'>τίνι</span> <span class='ocrx_word' id='word_1_434' title='bbox 2878 1354 3240 1425; x_wconf 62' lang='grc' dir='ltr'>ὼπεκαλύφθη</span> <span class='ocrx_word' id='word_1_435' title='bbox 3264 1371 3279 1420; x_wconf 91' lang='lat'><strong>;</strong></span> <span class='ocrx_word' id='word_1_436' title='bbox 3309 1354 3492 1409; x_wconf 87' lang='grc' dir='ltr'>Ταῦτα</span> <span class='ocrx_word' id='word_1_437' title='bbox 3522 1354 3578 1408; x_wconf 89' lang='grc' dir='ltr'><strong>δὲ</strong></span> <span class='ocrx_word' id='word_1_438' title='bbox 3602 1349 3753 1407; x_wconf 70' lang='grc' dir='ltr'>εἶπεν</span> 
     </span>
    </p>
   </div>
   <div class='ocr_carea' id='block_1_56' title="bbox 2186 1443 3752 1520">
    <p class='ocr_par' dir='ltr' id='par_1_56' title="bbox 2186 1443 3752 1520">
     <span class='ocr_line' id='line_1_56' title="bbox 2186 1443 3752 1520; baseline -0.001 -21"><span class='ocrx_word' id='word_1_439' title='bbox 2186 1445 2432 1510; x_wconf 83' lang='grc' dir='ltr'>Ἢσαῖας,</span> <span class='ocrx_word' id='word_1_440' title='bbox 2459 1443 2802 1518; x_wconf 71' lang='grc' dir='ltr'>ὅτεέἷδετὴν</span> <span class='ocrx_word' id='word_1_441' title='bbox 2830 1444 2986 1512; x_wconf 74' lang='grc' dir='ltr'>δόξαν</span> <span class='ocrx_word' id='word_1_442' title='bbox 3020 1447 3205 1504; x_wconf 82' lang='grc' dir='ltr'>αὑτοῦ.</span> <span class='ocrx_word' id='word_1_443' title='bbox 3232 1466 3262 1501; x_wconf 77' lang='grc'>·›</span> <span class='ocrx_word' id='word_1_444' title='bbox 3294 1446 3431 1520; x_wconf 80' lang='grc' dir='ltr'>Περὶ</span> <span class='ocrx_word' id='word_1_445' title='bbox 3456 1446 3552 1500; x_wconf 87' lang='grc' dir='ltr'><strong>τοῦ</strong></span> <span class='ocrx_word' id='word_1_446' title='bbox 3578 1444 3752 1500; x_wconf 73' lang='grc' dir='ltr'>Πνεῦ-</span> 
     </span>
    </p>
   </div>
   <div class='ocr_carea' id='block_1_57' title="bbox 2177 1536 3754 1611">
    <p class='ocr_par' dir='ltr' id='par_1_57' title="bbox 2177 1536 3754 1611">
     <span class='ocr_line' id='line_1_57' title="bbox 2177 1536 3754 1611; baseline -0.001 -20"><span class='ocrx_word' id='word_1_447' title='bbox 2177 1554 2345 1609; x_wconf 88' lang='grc' dir='ltr'>ματος</span> <span class='ocrx_word' id='word_1_448' title='bbox 2376 1536 2433 1592; x_wconf 80' lang='grc' dir='ltr'><strong>δὲ</strong></span> <span class='ocrx_word' id='word_1_449' title='bbox 2461 1539 2490 1591; x_wconf 98' lang='lat'><strong>6</strong></span> <span class='ocrx_word' id='word_1_450' title='bbox 2514 1537 2726 1602; x_wconf 83' lang='grc' dir='ltr'>Παῦλος</span> <span class='ocrx_word' id='word_1_451' title='bbox 2748 1538 3128 1611; x_wconf 72' lang='grc' dir='ltr'>διαλεγόμενος</span> <span class='ocrx_word' id='word_1_452' title='bbox 3157 1541 3269 1604; x_wconf 88' lang='grc' dir='ltr'>τοῖς</span> <span class='ocrx_word' id='word_1_453' title='bbox 3300 1540 3359 1593; x_wconf 82' lang='grc' dir='ltr'>ὲν</span> <span class='ocrx_word' id='word_1_454' title='bbox 3400 1536 3584 1611; x_wconf 77' lang='grc' dir='ltr'><strong>Ῥώμῃ</strong></span> <span class='ocrx_word' id='word_1_455' title='bbox 3625 1539 3754 1591; x_wconf 67' lang='grc' dir='ltr'>’1ουο</span> 
     </span>
    </p>
   </div>
   <div class='ocr_carea' id='block_1_58' title="bbox 2170 1627 3753 1703">
    <p class='ocr_par' dir='ltr' id='par_1_58' title="bbox 2170 1627 3753 1703">
     <span class='ocr_line' id='line_1_58' title="bbox 2170 1627 3753 1703; baseline -0.001 -18"><span class='ocrx_word' id='word_1_456' title='bbox 2170 1629 2361 1695; x_wconf 84' lang='grc' dir='ltr'>δαίοις,</span> <span class='ocrx_word' id='word_1_457' title='bbox 2400 1627 2521 1685; x_wconf 82' lang='grc' dir='ltr'>εἷπε</span> <span class='ocrx_word' id='word_1_458' title='bbox 2540 1647 2554 1661; x_wconf 88' lang='grc'><strong>·</strong></span> <span class='ocrx_word' id='word_1_459' title='bbox 2592 1649 2613 1682; x_wconf 71' lang='grc' dir='ltr'><strong>ι</strong></span> <span class='ocrx_word' id='word_1_460' title='bbox 2655 1630 2854 1696; x_wconf 84' lang='grc' dir='ltr'>Καλῶς</span> <span class='ocrx_word' id='word_1_461' title='bbox 2894 1627 3013 1685; x_wconf 76' lang='grc' dir='ltr'>εἷπε</span> <span class='ocrx_word' id='word_1_462' title='bbox 3045 1632 3107 1686; x_wconf 83' lang='grc' dir='ltr'><strong>τὸ</strong></span> <span class='ocrx_word' id='word_1_463' title='bbox 3130 1631 3356 1703; x_wconf 82' lang='grc' dir='ltr'>Πνεῦμα</span> <span class='ocrx_word' id='word_1_464' title='bbox 3382 1631 3443 1685; x_wconf 83' lang='grc' dir='ltr'>τὸ</span> <span class='ocrx_word' id='word_1_465' title='bbox 3486 1631 3640 1700; x_wconf 74' lang='grc' dir='ltr'>ἅγιον</span> <span class='ocrx_word' id='word_1_466' title='bbox 3667 1630 3753 1684; x_wconf 84' lang='grc' dir='ltr'><strong>διὰ</strong></span> 
     </span>
    </p>
   </div>
   <div class='ocr_carea' id='block_1_59' title="bbox 2188 1718 3752 1799">
    <p class='ocr_par' dir='ltr' id='par_1_59' title="bbox 2188 1718 3752 1799">
     <span class='ocr_line' id='line_1_59' title="bbox 2188 1718 3752 1799; baseline -0.001 -20"><span class='ocrx_word' id='word_1_467' title='bbox 2188 1725 2410 1780; x_wconf 69' lang='grc' dir='ltr'>Ἡσαΐου</span> <span class='ocrx_word' id='word_1_468' title='bbox 2435 1718 2529 1779; x_wconf 75' lang='grc' dir='ltr'><strong>τοῦ</strong></span> <span class='ocrx_word' id='word_1_469' title='bbox 2552 1725 2834 1797; x_wconf 83' lang='grc' dir='ltr'>προφήτου</span> <span class='ocrx_word' id='word_1_470' title='bbox 2850 1741 2865 1755; x_wconf 93' lang='grc'><strong>·</strong></span> <span class='ocrx_word' id='word_1_471' title='bbox 2887 1725 3024 1797; x_wconf 74' lang='grc' dir='ltr'>ἀκοῇ</span> <span class='ocrx_word' id='word_1_472' title='bbox 3043 1724 3312 1799; x_wconf 75' lang='grc' dir='ltr'>ἀκούσητε</span> <span class='ocrx_word' id='word_1_473' title='bbox 3330 1726 3379 1790; x_wconf 78' lang='grc' dir='ltr'>(ι</span> <span class='ocrx_word' id='word_1_474' title='bbox 3388 1723 3464 1796; x_wconf 74' lang='grc'><strong>4),</strong></span> <span class='ocrx_word' id='word_1_475' title='bbox 3477 1723 3571 1778; x_wconf 77' lang='grc' dir='ltr'><strong>καὶ</strong></span> <span class='ocrx_word' id='word_1_476' title='bbox 3590 1722 3653 1777; x_wconf 86' lang='grc' dir='ltr'><strong>οὐ</strong></span> <span class='ocrx_word' id='word_1_477' title='bbox 3678 1721 3752 1795; x_wconf 76' lang='grc' dir='ltr'>μὴ</span> 
     </span>
    </p>
   </div>
   <div class='ocr_carea' id='block_1_60' title="bbox 2179 1814 3748 1889">
    <p class='ocr_par' dir='ltr' id='par_1_60' title="bbox 2179 1814 3748 1889">
     <span class='ocr_line' id='line_1_60' title="bbox 2179 1814 3748 1889; baseline -0.001 -19"><span class='ocrx_word' id='word_1_478' title='bbox 2179 1818 2408 1888; x_wconf 78' lang='grc' dir='ltr'>συνῆτεο</span> <span class='ocrx_word' id='word_1_479' title='bbox 2436 1818 2547 1871; x_wconf 78' lang='grc' dir='ltr'>’καὶ</span> <span class='ocrx_word' id='word_1_480' title='bbox 2575 1816 2861 1889; x_wconf 71' lang='grc' dir='ltr'>βλέποντες</span> <span class='ocrx_word' id='word_1_481' title='bbox 2895 1816 3147 1889; x_wconf 69' lang='grc' dir='ltr'>βλὲψητε,</span> <span class='ocrx_word' id='word_1_482' title='bbox 3192 1817 3285 1871; x_wconf 80' lang='grc' dir='ltr'>καὶ</span> <span class='ocrx_word' id='word_1_483' title='bbox 3315 1817 3377 1869; x_wconf 82' lang='grc' dir='ltr'><strong>οὐ</strong></span> <span class='ocrx_word' id='word_1_484' title='bbox 3420 1815 3496 1888; x_wconf 79' lang='grc' dir='ltr'>μὴ</span> <span class='ocrx_word' id='word_1_485' title='bbox 3536 1814 3748 1887; x_wconf 78' lang='grc' dir='ltr'>ῐδητε,ι</span> 
     </span>
    </p>
   </div>
   <div class='ocr_carea' id='block_1_61' title="bbox 2173 1906 2537 1979">
    <p class='ocr_par' dir='ltr' id='par_1_61' title="bbox 2173 1906 2537 1979">
     <span class='ocr_line' id='line_1_61' title="bbox 2173 1906 2537 1979; baseline 0 -16"><span class='ocrx_word' id='word_1_486' title='bbox 2173 1909 2265 1963; x_wconf 79' lang='grc' dir='ltr'>καὶ</span> <span class='ocrx_word' id='word_1_487' title='bbox 2291 1906 2537 1979; x_wconf 32' lang='grc' dir='ltr'><strong>τὰλὲξῆς.</strong></span> 
     </span>
    </p>
   </div>
   <div class='ocr_carea' id='block_1_62' title="bbox 2427 1999 3537 2071">
    <p class='ocr_par' dir='ltr' id='par_1_62' title="bbox 2427 1999 3537 2071">
     <span class='ocr_line' id='line_1_62' title="bbox 2427 1999 3537 2071; baseline -0.005 -12"><span class='ocrx_word' id='word_1_488' title='bbox 2427 2003 2481 2059; x_wconf 89' lang='lat'><strong>9.</strong></span> <span class='ocrx_word' id='word_1_489' title='bbox 2514 2000 2654 2070; x_wconf 80' lang='grc' dir='ltr'>Περὶ</span> <span class='ocrx_word' id='word_1_490' title='bbox 2684 2000 2792 2056; x_wconf 78' lang='grc' dir='ltr'><strong>τοῦ</strong></span> <span class='ocrx_word' id='word_1_491' title='bbox 2816 1999 3202 2069; x_wconf 67' lang='grc' dir='ltr'>καθῆσθιιιτὸ</span> <span class='ocrx_word' id='word_1_492' title='bbox 3230 1999 3492 2071; x_wconf 80' lang='grc' dir='ltr'>Πνεῦμα,</span> <span class='ocrx_word' id='word_1_493' title='bbox 3532 2012 3537 2017; x_wconf 60' lang='grc'><em>”</em></span> 
     </span>
    </p>
   </div>
   <div class='ocr_carea' id='block_1_63' title="bbox 2234 2086 3749 2165">
    <p class='ocr_par' dir='ltr' id='par_1_63' title="bbox 2234 2086 3749 2165">
     <span class='ocr_line' id='line_1_63' title="bbox 2234 2086 3749 2165; baseline -0.002 -17"><span class='ocrx_word' id='word_1_494' title='bbox 2234 2088 2350 2148; x_wconf 69' lang='grc' dir='ltr'><strong>’Ἕκ</strong></span> <span class='ocrx_word' id='word_1_495' title='bbox 2398 2095 2501 2165; x_wconf 81' lang='grc' dir='ltr'>τῆς</span> <span class='ocrx_word' id='word_1_496' title='bbox 2556 2094 2739 2165; x_wconf 87' lang='grc' dir='ltr'>βίϐλου</span> <span class='ocrx_word' id='word_1_497' title='bbox 2772 2088 3023 2157; x_wconf 81' lang='grc' dir='ltr'>’Μωσέως</span> <span class='ocrx_word' id='word_1_498' title='bbox 3075 2088 3138 2146; x_wconf 74' lang='grc' dir='ltr'>οὗ</span> <span class='ocrx_word' id='word_1_499' title='bbox 3192 2092 3349 2164; x_wconf 86' lang='grc' dir='ltr'>μόνον</span> <span class='ocrx_word' id='word_1_500' title='bbox 3415 2086 3749 2165; x_wconf 50' lang='grc' dir='ltr'>’καθῆμενοῆ</span> 
     </span>
    </p>
   </div>
   <div class='ocr_carea' id='block_1_64' title="bbox 2172 2179 3753 2256">
    <p class='ocr_par' dir='ltr' id='par_1_64' title="bbox 2172 2179 3753 2256">
     <span class='ocr_line' id='line_1_64' title="bbox 2172 2179 3753 2256; baseline -0.003 -17"><span class='ocrx_word' id='word_1_501' title='bbox 2172 2183 2308 2239; x_wconf 83' lang='grc' dir='ltr'>ἀλλὰ</span> <span class='ocrx_word' id='word_1_502' title='bbox 2334 2180 2447 2239; x_wconf 67' lang='grc' dir='ltr'>’καὶ</span> <span class='ocrx_word' id='word_1_503' title='bbox 2497 2183 2909 2256; x_wconf 74' lang='grc' dir='ltr'>συγκαθήμενον</span> <span class='ocrx_word' id='word_1_504' title='bbox 2952 2183 3017 2237; x_wconf 81' lang='grc' dir='ltr'>τὸ</span> <span class='ocrx_word' id='word_1_505' title='bbox 3043 2179 3268 2255; x_wconf 80' lang='grc' dir='ltr'>Πνεῦμα</span> <span class='ocrx_word' id='word_1_506' title='bbox 3293 2183 3359 2237; x_wconf 81' lang='grc' dir='ltr'><strong>’τὸ</strong></span> <span class='ocrx_word' id='word_1_507' title='bbox 3384 2183 3539 2253; x_wconf 78' lang='grc' dir='ltr'>ἅγιον</span> <span class='ocrx_word' id='word_1_508' title='bbox 3577 2181 3753 2254; x_wconf 85' lang='grc' dir='ltr'>Πατρὶ</span> 
     </span>
    </p>
   </div>
   <div class='ocr_carea' id='block_1_65' title="bbox 2172 2268 3751 2348">
    <p class='ocr_par' dir='ltr' id='par_1_65' title="bbox 2172 2268 3751 2348">
     <span class='ocr_line' id='line_1_65' title="bbox 2172 2268 3751 2348; baseline -0.001 -19"><span class='ocrx_word' id='word_1_509' title='bbox 2172 2277 2266 2329; x_wconf 77' lang='lat' dir='ltr'><strong>xal.</strong></span> <span class='ocrx_word' id='word_1_510' title='bbox 2294 2273 2410 2347; x_wconf 83' lang='grc' dir='ltr'><strong>Υίῷ</strong></span> <span class='ocrx_word' id='word_1_511' title='bbox 2436 2268 2733 2330; x_wconf 79' lang='grc' dir='ltr'>δείκνυται.</span> <span class='ocrx_word' id='word_1_512' title='bbox 2771 2276 2867 2329; x_wconf 85' lang='grc' dir='ltr'>Ἐκ</span> <span class='ocrx_word' id='word_1_513' title='bbox 2894 2271 2995 2347; x_wconf 81' lang='grc' dir='ltr'>τῆς</span> <span class='ocrx_word' id='word_1_514' title='bbox 3025 2269 3119 2329; x_wconf 72' lang='grc' dir='ltr'><strong>οὖν</strong></span> <span class='ocrx_word' id='word_1_515' title='bbox 3145 2273 3460 2348; x_wconf 77' lang='grc' dir='ltr'>πρεπούσης</span> <span class='ocrx_word' id='word_1_516' title='bbox 3491 2272 3751 2345; x_wconf 77' lang='grc' dir='ltr'>ἱστορίας.</span> 
     </span>
    </p>
   </div>
   <div class='ocr_carea' id='block_1_66' title="bbox 2175 2360 3756 2440">
    <p class='ocr_par' dir='ltr' id='par_1_66' title="bbox 2175 2360 3756 2440">
     <span class='ocr_line' id='line_1_66' title="bbox 2175 2360 3756 2440; baseline -0.001 -20"><span class='ocrx_word' id='word_1_517' title='bbox 2175 2368 2465 2440; x_wconf 85' lang='grc' dir='ltr'>Ὥρμημαι</span> <span class='ocrx_word' id='word_1_518' title='bbox 2644 2367 2702 2420; x_wconf 84' lang='grc' dir='ltr'><strong>δὲ</strong></span> <span class='ocrx_word' id='word_1_519' title='bbox 2722 2362 2829 2420; x_wconf 66' lang='grc' dir='ltr'><strong>’ἐπὶ</strong></span> <span class='ocrx_word' id='word_1_520' title='bbox 2867 2366 3119 2440; x_wconf 83' lang='grc' dir='ltr'>Ἀϐραάμ</span> <span class='ocrx_word' id='word_1_521' title='bbox 3138 2383 3153 2398; x_wconf 79' lang='grc' dir='ltr'><strong>ο</strong></span> <span class='ocrx_word' id='word_1_522' title='bbox 3185 2384 3206 2418; x_wconf 75' lang='grc' dir='ltr'><strong>ι</strong></span> <span class='ocrx_word' id='word_1_523' title='bbox 3239 2365 3414 2438; x_wconf 84' lang='grc' dir='ltr'>Ὠφθη</span> <span class='ocrx_word' id='word_1_524' title='bbox 3462 2367 3492 2420; x_wconf 95' lang='lat'><strong>6</strong></span> <span class='ocrx_word' id='word_1_525' title='bbox 3522 2364 3655 2430; x_wconf 75' lang='grc' dir='ltr'>Θεὸς</span> <span class='ocrx_word' id='word_1_526' title='bbox 3677 2363 3756 2436; x_wconf 80' lang='grc' dir='ltr'>τῷ</span> 
     </span>
    </p>
   </div>
   <div class='ocr_carea' id='block_1_67' title="bbox 2186 2456 3756 2533">
    <p class='ocr_par' dir='ltr' id='par_1_67' title="bbox 2186 2456 3756 2533">
     <span class='ocr_line' id='line_1_67' title="bbox 2186 2456 3756 2533; baseline 0 -21"><span class='ocrx_word' id='word_1_527' title='bbox 2186 2457 2580 2533; x_wconf 54' lang='grc' dir='ltr'>Ἀϐραὰμηιαλ.</span> <span class='ocrx_word' id='word_1_528' title='bbox 2607 2458 2714 2513; x_wconf 78' lang='grc' dir='ltr'>ἰδοὺ</span> <span class='ocrx_word' id='word_1_529' title='bbox 2737 2459 2928 2531; x_wconf 80' lang='grc' dir='ltr'>ἄνδρες</span> <span class='ocrx_word' id='word_1_530' title='bbox 2955 2461 3125 2530; x_wconf 83' lang='grc' dir='ltr'>τρεῖς,</span> <span class='ocrx_word' id='word_1_531' title='bbox 3148 2457 3242 2524; x_wconf 78' lang='grc' dir='ltr'><strong>οὒς</strong></span> <span class='ocrx_word' id='word_1_532' title='bbox 3272 2458 3366 2512; x_wconf 76' lang='grc' dir='ltr'><strong>καὶ</strong></span> <span class='ocrx_word' id='word_1_533' title='bbox 3394 2456 3630 2523; x_wconf 75' lang='grc' dir='ltr'>ἐξένισεν</span> <span class='ocrx_word' id='word_1_534' title='bbox 3650 2456 3756 2512; x_wconf 69' lang='grc' dir='ltr'><strong>ὑπὸ</strong></span> 
     </span>
    </p>
   </div>
   <div class='ocr_carea' id='block_1_68' title="bbox 2172 2546 3755 2629">
    <p class='ocr_par' dir='ltr' id='par_1_68' title="bbox 2172 2546 3755 2629">
     <span class='ocr_line' id='line_1_68' title="bbox 2172 2546 3755 2629; baseline -0.002 -25"><span class='ocrx_word' id='word_1_535' title='bbox 2172 2550 2272 2623; x_wconf 82' lang='grc' dir='ltr'>τὴν</span> <span class='ocrx_word' id='word_1_536' title='bbox 2304 2548 2457 2621; x_wconf 86' lang='grc' dir='ltr'>δρῦν,</span> <span class='ocrx_word' id='word_1_537' title='bbox 2491 2550 2543 2604; x_wconf 79' lang='grc' dir='ltr'>οἳ</span> <span class='ocrx_word' id='word_1_538' title='bbox 2581 2549 2968 2622; x_wconf 72' lang='grc' dir='ltr'>ἐξανέστησαν,</span> <span class='ocrx_word' id='word_1_539' title='bbox 2998 2549 3387 2629; x_wconf 73' lang='grc' dir='ltr'>ἐπιϐλέψαντες</span> <span class='ocrx_word' id='word_1_540' title='bbox 3413 2548 3506 2602; x_wconf 70' lang='grc' dir='ltr'><strong>ἐπὶ</strong></span> <span class='ocrx_word' id='word_1_541' title='bbox 3538 2546 3755 2620; x_wconf 82' lang='grc' dir='ltr'>πρόσω-</span> 
     </span>
    </p>
   </div>
   <div class='ocr_carea' id='block_1_69' title="bbox 2175 2640 3757 2715">
    <p class='ocr_par' dir='ltr' id='par_1_69' title="bbox 2175 2640 3757 2715">
     <span class='ocr_line' id='line_1_69' title="bbox 2175 2640 3757 2715; baseline -0.001 -19"><span class='ocrx_word' id='word_1_542' title='bbox 2175 2658 2276 2696; x_wconf 88' lang='grc' dir='ltr'><strong>πον</strong></span> <span class='ocrx_word' id='word_1_543' title='bbox 2299 2641 2568 2713; x_wconf 88' lang='grc' dir='ltr'>Σοδόμων.</span> <span class='ocrx_word' id='word_1_544' title='bbox 2610 2661 2629 2694; x_wconf 75' lang='grc' dir='ltr'><strong>ι</strong></span> <span class='ocrx_word' id='word_1_545' title='bbox 2665 2641 2738 2695; x_wconf 84' lang='lat' dir='ltr'><strong>T6</strong></span> <span class='ocrx_word' id='word_1_546' title='bbox 2769 2642 2848 2706; x_wconf 82' lang='grc' dir='ltr'>δὲ,</span> <span class='ocrx_word' id='word_1_547' title='bbox 2885 2661 2905 2694; x_wconf 78' lang='grc' dir='ltr'><strong>ι</strong></span> <span class='ocrx_word' id='word_1_548' title='bbox 2942 2641 3326 2715; x_wconf 77' lang='grc' dir='ltr'>ἐξανέστησαν,</span> <span class='ocrx_word' id='word_1_549' title='bbox 3361 2661 3380 2694; x_wconf 74' lang='grc' dir='ltr'><strong>ι</strong></span> <span class='ocrx_word' id='word_1_550' title='bbox 3417 2640 3757 2697; x_wconf 77' lang='grc' dir='ltr'>καθισάντων</span> 
     </span>
    </p>
   </div>
   <div class='ocr_carea' id='block_1_70' title="bbox 2173 2728 3756 2807">
    <p class='ocr_par' dir='ltr' id='par_1_70' title="bbox 2173 2728 3756 2807">
     <span class='ocr_line' id='line_1_70' title="bbox 2173 2728 3756 2807; baseline -0.001 -19"><span class='ocrx_word' id='word_1_551' title='bbox 2173 2734 2291 2788; x_wconf 69' lang='grc' dir='ltr'>ἐστὶ</span> <span class='ocrx_word' id='word_1_552' title='bbox 2321 2732 2587 2806; x_wconf 82' lang='grc' dir='ltr'>σημασία.</span> <span class='ocrx_word' id='word_1_553' title='bbox 2627 2733 2764 2787; x_wconf 83' lang='grc' dir='ltr'><strong>Εἰπὲ</strong></span> <span class='ocrx_word' id='word_1_554' title='bbox 2808 2728 2922 2796; x_wconf 83' lang='grc' dir='ltr'>οὖν,</span> <span class='ocrx_word' id='word_1_555' title='bbox 2957 2734 3049 2787; x_wconf 71' lang='grc' dir='ltr'><strong>ἐπὶ</strong></span> <span class='ocrx_word' id='word_1_556' title='bbox 3084 2733 3186 2804; x_wconf 79' lang='grc' dir='ltr'><strong>τῆς</strong></span> <span class='ocrx_word' id='word_1_557' title='bbox 3211 2732 3491 2807; x_wconf 77' lang='grc' dir='ltr'>τραπέζης</span> <span class='ocrx_word' id='word_1_558' title='bbox 3520 2733 3570 2787; x_wconf 70' lang='lat' dir='ltr'><strong>oi</strong></span> <span class='ocrx_word' id='word_1_559' title='bbox 3607 2730 3756 2805; x_wconf 76' lang='grc' dir='ltr'>τρεῖς</span> 
     </span>
    </p>
   </div>
   <div class='ocr_carea' id='block_1_71' title="bbox 2174 2818 3757 2895">
    <p class='ocr_par' dir='ltr' id='par_1_71' title="bbox 2174 2818 3757 2895">
     <span class='ocr_line' id='line_1_71' title="bbox 2174 2818 3757 2895; baseline -0.003 -16"><span class='ocrx_word' id='word_1_560' title='bbox 2174 2823 2455 2888; x_wconf 75' lang='grc' dir='ltr'>ἐκάθισαν,</span> <span class='ocrx_word' id='word_1_561' title='bbox 2488 2823 2522 2895; x_wconf 82' lang='grc' dir='ltr'>ἢ</span> <span class='ocrx_word' id='word_1_562' title='bbox 2552 2822 2649 2889; x_wconf 64' lang='lat' dir='ltr'><strong>ob;</strong></span> <span class='ocrx_word' id='word_1_563' title='bbox 2682 2823 2874 2895; x_wconf 73' lang='grc' dir='ltr'>Φησὶν,</span> <span class='ocrx_word' id='word_1_564' title='bbox 2897 2822 3207 2878; x_wconf 83' lang='grc' dir='ltr'>Ἐκάθισαν.</span> <span class='ocrx_word' id='word_1_565' title='bbox 3251 2822 3325 2877; x_wconf 82' lang='grc' dir='ltr'><strong>Τὸ</strong></span> <span class='ocrx_word' id='word_1_566' title='bbox 3365 2818 3458 2877; x_wconf 85' lang='grc' dir='ltr'><strong>οὖν</strong></span> <span class='ocrx_word' id='word_1_567' title='bbox 3488 2820 3757 2895; x_wconf 82' lang='grc' dir='ltr'>καθῆσθαι</span> 
     </span>
    </p>
   </div>
   <div class='ocr_carea' id='block_1_72' title="bbox 2174 2910 3760 2984">
    <p class='ocr_par' dir='ltr' id='par_1_72' title="bbox 2174 2910 3760 2984">
     <span class='ocr_line' id='line_1_72' title="bbox 2174 2910 3760 2984; baseline -0.004 -15"><span class='ocrx_word' id='word_1_568' title='bbox 2174 2915 2266 2970; x_wconf 76' lang='grc' dir='ltr'><strong>ἐπὶ</strong></span> <span class='ocrx_word' id='word_1_569' title='bbox 2294 2915 2355 2969; x_wconf 80' lang='grc' dir='ltr'><strong>τὸ</strong></span> <span class='ocrx_word' id='word_1_570' title='bbox 2382 2913 2517 2968; x_wconf 73' lang='grc' dir='ltr'>αὐτὸ</span> <span class='ocrx_word' id='word_1_571' title='bbox 2547 2914 2871 2984; x_wconf 80' lang='grc' dir='ltr'>συγκαθίσαι</span> <span class='ocrx_word' id='word_1_572' title='bbox 2901 2911 3069 2967; x_wconf 70' lang='grc' dir='ltr'>ἐστίν.</span> <span class='ocrx_word' id='word_1_573' title='bbox 3108 2913 3197 2967; x_wconf 84' lang='grc' dir='ltr'>Ἕν</span> <span class='ocrx_word' id='word_1_574' title='bbox 3222 2912 3278 2966; x_wconf 79' lang='grc' dir='ltr'><strong>δὲ</strong></span> <span class='ocrx_word' id='word_1_575' title='bbox 3308 2911 3387 2982; x_wconf 81' lang='grc' dir='ltr'>τῷ</span> <span class='ocrx_word' id='word_1_576' title='bbox 3410 2910 3626 2981; x_wconf 82' lang='grc' dir='ltr'>Δανιὴλ,</span> <span class='ocrx_word' id='word_1_577' title='bbox 3651 2911 3760 2964; x_wconf 80' lang='grc' dir='ltr'><strong>Σω-</strong></span> 
     </span>
    </p>
   </div>
   <div class='ocr_carea' id='block_1_73' title="bbox 2175 2998 3754 3076">
    <p class='ocr_par' dir='ltr' id='par_1_73' title="bbox 2175 2998 3754 3076">
     <span class='ocr_line' id='line_1_73' title="bbox 2175 2998 3754 3076; baseline -0.003 -18"><span class='ocrx_word' id='word_1_578' title='bbox 2175 3004 2375 3075; x_wconf 83' lang='grc' dir='ltr'>σάννης</span> <span class='ocrx_word' id='word_1_579' title='bbox 2424 3002 2778 3076; x_wconf 75' lang='grc' dir='ltr'>ἀπαγομένης</span> <span class='ocrx_word' id='word_1_580' title='bbox 2829 3002 3225 3075; x_wconf 83' lang='grc' dir='ltr'>θανατωθῆναι,</span> <span class='ocrx_word' id='word_1_581' title='bbox 3270 2999 3417 3071; x_wconf 82' lang='grc' dir='ltr'>λέγει</span> <span class='ocrx_word' id='word_1_582' title='bbox 3450 3001 3485 3072; x_wconf 74' lang='grc' dir='ltr'>ἡ</span> <span class='ocrx_word' id='word_1_583' title='bbox 3531 2998 3754 3070; x_wconf 74' lang='grc' dir='ltr'>Γραφή·</span> 
     </span>
    </p>
   </div>
   <div class='ocr_carea' id='block_1_74' title="bbox 901 3090 2068 3186">
    <p class='ocr_par' dir='ltr' id='par_1_74' title="bbox 901 3090 2068 3163">
     <span class='ocr_line' id='line_1_74' title="bbox 901 3090 2068 3163; baseline -0.002 -17"><span class='ocrx_word' id='word_1_584' title='bbox 901 3112 921 3146; x_wconf 72' lang='grc' dir='ltr'><strong>ι</strong></span> <span class='ocrx_word' id='word_1_585' title='bbox 969 3093 1268 3150; x_wconf 80' lang='lat' dir='ltr'><strong>Suscitavit</strong></span> <span class='ocrx_word' id='word_1_586' title='bbox 1306 3092 1451 3148; x_wconf 90' lang='lat' dir='ltr'><strong>Deus</strong></span> <span class='ocrx_word' id='word_1_587' title='bbox 1488 3090 1771 3163; x_wconf 85' lang='lat' dir='ltr'><strong>Spiritum</strong></span> <span class='ocrx_word' id='word_1_588' title='bbox 1818 3097 2068 3147; x_wconf 86' lang='lat' dir='ltr'><strong>sanctum</strong></span> 
     </span>
    </p>
   </div>
   <div class='ocr_carea' id='block_1_75' title="bbox 2175 3090 3754 3186">
    <p class='ocr_par' dir='ltr' id='par_1_75' title="bbox 2179 3091 3754 3186">
     <span class='ocr_line' id='line_1_75' title="bbox 2179 3091 3754 3186; baseline -0.005 -35"><span class='ocrx_word' id='word_1_589' title='bbox 2179 3114 2211 3186; x_wconf 50' lang='grc' dir='ltr'><strong>ξ</strong></span> <span class='ocrx_word' id='word_1_590' title='bbox 2250 3096 2614 3170; x_wconf 68' lang='grc' dir='ltr'>Ἐξήγειρενύ</span> <span class='ocrx_word' id='word_1_591' title='bbox 2645 3091 2778 3161; x_wconf 59' lang='grc' dir='ltr'>Θεὸς</span> <span class='ocrx_word' id='word_1_592' title='bbox 2809 3095 2870 3150; x_wconf 80' lang='grc' dir='ltr'><strong>τὸ</strong></span> <span class='ocrx_word' id='word_1_593' title='bbox 2896 3091 3125 3166; x_wconf 85' lang='grc' dir='ltr'>Πνεῦμα</span> <span class='ocrx_word' id='word_1_594' title='bbox 3167 3092 3229 3147; x_wconf 84' lang='grc' dir='ltr'>τδ</span> <span class='ocrx_word' id='word_1_595' title='bbox 3258 3092 3410 3163; x_wconf 66' lang='grc' dir='ltr'>ἅγιον</span> <span class='ocrx_word' id='word_1_596' title='bbox 3446 3091 3754 3163; x_wconf 80' lang='grc' dir='ltr'>παιδαρίου,</span> 
     </span>
    </p>
   </div>
   <div class='ocr_carea' id='block_1_76' title="bbox 2174 3179 3757 3261">
    <p class='ocr_par' dir='ltr' id='par_1_76' title="bbox 2174 3179 3757 3261">
     <span class='ocr_line' id='line_1_76' title="bbox 2174 3179 3757 3261; baseline -0.006 -17"><span class='ocrx_word' id='word_1_597' title='bbox 2174 3179 2423 3259; x_wconf 68' lang='grc' dir='ltr'>ᾧθνομα</span> <span class='ocrx_word' id='word_1_598' title='bbox 2447 3187 2666 3261; x_wconf 81' lang='grc' dir='ltr'>Δανιήλ.</span> <span class='ocrx_word' id='word_1_599' title='bbox 2713 3206 2731 3240; x_wconf 76' lang='grc' dir='ltr'><strong>ι</strong></span> <span class='ocrx_word' id='word_1_600' title='bbox 2779 3187 2845 3240; x_wconf 85' lang='grc' dir='ltr'>Ἡ</span> <span class='ocrx_word' id='word_1_601' title='bbox 2872 3181 2965 3241; x_wconf 78' lang='grc' dir='ltr'><strong>οῦν</strong></span> <span class='ocrx_word' id='word_1_602' title='bbox 2990 3204 3010 3238; x_wconf 77' lang='grc' dir='ltr'><strong>ι</strong></span> <span class='ocrx_word' id='word_1_603' title='bbox 3045 3185 3375 3257; x_wconf 81' lang='grc' dir='ltr'>ὲξεγέρσεως</span> <span class='ocrx_word' id='word_1_604' title='bbox 3411 3201 3430 3235; x_wconf 76' lang='grc' dir='ltr'><strong>ι</strong></span> <span class='ocrx_word' id='word_1_605' title='bbox 3463 3181 3614 3254; x_wconf 77' lang='grc' dir='ltr'>φωνὴ</span> <span class='ocrx_word' id='word_1_606' title='bbox 3654 3182 3757 3235; x_wconf 78' lang='grc' dir='ltr'>οὐκ</span> 
     </span>
    </p>
   </div>
   <div class='ocr_carea' id='block_1_77' title="bbox 2176 3262 3759 3353">
    <p class='ocr_par' dir='ltr' id='par_1_77' title="bbox 2176 3262 3759 3353">
     <span class='ocr_line' id='line_1_77' title="bbox 2176 3262 3759 3353; baseline -0.005 -18"><span class='ocrx_word' id='word_1_607' title='bbox 2176 3281 2271 3335; x_wconf 71' lang='grc' dir='ltr'><strong>ἐπὶ</strong></span> <span class='ocrx_word' id='word_1_608' title='bbox 2292 3262 2535 3345; x_wconf 57' lang='grc' dir='ltr'>έστῶτος</span> <span class='ocrx_word' id='word_1_609' title='bbox 2578 3262 2933 3353; x_wconf 76' lang='grc' dir='ltr'>λαμϐάνεται,</span> <span class='ocrx_word' id='word_1_610' title='bbox 2966 3278 3081 3333; x_wconf 76' lang='grc' dir='ltr'>ἀλλ’</span> <span class='ocrx_word' id='word_1_611' title='bbox 3102 3278 3197 3332; x_wconf 74' lang='grc' dir='ltr'><strong>ἐπὶ</strong></span> <span class='ocrx_word' id='word_1_612' title='bbox 3227 3275 3534 3348; x_wconf 84' lang='grc' dir='ltr'>καθημένου</span> <span class='ocrx_word' id='word_1_613' title='bbox 3570 3275 3603 3347; x_wconf 71' lang='grc' dir='ltr'><strong>ἢ</strong></span> <span class='ocrx_word' id='word_1_614' title='bbox 3641 3289 3759 3328; x_wconf 86' lang='grc' dir='ltr'>κοι-</span> 
     </span>
    </p>
   </div>
   <div class='ocr_carea' id='block_1_78' title="bbox 2178 3363 3757 3442">
    <p class='ocr_par' dir='ltr' id='par_1_78' title="bbox 2178 3363 3757 3442">
     <span class='ocr_line' id='line_1_78' title="bbox 2178 3363 3757 3442; baseline -0.005 -17"><span class='ocrx_word' id='word_1_615' title='bbox 2178 3368 2464 3442; x_wconf 74' lang='grc' dir='ltr'>μωμένουο</span> <span class='ocrx_word' id='word_1_616' title='bbox 2515 3370 2594 3435; x_wconf 84' lang='grc' dir='ltr'>ὡς</span> <span class='ocrx_word' id='word_1_617' title='bbox 2652 3372 2747 3425; x_wconf 72' lang='grc' dir='ltr'><strong>καὶ</strong></span> <span class='ocrx_word' id='word_1_618' title='bbox 2796 3370 2855 3424; x_wconf 78' lang='grc' dir='ltr'>ἐν</span> <span class='ocrx_word' id='word_1_619' title='bbox 2906 3368 2985 3440; x_wconf 83' lang='grc' dir='ltr'>τῷ</span> <span class='ocrx_word' id='word_1_620' title='bbox 3028 3365 3227 3439; x_wconf 83' lang='grc' dir='ltr'>ψαλμῷ</span> <span class='ocrx_word' id='word_1_621' title='bbox 3273 3365 3455 3436; x_wconf 75' lang='grc' dir='ltr'>λέγει’</span> <span class='ocrx_word' id='word_1_622' title='bbox 3500 3383 3535 3418; x_wconf 69' lang='lat'>1</span> <span class='ocrx_word' id='word_1_623' title='bbox 3597 3363 3757 3435; x_wconf 68' lang='grc' dir='ltr'><strong>Ἐξηι</strong></span> 
     </span>
    </p>
   </div>
   <div class='ocr_carea' id='block_1_79' title="bbox 2175 3458 3762 3536">
    <p class='ocr_par' dir='ltr' id='par_1_79' title="bbox 2175 3458 3762 3536">
     <span class='ocr_line' id='line_1_79' title="bbox 2175 3458 3762 3536; baseline -0.003 -19"><span class='ocrx_word' id='word_1_624' title='bbox 2175 3461 2348 3536; x_wconf 79' lang='grc' dir='ltr'>γέρθη</span> <span class='ocrx_word' id='word_1_625' title='bbox 2373 3460 2486 3535; x_wconf 70' lang='grc' dir='ltr'>με)</span> <span class='ocrx_word' id='word_1_626' title='bbox 2513 3461 2591 3528; x_wconf 86' lang='grc' dir='ltr'>ὡς</span> <span class='ocrx_word' id='word_1_627' title='bbox 2627 3464 2657 3517; x_wconf 90' lang='lat'><strong>6</strong></span> <span class='ocrx_word' id='word_1_628' title='bbox 2686 3461 2869 3516; x_wconf 82' lang='grc' dir='ltr'>ὑπνῶν</span> <span class='ocrx_word' id='word_1_629' title='bbox 2898 3460 3124 3534; x_wconf 79' lang='grc' dir='ltr'>Κύριος,</span> <span class='ocrx_word' id='word_1_630' title='bbox 3151 3461 3229 3525; x_wconf 80' lang='grc' dir='ltr'>ὡς</span> <span class='ocrx_word' id='word_1_631' title='bbox 3258 3458 3489 3523; x_wconf 67' lang='grc' dir='ltr'>δυνατὸς</span> <span class='ocrx_word' id='word_1_632' title='bbox 3529 3458 3627 3513; x_wconf 80' lang='grc' dir='ltr'>καὶ</span> <span class='ocrx_word' id='word_1_633' title='bbox 3666 3472 3762 3512; x_wconf 75' lang='grc' dir='ltr'>κε-</span> 
     </span>
    </p>
   </div>
   <div class='ocr_carea' id='block_1_80' title="bbox 2176 3549 3748 3628">
    <p class='ocr_par' dir='ltr' id='par_1_80' title="bbox 2176 3549 3748 3628">
     <span class='ocr_line' id='line_1_80' title="bbox 2176 3549 3748 3628; baseline -0.004 -18"><span class='ocrx_word' id='word_1_634' title='bbox 2176 3553 2573 3628; x_wconf 86' lang='grc' dir='ltr'>κραιπαληκὼς</span> <span class='ocrx_word' id='word_1_635' title='bbox 2616 3554 2675 3623; x_wconf 72' lang='grc' dir='ltr'>ἐξ</span> <span class='ocrx_word' id='word_1_636' title='bbox 2706 3553 2852 3609; x_wconf 80' lang='grc' dir='ltr'>οίνου</span> <span class='ocrx_word' id='word_1_637' title='bbox 2874 3570 2890 3585; x_wconf 90' lang='grc'><strong>·</strong></span> <span class='ocrx_word' id='word_1_638' title='bbox 2924 3572 2945 3607; x_wconf 73' lang='grc' dir='ltr'><strong>ι</strong></span> <span class='ocrx_word' id='word_1_639' title='bbox 2970 3552 3073 3608; x_wconf 74' lang='grc' dir='ltr'>’καὶ</span> <span class='ocrx_word' id='word_1_640' title='bbox 3106 3552 3201 3618; x_wconf 83' lang='grc' dir='ltr'><strong>τὸ,</strong></span> <span class='ocrx_word' id='word_1_641' title='bbox 3238 3570 3258 3605; x_wconf 77' lang='grc' dir='ltr'><strong>ι</strong></span> <span class='ocrx_word' id='word_1_642' title='bbox 3291 3549 3600 3623; x_wconf 78' lang='grc' dir='ltr'>’Ἐξηγέρθη</span> <span class='ocrx_word' id='word_1_643' title='bbox 3638 3550 3748 3605; x_wconf 76' lang='grc' dir='ltr'><strong>Κύ-</strong></span> 
     </span>
    </p>
   </div>
   <div class='ocr_carea' id='block_1_81' title="bbox 2179 3640 3760 3720">
    <p class='ocr_par' dir='ltr' id='par_1_81' title="bbox 2179 3640 3760 3720">
     <span class='ocr_line' id='line_1_81' title="bbox 2179 3640 3760 3720; baseline -0.004 -19"><span class='ocrx_word' id='word_1_644' title='bbox 2179 3649 2385 3720; x_wconf 78' lang='grc' dir='ltr'>ριοςὲκ</span> <span class='ocrx_word' id='word_1_645' title='bbox 2414 3646 2651 3716; x_wconf 86' lang='grc' dir='ltr'>νεφελῶν</span> <span class='ocrx_word' id='word_1_646' title='bbox 2697 3645 2867 3715; x_wconf 86' lang='grc' dir='ltr'>ἁγίων</span> <span class='ocrx_word' id='word_1_647' title='bbox 2903 3644 3091 3702; x_wconf 82' lang='grc' dir='ltr'>αὐτοῦ.</span> <span class='ocrx_word' id='word_1_648' title='bbox 3129 3662 3149 3697; x_wconf 74' lang='grc' dir='ltr'><strong>ι</strong></span> <span class='ocrx_word' id='word_1_649' title='bbox 3181 3640 3294 3699; x_wconf 70' lang='lat' dir='ltr'><strong>Kal.</strong></span> <span class='ocrx_word' id='word_1_650' title='bbox 3319 3642 3484 3715; x_wconf 72' lang='grc' dir='ltr'>ἄλλης</span> <span class='ocrx_word' id='word_1_651' title='bbox 3502 3641 3760 3714; x_wconf 63' lang='grc' dir='ltr'>λίστορίας</span> 
     </span>
    </p>
   </div>
   <div class='ocr_carea' id='block_1_82' title="bbox 2180 3734 3761 3811">
    <p class='ocr_par' dir='ltr' id='par_1_82' title="bbox 2180 3734 3761 3811">
     <span class='ocr_line' id='line_1_82' title="bbox 2180 3734 3761 3811; baseline -0.001 -19"><span class='ocrx_word' id='word_1_652' title='bbox 2180 3737 2540 3811; x_wconf 85' lang='grc' dir='ltr'>μνημονεύσω</span> <span class='ocrx_word' id='word_1_653' title='bbox 2567 3738 2661 3792; x_wconf 88' lang='grc' dir='ltr'><strong>τοῦ</strong></span> <span class='ocrx_word' id='word_1_654' title='bbox 2684 3736 2901 3810; x_wconf 85' lang='grc' dir='ltr'>Πατρδς</span> <span class='ocrx_word' id='word_1_655' title='bbox 2922 3735 3018 3791; x_wconf 85' lang='grc' dir='ltr'><strong>τοῦ</strong></span> <span class='ocrx_word' id='word_1_656' title='bbox 3045 3737 3273 3810; x_wconf 79' lang='grc' dir='ltr'>Κυρίου,</span> <span class='ocrx_word' id='word_1_657' title='bbox 3302 3736 3441 3810; x_wconf 72' lang='grc' dir='ltr'>πρὸς</span> <span class='ocrx_word' id='word_1_658' title='bbox 3459 3734 3552 3790; x_wconf 83' lang='grc' dir='ltr'>τδν</span> <span class='ocrx_word' id='word_1_659' title='bbox 3582 3735 3761 3791; x_wconf 79' lang='grc' dir='ltr'>Ἰωάν-</span> 
     </span>
    </p>
   </div>
   <div class='ocr_carea' id='block_1_83' title="bbox 2176 3824 3758 3901">
    <p class='ocr_par' dir='ltr' id='par_1_83' title="bbox 2176 3824 3758 3901">
     <span class='ocr_line' id='line_1_83' title="bbox 2176 3824 3758 3901; baseline -0.004 -16"><span class='ocrx_word' id='word_1_660' title='bbox 2176 3847 2274 3901; x_wconf 89' lang='grc' dir='ltr'><strong>νην</strong></span> <span class='ocrx_word' id='word_1_661' title='bbox 2308 3830 2557 3900; x_wconf 84' lang='grc' dir='ltr'>λέγοντος</span> <span class='ocrx_word' id='word_1_662' title='bbox 2574 3845 2588 3861; x_wconf 87' lang='grc'><strong>·</strong></span> <span class='ocrx_word' id='word_1_663' title='bbox 2632 3847 2652 3881; x_wconf 78' lang='grc' dir='ltr'><strong>ι</strong></span> <span class='ocrx_word' id='word_1_664' title='bbox 2702 3830 2818 3898; x_wconf 82' lang='grc' dir='ltr'><strong>Ἐφ’</strong></span> <span class='ocrx_word' id='word_1_665' title='bbox 2855 3828 2916 3883; x_wconf 86' lang='lat' dir='ltr'><strong>6v</strong></span> <span class='ocrx_word' id='word_1_666' title='bbox 2953 3826 3021 3883; x_wconf 81' lang='grc' dir='ltr'><strong>ἂν</strong></span> <span class='ocrx_word' id='word_1_667' title='bbox 3074 3827 3191 3900; x_wconf 74' lang='grc' dir='ltr'><strong>ἴδῃς</strong></span> <span class='ocrx_word' id='word_1_668' title='bbox 3217 3826 3280 3881; x_wconf 83' lang='grc' dir='ltr'>τδ</span> <span class='ocrx_word' id='word_1_669' title='bbox 3322 3824 3549 3898; x_wconf 87' lang='grc' dir='ltr'>Πνεῦμα</span> <span class='ocrx_word' id='word_1_670' title='bbox 3584 3841 3758 3881; x_wconf 80' lang='grc' dir='ltr'>κατα·-</span> 
     </span>
    </p>
   </div>
   <div class='ocr_carea' id='block_1_84' title="bbox 2177 3911 3757 3991">
    <p class='ocr_par' dir='ltr' id='par_1_84' title="bbox 2177 3911 3757 3991">
     <span class='ocr_line' id='line_1_84' title="bbox 2177 3911 3757 3991; baseline -0.004 -16"><span class='ocrx_word' id='word_1_671' title='bbox 2177 3921 2381 3984; x_wconf 84' lang='grc' dir='ltr'>ϐαῖνον,</span> <span class='ocrx_word' id='word_1_672' title='bbox 2436 3920 2532 3975; x_wconf 77' lang='grc' dir='ltr'><strong>καὶ</strong></span> <span class='ocrx_word' id='word_1_673' title='bbox 2582 3919 2745 3991; x_wconf 89' lang='grc' dir='ltr'>μένον</span> <span class='ocrx_word' id='word_1_674' title='bbox 2793 3921 2882 3974; x_wconf 74' lang='grc' dir='ltr'><strong>ἐπ’</strong></span> <span class='ocrx_word' id='word_1_675' title='bbox 2927 3917 3111 3974; x_wconf 74' lang='grc' dir='ltr'>αὐτόν.</span> <span class='ocrx_word' id='word_1_676' title='bbox 3147 3936 3169 3970; x_wconf 74' lang='grc' dir='ltr'><strong>ι</strong></span> <span class='ocrx_word' id='word_1_677' title='bbox 3216 3917 3277 3971; x_wconf 90' lang='lat'><strong>&#39;0</strong></span> <span class='ocrx_word' id='word_1_678' title='bbox 3316 3918 3520 3989; x_wconf 81' lang='grc' dir='ltr'>Κύριος</span> <span class='ocrx_word' id='word_1_679' title='bbox 3567 3911 3757 3970; x_wconf 62' lang='grc' dir='ltr'>εἷπεν*</span> 
     </span>
    </p>
   </div>
   <div class='ocr_carea' id='block_1_85' title="bbox 2183 4005 3762 4084">
    <p class='ocr_par' dir='ltr' id='par_1_85' title="bbox 2183 4005 3762 4084">
     <span class='ocr_line' id='line_1_85' title="bbox 2183 4005 3762 4084; baseline -0.004 -16"><span class='ocrx_word' id='word_1_680' title='bbox 2183 4034 2203 4067; x_wconf 75' lang='grc' dir='ltr'><strong>ι</strong></span> <span class='ocrx_word' id='word_1_681' title='bbox 2242 4015 2307 4068; x_wconf 77' lang='lat' dir='ltr'><strong>Ei</strong></span> <span class='ocrx_word' id='word_1_682' title='bbox 2340 4013 2434 4067; x_wconf 75' lang='grc' dir='ltr'>καὶ</span> <span class='ocrx_word' id='word_1_683' title='bbox 2458 4014 2488 4066; x_wconf 94' lang='lat'><strong>6</strong></span> <span class='ocrx_word' id='word_1_684' title='bbox 2524 4011 2716 4084; x_wconf 81' lang='grc' dir='ltr'>Πατὴρ</span> <span class='ocrx_word' id='word_1_685' title='bbox 2746 4010 2879 4082; x_wconf 71' lang='grc'><strong>(47),</strong></span> <span class='ocrx_word' id='word_1_686' title='bbox 2908 4010 2939 4063; x_wconf 90' lang='lat'><strong>6</strong></span> <span class='ocrx_word' id='word_1_687' title='bbox 2978 4010 3238 4082; x_wconf 77' lang='grc' dir='ltr'>μένωνὲν</span> <span class='ocrx_word' id='word_1_688' title='bbox 3257 4009 3400 4081; x_wconf 74' lang='grc' dir='ltr'>ἐμοὶ,</span> <span class='ocrx_word' id='word_1_689' title='bbox 3423 4008 3586 4074; x_wconf 77' lang='grc' dir='ltr'>αὐτὸς</span> <span class='ocrx_word' id='word_1_690' title='bbox 3616 4005 3762 4062; x_wconf 73' lang='grc' dir='ltr'>ποιεῖ</span> 
     </span>
    </p>
   </div>
   <div class='ocr_carea' id='block_1_86' title="bbox 2176 4098 3761 4178">
    <p class='ocr_par' dir='ltr' id='par_1_86' title="bbox 2176 4098 3761 4178">
     <span class='ocr_line' id='line_1_86' title="bbox 2176 4098 3761 4178; baseline -0.004 -18"><span class='ocrx_word' id='word_1_691' title='bbox 2176 4107 2245 4161; x_wconf 84' lang='grc' dir='ltr'>τὰ</span> <span class='ocrx_word' id='word_1_692' title='bbox 2273 4105 2427 4178; x_wconf 71' lang='grc' dir='ltr'>ἔργα.</span> <span class='ocrx_word' id='word_1_693' title='bbox 2465 4123 2485 4156; x_wconf 75' lang='grc' dir='ltr'><strong>ι</strong></span> <span class='ocrx_word' id='word_1_694' title='bbox 2522 4104 2658 4158; x_wconf 71' lang='grc' dir='ltr'><strong>Εἰπὲ</strong></span> <span class='ocrx_word' id='word_1_695' title='bbox 2705 4100 2799 4158; x_wconf 82' lang='grc' dir='ltr'><strong>οὖν</strong></span> <span class='ocrx_word' id='word_1_696' title='bbox 2837 4101 3114 4165; x_wconf 78' lang='grc' dir='ltr'>κατὰτάς</span> <span class='ocrx_word' id='word_1_697' title='bbox 3155 4101 3479 4175; x_wconf 87' lang='grc' dir='ltr'>μαρτυρίας,</span> <span class='ocrx_word' id='word_1_698' title='bbox 3512 4101 3542 4155; x_wconf 90' lang='lat'><strong>6</strong></span> <span class='ocrx_word' id='word_1_699' title='bbox 3570 4098 3761 4171; x_wconf 70' lang='grc' dir='ltr'>Πατὴρ</span> 
     </span>
    </p>
   </div>
   <div class='ocr_carea' id='block_1_87' title="bbox 2178 4190 3759 4267">
    <p class='ocr_par' dir='ltr' id='par_1_87' title="bbox 2178 4190 3759 4267">
     <span class='ocr_line' id='line_1_87' title="bbox 2178 4190 3759 4267; baseline -0.005 -16"><span class='ocrx_word' id='word_1_700' title='bbox 2178 4199 2274 4252; x_wconf 79' lang='grc' dir='ltr'>καὶ</span> <span class='ocrx_word' id='word_1_701' title='bbox 2316 4196 2379 4251; x_wconf 81' lang='grc' dir='ltr'>τὸ</span> <span class='ocrx_word' id='word_1_702' title='bbox 2425 4195 2649 4267; x_wconf 88' lang='grc' dir='ltr'>Πνεῦμα</span> <span class='ocrx_word' id='word_1_703' title='bbox 2691 4195 2940 4267; x_wconf 88' lang='grc' dir='ltr'>μένουσιν</span> <span class='ocrx_word' id='word_1_704' title='bbox 2989 4195 3051 4247; x_wconf 79' lang='grc' dir='ltr'><strong>ὲν</strong></span> <span class='ocrx_word' id='word_1_705' title='bbox 3093 4193 3171 4265; x_wconf 83' lang='grc' dir='ltr'>τῷ</span> <span class='ocrx_word' id='word_1_706' title='bbox 3215 4192 3364 4264; x_wconf 80' lang='grc' dir='ltr'>Υίῷ,</span> <span class='ocrx_word' id='word_1_707' title='bbox 3397 4190 3562 4264; x_wconf 75' lang='grc' dir='ltr'><strong>ἢόὕς</strong></span> <span class='ocrx_word' id='word_1_708' title='bbox 3599 4191 3759 4261; x_wconf 72' lang='grc' dir='ltr'>Φησὶ,</span> 
     </span>
    </p>
   </div>
   <div class='ocr_carea' id='block_1_88' title="bbox 2177 4284 3760 4360">
    <p class='ocr_par' dir='ltr' id='par_1_88' title="bbox 2177 4284 3760 4360">
     <span class='ocr_line' id='line_1_88' title="bbox 2177 4284 3760 4360; baseline -0.005 -15"><span class='ocrx_word' id='word_1_709' title='bbox 2177 4290 2466 4345; x_wconf 85' lang='grc' dir='ltr'>Μένουσιν.</span> <span class='ocrx_word' id='word_1_710' title='bbox 2508 4289 2570 4342; x_wconf 85' lang='grc' dir='ltr'>Οί</span> <span class='ocrx_word' id='word_1_711' title='bbox 2602 4284 2695 4343; x_wconf 83' lang='grc' dir='ltr'><strong>οῦν</strong></span> <span class='ocrx_word' id='word_1_712' title='bbox 2726 4289 2784 4342; x_wconf 82' lang='grc' dir='ltr'>ὲν</span> <span class='ocrx_word' id='word_1_713' title='bbox 2818 4287 2896 4360; x_wconf 83' lang='grc' dir='ltr'><strong>τῷ</strong></span> <span class='ocrx_word' id='word_1_714' title='bbox 2933 4286 3052 4358; x_wconf 84' lang='grc' dir='ltr'><strong>Υἱῷ</strong></span> <span class='ocrx_word' id='word_1_715' title='bbox 3084 4288 3354 4358; x_wconf 82' lang='grc' dir='ltr'>μένοντες,</span> <span class='ocrx_word' id='word_1_716' title='bbox 3379 4287 3409 4339; x_wconf 89' lang='lat'><strong>6</strong></span> <span class='ocrx_word' id='word_1_717' title='bbox 3445 4284 3634 4356; x_wconf 84' lang='grc' dir='ltr'>Πατὴρ</span> <span class='ocrx_word' id='word_1_718' title='bbox 3663 4285 3760 4337; x_wconf 80' lang='grc' dir='ltr'>καὶ</span> 
     </span>
    </p>
   </div>
   <div class='ocr_carea' id='block_1_89' title="bbox 2177 4376 3762 4452">
    <p class='ocr_par' dir='ltr' id='par_1_89' title="bbox 2177 4376 3762 4452">
     <span class='ocr_line' id='line_1_89' title="bbox 2177 4376 3762 4452; baseline -0.006 -17"><span class='ocrx_word' id='word_1_719' title='bbox 2177 4381 2239 4435; x_wconf 84' lang='grc' dir='ltr'>τὸ</span> <span class='ocrx_word' id='word_1_720' title='bbox 2273 4379 2518 4452; x_wconf 86' lang='grc' dir='ltr'>Πνεῦμα,</span> <span class='ocrx_word' id='word_1_721' title='bbox 2540 4378 2635 4433; x_wconf 90' lang='grc' dir='ltr'><strong>τοῦ</strong></span> <span class='ocrx_word' id='word_1_722' title='bbox 2664 4378 2794 4432; x_wconf 85' lang='grc' dir='ltr'>Υίοῦ</span> <span class='ocrx_word' id='word_1_723' title='bbox 2837 4378 3184 4442; x_wconf 84' lang='grc' dir='ltr'>καθίσαντος,</span> <span class='ocrx_word' id='word_1_724' title='bbox 3208 4376 3423 4448; x_wconf 77' lang='grc' dir='ltr'>’ἀνάγκη</span> <span class='ocrx_word' id='word_1_725' title='bbox 3453 4376 3607 4430; x_wconf 73' lang='grc' dir='ltr'>πᾶσα</span> <span class='ocrx_word' id='word_1_726' title='bbox 3634 4390 3762 4442; x_wconf 90' lang='grc' dir='ltr'>συγ-</span> 
     </span>
    </p>
   </div>
   <div class='ocr_carea' id='block_1_90' title="bbox 492 4462 2068 4546">
    <p class='ocr_par' dir='ltr' id='par_1_90' title="bbox 492 4471 2068 4546">
     <span class='ocr_line' id='line_1_90' title="bbox 492 4471 2068 4546; baseline 0.006 -25"><span class='ocrx_word' id='word_1_727' title='bbox 492 4483 713 4538; x_wconf 88' lang='lat' dir='ltr'><strong>quoque</strong></span> <span class='ocrx_word' id='word_1_728' title='bbox 761 4485 869 4524; x_wconf 91' lang='lat' dir='ltr'><strong>una</strong></span> <span class='ocrx_word' id='word_1_729' title='bbox 898 4471 1089 4526; x_wconf 75' lang='lat' dir='ltr'><strong>sedere</strong></span> <span class='ocrx_word' id='word_1_730' title='bbox 1117 4473 1209 4543; x_wconf 90' lang='lat' dir='ltr'><strong>qui</strong></span> <span class='ocrx_word' id='word_1_731' title='bbox 1241 4490 1363 4529; x_wconf 93' lang='lat' dir='ltr'><strong>eum</strong></span> <span class='ocrx_word' id='word_1_732' title='bbox 1394 4474 1487 4529; x_wconf 86' lang='lat' dir='ltr'><strong>illo</strong></span> <span class='ocrx_word' id='word_1_733' title='bbox 1522 4485 1780 4539; x_wconf 86' lang='lat' dir='ltr'><strong>manent;</strong></span> <span class='ocrx_word' id='word_1_734' title='bbox 1832 4486 1892 4529; x_wconf 91' lang='lat' dir='ltr'><strong>ut</strong></span> <span class='ocrx_word' id='word_1_735' title='bbox 1942 4492 2068 4546; x_wconf 84' lang='lat' dir='ltr'><strong>ergo</strong></span> 
     </span>
    </p>
   </div>
   <div class='ocr_carea' id='block_1_91' title="bbox 2175 4462 3760 4546">
    <p class='ocr_par' dir='ltr' id='par_1_91' title="bbox 2175 4462 3760 4544">
     <span class='ocr_line' id='line_1_91' title="bbox 2175 4462 3760 4544; baseline -0.004 -18"><span class='ocrx_word' id='word_1_736' title='bbox 2175 4472 2452 4544; x_wconf 83' lang='grc' dir='ltr'>ικαθῆσθαι</span> <span class='ocrx_word' id='word_1_737' title='bbox 2481 4469 2629 4541; x_wconf 83' lang='grc' dir='ltr'>αὐτῷ</span> <span class='ocrx_word' id='word_1_738' title='bbox 2653 4471 2756 4524; x_wconf 71' lang='grc' dir='ltr'>καὶ</span> <span class='ocrx_word' id='word_1_739' title='bbox 2781 4472 2831 4525; x_wconf 76' lang='lat' dir='ltr'><strong>oi</strong></span> <span class='ocrx_word' id='word_1_740' title='bbox 2871 4470 3123 4542; x_wconf 83' lang='grc' dir='ltr'>μένοντες</span> <span class='ocrx_word' id='word_1_741' title='bbox 3147 4471 3204 4523; x_wconf 81' lang='grc' dir='ltr'>ἐν</span> <span class='ocrx_word' id='word_1_742' title='bbox 3228 4469 3405 4540; x_wconf 82' lang='grc' dir='ltr'>αὐτῷ·</span> <span class='ocrx_word' id='word_1_743' title='bbox 3433 4468 3508 4531; x_wconf 83' lang='grc' dir='ltr'><strong>ὡς</strong></span> <span class='ocrx_word' id='word_1_744' title='bbox 3531 4462 3624 4521; x_wconf 84' lang='grc' dir='ltr'><strong>οῦν</strong></span> <span class='ocrx_word' id='word_1_745' title='bbox 3657 4467 3760 4521; x_wconf 81' lang='grc' dir='ltr'><strong>κά-</strong></span> 
     </span>
    </p>
   </div>
   <div class='ocr_carea' id='block_1_92' title="bbox 496 4558 2068 4636">
    <p class='ocr_par' dir='ltr' id='par_1_92' title="bbox 496 4558 2068 4636">
     <span class='ocr_line' id='line_1_92' title="bbox 496 4558 2068 4636; baseline 0.004 -23"><span class='ocrx_word' id='word_1_746' title='bbox 496 4558 648 4613; x_wconf 87' lang='lat' dir='ltr'><strong>sedet</strong></span> <span class='ocrx_word' id='word_1_747' title='bbox 696 4560 833 4628; x_wconf 84' lang='lat' dir='ltr'><strong>ipse,</strong></span> <span class='ocrx_word' id='word_1_748' title='bbox 869 4561 944 4615; x_wconf 90' lang='lat' dir='ltr'><strong>ita</strong></span> <span class='ocrx_word' id='word_1_749' title='bbox 1006 4578 1114 4616; x_wconf 91' lang='lat' dir='ltr'><strong>una</strong></span> <span class='ocrx_word' id='word_1_750' title='bbox 1164 4564 1355 4619; x_wconf 90' lang='lat' dir='ltr'><strong>sedent</strong></span> <span class='ocrx_word' id='word_1_751' title='bbox 1391 4564 1492 4622; x_wconf 92' lang='lat' dir='ltr'><strong>illi.</strong></span> <span class='ocrx_word' id='word_1_752' title='bbox 1511 4564 1577 4618; x_wconf 83' lang='lat' dir='ltr'><strong>Si</strong></span> <span class='ocrx_word' id='word_1_753' title='bbox 1612 4566 1777 4636; x_wconf 83' lang='lat' dir='ltr'><strong>igitur</strong></span> <span class='ocrx_word' id='word_1_754' title='bbox 1827 4566 1945 4621; x_wconf 72' lang='lat' dir='ltr'><strong>haec</strong></span> <span class='ocrx_word' id='word_1_755' title='bbox 1986 4574 2068 4621; x_wconf 88' lang='lat' dir='ltr'><strong>est</strong></span> 
     </span>
    </p>
   </div>
   <div class='ocr_carea' id='block_1_93' title="bbox 2175 4558 3760 4636">
    <p class='ocr_par' dir='ltr' id='par_1_93' title="bbox 2180 4558 3760 4636">
     <span class='ocr_line' id='line_1_93' title="bbox 2180 4558 3760 4636; baseline -0.004 -19"><span class='ocrx_word' id='word_1_756' title='bbox 2180 4564 2362 4636; x_wconf 86' lang='grc' dir='ltr'>θηται,</span> <span class='ocrx_word' id='word_1_757' title='bbox 2391 4564 2487 4617; x_wconf 73' lang='grc' dir='ltr'>καὶ</span> <span class='ocrx_word' id='word_1_758' title='bbox 2520 4562 2911 4634; x_wconf 87' lang='grc' dir='ltr'>συγκάθηνται.</span> <span class='ocrx_word' id='word_1_759' title='bbox 2959 4564 3022 4617; x_wconf 72' lang='lat' dir='ltr'><strong>Et</strong></span> <span class='ocrx_word' id='word_1_760' title='bbox 3050 4558 3143 4616; x_wconf 83' lang='grc' dir='ltr'>οὖν</span> <span class='ocrx_word' id='word_1_761' title='bbox 3179 4560 3316 4633; x_wconf 84' lang='grc' dir='ltr'>αῦτη</span> <span class='ocrx_word' id='word_1_762' title='bbox 3361 4562 3507 4615; x_wconf 73' lang='grc' dir='ltr'>ἐστὶν</span> <span class='ocrx_word' id='word_1_763' title='bbox 3546 4558 3760 4630; x_wconf 81' lang='grc' dir='ltr'>ἱστορία</span> 
     </span>
    </p>
   </div>
   <div class='ocr_carea' id='block_1_94' title="bbox 494 4648 2068 4727">
    <p class='ocr_par' dir='ltr' id='par_1_94' title="bbox 494 4651 2068 4727">
     <span class='ocr_line' id='line_1_94' title="bbox 494 4651 2068 4727; baseline 0.006 -24"><span class='ocrx_word' id='word_1_764' title='bbox 494 4651 726 4705; x_wconf 88' lang='lat' dir='ltr'><strong>historia</strong></span> <span class='ocrx_word' id='word_1_765' title='bbox 768 4653 836 4708; x_wconf 91' lang='lat' dir='ltr'><strong>de</strong></span> <span class='ocrx_word' id='word_1_766' title='bbox 864 4653 1140 4709; x_wconf 86' lang='lat' dir='ltr'><strong>Abraham</strong></span> <span class='ocrx_word' id='word_1_767' title='bbox 1172 4664 1225 4710; x_wconf 91' lang='lat' dir='ltr'><strong>et</strong></span> <span class='ocrx_word' id='word_1_768' title='bbox 1253 4654 1373 4719; x_wconf 87' lang='lat' dir='ltr'><strong>Lot,</strong></span> <span class='ocrx_word' id='word_1_769' title='bbox 1409 4664 1464 4712; x_wconf 91' lang='lat' dir='ltr'><strong>et</strong></span> <span class='ocrx_word' id='word_1_770' title='bbox 1513 4658 1567 4711; x_wconf 93' lang='lat' dir='ltr'><strong>in</strong></span> <span class='ocrx_word' id='word_1_771' title='bbox 1603 4658 1753 4712; x_wconf 88' lang='lat' dir='ltr'><strong>Actis</strong></span> <span class='ocrx_word' id='word_1_772' title='bbox 1798 4658 2068 4727; x_wconf 89' lang='lat' dir='ltr'><strong>apostolo-</strong></span> 
     </span>
    </p>
   </div>
   <div class='ocr_carea' id='block_1_95' title="bbox 2175 4648 3761 4727">
    <p class='ocr_par' dir='ltr' id='par_1_95' title="bbox 2180 4648 3761 4727">
     <span class='ocr_line' id='line_1_95' title="bbox 2180 4648 3761 4727; baseline -0.003 -19"><span class='ocrx_word' id='word_1_773' title='bbox 2180 4656 2273 4708; x_wconf 77' lang='grc' dir='ltr'><strong>ἐπὶ</strong></span> <span class='ocrx_word' id='word_1_774' title='bbox 2314 4654 2566 4727; x_wconf 78' lang='grc' dir='ltr'>Ἀϐραὰμ</span> <span class='ocrx_word' id='word_1_775' title='bbox 2594 4654 2705 4727; x_wconf 77' lang='grc'><strong>(48)</strong></span> <span class='ocrx_word' id='word_1_776' title='bbox 2737 4656 2832 4709; x_wconf 70' lang='grc' dir='ltr'>καὶ</span> <span class='ocrx_word' id='word_1_777' title='bbox 2859 4654 3005 4719; x_wconf 87' lang='grc' dir='ltr'>Λὼτ,</span> <span class='ocrx_word' id='word_1_778' title='bbox 3033 4655 3127 4708; x_wconf 58' lang='grc' dir='ltr'><strong>καὶ⁵</strong></span> <span class='ocrx_word' id='word_1_779' title='bbox 3152 4655 3210 4707; x_wconf 84' lang='grc' dir='ltr'>ὲν</span> <span class='ocrx_word' id='word_1_780' title='bbox 3240 4653 3360 4717; x_wconf 71' lang='grc' dir='ltr'>ταῖς</span> <span class='ocrx_word' id='word_1_781' title='bbox 3390 4648 3628 4724; x_wconf 76' lang='grc' dir='ltr'>Πράξεσι</span> <span class='ocrx_word' id='word_1_782' title='bbox 3651 4650 3761 4704; x_wconf 85' lang='grc' dir='ltr'><strong>τῶν</strong></span> 
     </span>
    </p>
   </div>
   <div class='ocr_carea' id='block_1_96' title="bbox 497 4744 2068 4820">
    <p class='ocr_par' dir='ltr' id='par_1_96' title="bbox 497 4745 2068 4820">
     <span class='ocr_line' id='line_1_96' title="bbox 497 4745 2068 4820; baseline 0.004 -23"><span class='ocrx_word' id='word_1_783' title='bbox 497 4760 616 4797; x_wconf 91' lang='lat' dir='ltr'><strong>rum</strong></span> <span class='ocrx_word' id='word_1_784' title='bbox 651 4745 916 4815; x_wconf 86' lang='lat' dir='ltr'><strong>scriptum</strong></span> <span class='ocrx_word' id='word_1_785' title='bbox 941 4756 1026 4802; x_wconf 91' lang='lat' dir='ltr'><strong>est</strong></span> <span class='ocrx_word' id='word_1_786' title='bbox 1052 4766 1065 4803; x_wconf 89' lang='lat'><strong><em>:</em></strong></span> <span class='ocrx_word' id='word_1_787' title='bbox 1091 4766 1110 4799; x_wconf 77' lang='grc' dir='ltr'><strong>ι</strong></span> <span class='ocrx_word' id='word_1_788' title='bbox 1145 4750 1212 4802; x_wconf 83' lang='grc' dir='ltr'>Ει</span> <span class='ocrx_word' id='word_1_789' title='bbox 1240 4748 1381 4804; x_wconf 88' lang='lat' dir='ltr'><strong>sedit</strong></span> <span class='ocrx_word' id='word_1_790' title='bbox 1408 4766 1573 4820; x_wconf 83' lang='lat' dir='ltr'><strong>supra</strong></span> <span class='ocrx_word' id='word_1_791' title='bbox 1609 4751 1857 4819; x_wconf 79' lang='lat' dir='ltr'><strong>singulos</strong></span> <span class='ocrx_word' id='word_1_792' title='bbox 1882 4765 2068 4806; x_wconf 90' lang='lat' dir='ltr'><strong>eorum</strong></span> 
     </span>
    </p>
   </div>
   <div class='ocr_carea' id='block_1_97' title="bbox 2175 4744 3760 4820">
    <p class='ocr_par' dir='ltr' id='par_1_97' title="bbox 2180 4744 3760 4819">
     <span class='ocr_line' id='line_1_97' title="bbox 2180 4744 3760 4819; baseline -0.003 -17"><span class='ocrx_word' id='word_1_793' title='bbox 2180 4747 2493 4802; x_wconf 83' lang='grc' dir='ltr'>ἀποστόλων</span> <span class='ocrx_word' id='word_1_794' title='bbox 2532 4746 2841 4819; x_wconf 84' lang='grc' dir='ltr'>γέγραπται</span> <span class='ocrx_word' id='word_1_795' title='bbox 2861 4763 2873 4776; x_wconf 91' lang='grc'>·</span> <span class='ocrx_word' id='word_1_796' title='bbox 2903 4765 2922 4798; x_wconf 80' lang='grc' dir='ltr'><strong>ι</strong></span> <span class='ocrx_word' id='word_1_797' title='bbox 2957 4746 3071 4800; x_wconf 79' lang='grc' dir='ltr'><strong>Καὶ</strong></span> <span class='ocrx_word' id='word_1_798' title='bbox 3108 4745 3362 4801; x_wconf 73' lang='grc' dir='ltr'>ἐκάθισεν</span> <span class='ocrx_word' id='word_1_799' title='bbox 3384 4745 3469 4815; x_wconf 75' lang='grc' dir='ltr'><strong>ἐφ’</strong></span> <span class='ocrx_word' id='word_1_800' title='bbox 3490 4744 3588 4798; x_wconf 70' lang='grc' dir='ltr'><strong>ἕνα</strong></span> <span class='ocrx_word' id='word_1_801' title='bbox 3625 4744 3760 4797; x_wconf 75' lang='grc' dir='ltr'>ἕκα-</span> 
     </span>
    </p>
   </div>
   <div class='ocr_carea' id='block_1_98' title="bbox 497 4833 2068 4920">
    <p class='ocr_par' dir='ltr' id='par_1_98' title="bbox 497 4836 2068 4908">
     <span class='ocr_line' id='line_1_98' title="bbox 497 4836 2068 4908; baseline 0.001 -17"><span class='ocrx_word' id='word_1_802' title='bbox 497 4836 735 4908; x_wconf 89' lang='lat' dir='ltr'><strong>Spiritus</strong></span> <span class='ocrx_word' id='word_1_803' title='bbox 760 4841 1062 4905; x_wconf 70' lang='lat' dir='ltr'><strong>sanctus”,</strong></span> <span class='ocrx_word' id='word_1_804' title='bbox 1100 4861 1119 4892; x_wconf 73' lang='grc' dir='ltr'><strong>ι</strong></span> <span class='ocrx_word' id='word_1_805' title='bbox 1144 4850 1201 4894; x_wconf 83' lang='grc' dir='ltr'><strong>ιιι</strong></span> <span class='ocrx_word' id='word_1_806' title='bbox 1227 4849 1284 4896; x_wconf 91' lang='lat' dir='ltr'><strong>et</strong></span> <span class='ocrx_word' id='word_1_807' title='bbox 1320 4843 1374 4896; x_wconf 91' lang='lat' dir='ltr'><strong>in</strong></span> <span class='ocrx_word' id='word_1_808' title='bbox 1399 4840 1616 4897; x_wconf 84' lang='lat' dir='ltr'><strong>Psalmo</strong></span> <span class='ocrx_word' id='word_1_809' title='bbox 1642 4842 1845 4898; x_wconf 88' lang='lat' dir='ltr'><strong>dicitur</strong></span> <span class='ocrx_word' id='word_1_810' title='bbox 1874 4861 1887 4895; x_wconf 92' lang='lat'>:</span> <span class='ocrx_word' id='word_1_811' title='bbox 1925 4861 1944 4892; x_wconf 75' lang='grc' dir='ltr'><strong>ι</strong></span> <span class='ocrx_word' id='word_1_812' title='bbox 1964 4840 2068 4907; x_wconf 78' lang='lat' dir='ltr'><strong>Qui</strong></span> 
     </span>
    </p>
   </div>
   <div class='ocr_carea' id='block_1_99' title="bbox 2175 4833 3762 4920">
    <p class='ocr_par' dir='ltr' id='par_1_99' title="bbox 2183 4833 3762 4920">
     <span class='ocr_line' id='line_1_99' title="bbox 2183 4833 3762 4920; baseline -0.004 -26"><span class='ocrx_word' id='word_1_813' title='bbox 2183 4857 2307 4894; x_wconf 87' lang='grc' dir='ltr'>στον</span> <span class='ocrx_word' id='word_1_814' title='bbox 2348 4838 2529 4894; x_wconf 82' lang='grc' dir='ltr'>αὐτῶν</span> <span class='ocrx_word' id='word_1_815' title='bbox 2568 4838 2629 4892; x_wconf 74' lang='grc' dir='ltr'>τὸ</span> <span class='ocrx_word' id='word_1_816' title='bbox 2667 4837 2896 4920; x_wconf 56' lang='grc' dir='ltr'>Πνεῦμα</span> <span class='ocrx_word' id='word_1_817' title='bbox 2942 4837 3004 4892; x_wconf 82' lang='grc' dir='ltr'>τὸ</span> <span class='ocrx_word' id='word_1_818' title='bbox 3057 4837 3244 4907; x_wconf 72' lang='grc' dir='ltr'>ἅγιονο</span> <span class='ocrx_word' id='word_1_819' title='bbox 3289 4856 3310 4890; x_wconf 68' lang='grc' dir='ltr'><strong>ι</strong></span> <span class='ocrx_word' id='word_1_820' title='bbox 3341 4837 3418 4902; x_wconf 85' lang='grc' dir='ltr'>ὡς</span> <span class='ocrx_word' id='word_1_821' title='bbox 3456 4836 3552 4891; x_wconf 80' lang='grc' dir='ltr'>καὶ</span> <span class='ocrx_word' id='word_1_822' title='bbox 3583 4837 3642 4889; x_wconf 81' lang='grc' dir='ltr'>ὲν</span> <span class='ocrx_word' id='word_1_823' title='bbox 3678 4833 3762 4906; x_wconf 83' lang='grc' dir='ltr'>τῷ</span> 
     </span>
    </p>
   </div>
   <div class='ocr_carea' id='block_1_100' title="bbox 458 4925 2068 5009">
    <p class='ocr_par' dir='ltr' id='par_1_100' title="bbox 458 4929 2068 5009">
     <span class='ocr_line' id='line_1_100' title="bbox 458 4929 2068 5009; baseline 0 -25"><span class='ocrx_word' id='word_1_824' title='bbox 458 4970 461 5009; x_wconf 40' lang='grc'>)</span> <span class='ocrx_word' id='word_1_825' title='bbox 495 4929 653 4985; x_wconf 89' lang='lat' dir='ltr'><strong>sedes</strong></span> <span class='ocrx_word' id='word_1_826' title='bbox 680 4946 846 4999; x_wconf 90' lang='lat' dir='ltr'><strong>super</strong></span> <span class='ocrx_word' id='word_1_827' title='bbox 874 4932 1159 5007; x_wconf 82' lang='lat' dir='ltr'><strong>cherubim</strong></span> <span class='ocrx_word' id='word_1_828' title='bbox 1174 4933 1258 4991; x_wconf 74' lang='lat'><strong>8&quot;:</strong></span> <span class='ocrx_word' id='word_1_829' title='bbox 1288 4951 1305 4984; x_wconf 76' lang='grc' dir='ltr'><strong>ι</strong></span> <span class='ocrx_word' id='word_1_830' title='bbox 1340 4931 1481 4988; x_wconf 87' lang='lat' dir='ltr'><strong>Filio</strong></span> <span class='ocrx_word' id='word_1_831' title='bbox 1528 4943 1676 4989; x_wconf 83' lang='lat' dir='ltr'><strong>certe</strong></span> <span class='ocrx_word' id='word_1_832' title='bbox 1711 4934 1930 4989; x_wconf 88' lang='lat' dir='ltr'><strong>scimus</strong></span> <span class='ocrx_word' id='word_1_833' title='bbox 1957 4933 2068 4988; x_wconf 87' lang='lat' dir='ltr'><strong>exi-</strong></span> 
     </span>
    </p>
   </div>
   <div class='ocr_carea' id='block_1_101' title="bbox 2175 4925 3761 5009">
    <p class='ocr_par' dir='ltr' id='par_1_101' title="bbox 2181 4925 3761 5001">
     <span class='ocr_line' id='line_1_101' title="bbox 2181 4925 3761 5001; baseline -0.004 -18"><span class='ocrx_word' id='word_1_834' title='bbox 2181 4929 2382 5001; x_wconf 79' lang='grc' dir='ltr'>ψαλμῷ</span> <span class='ocrx_word' id='word_1_835' title='bbox 2421 4929 2602 4998; x_wconf 85' lang='grc' dir='ltr'>λέγει·</span> <span class='ocrx_word' id='word_1_836' title='bbox 2645 4948 2665 4981; x_wconf 84' lang='grc'><strong>‹</strong></span> <span class='ocrx_word' id='word_1_837' title='bbox 2714 4931 2773 4982; x_wconf 86' lang='lat'><strong>&#39;0</strong></span> <span class='ocrx_word' id='word_1_838' title='bbox 2806 4930 3115 5000; x_wconf 84' lang='grc' dir='ltr'>καθήμενος</span> <span class='ocrx_word' id='word_1_839' title='bbox 3159 4929 3254 4983; x_wconf 71' lang='grc' dir='ltr'><strong>ἐπὶ</strong></span> <span class='ocrx_word' id='word_1_840' title='bbox 3294 4927 3586 5001; x_wconf 86' lang='grc' dir='ltr'>χερουϐίμ·</span> <span class='ocrx_word' id='word_1_841' title='bbox 3626 4945 3646 4978; x_wconf 76' lang='grc' dir='ltr'><strong>ι</strong></span> <span class='ocrx_word' id='word_1_842' title='bbox 3679 4925 3761 4997; x_wconf 78' lang='grc' dir='ltr'>τῷ</span> 
     </span>
    </p>
   </div>
   <div class='ocr_carea' id='block_1_102' title="bbox 566 5089 2068 5159">
    <p class='ocr_par' dir='ltr' id='par_1_102' title="bbox 566 5089 2068 5159">
     <span class='ocr_line' id='line_1_102' title="bbox 566 5089 2068 5159; baseline 0.006 -19"><span class='ocrx_word' id='word_1_843' title='bbox 566 5089 611 5120; x_wconf 83' lang='grc'><strong>⁷⁹</strong></span> <span class='ocrx_word' id='word_1_844' title='bbox 642 5089 748 5159; x_wconf 69' lang='lat' dir='ltr'><strong>lsa.</strong></span> <span class='ocrx_word' id='word_1_845' title='bbox 778 5105 852 5155; x_wconf 79' lang='lat' dir='ltr'><strong>Vl,</strong></span> <span class='ocrx_word' id='word_1_846' title='bbox 876 5091 1029 5147; x_wconf 74' lang='lat'><strong>8-10.</strong></span> <span class='ocrx_word' id='word_1_847' title='bbox 1104 5091 1323 5146; x_wconf 73' lang='lat' dir='ltr'><strong>“Joan.</strong></span> <span class='ocrx_word' id='word_1_848' title='bbox 1361 5109 1475 5154; x_wconf 81' lang='lat' dir='ltr'><strong>xu,</strong></span> <span class='ocrx_word' id='word_1_849' title='bbox 1507 5093 1695 5146; x_wconf 66' lang='lat'><strong>57-“.</strong></span> <span class='ocrx_word' id='word_1_850' title='bbox 1772 5095 1954 5148; x_wconf 76' lang='lat' dir='ltr'><strong>&quot;Act.</strong></span> <span class='ocrx_word' id='word_1_851' title='bbox 1990 5111 2068 5148; x_wconf 67' lang='grc' dir='ltr'><strong>ιχ·</strong></span> 
     </span>
    </p>
   </div>
   <div class='ocr_carea' id='block_1_103' title="bbox 2175 5089 3755 5159">
    <p class='ocr_par' dir='ltr' id='par_1_103' title="bbox 2180 5090 3755 5159">
     <span class='ocr_line' id='line_1_103' title="bbox 2180 5090 3755 5159; baseline -0.003 -12"><span class='ocrx_word' id='word_1_852' title='bbox 2180 5134 2194 5159; x_wconf 90' lang='grc'><strong>,</strong></span> <span class='ocrx_word' id='word_1_853' title='bbox 2228 5094 2334 5155; x_wconf 73' lang='grc'><strong>25,</strong></span> <span class='ocrx_word' id='word_1_854' title='bbox 2370 5092 2462 5146; x_wconf 75' lang='lat'><strong>26.</strong></span> <span class='ocrx_word' id='word_1_855' title='bbox 2539 5091 2805 5147; x_wconf 75' lang='lat' dir='ltr'><strong>&quot;Cenes.</strong></span> <span class='ocrx_word' id='word_1_856' title='bbox 2843 5107 2978 5146; x_wconf 84' lang='lat' dir='ltr'><strong>xvm</strong></span> <span class='ocrx_word' id='word_1_857' title='bbox 3003 5133 3019 5155; x_wconf 86' lang='lat'><strong>,</strong></span> <span class='ocrx_word' id='word_1_858' title='bbox 3053 5094 3105 5157; x_wconf 79' lang='grc'>1,</span> <span class='ocrx_word' id='word_1_859' title='bbox 3142 5094 3198 5157; x_wconf 90' lang='lat'><strong>9,</strong></span> <span class='ocrx_word' id='word_1_860' title='bbox 3224 5092 3313 5147; x_wconf 74' lang='lat'><strong>22.</strong></span> <span class='ocrx_word' id='word_1_861' title='bbox 3388 5091 3435 5123; x_wconf 77' lang='grc'><strong>⁸³</strong></span> <span class='ocrx_word' id='word_1_862' title='bbox 3462 5090 3597 5145; x_wconf 86' lang='lat' dir='ltr'><strong>Dan.</strong></span> <span class='ocrx_word' id='word_1_863' title='bbox 3631 5105 3755 5154; x_wconf 84' lang='lat' dir='ltr'><strong>xm,</strong></span> 
     </span>
    </p>
   </div>
   <div class='ocr_carea' id='block_1_104' title="bbox 495 5156 2068 5281">
    <p class='ocr_par' dir='ltr' id='par_1_104' title="bbox 495 5156 2068 5281">
     <span class='ocr_line' id='line_1_104' title="bbox 495 5156 2068 5228; baseline 0.006 -19"><span class='ocrx_word' id='word_1_864' title='bbox 495 5156 583 5212; x_wconf 70' lang='grc'><strong>45.</strong></span> <span class='ocrx_word' id='word_1_865' title='bbox 660 5157 872 5217; x_wconf 69' lang='lat' dir='ltr'><strong>“Psal.</strong></span> <span class='ocrx_word' id='word_1_866' title='bbox 911 5179 1129 5228; x_wconf 79' lang='lat' dir='ltr'><strong>Lxxvn,</strong></span> <span class='ocrx_word' id='word_1_867' title='bbox 1165 5165 1254 5217; x_wconf 79' lang='lat' dir='ltr'><strong>(i5.</strong></span> <span class='ocrx_word' id='word_1_868' title='bbox 1336 5165 1383 5196; x_wconf 81' lang='grc'>⁸⁸</span> <span class='ocrx_word' id='word_1_869' title='bbox 1418 5162 1591 5218; x_wconf 67' lang='grc' dir='ltr'><strong>οΖπΙι.</strong></span> <span class='ocrx_word' id='word_1_870' title='bbox 1629 5179 1689 5227; x_wconf 89' lang='grc' dir='ltr'><strong>ιι,</strong></span> <span class='ocrx_word' id='word_1_871' title='bbox 1722 5164 1811 5220; x_wconf 77' lang='grc'><strong>13.</strong></span> <span class='ocrx_word' id='word_1_872' title='bbox 1887 5164 1933 5195; x_wconf 80' lang='grc'>⁸⁸</span> <span class='ocrx_word' id='word_1_873' title='bbox 1971 5162 2068 5219; x_wconf 76' lang='lat' dir='ltr'><strong>Joa</strong></span> 
     </span>
     <span class='ocr_line' id='line_1_105' title="bbox 499 5229 782 5281; baseline 0.007 -2"><span class='ocrx_word' id='word_1_874' title='bbox 499 5242 695 5281; x_wconf 67' lang='lat' dir='ltr'><strong>LXXIX.</strong></span> <span class='ocrx_word' id='word_1_875' title='bbox 728 5229 782 5281; x_wconf 59' lang='grc' dir='ltr'><strong>ἓ.</strong></span> 
     </span>
    </p>
   </div>
   <div class='ocr_carea' id='block_1_105' title="bbox 2175 5156 3752 5281">
    <p class='ocr_par' dir='ltr' id='par_1_105' title="bbox 2175 5156 3752 5230">
     <span class='ocr_line' id='line_1_106' title="bbox 2175 5156 3752 5230; baseline -0.001 -12"><span class='ocrx_word' id='word_1_876' title='bbox 2175 5156 2209 5230; x_wconf 52' lang='grc' dir='ltr'>ι’,</span> <span class='ocrx_word' id='word_1_877' title='bbox 2246 5166 2335 5220; x_wconf 77' lang='grc'><strong>55.</strong></span> <span class='ocrx_word' id='word_1_878' title='bbox 2441 5164 2483 5194; x_wconf 86' lang='grc'><strong>⁸⁷</strong></span> <span class='ocrx_word' id='word_1_879' title='bbox 2523 5161 2681 5217; x_wconf 74' lang='lat' dir='ltr'><strong>Joan.</strong></span> <span class='ocrx_word' id='word_1_880' title='bbox 2706 5178 2817 5229; x_wconf 80' lang='lat' dir='ltr'><strong>xw,</strong></span> <span class='ocrx_word' id='word_1_881' title='bbox 2850 5163 2936 5216; x_wconf 79' lang='grc'><strong>10.</strong></span> <span class='ocrx_word' id='word_1_882' title='bbox 3013 5165 3060 5196; x_wconf 80' lang='grc'><strong>⁸⁸</strong></span> <span class='ocrx_word' id='word_1_883' title='bbox 3094 5156 3218 5220; x_wconf 85' lang='lat' dir='ltr'><strong>Act.</strong></span> <span class='ocrx_word' id='word_1_884' title='bbox 3256 5179 3317 5226; x_wconf 89' lang='grc' dir='ltr'><strong>ιι,</strong></span> <span class='ocrx_word' id='word_1_885' title='bbox 3355 5161 3443 5217; x_wconf 79' lang='grc'><strong>13.</strong></span> <span class='ocrx_word' id='word_1_886' title='bbox 3518 5162 3563 5194; x_wconf 86' lang='grc'><strong>⁸⁹</strong></span> <span class='ocrx_word' id='word_1_887' title='bbox 3606 5160 3752 5216; x_wconf 86' lang='lat' dir='ltr'><strong>Psal.</strong></span> 
     </span>
    </p>
   </div>
   <div class='ocr_carea' id='block_1_106' title="bbox 570 5385 2068 5464">
    <p class='ocr_par' dir='ltr' id='par_1_106' title="bbox 570 5385 2068 5464">
     <span class='ocr_line' id='line_1_107' title="bbox 570 5385 2068 5464; baseline 0.002 -26"><span class='ocrx_word' id='word_1_888' title='bbox 570 5385 693 5464; x_wconf 39' lang='grc' dir='ltr'>(ᾇὸ)-</span> <span class='ocrx_word' id='word_1_889' title='bbox 721 5386 867 5464; x_wconf 63' lang='lat' dir='ltr'><strong>Haec,</strong></span> <span class='ocrx_word' id='word_1_890' title='bbox 903 5390 999 5442; x_wconf 77' lang='grc' dir='ltr'>καὶ</span> <span class='ocrx_word' id='word_1_891' title='bbox 1043 5386 1194 5464; x_wconf 50' lang='lat' dir='ltr'><strong>circa:</strong></span> <span class='ocrx_word' id='word_1_892' title='bbox 1231 5403 1408 5464; x_wconf 70' lang='lat' dir='ltr'><strong>usque</strong></span> <span class='ocrx_word' id='word_1_893' title='bbox 1447 5386 1534 5450; x_wconf 86' lang='lat' dir='ltr'><strong>ad,</strong></span> <span class='ocrx_word' id='word_1_894' title='bbox 1577 5386 1666 5464; x_wconf 63' lang='grc' dir='ltr'>τὸν</span> <span class='ocrx_word' id='word_1_895' title='bbox 1709 5385 2068 5464; x_wconf 36' lang='grc' dir='ltr'>λαὸνῆτοῦτον</span> 
     </span>
    </p>
   </div>
   <div class='ocr_carea' id='block_1_107' title="bbox 2175 5385 3444 5464">
    <p class='ocr_par' dir='ltr' id='par_1_107' title="bbox 2178 5390 3444 5464">
     <span class='ocr_line' id='line_1_108' title="bbox 2178 5390 3444 5464; baseline 0.003 -22"><span class='ocrx_word' id='word_1_896' title='bbox 2178 5391 2206 5442; x_wconf 84' lang='grc' dir='ltr'>ὁ</span> <span class='ocrx_word' id='word_1_897' title='bbox 2238 5390 2371 5464; x_wconf 64' lang='grc' dir='ltr'><strong>Θερς</strong></span> <span class='ocrx_word' id='word_1_898' title='bbox 2399 5391 2478 5464; x_wconf 58' lang='grc' dir='ltr'>τῷ</span> <span class='ocrx_word' id='word_1_899' title='bbox 2513 5391 2791 5464; x_wconf 71' lang='grc' dir='ltr'>ᾎϐραάμ,</span> <span class='ocrx_word' id='word_1_900' title='bbox 2816 5392 3015 5464; x_wconf 85' lang='lat' dir='ltr'><strong>desunt</strong></span> <span class='ocrx_word' id='word_1_901' title='bbox 3045 5394 3100 5448; x_wconf 92' lang='lat' dir='ltr'><strong>in</strong></span> <span class='ocrx_word' id='word_1_902' title='bbox 3125 5393 3444 5464; x_wconf 78' lang='lat' dir='ltr'><strong>Anglicano.</strong></span> 
     </span>
    </p>
   </div>
   <div class='ocr_carea' id='block_1_108' title="bbox 499 5455 2068 5535">
    <p class='ocr_par' dir='ltr' id='par_1_108' title="bbox 499 5455 2065 5535">
     <span class='ocr_line' id='line_1_109' title="bbox 499 5455 2065 5535; baseline 0.001 -27"><span class='ocrx_word' id='word_1_903' title='bbox 499 5455 788 5535; x_wconf 72' lang='lat' dir='ltr'><strong>inclusive,</strong></span> <span class='ocrx_word' id='word_1_904' title='bbox 821 5459 1017 5535; x_wconf 78' lang='lat' dir='ltr'><strong>desunt</strong></span> <span class='ocrx_word' id='word_1_905' title='bbox 1064 5465 1120 5512; x_wconf 88' lang='lat' dir='ltr'><strong>in</strong></span> <span class='ocrx_word' id='word_1_906' title='bbox 1152 5455 1349 5535; x_wconf 42' lang='lat' dir='ltr'><strong>lhsili,</strong></span> <span class='ocrx_word' id='word_1_907' title='bbox 1397 5456 2065 5535; x_wconf 46' lang='grc' dir='ltr'>ριὀριθτηὸμοιοτέλευτον.</span> 
     </span>
    </p>
   </div>
   <div class='ocr_carea' id='block_1_109' title="bbox 2175 5455 3087 5535">
    <p class='ocr_par' dir='ltr' id='par_1_109' title="bbox 2248 5455 3087 5535">
     <span class='ocr_line' id='line_1_110' title="bbox 2248 5455 3087 5535; baseline 0 0"><span class='ocrx_word' id='word_1_908' title='bbox 2248 5459 2359 5535; x_wconf 61' lang='lat'><strong>(49)</strong></span> <span class='ocrx_word' id='word_1_909' title='bbox 2398 5455 2745 5535; x_wconf 60' lang='grc' dir='ltr'>ἓέεὶίὶθιίείεξ</span> <span class='ocrx_word' id='word_1_910' title='bbox 2769 5460 3087 5535; x_wconf 67' lang='grc' dir='ltr'>ἐξηγέρθηνο</span> 
     </span>
    </p>
   </div>
   <div class='ocr_carea' id='block_1_110' title="bbox 498 5471 2068 5608">
    <p class='ocr_par' dir='ltr' id='par_1_110' title="bbox 498 5471 2066 5608">
     <span class='ocr_line' id='line_1_111' title="bbox 499 5471 2065 5580; baseline 0.002 -73"><span class='ocrx_word' id='word_1_911' title='bbox 499 5471 788 5521; x_wconf 71' lang='grc' dir='ltr'>ιιιειιιεινο,</span> <span class='ocrx_word' id='word_1_912' title='bbox 821 5471 1017 5514; x_wconf 82' lang='lat' dir='ltr'><strong>desunt</strong></span> <span class='ocrx_word' id='word_1_913' title='bbox 1064 5471 1120 5512; x_wconf 82' lang='lat' dir='ltr'><strong>in</strong></span> <span class='ocrx_word' id='word_1_914' title='bbox 1158 5471 1349 5521; x_wconf 77' lang='lat' dir='ltr'><strong>basu.,</strong></span> <span class='ocrx_word' id='word_1_915' title='bbox 1397 5471 1615 5580; x_wconf 55' lang='lat' dir='ltr'><strong>propter</strong></span> <span class='ocrx_word' id='word_1_916' title='bbox 1644 5471 2065 5526; x_wconf 76' lang='grc' dir='ltr'>ομοιοτελευτον.</span> 
     </span>
     <span class='ocr_line' id='line_1_112' title="bbox 498 5525 2066 5608; baseline 0.001 -28"><span class='ocrx_word' id='word_1_917' title='bbox 498 5525 619 5608; x_wconf 53' lang='grc' dir='ltr'><strong>Ιέιξοξ</strong></span> <span class='ocrx_word' id='word_1_918' title='bbox 648 5527 826 5608; x_wconf 45' lang='lat' dir='ltr'><strong>idem,</strong></span> <span class='ocrx_word' id='word_1_919' title='bbox 843 5526 1320 5608; x_wconf 34' lang='lat' dir='ltr'><strong>axodasfez‘lfaulo</strong></span> <span class='ocrx_word' id='word_1_920' title='bbox 1335 5535 1478 5597; x_wconf 90' lang='lat' dir='ltr'><strong>post,</strong></span> <span class='ocrx_word' id='word_1_921' title='bbox 1543 5526 1826 5598; x_wconf 78' lang='lat' dir='ltr'><strong>nglicanus</strong></span> <span class='ocrx_word' id='word_1_922' title='bbox 1852 5534 1907 5582; x_wconf 89' lang='lat' dir='ltr'><strong>et</strong></span> <span class='ocrx_word' id='word_1_923' title='bbox 1933 5529 2066 5583; x_wconf 88' lang='lat' dir='ltr'><strong>edit.</strong></span> 
     </span>
    </p>
   </div>
   <div class='ocr_carea' id='block_1_111' title="bbox 2175 5471 2863 5608">
    <p class='ocr_par' dir='ltr' id='par_1_111' title="bbox 2248 5471 2863 5608">
     <span class='ocr_line' id='line_1_113' title="bbox 2269 5471 2826 5529; baseline 0.005 -17"><span class='ocrx_word' id='word_1_924' title='bbox 2269 5471 2359 5527; x_wconf 68' lang='lat' dir='ltr'><strong>tu)</strong></span> <span class='ocrx_word' id='word_1_925' title='bbox 2398 5471 2733 5528; x_wconf 73' lang='lat' dir='ltr'><strong>Basiliensis,</strong></span> <span class='ocrx_word' id='word_1_926' title='bbox 2769 5471 2826 5529; x_wconf 78' lang='grc' dir='ltr'><strong>εξ</strong></span> 
     </span>
     <span class='ocr_line' id='line_1_114' title="bbox 2248 5471 2863 5608; baseline 0.011 -28"><span class='ocrx_word' id='word_1_927' title='bbox 2399 5529 2718 5608; x_wconf 60' lang='lat' dir='ltr'><strong>Basiliensis</strong></span> <span class='ocrx_word' id='word_1_928' title='bbox 2741 5544 2796 5587; x_wconf 89' lang='lat' dir='ltr'><strong>et</strong></span> <span class='ocrx_word' id='word_1_929' title='bbox 2822 5480 2863 5587; x_wconf 50' lang='grc' dir='ltr'><strong><em>θ</em></strong></span> 
     </span>
    </p>
   </div>
   <div class='ocr_carea' id='block_1_112' title="bbox 496 5594 2068 5681">
    <p class='ocr_par' dir='ltr' id='par_1_112' title="bbox 496 5594 1605 5681">
     <span class='ocr_line' id='line_1_115' title="bbox 496 5594 1605 5681; baseline 0 0"><span class='ocrx_word' id='word_1_930' title='bbox 496 5594 675 5681; x_wconf 48' lang='lat' dir='ltr'><strong>Paris;</strong></span> <span class='ocrx_word' id='word_1_931' title='bbox 706 5598 949 5681; x_wconf 55' lang='grc' dir='ltr'><strong>ἐξέψξῖει</strong></span> <span class='ocrx_word' id='word_1_932' title='bbox 983 5599 1075 5679; x_wconf 68' lang='grc' dir='ltr'>τιιίί</span> <span class='ocrx_word' id='word_1_933' title='bbox 1103 5594 1356 5681; x_wconf 44' lang='lat' dir='ltr'><strong>ﬁli-WE&quot;-</strong></span> <span class='ocrx_word' id='word_1_934' title='bbox 1586 5594 1605 5598; x_wconf 69' lang='lat'>&#39;</span> 
     </span>
    </p>
   </div>
   <div class='ocr_carea' id='block_1_113' title="bbox 2175 5594 3753 5681">
    <p class='ocr_par' dir='ltr' id='par_1_113' title="bbox 2248 5594 3753 5681">
     <span class='ocr_line' id='line_1_116' title="bbox 2248 5594 3753 5681; baseline -0.001 -25"><span class='ocrx_word' id='word_1_935' title='bbox 2400 5599 2789 5681; x_wconf 47' lang='lat' dir='ltr'><strong>lttﬂAnglicano</strong></span> <span class='ocrx_word' id='word_1_936' title='bbox 2821 5613 2875 5658; x_wconf 90' lang='lat' dir='ltr'><strong>et</strong></span> <span class='ocrx_word' id='word_1_937' title='bbox 2904 5601 3085 5681; x_wconf 54' lang='lat' dir='ltr'><strong>Felck:</strong></span> <span class='ocrx_word' id='word_1_938' title='bbox 3124 5594 3162 5665; x_wconf 86' lang='grc' dir='ltr'><strong>ι,</strong></span> <span class='ocrx_word' id='word_1_939' title='bbox 3204 5601 3474 5675; x_wconf 82' lang='grc' dir='ltr'>Ἀϐραάμ,</span> <span class='ocrx_word' id='word_1_940' title='bbox 3498 5618 3627 5661; x_wconf 81' lang='lat' dir='ltr'><strong>cum</strong></span> <span class='ocrx_word' id='word_1_941' title='bbox 3660 5612 3753 5662; x_wconf 66' lang='lat' dir='ltr'><strong>to.</strong></span> 
     </span>
    </p>
   </div>
   <div class='ocr_carea' id='block_1_114' title="bbox 2176 5671 3377 5742">
    <p class='ocr_par' dir='ltr' id='par_1_114' title="bbox 2176 5671 3377 5742">
     <span class='ocr_line' id='line_1_117' title="bbox 2176 5671 3377 5742; baseline -0.002 -12"><span class='ocrx_word' id='word_1_942' title='bbox 2176 5671 2290 5730; x_wconf 91' lang='lat' dir='ltr'><strong>nui.</strong></span> <span class='ocrx_word' id='word_1_943' title='bbox 2324 5671 2384 5726; x_wconf 92' lang='lat' dir='ltr'><strong>ln</strong></span> <span class='ocrx_word' id='word_1_944' title='bbox 2422 5672 2544 5729; x_wconf 86' lang='lat' dir='ltr'><strong>aliis</strong></span> <span class='ocrx_word' id='word_1_945' title='bbox 2577 5688 2701 5729; x_wconf 89' lang='lat' dir='ltr'><strong>cum</strong></span> <span class='ocrx_word' id='word_1_946' title='bbox 2726 5674 2917 5740; x_wconf 86' lang='lat' dir='ltr'><strong>denso,</strong></span> <span class='ocrx_word' id='word_1_947' title='bbox 2945 5681 2999 5730; x_wconf 89' lang='lat' dir='ltr'><strong>et</strong></span> <span class='ocrx_word' id='word_1_948' title='bbox 3031 5672 3112 5728; x_wconf 89' lang='lat' dir='ltr'><strong>sic</strong></span> <span class='ocrx_word' id='word_1_949' title='bbox 3143 5671 3377 5742; x_wconf 78' lang='lat' dir='ltr'><strong>semper.</strong></span> 
     </span>
    </p>
   </div>
   <div class='ocr_carea' id='block_1_115' title="bbox 2399 5529 3394 5595">
    <p class='ocr_par' dir='ltr' id='par_1_115' title="bbox 2399 5529 3394 5595">
     <span class='ocr_line' id='line_1_118' title="bbox 2399 5529 3394 5595; baseline 0.004 -13"><span class='ocrx_word' id='word_1_950' title='bbox 2399 5529 2718 5588; x_wconf 88' lang='lat' dir='ltr'><strong>Basiliensis</strong></span> <span class='ocrx_word' id='word_1_951' title='bbox 2741 5544 2796 5587; x_wconf 89' lang='lat' dir='ltr'><strong>et</strong></span> <span class='ocrx_word' id='word_1_952' title='bbox 2822 5529 3141 5595; x_wconf 62' lang='lat' dir='ltr'><strong>vati&#39;canus,</strong></span> <span class='ocrx_word' id='word_1_953' title='bbox 3170 5533 3233 5584; x_wconf 85' lang='lat' dir='ltr'><strong>El</strong></span> <span class='ocrx_word' id='word_1_954' title='bbox 3262 5532 3319 5585; x_wconf 84' lang='grc' dir='ltr'><strong>δὲ</strong></span> <span class='ocrx_word' id='word_1_955' title='bbox 3346 5533 3394 5586; x_wconf 91' lang='lat'><strong>6.</strong></span> 
     </span>
    </p>
   </div>
   <div class='ocr_carea' id='block_1_116' title="bbox 571 5667 1372 5739">
    <p class='ocr_par' dir='ltr' id='par_1_116' title="bbox 571 5667 1372 5739">
     <span class='ocr_line' id='line_1_119' title="bbox 571 5667 1372 5739; baseline -0.004 -18"><span class='ocrx_word' id='word_1_956' title='bbox 571 5667 681 5739; x_wconf 66' lang='grc'><strong>(44)</strong></span> <span class='ocrx_word' id='word_1_957' title='bbox 709 5667 1062 5739; x_wconf 69' lang='lat' dir='ltr'><strong>liasiliensis,</strong></span> <span class='ocrx_word' id='word_1_958' title='bbox 1091 5667 1372 5739; x_wconf 61' lang='grc' dir='ltr'>ἀκούσετε.</span> 
     </span>
    </p>
   </div>
   <div class='ocr_carea' id='block_1_117' title="bbox 572 5736 2066 5808">
    <p class='ocr_par' dir='ltr' id='par_1_117' title="bbox 572 5736 2066 5808">
     <span class='ocr_line' id='line_1_120' title="bbox 572 5736 2066 5808; baseline 0 -18"><span class='ocrx_word' id='word_1_959' title='bbox 572 5736 683 5808; x_wconf 67' lang='grc'><strong>(45)</strong></span> <span class='ocrx_word' id='word_1_960' title='bbox 725 5738 1059 5803; x_wconf 82' lang='lat' dir='ltr'><strong>Busiliensis,</strong></span> <span class='ocrx_word' id='word_1_961' title='bbox 1117 5736 1389 5807; x_wconf 71' lang='grc' dir='ltr'>ὥρμηται.</span> <span class='ocrx_word' id='word_1_962' title='bbox 1443 5737 1645 5793; x_wconf 82' lang='lat' dir='ltr'><strong>Ibidem</strong></span> <span class='ocrx_word' id='word_1_963' title='bbox 1697 5739 1832 5803; x_wconf 72' lang='lat' dir='ltr'><strong>lucc,</strong></span> <span class='ocrx_word' id='word_1_964' title='bbox 1892 5737 2066 5804; x_wconf 78' lang='grc' dir='ltr'>Ὠφθη</span> 
     </span>
    </p>
   </div>
  </div>
