4048 6406
1138 188 1177 203 4

236 306 287 362 45
916 304 1002 359 DE
1036 300 1358 360 COMMUNI
1398 300 1734 356 ESSENTIA
1771 297 2024 355 PATRIS
2062 272 2151 354 E'T
2187 297 2345 356 ιείωι
2384 297 2474 354 ΕΤ
2521 295 2696 355 SPlR.
2734 295 2791 351 S.

3424 290 3499 349 46

238 423 312 495 μὲν
335 418 454 490 Υἱῷ
492 418 679 492 ἴσμεν
733 420 1115 493 ἀφωρισμένην
1155 419 1367 473 δίαιταν
1403 418 1468 470 ὲκ
1514 414 1703 482 δεξιῶν
1725 414 1820 468 τοῦ

1940 415 2088 468 niam
2148 415 2331 470 sedem
2376 414 2782 485 propriamque,
2811 410 3070 465 nimirum
3105 410 3171 464 ad
3215 410 3496 466 dexteram

237 511 415 584 Πατρδς
456 510 821 575 ἰδιάζουσαν.
855 509 973 562 Τῶν
997 509 1127 577 γοῦν
1153 508 1263 579 (49)
1287 507 1454 580 τριῶν
1484 505 1819 560 καθισάντων

1940 504 2121 568 .3atris,
2156 507 2472 561 attributam
2511 522 2655 562 esse.
2686 503 2887 560 Tribus
2922 504 3087 575 igitur
3145 503 3287 572 apud
3322 501 3501 556 Abra-

237 609 307 659 ὲιιι
319 601 406 655 τοῦ
447 601 758 673 Ἀϐραὰμ,
792 600 947 671 δῆλον
974 600 1056 653 ὅτι
1084 598 1143 667 ἐξ
1188 598 1485 669 εὐωνύμων
1518 596 1739 651 ἐκάθισε
1760 595 1822 647 τὸ

1940 613 2048 651 iam
2079 597 2415 664 sedentibus,
2435 598 2504 652 ad
2528 598 2807 653 sinistram
2837 589 2988 651 certe
3014 594 3250 666 Spiritus
3273 601 3500 650 sanctus

238 694 430 765 Πνεῦμα
462 691 533 745 τὺ
557 693 733 762 ἆγιον
748 709 763 724 ⁸
793 692 931 764 αῦτη
950 691 1056 763 γὰρ
1078 689 1226 761 αὐτῷ
1244 688 1602 761 ἀφωρισμένη
1621 688 1818 741 δίαιτα.

238 788 418 856 Ὠσπερ
449 779 558 836 οὖν
598 783 754 851 πρὸς
774 783 869 836 τὸν
913 780 1105 836 ἑαυτοῦ
1135 780 1264 834 Υἱὸν
1290 776 1440 833 εἷπει
1473 798 1491 829 ι
1530 777 1714 832 Κάθου
1759 778 1823 829 ὲκ

238 876 390 944 δεξιῶν
434 891 583 946 μου·
629 893 653 925 ι
691 875 765 927 ἐκ
789 873 848 928 δὲ
883 872 974 927 τοῦ
1008 872 1230 927 καθίσαι
1258 873 1325 926 ὲκ
1355 870 1545 936 δεξιῶν
1570 870 1659 923 τὸν
1695 868 1824 921 Υἱὸν

238 966 354 1019 ἔστιν
377 964 724 1034 ἐπινοῆσαι,
752 964 837 1016 ὄτι
864 962 982 1017 κατ’
1004 961 1304 1033 ἐπιτροπὴν
1334 957 1455 1014 εἷπε
1487 961 1581 1014 καὶ
1607 959 1684 1030 τῷ
1706 960 1827 1011 ἐαυ-

238 1057 311 1111 τοῦ
333 1048 659 1127 Πνεύματι,
697 1048 890 1108 Κάθου
928 1053 987 1119 ἐξ
1012 1048 1308 1124 εὐωνύμων
1343 1071 1462 1125 μου.
1496 1051 1601 1105 Τοῦ
1637 1051 1695 1105 δὲ
1726 1067 1827 1105 κα-

237 1148 444 1220 θημένου
484 1150 525 1219 ἡ
579 1148 943 1218 προσηγορία
972 1144 1282 1217 ἀξιώματός
1326 1148 1441 1199 ἐστι
1484 1145 1762 1216 σημασία⁸
1799 1144 1828 1195 6

235 1240 325 1311 γὰρ
355 1237 697 1309 καθήμενος
746 1236 1159 1308 ὲμπερίγραφός
1191 1237 1359 1300 ἐστιν,
1408 1236 1468 1289 ὲν
1595 1234 1830 1304 κάθηται

236 1333 376 1403 τόπῳ.
420 1332 487 1383 ὐ
526 1330 593 1383 δὲ
649 1329 796 1392 Θεὸς
838 1328 993 1399 ἡμῶν
1040 1327 1422 1400 ἀπερίγραφός
1473 1329 1589 1381 ἐστι
1636 1326 1825 1396 φύσει·

235 1421 677 1495 περιγράφεσθαι
701 1418 766 1472 δὲ
802 1419 948 1488 δοκεῖ
980 1418 1566 1490 μετενσωματούμενος
1585 1427 1601 1448 δ
1634 1419 1696 1471 οὐ
1720 1416 1828 1489 γὰρ

235 1514 555 1587 ἁνθρωπίζει
603 1515 643 1585 ἡ
704 1513 905 1585 Γραφὴ
943 1512 1033 1565 τὺν
1081 1511 1244 1565 Θεόν·
1278 1511 1394 1565 ἀλλ’
1444 1513 1510 1564 ἐκ
1564 1510 1658 1564 τοῦ
1710 1509 1831 1563 καθ’

234 1608 357 1680 ἡμᾶς
404 1606 777 1675 διαλέγεται,
823 1606 910 1659 ἵνα
961 1605 1032 1659 τὰ
1072 1605 1213 1677 ὑπὲρ
1263 1606 1410 1676 ἡμᾶς
1455 1602 1675 1677 ὲμφάνῃ
1719 1602 1832 1674 (50)

234 1701 517 1772 πράγματα
555 1701 622 1752 ὲν
652 1696 787 1770 τοίᾳ
809 1697 989 1767 φύσει.
1025 1698 1145 1752 Ὅτι
1176 1696 1235 1750 δὲ
1262 1696 1322 1750 ὲν
1348 1692 1428 1767 τῷ
1448 1694 1726 1767 ἑκατοστῷ
1749 1695 1835 1748 ὲν-

1924 688 2148 743 sedebat
2180 707 2195 742 :
2230 701 2294 743 ea
2325 689 2470 743 enim
2496 689 2577 743 illi
2598 688 2837 758 ascripta
2864 686 3022 742 sedes
3050 696 3157 743 est.
3192 685 3327 740 Nam
3357 686 3503 741 sicut

1925 777 1995 832 ad
2041 776 2239 833 Filium
2268 778 2404 833 dixit
2437 797 2451 834 :
2482 797 2501 829 ‹
2532 777 2673 834 Sede
2696 793 2727 832 a
2754 777 2963 832 dextris
3000 778 3138 832 meis
3154 777 3239 827 ὀι
3281 798 3300 831 δ
3331 794 3398 833 ex
3434 792 3501 832 eo

1926 875 2105 924 autem
2154 869 2300 938 quod
2349 868 2519 924 Filius
2561 869 2716 925 sedet
2755 869 2821 925 ad
2864 870 3165 934 dexteram,
3198 869 3502 940 intelligere

1927 959 2134 1024 licebit,
2165 961 2311 1031 quod
2357 975 2453 1031 per
2484 961 2903 1016 concessionem
2954 960 3154 1016 dixerit
3189 976 3291 1016 suo
3328 960 3504 1031 Spiri-

1927 1049 2007 1103 tui
2040 1068 2052 1103 :
2090 1045 2229 1105 Sede
2257 1064 2286 1104 a
2321 1051 2563 1106 sinistris
2593 1049 2750 1105 meis.
2794 1049 3137 1106 Vocabulum
3186 1059 3368 1106 autem
3416 1065 3507 1105 se-

1929 1140 2130 1206 dentis,
2170 1142 2488 1214 dignitatem
2527 1143 2843 1214 signiﬁcat:
2877 1159 3003 1200 nam
3030 1144 3122 1217 qui
3163 1144 3335 1209 sedet,
3382 1143 3507 1197 ﬁni-

1930 1238 2034 1293 bus
2060 1239 2181 1310 ejus
2223 1239 2352 1303 loci,
2381 1238 2437 1292 in
2468 1252 2578 1309 quo
2609 1237 2782 1302 sedet,
2820 1237 3315 1293 circumscribitur.
3363 1235 3510 1290 Deus

1933 1339 2113 1385 autem
2149 1338 2335 1386 noster
2367 1336 2564 1383 natura
2588 1344 2687 1384 sua
2709 1329 2875 1385 nullis
2906 1329 3108 1384 ﬁnibus
3156 1327 3514 1384 circumscri-

1931 1422 2080 1477 bitur
2104 1440 2117 1476 :
2143 1437 2333 1477 verum
2395 1421 2777 1477 circumscribi
2820 1420 3054 1483 videtur,
3088 1436 3213 1476 cum
3240 1436 3365 1493 quae
3391 1436 3515 1477 cor-

1934 1515 2141 1584 poralia
2167 1523 2316 1580 sunt,
2341 1514 2410 1569 ad
2440 1529 2565 1570 eum
2599 1514 3026 1571 transferuntur.
3054 1515 3342 1586 Scriptura
3369 1516 3520 1572 enim

1934 1604 2105 1661 Deum
2148 1619 2494 1676 nequaquam
2540 1605 2815 1662 hominem
2840 1606 2993 1672 facit,
3026 1608 3119 1663 sed
3145 1618 3338 1664 nostro
3366 1624 3522 1664 more

1936 1697 2004 1753 de
2054 1712 2120 1753 eo
2169 1698 2436 1768 loquitur,
2470 1703 2532 1753 ut
2583 1709 2693 1763 res,
2727 1713 2849 1768 qua:
2883 1713 3050 1768 supra
3093 1714 3195 1754 nos
3227 1706 3380 1764 sunt,
3416 1700 3521 1755 sub

232 1791 355 1861 νάτῳ
372 1787 595 1861 ψαλμῷ
625 1802 839 1860 φησιν’
871 1806 890 1839 ι
917 1784 1082 1842 Εἶπεν
1105 1787 1353 1859 ὁΚύριος
1375 1786 1455 1858 τῷ
1478 1786 1670 1859 Κυρίῳ
1695 1804 1799 1858 μου
1816 1803 1830 1817 ο

1940 1791 2241 1847 istiusmodi
2279 1798 2474 1847 natura
2517 1791 2851 1848 manifestet.
2871 1790 3030 1860 Quod
3064 1800 3244 1849 autem
3283 1793 3339 1848 in
3358 1794 3521 1865 ‘psal-

228 1882 396 1938 Κάθου
428 1884 505 1935 ὲκ
543 1880 761 1945 δεξιῶν
784 1895 909 1951 μουο
934 1899 953 1933 ι
974 1880 1068 1934 καὶ
1097 1879 1439 1933 καθισάντων
1462 1878 1663 1943 αὐτῶν,
1682 1877 1833 1947 λέγει

230 1977 448 2051 ήΓραφὴ
477 1975 645 2049 πρὸς
673 1975 851 2028 αὐτὸν
879 1973 990 2047 (51)
1013 1973 1105 2028 τὸν
1135 1974 1405 2046 Χριστόν·
1445 1993 1465 2026 ι
1498 1975 1701 2045 Ὠμοσε
1723 1968 1836 2027 Κύ-

236 2089 350 2145 ριος,
397 2070 502 2126 καὶ
567 2070 639 2124 οὐ
696 2065 1246 2142 μεταμεληθήσεται·
1286 2066 1353 2119 σὺ
1386 2064 1564 2137 ἱερεὺς
1618 2067 1699 2128 είς
1745 2063 1836 2116 τὸν

232 2163 386 2216 αἰῶνα
410 2160 578 2216 κατὰ
618 2158 730 2233 τὴν
777 2158 935 2222 τάξιν
969 2155 1303 2227 Μελχισεδέκ
1326 2169 1340 2184 ⁸
1376 2174 1395 2206 ι
1424 2156 1538 2219 καὶ,
1578 2173 1596 2205 ι
1638 2148 1836 2225 Κύριος

228 2253 286 2307 δα
316 2253 509 2319 δεξιῶν
562 2269 675 2308 σου
700 2268 718 2283 ⁸
769 2269 792 2304 ι
824 2250 987 2322 δῆλον
1034 2245 1127 2304 οὖν
1167 2249 1252 2303 ὅτι
1293 2247 1355 2301 τὸ
1398 2247 1620 2301 Πνεῦμα
1664 2249 1731 2302 ὲκ
1755 2247 1839 2300 δε-

228 2346 341 2413 ξιῶν
369 2350 493 2401 ἐστι

231 2547 304 2606 10»
337 2551 466 2604 ὀτι
523 2550 573 2618 ἠ
630 2543 1058 2618 Τριὰςᾼῆτειρε
1095 2544 1203 2597 τὸν
1247 2540 1504 2618 ξριστόν
1546 2540 1696 2595 κατὰ
1726 2539 1842 2608 τὴν

760 2613 968 2684 σάρκα
996 2616 1063 2669 ὲκ
1090 2613 1340 2684 νεκρῶν.

285 2712 413 2786 Περὶ
455 2710 712 2782 Πατρδς
752 2706 935 2770 οὕτως
972 2705 1152 2775 λέγει’
1185 2724 1205 2757 ι
1251 2705 1311 2757 '0
1341 2704 1398 2757 δὲ
1434 2703 1589 2767 Θεὸς,
1632 2703 1727 2755 καὶ
1754 2696 1844 2754 τὸν

227 2801 408 2877 Κύριον
432 2805 678 2876 ἡγειρε,
700 2800 806 2853 καὶ
825 2799 977 2870 ἡμᾶς
993 2798 1173 2868 ἐγερεί
1194 2795 1305 2866 (52)
1321 2795 1410 2849 διὰ
1434 2794 1533 2866 τῆς
1565 2794 1843 2865 δυνάμεως

226 2894 393 2952 αὐτοῦ.
439 2917 461 2949 ι
496 2895 661 2968 Περὶ
705 2890 882 2945 Υἱοῦ·
919 2908 938 2941 ι
972 2888 1184 2943 Λύσατε
1212 2888 1303 2942 τὸν
1339 2887 1464 2943 ναὸν
1506 2886 1715 2950 τοῦτον,
1750 2885 1845 2940 καὶ

228 2991 276 3042 ἑν
294 2986 471 3060 τρισὶν
509 2983 793 3060 ἡμέραις
825 2980 1006 3054 ἐγερῶ
1033 2982 1211 3034 αὐτόν.
1244 2980 1417 3045 Αὐτὸς
1447 2979 1505 3033 δὲ
1532 2978 1684 3047 ἔλεγε
1720 2979 1847 3048 περὶ

227 3081 306 3135 τοῦ
333 3081 466 3138 ναοῦ
500 3082 613 3135 τοῦ
646 3077 928 3149 σώματος
958 3073 1145 3130 αὐτοῦ.
1185 3094 1203 3126 ι
1242 3073 1378 3144 Περὶ
1398 3068 1454 3125 δὲ
1477 3072 1570 3125 τοῦ
1596 3071 1848 3142 Πνεύμα-

1935 1894 2027 1938 mo
2064 1883 2366 1939 centesimo
2414 1898 2561 1939 nono
2586 1883 2868 1953 loquitur:
2901 1902 2921 1936 ι
2952 1883 3098 1938 Dixit
3125 1880 3391 1939 Dominus
3417 1883 3522 1939 Do-

1934 1976 2083 2031 mino
2135 1990 2257 2031 meo
2283 1993 2297 2029 :
2330 1970 2468 2031 Sede
2490 1989 2523 2030 a
2549 1975 2758 2033 dextris
2805 1977 3024 2033 meis".
3058 1997 3077 2030 ι
3106 1975 3172 2031 Ει
3203 1976 3524 2033 sedentibus

1936 2068 2069 2132 illis,
2102 2066 2180 2120 ait
2232 2063 2519 2137 Scriptura
2570 2067 2637 2122 ad
2692 2069 2870 2139 ipsum
2892 2064 3213 2125 Christum:
3253 2088 3272 2121 ι
3306 2067 3525 2124 Juravit

1938 2158 2222 2223 Dominus,
2250 2170 2305 2214 et
2328 2175 2434 2214 non
2466 2159 2752 2232 pcenitebit
2783 2175 2908 2215 eum
2941 2179 2954 2215 :
2990 2169 3049 2215 tu
3076 2175 3137 2217 es
3179 2160 3436 2215 sacerdos
3467 2161 3525 2216 in

1937 2260 2200 2306 aeternum
2219 2251 2518 2306 secundum
2548 2251 2797 2307 ordinem
2815 2250 3179 2309 Melchisedec
3200 2271 3214 2308 :
3239 2275 3259 2304 ρ
3279 2259 3355 2319 et,
3382 2273 3399 2303 ι
3425 2252 3526 2306 Do-

1939 2343 2124 2398 minus
2156 2358 2187 2396 a
2217 2343 2424 2399 chtris
2446 2344 2645 2411 tuis”;
2674 2363 2692 2396 ι
2718 2343 2888 2414 liquet
2911 2344 3078 2416 igitur
3102 2343 3364 2414 Spiritum
3392 2360 3525 2399 san-

1941 2443 2089 2489 ctum
2131 2449 2160 2487 a
2196 2434 2403 2490 dextris
2441 2451 2581 2491 esse.

1942 2547 2032 2601 10.
2051 2545 2205 2613 Quod
2226 2544 2462 2601 Trinitas
2481 2563 2513 2600 a
2536 2549 2767 2629 mortuis.
2790 2544 3061 2630 Christum
3086 2545 3372 2602 secundum
3404 2525 3528 2602 car;

2502 2634 2619 2670 nem
2654 2628 2980 2673 excitaverit.

2016 2707 2091 2762 De
2112 2707 2275 2764 Patre
2302 2709 2377 2763 ita
2399 2709 2646 2779 loquitur
2678 2727 2692 2763 :
2724 2728 2743 2759 ι
2770 2708 3126 2767 Deusautem
3152 2718 3207 2764 et
3236 2708 3528 2765 Dominum

1945 2803 2233 2858 suscitavit
2260 2809 2314 2858 et
2347 2817 2448 2856 nos
2496 2802 2784 2857 suscitabit
2813 2819 2909 2874 per
2939 2805 3197 2860 virtutem
3227 2819 3382 2861 suam
3399 2806 3467 2861 “.
3503 2825 3523 2857 ι

1948 2893 2023 2949 De
2044 2892 2218 2948 Filio:
2251 2912 2270 2945 ι
2302 2892 2509 2948 Solvite
2528 2894 2791 2965 templum
2822 2894 2950 2960 hoc,
2971 2904 3025 2951 et
3055 2896 3111 2950 in
3136 2879 3314 2951 tribus
3335 2895 3530 2952 diebus

1948 2987 2227 3042 suscitabo
2257 2986 2413 3041 illud.
2453 2984 2546 3040 Ille
2581 2993 2761 3042 autem
2809 2986 3029 3044 dicebat
3063 2984 3132 3044 de
3172 2988 3376 3060 templo
3406 3004 3533 3044 cor-

1951 3079 2101 3150 poris
2145 3079 2314 3135 sui“.
2349 3098 2368 3130 ι
2395 3078 2473 3134 De
2520 3078 2729 3151 Spiritu
2770 3088 2953 3135 autem
2988 3099 3003 3136 :
3041 3100 3061 3133 ι
3101 3081 3260 3149 Quod
3311 3082 3361 3137 si
3408 3081 3534 3153 Spi-

226 3186 303 3238 τος
332 3175 477 3245 (5'5)°
518 3194 541 3227 ι
583 3173 660 3227 Et
699 3169 769 3224 δὲ
818 3168 883 3222 τὸ
913 3167 1158 3238 Πνεῦμα,
1193 3166 1254 3219 τὸ
1292 3168 1510 3237 ὲγείραν
1551 3163 1757 3235 Ἰησοῦν
1781 3164 1838 3215 ὲκ

1951 3172 2112 3235 ritus,
2146 3171 2238 3242 qui
2281 3172 2567 3227 suscitavit
2613 3169 2799 3227 Jesum
2850 3186 2880 3225 a
2932 3175 3189 3239 mortuis,
3217 3174 3429 3229 habitat
3475 3175 3534 3230 in

224 3267 439 3339 νεκρῶν,
472 3268 637 3321 οἰκεῖ
681 3265 751 3316 ὲν
787 3263 945 3333 ύμιν,
974 3263 1002 3314 6
1027 3261 1246 3332 ἐγείρας
1276 3259 1368 3312 τὸν
1400 3256 1636 3328 Χριστὸν
1664 3259 1729 3309 ὲκ
1760 3271 1846 3307 νε-

223 3360 357 3432 ιρῶν
395 3359 768 3429 ζωοποιήσει
825 3353 1028 3407 καὶτὰ
1063 3353 1233 3424 θνητὰ
1279 3352 1510 3424 σώματα
1556 3349 1710 3422 ὑμῶν
1760 3349 1846 3403 διὰ

221 3446 305 3506 τοῦ
327 3452 703 3514 ἐνοικοῦντος
735 3445 923 3502 αὐτοῦ
951 3443 1266 3516 Πνεῦματος
1292 3444 1349 3497 ἐν
1372 3440 1521 3515 ὑμῖν.
1559 3463 1578 3494 ι

357 3543 449 3600 11.
486 3546 638 3599 Ὅτι
675 3543 722 3611 ἠ
765 3537 950 3608 Τριάς
976 3534 1078 3608 ὑφ’
1109 3535 1330 3606 ἑαυτῆς
1365 3532 1692 3603 δοξάζεται.

291 3634 350 3693 Ὅ
377 3638 511 3704 Υἱὸς
557 3634 815 3702 δοξάζει
863 3631 960 3686 τὸν
996 3630 1245 3703 Πατέρα·
1279 3629 1427 3699 λέγει
1471 3629 1611 3700 γάρ·
1645 3649 1663 3679 ι
1706 3622 1850 3683 Ἐδό-

219 3727 359 3795 ξασά
401 3743 498 3784 σου
536 3731 609 3784 τὸ
644 3730 851 3798 ὖνομα
891 3721 987 3776 ἐπὶ
1011 3715 1110 3793 τῆς
1138 3722 1273 3793 γῆς’
1302 3742 1322 3774 υ
1355 3726 1383 3776 6
1410 3723 1599 3794 Πατὴρ
1627 3722 1706 3790 τῷ
1736 3721 1850 3793 Υἱῷ

217 3820 359 3892 λέγει
396 3825 458 3878 ἐν
487 3823 573 3896 τῷ
625 3814 987 3887 Εὐαγγελίῳ
1010 3829 1026 3847 ο
1077 3833 1098 3865 ι
1138 3817 1250 3870 Καὶ
1277 3814 1523 3882 ἐδόξασα,
1556 3816 1649 3868 καὶ
1688 3814 1850 3869 πάλιν

215 3912 431 3979 δοξάσω.
473 3935 495 3968 ι
535 3917 680 3970 Ὅτι
716 3907 1054 3973 δεδόξασται
1098 3908 1228 3972 Υίὺς
1282 3906 1434 3979 παρὰ
1472 3908 1565 3962 τοῦ
1613 3908 1848 3979 Πατρός,

218 4009 299 4060 καὶ
316 4009 515 4082 Πατὴρ
555 4009 688 4079 (54)
721 4002 898 4075 παρὰ
924 4001 1017 4055 τοῦ
1054 3997 1208 4066 Υίοῦ,
1242 3998 1391 4071 λέγει
1419 4005 1477 4056 ὲν
1499 4003 1578 4073 τῷ
1603 4002 1851 4072 Εὐάγγε-

215 4096 326 4169 λίῳδ
367 4121 387 4153 ι
423 4104 660 4164 Πάτερ,
711 4095 957 4160 δόξασόν
990 4106 1081 4147 σου
1110 4094 1201 4149 τὸν
1227 4095 1377 4158 Υἱὺν,
1413 4095 1499 4149 ἵνα
1540 4097 1635 4149 καὶ
1663 4098 1691 4149 6
1724 4095 1852 4159 Υἱός

220 4191 527 4268 σουδοξάσῃ
564 4210 660 4247 σε.
710 4210 731 4240 ι
763 4188 848 4241 T6
883 4180 1110 4256 Πνεῦμα
1141 4182 1232 4241 τὸν
1261 4187 1389 4240 Υίὺν
1430 4185 1643 4253 δοξάζει
1664 4206 1678 4219 ο
1705 4188 1853 4256 λέγει

216 4285 310 4357 γὰρ
336 4290 472 4361 περὶ
510 4290 627 4343 τοῦ
680 4279 1069 4354 Παρακλήτου
1091 4297 1103 4310 ·
1145 4299 1164 4331 ι
1217 4281 1453 4344 Ἐκεῖνος
1483 4280 1583 4351 ἐμὲ
1618 4279 1851 4347 δοξάσει,

1950 3266 2105 3321 vobis
2135 3284 2148 3320 :
2182 3265 2276 3336 qui
2309 3265 2597 3321 suscitavit
2628 3264 2908 3321 Christum
2941 3281 2972 3320 a
3000 3269 3255 3330 mortuis,
3291 3268 3537 3323 viviﬁca-

1951 3357 2029 3411 hit
2063 3364 2117 3413 et
2164 3358 2419 3413 mortalia
2472 3372 2705 3428 corpora
2741 3364 2924 3413 vestra
2968 3374 3066 3429 per
3095 3358 3360 3431 Spiritum
3387 3362 3532 3432 ejus,

1952 3450 2283 3506 habitantem
2308 3450 2363 3505 in
2388 3450 2543 3506 vobis
2568 3449 2613 3481 "
2635 3468 2682 3506 ,ι

2209 3539 2297 3595 11.
2338 3536 2654 3595 Trinitatem
2687 3557 2721 3595 a
2763 3541 2937 3608 seipsa
2969 3542 3282 3611 gloriﬁcari.

2021 3624 2196 3688 Filius
2224 3630 2495 3704 gloriﬁcat
2522 3630 2762 3697 Patrem,
2795 3632 2930 3687 dicit
2961 3633 3108 3688 enim
3136 3652 3149 3688 :
3176 3652 3195 3684 ι
3219 3632 3535 3689 Gloriticavi

1952 3740 2153 3781 nomen
2205 3733 2358 3779 tuum
2402 3724 2456 3778 in
2509 3731 2655 3779 terra
2688 3723 2736 3757 ”
2775 3742 2788 3778 :
2828 3742 2848 3776 ι
2885 3729 2940 3778 et
2972 3723 3134 3779 Pater
3179 3722 3320 3778 Filio
3359 3726 3433 3779 ait
3478 3725 3537 3779 in

1952 3815 2289 3889 Evangelia:
2312 3833 2332 3866 ι
2356 3811 2421 3868 Ει
2444 3812 2764 3884 gloriﬁcavi,
2784 3820 2839 3869 et
2865 3812 3061 3868 iterum
3078 3813 3396 3884 gloriﬁcabo
3410 3814 3481 3869 "'.
3508 3832 3528 3865 ι

1955 3910 2110 3976 Quod
2143 3918 2325 3965 autem
2356 3910 2694 3982 gloriticatus
2725 3909 2796 3964 sit
2817 3904 2991 3965 Filius
3018 3924 3049 3963 a
3081 3906 3261 3972 Patre,
3290 3917 3344 3964 et
3374 3906 3538 3963 Pater

1956 4022 1986 4059 a
2014 4003 2172 4068 Filio,
2201 4006 2257 4059 in
2286 4004 2581 4074 Evangelia
2631 4003 2706 4057 ait
2739 4022 2752 4058 :
2787 4021 2806 4054 ι
2836 4002 3017 4067 Pater,
3048 4002 3292 4074 gloriﬁca
3335 4000 3535 4056 Filium

1958 4108 2135 4159 tuum,
2172 4103 2232 4150 ut
2260 4104 2315 4151 et
2346 4095 2520 4150 Filius
2554 4102 2683 4150 tuus
2727 4095 2993 4166 gloriﬁcet
3027 4095 3159 4150 te".
3219 4115 3239 4148 ι
3296 4092 3565 4164 Spiritus

1961 4184 2158 4240 Filium
2206 4184 2508 4256 gloriﬁcat;
2547 4186 2620 4239 ait
2646 4186 2789 4240 enim
2819 4185 2886 4240 de
2915 4183 3200 4240 Paracleto
3235 4206 3246 4240 :
3277 4203 3296 4234 ι
3325 4183 3419 4239 Ille
3452 4200 3539 4239 me

1958 4277 2306 4345 gloriﬁcabit,
2369 4279 2497 4347 quia
2533 4278 2601 4332 de
2649 4292 2771 4331 meo
2818 4278 3077 4347 accipiet,
3106 4286 3161 4332 et
3191 4278 3540 4332 annuntiabit

218 4375 284 4430 ὅτι
318 4381 382 4432 ὲκ
414 4380 518 4435 τοῦ
564 4375 730 4451 ἐμοῦ
776 4372 1046 4444 λήψεται,
1081 4372 1175 4425 καὶ
1217 4370 1510 4439 ἀναγγελεῖ
1540 4371 1689 4441 ὑμῖν.
1734 4390 1753 4423 ι
1797 4371 1838 4423 ⁸(

1961 4366 2200 4422 vobis”.
2256 4386 2274 4419 ι
2331 4366 2506 4421 Filius
2572 4365 2835 4436 Spiritum
2917 4365 3207 4437 gloriﬁcat,
3269 4366 3459 4421 dicens
3522 4387 3535 4421 :

215 4466 325 4533 Υἱὸς
372 4473 439 4526 τὸ
491 4469 767 4539 Πνεῦμα
825 4460 1311 4530 δοξάζει,.λέγων·
1351 4479 1368 4511 ι
1404 4462 1562 4515 Πᾶσα
1608 4460 1838 4532 ἁμαρτία

1966 4480 1984 4511 (
2026 4459 2201 4515 Omne
2252 4471 2534 4530 peccatum
2584 4459 2914 4521 remittetur,
2947 4459 3043 4513 sed
3089 4458 3432 4529 blasphemia
3484 4460 3541 4514 in

217 4566 578 4642 ἀφεθήσεταιο
613 4570 656 4639 ἡ
686 4564 755 4618 δὲ
792 4566 881 4625 εἰς
911 4559 975 4612 τὸ
999 4558 1221 4629 Πνεῦμα
1250 4559 1309 4611 τὸ
1344 4559 1498 4627 ἅγιον
1534 4557 1838 4628 βλασφημία

1961 4552 2225 4622 Spiritum
2261 4562 2514 4608 sanctum
2553 4568 2661 4607 non
2696 4553 3064 4612 remittetur‘,
3103 4571 3123 4603 ι
3156 4552 3228 4606 ob
3253 4552 3375 4620 ejus
3410 4568 3536 4606 cum

212 4661 297 4714 οὐκ
316 4640 727 4734 ἀφεθήσεται,
764 4674 785 4706 ι
813 4651 911 4706 διὰ
941 4651 1038 4721 τῆς
1067 4651 1202 4722 πρὸς
1221 4651 1441 4721 Πατέρα
1466 4650 1559 4703 καὶ
1590 4647 1718 4700 Υἱὸν
1739 4664 1838 4700 κοι-

1957 4642 2118 4699 Patre
2157 4651 2212 4700 et
2261 4640 2401 4698 Filio
2442 4645 2906 4699 communionem.
2939 4645 3119 4714 Atque
3149 4644 3315 4699 etiam
3356 4664 3374 4695 ι
3411 4645 3538 4713 quia

214 4753 426 4816 νωνὶαςο
465 4755 579 4805 καὶ
644 4751 719 4800 ὲν
766 4742 979 4810 τούτῳ,
1017 4760 1036 4791 ι
1070 4740 1151 4792 ὃτι
1191 4740 1364 4801 οὐδεὶς
1410 4738 1633 4792 δύναται
1675 4739 1838 4789 εἰπείι

1958 4752 2121 4793 nemo
2145 4737 2329 4793 dicere
2361 4745 2543 4808 potest
2565 4734 2852 4792 Dominum
2884 4736 3094 4801 Jesum,
3125 4737 3231 4792 nisi
3260 4737 3314 4791 in
3335 4734 3540 4805 Spiritu

212 4843 401 4917 Κύριον
443 4842 707 4917 Ἰησοῦν,
742 4838 795 4890 εί
834 4835 916 4906 μὴ
943 4835 1002 4885 ὲν
1027 4832 1303 4903 Πνεύματι
1329 4830 1486 4901 ἁγίῳ.
1525 4849 1543 4882 ι
1960 4840 2152 4888 sancto
2171 4835 2214 4886 ¹.
2280 4852 2298 4882 ›

366 4937 460 4990 12.
492 4915 671 5003 Περὶ
704 4923 1084 4993 δοξολογίας
1110 4922 1455 4990 Πνεύματος
1488 4919 1679 4987 ἁγίου.

2204 4918 2292 4973 12.
2346 4917 2421 4971 De
2448 4918 2833 4989 gloriﬁcatione
2860 4917 3033 4971 sancti
3061 4915 3310 4982 Spiritus.

272 5047 293 5083 ι
323 5030 514 5085 Θῦσον
550 5026 650 5097 τῷ
704 5018 841 5089 Θεῴ
871 5014 1066 5070 θυσίαν
1111 5015 1390 5079 αἰνέσεως,
1423 5012 1519 5066 καὶ
1549 5013 1746 5074 ἀπόδος
1780 5010 1838 5081 τιξ

2040 5030 2058 5063 ι
2094 5009 2319 5065 lmmola
2356 5009 2463 5066 Deo
2485 5011 2818 5066 sacriﬁcium
2860 5010 3057 5075 laudis,
3093 5020 3147 5063 et
3187 5006 3352 5061 redde
3374 5003 3532 5059 Altis-

3013 5165 3058 5194 ³⁸
3098 5161 3252 5215 Rom.
3285 5162 3420 5226 vm',
3454 5164 3541 5218 11.

1199 5173 1245 5202 ⁹¹
1288 5169 1418 5223 ibid.
1457 5169 1522 5229 4,
1557 5170 1610 5222 εἰ.
1687 5170 1733 5200 ⁸³
1773 5168 1790 5221 1
1828 5173 1838 5217 ι

1199 5258 1265 5288 ιι-
1301 5244 1384 5288 2.3.
1484 5242 1530 5271 "
1566 5238 1726 5288 .lnan-
1765 5256 1831 5288 xv

1944 5208 1957 5221 .
1993 5184 2083 5233 vt,
2117 5168 2206 5224 14.
2285 5167 2334 5200 ”
2371 5165 2531 5221 Joan.
2570 5183 2645 5232 ll,
2684 5167 2778 5225 19.
2810 5166 2902 5217 21.
3013 5165 3058 5194 ’⁸
3098 5165 3252 5215 Rom.
3285 5165 3420 5226 νιιι,
3454 5165 3511 5218 11

1950 5238 2004 5288 1.
2100 5240 2147 5272 ³³
2184 5238 2344 5288 Joan.
2382 5253 2509 5288 xvn.
2545 5237 2631 5288 14.
2713 5240 2727 5269 ³
2773 5234 2963 5288 Matth.
3002 5250 3110 5288 xu.
3145 5234 3235 5288 58.
3313 5237 3332 5264 ³
3369 5231 3522 5288 !Cor

269 5186 310 5218 ⁵⁸
346 5185 512 5243 Psal.
556 5197 671 5237 cu
698 5219 718 5241 ,
760 5175 818 5228 1.
902 5173 949 5203 "
990 5171 1123 5225 ibid.
1199 5173 1245 5202 "
1288 5171 1418 5223 ibid.
1457 5171 1522 5229 4,
1557 5171 1610 5222 ες.
1687 5171 1733 5200 ³³
1773 5171 1790 5221 1
1828 5173 1838 5217 ι

275 5257 435 5305 1mm-
477 5271 611 5305 xvu
637 5291 659 5305 .
701 5248 766 5301 4.
880 5244 928 5277 ’⁷
969 5242 1126 5298 Joan.
1159 5258 1265 5305 xu,
1301 5244 1385 5295 2o.
1484 5242 1530 5271 "
1566 5238 1731 5305 Joan.‘
1765 5256 1831 5293 χν

1944 5208 1957 5221 .
1993 5184 2083 5233 Vt,
2117 5171 2206 5224 14.
2285 5171 2334 5200 ”
2371 5171 2531 5221 Joan.
2570 5183 2645 5232 It,
2684 5171 2778 5225 19.
2810 5171 2902 5217 ‘21.
3013 5171 3058 5194 "
3098 5171 3230 5215 ﬂom

1950 5238 2005 5294 1.
2100 5240 2147 5272 ”
2184 5238 2344 5295 Joan.
2382 5253 2509 5301 xvn,
2545 5237 2631 5291 14.
2713 5240 2727 5269 ³
2773 5234 2963 5289 Matth.
3002 5250 3110 5296 xu,
3145 5234 3235 5288 58.

208 5255 249 5286 ’⁸
275 5242 436 5312 «ἰωὴ.
476 5271 611 5311 xvu
637 5291 659 5315 ,
701 5248 766 5301 4.
880 5244 928 5277 ’⁷
969 5242 1126 5298 JOan.
1159 5258 1265 5305 xu,
1301 5244 1385 5295 2o.

213 5338 275 5380 xu
292 5369 309 5395 ,
340 5330 396 5382 5.

271 5483 377 5553 (ιε)
419 5482 804 5553 Vaticanus.
850 5460 1799 5553 οδν;.ΜοξΒεξίιὶεηξξξιδιέοιέῖτξι

2037 5459 3545 5553 ςέειὶαὲθῇνὲςεῖξξει).Βξιξίέῑεεξὶεὲι.θηξὲὶςςρξῖδιίοεηοο

273 5531 380 5623 libi
421 5531 664 5623 sauia
692 5531 1838 5623 commelin-atrematw{causa

2187 5533 2509 5623 Eas‘ilie‘nsis
2544 5542 2611 5623 et.
2637 5533 2995 5623 Anglicanus,
3038 5531 3300 5623 ἐξεγερεῖ.

214 5591 1156 5687 ὲνῑζξιξῑδέιόἶιωνξεῷιειιίιηὶυὲ
1192 5591 1254 5687 lili-
1279 5591 1464 5684 é'ditis.
1496 5591 1838 5687 ροιξῖδεξιώι

2034 5591 2146 5687 ζςιξ)
2185 5605 2347 5687 [una
2370 5591 3023 5687 gomtnelae‘t'Yaticam,
3052 5591 3178 5675 τξερι
3200 5591 3548 5671 ’[ινεύματος.

214 5628 265 5675 ἐν
286 5628 492 5680 τοιᾶδε.
545 5628 714 5687 Quae
761 5630 831 5669 se
878 5628 1156 5662 uomuntur
1197 5628 1251 5657 ιιι
1279 5628 1464 5684 cum».
1498 5628 1620 5672 μηδι
1656 5628 1838 5685 uagum

280 5713 325 5759 ο,
351 5682 621 5754 scilicet,
666 5687 790 5747 ἓως
833 5628 911 5733 ἓν
952 5676 1030 5729 θῶ
1059 5686 1187 5743 etc.,
1223 5673 1419 5730 desunt
1452 5688 1508 5727 tn
1554 5672 1838 5737 Vaticano,

214 5710 499 5821 giliensi
523 5770 592 5819 et
631 5753 1003 5821 Anglicano.
1743 5763 1747 5766 η

2057 5628 2146 5673 ου)
2188 5628 2332 5657 nun.
2370 5628 2637 5658 UUHIIIICI.
2665 5628 2719 5657 Cl
2757 5628 2977 5655 vuuuan

2033 5628 2143 5746 254)
2185 5675 2297 5727 Καὶ
2325 5676 2353 5727 6
2379 5671 2589 5743 Πατήρ,
2623 5673 2980 5743 Anglicanus.

308 5753 499 5823 iliensi
523 5753 611 5819 et,
631 5753 1003 5826 Anglicano.
