4048 6406
440 278 447 302 θ
529 308 604 363 ιγ
1669 307 1729 368 s.
1767 303 2234 368 A'l‘ilANASlUS.
2273 342 2345 354 —
2379 311 2610 368 DUBIA.
3706 307 3777 365 ss

530 429 671 482 simo
722 436 846 483 vota
892 438 1004 494 tua,
1049 439 1102 486 et
1153 431 1347 488 invoca
1376 447 1464 488 me
1503 433 1562 488 iu
1607 433 1696 488 die
1720 419 2095 488 tribulationis

2214 433 2455 506 ’Υψίστῳ
2483 434 2582 498 τὰς
2609 432 2772 503 εὐχάς
2802 449 2916 497 σου,
2946 431 3040 485 καὶ
3067 431 3387 486 ἐπικάλεσαί
3415 447 3482 502 με
3513 430 3570 483 ἐν
3591 427 3778 500 ἡμέρᾳ.

528 526 656 582 tuas,
690 529 744 575 et
772 536 958 575 eruam
995 528 1068 586 te,
1097 529 1152 576 et
1203 523 1589 579 bonoriﬁcabis
1629 540 1716 579 me
1731 525 1773 580 ⁸.
1805 543 1826 577 ι
1860 523 2099 594 Spiritus

529 609 785 664 nimirum
817 621 923 675 est,
963 613 1057 681 qui
1086 613 1216 668 dicit
1253 633 1267 668 :
1306 631 1325 666 ι
1357 615 1555 669 Eruam
1585 625 1656 679 te,
1676 624 1731 671 et
1768 615 2100 671 honoriﬁca-

524 702 615 847 gis
647 718 750 758 me.
783 723 802 757 ι
835 705 887 760 Id
921 707 1063 760 enim
1094 716 1261 778 patet,
1295 708 1426 778 quia
1457 709 1571 781 ipse
1599 710 1738 764 dixit
1765 729 1778 765 :
1814 727 1834 762 ι
1873 709 2100 765 lmmola

573 806 659 847 eo.
689 812 708 846 ι

573 806 659 848 eo.
689 812 708 846 ι

557 903 620 977 9
667 905 750 962 l3.
789 906 942 974 Quod
970 907 1156 980 ubique
1187 909 1327 964 adsit
1363 911 1620 969 Trinitas.
1662 945 1733 956 -—
1764 912 1844 969 De
1878 911 2060 968 Patre.

604 1037 625 1071 ι
661 1020 870 1076 C<elum
926 1031 982 1078 et
1035 1030 1236 1079 terram
1288 1041 1390 1097 ego
1449 1025 1668 1098 impleo,
1718 1027 1853 1083 dicit
1914 1025 2101 1083 Domi-

526 1127 632 1167 nus
661 1111 702 1166 ⁸.
728 1131 749 1164 ι

1117 1208 1202 1262 14.
1229 1207 1306 1261 De
1338 1205 1500 1263 Filio.

600 1319 621 1352 ι
658 1300 761 1368 Qui
792 1301 1062 1363 ascendit,
1113 1303 1157 1358 is
1197 1311 1301 1367 est,
1361 1303 1454 1374 qui
1501 1301 1785 1358 descendit
1835 1301 1902 1356 ad
1958 1301 2098 1358 infe-

507 1394 700 1450 ‘riores
727 1403 908 1465 partes
947 1401 1128 1452 terrm.
1159 1403 1216 1448 ut
1245 1395 1493 1465 impleret
1523 1394 1706 1450 omnia
1729 1396 1770 1450 ⁵.
1808 1413 1827 1446 ι

1087 1485 1176 1539 15.
1203 1485 1278 1539 De
1308 1484 1534 1554 Spiritu.

595 1597 618 1627 ι
650 1574 770 1643 Quo
816 1575 906 1632 ibo
932 1592 962 1630 a
995 1577 1199 1648 Spiritu
1245 1584 1362 1643 tuo,
1404 1586 1459 1632 et
1504 1593 1614 1648 quo
1644 1594 1674 1630 a
1717 1575 1854 1632 facie
1895 1585 1985 1632 tua
2014 1575 2098 1630 fu-

519 1669 712 1740 giam?
741 1667 800 1724 Si
831 1669 1132 1725 ascendero
1177 1670 1233 1724 in
1281 1669 1504 1734 caelum,
1552 1680 1610 1725 tu
1663 1669 1772 1726 illic
1796 1685 1858 1726 es
1882 1687 1895 1724 :
1923 1670 1966 1725 si
2001 1668 2098 1725 de—

2203 525 2434 598 Θλίψεώς
2463 545 2557 581 σου
2577 545 2590 559 ·
2619 526 2713 580 καὶ
2739 524 3026 596 ἐξελοῦμαί
3049 541 3130 592 σε,
3147 525 3241 579 καὶ
3263 523 3506 590 δοξάσεις
3534 537 3622 593 με.
3664 539 3684 572 ι
3704 519 3780 573 Τὸ

2203 617 2427 688 Πνεῦμα
2465 612 2559 670 οὖν
2604 618 2720 669 ἐστι
2754 614 2888 686 (53),
2935 614 2997 668 τὸ
3041 615 3226 668 εἰπόν·
3255 633 3276 665 ι
3329 609 3644 681 Ἐξελοῦμαί
3694 625 3777 673 σε,

2201 709 2296 762 καὶ
2335 708 2578 773 δοξάσεις
2634 726 2720 779 με.
2761 727 2781 760 ι
2817 707 2989 778 Δῆλον
3025 707 3130 772 ὅτι,
3168 705 3299 760 αὐτὸ
3327 706 3438 778 (56)
3475 704 3586 776 γὰρ
3629 699 3772 759 εἷπε.

2207 820 2228 854 ι
2265 801 2439 856 Θῦσον
2464 801 2543 872 τῷ
2575 801 2714 873 Θεῷ.
2754 819 2773 852 ι

2203 915 2289 970 15.
2327 916 2449 968 ’Ότι
2473 913 2724 983 πάρεστι
2753 911 2948 980 πάντη
2976 911 3014 980 ἡ
3051 909 3239 980 Τριάς.
3257 941 3328 952 -
3347 909 3486 980 Περὶ
3518 909 3769 980 Πατρός.

2278 1047 2297 1080 ι
2325 1028 2432 1082 Τὸν
2461 1027 2688 1099 οὐρανὸν
2716 1027 2812 1081 καὶ
2839 1027 2938 1098 τὴν
2969 1029 3073 1098 γῆν
3098 1023 3209 1094 ἐγὼ
3245 1019 3458 1097 πληρῶ,
3484 1022 3634 1093 λέγει
3658 1020 3778 1080 Κύο

2204 1137 2336 1191 ριος.
2371 1137 2391 1170 ι

2769 1209 2850 1264 ll.
2879 1209 3020 1278 Περὶ
3057 1206 3215 1264 Υἱοῦ.

2271 1320 2295 1354 ι
2327 1302 2386 1356 '0
2417 1300 2642 1367 ἀναϐὰς,
2675 1301 2836 1366 αὑτός
2871 1304 2987 1356 ἐστι
3025 1303 3116 1356 καὶ
3148 1303 3177 1354 6
3209 1297 3453 1365 καταϐὰς
3474 1300 3554 1365 εἰς
3579 1299 3650 1356 τὰ
3675 1314 3779 1356 κα-

2197 1391 2410 1466 τώτερα
2443 1393 2583 1466 μέρη
2612 1395 2711 1466 τῆς
2735 1395 2860 1465 γῆς,
2891 1395 2978 1448 ἴνα
3010 1394 3269 1466 πληρώσῃ
3300 1392 3370 1447 τὰ
3409 1393 3604 1448 πάντα.
3644 1412 3663 1444 υ

2661 1487 2747 1540 15.
2784 1486 2923 1554 Περὶ
2952 1487 3316 1554 Πνεύματος.

2275 1599 2293 1632 ι
2330 1578 2442 1633 Ποῦ
2475 1579 2724 1652 πορευθῶ
2751 1579 2859 1634 άπὸ
2885 1576 2979 1631 τοῦ
3023 1577 3337 1647 Πνεῦματός
3370 1593 3483 1640 σου,
3531 1576 3626 1630 καὶ
3666 1573 3778 1629 ἀπὸ

2197 1670 2292 1724 τοῦ
2339 1669 2632 1742 προσώπου
2667 1687 2760 1723 σου
2810 1667 2914 1721 ποῦ
2946 1669 3135 1738 φύγω;
3177 1667 3302 1720 Ἐὰν
3337 1665 3520 1720 άναὸὦ
3564 1666 3644 1729 εἰς
3683 1663 3776 1718 τδν

522 1758 789 1814 scendero
816 1761 873 1815 in
922 1759 1217 1824 infernum,
1278 1758 1409 1816 ades
1431 1762 1471 1815 '.
1506 1780 1525 1814 ι
1580 1761 1738 1816 Aliud
1773 1781 1832 1817 τι
1861 1761 1973 1816 Vos
2005 1777 2095 1817 co-

2200 1762 2444 1832 οὑρανδν,
2465 1761 2528 1814 σὺ
2553 1762 2670 1814 ἐκεῖ
2692 1755 2768 1814 εἷ’
2799 1761 2896 1814 ἐὰν
2921 1757 3144 1814 καταϐῶ
3164 1757 3242 1821 εἰς
3257 1758 3345 1810 τὸν
3365 1756 3517 1828 ᾅδην,
3541 1755 3720 1826 πάρει.
3749 1774 3771 1806 ›

519 1853 784 1923 gnoscitis
817 1851 991 1917 illum,
1023 1861 1077 1909 et
1107 1852 1251 1924 apud
1280 1870 1378 1910 vos
1427 1855 1674 1910 manet".
1712 1874 1731 1906 ο
1765 1855 1831 1910 Et
1873 1855 2046 1912 Isaias
2078 1876 2094 1911 :

523 1958 548 1993 ι
583 1941 688 2008 Qui
741 1941 976 1996 firmavit
1011 1943 1210 1997 cmlum
1239 1949 1294 1999 et
1317 1952 1542 2008 terram,
1567 1952 1623 1999 et
1650 1944 1744 1998 dat
1778 1943 1964 1998 ﬂatum
1999 1961 2095 2014 po-

517 2035 672 2104 pulo.
703 2034 793 2104 qui
833 2034 885 2089 in
926 2050 989 2088 ea
1019 2043 1122 2100 est,
1161 2043 1215 2090 et
1243 2036 1502 2105 spiritum
1552 2035 1620 2091 iis
1657 2036 1750 2106 qui
1786 2037 2001 2091 calcant
2035 2038 2102 2091 il-

522 2127 628 2179 lam
650 2126 691 2180 ⁸.
725 2145 742 2178 ›
778 2125 842 2178 Et
866 2125 995 2179 illud
1033 2145 1044 2180 :
1083 2145 1102 2176 ι
1132 2125 1370 2195 Spiritus
1404 2125 1620 2182 Domini
1651 2128 1878 2198 replevit
1910 2130 2098 2184 orbem

517 2223 788 2272 terrarum
829 2219 870 2272 ’.
903 2237 920 2268 ι
976 2213 1039 2271 Ει
1076 2235 1090 2271 :
1143 2236 1160 2269 ι
1193 2217 1430 2289 Spiritus
1465 2234 1622 2275 meus
1673 2227 1782 2275 stat
1833 2220 1888 2274 in
1921 2221 2098 2276 medio

517 2317 757 2361 vestrum
787 2308 850 2360 ¹⁰.
883 2327 901 2360 ι
941 2306 1124 2370 Vides.
1155 2317 1214 2362 ut
1247 2308 1486 2379 Spiritus
1523 2317 1650 2366 ante
1677 2309 1894 2365 Patrem
1929 2327 2098 2382 pona-

517 2397 646 2450 tur?

731 2489 820 2542 lii.
859 2489 1010 2556 Quod
1043 2507 1192 2546 nemo
1225 2501 1503 2562 cognoscat
1541 2490 1879 2547 Trinitatem.

588 2575 732 2632 Dicit
764 2577 1015 2634 Salvator
1048 2599 1062 2634 :
1101 2599 1119 2630 ι
1148 2580 1312 2637 Pater
1353 2590 1564 2647 sancte,
1614 2584 1852 2637 mundus
1885 2591 1938 2637 te
1986 2598 2098 2640 non

513 2670 793 2739 cognovit,
822 2685 924 2739 ego
957 2678 1136 2726 autem
1166 2674 1292 2727 novi
1327 2680 1380 2729 te
1407 2675 1471 2732 ".
1507 2695 1524 2727 ι
1565 2673 1638 2730 De
1669 2675 1804 2730 Filio
1837 2676 1889 2729 in
1919 2673 2098 2730 Evan-

513 2762 700 2832 gelio:
761 2779 780 2812 ι
837 2763 892 2816 In
933 2764 1138 2818 mundo
1198 2773 1340 2828 erat,
1396 2773 1450 2820 et
1493 2767 1732 2822 mundus
1772 2783 1870 2838 per
1918 2769 2096 2837 ipsum

519 2851 698 2908 factus
717 2862 823 2918 est,
842 2863 896 2908 et
925 2855 1164 2910 mundus
1182 2872 1305 2911 eum
1327 2873 1434 2912 non
1463 2858 1718 2928 cognovit
1737 2859 1802 2912 ¹¹.
1838 2876 1856 2908 ι
1880 2855 1953 2912 De
1976 2856 2100 2928 Spi-

517 2943 676 2998 ritu:
718 2963 737 2996 ι
781 2945 951 3012 Quem
996 2949 1236 3002 mundus
1272 2963 1381 3003 non
1431 2956 1612 3020 potest
1643 2949 1912 3020 accipere,
1955 2963 2097 3020 quo-

515 3035 664 3090 niam
693 3053 818 3092 eum
847 3053 953 3093 non
979 3041 1226 3110 agnoscit
1249 3041 1314 3094 ".
1338 3061 1356 3093 ι

517 3151 605 3206 17.
640 3153 814 3230 Quod”
845 3156 898 3208 in
940 3154 1110 3209 Veteri
1136 3175 1336 3229 quoque
1366 3158 1696 3214 Testamento
1733 3159 1970 3214 Trinitas
1997 3176 2091 3230 pe-

709 3226 963 3278 culiarem
1008 3226 1160 3281 suam
1199 3226 1550 3297 operationem
1580 3231 1896 3284 exhibuerit.

597 3330 618 3364 ι
657 3311 846 3378 Sume.
884 3334 903 3366 ι
950 3316 1146 3386 inquit,
1207 3335 1227 3370 ι
1268 3320 1588 3390 sanguinem
1627 3319 1976 3383 initiationis,
2039 3324 2094 3372 et

517 3403 736 3475 impone
759 3407 1138 3464 sacerdotibus
1165 3410 1220 3464 in
1247 3412 1564 3468 summitate
1585 3412 1845 3467 auriculae
1869 3410 2090 3476 dextrze,

511 3504 572 3552 et
621 3496 676 3551 in
725 3499 1039 3555 summitate
1094 3501 1247 3572 pedis
1295 3501 1508 3570 dextri,
1550 3511 1607 3558 et
1661 3503 1718 3559 in
1780 3501 2094 3558 summitate

515 3586 721 3642 dextrae
783 3605 980 3646 manus
1037 3590 1100 3644 “.
1140 3611 1159 3644 δ
1213 3591 1279 3644 Ει
1339 3592 1717 3648 animadverte
1775 3597 1942 3662 caput
1993 3606 2093 3660 po-

513 3682 628 3753 puli
673 3684 833 3737 tertio
876 3684 1244 3752 obsignatum,
1283 3683 1348 3737 ad
1407 3681 1640 3738 formam
1683 3681 1958 3752 seraphim
2009 3681 2093 3736 di~

513 3774 754 3829 centium
798 3793 812 3828 :
851 3793 871 3826 ι
909 3773 1166 3838 Sanctus,
1227 3782 1492 3841 sanctus,
1549 3784 1772 3830 sanctus
1831 3773 2093 3828 Dominus

513 3862 756 3920 Sabaoth
803 3865 846 3898 "
889 3883 957 3920 ι»
1013 3873 1067 3919 et
1123 3866 1189 3919 ad
1224 3865 1452 3920 formam
1501 3865 1686 3934 lintei,
1745 3865 1891 3936 quod
1931 3863 2094 3918 Petro

509 3957 700 4030 anpze
736 3959 987 4029 apparuit
1037 3976 1068 4014 e
1101 3960 1240 4014 uelo
1289 3960 1586 4016 demissum
1618 3999 1635 4026 ,
1687 3976 1753 4015 eo
1807 3958 1953 4031 quod
2011 3965 2095 4014 ter

514 4050 810 4105 demissum
871 4051 941 4105 sit
980 4049 1044 4104 ¹⁶.
1077 4049 1142 4104 Et
1182 4066 1305 4106 cum
1348 4051 1608 4107 Dominus
1656 4051 1942 4122 imperavit
1975 4048 2092 4103 Mo-

514 4142 584 4208 si,
639 4149 698 4196 ut
741 4141 948 4198 diceret
997 4142 1200 4198 Aaroni
1247 4151 1301 4198 et
1357 4145 1480 4198 [iliis
1527 4143 1694 4213 ejus:
1752 4161 1771 4194 ι
1808 4141 1885 4198 lta
1929 4142 2096 4197 bene-

514 4235 708 4291 dicetis
740 4236 864 4290 [iliis
893 4237 1081 4301 Israel,
1124 4238 1366 4292 dicentes
1403 4239 1529 4293 illis.
1571 4237 1638 4293 Et
1682 4239 1962 4308 imponent
1992 4250 2093 4289 no-

515 4341 641 4381 men
684 4343 866 4382 meum
895 4329 1018 4382 [iliis
1046 4330 1233 4394 Israel,
1270 4339 1324 4386 et
1353 4346 1454 4401 ego
1481 4328 1747 4386 Dominus
1771 4326 2091 4384 benedieam

515 4417 644 4472 illis.
673 4417 966 4473 Beuedicet
995 4421 1091 4473 tibi
1123 4419 1409 4485 Dominus,
1437 4429 1491 4476 et
1518 4421 1756 4476 servabit
1789 4425 1878 4472 te:
1907 4423 2094 4469 osten-

2207 1850 2369 1904 Ἀλλο
2385 1851 2498 1922 (57)
2515 1868 2528 1881 ·
2555 1871 2574 1902 ι
2597 1851 2786 1922 Ὑμεῖς
2803 1849 2859 1904 δὲ
2879 1847 3172 1918 γινώσκετε
3189 1846 3370 1910 αὑτὸν,
3386 1847 3480 1899 καὶ
3500 1846 3627 1916 παρ’
3646 1844 3778 1914 ὑμῖν

2205 1942 2376 2015 μένει.
2410 1963 2429 1996 ι
2458 1943 2568 1996 Kai.
2595 1943 2624 1995 6
2666 1943 2892 2006 Ἡσαΐας
2911 1958 2926 1973 ·
2962 1960 2982 1993 ι
3005 1941 3062 1994 '0
3096 1937 3403 2011 στερεώσας
3433 1937 3522 1992 τὸν
3551 1935 3776 2008 οὐρανὸν

2201 2037 2295 2090 καὶ
2337 2036 2435 2108 τὴν
2461 2037 2585 2107 γῆν,
2621 2037 2716 2090 καὶ
2760 2035 2936 2099 διδοὺς
2966 2033 3132 2105 πνοὴν
3173 2031 3250 2103 τῷ
3281 2029 3413 2102 λαῷ,
3447 2029 3524 2100 τῷ
3565 2029 3650 2081 ἐπ’
3675 2028 3777 2081 αὖ·

2199 2129 2318 2200 τῆς,
2368 2129 2402 2202 ἢ
2458 2131 2554 2184 καὶ
2607 2127 2828 2198 πνεῦμα
2875 2129 2990 2192 τοῖς
3040 2123 3298 2180 πατοῦσιν
3346 2123 3546 2192 αὐτὴν·
3593 2140 3612 2173 ι
3657 2119 3774 2184 καὶ,

2207 2241 2226 2274 ι
2258 2222 2481 2294 Πνεῦμα
2514 2221 2720 2295 Κυρίου
2751 2221 3082 2292 πεπλήρωκε
3111 2218 3208 2291 τὴν
3228 2216 3578 2288 οἰκουμένην·
3605 2233 3623 2265 ι
3659 2214 3773 2275 καὶ,

2207 2329 2226 2361 ι
2265 2305 2491 2382 Πνεῦμά
2527 2328 2628 2381 μου
2662 2309 2892 2381 ἔστηκεν
2922 2311 2979 2362 ἐν
3011 2308 3159 2380 μέσῳ
3190 2306 3365 2378 ὑμῶν.
3399 2325 3417 2357 ι
3463 2305 3627 2377 Ὁρᾷς
3658 2303 3776 2366 πῶς

2198 2401 2260 2454 τὸ
2287 2401 2512 2473 Πνεῦμα
2549 2401 2908 2474 προτάττεται
2946 2401 3040 2454 τοῦ
3069 2401 3320 2470 Πατρόςς

2398 2495 2484 2549 16.
2517 2495 2635 2548 ’Ὁτι
2661 2493 2862 2560 οὐδεὶς
2895 2491 3166 2564 γινώσκει
3197 2490 3314 2560 τὴν
3344 2488 3574 2558 Τριὰδα.

2269 2585 2436 2656 Λέγει
2467 2589 2496 2641 6
2547 2587 2772 2658 Σωτήρ·
2811 2603 2830 2636 ι
2869 2586 3050 2658 Πάτερ
3113 2583 3258 2654 ἅγιε,
3321 2583 3524 2654 κόσμος
3575 2597 3635 2634 σε
3676 2579 3776 2633 οὐκ

2199 2681 2367 2750 ἔγνω·
2397 2675 2508 2749 ἐγὼ
2536 2678 2594 2734 δέ
2622 2697 2680 2733 σε
2708 2679 2898 2748 ἔγνων.
2924 2697 2943 2731 ι
2965 2677 3100 2750 Περὶ
3126 2677 3220 2732 τοῦ
3252 2676 3380 2730 Υἱοῦ
3411 2678 3467 2728 ἐν
3491 2673 3569 2746 τῷ
3600 2674 3778 2742 Εὐαγ-

2199 2773 2382 2844 γελῐῳ·
2400 2791 2418 2824 ι
2441 2774 2528 2827 Ἐν
2554 2772 2632 2845 τῷ
2657 2773 2847 2844 κόσμῳ
2875 2768 2962 2844 ἦν,
2981 2773 3076 2826 καὶ
3100 2772 3128 2823 6
3150 2770 3350 2841 κόσμος
3378 2765 3622 2822 διἀῦτοῦ
3649 2762 3776 2835 ἐγι-

2199 2883 2340 2930 νετο,
2391 2865 2488 2920 καὶ
2527 2867 2556 2920 6
2593 2865 2796 2936 κόσμος
2846 2861 3008 2918 αὐτὸν
3071 2863 3172 2917 οὐκ
3221 2862 3378 2931 ἔγνω.
3422 2878 3440 2912 ι
3493 2859 3627 2929 Περὶ
3679 2855 3774 2911 τοῦ

2201 2955 2517 3028 Πνεῦματος
2536 2973 2550 2986 ο
2580 2975 2598 3007 ι
2617 2958 2682 3008 Ὃ
2711 2958 2739 3010 6
2766 2956 2969 3028 κόσμος
3005 2954 3064 3008 οὐ
3111 2953 3331 3008 δύναται
3375 2951 3577 3015 λαϐεῖν,
3599 2950 3681 3003 ὅτι
3713 2948 3773 3002 οὐ

2200 3049 2460 3120 γινώσκει
2483 3049 2634 3105 αὑτό.
2664 3068 2682 3101 ι

2200 3163 2288 3219 17.
2321 3164 2447 3228 Ὅτι,
2470 3163 2569 3218 καὶ
2595 3163 2666 3217 ἐν
2687 3161 2762 3230 τῇ
2788 3159 3020 3226 [laxata
3060 3161 3098 3228 ἡ
3127 3159 3307 3231 aptam
3329 3158 3443 3226 τὴν
3469 3157 3775 3231 ἐνέργειαν

2556 3233 2672 3303 τὴν
2702 3234 2859 3286 ἰδίαν
2893 3231 3004 3301 (58}
3039 3230 3432 3285 ἐνδείκνυται.

2278 3344 2296 3376 ι
2331 3324 2499 3390 Λάσε,
2543 3343 2563 3376 ι
2599 3325 2754 3395 φησὶ,
2791 3341 2809 3374 ι
2841 3322 2901 3375 τὺ
2932 3316 3070 3393 αἷμα
3120 3324 3218 3393 τῆς
3270 3319 3631 3386 τελειώσεως,
3680 3317 3778 3375 καὶ

2201 3417 2388 3482 ἐπίθες
2422 3417 2517 3472 ἐπὶ
2545 3417 2670 3481 τοὺς
2710 3417 2892 3489 ἱερεῖς,
2939 3415 3032 3468 ἐπὶ
3081 3414 3140 3468 τὸ
3166 3413 3332 3486 άκρον
3372 3412 3467 3468 τοῦ
3505 3412 3642 3476 ώτὺς
3677 3409 3774 3466 τοῦ

2198 3508 2394 3576 δεξιοῦ,
2453 3509 2548 3564 καὶ
2576 3508 2670 3562 ἐπὶ
2713 3507 2775 3561 τὸ
2805 3507 2972 3578 ἀκρον
3003 3504 3096 3558 τοῦ
3131 3504 3289 3569 ποδὸς
3331 3503 3423 3558 τοῦ
3451 3502 3646 3570 δεξιοῦ,
3682 3503 3776 3556 καὶ

2199 3605 2292 3656 ἐπὶ
2317 3603 2378 3657 τὸ
2402 3603 2570 3675 ἄκρον
2601 3602 2701 3673 τῆς
2723 3600 2901 3672 χειρὸς
2928 3599 3026 3670 τῆς
3046 3598 3244 3664 δεξιᾶς.
3277 3617 3296 3648 ι
3343 3598 3453 3651 Καὶ
3489 3595 3652 3668 βλέπε
3675 3596 3776 3667 τὴν

2199 3693 2446 3767 κεφαλὴν
2496 3691 2594 3747 τοῦ
2622 3691 2750 3746 λαοῦ
2786 3690 2966 3762 τρίτον
3017 3687 3476 3762 σφραγιζομένην,
3517 3685 3659 3739 κατὰ
3685 3686 3775 3739 τὸν

2199 3787 2368 3841 τύπον
2387 3785 2496 3840 τῶν
2521 3785 2769 3858 Σεραφὶμ
2807 3783 2914 3836 τῶν
2941 3783 3208 3853 λεγόντων
3228 3799 3240 3810 ·
3281 3801 3300 3833 ι
3337 3781 3544 3848 Ἄγιος,
3597 3779 3770 3847 ἅγιος,

2199 3879 2356 3949 ἆγιος
2402 3876 2606 3949 Κύριος
2647 3875 2906 3930 Σαϐαώθο
2959 3895 2977 3928 ι
3019 3875 3115 3929 καὶ
3165 3874 3306 3929 κατὰ
3338 3874 3429 3927 τὸν
3479 3873 3647 3928 τύπον
3675 3871 3773 3943 τῆς

2201 3971 2454 4035 σινδόνος,
2488 3969 2585 4040 τῆς
2610 3967 2868 4038 φανείσης
2903 3967 3094 4039 Πέτρῳ
3122 3968 3178 4020 ἐν
3219 3966 3428 4039 Ἰόππῃ,
3464 3967 3528 4019 ὲκ
3552 3964 3646 4019 τοῦ
3683 3965 3776 4018 οὐ⁴

2203 4060 2365 4134 ρανοῦ
2400 4058 2782 4132 χαλασθείσης,
2812 4058 2900 4112 διὰ
2933 4057 2992 4111 τὸ
3035 4057 3218 4129 τρίτον
3265 4056 3619 4129 χαλασθῆναι.
3661 4051 3774 4108 Καὶ.

2199 4153 2287 4206 ὅτε
2315 4153 2344 4206 6
2368 4150 2500 4214 Θεὸς
2531 4145 2650 4204 εἷπε
2689 4149 2767 4222 τῷ
2822 4151 3013 4204 Μωσεῖ
3057 4150 3232 4203 εἰπεῖν
3271 4147 3480 4220 Ἀαρὼν
3527 4147 3621 4201 καὶ
3662 4147 3774 4210 τοῖς

2200 4243 2335 4307 υἱοῖς
2379 4239 2566 4304 αὑτοῦ,
2613 4239 2818 4308 λέγων·
2861 4258 2880 4290 ι
2917 4237 3102 4302 Οῦτως
3138 4235 3590 4310 εὑ).ογήσετε(59)
3643 4236 3769 4298 τοὺς

2198 4333 2349 4395 υἱοὺς
2394 4329 2628 4403 Ἰσραὴλ,
2678 4329 2926 4399 λέγοντες
2959 4329 3176 4394 αὐτοῖς’
3209 4327 3318 4383 Καὶ
3348 4327 3666 4398 ἐπιθήσουσι
3708 4323 3770 4378 τὸ

2199 4421 2370 4495 ὄνομά
2404 4440 2503 4494 μου
2537 4423 2630 4476 ἐπὶ
2661 4424 2782 4486 τοὺς
2817 4422 2965 4486 υἱοὺς
2998 4421 3234 4494 Ἰσραὴλ,
3292 4420 3383 4474 καὶ
3431 4418 3541 4488 ἐγὼ
3569 4417 3772 4489 Κύριος

513 4507 606 4561 det
641 4507 834 4562 faciem
874 4525 1026 4564 suam
1077 4526 1241 4580 super
1269 4520 1344 4574 te,
1391 4519 1446 4566 et
1473 4512 1821 4568 miserebitur
1849 4510 1946 4565 tui.
1986 4507 2083 4560 At-

2200 4493 2471 4584 εὑλογὴσω
2493 4511 2708 4576 αὐτούς.
2736 4511 3033 4582 Εὑλογήσει
3069 4493 3128 4564 σε
3160 4493 3380 4580 Κύριος,
3420 4507 3514 4560 καὶ
3546 4503 3771 4576 φυλάξει

511 4599 667 4652 tollat
715 4597 978 4656 Dominus
1008 4599 1199 4656 faciem
1250 4617 1406 4657 suam
1446 4619 1610 4674 super
1639 4611 1712 4668 te,
1766 4611 1822 4659 et
1862 4604 1953 4658 det
1984 4603 2080 4657 tibi

2200 4623 2246 4659 re
2271 4625 2284 4638 ·
2319 4608 2574 4675 ἐπιφανεῖ
2602 4606 2660 4660 τὸ
2697 4604 2985 4676 πρόσωπον
3011 4601 3174 4657 αὐτοῦ
3207 4603 3298 4655 ἐπὶ
3331 4600 3407 4662 σέ,
3433 4599 3527 4652 καὶ
3554 4597 3770 4669 ἐλεήσει

513 4701 702 4758 pacem
729 4689 792 4740 ".
819 4708 836 4740 ι
867 4688 932 4742 Ει
966 4690 1020 4743 iu
1054 4689 1206 4746 Novo
1232 4691 1581 4750 Testamento
1614 4694 1798 4748 itidem
1823 4693 1890 4749 de
1923 4693 2084 4748 Patre

2200 4715 2269 4752 re.
2319 4698 2527 4769 Ἑπάρῃ
2574 4697 2778 4768 Κύριος
2817 4696 2878 4748 τὸ
2910 4695 3198 4766 πρόσωπον
3229 4689 3392 4748 αὐτοῦ
3439 4689 3532 4742 ἐπὶ⁴
3565 4689 3648 4751 σὲ,
3673 4689 3770 4742 καὶ

515 4779 760 4848 loquitur
809 4778 1011 4837 Paulus
1049 4799 1063 4833 :
1094 4801 1112 4834 ι
1153 4781 1295 4838 Deus
1325 4793 1505 4840 autem
1537 4794 1642 4849 est,
1701 4787 1794 4856 qui
1827 4795 2086 4856 operatur

2200 4790 2299 4863 δῴη
2338 4807 2421 4844 σοι
2447 4791 2689 4861 εἰρήνην.
2732 4804 2755 4841 ι
2792 4787 2902 4841 Kal.
2933 4789 2989 4838 ἐν
3014 4788 3080 4856 τῇ
3121 4785 3238 4856 Νέᾳ
3259 4783 3458 4854 ὁμοίως
3496 4781 3623 4854 περὶ
3655 4781 3771 4834 Πα-

511 4871 692 4925 omnia
721 4873 778 4926 in
807 4875 1062 4930 omnibus
1088 4877 1152 4929 ‘3.
1178 4897 1196 4928 ι
1223 4879 1295 4933 De
1317 4876 1456 4932 Filio
1469 4895 1686 4950 quoque
1711 4879 1852 4934 idem
1883 4894 1896 4930 :
1933 4898 1952 4931 ι
1977 4879 2084 4934 Sed

2200 4881 2319 4954 πρὸς
2349 4883 2378 4934 6
2399 4879 2608 4943 Παῦλος
2625 4893 2637 4907 ·
2668 4899 2684 4930 ι
2708 4878 2765 4932 ’0
2787 4878 2843 4932 δὲ
2864 4878 2994 4940 Θεός
3021 4877 3169 4930 ἐστιν
3194 4878 3222 4929 6
3242 4874 3477 4947 ἐνεργῶν
3499 4874 3567 4927 τὰ
3591 4873 3770 4928 πάντα

511 4961 694 5017 omnia
739 4970 796 5018 et
847 4965 904 5020 in
949 4967 1206 5022 omnibus
1257 4968 1507 5028 Christus
1555 4972 1618 5026 ".
1659 4990 1678 5022 ι
1747 4971 1824 5026 De
1874 4972 2080 5041 Spiritu

2200 4977 2247 5027 ὲν
2293 4974 2447 5026 πᾶσι.
2483 4992 2500 5024 ι
2545 4972 2680 5044 Περὶ
2725 4969 2820 5023 τοῦ
2868 4966 2998 5022 Υἱοῦ
3039 4969 3067 5022 6
3117 4966 3316 5029 αὐτός·
3355 4964 3554 5020 «Ἀλλὰ
3590 4965 3769 5019 πάντα

503 5111 536 5197 ’.
572 5115 604 5197 ,⁸
641 5116 788 5171 Ρεθι·
818 5135 944 5197 “LK
967 5158 983 5184 υ
1019 5119 1085 5197 ῌ
1105 5117 1239 5197 L15.
1319 5119 1341 5152 ’⁵
1364 5119 1489 5197 ger.
1519 5139 1657 5197 axur
1680 5162 1696 5186 ,
1729 5124 1820 5178 24.
1899 5125 1934 5197 ,³
1971 5124 2095 5197 Eph.

2213 5141 2288 5188 Iv,
2328 5126 2415 5179 10.
2514 5123 3036 5197 '__Psal.__cx_vxvm,
3070 5120 3140 5197 7,
3158 5121 3210 5175 8.
3272 5117 3523 5197 __'_Joan.
3558 5119 3764 5197 x1v._z.

510 5182 679 5263 ilia.
718 5204 854 5263 sur,
887 5189 943 5244 5.
970 5182 976 5184 ⁷
1005 5190 1071 5263 λ
1108 5182 1329 5263 539.}.
1364 5190 1417 5245 7-
1517 5195 1559 5224 ¹⁰
1779 5209 1853 5258 ¹¹ν
1887 5193 1941 5251 θ·
2019 5182 2033 5197 ⁸
2070 5198 2083 5227 ³

2200 5182 2308 5251 tari.
2347 5210 2492 5256 xvu,
2528 5194 2621 5247 25.
2655 5262 2662 5263 η
2687 5195 2760 5263 Αιξ
2789 5191 2955 5263 Joan.
2992 5182 3168 5263 inti).
3271 5191 3642 5263 "Joan._xi_v,
3676 5189 3764 5244 17.

511 5253 574 5381 31
598 5255 768 5381 ΕιῗίιΙ.
802 5253 968 5325 nux,
999 5259 1092 5314 20.
1169 5253 1212 5290 ’⁵
1253 5259 1355 5313 lsa.
1392 5277 1478 5326 vn,
1510 5263 1564 5316 5.
1646 5253 1711 5295 ἢν
1728 5253 1851 5318 Act.
1893 5281 1960 5330 ι,
1995 5265 2048 5330 5,
2087 5270 2095 5318 l

2253 5267 2294 5296 ”
2337 5253 2496 5318 Num.
2531 5279 2608 5328 νι,
2641 5261 2828 5315 22-26.
2909 5262 2954 5293 ⁸⁸
2993 5260 3168 5315 lCor.
3204 5275 3306 5320 xu.
3337 5262 3390 5314 6.
3469 5259 3510 5291 “
3548 5259 3744 5314 Coloss

2260 5503 2372 5576 (57)
2415 5503 2576 5576 Ἄλλο
2606 5503 2758 5576 abest
2789 5504 2858 5576 ab
2889 5505 3206 5576 Anglicano.

2259 5572 2370 5646 (58)
2412 5572 2510 5646 _S_ic_
2535 5572 2710 5646 Vatic.
2735 5583 2789 5627 et
2810 5572 3024 5646 Anglic.
3049 5574 3243 5630 Cazteri
3273 5575 3510 5646 et‘edi‘ti,
3532 5577 3762 5634 οικεῑαν.

2260 5638 2560 5716 (59)_Ed_i_t.
2600 5638 3273 5716 Commel.,'_eﬁlo~{ﬁanrs.
3306 5638 3628 5715 Vaticanus,
3650 5646 3766 5704 An-

2189 5711 2538 5783 glic.,'Basil.
2567 5719 2620 5770 et
2645 5713 2778 5766 edit.
2802 5711 3004 5779 Paris.,
3027 5711 3360 5778 εὐλογήσας,

579 5507 693 5581 (55)
735 5506 882 5581 Hac.
914 5507 976 5560 τὺ
997 5506 1220 5581 Πνεῦμα
1245 5503 1337 5581 οῦν
1373 5511 1512 5581 ἐστι,
1533 5517 1664 5572 etc.,
1693 5523 1864 5581 usque
1894 5505 2046 5581 ιλιι.δῆ

507 5577 601 5636 λον
620 5577 725 5641 ὅτι,
756 5579 982 5649 deerant
1019 5578 1073 5630 in
1104 5577 1253 5649 edit.
1275 5579 1536 5633 Commel.
1567 5591 1621 5649 et
1659 5581 1714 5634 in
1751 5577 2079 5649 quibusdam

506 5665 674 5707 ωδε..
705 5649 799 5703 sed
834 5648 1089 5716 leguntur
1122 5647 1176 5700 in
1213 5646 1387 5702 Vatic.
1419 5655 1473 5702 et
1510 5651 1564 5702 in
1595 5648 1761 5704 Basil.

579 5718 694 5790 (56)
735 5718 825 5772 Sic
851 5715 1145 5772 Vaticanus
1173 5724 1228 5772 et
1254 5717 1466 5787 Anglic.
1493 5717 1686 5773 σκιετί
1709 5733 1859 5784 vero,
1895 5717 2076 5781 αὑτός.
