4048 6406
522 349 582 404 51
1657 355 1714 411 S.
1756 355 2222 413 ATHANASIUS.

2373 340 2602 418 DUBIA.‘
3706 360 3770 417 δι

521 482 618 522 eos
660 466 896 538 Spiritus
935 468 1064 526 Jesu
1099 472 1165 524 ⁸⁸.
1196 491 1214 522 ι
1272 473 1344 525 De
1400 470 1640 540 Spiritu:
1681 491 1700 522 ι
1739 469 1916 526 Nolite
1957 489 2093 526 con-

2219 475 2412 528 ιίυσίαν
2437 474 2887 546 (64),ὲπειρῶντο
2914 476 2993 538 είς
3024 474 3120 546 τὴν
3147 476 3398 530 Βιθυνίαν
3428 475 3769 548 πορευθῆναι,

523 559 743 614 tristare
783 557 1045 628 Spiritum
1075 571 1350 626 sanctum,
1388 562 1441 615 in
1465 578 1575 632 quo
1604 563 1805 632 signati
1839 564 2052 618 estis".
2074 585 2094 617 ι

527 651 723 704 Dicunt
765 651 1024 715 lucretici,
1055 655 1352 708 secundum
1389 653 1637 708 ordinem
1670 662 1724 708 et
1771 671 2101 710 annumera-

525 743 728 797 tionem
778 744 1079 798 consistere
1122 745 1402 816 deitatem.
1448 741 1926 814 Respondebimus
1965 750 2103 802 scri-

526 842 674 901 ptum
703 850 863 889 esse:
911 855 929 887 ι
966 834 1183 890 Primus
1215 835 1398 900 homo,
1425 837 1492 891 de
1513 846 1657 892 terra
1691 848 1981 901 terrenus;
2016 857 2102 895 se-

523 927 738 980 cundus
780 929 961 989 homo,
998 928 1066 981 de
1114 929 1252 982 ccelo
1291 930 1534 985 caelestis
1552 933 1616 986 ³⁸.
1663 952 1680 983 ι
1731 931 1793 984 Ει
1838 947 2098 986 rursum:

530 1034 548 1064 ι
574 1015 814 1071 Primum
832 1017 962 1071 dicit
980 1019 1292 1086 animalem,
1323 1030 1514 1088 postea
1541 1023 1878 1092 spiritualem
1905 1023 1968 1076 ”.
2001 1041 2018 1072 ι
2046 1019 2102 1076 Si

527 1109 692 1176 igitur
732 1111 906 1180 primo
950 1111 1002 1163 in
1055 1113 1436 1168 numeratione
1488 1114 1776 1182 subjicitur
1805 1116 2099 1180 secundus,

525 1202 617 1270 qui
650 1211 832 1257 autem
865 1204 1178 1274 subjicitur,
1230 1222 1296 1261 eo
1351 1209 1442 1263 cui
1493 1209 1786 1278 subjicitur
1825 1209 1880 1262 in
1914 1225 2105 1264 nume-

524 1293 680 1347 randi
740 1295 970 1355 ratione,
1025 1296 1185 1351 vilior
1245 1306 1331 1352 est
1377 1315 1390 1349 :
1437 1299 1597 1353 vilior
1643 1301 1748 1354 erit
1799 1301 2104 1356 secundum

526 1393 762 1440 vestram
795 1388 1124 1442 sententiam
1157 1389 1379 1443 animali
1413 1390 1738 1460 spiritualis,
1773 1398 1829 1446 et
1857 1393 2104 1448 terrestri

527 1475 749 1530 homine
771 1476 935 1531 homo
967 1479 1229 1534 coelestis.
1269 1480 1430 1535 Aliud
1466 1480 1895 1553 (argumentum)
1925 1502 1938 1537 :
1975 1482 2107 1537 Nul-

529 1569 615 1623 lus
657 1569 874 1639 ignorat
918 1569 1257 1641 Scripturam
1313 1574 1599 1629 nominare
1639 1573 1806 1629 Deum
1851 1574 2103 1637 Abrahae,

527 1659 698 1716 Deum
731 1662 904 1726 lsaac,
929 1673 983 1720 et
1011 1663 1178 1720 Deum
1207 1665 1397 1721 Jacob.
1425 1667 1584 1722 Aliud
1620 1683 1632 1718 :
1665 1667 1867 1722 Contra
1891 1684 1986 1724 eos
2013 1669 2106 1740 qui

527 1757 692 1812 tertio
721 1757 843 1812 loco
884 1755 1145 1827 Spiritum
1190 1769 1444 1814 sanctum
1491 1747 1859 1816 constituu‘nt.
1902 1761 2107 1817 Adver-

2202 569 2295 620 καὶ
2325 569 2424 621 οὐκ
2451 569 2632 622 εἴασεν
2662 569 2858 632 αὐτοὺς
2889 567 2950 619 rb
2979 569 3198 638 Πνεῦμα
3241 568 3430 638 Ἰησοῦ.
3462 589 3481 620 ι
3517 569 3655 640 Περὶ
3684 567 3770 622 τοῦ

2203 659 2517 730 Πνεύματος
2545 677 2557 689 ·
2593 679 2614 711 4
2649 661 2739 732 Μὴ
2785 661 3000 713 λυπεῖτε
3047 661 3106 713 rb
3151 659 3375 730 Πνεῦμα
3416 660 3475 713 rb
3503 661 3677 729 ἅγιον,
3720 665 3772 714 ὲν

2201 745 2246 818 ᾧ
2269 752 2690 822 ἐσφραγίσθητε.
2729 771 2746 802 ι
2805 753 3068 820 Λέγουσιν
3091 753 3140 804 oi
3165 754 3428 824 αἱρετικοὶ
3464 754 3602 806 κατὰ
3629 753 3774 817 τάξιν

2203 844 2296 895 καὶ
2341 843 2713 914 ὐπαρίθμησιν
2765 844 2984 896 ἑστάναι
3028 843 3127 914 τὴν
3175 843 3422 915 θεότητα.
3494 843 3770 915 Ἐροῦμεν,

2201 934 2282 986 ὅτι
2309 933 2614 1005 γέγραπται
2636 953 2648 966 ο
2677 953 2695 986 ι
2719 935 2774 987 '0
2797 933 3010 1005 πρῶτος
3038 934 3321 1006 ἄνθρωπος
3348 937 3411 988 ὲκ
3439 937 3540 1006 γῆς
3569 936 3773 1007 χοϊκός·

2203 1026 2230 1077 6
2258 1024 2508 1096 δεύτερος
2537 1025 2821 1095 ἄνθρωπος
2856 1024 2913 1091 ἐξ
2943 1023 3171 1096 οὐρανοῦ
3195 1027 3224 1077 6
3253 1025 3591 1097 ἐπουράνιος.
3623 1046 3642 1078 ι
3673 1027 3776 1080 Καὶ

2204 1114 2364 1168 πάλιν
2385 1131 2397 1144 ·
2435 1135 2454 1168 ι
2486 1115 2705 1187 Πρῶτόν
2740 1133 2870 1187 φησι
2903 1115 2962 1168 rb
2986 1116 3233 1186 ψυχικὸν,
3264 1111 3382 1172 εἶτα
3411 1119 3470 1171 rb
3487 1135 3778 1189 πνευματι-

2205 1204 2317 1256 κόν.
2346 1223 2362 1254 ι
2387 1205 2448 1256 Et
2479 1204 2658 1257 τοίνυν
2690 1205 2767 1274 τῷ
2797 1203 2997 1276 πρώτῳ
3027 1205 3489 1277 ὑπαριθμεῖταιτὸ
3509 1207 3774 1280 δεύτερον,

2205 1294 2264 1346 rb
2287 1293 2342 1348 δὲ
2391 1294 2866 1367 ὑπαριθμούμενον
2903 1297 3224 1369 ἀτιμότερον
3282 1298 3397 1352 ἐστι
3441 1298 3535 1352 τοῦ
3585 1300 3719 1370 πρὸς
3749 1300 3777 1352 ὃ

2207 1387 2320 1456 ἔχει
2371 1386 2467 1458 τήν
2519 1387 2925 1460 ὑπαρίθμησινο
2979 1389 3299 1462 ἀτιμότερος
3352 1390 3475 1444 καθ’
3509 1391 3651 1461 ὑμᾶς
3688 1389 3776 1445 τοῦ

2205 1475 2437 1545 ψυχικοῦ
2471 1477 2498 1529 6
2528 1477 2914 1548 πνευματικὸς,
2937 1477 3033 1530 καὶ
3059 1477 3150 1530 τοῦ
3180 1478 3362 1548 χοϊκοῦ
3392 1481 3420 1532 6
3445 1481 3775 1551 ἐπουράνιος.

2211 1567 2403 1620 Ἀλλο·
2439 1567 2629 1631 Οὐδεὶς
2663 1570 2864 1636 ἀγνοεῖ,
2903 1569 2985 1621 ὅτι
3027 1569 3160 1622 Θεὸν
3209 1570 3481 1643 Ἀϐραὰμ,
3529 1572 3623 1630 καὶ
3652 1572 3780 1633 Θεὸν

2221 1659 2423 1722 Ἰσαὰκ,
2451 1659 2544 1712 καί⁵
2567 1659 2700 1712 Θεὸν
2734 1659 2946 1726 Ἰακὼϐ,
2981 1661 3140 1720 καλεί
3159 1664 3192 1732 ή
3221 1663 3439 1736 Γραφή.
3465 1663 3625 1722 ’Δλλο
3644 1682 3657 1694 ·
3689 1665 3780 1720 Διὰ

2207 1751 2333 1814 τοὺς
2383 1751 2554 1825 τρίτῳ
2591 1751 2738 1822 τόπῳ
2787 1751 3084 1818 τάσσοντας
3131 1753 3192 1810 τὸ
3239 1755 3460 1826 Πνεῦμα
3511 1755 3574 1809 rb
3608 1757 3778 1825 ἅγιον.

526 1857 682 1906 satur
710 1858 892 1904 autem
934 1851 1042 1907 illis
1075 1852 1131 1905 in
1172 1850 1354 1906 Veteri
1400 1851 1753 1908 Testamento
1784 1855 1878 1912 ubi
1929 1855 2104 1925 loqui-

2221 1841 2588 1913 Ἀντιστρέφει
2617 1843 2796 1907 αὐτοῖς
2817 1845 2872 1896 ὲν
2896 1846 2963 1915 τῇ
2992 1843 3204 1917 Παλαιᾷ
3221 1844 3486 1918 Διαθήκῃ,
3520 1846 3616 1898 καὶ
3638 1845 3783 1914 λέγει

527 1948 620 1996 tur
663 1942 810 2010 (cum
846 1941 898 1995 in
932 1941 1207 2013 Babylone
1261 1944 1661 1999 exterminatus
1703 1943 1898 2002 fuisset
1935 1961 2108 2019 popu-

529 2029 638 2096 lus)
670 2030 756 2086 his
778 2031 991 2086 verbis:
1025 2051 1042 2082 ι
1074 2031 1138 2085 Et
1162 2033 1498 2088 recordabor
1520 2035 1833 2090 testamenti
1859 2036 1964 2091 mei
1981 2051 2105 2090 cum

528 2119 720 2188 Jacob,
745 2132 799 2178 et
837 2125 1147 2179 testamenti
1188 2125 1290 2180 mei
1340 2141 1464 2180 cum
1506 2127 1680 2194 Isaac,
1711 2136 1766 2182 et
1794 2130 2106 2185 testamenti

529 2211 635 2265 mei
685 2227 808 2267 cum
848 2213 1120 2268 Abraham
1145 2215 1213 2270 “‘.
1257 2235 1274 2267 ι
1297 2215 1494 2271 Aliud:
1524 2236 1543 2269 ι
1580 2215 1884 2274 Divisiones
1907 2220 2108 2288 gratia-

530 2318 650 2356 rum
687 2311 837 2369 sunt,
883 2305 1026 2360 idem
1061 2316 1241 2361 autem
1279 2307 1554 2378 Spiritus;
1587 2317 1641 2363 et
1680 2309 1978 2367 divisiones
2007 2312 2108 2366 mi-

532 2395 919 2450 nistrationum
950 2407 1100 2462 sunt,
1131 2399 1274 2454 idem
1305 2408 1487 2456 autem
1520 2399 1821 2469 Dominus;
1883 2410 1936 2458 et
1970 2404 2110 2458 divi-

529 2487 716 2544 siones
749 2491 1126 2560 operationum
1163 2501 1312 2556 sunt,
1345 2493 1486 2547 idem
1511 2508 1641 2547 vero
1673 2493 1833 2557 Deus,
1859 2496 1951 2563 qui
1980 2510 2108 2564 ope-

532 2588 686 2634 ratur
714 2581 898 2636 omnia
935 2581 990 2636 in
1041 2583 1296 2639 omnibus
1327 2583 1394 2638 “.
1429 2603 1448 2637 ι
1494 2584 1654 2639 Aliud
1690 2604 1702 2638 :
1746 2603 1764 2636 ι
1801 2585 1920 2652 Quo
1955 2586 2045 2641 ibo
2079 2602 2110 2640 a

533 2674 726 2742 spiritu
759 2683 873 2737 tuo,
902 2681 957 2730 et
981 2691 1090 2744 quo
1117 2691 1146 2728 a
1175 2675 1315 2732 facie
1343 2687 1434 2732 tua
1459 2676 1661 2748 fugiam
1689 2679 1773 2732 "2
1805 2699 1820 2732 ι

706 2851 795 2905 21.
835 2853 989 2919 Quod
1030 2852 1208 2908 Filius
1251 2864 1374 2908 ante
1420 2852 1635 2908 Patrem
1682 2865 1933 2924 ponatur.

604 2943 694 2996 Ait
725 2942 977 3000 Salvator
1014 2961 1027 2997 :
1063 2963 1083 2996 ι
1113 2945 1224 3016 Ego
1265 2955 1319 3001 et
1354 2945 1515 3000 Pater
1543 2947 1843 3009 veniemus.
1874 2954 1928 3000 et
1959 2961 2114 3000 man-

533 3036 742 3090 sionem
793 3037 937 3106 apud
1002 3053 1127 3092 eum
1169 3038 1435 3093 faciemus
1454 3040 1522 3092 “.
1565 3058 1583 3090 ι
1609 3039 1770 3095 Aliud
1811 3059 1832 3095 ε’
1872 3057 1889 3091 ι
1915 3037 2027 3109 Ego
2060 3045 2115 3094 et

535 3128 694 3184 Pater
723 3146 891 3185 unum
926 3147 1118 3187 sumus
1141 3131 1207 3188 “.
1235 3152 1254 3186 ι
1295 3131 1530 3189 Rursum
1557 3133 1855 3204 Apostolus
1881 3152 1894 3186 :
1932 3152 1950 3183 ι
1976 3131 2112 3186 Gra-

534 3223 608 3276 tia
656 3222 873 3278 Domini
914 3224 1088 3278 nostri
1136 3223 1264 3279 Jesu
1296 3223 1519 3290 Christi,
1545 3235 1597 3280 et
1620 3227 1861 3281 cbaritas
1903 3223 2021 3289 Dei,
2057 3232 2112 3279 et

536 3317 967 3372 communicatio
1006 3318 1182 3372 sancti
1238 3315 1501 3388 Spiritus,
1551 3334 1678 3374 cum
1717 3319 1974 3374 omnibus
2014 3331 2113 3372 vo-

539 3408 621 3463 bis
641 3409 706 3463 ".
747 3428 767 3462 ι

540 3519 638 3590 ιι
679 3520 767 3574 22.
808 3520 1070 3575 Adversus
1108 3538 1195 3575 eos
1243 3523 1333 3592 qui
1401 3521 1679 3576 discrimen
1717 3521 2111 3592 ponuntjnter,

607 3607 671 3662 ex
707 3606 840 3662 quo,
870 3600 954 3655 et,
991 3607 1087 3662 per
1114 3590 1274 3662 quem
1301 3609 1316 3655 ;
1348 3601 1397 3647 et
1430 3592 1564 3648 illud
1585 3631 1602 3654 ,
1636 3590 1864 3661 etquo,
1913 3590 2070 3645 Patri
2097 3630 2114 3657 ,

609 3659 778 3728 illud,
819 3677 917 3732 per
949 3659 1145 3732 quem,
1178 3659 1324 3715 Filio
1356 3671 1413 3716 ut
1444 3663 1616 3716 minus
1653 3659 1970 3716 attribuunt.

609 3777 922 3832 Invenimus
958 3787 1145 3832 contra
1185 3778 1241 3832 in
1275 3777 1610 3848 Scripturis,
1643 3778 1809 3832 etiam
1841 3777 1910 3833 de
1955 3775 2118 3833 Patre

538 3867 677 3933 dici,
697 3886 715 3919 ι
738 3884 838 3938 per
857 3885 1020 3938 quem
1045 3888 1058 3922 :
1087 3889 1105 3920 ι
1129 3877 1184 3924 et
1209 3869 1276 3923 de
1292 3866 1450 3934 Filio,
1478 3886 1498 3915 σ
1522 3884 1590 3924 ex
1618 3884 1748 3939 quo,
1775 3887 1793 3920 ι
1813 3876 1866 3924 et
1895 3868 1963 3922 de
1994 3869 2118 3939 Spi-

539 3961 651 4014 ritu
705 3961 979 4016 similiter.
1035 3959 1111 4016 De
1162 3959 1325 4016 Patre
1375 3961 1676 4031 Apostolus
1727 3956 2119 4013 aitchidelis

542 4049 716 4114 Deus,
755 4068 854 4122 per
898 4067 1060 4121 quem
1108 4053 1286 4107 vocati
1329 4053 1467 4109 estis
1518 4054 1573 4106 in
1627 4052 1946 4108 societatem
1995 4049 2117 4104 Filii

539 4142 660 4211 ejus
691 4142 760 4197 “.
786 4162 805 4194 ι
840 4142 1004 4196 Aliud
1032 4161 1083 4196 ε(
1106 4142 1310 4198 Paulus
1341 4141 1774 4214 apostolus-Jesu
1794 4140 1998 4196 Christi
2025 4157 2121 4210 per

539 4233 877 4288 voluntatem
924 4233 1019 4289 Dei
1064 4233 1132 4289 ".
1158 4255 1176 4286 ι
1200 4233 1498 4291 Βυιειιειι
1526 4233 1712 4304 Itaque
1746 4235 1858 4304 jam
1913 4248 2022 4290 non
2061 4249 2121 4288 cs

541 4338 772 4386 servus,
823 4322 917 4377 sed
970 4325 1149 4386 lilius,
1196 4326 1343 4395 quod
1386 4325 1431 4380 si
1479 4325 1660 4388 filius,
1705 4331 1760 4379 et
1806 4324 1981 4378 haeres
2025 4339 2122 4394 per

543 4413 711 4467 Deum
745 4414 810 4468 ⁸⁸.
847 4433 865 4464 ι
895 4414 960 4469 Et
1007 4416 1140 4471 illud
1180 4436 1193 4472 :
1233 4434 1252 4468 ι
1291 4417 1767 4483 Quemadmodum
1824 4415 2123 4473 resurrexit

2209 1930 2316 2002 (ὅτε
2337 1931 2394 1982 ὲν
2416 1929 2694 1985 Βαΰυλῶνι
2721 1930 2980 2005 ὲξώριστο
3006 1933 3117 2005 (65)
3144 1935 3173 1986 ό
3203 1934 3377 2006 λαὸς),
3405 1934 3578 2000 οὓτως
3605 1931 3780 2004 λέγει·

2212 2041 2230 2072 ι
2278 2021 2387 2074 Καὶ
2418 2021 2796 2093 μνησθήσομαι
2837 2024 2940 2094 τῆς
2969 2024 3232 2097 διαθήκης
3262 2043 3362 2097 μου
3391 2028 3490 2098 τῆς
3521 2027 3656 2099 πρὸς
3689 2028 3784 2080 Ἰα-

2208 2111 2344 2177 κὼό,
2377 2113 2470 2166 καὶ
2515 2114 2615 2184 τῆς
2665 2114 2930 2187 διαθήκης
2979 2135 3079 2186 μου
3121 2117 3222 2187 τῆς
3260 2119 3396 2190 πρὸς
3441 2118 3643 2184 Ἰσαὰκ,
3695 2121 3786 2172 καὶ

2204 2203 2304 2274 τῆς
2341 2204 2605 2275 διαθήκης
2634 2222 2734 2275 μου
2759 2205 2858 2276 τῆς
2881 2205 3016 2277 πρὸς
3043 2207 3310 2279 Ἀϐραάμ.
3334 2228 3352 2260 ι
3386 2208 3572 2262 Ἀλλο·
3601 2228 3619 2260 ι
3640 2210 3784 2262 Διαι-

2211 2295 2386 2366 ρέσεις
2409 2295 2464 2349 δὲ
2499 2297 2853 2367 χαρισμάτων
2886 2299 3013 2362 είσὶ,
3053 2299 3114 2352 rb
3145 2299 3200 2353 δὲ
3231 2300 3363 2354 αὐτὸ
3406 2302 3663 2372 Πνεῦμαο
3697 2302 3795 2361 καὶ,

2207 2388 2498 2460 διαιρέσεις
2527 2391 2638 2462 (66)
2674 2391 2957 2446 διακονιῶν
2989 2395 3147 2458 είσιν,
3195 2396 3223 2448 6
3264 2395 3322 2449 δὲ
3364 2394 3526 2457 αὐτὸς
3554 2394 3784 2466 Κύριος·

2207 2482 2299 2534 καὶ
2341 2481 2632 2551 διαιρέσεις
2661 2484 3048 2555 ἐνεργημάτων
3097 2487 3252 2551 εἰσιν,
3289 2488 3318 2538 6
3353 2486 3409 2538 δὲ
3443 2485 3606 2549 αὐτὸς
3633 2485 3788 2550 Θεὸς,

2207 2574 2235 2624 ό
2284 2572 2522 2644 ἐνεργῶν
2577 2573 2646 2626 τὰ
2675 2574 2852 2628 πάντα
2908 2576 2964 2628 ὲν
3010 2577 3162 2629 πᾶσι.
3204 2595 3223 2626 ι
3275 2577 3382 2629 Καὶ
3434 2576 3592 2630 ἄλλο’
3625 2595 3644 2628 ι
3680 2573 3790 2628 Ποῦ

2210 2663 2458 2735 πορευθῶ
2485 2665 2592 2718 ἀπὸ
2614 2665 2706 2719 τοῦ
2735 2667 3044 2738 πνεύματός
3084 2687 3197 2735 σου,
3232 2671 3325 2722 καὶ
3362 2669 3470 2723 ἀπὸ
3503 2669 3594 2722 τοῦ
3620 2685 3790 2741 προσ-

2209 2753 2358 2808 ώπου
2397 2773 2490 2809 σου
2539 2753 2640 2810 ποῦ
2674 2759 2859 2827 φύγως
2892 2779 2910 2810 ι

2349 2850 2578 2905 21.”Ότι
2617 2851 2998 2919 προτάττεται
3033 2853 3136 2907 τοῦ
3164 2853 3393 2922 Πατρός
3425 2857 3457 2908 ό
3498 2855 3629 2920 Υἱός

2281 2941 2443 3009 Λέγει
2467 2944 2495 2995 ό
2521 2943 2742 3014 Σωτήρο
2788 2963 2807 2996 ι
2846 2943 2986 3014 Ἐγὼ
3026 2945 3118 2999 καὶ
3147 2949 3174 3000 6
3208 2945 3396 3017 Πατήρ
3441 2943 3798 3013 ἐλευσόμεθα,

2213 3033 2318 3087 καὶ
2344 3033 2518 3107 μονὴν
2535 3035 2666 3108 παρ’
2694 3035 2842 3109 αὐτῷ
2865 3039 3181 3109 ποιήσομεν.
3217 3057 3238 3090 ι
3271 3037 3432 3090 Ἄλλο
3452 3053 3464 3069 ·
3493 3055 3510 3088 ι
3533 3033 3673 3104 Ἐγὼ
3700 3034 3798 3088 καὶ

2214 3128 2242 3179 6
2275 3127 2463 3198 Πατὴρ
2495 3128 2556 3182 ἓν
2594 3129 2780 3200 ἐσμεν.
2823 3149 2842 3182 ι
2881 3131 2990 3185 Καὶ
3025 3131 3187 3185 πάλιν
3231 3132 3260 3184 6
3297 3128 3648 3192 Ἀπόστολος·
3690 3125 3798 3182 (Ἡ

2214 3221 2372 3292 χάρις
2399 3218 2492 3273 τοῦ
2524 3221 2730 3293 Κυρίου
2761 3222 2916 3293 ήμῶν
2949 3223 3123 3294 Ἰησοῦ
3144 3221 3514 3294 Χριστοῦ,καὶ
3544 3222 3578 3290 ή
3606 3218 3798 3290 ἀγάπη

2213 3310 2308 3365 τοῦ
2338 3311 2471 3366 Θεοῦ
2499 3311 2631 3382 (67),
2671 3312 2764 3366 καὶ
2826 3313 3080 3368 κοινωνία
3130 3313 3227 3368 τοῦ
3267 3313 3422 3384 ἁγίου
3455 3310 3798 3382 Πνεύματος,

2219 3402 2356 3474 μετὰ
2390 3402 2608 3458 πάντων
2638 3401 2812 3477 ὑμῶν.
2839 3421 2861 3456 ι

2215 3514 2304 3570 22.
2350 3515 2510 3585 Πρὸς,
2528 3515 2670 3583 τοὺς
2697 3515 2988 3585 λέγοντας
3018 3516 3105 3581 τὸ,
3133 3516 3190 3583 ὲξ
3222 3513 3305 3580 οὗ,
3338 3515 3435 3585 xu},
3467 3515 3534 3569 δι’
3566 3507 3648 3578 οῦ,
3680 3511 3802 3585 διᾳ-

2287 3580 2510 3656 φέρέινί,
2547 3580 2657 3639 καί
2681 3580 2976 3654 διδὸντας-
2997 3587 3063 3640 τὸ
3089 3580 3226 3657 psi,
3268 3587 3330 3652 ἐξ
3366 3580 3450 3651 οὗ,
3475 3585 3556 3651 τῷ
3587 3583 3798 3650 Πατρί,

2286 3657 2352 3711 τὸ
2391 3656 2479 3722 δὲ,
2509 3657 2576 3711 δι’
2611 3649 2695 3724 οῦ,
2730 3656 2810 3723 τῷ
2848 3657 2978 3724 Υἱῷ,
3008 3659 3088 3724 ὡς
3114 3657 3386 3713 ἔλαττον.

2464 3697 2479 3722 ,
2510 3697 2558 3711 VI
2612 3697 2695 3725 vv,
2735 3697 2810 3723 ιη’
2849 3697 2978 3724 ᾸΡΨ,
3008 3697 3080 3724 ws
3114 3697 3349 3713 υηωιννι
3371 3697 3386 3712 ο

2289 3771 2628 3842 Εὑρίσκομεν
2660 3771 2718 3825 δὲ
2757 3773 2822 3824 ἐκ
2857 3770 2966 3824 τῶν
3000 3771 3254 3842 Γραφῶν,
3301 3773 3384 3826 ὅτι
3441 3773 3538 3826 καὶ
3583 3774 3674 3827 ἐπὶ
3705 3773 3802 3828 τοῦ

2220 3865 2434 3936 Πατρός
2467 3864 2683 3932 λέγεται
2709 3864 2790 3929 rb,
2823 3882 2841 3914 ι
2873 3863 2939 3915 δι’
2966 3857 3049 3924 οὗ,
3093 3881 3112 3914 ι
3157 3864 3251 3916 καὶ
3284 3865 3376 3918 ἐπὶ
3401 3865 3498 3918 τοῦ
3533 3865 3686 3928 Υίοῦ,
3717 3867 3803 3930 rb,

2229 3975 2247 4008 ι
2283 3957 2342 4024 ἐξ
2372 3951 2457 4023 οῦ,
2492 3977 2511 4008 ι
2549 3957 2643 4008 καὶ¹
2669 3954 2782 4026 (68)
2818 3957 2911 4008 ἐπὶ
2937 3956 3252 4027 Πνεύματος
3283 3957 3500 4028 ὁμοίως.
3539 3959 3677 4030 Περὶ
3708 3959 3805 4013 τοῦ

2222 4047 2435 4117 Πατρδς
2464 4049 2492 4101 6
2535 4046 2858 4110 Ἀπόστολος
2891 4047 3068 4116 λέγει’
3112 4068 3130 4099 ι
3173 4049 3370 4112 Πιστὸς
3398 4049 3426 4102 6
3453 4049 3606 4114 Θεὸς,
3645 4050 3714 4103 δι’
3745 4043 3807 4104 οὗ

2222 4137 2489 4208 ἐκλήθητε
2535 4140 2615 4200 είς
2657 4137 2942 4191 κοινωνίαν
2999 4136 3094 4190 τοῦ
3128 4138 3259 4191 Υίοῦ
3307 4137 3496 4192 αὑτοῦ.
3543 4158 3562 4192 ι
3603 4139 3804 4191 Ἀλλο·

2231 4249 2247 4279 ι
2285 4229 2492 4293 Παῦλος
2538 4229 2835 4293 ἀπόστολος
2879 4229 3054 4299 Ἰησοῦ
3092 4231 3330 4302 Χριστοῦ
3365 4231 3453 4286 διὰ
3500 4230 3811 4302 θελήματος

2223 4322 2393 4376 Θεοῦ·
2439 4343 2455 4374 ι
2487 4323 2583 4378 καὶ
2623 4323 2820 4376 πάλιν·
2863 4344 2881 4375 ι
2921 4325 3081 4376 Ὥστε
3131 4324 3315 4377 οὐκέτι
3349 4321 3400 4377 εἶ
3444 4323 3650 4390 δοῦλος,
3693 4322 3812 4376 ἀλλ’

2224 4416 2338 4477 υἱός
2361 4432 2373 4444 ’
2407 4417 2457 4467 εί
2485 4415 2541 4468 δὲ
2573 4416 2707 4479 υίὸς,
2737 4417 2830 4468 καὶ
2863 4415 3197 4488 κληρονόμος
3227 4415 3314 4468 διὰ
3342 4414 3498 4472 Θεοῦ.
3533 4434 3551 4466 ι
3585 4413 3695 4466 Καὶ
3726 4412 3814 4475 rb,

543 4507 798 4563 Christus
819 4548 834 4569 ,
872 4524 968 4577 per
997 4509 1226 4578 gloriam
1259 4510 1436 4565 Patris
1468 4509 1535 4565 δ’.
1563 4529 1581 4560 ι
1604 4507 1843 4564 Rursum
1876 4524 1998 4562 cum
2031 4524 2111 4578 ge«

2235 4524 2251 4555 ι
2295 4507 2503 4578 ’Ὠσπερ
2524 4506 2731 4577 ἠγέρθη
2759 4508 2993 4578 Χριστὸς
3015 4507 3102 4560 διὰ
3127 4507 3238 4576 (69)
3271 4507 3369 4576 τῆς
3393 4505 3549 4575 δόξης
3572 4504 3665 4557 τοῦ
3699 4504 3819 4558 Πα-

546 4601 756 4654 nuisset
801 4598 908 4652 Eva
949 4599 1119 4659 Cain.
1176 4601 1312 4654 dixit
1341 4618 1404 4676 τοι
1435 4599 1664 4654 Possedi
1710 4600 1984 4654 hominem
2031 4613 2111 4666 pel

2230 4597 2377 4667 τρός.
2423 4617 2441 4649 ι
2483 4599 2593 4652 Καὶ
2632 4598 2815 4661 πάλιν,
2864 4599 2952 4651 ὅτε
2990 4599 3251 4668 ἐγεννήθη
3304 4597 3463 4659 Κάῖν,
3495 4594 3611 4649 Εῦα
3657 4595 3820 4666 είρή-

545 4688 714 4744 Deum
746 4692 812 4745 '°.
841 4710 860 4743 ι
881 4690 1193 4761 lterumque
1220 4691 1457 4761 Josepho
1490 4691 1543 4742 in
1576 4705 1794 4744 carcere
1825 4703 2004 4742 nonne
2028 4703 2124 4757 per

547 4781 716 4839 Deum
760 4787 884 4838 data
927 4795 1013 4841 est
1065 4785 1438 4839 manifestatio
1467 4784 1553 4836 “?
1591 4781 1665 4836 De
1707 4780 1844 4834 Filio
1881 4797 1947 4835 ex
1994 4796 2121 4850 pro—

616 4985 660 5017 ³⁶
702 4988 820 5041 Act.
859 5004 968 5050 xw,
1009 4987 1069 5047 6,
1107 4987 1160 5038 7.
1241 4985 1283 5015 ³⁷
1329 4983 1528 5051 Ephes.
1568 4999 1640 5044 Iv,
1673 4983 1764 5035 30.
1842 4982 1886 5012 ³⁸
1926 4983 1946 5034 1
1980 4979 2233 5051 C0r._xv,
2269 4981 2359 5035 47.

545 5058 589 5087 ⁸¹
634 5055 810 5112 lCor.
862 5074 936 5110 xu
968 5099 982 5119 ,
1032 5055 1148 5108 4-6.
1261 5055 1304 5085 ἰ’
1345 5053 1492 5108 Psal.
1542 5067 1816 5113 cxxxvm,
1855 5051 1906 5104 7.

2020 5052 2064 5081 "
2105 5049 2262 5104 Joan.
2301 5069 2412 5116 xw,
2475 5054 2566 5109 2'5.

2231 4707 2354 4740 κει·
2393 4707 2411 4738 ι
2463 4689 2814 4760 Ἐκτησάμην
2861 4690 3144 4760 ἄνθρωπον
3185 4688 3276 4742 διὰ
3312 4688 3407 4742 τοῦ
3450 4687 3607 4742 Θεοῦ.
3646 4707 3666 4740 ι
3703 4685 3822 4740 Καὶ

2228 4780 2387 4838 πάλιν
2426 4779 2502 4850 τῷ
2564 4782 2760 4852 Ἰωσὴφ
2795 4784 2874 4845 εἰς
2903 4783 3001 4856 τὴν
3035 4780 3276 4850 φυλακήν
3300 4780 3420 4850 οὐχ).
3445 4780 3532 4834 διὰ
3555 4779 3648 4834 τοῦ
3675 4779 3822 4839 Θεοῦ

2471 4983 2514 5014 ³⁹
2565 4981 2582 5035 l
2619 4982 2747 5037 Cor.
2782 5001 2854 5045 ιι,
2894 4984 2995 5046 14,
3038 4984 3120 5038 15.

3230 4985 3274 5016 ⁸⁸
3315 4985 3548 5039 Barucb.
3585 5001 3658 5050 ιι,
3721 4986 3821 5041 54.

2678 5053 2723 5084 ⁵⁸
2748 5053 2903 5108 Joan.
2942 5071 3005 5117 χ,
3041 5055 3128 5108 50.

3226 5055 3270 5086 ⁸⁸
3311 5054 3352 5107 Il
3383 5055 3509 5111 Cor.
3548 5070 3682 5120 xm,
3726 5057 3821 5118 15.

546 5126 593 5156 ⁸⁸
621 5127 639 5181 Ι
667 5127 794 5182 Cor.
823 5145 863 5182 I.
894 5128 948 5181 9.
1026 5127 1070 5157 ⁸⁷
1097 5124 1116 5176 l
1141 5124 1270 5179 Cor.
1302 5140 1376 5189 tv,
1411 5125 1460 5177 1.
1543 5123 1584 5153 ’⁸⁸
1614 5122 1789 5177 Galat.
1823 5138 1894 5185 iv,
1927 5122 1977 5178 7.
2058 5122 2104 5152 "

2221 5137 2293 5176 m.
2325 5139 2400 5186 vr,
2435 5123 2524 5180 40.
2604 5126 2649 5156 '°
2681 5122 2880 5180 Genes.
2918 5139 2992 5185 ιν,
3033 5125 3084 5179 1.
3156 5125 3201 5156 ⁸³
3233 5124 3433 5182 Genes.
3477 5141 3568 5194 ιι,
3613 5128 3667 5181 8.

619 5303 732 5373 (64)
779 5304 870 5358 Sic
904 5305 1221 5364 Vaticanus,
1243 5302 1407 5356 Basil.
1441 5300 1683 5373 Angl._et
1715 5299 1953 5373 Graecus
1972 5301 2125 5373 Scri-

553 5368 723 5442 pturai
748 5383 930 5429 textus
979 5374 1143 5433 Editi.
1181 5375 1238 5424 ὲν
1265 5375 1328 5440 τῇ
1369 5371 1576 5442 Μυσίοιἐ
1601 5368 1743 5442 Mox.
1783 5369 1956 5442 Ἰησοῦ
1989 5371 2122 5442 legi-

551 5428 640 5496 iur
671 5446 723 5497 in
755 5445 888 5497 edit.
915 5428 994 5496 Vin
1041 5428 1217 5496 Vatic.
1253 5428 1411 5508 Aiigi.
1451 5428 1682 5493 ei'Feic.
1712 5441 1765 5492 2.
1810 5428 1974 5494 B'asil.
2011 5428 2132 5509 ejus

554 5518 671 5569 loco
701 5515 862 5568 habet
892 5513 986 5565 τοῦ
1016 5511 1172 5564 Θεοῦ.
1201 5511 1312 5564 Ibid
1358 5511 1541 5580 Angl.,
1577 5509 1806 5579 λυπῆτε.

629 5585 741 5650 (65)
780 5585 1134 5654 Anglicanus.
1165 5581 1458 5654 ἐξόριστος.

627 5656 741 5725 (66)
762 5652 885 5725 Sic
909 5652 1224 5725 Vaticanus.

557 5738 609 5780 et
636 5719 796 5780 ‘cditi.
835 5737 924 5776 και
957 5723 1248 5791 οιαιρισεις
1288 5719 1554 5791 δέηΜοχ,
1604 5721 1765 5791 βιιεὶι.
1801 5727 1853 5791 et
1891 5721 2128 5788 Angltc..

557 5798 591 5852 ὁ
639 5794 699 5848 δὲ
751 5793 914 5857 αὐτὸς
949 5788 1174 5858 Κύριος.
1205 5788 1401 5844 Ctetcri
1439 5800 1492 5845 et
1552 5789 1706 5854 editi,
1762 5789 1856 5843 καὶ
1896 5792 1926 5842 ὁ
1969 5791 2134 5849 αὐτὸς

1303 5651 1422 5704 asil.
1453 5661 1505 5703 ct
1530 5651 1738 5716 Anglic.
1783 5647 1974 5702 Caneri
2004 5666 2132 5703 vero

2231 5303 2456 5374 Κύριος.

2308 5373 2420 5442 (67)
2463 5373 2554 5427 Sic
2597 5374 2936 5440 Basiliensis,
2975 5375 3274 5430 Vaticanus
3303 5381 3357 5427 et
3395 5373 3620 5428 ercus
3663 5373 3833 5428 Scri-

2239 5452 2411 5512 pturae
2447 5454 2649 5498 textus.
2685 5445 2823 5498 Editi
2855 5457 2908 5500 et
2941 5448 3052 5505 alii,
3083 5445 3175 5498 τοῦ
3202 5445 3336 5496 Θεοῦ
3369 5445 3460 5497 καὶ
3491 5445 3726 5514 Πατρός.

2313 5514 2423 5583 (68)
2466 5514 2522 5568 In
2563 5516 2696 5570 edit.
2742 5517 2915 5572 Paris.
2957 5516 3048 5570 καί
3079 5515 3370 5576 omittitur,
3408 5515 3503 5569 sed
3533 5515 3736 5585 legitur
3769 5514 3834 5569 in

2241 5595 2358 5638 τίει.
2389 5585 2518 5638 edit.
2553 5594 2606 5639 et
2635 5602 2769 5641 mss.

2311 5654 2426 5723 (69)
2467 5657 2566 5709 Διά
2611 5657 2764 5712 deest
2799 5659 2852 5710 in
2898 5656 3030 5710 edit.
3059 5653 3348 5715 Commel.,
3391 5655 3485 5708 sed
3524 5655 3728 5720 legitur
3765 5654 3829 5710 in

2241 5726 2468 5796 reliquis
2485 5734 2540 5783 et
2569 5727 2625 5782 in
2655 5727 3013 5797 manuscript.
3046 5723 3222 5779 Vatic.
3256 5723 3422 5780 Basil.
3453 5723 3670 5795 Anglic.
