  <div class='ocr_page' id='page_1' title='image "/cluster/home/n/w/nwhite01/storage/ocr_20150623/28/hvd.32044019207737/033.png"; bbox 0 0 4048 6406; ppageno 0'>
   <div class='ocr_carea' id='block_1_1' title="bbox 508 391 3767 454">
    <p class='ocr_par' dir='ltr' id='par_1_1' title="bbox 508 391 3767 454">
     <span class='ocr_line' id='line_1_1' title="bbox 508 391 3767 454; baseline -0.002 0"><span class='ocrx_word' id='word_1_1' title='bbox 508 397 584 454; x_wconf 74' lang='grc'><strong>55</strong></span> <span class='ocrx_word' id='word_1_2' title='bbox 1653 393 1715 450; x_wconf 87' lang='lat' dir='ltr'><strong>S.</strong></span> <span class='ocrx_word' id='word_1_3' title='bbox 1753 392 2230 451; x_wconf 80' lang='lat' dir='ltr'><strong>ATHANASIUS.</strong></span> <span class='ocrx_word' id='word_1_4' title='bbox 2273 424 2330 436; x_wconf 95' lang='lat'><strong>—</strong></span> <span class='ocrx_word' id='word_1_5' title='bbox 2373 393 2602 451; x_wconf 76' lang='lat' dir='ltr'><strong>DUBIA.</strong></span> <span class='ocrx_word' id='word_1_6' title='bbox 3697 391 3767 448; x_wconf 67' lang='grc' dir='ltr'><strong>ὅθ</strong></span> 
     </span>
    </p>
   </div>
   <div class='ocr_carea' id='block_1_2' title="bbox 509 501 2093 580">
    <p class='ocr_par' dir='ltr' id='par_1_2' title="bbox 509 507 2086 580">
     <span class='ocr_line' id='line_1_2' title="bbox 509 507 2086 580; baseline -0.004 -12"><span class='ocrx_word' id='word_1_7' title='bbox 509 515 623 570; x_wconf 85' lang='lat' dir='ltr'><strong>ritu</strong></span> <span class='ocrx_word' id='word_1_8' title='bbox 669 510 772 566; x_wconf 88' lang='lat' dir='ltr'><strong>Dei</strong></span> <span class='ocrx_word' id='word_1_9' title='bbox 813 509 1070 565; x_wconf 79' lang='lat' dir='ltr'><strong>diabolus</strong></span> <span class='ocrx_word' id='word_1_10' title='bbox 1099 508 1602 580; x_wconf 85' lang='lat' dir='ltr'><strong>comprimehatur:</strong></span> <span class='ocrx_word' id='word_1_11' title='bbox 1636 507 1705 563; x_wconf 88' lang='lat' dir='ltr'><strong>ad</strong></span> <span class='ocrx_word' id='word_1_12' title='bbox 1738 508 2086 578; x_wconf 66' lang='lat' dir='ltr'><strong>prazsentiam</strong></span> 
     </span>
    </p>
   </div>
   <div class='ocr_carea' id='block_1_3' title="bbox 2196 501 3770 580">
    <p class='ocr_par' dir='ltr' id='par_1_3' title="bbox 2196 501 3770 580">
     <span class='ocr_line' id='line_1_3' title="bbox 2196 501 3770 580; baseline -0.004 -18"><span class='ocrx_word' id='word_1_13' title='bbox 2196 507 2330 564; x_wconf 73' lang='grc' dir='ltr'>Πνεύ</span> <span class='ocrx_word' id='word_1_14' title='bbox 2339 525 2471 580; x_wconf 88' lang='grc' dir='ltr'>ματι</span> <span class='ocrx_word' id='word_1_15' title='bbox 2494 508 2590 563; x_wconf 88' lang='grc' dir='ltr'><strong>τοῦ</strong></span> <span class='ocrx_word' id='word_1_16' title='bbox 2617 507 2752 562; x_wconf 84' lang='grc' dir='ltr'>Θεοῦ</span> <span class='ocrx_word' id='word_1_17' title='bbox 2793 504 3036 568; x_wconf 73' lang='grc' dir='ltr'>διάϐολος</span> <span class='ocrx_word' id='word_1_18' title='bbox 3082 506 3394 578; x_wconf 80' lang='grc' dir='ltr'>κατήργητο</span> <span class='ocrx_word' id='word_1_19' title='bbox 3411 521 3425 534; x_wconf 84' lang='grc'><strong>·</strong></span> <span class='ocrx_word' id='word_1_20' title='bbox 3456 520 3521 557; x_wconf 88' lang='grc' dir='ltr'><strong>συ</strong></span> <span class='ocrx_word' id='word_1_21' title='bbox 3527 501 3770 575; x_wconf 84' lang='grc' dir='ltr'>μπαρόν-</span> 
     </span>
    </p>
   </div>
   <div class='ocr_carea' id='block_1_4' title="bbox 494 599 2088 676">
    <p class='ocr_par' dir='ltr' id='par_1_4' title="bbox 494 599 2088 676">
     <span class='ocr_line' id='line_1_4' title="bbox 494 599 2088 676; baseline -0.001 -20"><span class='ocrx_word' id='word_1_22' title='bbox 494 605 748 676; x_wconf 82' lang='lat' dir='ltr'><strong>.Spiritus</strong></span> <span class='ocrx_word' id='word_1_23' title='bbox 765 643 782 668; x_wconf 90' lang='lat'><strong>,</strong></span> <span class='ocrx_word' id='word_1_24' title='bbox 822 611 1171 674; x_wconf 77' lang='lat' dir='ltr'><strong>peccatorum</strong></span> <span class='ocrx_word' id='word_1_25' title='bbox 1200 601 1501 670; x_wconf 72' lang='lat' dir='ltr'><strong>redemptio</strong></span> <span class='ocrx_word' id='word_1_26' title='bbox 1522 601 1578 654; x_wconf 91' lang='lat' dir='ltr'><strong>in</strong></span> <span class='ocrx_word' id='word_1_27' title='bbox 1603 599 1778 670; x_wconf 76' lang='lat' dir='ltr'><strong>gratia</strong></span> <span class='ocrx_word' id='word_1_28' title='bbox 1804 599 2047 670; x_wconf 83' lang='lat' dir='ltr'><strong>Spiritus</strong></span> <span class='ocrx_word' id='word_1_29' title='bbox 2070 618 2088 654; x_wconf 88' lang='lat'><strong>:</strong></span> 
     </span>
    </p>
   </div>
   <div class='ocr_carea' id='block_1_5' title="bbox 515 691 2090 756">
    <p class='ocr_par' dir='ltr' id='par_1_5' title="bbox 515 691 2090 756">
     <span class='ocr_line' id='line_1_5' title="bbox 515 691 2090 756; baseline -0.003 -6"><span class='ocrx_word' id='word_1_30' title='bbox 515 697 744 752; x_wconf 74' lang='lat' dir='ltr'><strong>cAhluti</strong></span> <span class='ocrx_word' id='word_1_31' title='bbox 771 695 918 750; x_wconf 87' lang='lat' dir='ltr'><strong>enim</strong></span> <span class='ocrx_word' id='word_1_32' title='bbox 954 694 1120 756; x_wconf 88' lang='lat' dir='ltr'><strong>cstis,</strong></span> <span class='ocrx_word' id='word_1_33' title='bbox 1157 701 1213 747; x_wconf 88' lang='lat' dir='ltr'><strong>et</strong></span> <span class='ocrx_word' id='word_1_34' title='bbox 1257 691 1586 748; x_wconf 86' lang='lat' dir='ltr'><strong>sanctiﬁcati</strong></span> <span class='ocrx_word' id='word_1_35' title='bbox 1615 691 1752 748; x_wconf 90' lang='lat' dir='ltr'><strong>estis</strong></span> <span class='ocrx_word' id='word_1_36' title='bbox 1780 692 1836 746; x_wconf 92' lang='lat' dir='ltr'><strong>in</strong></span> <span class='ocrx_word' id='word_1_37' title='bbox 1867 693 2090 746; x_wconf 83' lang='lat' dir='ltr'><strong>nomine</strong></span> 
     </span>
    </p>
   </div>
   <div class='ocr_carea' id='block_1_6' title="bbox 509 786 2083 858">
    <p class='ocr_par' dir='ltr' id='par_1_6' title="bbox 509 786 2083 858">
     <span class='ocr_line' id='line_1_6' title="bbox 509 786 2083 858; baseline -0.003 -16"><span class='ocrx_word' id='word_1_38' title='bbox 509 789 725 844; x_wconf 84' lang='lat' dir='ltr'><strong>Domini</strong></span> <span class='ocrx_word' id='word_1_39' title='bbox 756 791 928 844; x_wconf 78' lang='lat' dir='ltr'><strong>nostri</strong></span> <span class='ocrx_word' id='word_1_40' title='bbox 951 787 1079 844; x_wconf 75' lang='lat' dir='ltr'><strong>Jesu</strong></span> <span class='ocrx_word' id='word_1_41' title='bbox 1107 787 1352 850; x_wconf 89' lang='lat' dir='ltr'><strong>Christi,</strong></span> <span class='ocrx_word' id='word_1_42' title='bbox 1374 797 1430 842; x_wconf 91' lang='lat' dir='ltr'><strong>et</strong></span> <span class='ocrx_word' id='word_1_43' title='bbox 1451 789 1506 843; x_wconf 89' lang='lat' dir='ltr'><strong>in</strong></span> <span class='ocrx_word' id='word_1_44' title='bbox 1531 786 1740 858; x_wconf 86' lang='lat' dir='ltr'><strong>Spiritu</strong></span> <span class='ocrx_word' id='word_1_45' title='bbox 1764 795 1956 842; x_wconf 84' lang='lat' dir='ltr'><strong>sancto</strong></span> <span class='ocrx_word' id='word_1_46' title='bbox 1983 786 2083 841; x_wconf 78' lang='grc'>⁸⁸.»</span> 
     </span>
    </p>
   </div>
   <div class='ocr_carea' id='block_1_7' title="bbox 508 874 2091 948">
    <p class='ocr_par' dir='ltr' id='par_1_7' title="bbox 508 874 2091 948">
     <span class='ocr_line' id='line_1_7' title="bbox 508 874 2091 948; baseline -0.003 -13"><span class='ocrx_word' id='word_1_47' title='bbox 508 877 590 935; x_wconf 75' lang='lat' dir='ltr'><strong>Ex</strong></span> <span class='ocrx_word' id='word_1_48' title='bbox 619 881 853 936; x_wconf 81' lang='lat' dir='ltr'><strong>mortuis</strong></span> <span class='ocrx_word' id='word_1_49' title='bbox 880 879 1233 938; x_wconf 83' lang='lat' dir='ltr'><strong>resurrectio,</strong></span> <span class='ocrx_word' id='word_1_50' title='bbox 1256 878 1422 948; x_wconf 87' lang='lat' dir='ltr'><strong>idque</strong></span> <span class='ocrx_word' id='word_1_51' title='bbox 1443 893 1540 948; x_wconf 89' lang='lat' dir='ltr'><strong>per</strong></span> <span class='ocrx_word' id='word_1_52' title='bbox 1560 877 1936 948; x_wconf 82' lang='lat' dir='ltr'><strong>operationem</strong></span> <span class='ocrx_word' id='word_1_53' title='bbox 1965 874 2091 947; x_wconf 89' lang='lat' dir='ltr'><strong>Spi-</strong></span> 
     </span>
    </p>
   </div>
   <div class='ocr_carea' id='block_1_8' title="bbox 509 967 2090 1039">
    <p class='ocr_par' dir='ltr' id='par_1_8' title="bbox 509 967 2090 1039">
     <span class='ocr_line' id='line_1_8' title="bbox 509 967 2090 1039; baseline 0 -17"><span class='ocrx_word' id='word_1_54' title='bbox 509 969 651 1024; x_wconf 85' lang='lat' dir='ltr'><strong>ritus</strong></span> <span class='ocrx_word' id='word_1_55' title='bbox 683 987 738 1024; x_wconf 74' lang='grc' dir='ltr'><strong>ιι</strong></span> <span class='ocrx_word' id='word_1_56' title='bbox 761 969 994 1024; x_wconf 87' lang='lat' dir='ltr'><strong>Emittes</strong></span> <span class='ocrx_word' id='word_1_57' title='bbox 1026 973 1170 1024; x_wconf 91' lang='lat' dir='ltr'><strong>enim</strong></span> <span class='ocrx_word' id='word_1_58' title='bbox 1210 968 1474 1039; x_wconf 86' lang='lat' dir='ltr'><strong>Spiritum</strong></span> <span class='ocrx_word' id='word_1_59' title='bbox 1506 976 1696 1030; x_wconf 91' lang='lat' dir='ltr'><strong>tuum,</strong></span> <span class='ocrx_word' id='word_1_60' title='bbox 1729 975 1784 1024; x_wconf 89' lang='lat' dir='ltr'><strong>et</strong></span> <span class='ocrx_word' id='word_1_61' title='bbox 1817 967 2090 1022; x_wconf 86' lang='lat' dir='ltr'><strong>creahun-</strong></span> 
     </span>
    </p>
   </div>
   <div class='ocr_carea' id='block_1_9' title="bbox 510 1057 2089 1136">
    <p class='ocr_par' dir='ltr' id='par_1_9' title="bbox 510 1057 2089 1136">
     <span class='ocr_line' id='line_1_9' title="bbox 510 1057 2089 1136; baseline 0 -22"><span class='ocrx_word' id='word_1_62' title='bbox 510 1069 620 1124; x_wconf 87' lang='lat' dir='ltr'><strong>tur,</strong></span> <span class='ocrx_word' id='word_1_63' title='bbox 649 1072 705 1116; x_wconf 89' lang='lat' dir='ltr'><strong>et</strong></span> <span class='ocrx_word' id='word_1_64' title='bbox 736 1063 1030 1136; x_wconf 71' lang='lat' dir='ltr'><strong>renovatus</strong></span> <span class='ocrx_word' id='word_1_65' title='bbox 1061 1061 1253 1116; x_wconf 75' lang='lat' dir='ltr'><strong>facient</strong></span> <span class='ocrx_word' id='word_1_66' title='bbox 1287 1071 1447 1115; x_wconf 79' lang='lat' dir='ltr'><strong>terrae</strong></span> <span class='ocrx_word' id='word_1_67' title='bbox 1473 1061 1537 1113; x_wconf 83' lang='grc'><strong>⁸⁷.</strong></span> <span class='ocrx_word' id='word_1_68' title='bbox 1561 1081 1580 1114; x_wconf 72' lang='grc' dir='ltr'>ι</span> <span class='ocrx_word' id='word_1_69' title='bbox 1606 1059 1820 1124; x_wconf 75' lang='lat' dir='ltr'><strong>Rursus</strong></span> <span class='ocrx_word' id='word_1_70' title='bbox 1848 1061 1924 1114; x_wconf 91' lang='lat' dir='ltr'><strong>ait</strong></span> <span class='ocrx_word' id='word_1_71' title='bbox 1947 1079 1960 1114; x_wconf 91' lang='lat'>:</span> <span class='ocrx_word' id='word_1_72' title='bbox 1985 1079 2004 1112; x_wconf 85' lang='grc' dir='ltr'><strong>ι</strong></span> <span class='ocrx_word' id='word_1_73' title='bbox 2028 1057 2089 1114; x_wconf 93' lang='lat' dir='ltr'><strong>Si</strong></span> 
     </span>
    </p>
   </div>
   <div class='ocr_carea' id='block_1_10' title="bbox 511 1152 2083 1224">
    <p class='ocr_par' dir='ltr' id='par_1_10' title="bbox 511 1152 2083 1224">
     <span class='ocr_line' id='line_1_10' title="bbox 511 1152 2083 1224; baseline 0.001 -19"><span class='ocrx_word' id='word_1_74' title='bbox 511 1161 693 1208; x_wconf 83' lang='lat' dir='ltr'><strong>autem</strong></span> <span class='ocrx_word' id='word_1_75' title='bbox 725 1152 966 1224; x_wconf 81' lang='lat' dir='ltr'><strong>Spiritus</strong></span> <span class='ocrx_word' id='word_1_76' title='bbox 985 1194 1000 1216; x_wconf 96' lang='lat'><strong>,</strong></span> <span class='ocrx_word' id='word_1_77' title='bbox 1033 1156 1126 1224; x_wconf 87' lang='lat' dir='ltr'><strong>qui</strong></span> <span class='ocrx_word' id='word_1_78' title='bbox 1156 1155 1414 1209; x_wconf 80' lang='lat' dir='ltr'><strong>excitavit</strong></span> <span class='ocrx_word' id='word_1_79' title='bbox 1443 1153 1628 1210; x_wconf 82' lang='lat' dir='ltr'><strong>Jesum</strong></span> <span class='ocrx_word' id='word_1_80' title='bbox 1656 1171 1686 1209; x_wconf 91' lang='lat' dir='ltr'><strong>a</strong></span> <span class='ocrx_word' id='word_1_81' title='bbox 1714 1156 1946 1211; x_wconf 82' lang='lat' dir='ltr'><strong>mortuis</strong></span> <span class='ocrx_word' id='word_1_82' title='bbox 1975 1154 2041 1209; x_wconf 82' lang='grc'>⁸⁸.</span> <span class='ocrx_word' id='word_1_83' title='bbox 2063 1172 2083 1207; x_wconf 73' lang='grc' dir='ltr'>ι</span> 
     </span>
    </p>
   </div>
   <div class='ocr_carea' id='block_1_11' title="bbox 513 1242 2094 1314">
    <p class='ocr_par' dir='ltr' id='par_1_11' title="bbox 513 1242 2094 1314">
     <span class='ocr_line' id='line_1_11' title="bbox 513 1242 2094 1314; baseline -0.003 -16"><span class='ocrx_word' id='word_1_84' title='bbox 513 1242 669 1308; x_wconf 77' lang='lat' dir='ltr'><strong>Quod</strong></span> <span class='ocrx_word' id='word_1_85' title='bbox 699 1243 746 1298; x_wconf 90' lang='lat' dir='ltr'><strong>si</strong></span> <span class='ocrx_word' id='word_1_86' title='bbox 777 1243 903 1314; x_wconf 87' lang='lat' dir='ltr'><strong>quis</strong></span> <span class='ocrx_word' id='word_1_87' title='bbox 937 1243 1080 1298; x_wconf 86' lang='lat' dir='ltr'><strong>hanc</strong></span> <span class='ocrx_word' id='word_1_88' title='bbox 1111 1245 1446 1300; x_wconf 87' lang='lat' dir='ltr'><strong>creationem</strong></span> <span class='ocrx_word' id='word_1_89' title='bbox 1484 1244 1720 1314; x_wconf 88' lang='lat' dir='ltr'><strong>accipiat</strong></span> <span class='ocrx_word' id='word_1_90' title='bbox 1749 1244 1819 1299; x_wconf 89' lang='lat' dir='ltr'><strong>de</strong></span> <span class='ocrx_word' id='word_1_91' title='bbox 1846 1252 2094 1298; x_wconf 86' lang='lat' dir='ltr'><strong>mortuo-</strong></span> 
     </span>
    </p>
   </div>
   <div class='ocr_carea' id='block_1_12' title="bbox 511 1330 2093 1404">
    <p class='ocr_par' dir='ltr' id='par_1_12' title="bbox 511 1330 2093 1404">
     <span class='ocr_line' id='line_1_12' title="bbox 511 1330 2093 1404; baseline -0.001 -19"><span class='ocrx_word' id='word_1_92' title='bbox 511 1347 636 1386; x_wconf 90' lang='lat' dir='ltr'><strong>rum</strong></span> <span class='ocrx_word' id='word_1_93' title='bbox 669 1333 1064 1398; x_wconf 79' lang='lat' dir='ltr'><strong>viviﬁcatione,</strong></span> <span class='ocrx_word' id='word_1_94' title='bbox 1091 1333 1219 1404; x_wconf 89' lang='lat' dir='ltr'><strong>qui,</strong></span> <span class='ocrx_word' id='word_1_95' title='bbox 1244 1349 1432 1404; x_wconf 65' lang='lat' dir='ltr'><strong>quaeso</strong></span> <span class='ocrx_word' id='word_1_96' title='bbox 1451 1377 1467 1398; x_wconf 90' lang='lat'><strong>,</strong></span> <span class='ocrx_word' id='word_1_97' title='bbox 1497 1350 1606 1388; x_wconf 91' lang='lat' dir='ltr'><strong>non</strong></span> <span class='ocrx_word' id='word_1_98' title='bbox 1637 1334 1830 1404; x_wconf 80' lang='lat' dir='ltr'><strong>ingens</strong></span> <span class='ocrx_word' id='word_1_99' title='bbox 1852 1330 2093 1387; x_wconf 83' lang='lat' dir='ltr'><strong>eiIicacia</strong></span> 
     </span>
    </p>
   </div>
   <div class='ocr_carea' id='block_1_13' title="bbox 512 1421 2096 1495">
    <p class='ocr_par' dir='ltr' id='par_1_13' title="bbox 512 1421 2096 1495">
     <span class='ocr_line' id='line_1_13' title="bbox 512 1421 2096 1495; baseline 0 -17"><span class='ocrx_word' id='word_1_100' title='bbox 512 1421 788 1494; x_wconf 70' lang='lat' dir='ltr'><strong>Spiritus,</strong></span> <span class='ocrx_word' id='word_1_101' title='bbox 822 1425 1199 1495; x_wconf 83' lang='lat' dir='ltr'><strong>dispensantis</strong></span> <span class='ocrx_word' id='word_1_102' title='bbox 1237 1425 1398 1481; x_wconf 80' lang='lat' dir='ltr'><strong>nobis</strong></span> <span class='ocrx_word' id='word_1_103' title='bbox 1431 1427 1602 1480; x_wconf 87' lang='lat' dir='ltr'><strong>vitam</strong></span> <span class='ocrx_word' id='word_1_104' title='bbox 1647 1427 1797 1480; x_wconf 89' lang='lat' dir='ltr'><strong>illam</strong></span> <span class='ocrx_word' id='word_1_105' title='bbox 1842 1438 2096 1480; x_wconf 87' lang='lat' dir='ltr'><strong>resurre-</strong></span> 
     </span>
    </p>
   </div>
   <div class='ocr_carea' id='block_1_14' title="bbox 511 1517 2098 1586">
    <p class='ocr_par' dir='ltr' id='par_1_14' title="bbox 511 1517 2098 1586">
     <span class='ocr_line' id='line_1_14' title="bbox 511 1517 2098 1586; baseline 0.001 -14"><span class='ocrx_word' id='word_1_106' title='bbox 511 1519 748 1582; x_wconf 82' lang='lat' dir='ltr'><strong>ctionis,</strong></span> <span class='ocrx_word' id='word_1_107' title='bbox 789 1527 845 1571; x_wconf 86' lang='lat' dir='ltr'><strong>et</strong></span> <span class='ocrx_word' id='word_1_108' title='bbox 871 1517 940 1570; x_wconf 87' lang='lat' dir='ltr'><strong>ad</strong></span> <span class='ocrx_word' id='word_1_109' title='bbox 971 1517 1318 1586; x_wconf 84' lang='lat' dir='ltr'><strong>spiritualem</strong></span> <span class='ocrx_word' id='word_1_110' title='bbox 1353 1519 1504 1573; x_wconf 82' lang='lat' dir='ltr'><strong>illam</strong></span> <span class='ocrx_word' id='word_1_111' title='bbox 1535 1521 1705 1575; x_wconf 86' lang='lat' dir='ltr'><strong>vitam</strong></span> <span class='ocrx_word' id='word_1_112' title='bbox 1747 1520 1964 1574; x_wconf 85' lang='lat' dir='ltr'><strong>animas</strong></span> <span class='ocrx_word' id='word_1_113' title='bbox 1992 1533 2098 1574; x_wconf 82' lang='lat' dir='ltr'><strong>no-</strong></span> 
     </span>
    </p>
   </div>
   <div class='ocr_carea' id='block_1_15' title="bbox 513 1611 2094 1682">
    <p class='ocr_par' dir='ltr' id='par_1_15' title="bbox 513 1611 2094 1682">
     <span class='ocr_line' id='line_1_15' title="bbox 513 1611 2094 1682; baseline 0 -17"><span class='ocrx_word' id='word_1_114' title='bbox 513 1618 660 1666; x_wconf 84' lang='lat' dir='ltr'><strong>stras</strong></span> <span class='ocrx_word' id='word_1_115' title='bbox 685 1611 1051 1666; x_wconf 81' lang='lat' dir='ltr'><strong>adornantis?</strong></span> <span class='ocrx_word' id='word_1_116' title='bbox 1095 1612 1250 1678; x_wconf 83' lang='lat' dir='ltr'><strong>Quod</strong></span> <span class='ocrx_word' id='word_1_117' title='bbox 1282 1613 1329 1668; x_wconf 87' lang='lat' dir='ltr'><strong>si</strong></span> <span class='ocrx_word' id='word_1_118' title='bbox 1361 1613 1454 1667; x_wconf 89' lang='lat' dir='ltr'><strong>illa</strong></span> <span class='ocrx_word' id='word_1_119' title='bbox 1481 1612 1691 1668; x_wconf 87' lang='lat' dir='ltr'><strong>creatio</strong></span> <span class='ocrx_word' id='word_1_120' title='bbox 1735 1613 2094 1682; x_wconf 78' lang='lat' dir='ltr'><strong>intelligatur,</strong></span> 
     </span>
    </p>
   </div>
   <div class='ocr_carea' id='block_1_16' title="bbox 512 1705 2092 1777">
    <p class='ocr_par' dir='ltr' id='par_1_16' title="bbox 512 1705 2092 1777">
     <span class='ocr_line' id='line_1_16' title="bbox 512 1705 2092 1777; baseline 0.001 -19"><span class='ocrx_word' id='word_1_121' title='bbox 512 1715 638 1775; x_wconf 66' lang='lat' dir='ltr'><strong>quae</strong></span> <span class='ocrx_word' id='word_1_122' title='bbox 677 1705 738 1758; x_wconf 88' lang='lat' dir='ltr'><strong>in</strong></span> <span class='ocrx_word' id='word_1_123' title='bbox 775 1705 879 1760; x_wconf 89' lang='lat' dir='ltr'><strong>hac</strong></span> <span class='ocrx_word' id='word_1_124' title='bbox 922 1705 1036 1760; x_wconf 80' lang='lat' dir='ltr'><strong>vita</strong></span> <span class='ocrx_word' id='word_1_125' title='bbox 1078 1715 1165 1760; x_wconf 89' lang='lat' dir='ltr'><strong>est</strong></span> <span class='ocrx_word' id='word_1_126' title='bbox 1208 1723 1275 1761; x_wconf 83' lang='lat' dir='ltr'><strong>ex</strong></span> <span class='ocrx_word' id='word_1_127' title='bbox 1319 1707 1560 1777; x_wconf 89' lang='lat' dir='ltr'><strong>peccatis</strong></span> <span class='ocrx_word' id='word_1_128' title='bbox 1585 1705 2004 1762; x_wconf 76' lang='lat' dir='ltr'><strong>transformatio</strong></span> <span class='ocrx_word' id='word_1_129' title='bbox 2035 1705 2092 1759; x_wconf 91' lang='lat' dir='ltr'><strong>in</strong></span> 
     </span>
    </p>
   </div>
   <div class='ocr_carea' id='block_1_17' title="bbox 514 1794 2094 1868">
    <p class='ocr_par' dir='ltr' id='par_1_17' title="bbox 514 1794 2094 1868">
     <span class='ocr_line' id='line_1_17' title="bbox 514 1794 2094 1868; baseline 0.001 -19"><span class='ocrx_word' id='word_1_130' title='bbox 514 1794 756 1850; x_wconf 82' lang='lat' dir='ltr'><strong>melius:</strong></span> <span class='ocrx_word' id='word_1_131' title='bbox 783 1797 946 1857; x_wconf 88' lang='lat' dir='ltr'><strong>(nam</strong></span> <span class='ocrx_word' id='word_1_132' title='bbox 980 1796 1054 1849; x_wconf 91' lang='lat' dir='ltr'><strong>ita</strong></span> <span class='ocrx_word' id='word_1_133' title='bbox 1083 1798 1260 1868; x_wconf 89' lang='lat' dir='ltr'><strong>accipi</strong></span> <span class='ocrx_word' id='word_1_134' title='bbox 1306 1806 1486 1867; x_wconf 89' lang='lat' dir='ltr'><strong>potest</strong></span> <span class='ocrx_word' id='word_1_135' title='bbox 1517 1797 1824 1854; x_wconf 90' lang='lat' dir='ltr'><strong>secundum</strong></span> <span class='ocrx_word' id='word_1_136' title='bbox 1859 1811 2094 1851; x_wconf 81' lang='lat' dir='ltr'><strong>consue-</strong></span> 
     </span>
    </p>
   </div>
   <div class='ocr_carea' id='block_1_18' title="bbox 2188 593 3768 669">
    <p class='ocr_par' dir='ltr' id='par_1_18' title="bbox 2188 593 3768 669">
     <span class='ocr_line' id='line_1_18' title="bbox 2188 593 3768 669; baseline -0.003 -18"><span class='ocrx_word' id='word_1_137' title='bbox 2188 614 2281 662; x_wconf 89' lang='grc' dir='ltr'><strong>τος</strong></span> <span class='ocrx_word' id='word_1_138' title='bbox 2325 596 2424 651; x_wconf 81' lang='grc' dir='ltr'><strong>τοῦ</strong></span> <span class='ocrx_word' id='word_1_139' title='bbox 2471 597 2814 669; x_wconf 80' lang='grc' dir='ltr'>Πνεύματος,</span> <span class='ocrx_word' id='word_1_140' title='bbox 2858 595 3146 666; x_wconf 80' lang='grc' dir='ltr'>ἁμαρτιῶν</span> <span class='ocrx_word' id='word_1_141' title='bbox 3187 593 3564 666; x_wconf 70' lang='grc' dir='ltr'><strong>ἀπολύτρωσις</strong></span> <span class='ocrx_word' id='word_1_142' title='bbox 3601 593 3661 648; x_wconf 90' lang='grc' dir='ltr'><strong>ἐν</strong></span> <span class='ocrx_word' id='word_1_143' title='bbox 3699 595 3768 666; x_wconf 78' lang='grc' dir='ltr'>τῇ</span> 
     </span>
    </p>
   </div>
   <div class='ocr_carea' id='block_1_19' title="bbox 2188 679 3774 760">
    <p class='ocr_par' dir='ltr' id='par_1_19' title="bbox 2188 679 3774 760">
     <span class='ocr_line' id='line_1_19' title="bbox 2188 679 3774 760; baseline -0.002 -18"><span class='ocrx_word' id='word_1_144' title='bbox 2188 687 2372 760; x_wconf 86' lang='grc' dir='ltr'>χάριτι</span> <span class='ocrx_word' id='word_1_145' title='bbox 2418 687 2513 742; x_wconf 76' lang='grc' dir='ltr'><strong>τοῦ</strong></span> <span class='ocrx_word' id='word_1_146' title='bbox 2562 687 2908 758; x_wconf 75' lang='grc' dir='ltr'>Πνεῦματοςο</span> <span class='ocrx_word' id='word_1_147' title='bbox 2961 701 2981 736; x_wconf 79' lang='grc' dir='ltr'><strong>ι</strong></span> <span class='ocrx_word' id='word_1_148' title='bbox 3052 680 3448 740; x_wconf 79' lang='grc' dir='ltr'>Ἀπελούσασθε</span> <span class='ocrx_word' id='word_1_149' title='bbox 3476 679 3618 754; x_wconf 78' lang='grc' dir='ltr'>γὰρ,</span> <span class='ocrx_word' id='word_1_150' title='bbox 3675 682 3774 739; x_wconf 71' lang='grc' dir='ltr'>καὶ</span> 
     </span>
    </p>
   </div>
   <div class='ocr_carea' id='block_1_20' title="bbox 2189 771 3771 852">
    <p class='ocr_par' dir='ltr' id='par_1_20' title="bbox 2189 771 3771 852">
     <span class='ocr_line' id='line_1_20' title="bbox 2189 771 3771 852; baseline -0.004 -19"><span class='ocrx_word' id='word_1_151' title='bbox 2189 779 2490 852; x_wconf 77' lang='grc' dir='ltr'><strong>ἡγιάσθητε</strong></span> <span class='ocrx_word' id='word_1_152' title='bbox 2517 781 2577 834; x_wconf 92' lang='grc' dir='ltr'><strong>ἐν</strong></span> <span class='ocrx_word' id='word_1_153' title='bbox 2611 778 2690 850; x_wconf 80' lang='grc' dir='ltr'>τῷ</span> <span class='ocrx_word' id='word_1_154' title='bbox 2718 778 2942 850; x_wconf 79' lang='grc' dir='ltr'>ὀνόματι</span> <span class='ocrx_word' id='word_1_155' title='bbox 2968 775 3064 830; x_wconf 88' lang='grc' dir='ltr'><strong>τοῦ</strong></span> <span class='ocrx_word' id='word_1_156' title='bbox 3103 775 3306 848; x_wconf 84' lang='grc' dir='ltr'><strong>Κυρίου</strong></span> <span class='ocrx_word' id='word_1_157' title='bbox 3333 773 3490 845; x_wconf 84' lang='grc' dir='ltr'>ἡμῶν</span> <span class='ocrx_word' id='word_1_158' title='bbox 3519 771 3632 847; x_wconf 83' lang='grc'>(75)</span> <span class='ocrx_word' id='word_1_159' title='bbox 3664 773 3771 844; x_wconf 83' lang='grc' dir='ltr'><strong>Ἴη-</strong></span> 
     </span>
    </p>
   </div>
   <div class='ocr_carea' id='block_1_21' title="bbox 2192 864 3773 944">
    <p class='ocr_par' dir='ltr' id='par_1_21' title="bbox 2192 864 3773 944">
     <span class='ocr_line' id='line_1_21' title="bbox 2192 864 3773 944; baseline -0.005 -18"><span class='ocrx_word' id='word_1_160' title='bbox 2192 871 2286 926; x_wconf 89' lang='grc' dir='ltr'><strong>σοῦ</strong></span> <span class='ocrx_word' id='word_1_161' title='bbox 2317 870 2578 944; x_wconf 82' lang='grc' dir='ltr'><strong>Χριστοῦ,</strong></span> <span class='ocrx_word' id='word_1_162' title='bbox 2604 872 2698 925; x_wconf 78' lang='grc' dir='ltr'><strong>καὶ</strong></span> <span class='ocrx_word' id='word_1_163' title='bbox 2724 873 2784 924; x_wconf 89' lang='grc' dir='ltr'><strong>ἐν</strong></span> <span class='ocrx_word' id='word_1_164' title='bbox 2807 869 2886 940; x_wconf 79' lang='grc' dir='ltr'><strong>τῷ</strong></span> <span class='ocrx_word' id='word_1_165' title='bbox 2929 867 3207 936; x_wconf 82' lang='grc' dir='ltr'>Πνεῦματι</span> <span class='ocrx_word' id='word_1_166' title='bbox 3239 865 3318 937; x_wconf 85' lang='grc' dir='ltr'>τῷ</span> <span class='ocrx_word' id='word_1_167' title='bbox 3342 864 3504 936; x_wconf 81' lang='grc' dir='ltr'>ἁγίῳ.</span> <span class='ocrx_word' id='word_1_168' title='bbox 3547 883 3569 917; x_wconf 74' lang='grc' dir='ltr'>ι</span> <span class='ocrx_word' id='word_1_169' title='bbox 3615 865 3682 918; x_wconf 85' lang='grc' dir='ltr'><strong>Ἦ</strong></span> <span class='ocrx_word' id='word_1_170' title='bbox 3707 865 3773 918; x_wconf 83' lang='grc' dir='ltr'><strong>ἐκ</strong></span> 
     </span>
    </p>
   </div>
   <div class='ocr_carea' id='block_1_22' title="bbox 2189 957 3774 1042">
    <p class='ocr_par' dir='ltr' id='par_1_22' title="bbox 2189 957 3774 1042">
     <span class='ocr_line' id='line_1_22' title="bbox 2189 957 3774 1042; baseline -0.008 -20"><span class='ocrx_word' id='word_1_171' title='bbox 2189 965 2400 1038; x_wconf 85' lang='grc' dir='ltr'>νεκρῶν</span> <span class='ocrx_word' id='word_1_172' title='bbox 2459 965 2830 1028; x_wconf 83' lang='grc' dir='ltr'>ἐπανάστασις</span> <span class='ocrx_word' id='word_1_173' title='bbox 2876 965 2944 1035; x_wconf 78' lang='grc' dir='ltr'>τῇ</span> <span class='ocrx_word' id='word_1_174' title='bbox 2996 962 3248 1034; x_wconf 78' lang='grc' dir='ltr'>ἐνεργείᾳ</span> <span class='ocrx_word' id='word_1_175' title='bbox 3285 959 3380 1014; x_wconf 86' lang='grc' dir='ltr'><strong>τοῦ</strong></span> <span class='ocrx_word' id='word_1_176' title='bbox 3435 957 3774 1042; x_wconf 67' lang='grc' dir='ltr'>Πνεύματος·</span> 
     </span>
    </p>
   </div>
   <div class='ocr_carea' id='block_1_23' title="bbox 2197 1049 3772 1128">
    <p class='ocr_par' dir='ltr' id='par_1_23' title="bbox 2197 1049 3772 1128">
     <span class='ocr_line' id='line_1_23' title="bbox 2197 1049 3772 1128; baseline -0.006 -15"><span class='ocrx_word' id='word_1_177' title='bbox 2197 1079 2216 1113; x_wconf 82' lang='grc' dir='ltr'><strong>ι</strong></span> <span class='ocrx_word' id='word_1_178' title='bbox 2267 1057 2676 1125; x_wconf 81' lang='grc' dir='ltr'>Ἐξαποστελεῖς</span> <span class='ocrx_word' id='word_1_179' title='bbox 2711 1057 2814 1128; x_wconf 75' lang='grc' dir='ltr'>γὰρ</span> <span class='ocrx_word' id='word_1_180' title='bbox 2839 1055 2902 1110; x_wconf 82' lang='grc' dir='ltr'><strong>τὸ</strong></span> <span class='ocrx_word' id='word_1_181' title='bbox 2929 1055 3152 1127; x_wconf 88' lang='grc' dir='ltr'>Πνεῦμά</span> <span class='ocrx_word' id='word_1_182' title='bbox 3185 1071 3302 1122; x_wconf 88' lang='grc' dir='ltr'>σου,</span> <span class='ocrx_word' id='word_1_183' title='bbox 3335 1051 3431 1106; x_wconf 73' lang='grc' dir='ltr'>καὶ</span> <span class='ocrx_word' id='word_1_184' title='bbox 3455 1049 3772 1124; x_wconf 75' lang='grc' dir='ltr'>κτισθήσονο</span> 
     </span>
    </p>
   </div>
   <div class='ocr_carea' id='block_1_24' title="bbox 2191 1143 3775 1221">
    <p class='ocr_par' dir='ltr' id='par_1_24' title="bbox 2191 1143 3775 1221">
     <span class='ocr_line' id='line_1_24' title="bbox 2191 1143 3775 1221; baseline -0.006 -15"><span class='ocrx_word' id='word_1_185' title='bbox 2191 1169 2282 1208; x_wconf 89' lang='grc' dir='ltr'><strong>ται</strong></span> <span class='ocrx_word' id='word_1_186' title='bbox 2301 1169 2316 1184; x_wconf 89' lang='grc'><strong>·</strong></span> <span class='ocrx_word' id='word_1_187' title='bbox 2355 1153 2450 1206; x_wconf 77' lang='grc' dir='ltr'><strong>καὶ</strong></span> <span class='ocrx_word' id='word_1_188' title='bbox 2483 1151 2819 1214; x_wconf 83' lang='grc' dir='ltr'>ἀνακαινιεῖς</span> <span class='ocrx_word' id='word_1_189' title='bbox 2863 1147 2925 1202; x_wconf 78' lang='grc' dir='ltr'><strong>τὸ</strong></span> <span class='ocrx_word' id='word_1_190' title='bbox 2967 1149 3258 1221; x_wconf 87' lang='grc' dir='ltr'>πρόσωπον</span> <span class='ocrx_word' id='word_1_191' title='bbox 3295 1146 3396 1218; x_wconf 79' lang='grc' dir='ltr'>τῆς</span> <span class='ocrx_word' id='word_1_192' title='bbox 3437 1145 3561 1217; x_wconf 83' lang='grc' dir='ltr'>γῆς.</span> <span class='ocrx_word' id='word_1_193' title='bbox 3603 1163 3624 1198; x_wconf 71' lang='grc' dir='ltr'>ι</span> <span class='ocrx_word' id='word_1_194' title='bbox 3662 1143 3775 1198; x_wconf 73' lang='grc' dir='ltr'><strong>Καὶ</strong></span> 
     </span>
    </p>
   </div>
   <div class='ocr_carea' id='block_1_25' title="bbox 2193 1234 3778 1316">
    <p class='ocr_par' dir='ltr' id='par_1_25' title="bbox 2193 1234 3778 1316">
     <span class='ocr_line' id='line_1_25' title="bbox 2193 1234 3778 1316; baseline -0.009 -14"><span class='ocrx_word' id='word_1_195' title='bbox 2193 1249 2356 1302; x_wconf 84' lang='grc' dir='ltr'>πάλιν</span> <span class='ocrx_word' id='word_1_196' title='bbox 2387 1248 2541 1316; x_wconf 77' lang='grc' dir='ltr'>λέγει</span> <span class='ocrx_word' id='word_1_197' title='bbox 2567 1263 2580 1276; x_wconf 92' lang='grc'>·</span> <span class='ocrx_word' id='word_1_198' title='bbox 2621 1264 2641 1297; x_wconf 80' lang='grc' dir='ltr'>ι</span> <span class='ocrx_word' id='word_1_199' title='bbox 2677 1245 2740 1298; x_wconf 82' lang='lat' dir='ltr'><strong>Ei</strong></span> <span class='ocrx_word' id='word_1_200' title='bbox 2767 1243 2826 1296; x_wconf 77' lang='grc' dir='ltr'><strong>δὲ</strong></span> <span class='ocrx_word' id='word_1_201' title='bbox 2852 1241 2913 1296; x_wconf 82' lang='grc' dir='ltr'>τὸ</span> <span class='ocrx_word' id='word_1_202' title='bbox 2945 1240 3190 1312; x_wconf 79' lang='grc' dir='ltr'><strong>Πνεῦμα,</strong></span> <span class='ocrx_word' id='word_1_203' title='bbox 3225 1238 3287 1293; x_wconf 79' lang='grc' dir='ltr'>τὸ</span> <span class='ocrx_word' id='word_1_204' title='bbox 3311 1240 3530 1310; x_wconf 81' lang='grc' dir='ltr'>ἐγεῖραν</span> <span class='ocrx_word' id='word_1_205' title='bbox 3568 1234 3778 1308; x_wconf 80' lang='grc' dir='ltr'>Ἰησοῦν</span> 
     </span>
    </p>
   </div>
   <div class='ocr_carea' id='block_1_26' title="bbox 2193 1327 3778 1410">
    <p class='ocr_par' dir='ltr' id='par_1_26' title="bbox 2193 1327 3778 1410">
     <span class='ocr_line' id='line_1_26' title="bbox 2193 1327 3778 1410; baseline -0.009 -16"><span class='ocrx_word' id='word_1_206' title='bbox 2193 1343 2258 1396; x_wconf 89' lang='grc' dir='ltr'><strong>ἐκ</strong></span> <span class='ocrx_word' id='word_1_207' title='bbox 2280 1339 2510 1410; x_wconf 81' lang='grc' dir='ltr'>νεκρῶν.</span> <span class='ocrx_word' id='word_1_208' title='bbox 2549 1356 2568 1389; x_wconf 81' lang='grc'>›</span> <span class='ocrx_word' id='word_1_209' title='bbox 2601 1334 2670 1389; x_wconf 76' lang='grc' dir='ltr'><strong>Εἴ</strong></span> <span class='ocrx_word' id='word_1_210' title='bbox 2709 1353 2796 1400; x_wconf 89' lang='grc' dir='ltr'>τις</span> <span class='ocrx_word' id='word_1_211' title='bbox 2843 1329 2936 1388; x_wconf 80' lang='grc' dir='ltr'>οὖν</span> <span class='ocrx_word' id='word_1_212' title='bbox 2965 1333 3063 1404; x_wconf 81' lang='grc' dir='ltr'><strong>τήν</strong></span> <span class='ocrx_word' id='word_1_213' title='bbox 3093 1332 3268 1386; x_wconf 79' lang='grc' dir='ltr'><strong>κτίσιν</strong></span> <span class='ocrx_word' id='word_1_214' title='bbox 3305 1327 3636 1402; x_wconf 80' lang='grc' dir='ltr'>ἐκλαμϐάνει</span> <span class='ocrx_word' id='word_1_215' title='bbox 3681 1327 3778 1380; x_wconf 81' lang='grc' dir='ltr'>ἐπὶ</span> 
     </span>
    </p>
   </div>
   <div class='ocr_carea' id='block_1_27' title="bbox 2192 1419 3774 1505">
    <p class='ocr_par' dir='ltr' id='par_1_27' title="bbox 2192 1419 3774 1505">
     <span class='ocr_line' id='line_1_27' title="bbox 2192 1419 3774 1505; baseline -0.008 -19"><span class='ocrx_word' id='word_1_216' title='bbox 2192 1435 2292 1505; x_wconf 79' lang='grc' dir='ltr'>τῆς</span> <span class='ocrx_word' id='word_1_217' title='bbox 2333 1432 2441 1485; x_wconf 80' lang='grc' dir='ltr'><strong>τῶν</strong></span> <span class='ocrx_word' id='word_1_218' title='bbox 2485 1428 2842 1484; x_wconf 80' lang='grc' dir='ltr'><strong>διαλυθέντων</strong></span> <span class='ocrx_word' id='word_1_219' title='bbox 2883 1423 3250 1490; x_wconf 85' lang='grc' dir='ltr'>ἁναϐιὼσεως,</span> <span class='ocrx_word' id='word_1_220' title='bbox 3299 1421 3416 1486; x_wconf 81' lang='grc' dir='ltr'><strong>πῶς</strong></span> <span class='ocrx_word' id='word_1_221' title='bbox 3452 1421 3514 1475; x_wconf 82' lang='grc' dir='ltr'>οὐ</span> <span class='ocrx_word' id='word_1_222' title='bbox 3563 1419 3774 1494; x_wconf 83' lang='grc' dir='ltr'>μεγάλη</span> 
     </span>
    </p>
   </div>
   <div class='ocr_carea' id='block_1_28' title="bbox 2193 1514 3780 1594">
    <p class='ocr_par' dir='ltr' id='par_1_28' title="bbox 2193 1514 3780 1594">
     <span class='ocr_line' id='line_1_28' title="bbox 2193 1514 3780 1594; baseline -0.006 -16"><span class='ocrx_word' id='word_1_223' title='bbox 2193 1525 2288 1578; x_wconf 81' lang='grc' dir='ltr'><strong>τοῦ</strong></span> <span class='ocrx_word' id='word_1_224' title='bbox 2317 1523 2636 1594; x_wconf 74' lang='grc' dir='ltr'>Πνεῦματος</span> <span class='ocrx_word' id='word_1_225' title='bbox 2680 1522 2714 1592; x_wconf 84' lang='grc' dir='ltr'>ἠ</span> <span class='ocrx_word' id='word_1_226' title='bbox 2754 1520 3022 1592; x_wconf 77' lang='grc' dir='ltr'>ἐνέργεια,</span> <span class='ocrx_word' id='word_1_227' title='bbox 3051 1517 3145 1572; x_wconf 88' lang='grc' dir='ltr'><strong>τοῦ</strong></span> <span class='ocrx_word' id='word_1_228' title='bbox 3191 1514 3599 1586; x_wconf 86' lang='grc' dir='ltr'>οίκονομοῦντος</span> <span class='ocrx_word' id='word_1_229' title='bbox 3643 1516 3780 1586; x_wconf 79' lang='grc' dir='ltr'>ἡμῖν</span> 
     </span>
    </p>
   </div>
   <div class='ocr_carea' id='block_1_29' title="bbox 2193 1605 3778 1684">
    <p class='ocr_par' dir='ltr' id='par_1_29' title="bbox 2193 1605 3778 1684">
     <span class='ocr_line' id='line_1_29' title="bbox 2193 1605 3778 1684; baseline -0.007 -13"><span class='ocrx_word' id='word_1_230' title='bbox 2193 1617 2286 1671; x_wconf 76' lang='grc' dir='ltr'>τὸν</span> <span class='ocrx_word' id='word_1_231' title='bbox 2314 1615 2375 1680; x_wconf 80' lang='grc' dir='ltr'><strong>ἐξ</strong></span> <span class='ocrx_word' id='word_1_232' title='bbox 2409 1615 2761 1676; x_wconf 79' lang='grc' dir='ltr'><strong>ἀναστάσεως</strong></span> <span class='ocrx_word' id='word_1_233' title='bbox 2794 1612 2930 1684; x_wconf 88' lang='grc' dir='ltr'>βίον,</span> <span class='ocrx_word' id='word_1_234' title='bbox 2962 1611 3058 1664; x_wconf 73' lang='grc' dir='ltr'><strong>καὶ</strong></span> <span class='ocrx_word' id='word_1_235' title='bbox 3102 1609 3240 1681; x_wconf 80' lang='grc' dir='ltr'>πρὸς</span> <span class='ocrx_word' id='word_1_236' title='bbox 3270 1609 3368 1678; x_wconf 81' lang='grc' dir='ltr'><strong>τήν</strong></span> <span class='ocrx_word' id='word_1_237' title='bbox 3399 1605 3778 1678; x_wconf 80' lang='grc' dir='ltr'>πνευματικὴν</span> 
     </span>
    </p>
   </div>
   <div class='ocr_carea' id='block_1_30' title="bbox 2195 1697 3778 1778">
    <p class='ocr_par' dir='ltr' id='par_1_30' title="bbox 2195 1697 3778 1778">
     <span class='ocr_line' id='line_1_30' title="bbox 2195 1697 3778 1778; baseline -0.008 -16"><span class='ocrx_word' id='word_1_238' title='bbox 2195 1707 2413 1778; x_wconf 86' lang='grc' dir='ltr'>ἐκείνην</span> <span class='ocrx_word' id='word_1_239' title='bbox 2462 1704 2608 1778; x_wconf 80' lang='grc' dir='ltr'>ζωὴν</span> <span class='ocrx_word' id='word_1_240' title='bbox 2650 1705 2750 1768; x_wconf 79' lang='grc' dir='ltr'><strong>τὰς</strong></span> <span class='ocrx_word' id='word_1_241' title='bbox 2791 1701 2972 1773; x_wconf 75' lang='grc' dir='ltr'>ψυχὰς</span> <span class='ocrx_word' id='word_1_242' title='bbox 3016 1701 3174 1774; x_wconf 81' lang='grc' dir='ltr'>ἡμῶν</span> <span class='ocrx_word' id='word_1_243' title='bbox 3209 1697 3778 1771; x_wconf 71' lang='grc' dir='ltr'>μεταρῤυθμίζοντοςι</span> 
     </span>
    </p>
   </div>
   <div class='ocr_carea' id='block_1_31' title="bbox 2197 1789 3778 1868">
    <p class='ocr_par' dir='ltr' id='par_1_31' title="bbox 2197 1789 3778 1868">
     <span class='ocr_line' id='line_1_31' title="bbox 2197 1789 3778 1868; baseline -0.006 -16"><span class='ocrx_word' id='word_1_244' title='bbox 2197 1800 2308 1854; x_wconf 78' lang='grc' dir='ltr'>εἴτε</span> <span class='ocrx_word' id='word_1_245' title='bbox 2333 1799 2544 1868; x_wconf 77' lang='grc' dir='ltr'>λέγοιτο</span> <span class='ocrx_word' id='word_1_246' title='bbox 2580 1799 2757 1862; x_wconf 84' lang='grc' dir='ltr'>κτίσις</span> <span class='ocrx_word' id='word_1_247' title='bbox 2783 1798 2818 1868; x_wconf 77' lang='grc' dir='ltr'>ἡ</span> <span class='ocrx_word' id='word_1_248' title='bbox 2858 1793 3090 1849; x_wconf 86' lang='grc' dir='ltr'>ἐνταῦθα</span> <span class='ocrx_word' id='word_1_249' title='bbox 3125 1793 3232 1848; x_wconf 85' lang='grc' dir='ltr'>τῶν</span> <span class='ocrx_word' id='word_1_250' title='bbox 3262 1790 3320 1856; x_wconf 80' lang='grc' dir='ltr'><strong>ἐξ</strong></span> <span class='ocrx_word' id='word_1_251' title='bbox 3353 1789 3635 1863; x_wconf 84' lang='grc' dir='ltr'>ἁμαρτιῶν</span> <span class='ocrx_word' id='word_1_252' title='bbox 3660 1789 3778 1843; x_wconf 81' lang='grc' dir='ltr'><strong>δια-</strong></span> 
     </span>
    </p>
   </div>
   <div class='ocr_carea' id='block_1_32' title="bbox 511 1874 2093 1962">
    <p class='ocr_par' dir='ltr' id='par_1_32' title="bbox 511 1889 2093 1962">
     <span class='ocr_line' id='line_1_32' title="bbox 511 1889 2093 1962; baseline -0.001 -17"><span class='ocrx_word' id='word_1_253' title='bbox 511 1889 764 1945; x_wconf 81' lang='lat' dir='ltr'><strong>tudinem</strong></span> <span class='ocrx_word' id='word_1_254' title='bbox 798 1889 1131 1962; x_wconf 63' lang='lat' dir='ltr'><strong>Scriptura,</strong></span> <span class='ocrx_word' id='word_1_255' title='bbox 1159 1906 1283 1945; x_wconf 89' lang='lat' dir='ltr'><strong>cum</strong></span> <span class='ocrx_word' id='word_1_256' title='bbox 1311 1891 1518 1946; x_wconf 83' lang='lat' dir='ltr'><strong>Paulus</strong></span> <span class='ocrx_word' id='word_1_257' title='bbox 1540 1893 1618 1946; x_wconf 89' lang='lat' dir='ltr'><strong>ita</strong></span> <span class='ocrx_word' id='word_1_258' title='bbox 1641 1891 1828 1946; x_wconf 91' lang='lat' dir='ltr'><strong>dicat:</strong></span> <span class='ocrx_word' id='word_1_259' title='bbox 1855 1911 1872 1942; x_wconf 81' lang='grc' dir='ltr'>ι</span> <span class='ocrx_word' id='word_1_260' title='bbox 1899 1889 1959 1947; x_wconf 86' lang='lat' dir='ltr'><strong>Si</strong></span> <span class='ocrx_word' id='word_1_261' title='bbox 1985 1905 2093 1961; x_wconf 87' lang='lat' dir='ltr'><strong>qua</strong></span> 
     </span>
    </p>
   </div>
   <div class='ocr_carea' id='block_1_33' title="bbox 2196 1874 3782 1962">
    <p class='ocr_par' dir='ltr' id='par_1_33' title="bbox 2199 1882 3782 1960">
     <span class='ocr_line' id='line_1_33' title="bbox 2199 1882 3782 1960; baseline -0.008 -14"><span class='ocrx_word' id='word_1_262' title='bbox 2199 1891 2564 1945; x_wconf 76' lang='grc' dir='ltr'><strong>πεπτωκότων</strong></span> <span class='ocrx_word' id='word_1_263' title='bbox 2597 1890 2690 1944; x_wconf 76' lang='grc' dir='ltr'>ἐπὶ</span> <span class='ocrx_word' id='word_1_264' title='bbox 2717 1889 2779 1942; x_wconf 88' lang='grc' dir='ltr'>τδ</span> <span class='ocrx_word' id='word_1_265' title='bbox 2827 1887 3032 1960; x_wconf 80' lang='grc' dir='ltr'>βέλτιον</span> <span class='ocrx_word' id='word_1_266' title='bbox 3055 1885 3462 1958; x_wconf 82' lang='grc' dir='ltr'>μετακόσμησις</span> <span class='ocrx_word' id='word_1_267' title='bbox 3482 1900 3496 1914; x_wconf 80' lang='grc'><em>’</em></span> <span class='ocrx_word' id='word_1_268' title='bbox 3539 1882 3782 1951; x_wconf 81' lang='grc' dir='ltr'>(λέγεται</span> 
     </span>
    </p>
   </div>
   <div class='ocr_carea' id='block_1_34' title="bbox 513 1979 2096 2054">
    <p class='ocr_par' dir='ltr' id='par_1_34' title="bbox 513 1979 2096 2054">
     <span class='ocr_line' id='line_1_34' title="bbox 513 1979 2096 2054; baseline 0.003 -21"><span class='ocrx_word' id='word_1_269' title='bbox 513 1979 576 2034; x_wconf 86' lang='lat' dir='ltr'><strong>in</strong></span> <span class='ocrx_word' id='word_1_270' title='bbox 593 1979 817 2035; x_wconf 83' lang='lat' dir='ltr'><strong>Christo</strong></span> <span class='ocrx_word' id='word_1_271' title='bbox 837 1997 978 2037; x_wconf 84' lang='lat' dir='ltr'><strong>nova</strong></span> <span class='ocrx_word' id='word_1_272' title='bbox 1003 1991 1254 2038; x_wconf 82' lang='lat' dir='ltr'><strong>creatura</strong></span> <span class='ocrx_word' id='word_1_273' title='bbox 1277 1985 1354 2050; x_wconf 68' lang='lat'><strong>‘9;</strong></span> <span class='ocrx_word' id='word_1_274' title='bbox 1388 2003 1408 2034; x_wconf 74' lang='grc' dir='ltr'>ι</span> <span class='ocrx_word' id='word_1_275' title='bbox 1427 1994 1484 2038; x_wconf 87' lang='lat' dir='ltr'><strong>et</strong></span> <span class='ocrx_word' id='word_1_276' title='bbox 1511 1983 1619 2039; x_wconf 88' lang='lat' dir='ltr'><strong>ista</strong></span> <span class='ocrx_word' id='word_1_277' title='bbox 1647 1985 1952 2051; x_wconf 85' lang='lat' dir='ltr'><strong>innovatio,</strong></span> <span class='ocrx_word' id='word_1_278' title='bbox 1970 1999 2096 2054; x_wconf 66' lang='lat' dir='ltr'><strong>qua:</strong></span> 
     </span>
    </p>
   </div>
   <div class='ocr_carea' id='block_1_35' title="bbox 514 2075 2094 2144">
    <p class='ocr_par' dir='ltr' id='par_1_35' title="bbox 514 2075 2094 2144">
     <span class='ocr_line' id='line_1_35' title="bbox 514 2075 2094 2144; baseline 0.003 -18"><span class='ocrx_word' id='word_1_279' title='bbox 514 2089 550 2126; x_wconf 72' lang='grc' dir='ltr'>ει</span> <span class='ocrx_word' id='word_1_280' title='bbox 589 2075 840 2128; x_wconf 87' lang='lat' dir='ltr'><strong>terrestri</strong></span> <span class='ocrx_word' id='word_1_281' title='bbox 879 2083 936 2129; x_wconf 88' lang='lat' dir='ltr'><strong>et</strong></span> <span class='ocrx_word' id='word_1_282' title='bbox 974 2077 1326 2144; x_wconf 86' lang='lat' dir='ltr'><strong>passionihus</strong></span> <span class='ocrx_word' id='word_1_283' title='bbox 1363 2076 1602 2131; x_wconf 80' lang='lat' dir='ltr'><strong>obnoxia</strong></span> <span class='ocrx_word' id='word_1_284' title='bbox 1639 2077 1784 2139; x_wconf 89' lang='lat' dir='ltr'><strong>vita,</strong></span> <span class='ocrx_word' id='word_1_285' title='bbox 1820 2075 1886 2129; x_wconf 90' lang='lat' dir='ltr'><strong>ad</strong></span> <span class='ocrx_word' id='word_1_286' title='bbox 1924 2076 2094 2130; x_wconf 73' lang='lat' dir='ltr'><strong>cmic-</strong></span> 
     </span>
    </p>
   </div>
   <div class='ocr_carea' id='block_1_36' title="bbox 513 2167 2089 2238">
    <p class='ocr_par' dir='ltr' id='par_1_36' title="bbox 513 2167 2089 2238">
     <span class='ocr_line' id='line_1_36' title="bbox 513 2167 2089 2238; baseline 0.001 -18"><span class='ocrx_word' id='word_1_287' title='bbox 513 2173 655 2220; x_wconf 78' lang='lat' dir='ltr'><strong>stem</strong></span> <span class='ocrx_word' id='word_1_288' title='bbox 684 2167 900 2222; x_wconf 85' lang='lat' dir='ltr'><strong>vivendi</strong></span> <span class='ocrx_word' id='word_1_289' title='bbox 937 2169 1206 2222; x_wconf 89' lang='lat' dir='ltr'><strong>rationem</strong></span> <span class='ocrx_word' id='word_1_290' title='bbox 1244 2183 1348 2222; x_wconf 84' lang='lat' dir='ltr'><strong>nos</strong></span> <span class='ocrx_word' id='word_1_291' title='bbox 1377 2169 1642 2223; x_wconf 81' lang='lat' dir='ltr'><strong>transfert</strong></span> <span class='ocrx_word' id='word_1_292' title='bbox 1676 2184 1770 2238; x_wconf 92' lang='lat' dir='ltr'><strong>per</strong></span> <span class='ocrx_word' id='word_1_293' title='bbox 1788 2167 2052 2238; x_wconf 85' lang='lat' dir='ltr'><strong>Spiritum</strong></span> <span class='ocrx_word' id='word_1_294' title='bbox 2071 2208 2089 2233; x_wconf 93' lang='lat'><strong>,</strong></span> 
     </span>
    </p>
   </div>
   <div class='ocr_carea' id='block_1_37' title="bbox 513 2259 2096 2330">
    <p class='ocr_par' dir='ltr' id='par_1_37' title="bbox 513 2259 2096 2330">
     <span class='ocr_line' id='line_1_37' title="bbox 513 2259 2096 2330; baseline 0.001 -18"><span class='ocrx_word' id='word_1_295' title='bbox 513 2269 685 2328; x_wconf 81' lang='lat' dir='ltr'><strong>supra</strong></span> <span class='ocrx_word' id='word_1_296' title='bbox 717 2259 940 2314; x_wconf 81' lang='lat' dir='ltr'><strong>modum</strong></span> <span class='ocrx_word' id='word_1_297' title='bbox 960 2301 975 2320; x_wconf 92' lang='lat'><strong>,</strong></span> <span class='ocrx_word' id='word_1_298' title='bbox 1007 2259 1447 2330; x_wconf 84' lang='lat' dir='ltr'><strong>mirabiliterque</strong></span> <span class='ocrx_word' id='word_1_299' title='bbox 1481 2261 1693 2316; x_wconf 87' lang='lat' dir='ltr'><strong>animas</strong></span> <span class='ocrx_word' id='word_1_300' title='bbox 1723 2271 1946 2315; x_wconf 86' lang='lat' dir='ltr'><strong>nostras</strong></span> <span class='ocrx_word' id='word_1_301' title='bbox 1978 2259 2096 2314; x_wconf 82' lang='lat' dir='ltr'><strong>alli-</strong></span> 
     </span>
    </p>
   </div>
   <div class='ocr_carea' id='block_1_38' title="bbox 512 2349 2094 2419">
    <p class='ocr_par' dir='ltr' id='par_1_38' title="bbox 512 2349 2094 2419">
     <span class='ocr_line' id='line_1_38' title="bbox 512 2349 2094 2419; baseline 0.003 -17"><span class='ocrx_word' id='word_1_302' title='bbox 512 2349 678 2419; x_wconf 83' lang='lat' dir='ltr'><strong>cit;)</strong></span> <span class='ocrx_word' id='word_1_303' title='bbox 724 2364 794 2404; x_wconf 92' lang='lat' dir='ltr'><strong>an</strong></span> <span class='ocrx_word' id='word_1_304' title='bbox 845 2351 1010 2406; x_wconf 86' lang='lat' dir='ltr'><strong>isthic</strong></span> <span class='ocrx_word' id='word_1_305' title='bbox 1057 2351 1406 2416; x_wconf 79' lang='lat' dir='ltr'><strong>timebimus,</strong></span> <span class='ocrx_word' id='word_1_306' title='bbox 1447 2367 1518 2406; x_wconf 89' lang='lat' dir='ltr'><strong>ne</strong></span> <span class='ocrx_word' id='word_1_307' title='bbox 1552 2352 1740 2408; x_wconf 90' lang='lat' dir='ltr'><strong>nimiis</strong></span> <span class='ocrx_word' id='word_1_308' title='bbox 1787 2352 2094 2407; x_wconf 84' lang='lat' dir='ltr'><strong>honoribus</strong></span> 
     </span>
    </p>
   </div>
   <div class='ocr_carea' id='block_1_39' title="bbox 512 2441 2091 2514">
    <p class='ocr_par' dir='ltr' id='par_1_39' title="bbox 512 2441 2091 2514">
     <span class='ocr_line' id='line_1_39' title="bbox 512 2441 2091 2514; baseline 0.003 -19"><span class='ocrx_word' id='word_1_309' title='bbox 512 2442 742 2512; x_wconf 68' lang='lat' dir='ltr'><strong>gloriam</strong></span> <span class='ocrx_word' id='word_1_310' title='bbox 775 2441 1012 2513; x_wconf 87' lang='lat' dir='ltr'><strong>Spiritus</strong></span> <span class='ocrx_word' id='word_1_311' title='bbox 1039 2443 1419 2500; x_wconf 81' lang='lat' dir='ltr'><strong>excedamus?</strong></span> <span class='ocrx_word' id='word_1_312' title='bbox 1454 2459 1521 2499; x_wconf 90' lang='lat' dir='ltr'><strong>an</strong></span> <span class='ocrx_word' id='word_1_313' title='bbox 1551 2445 1736 2514; x_wconf 82' lang='lat' dir='ltr'><strong>potius</strong></span> <span class='ocrx_word' id='word_1_314' title='bbox 1767 2453 1992 2506; x_wconf 90' lang='lat' dir='ltr'><strong>contra,</strong></span> <span class='ocrx_word' id='word_1_315' title='bbox 2023 2459 2091 2499; x_wconf 88' lang='lat' dir='ltr'><strong>ne</strong></span> 
     </span>
    </p>
   </div>
   <div class='ocr_carea' id='block_1_40' title="bbox 513 2535 2096 2592">
    <p class='ocr_par' dir='ltr' id='par_1_40' title="bbox 513 2535 2096 2592">
     <span class='ocr_line' id='line_1_40' title="bbox 513 2535 2096 2592; baseline 0.001 -4"><span class='ocrx_word' id='word_1_316' title='bbox 513 2535 681 2590; x_wconf 75' lang='lat' dir='ltr'><strong>nimis</strong></span> <span class='ocrx_word' id='word_1_317' title='bbox 721 2535 1002 2591; x_wconf 84' lang='lat' dir='ltr'><strong>humiliter</strong></span> <span class='ocrx_word' id='word_1_318' title='bbox 1029 2537 1097 2591; x_wconf 89' lang='lat' dir='ltr'><strong>de</strong></span> <span class='ocrx_word' id='word_1_319' title='bbox 1122 2552 1188 2591; x_wconf 92' lang='lat' dir='ltr'><strong>eo</strong></span> <span class='ocrx_word' id='word_1_320' title='bbox 1219 2535 1569 2592; x_wconf 83' lang='lat' dir='ltr'><strong>sentiamus?</strong></span> <span class='ocrx_word' id='word_1_321' title='bbox 1599 2535 1744 2590; x_wconf 88' lang='lat' dir='ltr'><strong>Dicit</strong></span> <span class='ocrx_word' id='word_1_322' title='bbox 1771 2536 1918 2590; x_wconf 87' lang='lat' dir='ltr'><strong>enim</strong></span> <span class='ocrx_word' id='word_1_323' title='bbox 1948 2536 2096 2590; x_wconf 83' lang='lat' dir='ltr'><strong>Ana-</strong></span> 
     </span>
    </p>
   </div>
   <div class='ocr_carea' id='block_1_41' title="bbox 511 2625 2096 2698">
    <p class='ocr_par' dir='ltr' id='par_1_41' title="bbox 511 2625 2096 2698">
     <span class='ocr_line' id='line_1_41' title="bbox 511 2625 2096 2698; baseline 0.001 -18"><span class='ocrx_word' id='word_1_324' title='bbox 511 2626 620 2680; x_wconf 66' lang='lat' dir='ltr'><strong>niae</strong></span> <span class='ocrx_word' id='word_1_325' title='bbox 649 2625 848 2684; x_wconf 85' lang='lat' dir='ltr'><strong>Petrus</strong></span> <span class='ocrx_word' id='word_1_326' title='bbox 878 2629 1202 2698; x_wconf 87' lang='lat' dir='ltr'><strong>apostolus:</strong></span> <span class='ocrx_word' id='word_1_327' title='bbox 1229 2647 1248 2680; x_wconf 84' lang='grc' dir='ltr'><strong>ι</strong></span> <span class='ocrx_word' id='word_1_328' title='bbox 1280 2625 1394 2683; x_wconf 85' lang='lat' dir='ltr'><strong>Cur</strong></span> <span class='ocrx_word' id='word_1_329' title='bbox 1435 2626 1673 2684; x_wconf 86' lang='lat' dir='ltr'><strong>Satanas</strong></span> <span class='ocrx_word' id='word_1_330' title='bbox 1713 2627 1959 2698; x_wconf 83' lang='lat' dir='ltr'><strong>implevit</strong></span> <span class='ocrx_word' id='word_1_331' title='bbox 1997 2642 2096 2682; x_wconf 93' lang='lat' dir='ltr'><strong>cor</strong></span> 
     </span>
    </p>
   </div>
   <div class='ocr_carea' id='block_1_42' title="bbox 511 2719 2095 2790">
    <p class='ocr_par' dir='ltr' id='par_1_42' title="bbox 511 2719 2095 2790">
     <span class='ocr_line' id='line_1_42' title="bbox 511 2719 2095 2790; baseline 0.003 -18"><span class='ocrx_word' id='word_1_332' title='bbox 511 2724 704 2784; x_wconf 70' lang='lat' dir='ltr'><strong>tum,</strong></span> <span class='ocrx_word' id='word_1_333' title='bbox 737 2729 797 2774; x_wconf 91' lang='lat' dir='ltr'><strong>ut</strong></span> <span class='ocrx_word' id='word_1_334' title='bbox 825 2721 1137 2775; x_wconf 87' lang='lat' dir='ltr'><strong>mentireris</strong></span> <span class='ocrx_word' id='word_1_335' title='bbox 1168 2719 1398 2790; x_wconf 87' lang='lat' dir='ltr'><strong>Spiritui</strong></span> <span class='ocrx_word' id='word_1_336' title='bbox 1431 2731 1623 2776; x_wconf 84' lang='lat' dir='ltr'><strong>sancto</strong></span> <span class='ocrx_word' id='word_1_337' title='bbox 1643 2719 1668 2774; x_wconf 86' lang='lat'><strong>?</strong></span> <span class='ocrx_word' id='word_1_338' title='bbox 1691 2734 1804 2775; x_wconf 91' lang='lat' dir='ltr'><strong>non</strong></span> <span class='ocrx_word' id='word_1_339' title='bbox 1831 2719 2095 2776; x_wconf 87' lang='lat' dir='ltr'><strong>mentitus</strong></span> 
     </span>
    </p>
   </div>
   <div class='ocr_carea' id='block_1_43' title="bbox 467 2811 1382 2880">
    <p class='ocr_par' dir='ltr' id='par_1_43' title="bbox 467 2811 1382 2880">
     <span class='ocr_line' id='line_1_43' title="bbox 467 2811 1382 2880; baseline 0 -14"><span class='ocrx_word' id='word_1_340' title='bbox 467 2845 473 2851; x_wconf 87' lang='lat'><em>-</em></span> <span class='ocrx_word' id='word_1_341' title='bbox 510 2823 579 2866; x_wconf 87' lang='lat' dir='ltr'><strong>es</strong></span> <span class='ocrx_word' id='word_1_342' title='bbox 604 2811 922 2866; x_wconf 85' lang='lat' dir='ltr'><strong>hominibus</strong></span> <span class='ocrx_word' id='word_1_343' title='bbox 941 2853 957 2880; x_wconf 94' lang='lat'><strong>,</strong></span> <span class='ocrx_word' id='word_1_344' title='bbox 991 2813 1086 2868; x_wconf 89' lang='lat' dir='ltr'><strong>sed</strong></span> <span class='ocrx_word' id='word_1_345' title='bbox 1117 2811 1230 2868; x_wconf 92' lang='lat' dir='ltr'><strong>Deo</strong></span> <span class='ocrx_word' id='word_1_346' title='bbox 1258 2813 1327 2866; x_wconf 82' lang='lat'><strong>&quot;°.</strong></span> <span class='ocrx_word' id='word_1_347' title='bbox 1357 2831 1382 2866; x_wconf 82' lang='grc'><strong>›</strong></span> 
     </span>
    </p>
   </div>
   <div class='ocr_carea' id='block_1_44' title="bbox 2199 1975 3785 2054">
    <p class='ocr_par' dir='ltr' id='par_1_44' title="bbox 2199 1975 3785 2054">
     <span class='ocr_line' id='line_1_44' title="bbox 2199 1975 3785 2054; baseline -0.006 -17"><span class='ocrx_word' id='word_1_348' title='bbox 2199 1983 2309 2054; x_wconf 82' lang='grc' dir='ltr'><strong>γάρ</strong></span> <span class='ocrx_word' id='word_1_349' title='bbox 2339 1984 2433 2036; x_wconf 72' lang='grc' dir='ltr'><strong>καὶ</strong></span> <span class='ocrx_word' id='word_1_350' title='bbox 2464 1983 2607 2036; x_wconf 77' lang='grc' dir='ltr'>οὕτω</span> <span class='ocrx_word' id='word_1_351' title='bbox 2635 1981 2778 2036; x_wconf 84' lang='grc' dir='ltr'>κατὰ</span> <span class='ocrx_word' id='word_1_352' title='bbox 2805 1981 2906 2054; x_wconf 81' lang='grc' dir='ltr'>τὴν</span> <span class='ocrx_word' id='word_1_353' title='bbox 2949 1979 3237 2050; x_wconf 89' lang='grc' dir='ltr'>συνήθειαν</span> <span class='ocrx_word' id='word_1_354' title='bbox 3261 1978 3360 2048; x_wconf 80' lang='grc' dir='ltr'>τῆς</span> <span class='ocrx_word' id='word_1_355' title='bbox 3389 1975 3633 2049; x_wconf 74' lang='grc' dir='ltr'>Γραφῆς,</span> <span class='ocrx_word' id='word_1_356' title='bbox 3650 1975 3785 2029; x_wconf 77' lang='grc' dir='ltr'>ὅταν</span> 
     </span>
    </p>
   </div>
   <div class='ocr_carea' id='block_1_45' title="bbox 2200 2067 3781 2147">
    <p class='ocr_par' dir='ltr' id='par_1_45' title="bbox 2200 2067 3781 2147">
     <span class='ocr_line' id='line_1_45' title="bbox 2200 2067 3781 2147; baseline -0.007 -17"><span class='ocrx_word' id='word_1_357' title='bbox 2200 2076 2412 2140; x_wconf 85' lang='grc' dir='ltr'><strong>Παῦλος</strong></span> <span class='ocrx_word' id='word_1_358' title='bbox 2443 2075 2611 2147; x_wconf 78' lang='grc' dir='ltr'>λέγῃ·</span> <span class='ocrx_word' id='word_1_359' title='bbox 2659 2093 2678 2126; x_wconf 80' lang='grc' dir='ltr'><strong>ι</strong></span> <span class='ocrx_word' id='word_1_360' title='bbox 2729 2075 2798 2129; x_wconf 70' lang='lat' dir='ltr'><strong>El</strong></span> <span class='ocrx_word' id='word_1_361' title='bbox 2819 2091 2904 2138; x_wconf 88' lang='grc' dir='ltr'><strong>τις</strong></span> <span class='ocrx_word' id='word_1_362' title='bbox 2941 2075 3000 2128; x_wconf 91' lang='grc' dir='ltr'><strong>ἐν</strong></span> <span class='ocrx_word' id='word_1_363' title='bbox 3044 2071 3262 2144; x_wconf 79' lang='grc' dir='ltr'>Χριστῷ</span> <span class='ocrx_word' id='word_1_364' title='bbox 3306 2069 3467 2140; x_wconf 76' lang='grc' dir='ltr'>καινὴ</span> <span class='ocrx_word' id='word_1_365' title='bbox 3507 2067 3717 2130; x_wconf 80' lang='grc' dir='ltr'>κτίσις’</span> <span class='ocrx_word' id='word_1_366' title='bbox 3752 2084 3781 2120; x_wconf 62' lang='grc' dir='ltr'><strong>ι</strong></span> 
     </span>
    </p>
   </div>
   <div class='ocr_carea' id='block_1_46' title="bbox 2201 2159 3783 2239">
    <p class='ocr_par' dir='ltr' id='par_1_46' title="bbox 2201 2159 3783 2239">
     <span class='ocr_line' id='line_1_46' title="bbox 2201 2159 3783 2239; baseline -0.006 -16"><span class='ocrx_word' id='word_1_367' title='bbox 2201 2170 2295 2224; x_wconf 71' lang='grc' dir='ltr'><strong>καὶ</strong></span> <span class='ocrx_word' id='word_1_368' title='bbox 2327 2173 2356 2224; x_wconf 98' lang='lat'><strong>6</strong></span> <span class='ocrx_word' id='word_1_369' title='bbox 2380 2168 2613 2224; x_wconf 75' lang='grc' dir='ltr'>ἐνταῦθα</span> <span class='ocrx_word' id='word_1_370' title='bbox 2639 2166 3055 2239; x_wconf 82' lang='grc' dir='ltr'>ἀνακαινισμδς,</span> <span class='ocrx_word' id='word_1_371' title='bbox 3079 2167 3175 2220; x_wconf 73' lang='grc' dir='ltr'><strong>καὶ</strong></span> <span class='ocrx_word' id='word_1_372' title='bbox 3199 2165 3306 2220; x_wconf 73' lang='grc' dir='ltr'><strong>ἀπὸ</strong></span> <span class='ocrx_word' id='word_1_373' title='bbox 3335 2164 3434 2234; x_wconf 73' lang='grc' dir='ltr'>τῆς</span> <span class='ocrx_word' id='word_1_374' title='bbox 3458 2163 3658 2234; x_wconf 80' lang='grc' dir='ltr'>γηῖνης</span> <span class='ocrx_word' id='word_1_375' title='bbox 3685 2159 3783 2215; x_wconf 67' lang='grc' dir='ltr'><strong>καὶ</strong></span> 
     </span>
    </p>
   </div>
   <div class='ocr_carea' id='block_1_47' title="bbox 2201 2251 3783 2334">
    <p class='ocr_par' dir='ltr' id='par_1_47' title="bbox 2201 2251 3783 2334">
     <span class='ocr_line' id='line_1_47' title="bbox 2201 2251 3783 2334; baseline -0.006 -18"><span class='ocrx_word' id='word_1_376' title='bbox 2201 2261 2481 2334; x_wconf 85' lang='grc' dir='ltr'>ἐμπαθοῦς</span> <span class='ocrx_word' id='word_1_377' title='bbox 2508 2259 2654 2332; x_wconf 79' lang='grc' dir='ltr'>ζωῆς</span> <span class='ocrx_word' id='word_1_378' title='bbox 2683 2261 2777 2315; x_wconf 79' lang='grc' dir='ltr'><strong>ἐπὶ</strong></span> <span class='ocrx_word' id='word_1_379' title='bbox 2799 2261 2900 2332; x_wconf 84' lang='grc' dir='ltr'><strong>τὴν</strong></span> <span class='ocrx_word' id='word_1_380' title='bbox 2930 2259 3180 2330; x_wconf 84' lang='grc' dir='ltr'>οὐράνιον</span> <span class='ocrx_word' id='word_1_381' title='bbox 3213 2255 3486 2311; x_wconf 71' lang='grc' dir='ltr'>πολιτείαν</span> <span class='ocrx_word' id='word_1_382' title='bbox 3513 2251 3783 2325; x_wconf 70' lang='grc' dir='ltr'>μεταϐολὴ</span> 
     </span>
    </p>
   </div>
   <div class='ocr_carea' id='block_1_48' title="bbox 2197 2347 3786 2426">
    <p class='ocr_par' dir='ltr' id='par_1_48' title="bbox 2197 2347 3786 2426">
     <span class='ocr_line' id='line_1_48' title="bbox 2197 2347 3786 2426; baseline -0.008 -15"><span class='ocrx_word' id='word_1_383' title='bbox 2197 2356 2286 2411; x_wconf 79' lang='grc' dir='ltr'><strong>διὰ</strong></span> <span class='ocrx_word' id='word_1_384' title='bbox 2311 2355 2408 2410; x_wconf 87' lang='grc' dir='ltr'><strong>τοῦ</strong></span> <span class='ocrx_word' id='word_1_385' title='bbox 2435 2353 2752 2426; x_wconf 80' lang='grc' dir='ltr'>Πνεῦματος</span> <span class='ocrx_word' id='word_1_386' title='bbox 2787 2355 2924 2426; x_wconf 79' lang='grc' dir='ltr'>ἡμῖν</span> <span class='ocrx_word' id='word_1_387' title='bbox 2961 2351 3246 2423; x_wconf 75' lang='grc' dir='ltr'><strong>γινομένη,</strong></span> <span class='ocrx_word' id='word_1_388' title='bbox 3269 2350 3362 2403; x_wconf 78' lang='grc' dir='ltr'><strong>ἐπὶ</strong></span> <span class='ocrx_word' id='word_1_389' title='bbox 3393 2349 3575 2402; x_wconf 80' lang='grc' dir='ltr'>πᾶσαν</span> <span class='ocrx_word' id='word_1_390' title='bbox 3611 2347 3786 2418; x_wconf 79' lang='grc' dir='ltr'>ὑπερ-</span> 
     </span>
    </p>
   </div>
   <div class='ocr_carea' id='block_1_49' title="bbox 2191 2437 3786 2521">
    <p class='ocr_par' dir='ltr' id='par_1_49' title="bbox 2191 2437 3786 2521">
     <span class='ocr_line' id='line_1_49' title="bbox 2191 2437 3786 2521; baseline -0.007 -19"><span class='ocrx_word' id='word_1_391' title='bbox 2191 2448 2354 2521; x_wconf 78' lang='grc' dir='ltr'>ϐολὴν</span> <span class='ocrx_word' id='word_1_392' title='bbox 2384 2447 2711 2519; x_wconf 83' lang='grc' dir='ltr'>θαυμαστῶς</span> <span class='ocrx_word' id='word_1_393' title='bbox 2731 2446 2826 2510; x_wconf 76' lang='grc' dir='ltr'><strong>τὰς</strong></span> <span class='ocrx_word' id='word_1_394' title='bbox 2844 2444 3023 2517; x_wconf 77' lang='grc' dir='ltr'>ψυχὰς</span> <span class='ocrx_word' id='word_1_395' title='bbox 3049 2443 3206 2516; x_wconf 82' lang='grc' dir='ltr'>ἡμῶν</span> <span class='ocrx_word' id='word_1_396' title='bbox 3235 2443 3358 2512; x_wconf 78' lang='grc' dir='ltr'>ἄγει</span> <span class='ocrx_word' id='word_1_397' title='bbox 3379 2442 3418 2508; x_wconf 77' lang='lat'><strong>&#39;)</strong></span> <span class='ocrx_word' id='word_1_398' title='bbox 3449 2441 3543 2494; x_wconf 76' lang='grc' dir='ltr'><strong>ἐπὶ</strong></span> <span class='ocrx_word' id='word_1_399' title='bbox 3571 2437 3786 2502; x_wconf 75' lang='grc' dir='ltr'>τούτοις</span> 
     </span>
    </p>
   </div>
   <div class='ocr_carea' id='block_1_50' title="bbox 2195 2530 3784 2612">
    <p class='ocr_par' dir='ltr' id='par_1_50' title="bbox 2195 2530 3784 2612">
     <span class='ocr_line' id='line_1_50' title="bbox 2195 2530 3784 2612; baseline -0.007 -18"><span class='ocrx_word' id='word_1_400' title='bbox 2195 2540 2425 2612; x_wconf 88' lang='grc' dir='ltr'>πότερον</span> <span class='ocrx_word' id='word_1_401' title='bbox 2470 2537 2819 2611; x_wconf 78' lang='grc' dir='ltr'>φοϐηθῶμεν,</span> <span class='ocrx_word' id='word_1_402' title='bbox 2872 2539 2946 2611; x_wconf 83' lang='grc' dir='ltr'>μὴ</span> <span class='ocrx_word' id='word_1_403' title='bbox 2979 2537 3078 2608; x_wconf 78' lang='grc' dir='ltr'><strong>τήν</strong></span> <span class='ocrx_word' id='word_1_404' title='bbox 3112 2537 3274 2606; x_wconf 86' lang='grc' dir='ltr'>ἁγίαν</span> <span class='ocrx_word' id='word_1_405' title='bbox 3320 2535 3478 2601; x_wconf 82' lang='grc' dir='ltr'>δόξαν</span> <span class='ocrx_word' id='word_1_406' title='bbox 3529 2530 3784 2603; x_wconf 85' lang='grc' dir='ltr'>ὑπερθώ-</span> 
     </span>
    </p>
   </div>
   <div class='ocr_carea' id='block_1_51' title="bbox 2199 2621 3784 2702">
    <p class='ocr_par' dir='ltr' id='par_1_51' title="bbox 2199 2621 3784 2702">
     <span class='ocr_line' id='line_1_51' title="bbox 2199 2621 3784 2702; baseline -0.005 -19"><span class='ocrx_word' id='word_1_407' title='bbox 2199 2630 2338 2701; x_wconf 86' lang='grc' dir='ltr'>μεθα</span> <span class='ocrx_word' id='word_1_408' title='bbox 2361 2629 2456 2685; x_wconf 90' lang='grc' dir='ltr'><strong>τοῦ</strong></span> <span class='ocrx_word' id='word_1_409' title='bbox 2489 2631 2804 2702; x_wconf 86' lang='grc' dir='ltr'>Πνεύματος</span> <span class='ocrx_word' id='word_1_410' title='bbox 2843 2633 2963 2694; x_wconf 85' lang='grc' dir='ltr'>ταῖς</span> <span class='ocrx_word' id='word_1_411' title='bbox 2995 2626 3322 2699; x_wconf 84' lang='grc' dir='ltr'>ὑπερϐολαῖς</span> <span class='ocrx_word' id='word_1_412' title='bbox 3347 2625 3456 2679; x_wconf 81' lang='grc' dir='ltr'><strong>τῶν</strong></span> <span class='ocrx_word' id='word_1_413' title='bbox 3497 2622 3712 2692; x_wconf 74' lang='grc' dir='ltr'>τιμᾶν;</span> <span class='ocrx_word' id='word_1_414' title='bbox 3747 2621 3784 2691; x_wconf 75' lang='grc' dir='ltr'><strong>ἢ</strong></span> 
     </span>
    </p>
   </div>
   <div class='ocr_carea' id='block_1_52' title="bbox 2194 2710 3788 2796">
    <p class='ocr_par' dir='ltr' id='par_1_52' title="bbox 2194 2710 3788 2796">
     <span class='ocr_line' id='line_1_52' title="bbox 2194 2710 3788 2796; baseline -0.006 -21"><span class='ocrx_word' id='word_1_415' title='bbox 2194 2723 2255 2775; x_wconf 84' lang='grc' dir='ltr'><strong>τὸ</strong></span> <span class='ocrx_word' id='word_1_416' title='bbox 2293 2723 2558 2788; x_wconf 89' lang='grc' dir='ltr'>ἐναντίον,</span> <span class='ocrx_word' id='word_1_417' title='bbox 2593 2723 2668 2796; x_wconf 83' lang='grc' dir='ltr'>μὴ</span> <span class='ocrx_word' id='word_1_418' title='bbox 2713 2725 2794 2786; x_wconf 86' lang='grc' dir='ltr'><strong>είς</strong></span> <span class='ocrx_word' id='word_1_419' title='bbox 2817 2719 3072 2776; x_wconf 74' lang='grc' dir='ltr'>ταπεινὸν</span> <span class='ocrx_word' id='word_1_420' title='bbox 3101 2717 3503 2788; x_wconf 72' lang='grc' dir='ltr'>καταγάγωμεν</span> <span class='ocrx_word' id='word_1_421' title='bbox 3527 2714 3627 2785; x_wconf 82' lang='grc' dir='ltr'><strong>τὴν</strong></span> <span class='ocrx_word' id='word_1_422' title='bbox 3655 2710 3788 2784; x_wconf 67' lang='grc' dir='ltr'>περὶ</span> 
     </span>
    </p>
   </div>
   <div class='ocr_carea' id='block_1_53' title="bbox 2197 2803 3788 2886">
    <p class='ocr_par' dir='ltr' id='par_1_53' title="bbox 2197 2803 3788 2886">
     <span class='ocr_line' id='line_1_53' title="bbox 2197 2803 3788 2886; baseline -0.008 -18"><span class='ocrx_word' id='word_1_423' title='bbox 2197 2815 2364 2868; x_wconf 82' lang='grc' dir='ltr'>αὐτοῦ</span> <span class='ocrx_word' id='word_1_424' title='bbox 2414 2815 2657 2884; x_wconf 76' lang='grc' dir='ltr'>ἐννοιανς</span> <span class='ocrx_word' id='word_1_425' title='bbox 2691 2816 2855 2885; x_wconf 80' lang='grc' dir='ltr'>Λέγει</span> <span class='ocrx_word' id='word_1_426' title='bbox 2882 2814 2990 2886; x_wconf 82' lang='grc' dir='ltr'><strong>γὰρ</strong></span> <span class='ocrx_word' id='word_1_427' title='bbox 3029 2812 3110 2885; x_wconf 84' lang='grc' dir='ltr'>τῷ</span> <span class='ocrx_word' id='word_1_428' title='bbox 3155 2809 3374 2882; x_wconf 78' lang='grc' dir='ltr'>Ἀνανίᾳ</span> <span class='ocrx_word' id='word_1_429' title='bbox 3413 2811 3442 2863; x_wconf 90' lang='lat'><strong>6</strong></span> <span class='ocrx_word' id='word_1_430' title='bbox 3486 2803 3788 2868; x_wconf 77' lang='grc' dir='ltr'>ἀπόστολος</span> 
     </span>
    </p>
   </div>
   <div class='ocr_carea' id='block_1_54' title="bbox 513 2899 3784 2983">
    <p class='ocr_par' dir='ltr' id='par_1_54' title="bbox 513 2899 3784 2983">
     <span class='ocr_line' id='line_1_54' title="bbox 513 2899 3784 2983; baseline -0.001 -23"><span class='ocrx_word' id='word_1_431' title='bbox 513 2905 754 2980; x_wconf 77' lang='grc' dir='ltr'>Πέτροςο</span> <span class='ocrx_word' id='word_1_432' title='bbox 789 2926 809 2957; x_wconf 78' lang='grc' dir='ltr'>ι</span> <span class='ocrx_word' id='word_1_433' title='bbox 848 2907 946 2962; x_wconf 82' lang='grc' dir='ltr'><strong>Διὰ</strong></span> <span class='ocrx_word' id='word_1_434' title='bbox 971 2909 1026 2961; x_wconf 86' lang='grc' dir='ltr'><strong>τί</strong></span> <span class='ocrx_word' id='word_1_435' title='bbox 1061 2907 1377 2980; x_wconf 86' lang='grc' dir='ltr'>ἐπλήρωσεν</span> <span class='ocrx_word' id='word_1_436' title='bbox 1404 2909 1435 2962; x_wconf 91' lang='grc' dir='ltr'><strong>ό</strong></span> <span class='ocrx_word' id='word_1_437' title='bbox 1467 2907 1713 2972; x_wconf 73' lang='grc' dir='ltr'>Σατανᾶς</span> <span class='ocrx_word' id='word_1_438' title='bbox 1735 2907 1834 2978; x_wconf 76' lang='grc' dir='ltr'>τὴν</span> <span class='ocrx_word' id='word_1_439' title='bbox 1865 2907 2096 2978; x_wconf 87' lang='grc' dir='ltr'>καρδίαν</span> <span class='ocrx_word' id='word_1_440' title='bbox 2133 2926 2250 2977; x_wconf 87' lang='grc' dir='ltr'>σου,</span> <span class='ocrx_word' id='word_1_441' title='bbox 2279 2911 2584 2983; x_wconf 73' lang='grc' dir='ltr'>ψεύσασθαί</span> <span class='ocrx_word' id='word_1_442' title='bbox 2615 2928 2674 2965; x_wconf 88' lang='grc' dir='ltr'><strong>σε</strong></span> <span class='ocrx_word' id='word_1_443' title='bbox 2703 2909 2766 2965; x_wconf 76' lang='grc' dir='ltr'>τὸ</span> <span class='ocrx_word' id='word_1_444' title='bbox 2794 2910 3021 2982; x_wconf 80' lang='grc' dir='ltr'>Πνεῦμα</span> <span class='ocrx_word' id='word_1_445' title='bbox 3057 2908 3118 2962; x_wconf 79' lang='grc' dir='ltr'>τὸ</span> <span class='ocrx_word' id='word_1_446' title='bbox 3156 2908 3345 2976; x_wconf 81' lang='grc' dir='ltr'>ἂγιον;</span> <span class='ocrx_word' id='word_1_447' title='bbox 3410 2903 3509 2958; x_wconf 78' lang='grc' dir='ltr'>οὐκ</span> <span class='ocrx_word' id='word_1_448' title='bbox 3569 2899 3784 2972; x_wconf 75' lang='grc' dir='ltr'>ἐψεύσω</span> 
     </span>
    </p>
   </div>
   <div class='ocr_carea' id='block_1_55' title="bbox 512 3000 1320 3074">
    <p class='ocr_par' dir='ltr' id='par_1_55' title="bbox 512 3000 1320 3074">
     <span class='ocr_line' id='line_1_55' title="bbox 512 3000 1320 3074; baseline -0.006 -17"><span class='ocrx_word' id='word_1_449' title='bbox 512 3000 840 3074; x_wconf 69' lang='grc' dir='ltr'>ἀνθρώποις,</span> <span class='ocrx_word' id='word_1_450' title='bbox 867 3001 1002 3054; x_wconf 75' lang='grc' dir='ltr'>ἀλλὰ</span> <span class='ocrx_word' id='word_1_451' title='bbox 1028 3001 1105 3072; x_wconf 78' lang='grc' dir='ltr'>τῷ</span> <span class='ocrx_word' id='word_1_452' title='bbox 1131 3001 1268 3073; x_wconf 78' lang='grc' dir='ltr'>Θεῷ.</span> <span class='ocrx_word' id='word_1_453' title='bbox 1300 3021 1320 3052; x_wconf 71' lang='grc' dir='ltr'>ι</span> 
     </span>
    </p>
   </div>
   <div class='ocr_carea' id='block_1_56' title="bbox 581 3099 2010 3207">
    <p class='ocr_par' dir='ltr' id='par_1_56' title="bbox 581 3099 2010 3207">
     <span class='ocr_line' id='line_1_56' title="bbox 581 3099 2010 3207; baseline 0 -13"><span class='ocrx_word' id='word_1_454' title='bbox 581 3136 673 3194; x_wconf 72' lang='grc'><strong>25.</strong></span> <span class='ocrx_word' id='word_1_455' title='bbox 719 3099 970 3200; x_wconf 61' lang='lat' dir='ltr'><strong>Patrem,</strong></span> <span class='ocrx_word' id='word_1_456' title='bbox 1011 3147 1061 3192; x_wconf 81' lang='lat' dir='ltr'><strong>et</strong></span> <span class='ocrx_word' id='word_1_457' title='bbox 1103 3137 1341 3199; x_wconf 81' lang='lat' dir='ltr'><strong>Filium,</strong></span> <span class='ocrx_word' id='word_1_458' title='bbox 1379 3148 1429 3193; x_wconf 79' lang='lat' dir='ltr'><strong>et</strong></span> <span class='ocrx_word' id='word_1_459' title='bbox 1469 3138 1729 3207; x_wconf 80' lang='lat' dir='ltr'><strong>Spiritum</strong></span> <span class='ocrx_word' id='word_1_460' title='bbox 1766 3153 2010 3194; x_wconf 79' lang='lat' dir='ltr'><strong>sanctum</strong></span> 
     </span>
    </p>
   </div>
   <div class='ocr_carea' id='block_1_57' title="bbox 1003 3209 1606 3279">
    <p class='ocr_par' dir='ltr' id='par_1_57' title="bbox 1003 3209 1606 3279">
     <span class='ocr_line' id='line_1_57' title="bbox 1003 3209 1606 3279; baseline 0.005 -18"><span class='ocrx_word' id='word_1_461' title='bbox 1003 3209 1187 3264; x_wconf 78' lang='lat' dir='ltr'><strong>ducem</strong></span> <span class='ocrx_word' id='word_1_462' title='bbox 1219 3211 1383 3279; x_wconf 78' lang='lat' dir='ltr'><strong>[uisse</strong></span> <span class='ocrx_word' id='word_1_463' title='bbox 1416 3209 1606 3264; x_wconf 82' lang='lat' dir='ltr'><strong>Israel.</strong></span> 
     </span>
    </p>
   </div>
   <div class='ocr_carea' id='block_1_58' title="bbox 583 3301 2093 3380">
    <p class='ocr_par' dir='ltr' id='par_1_58' title="bbox 583 3301 2093 3380">
     <span class='ocr_line' id='line_1_58' title="bbox 583 3301 2093 3380; baseline 0.003 -23"><span class='ocrx_word' id='word_1_464' title='bbox 583 3301 858 3374; x_wconf 83' lang='lat' dir='ltr'><strong>Pmpheta</strong></span> <span class='ocrx_word' id='word_1_465' title='bbox 897 3306 1065 3375; x_wconf 77' lang='lat' dir='ltr'><strong>igitur</strong></span> <span class='ocrx_word' id='word_1_466' title='bbox 1090 3306 1364 3362; x_wconf 85' lang='lat' dir='ltr'><strong>Jeremias</strong></span> <span class='ocrx_word' id='word_1_467' title='bbox 1395 3307 1468 3361; x_wconf 86' lang='lat' dir='ltr'><strong>ita</strong></span> <span class='ocrx_word' id='word_1_468' title='bbox 1502 3307 1570 3363; x_wconf 91' lang='lat' dir='ltr'><strong>de</strong></span> <span class='ocrx_word' id='word_1_469' title='bbox 1602 3307 1766 3365; x_wconf 84' lang='lat' dir='ltr'><strong>Patre</strong></span> <span class='ocrx_word' id='word_1_470' title='bbox 1801 3310 2048 3380; x_wconf 85' lang='lat' dir='ltr'><strong>loquitur</strong></span> <span class='ocrx_word' id='word_1_471' title='bbox 2076 3326 2093 3362; x_wconf 70' lang='grc' dir='ltr'><strong>τ</strong></span> 
     </span>
    </p>
   </div>
   <div class='ocr_carea' id='block_1_59' title="bbox 521 3398 2100 3466">
    <p class='ocr_par' dir='ltr' id='par_1_59' title="bbox 521 3398 2100 3466">
     <span class='ocr_line' id='line_1_59' title="bbox 521 3398 2100 3466; baseline 0.003 -17"><span class='ocrx_word' id='word_1_472' title='bbox 521 3415 542 3448; x_wconf 78' lang='grc' dir='ltr'>ι</span> <span class='ocrx_word' id='word_1_473' title='bbox 568 3398 695 3466; x_wconf 83' lang='lat' dir='ltr'><strong>Ipse</strong></span> <span class='ocrx_word' id='word_1_474' title='bbox 737 3398 850 3453; x_wconf 76' lang='lat' dir='ltr'><strong>dux</strong></span> <span class='ocrx_word' id='word_1_475' title='bbox 897 3400 1000 3454; x_wconf 75' lang='lat' dir='ltr'><strong>fuit</strong></span> <span class='ocrx_word' id='word_1_476' title='bbox 1029 3401 1220 3454; x_wconf 84' lang='lat' dir='ltr'><strong>lsraeli</strong></span> <span class='ocrx_word' id='word_1_477' title='bbox 1258 3401 1312 3454; x_wconf 93' lang='lat' dir='ltr'><strong>in</strong></span> <span class='ocrx_word' id='word_1_478' title='bbox 1345 3403 1564 3456; x_wconf 85' lang='lat' dir='ltr'><strong>deserto</strong></span> <span class='ocrx_word' id='word_1_479' title='bbox 1595 3401 1662 3455; x_wconf 85' lang='lat'><strong>&#39;“.</strong></span> <span class='ocrx_word' id='word_1_480' title='bbox 1692 3419 1712 3451; x_wconf 75' lang='grc' dir='ltr'>ι</span> <span class='ocrx_word' id='word_1_481' title='bbox 1738 3401 1800 3454; x_wconf 82' lang='lat' dir='ltr'><strong>Et</strong></span> <span class='ocrx_word' id='word_1_482' title='bbox 1823 3419 1838 3455; x_wconf 89' lang='lat'><strong>:</strong></span> <span class='ocrx_word' id='word_1_483' title='bbox 1862 3418 1880 3451; x_wconf 75' lang='grc' dir='ltr'>ι</span> <span class='ocrx_word' id='word_1_484' title='bbox 1907 3398 1988 3456; x_wconf 81' lang='lat' dir='ltr'><strong>Ne</strong></span> <span class='ocrx_word' id='word_1_485' title='bbox 2014 3400 2100 3456; x_wconf 89' lang='lat' dir='ltr'><strong>di-</strong></span> 
     </span>
    </p>
   </div>
   <div class='ocr_carea' id='block_1_60' title="bbox 517 3491 2097 3567">
    <p class='ocr_par' dir='ltr' id='par_1_60' title="bbox 517 3491 2097 3567">
     <span class='ocr_line' id='line_1_60' title="bbox 517 3491 2097 3567; baseline 0.003 -22"><span class='ocrx_word' id='word_1_486' title='bbox 517 3491 728 3554; x_wconf 72' lang='lat' dir='ltr'><strong>..‘eritis,</strong></span> <span class='ocrx_word' id='word_1_487' title='bbox 753 3492 1002 3562; x_wconf 65' lang='lat' dir='ltr'><strong>iinquit,</strong></span> <span class='ocrx_word' id='word_1_488' title='bbox 1025 3513 1044 3544; x_wconf 80' lang='grc' dir='ltr'><strong>ι</strong></span> <span class='ocrx_word' id='word_1_489' title='bbox 1072 3493 1165 3547; x_wconf 91' lang='lat' dir='ltr'><strong>ubi</strong></span> <span class='ocrx_word' id='word_1_490' title='bbox 1201 3501 1286 3548; x_wconf 91' lang='lat' dir='ltr'><strong>est</strong></span> <span class='ocrx_word' id='word_1_491' title='bbox 1323 3493 1468 3548; x_wconf 90' lang='lat' dir='ltr'><strong>Deus</strong></span> <span class='ocrx_word' id='word_1_492' title='bbox 1488 3534 1503 3558; x_wconf 96' lang='lat'><strong>,</strong></span> <span class='ocrx_word' id='word_1_493' title='bbox 1536 3497 1630 3564; x_wconf 89' lang='lat' dir='ltr'><strong>qui</strong></span> <span class='ocrx_word' id='word_1_494' title='bbox 1660 3493 1850 3548; x_wconf 81' lang='lat' dir='ltr'><strong>eduxit</strong></span> <span class='ocrx_word' id='word_1_495' title='bbox 1889 3507 1991 3567; x_wconf 86' lang='lat' dir='ltr'><strong>nos</strong></span> <span class='ocrx_word' id='word_1_496' title='bbox 2028 3509 2097 3549; x_wconf 79' lang='lat' dir='ltr'><strong>ex</strong></span> 
     </span>
    </p>
   </div>
   <div class='ocr_carea' id='block_1_61' title="bbox 516 3579 2100 3656">
    <p class='ocr_par' dir='ltr' id='par_1_61' title="bbox 516 3579 2100 3656">
     <span class='ocr_line' id='line_1_61' title="bbox 516 3579 2100 3656; baseline -0.001 -16"><span class='ocrx_word' id='word_1_497' title='bbox 516 3579 791 3655; x_wconf 66' lang='lat' dir='ltr'><strong>Egypto,</strong></span> <span class='ocrx_word' id='word_1_498' title='bbox 821 3585 915 3656; x_wconf 90' lang='lat' dir='ltr'><strong>qui</strong></span> <span class='ocrx_word' id='word_1_499' title='bbox 947 3583 1056 3639; x_wconf 78' lang='lat' dir='ltr'><strong>dux</strong></span> <span class='ocrx_word' id='word_1_500' title='bbox 1089 3585 1255 3640; x_wconf 86' lang='lat' dir='ltr'><strong>nobis</strong></span> <span class='ocrx_word' id='word_1_501' title='bbox 1286 3585 1389 3638; x_wconf 81' lang='lat' dir='ltr'><strong>fuit</strong></span> <span class='ocrx_word' id='word_1_502' title='bbox 1422 3586 1479 3640; x_wconf 91' lang='lat' dir='ltr'><strong>in</strong></span> <span class='ocrx_word' id='word_1_503' title='bbox 1510 3585 1728 3640; x_wconf 87' lang='lat' dir='ltr'><strong>deserto</strong></span> <span class='ocrx_word' id='word_1_504' title='bbox 1753 3586 1845 3640; x_wconf 66' lang='lat'><strong>7’?</strong></span> <span class='ocrx_word' id='word_1_505' title='bbox 1867 3604 1886 3638; x_wconf 76' lang='grc' dir='ltr'><strong>ι</strong></span> <span class='ocrx_word' id='word_1_506' title='bbox 1907 3594 1961 3640; x_wconf 91' lang='lat' dir='ltr'><strong>et</strong></span> <span class='ocrx_word' id='word_1_507' title='bbox 1991 3584 2100 3639; x_wconf 82' lang='lat' dir='ltr'><strong>Da-</strong></span> 
     </span>
    </p>
   </div>
   <div class='ocr_carea' id='block_1_62' title="bbox 517 3675 2094 3748">
    <p class='ocr_par' dir='ltr' id='par_1_62' title="bbox 517 3675 2094 3748">
     <span class='ocr_line' id='line_1_62' title="bbox 517 3675 2094 3748; baseline 0.001 -20"><span class='ocrx_word' id='word_1_508' title='bbox 517 3676 606 3730; x_wconf 78' lang='lat' dir='ltr'><strong>vid</strong></span> <span class='ocrx_word' id='word_1_509' title='bbox 635 3676 812 3746; x_wconf 86' lang='lat' dir='ltr'><strong>inquit</strong></span> <span class='ocrx_word' id='word_1_510' title='bbox 836 3696 850 3731; x_wconf 95' lang='lat'><strong>:</strong></span> <span class='ocrx_word' id='word_1_511' title='bbox 871 3697 890 3728; x_wconf 77' lang='grc' dir='ltr'><strong>σ</strong></span> <span class='ocrx_word' id='word_1_512' title='bbox 915 3675 1229 3739; x_wconf 77' lang='lat' dir='ltr'><strong>Deduxisti,</strong></span> <span class='ocrx_word' id='word_1_513' title='bbox 1256 3685 1316 3730; x_wconf 92' lang='lat' dir='ltr'><strong>ut</strong></span> <span class='ocrx_word' id='word_1_514' title='bbox 1335 3692 1498 3740; x_wconf 86' lang='lat' dir='ltr'><strong>oves,</strong></span> <span class='ocrx_word' id='word_1_515' title='bbox 1524 3677 1785 3748; x_wconf 90' lang='lat' dir='ltr'><strong>populum</strong></span> <span class='ocrx_word' id='word_1_516' title='bbox 1809 3687 1965 3732; x_wconf 89' lang='lat' dir='ltr'><strong>tuum</strong></span> <span class='ocrx_word' id='word_1_517' title='bbox 1982 3677 2048 3730; x_wconf 82' lang='grc'><strong>⁷³.</strong></span> <span class='ocrx_word' id='word_1_518' title='bbox 2071 3696 2094 3730; x_wconf 71' lang='grc' dir='ltr'>ι</span> 
     </span>
    </p>
   </div>
   <div class='ocr_carea' id='block_1_63' title="bbox 518 3769 2101 3840">
    <p class='ocr_par' dir='ltr' id='par_1_63' title="bbox 518 3769 2101 3840">
     <span class='ocr_line' id='line_1_63' title="bbox 518 3769 2101 3840; baseline 0.003 -19"><span class='ocrx_word' id='word_1_519' title='bbox 518 3769 689 3826; x_wconf 85' lang='lat' dir='ltr'><strong>Isaias</strong></span> <span class='ocrx_word' id='word_1_520' title='bbox 723 3778 908 3824; x_wconf 86' lang='lat' dir='ltr'><strong>autem</strong></span> <span class='ocrx_word' id='word_1_521' title='bbox 941 3769 1082 3824; x_wconf 82' lang='lat' dir='ltr'><strong>dixit</strong></span> <span class='ocrx_word' id='word_1_522' title='bbox 1122 3769 1389 3840; x_wconf 86' lang='lat' dir='ltr'><strong>Spiritum</strong></span> <span class='ocrx_word' id='word_1_523' title='bbox 1423 3781 1675 3826; x_wconf 88' lang='lat' dir='ltr'><strong>sanctum</strong></span> <span class='ocrx_word' id='word_1_524' title='bbox 1709 3771 1963 3828; x_wconf 89' lang='lat' dir='ltr'><strong>Israelem</strong></span> <span class='ocrx_word' id='word_1_525' title='bbox 1993 3769 2101 3826; x_wconf 89' lang='lat' dir='ltr'><strong>du-</strong></span> 
     </span>
    </p>
   </div>
   <div class='ocr_carea' id='block_1_64' title="bbox 516 3860 2101 3934">
    <p class='ocr_par' dir='ltr' id='par_1_64' title="bbox 516 3860 2101 3934">
     <span class='ocr_line' id='line_1_64' title="bbox 516 3860 2101 3934; baseline 0.003 -18"><span class='ocrx_word' id='word_1_526' title='bbox 516 3863 670 3917; x_wconf 80' lang='lat' dir='ltr'><strong>xisse</strong></span> <span class='ocrx_word' id='word_1_527' title='bbox 689 3861 744 3915; x_wconf 89' lang='lat' dir='ltr'><strong>in</strong></span> <span class='ocrx_word' id='word_1_528' title='bbox 773 3861 1096 3918; x_wconf 89' lang='lat' dir='ltr'><strong>solitudine.</strong></span> <span class='ocrx_word' id='word_1_529' title='bbox 1127 3860 1234 3918; x_wconf 90' lang='lat' dir='ltr'><strong>Sed</strong></span> <span class='ocrx_word' id='word_1_530' title='bbox 1267 3862 1452 3918; x_wconf 84' lang='lat' dir='ltr'><strong>licebit</strong></span> <span class='ocrx_word' id='word_1_531' title='bbox 1477 3867 1656 3934; x_wconf 78' lang='lat' dir='ltr'><strong>ipsum</strong></span> <span class='ocrx_word' id='word_1_532' title='bbox 1686 3865 1878 3920; x_wconf 87' lang='lat' dir='ltr'><strong>audire</strong></span> <span class='ocrx_word' id='word_1_533' title='bbox 1909 3866 2101 3920; x_wconf 83' lang='lat' dir='ltr'><strong>dicen-</strong></span> 
     </span>
    </p>
   </div>
   <div class='ocr_carea' id='block_1_65' title="bbox 2203 3123 3790 3203">
    <p class='ocr_par' dir='ltr' id='par_1_65' title="bbox 2203 3123 3790 3203">
     <span class='ocr_line' id='line_1_65' title="bbox 2203 3123 3790 3203; baseline -0.009 -7"><span class='ocrx_word' id='word_1_534' title='bbox 2203 3141 2294 3197; x_wconf 72' lang='lat'><strong>25.</strong></span> <span class='ocrx_word' id='word_1_535' title='bbox 2337 3141 2468 3194; x_wconf 84' lang='grc' dir='ltr'><strong>Ὅτι</strong></span> <span class='ocrx_word' id='word_1_536' title='bbox 2504 3123 2784 3203; x_wconf 73' lang='grc' dir='ltr'>ὂηατὴρ.</span> <span class='ocrx_word' id='word_1_537' title='bbox 2811 3135 2910 3189; x_wconf 77' lang='grc' dir='ltr'>καὶ</span> <span class='ocrx_word' id='word_1_538' title='bbox 2947 3137 2979 3188; x_wconf 81' lang='grc' dir='ltr'><em>ὀ</em></span> <span class='ocrx_word' id='word_1_539' title='bbox 3016 3132 3167 3199; x_wconf 65' lang='grc' dir='ltr'><strong>Υἱὸς,</strong></span> <span class='ocrx_word' id='word_1_540' title='bbox 3195 3131 3292 3184; x_wconf 78' lang='grc' dir='ltr'>καὶ</span> <span class='ocrx_word' id='word_1_541' title='bbox 3327 3129 3394 3203; x_wconf 61' lang='grc' dir='ltr'>τὸ</span> <span class='ocrx_word' id='word_1_542' title='bbox 3431 3128 3673 3199; x_wconf 74' lang='grc' dir='ltr'>Πνεῦμα</span> <span class='ocrx_word' id='word_1_543' title='bbox 3714 3126 3790 3182; x_wconf 74' lang='grc' dir='ltr'>τύ</span> 
     </span>
    </p>
   </div>
   <div class='ocr_carea' id='block_1_66' title="bbox 2518 3199 3430 3278">
    <p class='ocr_par' dir='ltr' id='par_1_66' title="bbox 2518 3199 3430 3278">
     <span class='ocr_line' id='line_1_66' title="bbox 2518 3199 3430 3278; baseline -0.01 -15"><span class='ocrx_word' id='word_1_544' title='bbox 2518 3209 2689 3278; x_wconf 80' lang='grc' dir='ltr'>ἅγιον</span> <span class='ocrx_word' id='word_1_545' title='bbox 2713 3199 2994 3276; x_wconf 67' lang='grc' dir='ltr'>ὧδήγησε</span> <span class='ocrx_word' id='word_1_546' title='bbox 3021 3204 3129 3256; x_wconf 77' lang='grc' dir='ltr'><strong>τὸν</strong></span> <span class='ocrx_word' id='word_1_547' title='bbox 3165 3199 3430 3270; x_wconf 73' lang='grc' dir='ltr'>Ἰσραήλ.</span> 
     </span>
    </p>
   </div>
   <div class='ocr_carea' id='block_1_67' title="bbox 2287 3284 3786 3372">
    <p class='ocr_par' dir='ltr' id='par_1_67' title="bbox 2287 3284 3786 3372">
     <span class='ocr_line' id='line_1_67' title="bbox 2287 3284 3786 3372; baseline -0.009 -16"><span class='ocrx_word' id='word_1_548' title='bbox 2287 3303 2346 3356; x_wconf 86' lang='grc'><strong>⁸0</strong></span> <span class='ocrx_word' id='word_1_549' title='bbox 2381 3301 2477 3372; x_wconf 79' lang='grc' dir='ltr'>μὲν</span> <span class='ocrx_word' id='word_1_550' title='bbox 2501 3295 2594 3353; x_wconf 76' lang='grc' dir='ltr'>οὖν</span> <span class='ocrx_word' id='word_1_551' title='bbox 2635 3297 2748 3370; x_wconf 80' lang='grc'>(76)</span> <span class='ocrx_word' id='word_1_552' title='bbox 2784 3297 3067 3367; x_wconf 72' lang='grc' dir='ltr'>προφήτης</span> <span class='ocrx_word' id='word_1_553' title='bbox 3108 3293 3380 3365; x_wconf 84' lang='grc' dir='ltr'>Ἱερεμίας</span> <span class='ocrx_word' id='word_1_554' title='bbox 3427 3291 3577 3359; x_wconf 83' lang='grc' dir='ltr'>λέγει</span> <span class='ocrx_word' id='word_1_555' title='bbox 3607 3284 3786 3354; x_wconf 78' lang='grc' dir='ltr'>οὕτως</span> 
     </span>
    </p>
   </div>
   <div class='ocr_carea' id='block_1_68' title="bbox 2203 3382 3788 3469">
    <p class='ocr_par' dir='ltr' id='par_1_68' title="bbox 2203 3382 3788 3469">
     <span class='ocr_line' id='line_1_68' title="bbox 2203 3382 3788 3469; baseline -0.01 -18"><span class='ocrx_word' id='word_1_556' title='bbox 2203 3398 2330 3469; x_wconf 77' lang='grc' dir='ltr'>περὶ</span> <span class='ocrx_word' id='word_1_557' title='bbox 2365 3393 2614 3466; x_wconf 79' lang='grc' dir='ltr'>Πατρός·</span> <span class='ocrx_word' id='word_1_558' title='bbox 2669 3391 2750 3445; x_wconf 75' lang='grc' dir='ltr'>ὅτι</span> <span class='ocrx_word' id='word_1_559' title='bbox 2787 3409 2806 3442; x_wconf 72' lang='grc' dir='ltr'>ι</span> <span class='ocrx_word' id='word_1_560' title='bbox 2858 3389 3030 3452; x_wconf 77' lang='grc' dir='ltr'>Αὐτὸς</span> <span class='ocrx_word' id='word_1_561' title='bbox 3061 3385 3312 3457; x_wconf 81' lang='grc' dir='ltr'>ὡδήγησε</span> <span class='ocrx_word' id='word_1_562' title='bbox 3341 3383 3432 3437; x_wconf 81' lang='grc' dir='ltr'><strong>τὸν</strong></span> <span class='ocrx_word' id='word_1_563' title='bbox 3477 3382 3694 3454; x_wconf 81' lang='grc' dir='ltr'>Ἰσραὴλ</span> <span class='ocrx_word' id='word_1_564' title='bbox 3723 3384 3788 3436; x_wconf 78' lang='grc' dir='ltr'><strong>ἐν</strong></span> 
     </span>
    </p>
   </div>
   <div class='ocr_carea' id='block_1_69' title="bbox 2199 3472 3786 3562">
    <p class='ocr_par' dir='ltr' id='par_1_69' title="bbox 2199 3472 3786 3562">
     <span class='ocr_line' id='line_1_69' title="bbox 2199 3472 3786 3562; baseline -0.01 -18"><span class='ocrx_word' id='word_1_565' title='bbox 2199 3493 2265 3562; x_wconf 81' lang='grc' dir='ltr'>τῇ</span> <span class='ocrx_word' id='word_1_566' title='bbox 2309 3490 2522 3560; x_wconf 88' lang='grc' dir='ltr'>ἐρήμῳ.</span> <span class='ocrx_word' id='word_1_567' title='bbox 2557 3506 2575 3538; x_wconf 72' lang='grc' dir='ltr'>ι</span> <span class='ocrx_word' id='word_1_568' title='bbox 2605 3483 2750 3539; x_wconf 79' lang='grc' dir='ltr'>Καίο</span> <span class='ocrx_word' id='word_1_569' title='bbox 2801 3501 2819 3534; x_wconf 79' lang='grc' dir='ltr'><strong>ι</strong></span> <span class='ocrx_word' id='word_1_570' title='bbox 2861 3482 2975 3536; x_wconf 79' lang='grc' dir='ltr'>Οὐκ</span> <span class='ocrx_word' id='word_1_571' title='bbox 3023 3477 3236 3538; x_wconf 73' lang='grc' dir='ltr'>εἴπατε,</span> <span class='ocrx_word' id='word_1_572' title='bbox 3271 3475 3438 3546; x_wconf 78' lang='grc' dir='ltr'>φησὶ,</span> <span class='ocrx_word' id='word_1_573' title='bbox 3497 3473 3607 3527; x_wconf 86' lang='grc' dir='ltr'><strong>Ποῦ</strong></span> <span class='ocrx_word' id='word_1_574' title='bbox 3636 3472 3786 3528; x_wconf 84' lang='grc' dir='ltr'>ἐστιν</span> 
     </span>
    </p>
   </div>
   <div class='ocr_carea' id='block_1_70' title="bbox 2199 3564 3785 3648">
    <p class='ocr_par' dir='ltr' id='par_1_70' title="bbox 2199 3564 3785 3648">
     <span class='ocr_line' id='line_1_70' title="bbox 2199 3564 3785 3648; baseline -0.013 -11"><span class='ocrx_word' id='word_1_575' title='bbox 2199 3584 2227 3636; x_wconf 91' lang='lat'><strong>6</strong></span> <span class='ocrx_word' id='word_1_576' title='bbox 2259 3582 2410 3646; x_wconf 73' lang='grc' dir='ltr'>Θεὸς,</span> <span class='ocrx_word' id='word_1_577' title='bbox 2446 3583 2475 3635; x_wconf 89' lang='lat'><strong>6</strong></span> <span class='ocrx_word' id='word_1_578' title='bbox 2505 3575 2798 3648; x_wconf 80' lang='grc' dir='ltr'>ἀναγαγὼν</span> <span class='ocrx_word' id='word_1_579' title='bbox 2833 3575 2983 3644; x_wconf 79' lang='grc' dir='ltr'>ἡμᾶς</span> <span class='ocrx_word' id='word_1_580' title='bbox 3017 3573 3079 3624; x_wconf 83' lang='grc' dir='ltr'><strong>ἐκ</strong></span> <span class='ocrx_word' id='word_1_581' title='bbox 3103 3569 3206 3640; x_wconf 80' lang='grc' dir='ltr'>γῆς</span> <span class='ocrx_word' id='word_1_582' title='bbox 3233 3566 3532 3637; x_wconf 68' lang='grc' dir='ltr'>Αἰγύπτου,</span> <span class='ocrx_word' id='word_1_583' title='bbox 3559 3567 3589 3619; x_wconf 91' lang='lat'><strong>6</strong></span> <span class='ocrx_word' id='word_1_584' title='bbox 3615 3564 3785 3620; x_wconf 83' lang='grc' dir='ltr'>καθο-</span> 
     </span>
    </p>
   </div>
   <div class='ocr_carea' id='block_1_71' title="bbox 2199 3658 3785 3748">
    <p class='ocr_par' dir='ltr' id='par_1_71' title="bbox 2199 3658 3785 3748">
     <span class='ocr_line' id='line_1_71' title="bbox 2199 3658 3785 3748; baseline -0.012 -18"><span class='ocrx_word' id='word_1_585' title='bbox 2199 3676 2442 3748; x_wconf 86' lang='grc' dir='ltr'>δηγήσας</span> <span class='ocrx_word' id='word_1_586' title='bbox 2485 3671 2634 3743; x_wconf 76' lang='grc' dir='ltr'>ἡμᾶς</span> <span class='ocrx_word' id='word_1_587' title='bbox 2665 3671 2722 3722; x_wconf 89' lang='grc' dir='ltr'><strong>ἐν</strong></span> <span class='ocrx_word' id='word_1_588' title='bbox 2752 3670 2818 3739; x_wconf 80' lang='grc' dir='ltr'>τῇ</span> <span class='ocrx_word' id='word_1_589' title='bbox 2858 3666 3086 3737; x_wconf 59' lang='grc' dir='ltr'>ἐρήμιιη</span> <span class='ocrx_word' id='word_1_590' title='bbox 3124 3681 3144 3714; x_wconf 75' lang='grc' dir='ltr'>ι</span> <span class='ocrx_word' id='word_1_591' title='bbox 3178 3663 3270 3716; x_wconf 73' lang='grc' dir='ltr'><strong>καὶ</strong></span> <span class='ocrx_word' id='word_1_592' title='bbox 3305 3661 3335 3714; x_wconf 97' lang='lat'><strong>6</strong></span> <span class='ocrx_word' id='word_1_593' title='bbox 3373 3658 3538 3714; x_wconf 85' lang='grc' dir='ltr'>Δαϐίδ</span> <span class='ocrx_word' id='word_1_594' title='bbox 3575 3674 3742 3729; x_wconf 86' lang='grc' dir='ltr'>φησιν</span> <span class='ocrx_word' id='word_1_595' title='bbox 3765 3673 3785 3688; x_wconf 83' lang='grc'><strong><em>⁸</em></strong></span> 
     </span>
    </p>
   </div>
   <div class='ocr_carea' id='block_1_72' title="bbox 2207 3747 3785 3836">
    <p class='ocr_par' dir='ltr' id='par_1_72' title="bbox 2207 3747 3785 3836">
     <span class='ocr_line' id='line_1_72' title="bbox 2207 3747 3785 3836; baseline -0.011 -15"><span class='ocrx_word' id='word_1_596' title='bbox 2207 3787 2225 3820; x_wconf 76' lang='grc' dir='ltr'>ι</span> <span class='ocrx_word' id='word_1_597' title='bbox 2254 3747 2598 3836; x_wconf 12' lang='grc' dir='ltr'>θὨδήγησας,</span> <span class='ocrx_word' id='word_1_598' title='bbox 2644 3760 2720 3823; x_wconf 85' lang='grc' dir='ltr'>ὼς</span> <span class='ocrx_word' id='word_1_599' title='bbox 2768 3757 3035 3831; x_wconf 86' lang='grc' dir='ltr'>πρόϐατα,</span> <span class='ocrx_word' id='word_1_600' title='bbox 3079 3755 3174 3808; x_wconf 80' lang='grc' dir='ltr'><strong>τὸν</strong></span> <span class='ocrx_word' id='word_1_601' title='bbox 3218 3752 3346 3806; x_wconf 81' lang='grc' dir='ltr'>λαόν</span> <span class='ocrx_word' id='word_1_602' title='bbox 3391 3768 3505 3806; x_wconf 86' lang='grc' dir='ltr'>σου.</span> <span class='ocrx_word' id='word_1_603' title='bbox 3548 3769 3569 3802; x_wconf 70' lang='grc' dir='ltr'>ι</span> <span class='ocrx_word' id='word_1_604' title='bbox 3623 3749 3682 3804; x_wconf 81' lang='lat'><strong>&#39;0</strong></span> <span class='ocrx_word' id='word_1_605' title='bbox 3725 3747 3785 3804; x_wconf 79' lang='grc' dir='ltr'><strong>δὲ</strong></span> 
     </span>
    </p>
   </div>
   <div class='ocr_carea' id='block_1_73' title="bbox 2213 3839 3786 3923">
    <p class='ocr_par' dir='ltr' id='par_1_73' title="bbox 2213 3839 3786 3923">
     <span class='ocr_line' id='line_1_73' title="bbox 2213 3839 3786 3923; baseline -0.012 -8"><span class='ocrx_word' id='word_1_606' title='bbox 2213 3861 2440 3921; x_wconf 69' lang='grc' dir='ltr'>Ἠσαίας</span> <span class='ocrx_word' id='word_1_607' title='bbox 2471 3856 2533 3910; x_wconf 83' lang='grc' dir='ltr'><strong>τὸ</strong></span> <span class='ocrx_word' id='word_1_608' title='bbox 2577 3852 2801 3923; x_wconf 83' lang='grc' dir='ltr'>Πνεῦμα</span> <span class='ocrx_word' id='word_1_609' title='bbox 2826 3851 2888 3904; x_wconf 73' lang='grc' dir='ltr'>τὸ</span> <span class='ocrx_word' id='word_1_610' title='bbox 2933 3849 3086 3918; x_wconf 80' lang='grc' dir='ltr'>ᾶγιον</span> <span class='ocrx_word' id='word_1_611' title='bbox 3130 3841 3281 3901; x_wconf 80' lang='grc' dir='ltr'>εἶπεν</span> <span class='ocrx_word' id='word_1_612' title='bbox 3314 3843 3660 3916; x_wconf 81' lang='grc' dir='ltr'>ὡδηγηκέναι</span> <span class='ocrx_word' id='word_1_613' title='bbox 3691 3839 3786 3896; x_wconf 79' lang='grc' dir='ltr'><strong>τὸν</strong></span> 
     </span>
    </p>
   </div>
   <div class='ocr_carea' id='block_1_74' title="bbox 517 3928 2093 4026">
    <p class='ocr_par' dir='ltr' id='par_1_74' title="bbox 517 3951 2093 4026">
     <span class='ocr_line' id='line_1_74' title="bbox 517 3951 2093 4026; baseline 0.003 -19"><span class='ocrx_word' id='word_1_614' title='bbox 517 3962 632 4008; x_wconf 81' lang='lat' dir='ltr'><strong>tem</strong></span> <span class='ocrx_word' id='word_1_615' title='bbox 654 3972 670 4008; x_wconf 84' lang='lat'><strong>:</strong></span> <span class='ocrx_word' id='word_1_616' title='bbox 691 3969 716 4005; x_wconf 74' lang='grc' dir='ltr'>ι</span> <span class='ocrx_word' id='word_1_617' title='bbox 738 3951 902 4008; x_wconf 77' lang='lat' dir='ltr'><strong>Duxit</strong></span> <span class='ocrx_word' id='word_1_618' title='bbox 931 3969 1029 4008; x_wconf 88' lang='lat' dir='ltr'><strong>eos</strong></span> <span class='ocrx_word' id='word_1_619' title='bbox 1057 3969 1156 4023; x_wconf 89' lang='lat' dir='ltr'><strong>per</strong></span> <span class='ocrx_word' id='word_1_620' title='bbox 1181 3955 1440 4026; x_wconf 81' lang='lat' dir='ltr'><strong>abyssum</strong></span> <span class='ocrx_word' id='word_1_621' title='bbox 1459 3996 1474 4017; x_wconf 92' lang='lat'><strong>,</strong></span> <span class='ocrx_word' id='word_1_622' title='bbox 1507 3957 1664 4026; x_wconf 89' lang='lat' dir='ltr'><strong>quasi</strong></span> <span class='ocrx_word' id='word_1_623' title='bbox 1695 3972 1895 4026; x_wconf 87' lang='lat' dir='ltr'><strong>equum</strong></span> <span class='ocrx_word' id='word_1_624' title='bbox 1924 3957 1981 4011; x_wconf 91' lang='lat' dir='ltr'><strong>in</strong></span> <span class='ocrx_word' id='word_1_625' title='bbox 2013 3971 2093 4012; x_wconf 69' lang='lat' dir='ltr'><strong>so«</strong></span> 
     </span>
    </p>
   </div>
   <div class='ocr_carea' id='block_1_75' title="bbox 2196 3928 3786 4026">
    <p class='ocr_par' dir='ltr' id='par_1_75' title="bbox 2212 3928 3786 4024">
     <span class='ocr_line' id='line_1_75' title="bbox 2212 3928 3786 4024; baseline -0.013 -16"><span class='ocrx_word' id='word_1_626' title='bbox 2212 3952 2430 4024; x_wconf 77' lang='grc' dir='ltr'>Ἰσραὴλ</span> <span class='ocrx_word' id='word_1_627' title='bbox 2455 3951 2514 4006; x_wconf 79' lang='grc' dir='ltr'><strong>ἐν</strong></span> <span class='ocrx_word' id='word_1_628' title='bbox 2543 3951 2608 4019; x_wconf 83' lang='grc' dir='ltr'>τῇ</span> <span class='ocrx_word' id='word_1_629' title='bbox 2642 3947 2854 4018; x_wconf 62' lang='grc' dir='ltr'>ἐρήμῳ.</span> <span class='ocrx_word' id='word_1_630' title='bbox 2899 3944 3086 3996; x_wconf 86' lang='grc' dir='ltr'>Ἔστιν</span> <span class='ocrx_word' id='word_1_631' title='bbox 3126 3928 3220 3994; x_wconf 77' lang='grc' dir='ltr'>οὖν</span> <span class='ocrx_word' id='word_1_632' title='bbox 3242 3937 3404 3992; x_wconf 78' lang='grc' dir='ltr'>αὐτοῦ</span> <span class='ocrx_word' id='word_1_633' title='bbox 3439 3935 3671 3990; x_wconf 86' lang='grc' dir='ltr'>ἀκοῦσαι</span> <span class='ocrx_word' id='word_1_634' title='bbox 3697 3932 3786 3988; x_wconf 72' lang='grc' dir='ltr'>λό-</span> 
     </span>
    </p>
   </div>
   <div class='ocr_carea' id='block_1_76' title="bbox 517 4023 2093 4119">
    <p class='ocr_par' dir='ltr' id='par_1_76' title="bbox 517 4023 2093 4119">
     <span class='ocr_line' id='line_1_76' title="bbox 517 4023 2093 4119; baseline 0.003 -21"><span class='ocrx_word' id='word_1_635' title='bbox 517 4045 772 4109; x_wconf 85' lang='lat' dir='ltr'><strong>litudine,</strong></span> <span class='ocrx_word' id='word_1_636' title='bbox 794 4050 849 4098; x_wconf 84' lang='lat' dir='ltr'><strong>et</strong></span> <span class='ocrx_word' id='word_1_637' title='bbox 873 4060 986 4100; x_wconf 89' lang='lat' dir='ltr'><strong>non</strong></span> <span class='ocrx_word' id='word_1_638' title='bbox 1007 4055 1136 4100; x_wconf 86' lang='lat' dir='ltr'><strong>sunt</strong></span> <span class='ocrx_word' id='word_1_639' title='bbox 1159 4023 1404 4117; x_wconf 74' lang='lat' dir='ltr'><strong>fatigati,</strong></span> <span class='ocrx_word' id='word_1_640' title='bbox 1429 4059 1484 4102; x_wconf 90' lang='lat' dir='ltr'><strong>et</strong></span> <span class='ocrx_word' id='word_1_641' title='bbox 1511 4023 1573 4102; x_wconf 82' lang='lat' dir='ltr'><strong>ut</strong></span> <span class='ocrx_word' id='word_1_642' title='bbox 1604 4023 1800 4118; x_wconf 81' lang='lat' dir='ltr'><strong>pecora</strong></span> <span class='ocrx_word' id='word_1_643' title='bbox 1829 4065 1926 4119; x_wconf 88' lang='lat' dir='ltr'><strong>per</strong></span> <span class='ocrx_word' id='word_1_644' title='bbox 1951 4064 2093 4104; x_wconf 85' lang='lat' dir='ltr'><strong>cam-</strong></span> 
     </span>
    </p>
   </div>
   <div class='ocr_carea' id='block_1_77' title="bbox 2196 4023 3786 4119">
    <p class='ocr_par' dir='ltr' id='par_1_77' title="bbox 2199 4023 3786 4119">
     <span class='ocr_line' id='line_1_77' title="bbox 2199 4023 3786 4119; baseline -0.016 -18"><span class='ocrx_word' id='word_1_645' title='bbox 2199 4023 2386 4116; x_wconf 78' lang='grc' dir='ltr'>γοντος</span> <span class='ocrx_word' id='word_1_646' title='bbox 2407 4061 2421 4074; x_wconf 90' lang='grc'><strong>·</strong></span> <span class='ocrx_word' id='word_1_647' title='bbox 2460 4061 2479 4096; x_wconf 81' lang='grc' dir='ltr'><strong>ι</strong></span> <span class='ocrx_word' id='word_1_648' title='bbox 2518 4041 2764 4109; x_wconf 84' lang='grc' dir='ltr'>Ἥγαγεν</span> <span class='ocrx_word' id='word_1_649' title='bbox 2794 4036 2992 4097; x_wconf 75' lang='grc' dir='ltr'>αὐτοὺς</span> <span class='ocrx_word' id='word_1_650' title='bbox 3023 4031 3136 4103; x_wconf 92' lang='grc'>(77)</span> <span class='ocrx_word' id='word_1_651' title='bbox 3163 4031 3252 4085; x_wconf 69' lang='grc' dir='ltr'>διὰ</span> <span class='ocrx_word' id='word_1_652' title='bbox 3277 4031 3377 4101; x_wconf 86' lang='grc' dir='ltr'>τῆς</span> <span class='ocrx_word' id='word_1_653' title='bbox 3414 4027 3673 4090; x_wconf 82' lang='grc' dir='ltr'>ἀϐύσσου,</span> 
     </span>
    </p>
   </div>
   <div class='ocr_carea' id='block_1_78' title="bbox 517 4115 2093 4206">
    <p class='ocr_par' dir='ltr' id='par_1_78' title="bbox 517 4115 2093 4206">
     <span class='ocr_line' id='line_1_78' title="bbox 517 4115 2093 4206; baseline 0 -16"><span class='ocrx_word' id='word_1_654' title='bbox 517 4151 675 4205; x_wconf 86' lang='lat' dir='ltr'><strong>pum,</strong></span> <span class='ocrx_word' id='word_1_655' title='bbox 693 4135 981 4192; x_wconf 85' lang='lat' dir='ltr'><strong>descendit</strong></span> <span class='ocrx_word' id='word_1_656' title='bbox 1006 4115 1294 4206; x_wconf 79' lang='lat' dir='ltr'><strong>Spiritusa</strong></span> <span class='ocrx_word' id='word_1_657' title='bbox 1317 4139 1568 4206; x_wconf 88' lang='lat' dir='ltr'><strong>Domino,</strong></span> <span class='ocrx_word' id='word_1_658' title='bbox 1588 4115 1642 4194; x_wconf 83' lang='lat' dir='ltr'><strong>et</strong></span> <span class='ocrx_word' id='word_1_659' title='bbox 1663 4115 1932 4196; x_wconf 78' lang='lat' dir='ltr'><strong>duxiteos</strong></span> <span class='ocrx_word' id='word_1_660' title='bbox 1947 4139 2044 4192; x_wconf 80' lang='lat'><strong>&quot;&#39;.</strong></span> <span class='ocrx_word' id='word_1_661' title='bbox 2073 4158 2093 4190; x_wconf 71' lang='lat' dir='ltr'><strong>i</strong></span> 
     </span>
    </p>
   </div>
   <div class='ocr_carea' id='block_1_79' title="bbox 2196 4115 3784 4206">
    <p class='ocr_par' dir='ltr' id='par_1_79' title="bbox 2201 4115 3784 4204">
     <span class='ocr_line' id='line_1_79' title="bbox 2201 4115 3784 4204; baseline -0.015 -12"><span class='ocrx_word' id='word_1_662' title='bbox 2201 4115 2366 4192; x_wconf 68' lang='grc' dir='ltr'>ἵππον</span> <span class='ocrx_word' id='word_1_663' title='bbox 2413 4137 2472 4188; x_wconf 80' lang='grc' dir='ltr'>ὲν</span> <span class='ocrx_word' id='word_1_664' title='bbox 2530 4135 2598 4204; x_wconf 84' lang='grc' dir='ltr'>τῇ</span> <span class='ocrx_word' id='word_1_665' title='bbox 2652 4131 2865 4203; x_wconf 80' lang='grc' dir='ltr'>ἐρήμῳ,</span> <span class='ocrx_word' id='word_1_666' title='bbox 2910 4126 3004 4181; x_wconf 70' lang='grc' dir='ltr'><strong>καὶ</strong></span> <span class='ocrx_word' id='word_1_667' title='bbox 3055 4125 3156 4179; x_wconf 71' lang='grc' dir='ltr'><strong>οὐκ</strong></span> <span class='ocrx_word' id='word_1_668' title='bbox 3202 4121 3520 4185; x_wconf 80' lang='grc' dir='ltr'>ἐκοπίασαν,</span> <span class='ocrx_word' id='word_1_669' title='bbox 3563 4119 3660 4172; x_wconf 77' lang='grc' dir='ltr'><strong>καὶ</strong></span> <span class='ocrx_word' id='word_1_670' title='bbox 3705 4115 3784 4180; x_wconf 81' lang='grc' dir='ltr'>ὡς</span> 
     </span>
    </p>
   </div>
   <div class='ocr_carea' id='block_1_80' title="bbox 515 4207 2093 4300">
    <p class='ocr_par' dir='ltr' id='par_1_80' title="bbox 515 4229 2093 4295">
     <span class='ocr_line' id='line_1_80' title="bbox 515 4229 2093 4295; baseline 0.001 -11"><span class='ocrx_word' id='word_1_671' title='bbox 515 4229 600 4284; x_wconf 75' lang='lat' dir='ltr'><strong>Ad</strong></span> <span class='ocrx_word' id='word_1_672' title='bbox 626 4230 948 4284; x_wconf 87' lang='lat' dir='ltr'><strong>Corinthios</strong></span> <span class='ocrx_word' id='word_1_673' title='bbox 974 4239 1157 4285; x_wconf 87' lang='lat' dir='ltr'><strong>autem</strong></span> <span class='ocrx_word' id='word_1_674' title='bbox 1179 4271 1196 4295; x_wconf 97' lang='lat'><strong>,</strong></span> <span class='ocrx_word' id='word_1_675' title='bbox 1245 4232 1321 4286; x_wconf 90' lang='lat' dir='ltr'><strong>ait</strong></span> <span class='ocrx_word' id='word_1_676' title='bbox 1367 4230 1576 4288; x_wconf 84' lang='lat' dir='ltr'><strong>Paulus</strong></span> <span class='ocrx_word' id='word_1_677' title='bbox 1608 4232 1892 4289; x_wconf 79' lang='lat' dir='ltr'><strong>Christum</strong></span> <span class='ocrx_word' id='word_1_678' title='bbox 1927 4231 2093 4286; x_wconf 82' lang='lat' dir='ltr'><strong>fuisse</strong></span> 
     </span>
    </p>
   </div>
   <div class='ocr_carea' id='block_1_81' title="bbox 2196 4207 3779 4300">
    <p class='ocr_par' dir='ltr' id='par_1_81' title="bbox 2203 4207 3779 4300">
     <span class='ocr_line' id='line_1_81' title="bbox 2203 4207 3779 4300; baseline -0.016 -16"><span class='ocrx_word' id='word_1_679' title='bbox 2203 4231 2373 4300; x_wconf 87' lang='grc' dir='ltr'>κτήνη</span> <span class='ocrx_word' id='word_1_680' title='bbox 2404 4226 2492 4281; x_wconf 64' lang='grc' dir='ltr'><strong>διὰ</strong></span> <span class='ocrx_word' id='word_1_681' title='bbox 2518 4223 2724 4286; x_wconf 87' lang='grc' dir='ltr'>πεδίου,</span> <span class='ocrx_word' id='word_1_682' title='bbox 2755 4211 2960 4290; x_wconf 77' lang='grc' dir='ltr'>κατέϐη</span> <span class='ocrx_word' id='word_1_683' title='bbox 2993 4215 3221 4287; x_wconf 80' lang='grc' dir='ltr'>Πνεῦμα</span> <span class='ocrx_word' id='word_1_684' title='bbox 3251 4212 3403 4286; x_wconf 80' lang='grc' dir='ltr'>παρὰ</span> <span class='ocrx_word' id='word_1_685' title='bbox 3431 4208 3659 4300; x_wconf 83' lang='grc' dir='ltr'>Κυρίου,</span> <span class='ocrx_word' id='word_1_686' title='bbox 3679 4207 3779 4300; x_wconf 63' lang='grc' dir='ltr'>καὶ.</span> 
     </span>
    </p>
   </div>
   <div class='ocr_carea' id='block_1_82' title="bbox 517 4299 2093 4396">
    <p class='ocr_par' dir='ltr' id='par_1_82' title="bbox 517 4321 2093 4396">
     <span class='ocr_line' id='line_1_82' title="bbox 517 4321 2093 4396; baseline 0.001 -20"><span class='ocrx_word' id='word_1_687' title='bbox 517 4321 713 4378; x_wconf 86' lang='lat' dir='ltr'><strong>ducem</strong></span> <span class='ocrx_word' id='word_1_688' title='bbox 735 4341 752 4377; x_wconf 90' lang='lat'><strong>:</strong></span> <span class='ocrx_word' id='word_1_689' title='bbox 773 4341 792 4374; x_wconf 77' lang='grc' dir='ltr'><strong>ε</strong></span> <span class='ocrx_word' id='word_1_690' title='bbox 817 4322 1084 4377; x_wconf 84' lang='lat' dir='ltr'><strong>Bihebant</strong></span> <span class='ocrx_word' id='word_1_691' title='bbox 1104 4362 1122 4386; x_wconf 90' lang='lat'><strong>,</strong></span> <span class='ocrx_word' id='word_1_692' title='bbox 1148 4342 1168 4374; x_wconf 71' lang='grc' dir='ltr'>ι</span> <span class='ocrx_word' id='word_1_693' title='bbox 1189 4324 1368 4394; x_wconf 88' lang='lat' dir='ltr'><strong>inquit</strong></span> <span class='ocrx_word' id='word_1_694' title='bbox 1390 4365 1406 4387; x_wconf 93' lang='lat'><strong>,</strong></span> <span class='ocrx_word' id='word_1_695' title='bbox 1432 4343 1452 4376; x_wconf 75' lang='grc' dir='ltr'>ι</span> <span class='ocrx_word' id='word_1_696' title='bbox 1479 4339 1546 4380; x_wconf 80' lang='lat' dir='ltr'><strong>ex</strong></span> <span class='ocrx_word' id='word_1_697' title='bbox 1589 4326 1864 4396; x_wconf 89' lang='lat' dir='ltr'><strong>spirituali</strong></span> <span class='ocrx_word' id='word_1_698' title='bbox 1903 4339 2093 4380; x_wconf 86' lang='lat' dir='ltr'><strong>conse—</strong></span> 
     </span>
    </p>
   </div>
   <div class='ocr_carea' id='block_1_83' title="bbox 2196 4299 3786 4396">
    <p class='ocr_par' dir='ltr' id='par_1_83' title="bbox 2199 4299 3786 4396">
     <span class='ocr_line' id='line_1_83' title="bbox 2199 4299 3786 4396; baseline -0.013 -24"><span class='ocrx_word' id='word_1_699' title='bbox 2199 4299 2482 4388; x_wconf 79' lang='grc' dir='ltr'>ὡδήγησεν</span> <span class='ocrx_word' id='word_1_700' title='bbox 2530 4311 2760 4374; x_wconf 77' lang='grc' dir='ltr'>αὐτούς.</span> <span class='ocrx_word' id='word_1_701' title='bbox 2814 4330 2830 4360; x_wconf 71' lang='grc' dir='ltr'>ι</span> <span class='ocrx_word' id='word_1_702' title='bbox 2887 4307 3034 4378; x_wconf 84' lang='grc' dir='ltr'>Πρὸς</span> <span class='ocrx_word' id='word_1_703' title='bbox 3079 4307 3136 4360; x_wconf 81' lang='grc' dir='ltr'>δὲ</span> <span class='ocrx_word' id='word_1_704' title='bbox 3189 4301 3504 4378; x_wconf 80' lang='grc' dir='ltr'>Κορινθίους</span> <span class='ocrx_word' id='word_1_705' title='bbox 3551 4299 3786 4396; x_wconf 54' lang='grc' dir='ltr'>λέγειᾼό</span> 
     </span>
    </p>
   </div>
   <div class='ocr_carea' id='block_1_84' title="bbox 514 4391 2093 4484">
    <p class='ocr_par' dir='ltr' id='par_1_84' title="bbox 514 4391 2090 4484">
     <span class='ocr_line' id='line_1_84' title="bbox 514 4391 2090 4484; baseline 0.002 -17"><span class='ocrx_word' id='word_1_706' title='bbox 514 4423 721 4483; x_wconf 87' lang='lat' dir='ltr'><strong>quente</strong></span> <span class='ocrx_word' id='word_1_707' title='bbox 743 4429 841 4469; x_wconf 91' lang='lat' dir='ltr'><strong>eos</strong></span> <span class='ocrx_word' id='word_1_708' title='bbox 872 4423 1024 4484; x_wconf 89' lang='lat' dir='ltr'><strong>petra</strong></span> <span class='ocrx_word' id='word_1_709' title='bbox 1044 4455 1063 4480; x_wconf 96' lang='lat'><strong>,</strong></span> <span class='ocrx_word' id='word_1_710' title='bbox 1094 4423 1246 4484; x_wconf 84' lang='lat' dir='ltr'><strong>petra</strong></span> <span class='ocrx_word' id='word_1_711' title='bbox 1268 4391 1462 4470; x_wconf 79' lang='lat' dir='ltr'><strong>autem</strong></span> <span class='ocrx_word' id='word_1_712' title='bbox 1492 4391 1636 4472; x_wconf 45' lang='lat' dir='ltr'><strong>erat-</strong></span> <span class='ocrx_word' id='word_1_713' title='bbox 1662 4417 1920 4472; x_wconf 88' lang='lat' dir='ltr'><strong>Christus</strong></span> <span class='ocrx_word' id='word_1_714' title='bbox 1971 4415 2039 4470; x_wconf 68' lang='grc'><strong>⁷⁸.</strong></span> <span class='ocrx_word' id='word_1_715' title='bbox 2071 4433 2090 4465; x_wconf 75' lang='grc' dir='ltr'><strong>ι</strong></span> 
     </span>
    </p>
   </div>
   <div class='ocr_carea' id='block_1_85' title="bbox 2196 4391 3790 4484">
    <p class='ocr_par' dir='ltr' id='par_1_85' title="bbox 2202 4391 3790 4484">
     <span class='ocr_line' id='line_1_85' title="bbox 2202 4391 3790 4484; baseline -0.011 -20"><span class='ocrx_word' id='word_1_716' title='bbox 2202 4409 2434 4472; x_wconf 86' lang='grc' dir='ltr'>Παῦλος,</span> <span class='ocrx_word' id='word_1_717' title='bbox 2472 4407 2553 4460; x_wconf 84' lang='grc' dir='ltr'>ὅτι</span> <span class='ocrx_word' id='word_1_718' title='bbox 2577 4403 2808 4476; x_wconf 79' lang='grc' dir='ltr'>Χριστὸς</span> <span class='ocrx_word' id='word_1_719' title='bbox 2828 4397 2895 4472; x_wconf 76' lang='grc' dir='ltr'>ἦν</span> <span class='ocrx_word' id='word_1_720' title='bbox 2918 4417 2931 4430; x_wconf 91' lang='grc'><strong>·</strong></span> <span class='ocrx_word' id='word_1_721' title='bbox 2958 4419 2976 4451; x_wconf 77' lang='grc' dir='ltr'><strong>ι</strong></span> <span class='ocrx_word' id='word_1_722' title='bbox 3002 4401 3225 4454; x_wconf 84' lang='grc' dir='ltr'>Ἐπινον</span> <span class='ocrx_word' id='word_1_723' title='bbox 3248 4419 3265 4447; x_wconf 77' lang='grc' dir='ltr'>ι</span> <span class='ocrx_word' id='word_1_724' title='bbox 3283 4396 3412 4467; x_wconf 79' lang='grc' dir='ltr'>γὰρ,</span> <span class='ocrx_word' id='word_1_725' title='bbox 3449 4392 3634 4484; x_wconf 66' lang='grc' dir='ltr'>φησιν,</span> <span class='ocrx_word' id='word_1_726' title='bbox 3656 4409 3683 4484; x_wconf 54' lang='lat'><strong>1</strong></span> <span class='ocrx_word' id='word_1_727' title='bbox 3716 4391 3790 4484; x_wconf 62' lang='grc' dir='ltr'><strong>ἐκ,</strong></span> 
     </span>
    </p>
   </div>
   <div class='ocr_carea' id='block_1_86' title="bbox 515 4475 2093 4585">
    <p class='ocr_par' dir='ltr' id='par_1_86' title="bbox 515 4475 2093 4578">
     <span class='ocr_line' id='line_1_86' title="bbox 515 4475 2093 4578; baseline -0.001 -19"><span class='ocrx_word' id='word_1_728' title='bbox 515 4503 676 4572; x_wconf 79' lang='lat' dir='ltr'><strong>Quod</strong></span> <span class='ocrx_word' id='word_1_729' title='bbox 708 4507 752 4560; x_wconf 91' lang='lat' dir='ltr'><strong>si</strong></span> <span class='ocrx_word' id='word_1_730' title='bbox 782 4475 909 4576; x_wconf 74' lang='lat' dir='ltr'><strong>quis</strong></span> <span class='ocrx_word' id='word_1_731' title='bbox 935 4475 1172 4576; x_wconf 84' lang='lat' dir='ltr'><strong>dixerit,</strong></span> <span class='ocrx_word' id='word_1_732' title='bbox 1204 4505 1471 4578; x_wconf 88' lang='lat' dir='ltr'><strong>Spiritum</strong></span> <span class='ocrx_word' id='word_1_733' title='bbox 1501 4509 1842 4565; x_wconf 87' lang='lat' dir='ltr'><strong>intercedere</strong></span> <span class='ocrx_word' id='word_1_734' title='bbox 1873 4523 1972 4578; x_wconf 92' lang='lat' dir='ltr'><strong>pro</strong></span> <span class='ocrx_word' id='word_1_735' title='bbox 1999 4521 2093 4560; x_wconf 87' lang='lat' dir='ltr'><strong>no-</strong></span> 
     </span>
    </p>
   </div>
   <div class='ocr_carea' id='block_1_87' title="bbox 2196 4475 3792 4585">
    <p class='ocr_par' dir='ltr' id='par_1_87' title="bbox 2203 4475 3792 4585">
     <span class='ocr_line' id='line_1_87' title="bbox 2203 4475 3792 4585; baseline -0.015 -30"><span class='ocrx_word' id='word_1_736' title='bbox 2203 4497 2584 4571; x_wconf 81' lang='grc' dir='ltr'>πνευματικῆς</span> <span class='ocrx_word' id='word_1_737' title='bbox 2613 4475 3012 4563; x_wconf 72' lang='grc' dir='ltr'>ἀκολουθούσης</span> <span class='ocrx_word' id='word_1_738' title='bbox 3031 4493 3236 4563; x_wconf 83' lang='grc' dir='ltr'>πέτρας</span> <span class='ocrx_word' id='word_1_739' title='bbox 3256 4484 3426 4585; x_wconf 38' lang='grc' dir='ltr'><strong>’.ἡ-ϐε</strong></span> <span class='ocrx_word' id='word_1_740' title='bbox 3452 4482 3628 4585; x_wconf 66' lang='grc' dir='ltr'>πέτρα</span> <span class='ocrx_word' id='word_1_741' title='bbox 3653 4475 3722 4550; x_wconf 80' lang='grc' dir='ltr'>ἦν</span> <span class='ocrx_word' id='word_1_742' title='bbox 3752 4477 3792 4531; x_wconf 77' lang='lat'>6.</span> 
     </span>
    </p>
   </div>
   <div class='ocr_carea' id='block_1_88' title="bbox 517 4573 2093 4682">
    <p class='ocr_par' dir='ltr' id='par_1_88' title="bbox 517 4573 2093 4673">
     <span class='ocr_line' id='line_1_88' title="bbox 517 4573 2093 4673; baseline 0 -22"><span class='ocrx_word' id='word_1_743' title='bbox 517 4599 604 4654; x_wconf 91' lang='lat' dir='ltr'><strong>bis</strong></span> <span class='ocrx_word' id='word_1_744' title='bbox 631 4639 649 4663; x_wconf 94' lang='lat'><strong>,</strong></span> <span class='ocrx_word' id='word_1_745' title='bbox 681 4614 747 4653; x_wconf 88' lang='lat' dir='ltr'><strong>ac</strong></span> <span class='ocrx_word' id='word_1_746' title='bbox 776 4573 1035 4670; x_wconf 79' lang='lat' dir='ltr'><strong>proinde,</strong></span> <span class='ocrx_word' id='word_1_747' title='bbox 1066 4573 1272 4670; x_wconf 80' lang='lat' dir='ltr'><strong>quanto</strong></span> <span class='ocrx_word' id='word_1_748' title='bbox 1303 4603 1533 4673; x_wconf 80' lang='lat' dir='ltr'><strong>supplex</strong></span> <span class='ocrx_word' id='word_1_749' title='bbox 1566 4602 1792 4656; x_wconf 81' lang='lat' dir='ltr'><strong>inferior</strong></span> <span class='ocrx_word' id='word_1_750' title='bbox 1821 4573 1907 4656; x_wconf 73' lang='lat' dir='ltr'><strong>est</strong></span> <span class='ocrx_word' id='word_1_751' title='bbox 1937 4598 2093 4653; x_wconf 88' lang='lat' dir='ltr'><strong>dato-</strong></span> 
     </span>
    </p>
   </div>
   <div class='ocr_carea' id='block_1_89' title="bbox 2196 4573 3789 4682">
    <p class='ocr_par' dir='ltr' id='par_1_89' title="bbox 2201 4573 3789 4682">
     <span class='ocr_line' id='line_1_89' title="bbox 2201 4573 3789 4682; baseline -0.014 -37"><span class='ocrx_word' id='word_1_752' title='bbox 2201 4590 2454 4663; x_wconf 88' lang='grc' dir='ltr'>Χριστός.</span> <span class='ocrx_word' id='word_1_753' title='bbox 2482 4607 2500 4638; x_wconf 74' lang='grc' dir='ltr'>ι</span> <span class='ocrx_word' id='word_1_754' title='bbox 2543 4587 2668 4640; x_wconf 73' lang='grc' dir='ltr'><strong>Ἐὰν</strong></span> <span class='ocrx_word' id='word_1_755' title='bbox 2714 4585 2772 4638; x_wconf 82' lang='grc' dir='ltr'><strong>δὲ</strong></span> <span class='ocrx_word' id='word_1_756' title='bbox 2813 4584 2942 4656; x_wconf 76' lang='grc' dir='ltr'>εἴπῃ</span> <span class='ocrx_word' id='word_1_757' title='bbox 2981 4598 3086 4645; x_wconf 88' lang='grc' dir='ltr'>τις,</span> <span class='ocrx_word' id='word_1_758' title='bbox 3133 4580 3215 4632; x_wconf 82' lang='grc' dir='ltr'>ὅτι</span> <span class='ocrx_word' id='word_1_759' title='bbox 3247 4577 3308 4631; x_wconf 81' lang='grc' dir='ltr'><strong>τὸ</strong></span> <span class='ocrx_word' id='word_1_760' title='bbox 3341 4573 3564 4682; x_wconf 58' lang='grc' dir='ltr'>Πνεῦμα</span> <span class='ocrx_word' id='word_1_761' title='bbox 3594 4573 3789 4682; x_wconf 64' lang='grc' dir='ltr'>ἐντυγ-</span> 
     </span>
    </p>
   </div>
   <div class='ocr_carea' id='block_1_90' title="bbox 515 4663 2093 4765">
    <p class='ocr_par' dir='ltr' id='par_1_90' title="bbox 515 4691 2093 4762">
     <span class='ocr_line' id='line_1_90' title="bbox 515 4691 2093 4762; baseline -0.001 -16"><span class='ocrx_word' id='word_1_762' title='bbox 515 4705 613 4756; x_wconf 84' lang='lat' dir='ltr'><strong>re,</strong></span> <span class='ocrx_word' id='word_1_763' title='bbox 642 4697 800 4744; x_wconf 89' lang='lat' dir='ltr'><strong>tanto</strong></span> <span class='ocrx_word' id='word_1_764' title='bbox 822 4705 1040 4762; x_wconf 86' lang='lat' dir='ltr'><strong>quoque</strong></span> <span class='ocrx_word' id='word_1_765' title='bbox 1081 4692 1400 4749; x_wconf 78' lang='lat' dir='ltr'><strong>inferiorem</strong></span> <span class='ocrx_word' id='word_1_766' title='bbox 1443 4709 1566 4749; x_wconf 85' lang='lat' dir='ltr'><strong>esse</strong></span> <span class='ocrx_word' id='word_1_767' title='bbox 1617 4691 1919 4762; x_wconf 89' lang='lat' dir='ltr'><strong>Spiritum;</strong></span> <span class='ocrx_word' id='word_1_768' title='bbox 1964 4691 2093 4745; x_wconf 86' lang='lat' dir='ltr'><strong>huic</strong></span> 
     </span>
    </p>
   </div>
   <div class='ocr_carea' id='block_1_91' title="bbox 2196 4663 3785 4765">
    <p class='ocr_par' dir='ltr' id='par_1_91' title="bbox 2202 4663 3785 4765">
     <span class='ocr_line' id='line_1_91' title="bbox 2202 4663 3785 4765; baseline -0.014 -28"><span class='ocrx_word' id='word_1_769' title='bbox 2202 4683 2354 4754; x_wconf 87' lang='grc' dir='ltr'>χάνει</span> <span class='ocrx_word' id='word_1_770' title='bbox 2387 4681 2526 4750; x_wconf 84' lang='grc' dir='ltr'>ὑπὲρ</span> <span class='ocrx_word' id='word_1_771' title='bbox 2551 4679 2728 4750; x_wconf 84' lang='grc' dir='ltr'>ἡμῶν,</span> <span class='ocrx_word' id='word_1_772' title='bbox 2755 4677 2895 4730; x_wconf 80' lang='grc' dir='ltr'>ὥστε</span> <span class='ocrx_word' id='word_1_773' title='bbox 2923 4671 3016 4729; x_wconf 79' lang='grc' dir='ltr'><strong>οὖν</strong></span> <span class='ocrx_word' id='word_1_774' title='bbox 3039 4675 3161 4726; x_wconf 83' lang='grc' dir='ltr'>ὅσον</span> <span class='ocrx_word' id='word_1_775' title='bbox 3187 4673 3216 4724; x_wconf 88' lang='lat'><strong>6</strong></span> <span class='ocrx_word' id='word_1_776' title='bbox 3241 4669 3427 4740; x_wconf 81' lang='grc' dir='ltr'>ἱκέτης</span> <span class='ocrx_word' id='word_1_777' title='bbox 3597 4663 3785 4765; x_wconf 66' lang='grc' dir='ltr'>λείπε-</span> 
     </span>
    </p>
   </div>
   <div class='ocr_carea' id='block_1_92' title="bbox 514 4757 2093 4862">
    <p class='ocr_par' dir='ltr' id='par_1_92' title="bbox 514 4757 2093 4858">
     <span class='ocr_line' id='line_1_92' title="bbox 514 4757 2093 4858; baseline -0.001 -21"><span class='ocrx_word' id='word_1_778' title='bbox 514 4785 592 4838; x_wconf 89' lang='lat' dir='ltr'><strong>ita</strong></span> <span class='ocrx_word' id='word_1_779' title='bbox 629 4757 1085 4852; x_wconf 76' lang='lat' dir='ltr'><strong>respondebimus</strong></span> <span class='ocrx_word' id='word_1_780' title='bbox 1139 4805 1156 4842; x_wconf 89' lang='lat'><strong>:</strong></span> <span class='ocrx_word' id='word_1_781' title='bbox 1207 4787 1560 4858; x_wconf 76' lang='lat' dir='ltr'><strong>Unigenitum</strong></span> <span class='ocrx_word' id='word_1_782' title='bbox 1602 4757 1802 4839; x_wconf 75' lang='lat' dir='ltr'><strong>Filium</strong></span> <span class='ocrx_word' id='word_1_783' title='bbox 1861 4757 1984 4839; x_wconf 87' lang='lat' dir='ltr'><strong>esse</strong></span> <span class='ocrx_word' id='word_1_784' title='bbox 2027 4781 2093 4836; x_wconf 91' lang='lat' dir='ltr'><strong>ad</strong></span> 
     </span>
    </p>
   </div>
   <div class='ocr_carea' id='block_1_93' title="bbox 2196 4757 3788 4862">
    <p class='ocr_par' dir='ltr' id='par_1_93' title="bbox 2201 4757 3788 4842">
     <span class='ocr_line' id='line_1_93' title="bbox 2201 4757 3788 4842; baseline -0.015 -13"><span class='ocrx_word' id='word_1_785' title='bbox 2201 4793 2291 4830; x_wconf 84' lang='grc' dir='ltr'><strong>ται</strong></span> <span class='ocrx_word' id='word_1_786' title='bbox 2334 4773 2430 4828; x_wconf 84' lang='grc' dir='ltr'><strong>τοῦ</strong></span> <span class='ocrx_word' id='word_1_787' title='bbox 2481 4771 2791 4842; x_wconf 76' lang='grc' dir='ltr'>εὐεργέτου,</span> <span class='ocrx_word' id='word_1_788' title='bbox 2829 4765 3080 4820; x_wconf 87' lang='grc' dir='ltr'>τοσοῦτον</span> <span class='ocrx_word' id='word_1_789' title='bbox 3127 4762 3376 4815; x_wconf 88' lang='grc' dir='ltr'>λείπεται</span> <span class='ocrx_word' id='word_1_790' title='bbox 3417 4758 3479 4811; x_wconf 85' lang='grc' dir='ltr'>τδ</span> <span class='ocrx_word' id='word_1_791' title='bbox 3523 4757 3748 4826; x_wconf 85' lang='grc' dir='ltr'>Πνεῦμα</span> <span class='ocrx_word' id='word_1_792' title='bbox 3765 4767 3788 4787; x_wconf 81' lang='grc' dir='ltr'><strong>ο-</strong></span> 
     </span>
    </p>
   </div>
   <div class='ocr_carea' id='block_1_94' title="bbox 511 4847 2093 4956">
    <p class='ocr_par' dir='ltr' id='par_1_94' title="bbox 511 4847 2093 4948">
     <span class='ocr_line' id='line_1_94' title="bbox 511 4847 2093 4948; baseline 0.002 -20"><span class='ocrx_word' id='word_1_793' title='bbox 511 4847 796 4928; x_wconf 73' lang='lat' dir='ltr'><strong>dexteram</strong></span> <span class='ocrx_word' id='word_1_794' title='bbox 847 4874 975 4939; x_wconf 88' lang='lat' dir='ltr'><strong>Dei,</strong></span> <span class='ocrx_word' id='word_1_795' title='bbox 1016 4884 1073 4932; x_wconf 93' lang='lat' dir='ltr'><strong>et</strong></span> <span class='ocrx_word' id='word_1_796' title='bbox 1116 4847 1460 4934; x_wconf 73' lang='lat' dir='ltr'><strong>intercedere</strong></span> <span class='ocrx_word' id='word_1_797' title='bbox 1499 4892 1599 4948; x_wconf 93' lang='lat' dir='ltr'><strong>pro</strong></span> <span class='ocrx_word' id='word_1_798' title='bbox 1641 4879 1844 4933; x_wconf 86' lang='lat' dir='ltr'><strong>nobis:</strong></span> <span class='ocrx_word' id='word_1_799' title='bbox 1877 4875 2093 4931; x_wconf 64' lang='lat' dir='ltr'><strong>«Nolite</strong></span> 
     </span>
    </p>
   </div>
   <div class='ocr_carea' id='block_1_95' title="bbox 2196 4847 3784 4956">
    <p class='ocr_par' dir='ltr' id='par_1_95' title="bbox 2197 4847 3784 4956">
     <span class='ocr_line' id='line_1_95' title="bbox 2197 4847 3784 4956; baseline -0.015 -34"><span class='ocrx_word' id='word_1_800' title='bbox 2197 4866 2447 4938; x_wconf 83' lang='grc' dir='ltr'>λέγωμεν</span> <span class='ocrx_word' id='word_1_801' title='bbox 2479 4861 2647 4934; x_wconf 80' lang='grc' dir='ltr'>αὐτῷ,</span> <span class='ocrx_word' id='word_1_802' title='bbox 2680 4863 2762 4916; x_wconf 84' lang='grc' dir='ltr'><strong>ὅτι</strong></span> <span class='ocrx_word' id='word_1_803' title='bbox 2789 4862 2818 4914; x_wconf 90' lang='grc' dir='ltr'>ὁ</span> <span class='ocrx_word' id='word_1_804' title='bbox 2844 4855 3162 4926; x_wconf 87' lang='grc' dir='ltr'>Μονογενής</span> <span class='ocrx_word' id='word_1_805' title='bbox 3203 4855 3350 4908; x_wconf 87' lang='grc' dir='ltr'>ἐστιν</span> <span class='ocrx_word' id='word_1_806' title='bbox 3401 4852 3460 4905; x_wconf 85' lang='grc' dir='ltr'><strong>ἐν</strong></span> <span class='ocrx_word' id='word_1_807' title='bbox 3493 4847 3644 4956; x_wconf 50' lang='grc' dir='ltr'>δεξιᾷ</span> <span class='ocrx_word' id='word_1_808' title='bbox 3685 4847 3784 4900; x_wconf 73' lang='grc' dir='ltr'><strong>τοῦ</strong></span> 
     </span>
    </p>
   </div>
   <div class='ocr_carea' id='block_1_96' title="bbox 513 4939 2093 5038">
    <p class='ocr_par' dir='ltr' id='par_1_96' title="bbox 513 4939 2089 5038">
     <span class='ocr_line' id='line_1_96' title="bbox 513 4939 2089 5038; baseline 0.006 -22"><span class='ocrx_word' id='word_1_809' title='bbox 513 4965 702 5035; x_wconf 80' lang='lat' dir='ltr'><strong>itaque</strong></span> <span class='ocrx_word' id='word_1_810' title='bbox 737 4966 1074 5022; x_wconf 88' lang='lat' dir='ltr'><strong>contristare</strong></span> <span class='ocrx_word' id='word_1_811' title='bbox 1113 4966 1380 5038; x_wconf 87' lang='lat' dir='ltr'><strong>Spiritum</strong></span> <span class='ocrx_word' id='word_1_812' title='bbox 1413 4939 1666 5024; x_wconf 74' lang='lat' dir='ltr'><strong>sanctum</strong></span> <span class='ocrx_word' id='word_1_813' title='bbox 1686 5009 1700 5031; x_wconf 94' lang='lat'><strong>,</strong></span> <span class='ocrx_word' id='word_1_814' title='bbox 1727 4968 1919 5038; x_wconf 72' lang='lat' dir='ltr'><strong>ijuxta</strong></span> <span class='ocrx_word' id='word_1_815' title='bbox 1949 4967 2089 5026; x_wconf 85' lang='lat' dir='ltr'><strong>Pau-</strong></span> 
     </span>
    </p>
   </div>
   <div class='ocr_carea' id='block_1_97' title="bbox 2196 4939 3786 5038">
    <p class='ocr_par' dir='ltr' id='par_1_97' title="bbox 2200 4939 3786 5038">
     <span class='ocr_line' id='line_1_97' title="bbox 2200 4939 3786 5038; baseline -0.013 -25"><span class='ocrx_word' id='word_1_816' title='bbox 2200 4957 2360 5024; x_wconf 87' lang='grc' dir='ltr'>Θεοῦ,</span> <span class='ocrx_word' id='word_1_817' title='bbox 2400 4958 2494 5012; x_wconf 78' lang='grc' dir='ltr'><strong>καὶ</strong></span> <span class='ocrx_word' id='word_1_818' title='bbox 2537 4953 2855 5025; x_wconf 75' lang='grc' dir='ltr'>ἐντυγχάνει</span> <span class='ocrx_word' id='word_1_819' title='bbox 2899 4950 3038 5020; x_wconf 84' lang='grc' dir='ltr'>ὑπὲρ</span> <span class='ocrx_word' id='word_1_820' title='bbox 3083 4944 3276 5018; x_wconf 75' lang='grc' dir='ltr'>ήμῶνο</span> <span class='ocrx_word' id='word_1_821' title='bbox 3406 4941 3497 5038; x_wconf 59' lang='grc' dir='ltr'>Μή</span> <span class='ocrx_word' id='word_1_822' title='bbox 3529 4939 3638 5038; x_wconf 57' lang='grc' dir='ltr'>οὖν</span> <span class='ocrx_word' id='word_1_823' title='bbox 3687 4939 3786 5038; x_wconf 77' lang='grc' dir='ltr'>λυ-</span> 
     </span>
    </p>
   </div>
   <div class='ocr_carea' id='block_1_98' title="bbox 512 5056 2096 5128">
    <p class='ocr_par' dir='ltr' id='par_1_98' title="bbox 512 5056 2096 5128">
     <span class='ocr_line' id='line_1_98' title="bbox 512 5056 2096 5128; baseline -0.001 -16"><span class='ocrx_word' id='word_1_824' title='bbox 512 5057 626 5112; x_wconf 86' lang='lat' dir='ltr'><strong>lum</strong></span> <span class='ocrx_word' id='word_1_825' title='bbox 665 5057 752 5118; x_wconf 81' lang='grc'>⁷⁸,</span> <span class='ocrx_word' id='word_1_826' title='bbox 791 5058 868 5112; x_wconf 88' lang='lat' dir='ltr'><strong>ita</strong></span> <span class='ocrx_word' id='word_1_827' title='bbox 913 5057 1228 5128; x_wconf 88' lang='lat' dir='ltr'><strong>loquentem</strong></span> <span class='ocrx_word' id='word_1_828' title='bbox 1260 5078 1316 5111; x_wconf 78' lang='grc' dir='ltr'>ει</span> <span class='ocrx_word' id='word_1_829' title='bbox 1344 5059 1404 5112; x_wconf 86' lang='lat' dir='ltr'><strong>ln</strong></span> <span class='ocrx_word' id='word_1_830' title='bbox 1452 5073 1561 5128; x_wconf 90' lang='lat' dir='ltr'><strong>quo</strong></span> <span class='ocrx_word' id='word_1_831' title='bbox 1606 5057 1808 5128; x_wconf 78' lang='lat' dir='ltr'><strong>signati</strong></span> <span class='ocrx_word' id='word_1_832' title='bbox 1853 5057 1989 5112; x_wconf 89' lang='lat' dir='ltr'><strong>estis</strong></span> <span class='ocrx_word' id='word_1_833' title='bbox 2039 5056 2096 5111; x_wconf 90' lang='lat' dir='ltr'><strong>in</strong></span> 
     </span>
    </p>
   </div>
   <div class='ocr_carea' id='block_1_99' title="bbox 510 5149 2090 5220">
    <p class='ocr_par' dir='ltr' id='par_1_99' title="bbox 510 5149 2090 5220">
     <span class='ocr_line' id='line_1_99' title="bbox 510 5149 2090 5220; baseline 0 -18"><span class='ocrx_word' id='word_1_834' title='bbox 510 5150 653 5204; x_wconf 86' lang='lat' dir='ltr'><strong>diem</strong></span> <span class='ocrx_word' id='word_1_835' title='bbox 675 5149 1084 5220; x_wconf 87' lang='lat' dir='ltr'><strong>redemptionis.</strong></span> <span class='ocrx_word' id='word_1_836' title='bbox 1112 5169 1131 5200; x_wconf 73' lang='grc' dir='ltr'>ι</span> <span class='ocrx_word' id='word_1_837' title='bbox 1153 5150 1296 5217; x_wconf 81' lang='lat' dir='ltr'><strong>Quin</strong></span> <span class='ocrx_word' id='word_1_838' title='bbox 1312 5160 1366 5204; x_wconf 89' lang='lat' dir='ltr'><strong>et</strong></span> <span class='ocrx_word' id='word_1_839' title='bbox 1385 5149 1697 5218; x_wconf 88' lang='lat' dir='ltr'><strong>Stephanus</strong></span> <span class='ocrx_word' id='word_1_840' title='bbox 1719 5149 1792 5203; x_wconf 88' lang='lat' dir='ltr'><strong>ita</strong></span> <span class='ocrx_word' id='word_1_841' title='bbox 1811 5149 2090 5218; x_wconf 84' lang='lat' dir='ltr'><strong>loquitur:</strong></span> 
     </span>
    </p>
   </div>
   <div class='ocr_carea' id='block_1_100' title="bbox 559 5237 2091 5313">
    <p class='ocr_par' dir='ltr' id='par_1_100' title="bbox 559 5237 2091 5313">
     <span class='ocr_line' id='line_1_100' title="bbox 559 5237 2091 5313; baseline 0.001 -21"><span class='ocrx_word' id='word_1_842' title='bbox 559 5237 671 5296; x_wconf 82' lang='lat' dir='ltr'><strong>Vus</strong></span> <span class='ocrx_word' id='word_1_843' title='bbox 698 5256 916 5313; x_wconf 86' lang='lat' dir='ltr'><strong>semper</strong></span> <span class='ocrx_word' id='word_1_844' title='bbox 932 5240 1164 5312; x_wconf 90' lang='lat' dir='ltr'><strong>Spiritui</strong></span> <span class='ocrx_word' id='word_1_845' title='bbox 1183 5249 1378 5296; x_wconf 85' lang='lat' dir='ltr'><strong>sancto</strong></span> <span class='ocrx_word' id='word_1_846' title='bbox 1404 5241 1701 5305; x_wconf 79' lang='lat' dir='ltr'><strong>obsistitis,</strong></span> <span class='ocrx_word' id='word_1_847' title='bbox 1733 5241 1878 5295; x_wconf 90' lang='lat' dir='ltr'><strong>sicut</strong></span> <span class='ocrx_word' id='word_1_848' title='bbox 1905 5248 2091 5310; x_wconf 88' lang='lat' dir='ltr'><strong>patres</strong></span> 
     </span>
    </p>
   </div>
   <div class='ocr_carea' id='block_1_101' title="bbox 2201 5032 3788 5119">
    <p class='ocr_par' dir='ltr' id='par_1_101' title="bbox 2201 5032 3788 5119">
     <span class='ocr_line' id='line_1_101' title="bbox 2201 5032 3788 5119; baseline -0.012 -12"><span class='ocrx_word' id='word_1_849' title='bbox 2201 5056 2354 5106; x_wconf 86' lang='grc' dir='ltr'>πεῖτε</span> <span class='ocrx_word' id='word_1_850' title='bbox 2385 5051 2447 5104; x_wconf 81' lang='grc' dir='ltr'><strong>τὸ</strong></span> <span class='ocrx_word' id='word_1_851' title='bbox 2475 5049 2700 5119; x_wconf 86' lang='grc' dir='ltr'>Πνεῦμα</span> <span class='ocrx_word' id='word_1_852' title='bbox 2727 5046 2788 5100; x_wconf 83' lang='grc' dir='ltr'><strong>τὸ</strong></span> <span class='ocrx_word' id='word_1_853' title='bbox 2824 5045 3001 5112; x_wconf 73' lang='grc' dir='ltr'>ἅγιον,</span> <span class='ocrx_word' id='word_1_854' title='bbox 3059 5059 3078 5094; x_wconf 80' lang='grc'>›</span> <span class='ocrx_word' id='word_1_855' title='bbox 3109 5038 3251 5094; x_wconf 78' lang='grc' dir='ltr'>κατὰ</span> <span class='ocrx_word' id='word_1_856' title='bbox 3299 5037 3392 5092; x_wconf 79' lang='grc' dir='ltr'><strong>τὸν</strong></span> <span class='ocrx_word' id='word_1_857' title='bbox 3437 5033 3648 5089; x_wconf 86' lang='grc' dir='ltr'>Παῦλον</span> <span class='ocrx_word' id='word_1_858' title='bbox 3691 5032 3788 5088; x_wconf 79' lang='grc' dir='ltr'><strong>τὸν</strong></span> 
     </span>
    </p>
   </div>
   <div class='ocr_carea' id='block_1_102' title="bbox 2199 5121 3790 5212">
    <p class='ocr_par' dir='ltr' id='par_1_102' title="bbox 2199 5121 3790 5212">
     <span class='ocr_line' id='line_1_102' title="bbox 2199 5121 3790 5212; baseline -0.014 -14"><span class='ocrx_word' id='word_1_859' title='bbox 2199 5145 2458 5212; x_wconf 79' lang='grc' dir='ltr'>λέγοντα·</span> <span class='ocrx_word' id='word_1_860' title='bbox 2496 5162 2515 5194; x_wconf 76' lang='grc' dir='ltr'>ι</span> <span class='ocrx_word' id='word_1_861' title='bbox 2549 5141 2640 5194; x_wconf 81' lang='grc' dir='ltr'>Ἐν</span> <span class='ocrx_word' id='word_1_862' title='bbox 2684 5131 2728 5207; x_wconf 80' lang='grc' dir='ltr'><strong>ᾧ</strong></span> <span class='ocrx_word' id='word_1_863' title='bbox 2779 5131 3182 5204; x_wconf 85' lang='grc' dir='ltr'>ἐσφραγίσθητε</span> <span class='ocrx_word' id='word_1_864' title='bbox 3212 5131 3292 5194; x_wconf 89' lang='grc' dir='ltr'><strong>είς</strong></span> <span class='ocrx_word' id='word_1_865' title='bbox 3325 5127 3539 5201; x_wconf 81' lang='grc' dir='ltr'>ἡμέραν</span> <span class='ocrx_word' id='word_1_866' title='bbox 3579 5121 3790 5178; x_wconf 81' lang='grc' dir='ltr'>ἀπολυ-</span> 
     </span>
    </p>
   </div>
   <div class='ocr_carea' id='block_1_103' title="bbox 2201 5216 3786 5309">
    <p class='ocr_par' dir='ltr' id='par_1_103' title="bbox 2201 5216 3786 5309">
     <span class='ocr_line' id='line_1_103' title="bbox 2201 5216 3786 5309; baseline -0.014 -19"><span class='ocrx_word' id='word_1_867' title='bbox 2201 5234 2474 5309; x_wconf 82' lang='grc' dir='ltr'>τρώσεως.</span> <span class='ocrx_word' id='word_1_868' title='bbox 2516 5253 2536 5286; x_wconf 70' lang='grc' dir='ltr'>ι</span> <span class='ocrx_word' id='word_1_869' title='bbox 2583 5231 2694 5285; x_wconf 73' lang='grc' dir='ltr'>Καὶ</span> <span class='ocrx_word' id='word_1_870' title='bbox 2723 5230 2754 5282; x_wconf 88' lang='grc' dir='ltr'><strong>ό</strong></span> <span class='ocrx_word' id='word_1_871' title='bbox 2785 5226 3056 5296; x_wconf 78' lang='grc' dir='ltr'>Στέφανος</span> <span class='ocrx_word' id='word_1_872' title='bbox 3091 5223 3151 5278; x_wconf 87' lang='grc' dir='ltr'><strong>δέ</strong></span> <span class='ocrx_word' id='word_1_873' title='bbox 3179 5222 3328 5292; x_wconf 81' lang='grc' dir='ltr'>λέγει</span> <span class='ocrx_word' id='word_1_874' title='bbox 3348 5237 3362 5251; x_wconf 78' lang='grc' dir='ltr'><strong>ο</strong></span> <span class='ocrx_word' id='word_1_875' title='bbox 3401 5237 3421 5272; x_wconf 81' lang='grc' dir='ltr'><strong>ι</strong></span> <span class='ocrx_word' id='word_1_876' title='bbox 3472 5217 3666 5288; x_wconf 82' lang='grc' dir='ltr'>Ὑμεῖς</span> <span class='ocrx_word' id='word_1_877' title='bbox 3695 5216 3786 5272; x_wconf 75' lang='grc' dir='ltr'><strong>ἀεὶ</strong></span> 
     </span>
    </p>
   </div>
   <div class='ocr_carea' id='block_1_104' title="bbox 583 5397 2093 5483">
    <p class='ocr_par' dir='ltr' id='par_1_104' title="bbox 583 5416 2051 5483">
     <span class='ocr_line' id='line_1_104' title="bbox 583 5416 2051 5483; baseline 0 -12"><span class='ocrx_word' id='word_1_878' title='bbox 583 5416 677 5471; x_wconf 85' lang='lat' dir='ltr'><strong>“l</strong></span> <span class='ocrx_word' id='word_1_879' title='bbox 708 5418 836 5474; x_wconf 83' lang='lat' dir='ltr'><strong>Cor.</strong></span> <span class='ocrx_word' id='word_1_880' title='bbox 876 5438 952 5483; x_wconf 78' lang='lat' dir='ltr'><strong>vt,</strong></span> <span class='ocrx_word' id='word_1_881' title='bbox 985 5420 1074 5473; x_wconf 80' lang='lat' dir='ltr'><strong>ll.</strong></span> <span class='ocrx_word' id='word_1_882' title='bbox 1152 5420 1196 5451; x_wconf 83' lang='grc'><strong>⁸⁷</strong></span> <span class='ocrx_word' id='word_1_883' title='bbox 1227 5419 1376 5474; x_wconf 86' lang='lat' dir='ltr'><strong>Psal.</strong></span> <span class='ocrx_word' id='word_1_884' title='bbox 1426 5433 1522 5472; x_wconf 89' lang='lat' dir='ltr'><strong>cm</strong></span> <span class='ocrx_word' id='word_1_885' title='bbox 1547 5461 1562 5482; x_wconf 91' lang='lat'><strong>,</strong></span> <span class='ocrx_word' id='word_1_886' title='bbox 1613 5422 1704 5476; x_wconf 76' lang='lat'><strong>30.</strong></span> <span class='ocrx_word' id='word_1_887' title='bbox 1815 5421 1860 5451; x_wconf 80' lang='grc'>⁸⁸</span> <span class='ocrx_word' id='word_1_888' title='bbox 1890 5418 2051 5472; x_wconf 83' lang='lat' dir='ltr'><strong>Rom.</strong></span> 
     </span>
    </p>
   </div>
   <div class='ocr_carea' id='block_1_105' title="bbox 2196 5397 3782 5483">
    <p class='ocr_par' dir='ltr' id='par_1_105' title="bbox 2196 5397 3782 5483">
     <span class='ocr_line' id='line_1_105' title="bbox 2196 5397 3782 5483; baseline -0.013 -13"><span class='ocrx_word' id='word_1_889' title='bbox 2196 5433 2235 5480; x_wconf 86' lang='lat' dir='ltr'><strong>I,</strong></span> <span class='ocrx_word' id='word_1_890' title='bbox 2270 5417 2359 5472; x_wconf 82' lang='grc' dir='ltr'>Η.</span> <span class='ocrx_word' id='word_1_891' title='bbox 2464 5415 2508 5446; x_wconf 75' lang='grc'>⁸³</span> <span class='ocrx_word' id='word_1_892' title='bbox 2532 5411 2576 5467; x_wconf 85' lang='lat' dir='ltr'><strong>ll</strong></span> <span class='ocrx_word' id='word_1_893' title='bbox 2605 5411 2731 5466; x_wconf 85' lang='lat' dir='ltr'><strong>Cor.</strong></span> <span class='ocrx_word' id='word_1_894' title='bbox 2763 5428 2817 5474; x_wconf 74' lang='grc' dir='ltr'><strong>ν,</strong></span> <span class='ocrx_word' id='word_1_895' title='bbox 2845 5411 2933 5483; x_wconf 72' lang='lat' dir='ltr'><strong>l7.</strong></span> <span class='ocrx_word' id='word_1_896' title='bbox 3113 5405 3235 5483; x_wconf 40' lang='lat' dir='ltr'><strong>fact.</strong></span> <span class='ocrx_word' id='word_1_897' title='bbox 3267 5419 3324 5468; x_wconf 75' lang='grc' dir='ltr'><strong>ν,</strong></span> <span class='ocrx_word' id='word_1_898' title='bbox 3347 5403 3402 5466; x_wconf 76' lang='grc'>5,</span> <span class='ocrx_word' id='word_1_899' title='bbox 3434 5400 3521 5483; x_wconf 45' lang='grc' dir='ltr'><strong>ΔΕΑ</strong></span> <span class='ocrx_word' id='word_1_900' title='bbox 3589 5398 3634 5433; x_wconf 77' lang='grc'>⁷³</span> <span class='ocrx_word' id='word_1_901' title='bbox 3667 5397 3782 5456; x_wconf 78' lang='lat' dir='ltr'><strong>Jcr.</strong></span> 
     </span>
    </p>
   </div>
   <div class='ocr_carea' id='block_1_106' title="bbox 510 5469 2093 5561">
    <p class='ocr_par' dir='ltr' id='par_1_106' title="bbox 510 5469 2093 5561">
     <span class='ocr_line' id='line_1_106' title="bbox 510 5469 2093 5561; baseline -0.001 -19"><span class='ocrx_word' id='word_1_902' title='bbox 510 5503 674 5556; x_wconf 73' lang='lat' dir='ltr'><strong>mu,</strong></span> <span class='ocrx_word' id='word_1_903' title='bbox 697 5490 751 5544; x_wconf 90' lang='grc'>7.</span> <span class='ocrx_word' id='word_1_904' title='bbox 823 5493 870 5525; x_wconf 81' lang='grc'><strong>⁷³</strong></span> <span class='ocrx_word' id='word_1_905' title='bbox 901 5469 1016 5546; x_wconf 74' lang='lat' dir='ltr'><strong>Jer.</strong></span> <span class='ocrx_word' id='word_1_906' title='bbox 1037 5504 1101 5553; x_wconf 82' lang='grc' dir='ltr'><strong>ιι,</strong></span> <span class='ocrx_word' id='word_1_907' title='bbox 1127 5487 1184 5544; x_wconf 85' lang='grc'><strong>6.</strong></span> <span class='ocrx_word' id='word_1_908' title='bbox 1257 5492 1306 5524; x_wconf 78' lang='grc'><strong>⁷³</strong></span> <span class='ocrx_word' id='word_1_909' title='bbox 1326 5489 1474 5548; x_wconf 84' lang='lat' dir='ltr'><strong>Psal.</strong></span> <span class='ocrx_word' id='word_1_910' title='bbox 1499 5469 1810 5561; x_wconf 45' lang='grc' dir='ltr'><strong>ιιιξιξιῖΞι.</strong></span> <span class='ocrx_word' id='word_1_911' title='bbox 1849 5490 1916 5524; x_wconf 74' lang='grc'><strong>’³⁸</strong></span> <span class='ocrx_word' id='word_1_912' title='bbox 1949 5489 2093 5545; x_wconf 80' lang='lat' dir='ltr'><strong>lsa.t</strong></span> 
     </span>
    </p>
   </div>
   <div class='ocr_carea' id='block_1_107' title="bbox 2196 5469 3632 5561">
    <p class='ocr_par' dir='ltr' id='par_1_107' title="bbox 2198 5469 3632 5552">
     <span class='ocr_line' id='line_1_107' title="bbox 2198 5469 3632 5552; baseline -0.012 -12"><span class='ocrx_word' id='word_1_913' title='bbox 2198 5469 2240 5550; x_wconf 64' lang='lat' dir='ltr'><strong>t,</strong></span> <span class='ocrx_word' id='word_1_914' title='bbox 2265 5469 2358 5552; x_wconf 69' lang='lat' dir='ltr'><strong>l3,</strong></span> <span class='ocrx_word' id='word_1_915' title='bbox 2374 5485 2464 5544; x_wconf 68' lang='lat' dir='ltr'><strong>l4.</strong></span> <span class='ocrx_word' id='word_1_916' title='bbox 2537 5485 2584 5516; x_wconf 74' lang='grc'><strong>⁷⁵</strong></span> <span class='ocrx_word' id='word_1_917' title='bbox 2611 5483 2632 5535; x_wconf 86' lang='lat' dir='ltr'><strong>l</strong></span> <span class='ocrx_word' id='word_1_918' title='bbox 2665 5483 2790 5538; x_wconf 86' lang='lat' dir='ltr'><strong>Cor.</strong></span> <span class='ocrx_word' id='word_1_919' title='bbox 2805 5469 2872 5548; x_wconf 65' lang='grc' dir='ltr'>ἰ,</span> <span class='ocrx_word' id='word_1_920' title='bbox 2903 5481 2956 5536; x_wconf 76' lang='grc'>4.</span> <span class='ocrx_word' id='word_1_921' title='bbox 3033 5478 3080 5512; x_wconf 84' lang='grc'><strong>⁷⁸</strong></span> <span class='ocrx_word' id='word_1_922' title='bbox 3109 5473 3311 5546; x_wconf 83' lang='lat' dir='ltr'><strong>Ephes.</strong></span> <span class='ocrx_word' id='word_1_923' title='bbox 3349 5487 3426 5538; x_wconf 85' lang='lat' dir='ltr'><strong>tv,</strong></span> <span class='ocrx_word' id='word_1_924' title='bbox 3455 5469 3546 5526; x_wconf 77' lang='lat'><strong>50.</strong></span> <span class='ocrx_word' id='word_1_925' title='bbox 3589 5487 3592 5492; x_wconf 93' lang='grc'><strong>·</strong></span> <span class='ocrx_word' id='word_1_926' title='bbox 3625 5496 3632 5502; x_wconf 91' lang='grc'><strong>·</strong></span> 
     </span>
    </p>
   </div>
   <div class='ocr_carea' id='block_1_108' title="bbox 481 5715 2092 5807">
    <p class='ocr_par' dir='ltr' id='par_1_108' title="bbox 481 5715 2092 5807">
     <span class='ocr_line' id='line_1_108' title="bbox 481 5715 2092 5807; baseline -0.004 -18"><span class='ocrx_word' id='word_1_927' title='bbox 481 5715 487 5728; x_wconf 84' lang='grc'><em>’</em></span> <span class='ocrx_word' id='word_1_928' title='bbox 579 5738 696 5804; x_wconf 71' lang='lat'><strong>(75)</strong></span> <span class='ocrx_word' id='word_1_929' title='bbox 733 5736 878 5792; x_wconf 81' lang='lat' dir='ltr'><strong>Edit.</strong></span> <span class='ocrx_word' id='word_1_930' title='bbox 898 5736 1142 5807; x_wconf 76' lang='lat' dir='ltr'><strong>Comritel</strong></span> <span class='ocrx_word' id='word_1_931' title='bbox 1173 5735 1594 5807; x_wconf 67' lang='lat' dir='ltr'><strong>,6pt&#39;bv._Reliq.</strong></span> <span class='ocrx_word' id='word_1_932' title='bbox 1613 5743 1662 5790; x_wconf 86' lang='lat' dir='ltr'><strong>et</strong></span> <span class='ocrx_word' id='word_1_933' title='bbox 1684 5749 1893 5807; x_wconf 47' lang='lat' dir='ltr'><strong>mss,“</strong></span> <span class='ocrx_word' id='word_1_934' title='bbox 1909 5727 2092 5807; x_wconf 56' lang='grc' dir='ltr'>ὴμξῦν.</span> 
     </span>
    </p>
   </div>
   <div class='ocr_carea' id='block_1_109' title="bbox 579 5798 2107 5875">
    <p class='ocr_par' dir='ltr' id='par_1_109' title="bbox 579 5798 2107 5875">
     <span class='ocr_line' id='line_1_109' title="bbox 579 5798 2107 5875; baseline -0.012 -2"><span class='ocrx_word' id='word_1_935' title='bbox 579 5798 698 5875; x_wconf 67' lang='lat'><strong>{76)</strong></span> <span class='ocrx_word' id='word_1_936' title='bbox 733 5808 878 5860; x_wconf 69' lang='lat' dir='ltr'><strong>Ean.</strong></span> <span class='ocrx_word' id='word_1_937' title='bbox 906 5808 1065 5875; x_wconf 64' lang='grc' dir='ltr'>ϐυιιε.</span> <span class='ocrx_word' id='word_1_938' title='bbox 1090 5798 1268 5863; x_wconf 72' lang='lat' dir='ltr'><strong>Vane&quot;.</strong></span> <span class='ocrx_word' id='word_1_939' title='bbox 1294 5815 1352 5862; x_wconf 84' lang='lat' dir='ltr'><strong>et</strong></span> <span class='ocrx_word' id='word_1_940' title='bbox 1384 5798 1580 5875; x_wconf 67' lang='lat' dir='ltr'><strong>Basili,</strong></span> <span class='ocrx_word' id='word_1_941' title='bbox 1609 5804 1765 5874; x_wconf 85' lang='grc' dir='ltr'>γοῦν.</span> <span class='ocrx_word' id='word_1_942' title='bbox 1797 5798 2107 5869; x_wconf 49' lang='grc' dir='ltr'>Είιίιζρετ</span> 
     </span>
    </p>
   </div>
   <div class='ocr_carea' id='block_1_110' title="bbox 507 5871 1105 5948">
    <p class='ocr_par' dir='ltr' id='par_1_110' title="bbox 507 5871 1105 5948">
     <span class='ocr_line' id='line_1_110' title="bbox 507 5871 1105 5948; baseline -0.003 -14"><span class='ocrx_word' id='word_1_943' title='bbox 507 5871 611 5934; x_wconf 72' lang='lat' dir='ltr'><strong>ns.</strong></span> <span class='ocrx_word' id='word_1_944' title='bbox 636 5871 695 5934; x_wconf 76' lang='lat' dir='ltr'><strong>et</strong></span> <span class='ocrx_word' id='word_1_945' title='bbox 719 5879 960 5948; x_wconf 45' lang='lat' dir='ltr'><strong>Anglic&quot;</strong></span> <span class='ocrx_word' id='word_1_946' title='bbox 983 5871 1105 5932; x_wconf 75' lang='grc' dir='ltr'>οὖν.</span> 
     </span>
    </p>
   </div>
   <div class='ocr_carea' id='block_1_111' title="bbox 2272 5721 3780 5848">
    <p class='ocr_par' dir='ltr' id='par_1_111' title="bbox 2272 5721 3780 5848">
     <span class='ocr_line' id='line_1_111' title="bbox 2272 5721 3780 5848; baseline -0.005 -69"><span class='ocrx_word' id='word_1_947' title='bbox 2272 5726 2389 5794; x_wconf 83' lang='grc'>(77)</span> <span class='ocrx_word' id='word_1_948' title='bbox 2420 5728 2670 5792; x_wconf 58' lang='lat' dir='ltr'><strong>Ain-orig.</strong></span> <span class='ocrx_word' id='word_1_949' title='bbox 2691 5733 2746 5781; x_wconf 86' lang='lat' dir='ltr'><strong>et</strong></span> <span class='ocrx_word' id='word_1_950' title='bbox 2773 5742 2922 5789; x_wconf 80' lang='lat' dir='ltr'><strong>mox,</strong></span> <span class='ocrx_word' id='word_1_951' title='bbox 2957 5723 3087 5848; x_wconf 45' lang='grc' dir='ltr'>τῆς,</span> <span class='ocrx_word' id='word_1_952' title='bbox 3121 5724 3322 5780; x_wconf 88' lang='lat' dir='ltr'><strong>desunt</strong></span> <span class='ocrx_word' id='word_1_953' title='bbox 3349 5724 3400 5778; x_wconf 91' lang='lat' dir='ltr'><strong>in</strong></span> <span class='ocrx_word' id='word_1_954' title='bbox 3420 5721 3744 5794; x_wconf 71' lang='lat' dir='ltr'><strong>Angiicano.</strong></span> <span class='ocrx_word' id='word_1_955' title='bbox 3767 5790 3780 5802; x_wconf 41' lang='lat'>.</span> 
     </span>
     <span class='ocr_line' id='line_1_112' title="bbox 2272 5789 3780 5848; baseline -0.003 0"><span class='ocrx_word' id='word_1_956' title='bbox 2272 5796 2388 5848; x_wconf 66' lang='lat'><strong>{78)</strong></span> <span class='ocrx_word' id='word_1_957' title='bbox 2426 5795 2576 5848; x_wconf 84' lang='lat' dir='ltr'><strong>Edit-</strong></span> <span class='ocrx_word' id='word_1_958' title='bbox 2605 5798 2869 5848; x_wconf 82' lang='lat' dir='ltr'><strong>Commel.</strong></span> <span class='ocrx_word' id='word_1_959' title='bbox 2915 5805 2970 5848; x_wconf 90' lang='lat' dir='ltr'><strong>et</strong></span> <span class='ocrx_word' id='word_1_960' title='bbox 3061 5796 3285 5848; x_wconf 71' lang='lat' dir='ltr'><strong>alicam.</strong></span> <span class='ocrx_word' id='word_1_961' title='bbox 3314 5793 3558 5848; x_wconf 74' lang='grc' dir='ltr'>οἰκέτης.</span> <span class='ocrx_word' id='word_1_962' title='bbox 3584 5789 3780 5848; x_wconf 63' lang='lat' dir='ltr'><strong>Geten</strong></span> 
     </span>
    </p>
   </div>
   <div class='ocr_carea' id='block_1_112' title="bbox 2271 5789 3784 5867">
    <p class='ocr_par' dir='ltr' id='par_1_112' title="bbox 2271 5789 3784 5867">
     <span class='ocr_line' id='line_1_113' title="bbox 2271 5789 3784 5867; baseline -0.004 -17"><span class='ocrx_word' id='word_1_963' title='bbox 2271 5789 2388 5867; x_wconf 70' lang='grc'>(78)</span> <span class='ocrx_word' id='word_1_964' title='bbox 2426 5795 2576 5867; x_wconf 72' lang='lat' dir='ltr'><strong>Edit.</strong></span> <span class='ocrx_word' id='word_1_965' title='bbox 2605 5789 2869 5867; x_wconf 85' lang='lat' dir='ltr'><strong>Commel.</strong></span> <span class='ocrx_word' id='word_1_966' title='bbox 2915 5805 2970 5850; x_wconf 91' lang='lat' dir='ltr'><strong>et</strong></span> <span class='ocrx_word' id='word_1_967' title='bbox 3001 5789 3558 5867; x_wconf 57' lang='lat' dir='ltr'><strong>_Vatican.,_oixemé.</strong></span> <span class='ocrx_word' id='word_1_968' title='bbox 3584 5789 3784 5848; x_wconf 64' lang='lat' dir='ltr'><strong>Ceteri</strong></span> 
     </span>
    </p>
   </div>
   <div class='ocr_carea' id='block_1_113' title="bbox 2199 5863 3539 5941">
    <p class='ocr_par' dir='ltr' id='par_1_113' title="bbox 2199 5863 3539 5941">
     <span class='ocr_line' id='line_1_114' title="bbox 2199 5863 3539 5941; baseline -0.008 -15"><span class='ocrx_word' id='word_1_969' title='bbox 2199 5863 2420 5941; x_wconf 33' lang='lat' dir='ltr'><strong>etjedit.</strong></span> <span class='ocrx_word' id='word_1_970' title='bbox 2441 5865 2642 5937; x_wconf 71' lang='lat' dir='ltr'><strong>Paris,</strong></span> <span class='ocrx_word' id='word_1_971' title='bbox 2679 5866 2886 5937; x_wconf 78' lang='grc' dir='ltr'>ἱκέτης,</span> <span class='ocrx_word' id='word_1_972' title='bbox 2917 5875 2981 5922; x_wconf 63' lang='lat' dir='ltr'><strong>ct»</strong></span> <span class='ocrx_word' id='word_1_973' title='bbox 2997 5865 3074 5921; x_wconf 90' lang='lat' dir='ltr'><strong>ita</strong></span> <span class='ocrx_word' id='word_1_974' title='bbox 3105 5867 3229 5932; x_wconf 77' lang='lat' dir='ltr'><strong>legit</strong></span> <span class='ocrx_word' id='word_1_975' title='bbox 3258 5863 3539 5919; x_wconf 73' lang='lat' dir='ltr'><strong>Nannius-</strong></span> 
     </span>
    </p>
   </div>
  </div>
