4048 6406
200 406 253 458 57

930 408 1015 461 DE
1051 406 1370 462 COMMUNl
1402 405 1739 462 ESSENTIA
1774 408 1831 462 Pi

1916 406 2025 460 RlS
2063 406 2151 460 ET
2187 404 2347 459 FlLll
2383 403 2476 459 ET
2513 402 2687 461 SPIR.
2727 402 2790 461 S.
3433 411 3509 467 58

202 517 266 587 τῷ
295 518 605 589 Πνεύματι
647 522 740 592 τῷ
789 525 932 593 ἁγίῳ
974 524 1340 587 ἀντιπίπτετε,
1375 525 1449 585 ὠς
1491 527 1540 577 οι
1589 527 1821 598 πατέρες

1925 527 2091 578 vestri
2112 525 2178 579 ⁷⁸.
2205 544 2225 576 ι
2242 524 2417 579 Isaias
2448 539 2616 593 porro
2637 523 2771 577 dicit
2792 542 2805 577 :
2829 542 2849 576 ι
2875 522 3357 583 Exacerbaverunt
3386 526 3506 599 Spi-

205 605 364 676 ὑμῶν.
428 628 450 658 ι
536 610 670 662 Καὶ
722 614 755 665 6
821 611 1043 674 Ἡσαΐας
1090 610 1270 677 λέγει·
1326 630 1343 660 ι
1402 610 1732 678 Παρώξυναν
1757 609 1819 663 τὸ

208 697 416 768 Πνεῦμα.
441 699 510 752 τὸ
539 703 742 769 ἆγιον.
773 723 794 754 ι
818 698 928 756 Καὶ
956 701 1194 774 ἑτέρωθι·
1227 721 1245 751 ε
1277 698 1436 764 Οἶκος
1464 702 1656 755 Ἰακὼὸ
1678 718 1819 771 παρ-

213 788 397 860 ὠργισε
439 790 508 843 τὸ
556 792 822 862 Πνεῦμα
850 791 1071 863 Κυρίου.
1111 811 1130 844 ι
1177 789 1335 843 Ἀλλὰ
1361 788 1546 842 δοῦλον
1575 789 1706 843 αὐτὸ
1734 789 1821 841 λέ-

218 897 317 950 γεις
337 897 351 911 ⁸
390 899 408 931 ι
449 882 515 935 '0
544 882 761 946 δοῦλος
780 884 885 936 οὐκ
916 880 1015 936 οἶδε
1047 883 1100 935 τί
1121 885 1263 935 ποιεῖ
1288 881 1451 934 αὑτοῦ
1483 884 1511 934 6
1540 881 1739 953 Κύριος
1763 898 1812 934 οι

229 973 272 1025 ιδ
295 973 349 1026 δὲ
374 973 617 1045 Πνεῦμα
654 975 849 1038 οὕτως
872 970 976 1029 οἶδε
1005 973 1072 1027 τὰ
1094 974 1186 1027 τοῦ
1219 973 1376 1037 Θεοῦ,
1400 972 1474 1036 ὡς
1502 973 1563 1026 τὸ
1600 971 1817 1044 πνεῦμα

230 1065 307 1120 τοῦ
340 1066 662 1141 ἀνθρώπου,
698 1069 766 1121 τὸ
804 1070 864 1121 ὲν
898 1066 1061 1137 αὐτῷ.

496 1159 593 1215 26.
639 1159 786 1212 Ὀτι
824 1162 858 1213 ὁ
898 1158 1026 1224 Υιὸς
1052 1158 1336 1224 ἀληθινὸς
1367 1158 1530 1223 Θεός.

310 1249 365 1303 '0
399 1249 658 1320 Ἰωάννης
694 1249 907 1319 γράφει
941 1249 996 1300 ὲν
1026 1250 1090 1318 τῇ
1134 1247 1419 1317 Ἐπιστολῇ
1441 1263 1454 1277 ·
1497 1266 1515 1297 ι
1559 1244 1816 1315 Οἴδαμεν,

242 1341 364 1395 δτιὸ
395 1339 518 1401 Υἱὸς
543 1338 640 1392 τοῦ
671 1338 818 1392 Θεοῦ
844 1340 988 1409 ἥκει,
1015 1339 1108 1389 καὶ
1135 1337 1364 1389 δέδωκεν
1394 1339 1527 1406 ἡμῖν
1556 1336 1815 1399 διάνοιαν,

246 1433 324 1485 ἵνα
355 1430 712 1500 γινώσκωμεν
740 1430 839 1482 τὸν
867 1429 1113 1500 ἀληθινὸν
1140 1429 1291 1492 Θεὸν,
1332 1429 1423 1482 καί
1453 1432 1622 1497 ὲσμεν
1652 1430 1708 1483 ἐν
1741 1429 1818 1499 τῷ

244 1522 467 1594 ἀληθινῷ
527 1520 646 1592 Υἱῴ
698 1520 878 1574 αὐτοῦ
917 1519 1087 1591 Ἰησοῦ
1131 1519 1369 1591 Χριστῷ.
1403 1514 1569 1582 Οὗτός
1611 1521 1756 1573 ἐστιν
1789 1521 1818 1570 ὁ

244 1613 481 1683 ἀληθινὸς
509 1613 667 1675 Θεὸς,
694 1611 794 1665 καὶ
828 1613 861 1682 ή
893 1610 1058 1681 ζωὴὴ
1090 1610 1304 1673 αἰώνιος
1335 1611 1467 1682 (79).
1512 1630 1531 1662 ι

441 1704 535 1758 27.
566 1705 688 1757 "Ott
729 1702 927 1772 μέγας
956 1702 1098 1767 Θεὸς
1123 1702 1348 1769 ἐκλήθη
1376 1705 1408 1755 ὁ
1448 1703 1599 1768 Υἱός.

317 1797 373 1851 Ὀ
413 1795 741 1859 Ἀπόστολος
787 1794 929 1865 πρὸς
959 1795 1146 1846 Τῖτονο
1180 1810 1199 1844 ι
1238 1793 1664 1864 Προσδεχόμενοι
1716 1793 1814 1864 τὴν

1921 617 2085 669 ritum
2134 622 2394 670 sanctum
2442 614 2511 670 "’.
2552 633 2571 667 ι
2617 612 2685 668 Et
2713 614 2843 669 alibi
2875 633 2931 668 τι
2954 613 3163 672 Domus
3194 615 3368 674 Jacob
3406 634 3504 675 ex-

1920 707 2199 761 acerbavit
2230 704 2495 775 Spiritum
2525 703 2743 759 Domini
2779 706 2846 759 7°.
2874 725 2893 758 ι
2914 707 2985 760 At
3016 715 3074 761 tu
3097 708 3248 764 illum
3277 724 3500 765 servum

1919 797 2092 862 dicis;
2124 797 2220 852 sed
2240 837 2254 860 ,
2279 817 2297 848 ι
2324 795 2529 852 Servus
2556 798 2769 864 nescit,
2803 798 2935 868 quid
2968 798 3295 855 faciat-suus
3323 800 3503 858 domia

1920 904 2026 943 nus
2046 889 2113 941 7’.
2142 909 2160 941 ι
2182 888 2423 957 Spiritus
2447 899 2632 944 autem
2665 892 2739 944 ita
2766 891 2920 945 novit
2947 907 3009 945 ea
3030 930 3045 956 ,
3067 907 3189 961 qua:
3210 901 3341 948 sunt
3368 891 3494 963 Dei,

1925 988 1982 1032 ut
2021 978 2248 1047 spiritus
2280 979 2520 1036 hominis
2541 1020 2556 1045 ,
2588 982 2682 1051 qui
2712 982 2885 1049 estin
2914 982 3034 1052 ipso
3061 983 3127 1036 ⁸ο.

2205 1159 2299 1213 26.
2345 1159 2498 1225 Quod
2539 1158 2718 1213 Filius
2757 1161 2827 1213 sit
2866 1177 3013 1215 verus
3052 1161 3214 1218 Deus.

1988 1250 2227 1308 Joannes
2271 1250 2344 1301 ita
2390 1249 2446 1301 in
2486 1246 2731 1316 Epistula
2775 1249 3003 1303 scribit:
3043 1268 3061 1301 ι
3088 1247 3304 1306 Scimus
3345 1251 3494 1321 quod

1918 1346 2089 1400 Filius
2119 1343 2212 1398 Dei
2247 1342 2428 1401 venit,
2458 1347 2515 1396 et
2542 1341 2693 1395 dedit
2721 1341 2881 1396 nobis
2907 1350 3175 1407 mentem,
3207 1351 3264 1397 ut
3289 1357 3494 1413 cogno-

1919 1454 2137 1493 scamus
2168 1451 2356 1490 verum
2389 1432 2557 1487 Deum
2578 1472 2593 1495 ,
2627 1442 2682 1488 ct
2709 1448 2901 1488 sunms
2931 1434 2987 1487 in
3016 1450 3145 1489 vero
3169 1433 3306 1489 Filio
3333 1436 3492 1504 ejus,

1916 1529 2046 1589 Jesn
2075 1526 2319 1581 Christo.
2348 1523 2447 1581 llic
2472 1535 2559 1580 eat
2589 1539 2750 1579 verus
2771 1523 2915 1578 Deus
2936 1532 2992 1579 et
3020 1524 3135 1578 vita
3161 1536 3362 1581 aeterna
3383 1525 3488 1580 ⁸⁸.»

2550 1623 2573 1653 Ι

1992 1704 2094 1774 13
2123 1703 2214 1756 27.
2258 1699 2414 1767 Quod
2451 1698 2628 1753 Filius
2658 1708 2874 1754 vocatus
2914 1701 2981 1754 sit
3011 1717 3232 1770 magnus
3258 1699 3419 1755 Deus.

1985 1792 2284 1862 Apostolus
2339 1790 2407 1843 ad
2458 1788 2642 1842 Titum
2689 1807 2703 1843 :
2756 1807 2775 1840 ι
2826 1788 3219 1858 ExspeCIantes
3275 1790 3491 1845 beatam

244 1887 514 1961 μακαρίαν
554 1885 752 1939 ἐλπίδα
781 1884 881 1938 καὶ
914 1882 1229 1952 ἐπιφάνειαν
1263 1882 1365 1951 τῆς
1403 1882 1560 1952 δόξης
1592 1882 1686 1934 τοῦ
1723 1900 1818 1952 με-

1918 1901 2070 1954 spem
2101 1891 2153 1936 et
2187 1883 2481 1935 adventum
2511 1880 2697 1951 gloriae
2733 1882 2912 1951 magni
2950 1880 3065 1947 Dei,
3101 1893 3154 1936 et
3190 1883 3492 1939 Salvatoris

240 1980 398 2047 γὰλου
432 1977 602 2041 Θεοῦ,
633 1978 730 2030 καὶ
766 1976 1023 2047 Σωτῆρος
1056 1975 1212 2042 ἡμῶν
1248 1972 1422 2044 Ἰησοῦ
1462 1974 1720 2044 Χριστοῦ,
1754 1974 1813 2038 ὃς

241 2073 429 2125 ἔδωκεν
452 2070 649 2124 ἑαυτὸν
669 2069 813 2141 ὑπὲρ
840 2067 1013 2139 ἡμῶν.
1030 2087 1049 2119 ι
1069 2068 1126 2120 '0
1141 2067 1301 2131 αὐτὸς
1320 2067 1456 2137 πρὸς
1482 2066 1782 2137 Ῥωμαίους
1796 2081 1810 2095 ⁸

245 2180 263 2215 ι
295 2161 382 2225 Ἐξ
398 2155 475 2214 ὧν
509 2162 540 2213 6
570 2159 809 2231 Χριστὸς
838 2158 900 2211 τὸ
934 2158 1071 2213 κατὰ
1104 2158 1302 2230 σάρκα,
1322 2158 1355 2211 6
1381 2156 1455 2212 ὢν
1484 2157 1575 2210 ἐπὶ
1600 2157 1816 2211 πάντων

239 2256 362 2319 Θεὸς
380 2253 679 2325 εὐλογητὸς
702 2255 783 2318 εἰς
816 2253 943 2315 τοὺς
974 2251 1195 2314 αἰῶνας.
1228 2269 1248 2302 ι
1286 2251 1478 2321 Ἀμήν.

236 2367 330 2436 28.
350 2367 510 2436 Πρὸς
537 2368 682 2433 τοὺς
696 2365 1191 2436 ἐκλαμϐάνοντας
1217 2365 1300 2436 είς
1323 2362 1500 2436 Δὕϐριν·
1528 2362 1617 2436 τὸ,
1642 2382 1676 2436 «λ
1693 2365 1816 2436 Οὐκ

302 2431 496 2507 ἦλᾶοιλ
520 2431 775 2504 ποιῆσαι
800 2431 864 2489 td
892 2434 1117 2507 θέλημα
1138 2435 1201 2488 τὸ
1230 2431 1398 2501 ἐμὸν,
1429 2433 1589 2507 ima
1620 2433 1685 2487 τὸ
1720 2432 1812 2488 θές

300 2504 600 2579 λημαβῦ)
630 2508 739 2561 τοῦ
771 2506 1125 2575 πέμψαντός
1145 2520 1222 2573 με
1253 2504 1501 2571 Πατρός.

305 2599 364 2654 Εἰ
394 2599 669 2671 αἰσχύνην
698 2599 855 2670 φέρει
881 2596 958 2667 τῷ
1003 2594 1138 2667 Υἱῴ,
1165 2594 1227 2647 τὸ
1260 2593 1500 2665 πληροῦν
1525 2593 1583 2647 τὸ
1608 2592 1817 2663 θέλημα

240 2690 325 2746 τοῦ
354 2690 600 2762 Πατρδς,
635 2688 903 2759 αἰσχύνην
932 2687 1084 2759 φέρει
1115 2686 1207 2739 καὶ
1234 2684 1313 2757 τῷ
1336 2684 1472 2754 Θεῷ,
1504 2683 1599 2737 καὶ
1620 2684 1815 2754 Πατρὶ,

243 2782 475 2854 πληροῦν
517 2781 583 2834 τὸ
616 2780 833 2851 θέλημα
882 2779 977 2832 τοῦ
1021 2778 1264 2831 δικαίουο
1305 2794 1324 2827 ι
1362 2776 1583 2847 Θέλημα
1622 2796 1640 2827 ι
1687 2775 1814 2847 γὰρ,

240 2878 394 2947 φησιν
442 2877 472 2928 6
502 2873 692 2936 Aa6‘t8,
733 2872 887 2925 «τῶν
941 2871 1284 2945 φοϐουμένων
1339 2870 1500 2923 αὐτὸν
1542 2870 1754 2940 ποιήσει
1791 2872 1819 2921 6

242 2967 458 3038 Κύριος,
510 2966 609 3018 καὶ
648 2966 749 3035 τῆς
778 2963 1018 3035 δεήσεως
1059 2962 1236 3016 αὐτῶν
1276 2962 1669 3016 εἰσακούσεται.
1698 2980 1714 3012 ι
1757 2962 1819 3015 Εἰ

239 3061 432 3133 θνητῆς
469 3060 689 3130 φύσεως
717 3058 934 3128 θέλημα
970 3056 1209 3129 πληροῦν
1232 3057 1259 3108 ὁ
1283 3056 1414 3119 Θεὸς
1442 3057 1540 3109 οὐκ
1572 3055 1821 3126 αἰσχύνε-

238 3171 337 3217 ται,
354 3156 383 3206 6
405 3153 535 3215 Υἱὸς
556 3150 647 3204 διὰ
665 3150 766 3222 τὴν
789 3149 1052 3220 ἒνσαρκον
1073 3149 1379 3219 οἰκονομίαν
1401 3150 1492 3204 καὶ
1513 3148 1610 3220 τὴν
1634 3146 1816 3217 σχέσιν

1918 1977 2091 2029 nostri
2122 1973 2251 2028 Jesu
2286 1972 2509 2037 Christi,
2544 1973 2641 2041 qui
2681 1971 2831 2027 dedit
2872 1974 3223 2042 semetipsum
3259 1989 3357 2044 pro
3388 1992 3491 2029 n0-

1916 2067 2002 2122 bis
2026 2068 2090 2118 ⁸³.
2115 2085 2134 2117 ι
2171 2064 2313 2120 Idem
2344 2064 2410 2118 ad
2449 2063 2729 2119 Romanos
2758 2084 2771 2118 :
2809 2083 2827 2114 ι
2862 2064 2934 2118 Ex
2976 2065 3175 2134 quibus
3216 2064 3490 2134 Christus,

1917 2159 2219 2214 secundum
2265 2172 2508 2225 carnem,
2543 2158 2639 2227 qui
2681 2166 2765 2213 est
2810 2173 2977 2229 super
3005 2160 3187 2215 omnia
3217 2160 3358 2217 Deus
3396 2162 3492 2217 be-

1916 2248 2169 2304 nedictus
2199 2248 2256 2302 in
2286 2249 2505 2305 saecula.
2535 2248 2711 2304 Amen
2730 2250 2796 2303 ⁸³.
2832 2270 2852 2303 ›

1915 2363 2314 2435 28.___Adversua
2357 2381 2466 2427 eos,
2516 2365 2608 2435 qui
2636 2364 2745 2435 [ρος
2770 2366 2969 2419 dictum
3015 2366 3084 2419 ad
3117 2368 3489 2421 contumeliam

1990 2432 2165 2503 (Filii)
2213 2432 2537 2505 accipiunt,'
2565 2454 2584 2486 ‹
2618 2433 2743 2505 Non
2792 2439 2902 2489 veni
2954 2436 3128 2505 facere
3172 2438 3490 2494 roluntatem

1988 2520 2177 2566 meam,
2210 2504 2299 2557 sed
2330 2507 2649 2577 voluntatem
2683 2504 2886 2572 Patris,
2915 2504 3004 2575 qui
3029 2509 3169 2561 misit
3204 2524 3282 2561 me
3298 2508 3365 2563 ⁸⁸.
3393 2527 3413 2562 ι

1992 2595 2047 2650 Si
2078 2596 2277 2665 probro
2306 2606 2389 2651 est
2418 2596 2555 2650 Filio
2588 2595 2888 2667 adimplere
2923 2600 3258 2654 voluntatem
3285 2599 3487 2669 Patris,

1920 2688 2118 2758 probro
2149 2704 2365 2759 quoque
2396 2699 2484 2744 est
2513 2688 2642 2751 Deo,
2673 2697 2727 2743 et
2760 2688 2931 2752 Patri,
2962 2691 3260 2762 adimplere
3295 2693 3491 2747 volun-

1919 2788 2082 2834 tatem
2111 2780 2279 2850 justi;
2310 2780 2478 2834 David
2520 2781 2665 2834 enim
2714 2783 2825 2835 ait:
2858 2802 2876 2833 ι
2909 2780 3255 2838 Voluntatem
3286 2784 3488 2837 timen-

1919 2874 2052 2926 tium
2096 2889 2154 2928 se
2198 2872 2360 2931 faciet
2390 2872 2673 2938 Dominus,
2726 2883 2779 2929 et
2810 2875 3244 2947 deprecationem
3299 2892 3487 2931 eorum

1919 2966 2171 3020 exaudiet
2195 2965 2260 3019 ⁸⁸.
2298 2985 2317 3018 ι
2349 2964 2504 3031 Quod
2537 2967 2583 3021 si
2614 2965 2776 3032 Deus,
2818 2968 3121 3038 adimplens
3155 2970 3487 3023 voluntatem

1921 3058 2255 3124 mortalium,
2280 3073 2388 3111 non
2414 3057 2748 3114 suffunditur
2765 3060 3006 3131 pudore;
3039 3059 3207 3114 Filius
3231 3060 3395 3131 igitur
3416 3060 3488 3115 ob

1925 3149 2172 3204 humana:
2208 3151 2390 3206 carnis
2431 3138 2893 3222 dispensationem
2942 3159 2996 3207 et
3042 3152 3288 3206 habitum
3328 3150 3488 3206 nobis

237 3246 326 3317 τὴν
363 3247 503 3318 7:96;
536 3246 712 3317 ἡμᾶς,
754 3244 853 3298 καὶ⁵
901 3242 1233 3297 κατάστασιν
1258 3243 1356 3313 τὴν
1401 3241 1673 3314 δουλικὴν,
1720 3239 1817 3312 τὴν

1921 3240 2358 3307 convenientem,
2386 3250 2439 3297 et
2468 3242 2837 3299 conditionem
2870 3245 3145 3309 servilem,
3185 3259 3350 3314 quam
3390 3258 3490 3297 no-

237 3342 297 3396 δι’
323 3344 472 3414 ἡμᾶς
506 3340 841 3411 γενομένην,
867 3338 1043 3407 λέγων
1061 3354 1075 3367 ⁸
1106 3357 1123 3389 ι
1149 3339 1264 3391 Οὐκ
1291 3334 1452 3409 ἦλθον
1494 3338 1714 3407 ποιῆσαι
1752 3337 1814 3389 τὸ

238 3435 358 3506 tuba
409 3434 661 3503 θέλημα,
702 3452 722 3484 ι
760 3431 1006 3483 τουτέστι
1037 3431 1096 3483 τὸ
1146 3431 1241 3500 τῆς
1283 3430 1481 3502 σαρκὸς
1505 3470 1519 3494 ,
1560 3429 1746 3501 ἐπειδὴ
1781 3429 1813 3500 ἡ

239 3529 367 3599 σὰρξ
390 3528 496 3581 ἰδία
522 3524 719 3588 αὑτοῦ,
751 3544 771 3576 ι
801 3523 940 3577 ἀλλὰ
964 3523 1023 3576 τὸ
1054 3523 1146 3576 τοῦ
1173 3524 1411 3594 Πατρὸςο
1442 3544 1460 3575 ι
1487 3523 1731 3575 τουτέστι
1755 3521 1815 3574 τὸ

238 3617 439 3671 θεῖκόν’
469 3616 544 3688 μὴ
582 3611 676 3668 οὖν
717 3615 804 3676 εἰς
850 3613 1122 3665 εὐτέλειαν
1170 3610 1611 3682 ἐκλαμϐανέσθω,
1636 3613 1683 3662 εξ
1724 3611 1816 3662 καὶ

234 3712 304 3763 τὰ
331 3710 559 3778 μάλιστα
594 3707 859 3760 ἐκλύεται
893 3703 1072 3757 αὐτῶν
1114 3706 1146 3775 ἡ
1181 3705 1428 3757 ἐπίνοια·
1462 3722 1480 3753 ι
1510 3701 1815 3773 Προσῆλθεν

234 3802 382 3873 αύτῷ
404 3803 621 3874 λεπρὸς,
653 3797 977 3870 γονυπετῶν
1019 3798 1111 3850 καὶ
1146 3797 1319 3864 λέγων
1339 3814 1350 3827 ⁸
1385 3795 1576 3867 Κύριε,
1608 3794 1701 3847 ἐὰν
1731 3793 1817 3847 θέ-

232 3895 348 3966 λῃς,
377 3894 602 3948 δύνασαί
641 3911 713 3964 με
766 3888 1095 3956 καθαρίσαι·
1125 3909 1143 3940 ι
1187 3888 1261 3961 μὴ
1299 3886 1627 3940 ἀπεσείσατο
1658 3886 1817 3940 αὐτὸν

235 3989 262 4039 6
285 3986 509 4056 Σωτὴρ;
544 3983 622 4055 μὴ
669 3978 822 4042 εἷπε,
851 3978 919 4031 Τί
950 3978 1288 4047 βλασφημεῖς
1312 4015 1327 4038 ,
1371 3974 1465 4029 ἐὰν
1491 3973 1600 4042 ἐγὼ
1640 3973 1813 4039 θέλω;

236 4079 324 4134 ἐὰν
364 4079 497 4152 θέλῃ
528 4080 559 4131 6
593 4075 764 4137 Θεός⁶
804 4072 928 4141 οὐχὶ
975 4068 1031 4121 δὲ
1073 4067 1287 4133 ἐδέξατο
1314 4066 1374 4119 τὸ
1417 4065 1816 4138 ἀπηρτισμένον

234 4175 328 4242 τῆς
349 4173 628 4233 πίστεως-ς
661 4165 811 4235 οὐχὶ,
851 4161 931 4231 τῷ
954 4161 1101 4233 αύτῷ
1132 4160 1274 4230 λόγῳ
1318 4158 1639 4229 ἁντιτρέψας
1671 4156 1818 4228 αὐτῷ

233 4263 328 4333 τὴν
354 4259 655 4328 συλλαϐὴν,
705 4255 809 4326 τὴν
840 4251 1113 4323 σωτηρίαν
1143 4251 1347 4321 ἤγαγεν
1383 4248 1530 4319 αὐτῷ
1548 4289 1563 4312 ,
1610 4248 1780 4318 λέγων
1800 4264 1813 4278 ·

240 4371 259 4402 σ
289 4354 472 4418 eam,
504 4346 925 4420 καθαρίσθητι;
961 4362 981 4395 ι
1028 4341 1206 4396 Θέλων
1253 4340 1537 4413 καθαρίζει
1584 4338 1813 4410 λεπρόν·

234 4442 395 4497 θέλων
428 4441 701 4507 ζωοποιεῖ
727 4436 926 4509 νεκρόν
947 4452 962 4466 ·
1010 4434 1258 4505 ἠθέλησε,
1296 4434 1389 4488 καὶ
1416 4432 1603 4505 ἡγειρε
1636 4432 1818 4496 Λάζα-

235 4549 349 4605 ρονο
383 4536 479 4589 καὶ
512 4530 692 4588 αὐτοῦ
740 4529 860 4581 ἐστι
904 4527 1056 4596 φωνή
1076 4542 1090 4554 ·
1121 4542 1140 4575 ι
1170 4527 1373 4594 Ὠσπερ
1400 4524 1429 4575 6
1455 4523 1643 4594 Πατὴρ
1675 4520 1817 4592 ζωὴν

232 4627 339 4696 ἔχει
363 4628 419 4680 ὲν
451 4624 644 4694 ἑαυτῷ
666 4665 682 4687 ,
708 4620 885 4682 οὕτως
920 4620 1015 4671 καὶ
1052 4616 1130 4687 τῷ
1156 4616 1271 4687 Υἱῷ
1297 4616 1464 4669 ἔδωκε
1498 4613 1641 4685 ζωὴν
1675 4613 1816 4683 ἔχειν

234 4720 287 4770 ὲν
312 4718 485 4789 ἐαυτῷ
509 4735 524 4748 ·
562 4737 584 4770 ι
622 4715 723 4769 καὶ
752 4712 946 4766 πάλιν⁸
982 4727 1001 4759 ι
1033 4710 1240 4780 Ὠσπερ
1261 4710 1289 4762 6
1330 4708 1522 4777 Πατὴρ
1569 4705 1821 4771 ζωοποιεῖ

235 4812 351 4875 τοὺς
370 4810 630 4882 νεκροὺς,
656 4805 833 4868 οὕτως
862 4801 960 4856 καὶ
985 4803 1013 4854 6
1042 4802 1166 4865 Υἱὸς
1185 4800 1277 4864 οῦς
1306 4800 1466 4858 θέλει.
1488 4799 1767 4863 ζωοποιείο
1795 4818 1814 4849 ι

235 4903 323 4954 καί
345 4903 503 4955 τοῦτο
526 4897 707 4953 Δαὸὶδ
743 4895 925 4963 λέγει’
965 4911 984 4942 ι
1009 4892 1128 4945 Ὀτι
1153 4892 1289 4963 ὀργὴ
1326 4892 1384 4945 ὲν
1426 4890 1505 4961 τῷ
1531 4889 1686 4961 θυμῷ
1720 4891 1818 4943 αὑ·
1862 4942 1865 4947 ,

234 4993 342 5060 τοῦ,
369 4995 464 5048 καὶ
498 4992 622 5063 ζωὴ
656 4991 717 5043 ὲν
742 4987 822 5058 τῷ
859 4986 1127 5056 θελήματι
1160 4982 1344 5037 αὐτοῦ.
1372 5004 1391 5035 ι

235 5103 315 5159 ξ).
354 5108 512 5174 ante
548 5102 711 5174 τοὺς
733 5098 1053 5174 Was,
1075 5096 1177 5174 ι”ῖι
1214 5094 1548 5174 simini?
1567 5094 1817 5174 Σωτῆρα

297 5175 365 5243 τῇ
390 5164 573 5244 ᾖηὲρὶ
633 5164 763 5244 τῶν
792 5164 945 5222 orer
990 5165 1327 5221 Ζεϐεδαίου·
1370 5166 1431 5220 Τί
1480 5164 1706 5230 θέλεις-ς
1734 5165 1815 5230 ὠς

296 5241 669 5316 άέποοῦντός
704 5241 907 5295 ἐστιν.

296 5335 639 5411 Εὑρίσκομεν
676 5334 739 5386 ὲν
773 5332 846 5402 τῇ
878 5326 1094 5397 Παλαιᾷ
1122 5327 1362 5399 Διαθήκῃ
1382 5367 1396 5391 ,
1437 5326 1685 5394 λέγοντος
1718 5328 1810 5381 τοῦ

292 5490 334 5521 ⁷⁸
360 5491 476 5546 Act.
516 5506 622 5555 vn,
660 5486 758 5540 51.

235 5555 314 5616 20.
376 5564 422 5596 ⁸⁸
450 5563 564 5618 Tit.
604 5549 673 5621 ιι,
708 5556 803 5611 15.
836 5551 926 5605 14.
1003 5550 1050 5581 ⁸³
1076 5549 1232 5602 Rom.
1266 5566 1339 5610 Ix,
1368 5549 1420 5601 5.

239 5630 311 5684 ιο.
371 5635 416 5667 ⁸³
448 5633 587 5684 ibid.
617 5630 721 5684 41.
798 5624 849 5657 ⁸¹
884 5620 1046 5676 Joan.
1079 5636 1154 5684 xi,
1177 5620 1266 5674 45.
1343 5621 1420 5670 ὀ.

841 5481 890 5514 ⁷⁷
924 5479 1028 5534 lsa.
1073 5495 1231 5541 ut",
1264 5480 1349 5533 lO.
1429 5481 1474 5511 ⁷⁸
1503 5479 1660 5533 Mich.
1691 5498 1750 5545 ιι,
1777 5483 1829 5538 7.
1905 5485 1950 5515 ⁷⁸
1982 5482 2139 5537 Joan.
2167 5502 2255 5548 xv,
2295 5487 2381 5541 15.

1916 3335 2013 3389 stri
2051 3350 2216 3390 causa
2261 3337 2523 3407 suscepit,
2568 3354 2691 3392 cum
2722 3337 2854 3392 dicit
2888 3357 2901 3393 :
2935 3359 2952 3390 ι
2981 3337 3097 3392 Non
3140 3339 3261 3393 veni
3309 3337 3491 3394 facere

1914 3428 2245 3481 voluntatem
2281 3443 2479 3493 meam,
2511 3448 2531 3480 ι
2562 3430 2666 3485 hoc
2694 3438 2778 3484 est
2806 3430 2989 3485 carnis
3021 3445 3174 3491 mem.
3211 3450 3229 3481 ι
3260 3430 3355 3485 sed
3384 3428 3490 3483 Pa-

1915 3520 2037 3584 tris,
2061 3519 2107 3551 ⁸⁸
2140 3540 2159 3573 ι
2193 3520 2297 3575 hoc
2322 3529 2407 3576 est
2435 3521 2677 3576 divinam
2709 3523 3073 3589 voluntatem;
3099 3538 3166 3583 ne
3205 3522 3262 3576 in
3291 3522 3489 3592 despe-

1914 3619 2060 3662 clum
2111 3611 2315 3673 veniat,
2362 3611 2613 3680 quamvis
2661 3612 2879 3667 illorum
2934 3613 3202 3667 sententia
3249 3613 3488 3667 maxime

1916 3700 2115 3754 isthinc
2163 3701 2495 3755 dissolvatur
2535 3721 2547 3755 :
2586 3721 2605 3753 ‹
2636 3704 2884 3758 Accessit
2924 3704 2991 3757 ad
3038 3720 3162 3759 eum
3210 3705 3483 3774 loprosus,

1916 3805 2091 3859 genua
2132 3790 2377 3854 ﬂectens,
2409 3798 2464 3844 et
2509 3789 2667 3851 dixit,
2700 3789 2946 3853 Domine,
2976 3791 3022 3845 si
3050 3792 3156 3855 vis,
3201 3799 3357 3861 putes
3399 3806 3487 3846 me

1918 3881 2182 3935 nmndare
2201 3881 2266 3938 ⁸⁷.
2303 3902 2321 3934 ι
2354 3880 2509 3937 Hunc
2542 3882 2729 3952 igitur,
2766 3898 2835 3936 an
2870 3883 3057 3951 rejecit
3096 3882 3383 3937 Salvator?
3413 3898 3485 3936 an

1917 3973 2054 4027 dixit
2082 3975 2154 4041 ei,
2178 3974 2317 4042 Quid
2348 3975 2692 4044 blasphemas
2720 3991 2845 4031 cum
2873 3975 3032 4041 dicis,
3057 3976 3102 4031 si
3126 3977 3267 4038 volo,
3293 3990 3354 4031 ac
3375 3990 3487 4030 non

1919 4066 2099 4134 potius
2136 4065 2322 4121 Deus?
2347 4065 2487 4132 Quid
2534 4067 2701 4138 ergo?
2734 4083 2914 4123 nonne
2955 4067 3276 4138 approbavit
3317 4066 3489 4137 perfe-

1919 4158 2152 4213 ctionem
2181 4157 2301 4227 ejus
2329 4158 2490 4213 lidei?
2518 4174 2697 4213 nonne
2728 4158 2921 4214 iisdem
2961 4157 3299 4228 respondens
3321 4157 3487 4228 sylla-

1916 4249 2004 4305 bis
2066 4250 2297 4305 salutem
2355 4251 2434 4305 illi
2487 4251 2721 4306 contulit
2769 4252 2961 4307 dicens
3004 4269 3068 4308 τι
3118 4248 3273 4315 Volo,
3324 4264 3487 4303 mun-

1918 4341 2051 4398 dare
2072 4343 2159 4398 ⁸δῖ
2184 4363 2204 4396 ι
2233 4342 2436 4400 Volens
2467 4352 2664 4416 purgat
2694 4346 2968 4415 leprosum
2994 4363 3006 4399 :
3033 4343 3222 4399 volens
3248 4341 3489 4397 viviﬁcat

1921 4448 2234 4492 mortuum:
2268 4437 2458 4500 voluit,
2491 4445 2545 4493 et
2583 4438 2840 4493 excitavit
2870 4435 3138 4491 Lazarum
3152 4435 3218 4500 ⁸³,
3260 4434 3491 4503 ejusque

1921 4544 2023 4582 vox
2061 4536 2144 4584 est
2177 4548 2192 4584 :
2224 4546 2244 4581 ι
2277 4527 2430 4584 Sicut
2462 4529 2622 4585 Pater
2666 4531 2832 4586 vitam
2879 4530 3039 4584 habet
3069 4528 3127 4583 in
3168 4527 3485 4596 semetipso.

1848 4593 1894 4650 θ
1919 4619 1995 4674 ita
2026 4631 2081 4675 et
2123 4619 2259 4675 Filio
2317 4622 2466 4677 dedit
2498 4622 2666 4677 vitam
2706 4623 2908 4677 habere
2941 4622 2997 4675 in
3042 4618 3337 4688 semetipso
3357 4593 3423 4671 δ’.
3461 4635 3486 4670 ι

1922 4710 1986 4766 Et
2015 4728 2273 4767 rursum:
2305 4731 2323 4765 ι
2357 4712 2426 4769 Ut
2453 4713 2611 4768 Pater
2643 4713 2883 4768 viviﬁcat
2911 4721 3176 4776 mortuos,
3212 4710 3286 4764 ita
3311 4718 3365 4764 et
3397 4704 3489 4760 Fi-

1919 4802 2046 4863 lius.
2082 4818 2220 4872 quos
2250 4803 2384 4863 vult.
2419 4804 2654 4857 viviﬁcat
2671 4803 2714 4835 “
2750 4821 2763 4857 :
2799 4822 2817 4855 ι
2847 4800 2994 4872 quod
3033 4801 3211 4871 ipsum
3241 4799 3407 4854 etiam
3450 4810 3482 4847 a

1921 4892 2121 4948 Davide
2182 4895 2383 4948 dicitur
2426 4914 2439 4949 :
2489 4913 2507 4945 ι
2539 4895 2808 4959 Quoniam
2867 4895 2947 4947 ira
2995 4893 3049 4947 in
3116 4888 3489 4962 indignatione

1918 4985 2061 5052 ejus,
2091 4995 2144 5040 et
2182 4987 2293 5040 vita
2317 4986 2371 5040 in
2398 4987 2681 5041 voluntate
2710 4986 2829 5056 ejus
2850 4985 2916 5041 ".
2944 5005 2961 5037 ι

1920 5096 2008 5158 29.
2057 5097 2320 5153 Adversus
2350 5117 2439 5154 eos
2488 5102 2578 5166 qui
2612 5101 2812 5155 dicunt.
2847 5100 2997 5155 verba
3026 5098 3134 5152 Iure
3158 5093 3483 5158 Saluatoris,

1995 5166 2134 5232 Quid
2172 5170 2288 5222 vis?
2321 5172 2479 5223 matri
2500 5171 2733 5239 filiorum
2775 5170 3012 5224 Zebedwi
3037 5170 3201 5231 dicta,
3234 5166 3491 5236 ignoran-

1994 5241 2122 5291 tiam
2154 5255 2264 5307 pra:
2285 5257 2340 5293 se
2368 5241 2523 5309 ferre.

1991 5329 2302 5387 Invenimus
2325 5334 2377 5386 in
2396 5331 2577 5388 Veteri
2607 5331 2977 5395 Testamento,
3005 5330 3119 5384 haec
3148 5329 3297 5400 loqui
3315 5327 3495 5384 Deum

2484 5488 2528 5519 ⁸ο
2560 5487 2577 5539 l
2605 5487 2728 5542 Cor.
2762 5504 2820 5548 tl,
2848 5487 2934 5548 ll),
2968 5487 3053 5540 Η.
3127 5487 3169 5519 ⁸¹
3201 5484 3406 5543 lJoan.
3433 5499 3490 5546 ν,

1496 5550 1543 5582 ⁸⁵
1572 5548 1728 5604 Joan.
1765 5568 1837 5615 v1,
1869 5553 1958 5607 58.
2036 5553 2082 5585 ⁸⁸
2106 5554 2249 5610 Psal.
2282 5572 2460 5619 cxuv,
2492 5557 2577 5609 19.
2654 5556 2701 5587 ⁸⁸
2727 5554 2884 5611 Joan.
2911 5573 2985 5620 Vl,
3010 5556 3100 5612 '58.
3179 5557 3223 5587 ‘"
3253 5557 3420 5610 Marc.
3452 5570 3492 5616 ι,

296 5670 311 5686 .
371 5635 416 5667 ⁸³
448 5633 587 5690 ibid.
617 5618 721 5686 ﬂ.
798 5624 849 5657 ”
884 5620 1046 5676 Joan.
1079 5636 1154 5684 ιιι,
1177 5620 1266 5674 45.
1343 5621 1391 5652 ⁹⁰
1415 5618 1573 5675 Joan.
1599 5637 1652 5686 v,
1677 5622 1766 5675 ‘26.

1921 5623 2052 5679 ibid.
2080 5624 2170 5680 2|.
2247 5626 2292 5656 ⁹²
2310 5618 2453 5682 Psal.
2496 5642 2646 5687 χχιιι,
2671 5626 2723 5682 6.

290 5819 387 5884 {79)
430 5820 783 5875 Vaticanus.
819 5806 921 5884 καὶ
950 5803 1065 5884 ζωὴ
1091 5803 1327 5884 αίῴνιοςλ

422 5869 780 5958 Τδνθέλημα
810 5869 977 5936 deest
1013 5869 1068 5931 in
1122 5876 1255 5932 edit.
1290 5874 1576 5945 Commel.,
1605 5874 1701 5933 sed
1728 5873 1925 5947 legitur
1950 5874 2005 5928 in
2030 5873 2291 5930 Vaticano
2320 5882 2372 5930 et
2400 5872 2723 5945 Anglicano,
2751 5882 2804 5930 et
2827 5873 2881 5928 in
2905 5872 3136 5937 reliquis
3158 5869 3341 5928 editis.
3395 5914 3400 5919 .
