4048 6406
555 394 626 451 59
1682 400 1738 456 S.
1782 401 2244 462 ATHANASIUS.
2285 437 2353 447 -—
2379 406 2602 462 DUBIA.
3733 403 3797 460 60

557 513 624 567 ad
657 511 1003 568 Salomonem
1031 533 1044 568 :
1075 532 1094 566 ι
1124 513 1350 571 Postula
1380 534 1409 571 a
1436 534 1542 583 me,
1570 528 1623 574 et
1655 518 1850 576 laciam
1886 523 1983 577 tibi
2005 524 2075 581 ".
2107 543 2124 574 ι

2238 524 2368 578 Θεοῦ
2406 525 2677 596 Σολομῶνι
2698 542 2710 553 ·
2735 523 2874 592 ((81)
2895 523 3124 593 Αίτησαι
3151 523 3278 594 παρῗ
3300 519 3572 592 ὲμοῦ,καὶ’
3593 521 3799 591 ποιήσω

554 604 694 674 Quid
744 608 956 677 igitur?
985 623 1114 661 num
1169 617 1459 679 antequam
1511 614 1811 680 postularet
1848 613 2126 679 Salomon,

557 698 844 768 ignorabat
893 697 1054 766 Deus,
1081 701 1212 770 quid
1268 704 1358 758 ille
1403 705 1460 760 in
1508 706 1688 760 animo
1730 708 1988 764 haberet?
2033 713 2128 766 sed

555 792 673 844 vult
712 808 817 846 una
853 808 977 846 cum
1013 796 1322 863 cognitione
1355 795 1470 859 Dei,
1502 798 1851 854 manifestare
1886 805 2130 870 postula-

555 881 756 944 tiones,
793 892 850 936 ut
879 884 1054 953 inquit
1091 884 1332 941 Paulus:
1361 906 1379 938 ι
1414 886 1479 940 Ει
1506 889 1793 958 petitiones
1826 899 2019 946 vestra:
2052 893 2131 946 in-

555 984 844 1030 notescant
872 977 1013 1046 apud
1047 977 1216 1033 Deum
1241 981 1309 1036 ".
1344 1000 1362 1032 ι
1401 979 1456 1034 l'd
1489 990 1591 1043 est,
1628 982 1862 1037 indicate
1889 984 1964 1037 illi
1999 984 2126 1054 quid

556 1067 758 1130 velitis,
789 1083 894 1122 non
919 1077 1176 1139 tanquam
1202 1072 1493 1141 ignoranti,
1527 1073 1620 1128 sed
1645 1082 1900 1144 tanquam
1926 1076 2129 1131 bonum

555 1160 896 1228 propositum
929 1163 1275 1231 approbanti.

554 1247 946 1321 5()_1__Adversus
968 1269 1054 1304 eos
1083 1253 1174 1321 qui
1199 1251 1402 1315 dicunt,
1431 1255 1483 1308 in
1533 1257 1767 1311 ministri
1795 1257 1977 1311 ordine
2018 1273 2142 1312 esse

601 1315 828 1384 Filium,
853 1337 912 1374 eo
942 1322 1080 1392 quod
1095 1315 1289 1391 'o/ferat
1316 1321 1474 1378 Patri
1498 1326 1785 1382 Immunem
1808 1338 2084 1382 naturam.

626 1499 914 1572 Scriptura
953 1503 1161 1560 indicat
1200 1505 1438 1571 Patrem,
1492 1508 1764 1565 adducere
1807 1508 1874 1564 ad
1906 1509 2134 1567 Filium-

552 1592 696 1647 Audi
723 1608 958 1664 namque
985 1593 1183 1650 Filium
1215 1599 1331 1653 hac
1364 1599 1481 1669 ipsa
1523 1601 1836 1672 loquentem
1864 1621 1876 1656 :
1912 1620 1931 1650 ι
1960 1601 2131 1658 Nemo

554 1692 737 1753 potest
789 1687 976 1742 venire
1024 1688 1092 1742 ad
1145 1705 1253 1755 me,
1309 1691 1418 1747 nisi
1471 1690 1637 1748 Pater
1688 1708 1842 1751 meus
1890 1695 2140 1751 ctelostis

557 1775 786 1829 traxerit
815 1774 967 1830 illum
987 1780 1054 1834 ’⁸.
1088 1800 1106 1832 ι

2239 632 2341 668 σοι.
2365 635 2384 667 ι
2411 612 2536 686 'Ap’
2569 612 2662 669 οῦν
2697 616 2826 686 πρὶν
2859 615 3110 682 αἰτῆσαι,
3155 615 3254 666 οὐκ
3287 611 3402 684 ᾔδει
3436 609 3471 665 ά
3515 606 3628 682 εἶχε
3664 611 3801 665 κατὰ

2235 707 2447 778 ψυχήν;
2487 707 2645 760 Ἀλλά
2677 707 2924 778 βούλεται
2950 707 3096 776 ἡμᾶς
3129 704 3266 775 μετὰ
3303 705 3401 774 τῆς
3430 702 3682 772 γνώσεως
3709 702 3800 758 τοῦ

2236 799 2368 852 Θεοῦ
2398 799 2662 871 φανεροῦν
2684 799 2752 852 τὰ
2783 800 3080 869 αἰτήματα,
3103 797 3176 860 ὦς
3218 815 3349 868 φησι
3373 796 3582 859 Παῦλος
3601 813 3614 826 ·
3645 813 3664 848 ι
3694 797 3800 852 Καὶ

2235 893 2303 946 τὰ
2346 893 2625 964 αἰτήματα
2674 892 2824 964 ὑμῶν
2871 891 3216 963 γνωριζέσθω
3265 892 3400 963 πρὸς
3452 890 3543 943 τὸν
3583 891 3745 944 Θεὸν.⁸
3777 911 3794 944 ι

2236 988 2354 1041 ἀντὶ
2413 987 2536 1049 τοῦ,
2574 985 2872 1058 Γνωρίζετε
2903 984 3051 1055 αὐτῷ
3083 984 3133 1036 τί
3167 983 3367 1047 θέλετε,
3401 985 3498 1054 οὐχ
3541 984 3616 1048 ὡς
3642 985 3799 1052 ἀγνο-

2237 1081 2405 1147 οῦντι,
2435 1080 2547 1134 ἀλλ’
2580 1080 2655 1144 ὡς
2688 1079 2784 1150 τὴν
2826 1078 2994 1149 καλὴν
3028 1076 3284 1148 πρόθεσιν
3319 1075 3719 1146 ἀποδεχομένῳ.

2233 1263 2326 1318 30.
2370 1261 2536 1335 ΠρὸςΔ
2565 1261 2704 1335 τοὺς
2729 1257 3138 1335 -λέγσγιςαςιέκ
3166 1255 3462 1335 ὑπηρέτου
3490 1255 3800 1335 τίζξεξκεῖτ

2304 1325 2584 1392 σθιίι,τὸν
2627 1325 2834 1395 ’Υἱὸνξ
2871 1329 2969 1382 διὰ
2998 1327 3062 1381 τὸ
3111 1325 3470 1395 προσφέρειν
3499 1325 3580 1392 τῷ
3622 1329 3801 1397 Harp!

2305 1402 2422 1470 τὴν
2459 1402 2906 1469 ἀνθρωπότητα.

2314 1515 2381 1569 Ἥ
2409 1513 2599 1586 Γραφὴ
2654 1513 2894 1567 δείκνυσι
2938 1511 3028 1565 τὸν
3077 1509 3294 1582 Πατέρα
3347 1509 3693 1581 προσάγοντα
3730 1509 3804 1580 τῷ

2236 1605 2369 1678 Υἱῷ.
2393 1608 2589 1659 Ἀκουε
2623 1604 2732 1676 γὰρ
2758 1601 2852 1657 τοῦ
2875 1603 3004 1656 Υίοῦ
3031 1601 3275 1672 λέγοντος
3293 1619 3306 1632 ο
3331 1620 3350 1653 ι
3371 1601 3559 1664 Οὐδεὶς
3583 1599 3804 1656 δύναται

2237 1698 2374 1770 πρὸς
2425 1698 2493 1768 μὲ
2549 1696 2755 1760 ἐλθεῖν,
2799 1695 2893 1750 ἐὰν
2945 1693 3314 1767 μὴδἸΙατήρ
3349 1709 3452 1764 μου
3498 1691 3528 1743 6
3559 1690 3825 1764 οὐράνιος,

2239 1788 2445 1862 ἐλκύσῃ
2477 1787 2660 1842 αὐτόν.

555 1885 646 1940 51.
688 1886 950 1966 Adversus
983 1907 1069 1944 eos
1099 1893 1464 1966 quiuserviunt
1494 1895 1725 1960 vocibus,
1755 1906 1805 1952 et
1855 1916 1959 1954 non
2008 1917 2126 1954 sen-

2238 1901 2321 1955 51.
2361 1898 2518 1966 Πρὸς
2544 1897 2684 1964 τοὺς
2732 1896 3136 1966 δουλεύοντας
3163 1893 3404 1958 λέξεσι,
3441 1893 3538 1966 καὶ
3569 1893 3655 1964 μὴ
3685 1893 3808 1966 τοῖς

629 1959 804 2036 tentiis
838 1959 1134 2036 aegrarum
1191 1963 1491 2018 litterarum
1518 1981 1537 2018 :
1563 1976 1614 2020 et
1661 1959 1864 2036 faciunt
1914 1969 2136 2026 Patrem

629 2026 798 2082 Deum
829 2027 979 2086 Filii.

626 2145 926 2214 Apostolus
955 2146 1087 2201 dicit
1117 2165 1130 2201 :
1161 2166 1179 2199 ι
1206 2147 1346 2204 Deus
1374 2147 1590 2204 Domini
1618 2151 1794 2206 nostri
1822 2150 1952 2208 Jesu
1977 2153 2135 2209 Chri-

554 2236 646 2300 sti,
672 2235 832 2292 Pater
860 2239 1122 2309 gloriae".
1155 2259 1173 2292 ι
1211 2238 1376 2296 lsthic
1408 2256 1590 2297 rerum
1623 2244 1991 2299 mconomiam
2019 2246 2136 2301 dis-

561 2329 828 2397 pensavit,
863 2345 985 2384 nam
1051 2339 1106 2386 et
1147 2331 1376 2402 gloriam
1411 2332 1616 2390 Filium»
1653 2337 1992 2407 unigenitum
2040 2355 2135 2408 ap-

563 2420 784 2490 pellavit
809 2441 821 2476 :
847 2420 1032 2478 .Iesum
1066 2422 1349 2480 Christum
1382 2442 1510 2482 vero
1536 2428 1838 2483 nominavit
1870 2429 2136 2500 praedica-

561 2513 762 2566 tionem
819 2514 1273 2584 dispensationis.
1333 2515 1437 2589 14
1498 2517 1931 2589 Dispensationis
1987 2523 2132 2576 enim

557 2603 699 2659 Deus
735 2615 840 2665 est.
889 2607 1075 2676 gloria:
1106 2624 1235 2660 vero
1282 2607 1466 2664 Pater.
1520 2610 1578 2662 Si
1633 2626 1741 2664 nou
1772 2612 1953 2667 credis
2006 2613 2134 2666 huic

555 2697 724 2762 dicto,
752 2698 848 2753 sed
879 2699 1039 2752 aliam
1061 2699 1342 2755 existimas
1368 2717 1492 2757 esse
1515 2702 1768 2773 gloriam,
1795 2705 1953 2774 cuius
1974 2704 2136 2760 Pater

554 2787 700 2845 Deus
727 2798 839 2856 est;
883 2790 1045 2845 aliam
1074 2790 1244 2862 igitur
1274 2794 1691 2850 comminiscere
1725 2804 2001 2860 naturam,
2040 2813 2132 2853 su-

555 2882 862 2937 blimiorem
897 2880 1035 2936 Filio
1068 2903 1082 2938 :
1111 2889 1171 2937 ut
1199 2884 1290 2954 qui
1325 2893 1410 2939 est
1439 2883 1600 2941 Pater
1627 2888 1834 2956 gloriae,
1880 2889 2000 2959 ejus
2030 2889 2134 2944 Pa-

555 2983 635 3028 ter
665 2975 1010 3043 nominetur;
1047 2976 1217 3047 hujus
1241 2992 1372 3032 vero
1409 2975 1572 3035 Deus.
1607 2977 1792 3034 Gloria
1824 2983 1970 3037 enim
1996 2981 2128 3038 Uni-

552 3067 768 3137 genitus
806 3068 1048 3123 dicitur:
1085 3087 1104 3120 ι
1141 3069 1208 3123 Et
1254 3071 1514 3136 vidimus,
1549 3089 1567 3122 ι
1606 3071 1805 3142 inquit,
1853 3092 1871 3125 ι
1902 3076 2128 3146 gloriam

553 3159 696 3229 ejus,
732 3161 962 3231 gloriam
995 3163 1154 3232 quasi
1184 3162 1464 3235 Unigeniti
1493 3177 1524 3218 ιι
1555 3163 1715 3222 Patre
1740 3168 1806 3223 ".
1834 3187 1852 3218 ι
1882 3167 2130 3239 Quapro-

2305 1964 2570 2037 νοήμασι
2598 1966 2716 2021 τῶν
2741 1968 2914 2046 θείων
2934 1965 3210 2048 Γραςρῶν,
3233 1966 3329 2018 καὶ
3357 1965 3680 2031 ποιοῦντας
3705 1964 3808 2022 τὸν

2307 2039 2539 2093 Πατέρα
2567 2037 2715 2093 Θεὸν
2743 2055 2848 2091 του
2881 2040 2926 2091 Υ
2923 2041 3038 2092 ιου.

2358 2055 2539 2107 atepa
2567 2055 2715 2093 osor
2743 2055 2848 2091 του
2881 2055 3038 2092 ιιου.

2311 2151 2708 2215 ὈἋπόστολος
2751 2149 2936 2219 λέγει’
2959 2168 2978 2201 ι
3016 2151 3073 2204 '0
3112 2150 3244 2215 Θεὸς
3280 2150 3375 2204 τοῦ
3409 2151 3614 2223 Κυρίου
3654 2149 3835 2221 ἡμῶν·

2247 2246 2422 2318 Ἰησοῦ
2447 2244 2704 2316 Χριστοῦ,
2739 2246 2767 2298 6
2797 2243 2984 2316 Πατὴρ
3020 2243 3119 2313 τῆς
3144 2243 3322 2314 δόξης.
3349 2264 3369 2295 ι
3412 2243 3678 2297 Ἐνταῦθα
3715 2242 3812 2315 τὴν

2234 2337 2546 2408 οἰκονομίαν
2591 2334 2844 2406 διώρισεο
2897 2337 2990 2388 καὶ
3040 2334 3196 2399 δόξαν
3244 2335 3340 2405 μὲν
3355 2366 3368 2386 .-
3387 2335 3480 2388 τὸν
3531 2334 3810 2405 Μονογενῆ

2236 2430 2393 2484 καλεῖ
2417 2447 2430 2458 ·
2451 2429 2660 2500 Ἰησοῦν
2684 2429 2740 2482 δὲ
2756 2428 2795 2482 Χ
2809 2427 2990 2501 ριστὸν
3010 2429 3071 2480 τὸ
3087 2429 3348 2499 κηρυγμα
3369 2429 3465 2498 τῆς
3481 2427 3834 2499 οἰκονομίας.-

2236 2523 2346 2593 Τῆς
2375 2522 2475 2592 μὲν
2505 2521 2613 2594 γάρ
2646 2521 2956 2592 οἰκονομίας
2986 2521 3160 2585 Θεὸς).
3193 2521 3292 2592 τῆς
3321 2520 3378 2575 δὲ
3411 2520 3570 2592 δόξης
3599 2521 3837 2592 Πατήρ..

2240 2614 2297 2666 Εἰ
2327 2613 2470 2685 δὲμὴ
2505 2613 2679 2666 πείθει
2708 2631 2766 2666 σε
2791 2613 2851 2665 τὸ
2867 2613 3050 2684 ῥῆμα,
3070 2611 3205 2666 ἀλλὰ
3229 2612 3392 2683 ἄλλην
3414 2613 3537 2667 τινὰ
3568 2611 3811 2683 νομίζεις

2233 2704 2390 2770 δόξαν
2422 2700 2582 2768 εἶναι,
2615 2699 2680 2775 ἦς
2709 2704 2897 2775 Πατὴρ
2925 2705 2954 2756 6
2985 2703 3145 2766 Θεόςο
3176 2703 3492 2772 ἄλλην-τινὰ
3526 2703 3813 2773 ἐπινόησον

2236 2798 2396 2868 φύσιν
2439 2798 2720 2869 άνωτέραν
2765 2795 2858 2849 τοῦ
2892 2795 3058 2848 Υἱοῦ.·
3093 2796 3181 2848 ἵνα
3232 2795 3463 2866 ἐκείνης,
3493 2795 3591 2866 μὲν
3625 2795 3840 2868 Πατὴρ.

2234 2888 2427 2960 κληθῇ,
2458 2889 2646 2942 τούτου
2675 2888 2732 2942 δὲ
2760 2888 2890 2952 Θεὸς
2915 2888 3188 2960 όνομασθῇ
3219 2891 3247 2941 6
3274 2888 3464 2959 Πατὴρ
3492 2887 3594 2956 τῆς
3620 2886 3801 2958 δόξης.

2232 2981 2369 3047 Δόξα
2394 2983 2502 3054 γὰρ
2531 2981 2746 3050 λέγεται
2768 2982 2796 3032 6
2825 2982 3133 3052 Μονογενής
3152 2997 3166 3010 ·
3210 3000 3228 3031 ι
3279 2980 3390 3051 (82)
3434 2978 3811 3050 Ἐθεασάμεθα

2232 3073 2361 3145 γάρ,
2394 3074 2560 3144 φησι,
2598 3073 2702 3144 τὴν
2731 3072 2889 3138 δόξαν
2931 3072 3092 3125 αὐτοῦ
3114 3114 3128 3138 ,
3163 3071 3323 3138 δόξαν
3369 3071 3444 3134 ὠς
3477 3070 3836 3140 Μονογενοῦςτ

2233 3167 2386 3239 παρὰ
2411 3165 2652 3237 Πατρός·
2681 3186 2700 3219 ι
2731 3165 2869 3220 ὥστε
2901 3164 2982 3228 τὸ,
3007 3183 3027 3216 ‹
3059 3165 3116 3219 '0
3138 3164 3268 3228 Θεὸς
3297 3162 3618 3236 τοῦΚυρίου
3645 3162 3813 3235 ἡμῶν

555 3260 638 3307 ter
662 3252 870 3308 dictum
917 3253 1048 3310 illud
1077 3275 1089 3310 :
1127 3273 1145 3306 ι
1185 3254 1330 3312 Deus
1361 3255 1575 3312 Domini
1610 3259 1781 3313 nostri
1807 3259 1935 3316 Jesu
1969 3261 2130 3315 Chri-

2248 3259 2424 3332 Ἰησοῦ
2457 3257 2715 3330 Χριστοῦ,
2744 3279 2762 3309 ι
2792 3259 2910 3312 ἀντὶ
2952 3257 3068 3321 τοῦ,
3098 3259 3127 3310 6
3157 3257 3289 3320 Θεὸς
3325 3257 3422 3326 τῆς
3469 3253 3668 3326 σαρκὸς
3720 3254 3827 3310 τοῦ-

554 3345 626 3400 sti
649 3344 732 3409 ”;
764 3366 781 3396 ι
819 3345 874 3400 id
903 3355 1009 3412 est,
1044 3345 1187 3402 Deus
1217 3349 1402 3404 carnis
1429 3349 1655 3414 Christi,
1684 3349 1845 3406 Pater
1874 3367 2002 3407 vero
2023 3354 2132 3424 glo-

555 3438 670 3501 riae,
712 3436 872 3494 Pater
902 3439 1143 3496 ileitatis.
1197 3439 1440 3496 Gloriam
1483 3443 1685 3514 quippe
1710 3441 1880 3501 Isaias
1915 3461 2138 3518 quoque

557 3526 895 3585 Salvatorem
939 3539 1189 3587 nostrum
1222 3543 1523 3605 nuncupat,
1574 3537 1875 3591 secundum
1914 3538 2139 3596 deitatis

559 3621 878 3692 dignitatem
909 3639 1069 3678 :cum
1109 3624 1254 3678 enim
1288 3634 1599 3681 recenseret
1630 3629 1893 3683 miracula
1922 3647 2044 3700 qua:
2079 3633 2136 3686 in

560 3713 780 3770 deserto
817 3716 1182 3786 contigerant,
1219 3724 1274 3772 et
1309 3717 1594 3773 solitudini
1647 3720 1786 3775 bona
1836 3725 2136 3778 annuntia-

557 3810 664 3868 rct,
695 3809 808 3859 ait:
839 3823 858 3856 ι
889 3803 1177 3861 Exsultent
1199 3807 1418 3862 deserta
1443 3805 1722 3872 Jordanis,
1749 3816 1804 3864 et
1825 3810 2052 3867 ﬂoreant
2073 3822 2134 3866 ut

559 3895 754 3960 lilium,
783 3897 1044 3965 quoniam
1076 3897 1248 3966 gloria
1276 3897 1467 3953 Libani
1497 3898 1622 3953 data
1651 3909 1734 3956 est
1766 3903 1838 3968 ei,
1873 3911 1926 3956 et
1960 3905 2136 3960 honor

555 3986 792 4042 Carmeli
821 4007 833 4044 :
859 3995 914 4043 et
947 3992 1184 4060 populus
1210 4007 1363 4046 meus
1393 3991 1599 4046 videbit
1628 3994 1858 4064 gloriam
1891 3996 2128 4064 Domini,

556 4088 613 4135 et
661 4080 1051 4135 sublimitatem
1086 4082 1178 4138 Dei
1211 4092 1302 4139 :et
1349 4084 1551 4140 videbit
1587 4088 1766 4142 omnis
1813 4105 1942 4145 caro
1984 4093 2134 4146 salu-

559 4178 678 4226 tare
721 4170 895 4228 Dei“.
930 4193 948 4226 ι
985 4173 1172 4230 Gloria
1224 4177 1390 4246 igitur
1443 4185 1527 4233 est
1569 4193 1600 4232 a
1649 4182 1844 4250 gloria,
1892 4183 2037 4238 unde
2080 4191 2134 4238 et

559 4261 763 4319 Paulus
809 4265 884 4318 ait
925 4284 937 4320 :
978 4284 995 4316 ι
1034 4267 1137 4332 Qui
1189 4276 1273 4322 est
1313 4269 1572 4340 splendor
1627 4273 1832 4343 gloriae,
1879 4281 1931 4328 et
1963 4274 2132 4343 ﬁgura

560 4357 882 4412 substantia:
905 4359 944 4412 ί.
979 4379 997 4411 ι
1051 4359 1144 4414 Est
1177 4361 1343 4429 igitur
1392 4360 1554 4417 Pater
1607 4365 1794 4435 gloriae
1831 4363 2125 4436 Unigeniti,

563 4447 705 4504 Deus
736 4464 866 4504 vero
911 4451 1095 4506 carnis
1129 4451 1356 4509 Christi.
1405 4453 1523 4509 Non
1574 4456 1721 4526 quod
1768 4457 1934 4509 alium
1967 4455 2133 4509 Chri-

2235 3351 2502 3423 Χριστοῦο
2536 3355 2564 3406 6
2589 3351 2778 3422 Πατὴρ
2797 3351 2897 3420 τῆς
2927 3347 3104 3421 δόξης,
3138 3351 3166 3403 6
3195 3346 3383 3419 Πατὴρ
3412 3346 3512 3417 τῆς
3543 3346 3815 3418 θεότητος.

2233 3443 2404 3510 Δόξαν
2433 3445 2541 3515 γὰρ
2572 3443 2664 3497 καὶ
2687 3444 2716 3496 6
2757 3442 2983 3504 Ἡσαΐας
3013 3441 3103 3496 τὸν
3131 3440 3360 3512 Σωτῆρα
3383 3439 3555 3503 καλεῖ,
3586 3436 3729 3492 κατὰ
3756 3435 3824 3492 τὸ-

2234 3537 2334 3606 τῆς
2369 3533 2620 3605 θεότητος
2672 3531 2922 3602 ἀξίωμα·
2959 3529 3128 3584 εἰπὼν
3177 3529 3286 3601 γάρ
3320 3528 3388 3582 τά
3429 3529 3486 3581 ὲν
3519 3529 3583 3598 τῇ
3623 3527 3822 3597 ἐρήμῳ

2237 3627 2521 3698 θαύματα,
2551 3627 2645 3681 καὶ
2676 3625 3170 3696 εὐαγγελισάμενος
3210 3622 3307 3694 τὴν
3353 3621 3577 3693 ἔρημον,
3609 3620 3815 3690 φησιν’

2242 3739 2261 3770 ι
2317 3718 2689 3788 Ἀγαλλιάσθω
2717 3718 2785 3771 τὰ
2832 3717 3016 3788 ἔρημα
3047 3714 3142 3768 τοῦ
3192 3713 3460 3785 Ἰορδάνου
3504 3711 3598 3764 καὶ
3634 3709 3819 3765 ἀνθει-

2235 3829 2312 3864 τω
2346 3812 2454 3882 (85)
2504 3811 2580 3873 ὡς
2621 3810 2833 3882 κρίνον·
2867 3811 2950 3862 ὃτι
2991 3811 3024 3880 ή
3069 3806 3196 3874 δόξα
3240 3805 3333 3859 τοῦ
3372 3804 3606 3859 Λιϐάνου
3658 3802 3818 3874 ἐδόθη

2237 3903 2402 3972 αὐτῇ,
2439 3902 2529 3955 καὶ
2571 3902 2604 3972 ἡ
2655 3902 2786 3973 τιμὴ
2829 3900 2921 3953 τοῦ
2961 3899 3282 3972 Καρμήλου.
3333 3897 3502 3950 Καὶό
3553 3895 3677 3959 λαός
3714 3913 3818 3967 μου

2235 3994 2422 4064 ὄψεται
2450 3994 2549 4065 τὴν
2575 3993 2730 4058 δόξαν
2762 3993 2990 4062 Κυρίου,
3017 3991 3111 4046 καὶ
3145 3989 3206 4043 τὸ
3235 3988 3368 4059 ὕψος
3398 3989 3493 4044 τοῦ
3527 3988 3695 4043 Θεοῦ·
3724 3989 3820 4042 καὶ

2236 4084 2425 4153 ὄψεται
2459 4086 2609 4138 πᾶσα
2646 4084 2780 4156 σάρξ
2811 4084 2872 4136 τὸ
2899 4085 3166 4154 σωτήριον
3189 4081 3281 4136 τοῦ
3315 4080 3472 4135 Θεοῦ.
3503 4100 3521 4133 ι
3555 4078 3692 4144 Δόξα
3723 4075 3820 4135 οὖν

2237 4176 2385 4228 ἐστιν
2416 4174 2524 4228 ἀπὸ
2547 4173 2704 4244 δόξης
2724 4189 2736 4200 °
2773 4173 2892 4227 ὅθεν
2923 4173 3017 4226 καὶ
3052 4175 3080 4226 ὁ
3115 4171 3325 4236 Παῦλος
3351 4171 3528 4241 λέγει’
3562 4188 3580 4220 ι
3611 4172 3708 4233 Ὂς
3741 4167 3822 4221 ὢν

2238 4267 2578 4337 ἀπαύγασμα
2635 4267 2732 4336 τῆς
2774 4265 2932 4338 δόξης
2986 4267 3081 4319 καὶ
3131 4264 3416 4336 χαρακτὴρ
3452 4263 3550 4334 τῆς
3582 4260 3822 4315 ὑποστά-

2240 4376 2398 4422 σεως.
2430 4379 2446 4410 ι
2488 4358 2680 4428 Πατὴρ.
2718 4352 2809 4410 οῦν
2852 4361 2968 4410 ἐστι
3001 4358 3099 4428 τῆς
3130 4356 3287 4427 δόξης
3321 4354 3413 4408 τοῦ
3448 4353 3818 4422 Μονογενοῦςο

2237 4450 2369 4514 Θεὸς
2401 4450 2458 4503 δὲ
2490 4449 2592 4520 τῆς
2623 4449 2823 4521 σαρκὸς
2854 4447 2946 4501 τοῦ
2990 4447 3245 4520 Χριστοῦ.
3283 4447 3396 4500 Οὐκ
3446 4447 3601 4500 ἄλλον
3638 4446 3694 4499 δὲ
3726 4445 3819 4498 τὸν

563 4550 707 4594 ειυιη
735 4541 934 4602 dicam.
955 4551 1009 4597 ct
1031 4544 1197 4598 alium
1231 4543 1584 4617 Unigenitum
1611 4567 1624 4602 :
1648 4564 1758 4602 non
1785 4547 1930 4603 enim
1955 4555 2132 4601 mente

2241 4544 2474 4616 Χριστὸν
2525 4543 2701 4611 λέγω,
2752 4542 2846 4595 καὶ
2891 4541 3049 4596 ἄλλον
3100 4541 3192 4594 τὸν
3242 4540 3552 4608 Μονογενῆο
3597 4541 3662 4608 τῇ
3707 4537 3820 4608 γὰρ

562 4631 748 4685 divido
775 4649 893 4703 qua:
922 4635 993 4689 ob
1026 4637 1289 4693 unitatem
1337 4654 1444 4692 non
1477 4638 1816 4693 dividuntur.
1852 4637 2010 4690 Pater
2059 4637 2131 4691 si-

2241 4636 2417 4707 ἐννοίᾳ
2442 4636 2502 4688 οῦ
2536 4636 2720 4706 τέμνω
2757 4635 2824 4687 τὰ
2856 4634 2930 4705 μὴ
2957 4632 3264 4702 τεμνόμενα
3288 4633 3354 4700 τῇ
3385 4630 3591 4682 ἐνώσει.
3625 4629 3822 4699 Πατὴρ

560 4723 779 4792 quidem
808 4725 1082 4795 Unigeniti
1115 4736 1198 4782 est
1233 4737 1359 4783 ante
1397 4729 1632 4793 saicula;
1667 4727 1810 4782 Deus
1841 4741 1966 4780 vero
1997 4724 2132 4778 Uni-

2238 4730 2342 4800 γὰρ
2372 4727 2464 4781 τοῦ
2500 4725 2834 4796 Μονογενοῦς
2868 4725 2971 4796 πρὸ
3005 4723 3249 4777 αἰώνων
3287 4723 3416 4786 Θεὸς
3435 4722 3490 4774 δὲ
3519 4721 3614 4774 τοῦ
3645 4723 3823 4774 Μονο-

561 4815 726 4886 geniti
753 4818 1050 4871 secundum
1080 4835 1301 4875 carnem
1329 4820 1384 4875 in
1425 4818 1530 4874 [ine
1551 4819 1736 4873 saeculi
1769 4837 1780 4871 :
1807 4831 2132 4886 semperque

2238 4818 2425 4888 γενοῦς
2473 4817 2614 4871 κατὰ
2646 4816 2743 4888 τὴν
2793 4816 2971 4886 σάρκα
3017 4815 3109 4866 ἐπὶ
3152 4814 3292 4866 τέλει
3337 4812 3431 4866 τοῦ
3464 4812 3686 4877 αἰῶνος·
3727 4812 3823 4866 ἀεὶ

559 4907 707 4964 illius
728 4906 889 4963 Pater
908 4918 1011 4976 est,
1047 4927 1159 4966 non
1190 4929 1407 4984 semper
1451 4921 1632 4968 autem
1665 4911 1814 4966 illius
1840 4909 2004 4972 Deus,
2039 4909 2132 4963 sed

2238 4909 2400 4962 αὑτοῦ
2431 4908 2639 4979 Πατὴρ,
2663 4909 2762 4960 οῦκ
2792 4908 2878 4960 ἀεὶ
2903 4904 3067 4959 αὑτοῦ
3088 4904 3239 4968 Θεὸς,
3263 4903 3398 4958 ἀλλὰ
3423 4905 3515 4973 ἀφ’
3547 4895 3608 4956 οὗ
3639 4905 3823 4976 σάρκα

559 5017 624 5056 ex
655 5016 763 5070 quo
793 5017 1010 5058 carnem
1040 5004 1130 5060 ille
1156 5006 1476 5077 assumpsit.
1518 5003 1660 5059 Deus
1685 5002 1848 5057 Pater
1879 5009 1962 5056 est
1985 5001 2132 5057 illius

2238 4999 2514 5054 άνὲλαὸεν.
2553 4999 2684 5060 Θεὸς
2711 4997 2817 5067 (84)
2851 5000 2878 5050 6
2920 4997 3106 5066 Πατὴρ
3137 4995 3304 5048 αὐτοῦ
3338 4997 3436 5065 τῆς
3465 4994 3748 5066 θεότητος·
3790 4999 3823 5050 6

558 5091 777 5149 deitatis
809 5094 1002 5151 :Pater
1029 5096 1300 5166 siquidem
1334 5105 1420 5152 cst
1444 5102 1708 5160 teternus,
1749 5093 1920 5148 Filius
1950 5102 2131 5148 autem

2238 5093 2337 5164 μὲν
2371 5092 2479 5163 γὰρ
2519 5090 2706 5160 Πατὴρ
2734 5089 2922 5152 ἀΐδιος,
2955 5089 2983 5140 6
3008 5088 3064 5141 δὲ
3097 5088 3220 5152 Υἱὸς
3256 5089 3552 5153 συναῒδιοςο
3585 5091 3676 5142 καὶ
3717 5089 3822 5144 οὐκ

627 5275 672 5348 ⁸-³
702 5275 766 5330 lll
796 5277 926 5347 Reg.
963 5295 1046 5343 Ill,
1075 5279 1127 5337 5.
1204 5279 1250 5308 ³³
1283 5277 1514 5348 Philipp.
1532 5295 1616 5348 tv.
1651 5277 1684 5332 6
1779 5275 1998 5348 ’ann.
2039 5291 2116 5341 γι,

2315 5276 2361 5307 ⁹⁶
2378 5275 2574 5346 Ephes.
2608 5290 2646 5338 ι,
2677 5273 2761 5328 17.
2829 5274 2871 5305 ⁸⁷
2899 5270 3055 5328 Joan.
3102 5289 3139 5337 ι,
3171 5272 3256 5326 Η.

3357 5272 3402 5305 ’⁸
3430 5272 3624 5344 Ephes.
3662 5290 3700 5338 ι,
3728 5275 3816 5328 17.

559 5347 604 5377 ⁹⁹
639 5343 740 5401 lsa.
790 5343 950 5414 xxiv,
987 5351 1035 5412 t,
1066 5349 1138 5416 2;
1170 5363 1269 5413 ιιι,
1311 5350 1393 5402 lt).
1427 5343 1490 5379 ’“¹
1524 5346 1690 5402 Hebr.
1726 5363 1766 5411 ι,
1801 5347 1856 5402 5.

631 5502 741 5567 (81)
782 5502 874 5557 Sic
905 5502 1222 5564 Vaticanus,
1252 5501 1417 5556 Basil.
1463 5501 1678 5572 Anglic.
1711 5500 2138 5572 Ed_ili,rat1ﬁ68t.
2243 5516 2372 5554 vero
2413 5499 2696 5572 Commel,
2716 5509 2776 5572 et
2816 5500 3066 5556 Vatican.
3100 5517 3235 5572 eum
3283 5501 3824 5572 GraecoScr.ptur:e

631 5574 743 5644 (82)
783 5572 964 5627 Editio
991 5573 1282 5644 Commel.,
1314 5573 1406 5624 καί
1429 5570 1572 5644 ante
1592 5572 1748 5644 φησί.
1783 5570 2132 5644 Ibidem—rm

2243 5579 2414 5633 textu,
2465 5571 2624 5644 αὐτῇ.
2682 5570 2801 5626 Mox
2838 5574 2990 5638 editi,
3030 5571 3185 5636 δόξαν
3230 5572 3334 5626 τοῦ.
3359 5571 3587 5643 Κυρίου,
3627 5574 3723 5628 sed
3763 5576 3824 5628 in

559 5639 1092 5725 deestingditis,sed
1118 5639 2133 5725 habeturinDasiliensietAnglicani).
2243 5639 2746 5725 nl§§..\TOE.tié?Sl:_.
2855 5714 2865 5725 _
2967 5711 2980 5725 ‘
3077 5712 3108 5725 μ
3206 5710 3246 5725 η
3287 5713 3319 5725 Δ.
3449 5639 3458 5643 ’
3552 5714 3571 5725 _

635 5711 747 5784 (85)
789 5711 880 5768 Sic
913 5712 1232 5784 Basiliensis
1261 5723 1315 5766 et
1354 5714 1523 5784 editio
1568 5709 1923 5784 Parisiensisi
1959 5709 2136 5784 Editio
2257 5779 2270 5784 _
2311 5709 3163 5784 (8t)_S_ic_Basilicnsis,Anglic.
3206 5710 3520 5784 vaticanus.
3552 5714 3610 5766 ln
3645 5713 3815 5769 editis

565 5779 695 5838 vero
730 5779 1164 5854 Gottimeliniana
1211 5801 1332 5838 cum
1374 5781 1657 5854 Vaticano,
1699 5781 1935 5854 ἁνθῄτω.
1962 5780 2132 5854 Bauli)

2239 5779 2391 5854 deest
2422 5782 2450 5833 6
2482 5781 2633 5844 Θεὸς.
2669 5782 2807 5854 Mos.
2831 5783 3142 5837 Basilicnsis
3165 5790 3218 5836 et
3248 5783 3485 5854 Anglic.,
3522 5784 3728 5851 ἁῖδίως,
3767 5792 3822 5838 et

567 5863 688 5921 post
737 5853 901 5910 editio
935 5852 1262 5908 l’arisiensis
1291 5862 1342 5909 ct
1375 5853 1730 5921 Anglicanus,
1756 5849 1921 5917 αὐτῷ.
1962 5850 2132 5905 Editiu

2241 5852 2402 5906 oaulo
2435 5858 2576 5915 post,
2599 5851 2901 5911 συναῑδίως.
