4048 6406
206 414 260 473 6|
934 421 1021 479 DE
1057 421 1379 480 COMMUNI
1415 422 1760 480 ESSENTIA
1797 425 2056 482 PATRIS
2096 424 2194 481 ET
2226 423 2392 480 FILII’
2422 422 2512 479 ET
2556 421 2740 480 Sl’IR.
2783 421 2843 478 S.
3457 423 3528 479 62

208 527 303 600 ἔχει
327 546 549 608 τομην,
580 534 732 589 οὐδὲ
762 534 1023 607 διαίρεσιν
1048 537 1083 606 ἡ
1115 534 1244 602 δόξα
1270 536 1367 607 τῆς
1391 535 1670 607 ἀληθείας.
1695 537 1831 590 Πότε

1944 538 1984 590 ei
2014 543 2363 592 comternus:
2391 549 2572 604 neque
2605 532 2814 601 accipit
2841 531 3140 587 sectionem
3176 539 3272 586 aut
3299 532 3531 589 divisio-

210 617 288 674 οὖν
304 621 523 695 ἐκλήθη
548 624 715 688 Θεὸς
734 626 840 682 τοῦ
858 626 984 680 Υἱοῦ
1011 628 1039 679 ό
1067 627 1254 699 Πατὴρ
1284 627 1372 681 διὰ
1398 627 1494 700 τὴν
1513 629 1690 699 σάρκα
1709 646 1724 693 ;
1740 629 1831 697 ἀφ’

214 703 266 765 οὗ
297 712 585 784 προῆλθεν
620 716 700 768 ὲκ
718 716 936 779 κοιλίας
964 715 1186 787 μητρός.
1212 715 1312 768 Διὰ
1331 714 1490 770 τοῦτο
1519 718 1578 769 ὲν
1596 715 1676 786 τῷ
1695 732 1832 786 προ-

220 806 370 876 φήτῃ,
396 805 765 878 βουλόμενος
800 807 970 874 δεῖξαι
1002 807 1193 862 ἑαυτοῦ
1218 809 1311 862 καὶ
1336 808 1435 881 τὴν
1477 807 1707 879 θεότητα
1739 806 1834 860 καὶ

223 895 308 967 τὴν
332 896 516 968 σάρκα
538 897 973 970 ἁληθεύουσαν,
986 897 1167 968 ἔλεγεν
1190 916 1202 929 ·
1230 918 1249 950 t
1283 899 1377 953 Ἐκ
1398 898 1604 962 κοιλίας
1628 899 1833 970 μητρός

236 1002 343 1061 μου,
367 985 505 1051 Θεός
532 1005 646 1059 μου
682 985 743 1041 εἴ
772 989 865 1044 σύ.
894 1011 911 1042 ι
933 991 994 1044 Ei
1023 989 1076 1043 δὲ
1106 989 1283 1060 βούλει
1305 990 1373 1046 τὰ
1398 990 1667 1044 ὑπόλοιπα
1692 988 1833 1058 γνῶ-

237 1096 333 1145 ναι,
357 1080 412 1133 ἐν
439 1078 520 1150 τῷ
556 1080 819 1152 εἰκοστῷ
843 1082 1074 1155 δευτέρῳ
1102 1082 1303 1155 ψαλμῷ
1333 1082 1655 1156 διδαχθήσῃ.

247 1282 326 1341 52.
361 1282 516 1353 Πρὸς
550 1283 704 1350 τοὺς
747 1284 1047 1355 λέγοντας
1090 1286 1286 1355 μέγαν
1336 1284 1487 1339 Θεὸν
1519 1280 1675 1341 εἶναι
1726 1283 1835 1338 τὸν

535 1355 809 1423 Πατέρα,
841 1354 961 1410 τὸν
986 1354 1054 1410 δὲ
1088 1354 1225 1411 my
1250 1354 1336 1425 μὴ
1368 1354 1528 1409 ἴσον.
1678 1386 1681 1387 ν

311 1446 373 1500 Ei
400 1447 491 1500 atat
512 1445 585 1505 τὰ
618 1446 872 1519 μάλιστα
893 1446 990 1519 τὴν
1019 1447 1224 1520 Τριάδα
1249 1447 1380 1519 μίαν
1401 1445 1633 1518 θεότητα
1648 1445 1833 1515 λέγον-

248 1554 350 1602 τες,
376 1539 708 1610 εὑρίσκομεν
737 1539 841 1597 τὸν
857 1539 987 1593 Υίδν
1012 1541 1071 1594 ὲν
1099 1542 1165 1611 τῇ
1197 1539 1413 1613 Γραφῇ,
1438 1539 1576 1612 πρὸς
1602 1539 1665 1593 τὸ
1693 1538 1832 1611 φρά-

252 1629 332 1697 ξαι
350 1631 416 1687 τὰ
460 1632 707 1702 στόματα
734 1633 857 1689 τῶν
888 1630 1171 1695 ἐναντίων,
1210 1631 1383 1705 μέγαν
1407 1632 1563 1705 παρὰ
1591 1632 1683 1686 τὸν
1714 1632 1828 1686 Πα-

247 1724 396 1796 τέρα·
432 1725 732 1797 λέγει-γὰρ
773 1727 806 1780 ό
852 1724 1046 1783 Δαϐίδ·
1081 1743 1101 1777 ι
1124 1726 1371 1791 Γνωστδς
1404 1726 1463 1780 ὲν
1496 1727 1566 1797 τῇ
1600 1724 1831 1797 Ἰουδαίᾳ

1937 643 2059 681 nem
2091 627 2268 697 gloria
2298 627 2568 683 veritatis.
2604 624 2975 691 Quandonam
3011 624 3179 694 igitur
3215 623 3404 690 Pater,
3436 623 3531 680 F'i-

1937 717 1994 771 lii
2027 717 2170 772 Deus
2201 718 2273 772 ob
2317 733 2539 771 carnem
2589 714 2917 771 nominatus
2949 722 3029 769 est
3052 715 3077 767 ?
3106 716 3175 769 ab
3208 730 3274 769 eo
3316 716 3532 771 scilicet

1936 815 2202 878 tempore,
2234 824 2346 879 quo
2378 809 2583 880 prodiit
2616 824 2686 864 ex
2736 814 2898 862 utero
2940 808 3156 862 matris.
3207 806 3333 862 Ideo
3380 808 3528 878 apud

1933 896 2265 968 Prophetam
2306 901 2498 954 volens
2541 899 2842 955 ostendere
2884 907 2939 952 et
2981 896 3241 952 deitatem
3285 911 3441 952 suam
3473 902 3532 950 et

1932 1005 2155 1045 carnem
2193 1005 2380 1045 veram
2413 1007 2557 1055 esse,
2582 989 2752 1045 dicit:
2781 1008 2800 1038 ι
2826 988 2903 1043 De
2932 997 3121 1045 ventre
3143 989 3338 1045 matris
3370 1003 3535 1053 mea,

1933 1080 2078 1137 Deus
2107 1097 2266 1137 meus
2296 1097 2356 1138 es
2390 1086 2540 1137 ια’.»
2575 1082 2731 1149 Quod
2759 1082 2811 1139 si
2846 1082 3052 1152 reliqua
3082 1096 3415 1153 cognoscere
3435 1096 3531 1137 ve-

1932 1174 2023 1237 Iis,
2057 1174 2113 1228 in
2144 1175 2410 1231 vicesimo
2437 1175 2686 1231 secundo
2708 1174 2944 1230 Psalmo
2973 1174 3208 1230 edisces.

1932 1288 2022 1344 δί.
2060 1287 2326 1361 Adversus
2370 1290 2587 1361 σος-φιιὶ
2628 1288 2818 1342 dicunt
2873 1285 3084 1361 Patrem
3129 1303 3241 1361 esse
3278 1301 3526 1361 magnum

2226 1359 2413 1424 Deum,
2454 1357 2502 1411 F
2504 1357 2661 1413 ilium
2688 1375 2808 1415 vero
2837 1358 2885 1411 ei
2915 1358 3252 1428 ianuatem.

2001 1451 2119 1509 Etsi
2166 1451 2404 1507 maxime
2440 1450 2770 1508 Trinitatem
2834 1464 3004 1506 unam
3069 1449 3331 1505 deitatem
3374 1448 3530 1504 dica-

1929 1558 2075 1608 mus,
2106 1542 2421 1600 invenimus
2467 1551 2655 1601 tamen
2690 1544 2746 1598 in
2792 1542 2972 1598 sacris
2998 1540 3219 1605 litteris,
3250 1541 3321 1595 ad
3359 1541 3527 1595 obtu-

1928 1636 2102 1692 randa
2128 1636 2573 1692 adversariorum
2596 1652 2717 1701 ora,
2749 1636 2951 1691 Filium
2978 1649 3235 1705 magnum
3263 1632 3529 1704 appellari

1930 1743 2181 1786 seorsum
2215 1744 2248 1783 a
2278 1726 2473 1785 Patre:
2498 1729 2576 1782 ait
2601 1730 2749 1784 enim
2775 1727 2946 1783 David
2976 1745 2988 1780 :
3020 1744 3039 1777 ι
3069 1724 3242 1782 Notus
3268 1725 3324 1779 in
3342 1722 3535 1780 Judma

246 1820 277 1873 ό
300 1818 457 1881 Θεός·
492 1819 555 1873 ὲν
583 1817 665 1889 τῷ
696 1817 927 1891 Ἰσραὴλ
962 1817 1105 1889 μὶγα
1130 1817 1194 1871 τὸ
1223 1816 1393 1887 ὄνομα
1414 1813 1580 1870 αὐτοῦ
1599 1832 1614 1847 ·
1645 1835 1664 1868 ι
1701 1816 1736 1886 ἡ
1769 1813 1827 1867 δὲ

1944 1820 2076 1876 Deus
2124 1840 2139 1878 :
2187 1820 2242 1876 in
2297 1821 2468 1877 Israel
2510 1836 2771 1892 maguum
2815 1836 3020 1877 nomen
3071 1820 3195 1891 ejus
3215 1819 3255 1872 ³.
3289 1838 3309 1873 ι
3340 1817 3531 1876 Judca

257 1910 481 1967 Ἰουδαία
504 1889 843 1985 περιώριστο
867 1910 1019 1982 τόπῳ
1038 1908 1277 1982 φανερῷ.
1293 1908 1429 1980 Περὶ
1456 1907 1513 1962 δι
1538 1905 1637 1962 τοῦ
1663 1905 1827 1960 rios-

1944 1919 2120 1968 autem
2170 1914 2343 1971 certis
2393 1914 2533 1970 locis
2566 1889 2795 1970 deﬁnita
2832 1924 2970 1973 erat.
3017 1889 3115 1970 Βοὴ
3130 1911 3270 1969 Filio
3303 1919 3529 1970 autem:

253 2018 273 2054 ι
296 2002 471 2075 Κύριε
496 2003 528 2056 ό
560 2002 770 2074 Κύριος
797 2001 981 2073 ἡμῶν,
1013 2002 1088 2067 ὡς
1116 2001 1430 2072 θαυμαστδν
1453 2001 1518 2059 τὺ
1538 2000 1711 2071 ὄνομά
1737 2015 1832 2054 σου

247 2092 302 2144 tv
334 2092 487 2164 πασῃ
513 2094 586 2165 τῇ
615 2092 723 2165 ﬂii
748 2111 769 2145 ι
821 2091 1044 2165 Ἐπειδὴ
1075 2093 1253 2147 πᾶσαν
1278 2090 1566 2166 ἐπλήρωσε
1590 2089 1687 2163 τὴν
1727 2088 1833 2160 γῆν

247 2185 279 2255 ἠ
302 2183 542 2256 Χριστοῦ
566 2184 913 2256 προσηγορία
931 2201 945 2215 ο
976 2186 1056 2248 είς
1085 2186 1266 2242 πᾶσαν
1298 2182 1409 2256 γὰρ
1427 2182 1526 2255 τὴν
1553 2182 1658 2255 γῆν
1678 2180 1836 2251 ἐξῆλ-

247 2274 333 2327 θεν
360 2276 389 2327 ό
416 2274 659 2345 φθόγγος
702 2274 814 2328 τῶν
848 2273 1058 2343 ἁγίων.
1088 2274 1184 2329 καὶ
1233 2274 1317 2338 είς
1357 2272 1426 2329 τὰ
1478 2272 1694 2344 πέρατα
1733 2271 1836 2344 τῆς

245 2366 574 2438 οἰκουμένης
597 2365 666 2420 τὰ
694 2367 922 2438 ῥήματα
949 2365 1128 2422 αὐτῶν
1145 2381 1159 2395 ο
1196 2365 1423 2429 εἰκότως
1453 2364 1605 2435 λέγει
1635 2364 1665 2417 ὁ
1694 2361 1835 2432 ψαλ-

248 2458 370 2531 μός·
414 2477 435 2510 ι
467 2458 798 2530 Θαυμαστὸν
838 2458 902 2511 τὸ
938 2456 1111 2529 ὄνομά
1160 2475 1253 2511 σου
1290 2459 1349 2511 ὲν
1388 2458 1537 2529 πάσῃ
1580 2458 1648 2528 τῇ
1680 2457 1773 2527 γῇ.
1808 2473 1829 2507 ι

246 2550 348 2603 Καὶ
371 2549 428 2602 τί
460 2549 525 2603 τὸ
569 2548 937 2620 ἐπαγόμενον,
964 2567 983 2600 ι
1024 2549 1146 2603 Ὀτι
1186 2546 1402 2620 ἐπήρθη
1429 2548 1464 2618 ἡ
1497 2543 1836 2618 μεγαλοπρέ-

246 2643 368 2697 πεια
418 2658 521 2696 σου
570 2641 832 2713 ὑπεράνω
878 2639 989 2694 τῶν
1032 2639 1310 2711 οὐρανῶν;
1348 2658 1367 2691 ι
1420 2637 1732 2710 Πληροῦται
1777 2635 1835 2689 δὲ

244 2735 415 2800 τοῦτο,
435 2735 531 2789 ὅτε
564 2733 847 2805 ἀνέδησαν
872 2734 954 2798 είς
985 2732 1046 2786 τὸ
1075 2732 1201 2804 ὅρος
1227 2734 1277 2786 οἱ
1308 2730 1548 2804 μαθηταὶ
1578 2729 1716 2803 μετὰ
1740 2727 1832 2782 τοῦ⁹

244 2827 537 2899 Σιιιτῆρος,
589 2825 883 2898 μέλλοντος
932 2823 1411 2895 ἀναλαμϐάνεσθαι
1435 2865 1452 2889 ,
1504 2820 1659 2891 ἔλεγε
1698 2821 1836 2893 πρὸς

241 2918 464 2984 αὐτούς’
499 2936 521 2970 ι
549 2918 792 2973 Μείνατε
813 2919 897 2981 είς
928 2916 1296 2989 Ἱεροσόλυμα,
1317 2916 1422 2981 ἕως
1452 2910 1514 2970 οὗ
1544 2912 1836 2985 ἐνδύσησθε

242 3010 467 3084 δύναμιν
497 3011 563 3076 ἐξ
588 3010 788 3081 ὕψους
822 3029 842 3061 ι
867 3009 957 3062 διὰ
975 3008 1038 3062 τὸ
1060 3007 1328 3081 ὲπῆρθαι·
1360 3007 1536 3078 «Γοτι
1562 3004 1777 3078 ἐπήρθη
1801 3005 1835 3076 ἡ

243 3101 693 3178 μεγαλοπρέπειά
733 3118 831 3156 σου
874 3099 1130 3172 ὑπεράνω
1178 3098 1288 3155 τῶν
1316 3098 1583 3173 οὐρανῶν.
1613 3119 1633 3150 ι
1677 3098 1836 3171 Αὐτῷ

239 3189 326 3249 οὖν
379 3192 558 3248 Δαὸὶδ
604 3193 930 3266 προσφωνεῖ
973 3189 1180 3259 λέγων·
1235 3207 1256 3242 ι
1295 3191 1417 3245 Ὀτι
1465 3189 1667 3263 ὄψομαι
1709 3190 1837 3255 τοὺς

240 3287 522 3360 οὐρανοὺς,
556 3286 703 3359 ἔργα
729 3284 843 3340 τῶν
861 3282 1144 3343 δακτύλων
1173 3299 1288 3337 σου.
1310 3302 1333 3336 ι

238 3401 323 3458 53.
364 3402 492 3457 Ὅτι
526 3398 745 3469 ὥσπερ
777 3402 813 3454 ό
844 3397 1052 3469 Πατὴρ
1079 3397 1298 3469 Κύριος
1330 3397 1595 3463 Σαϐαὼθ,
1644 3397 1837 3465 οὕτως

736 3469 844 3525 καὶ
865 3472 899 3524 ό
938 3468 1071 3534 Υιὸς
1096 3468 1333 3538 ὁμοίως.
1678 3478 1695 3485 ‘

312 3563 373 3617 '0
406 3562 646 3626 Ἡσαΐας
675 3561 834 3631 λέγει
853 3575 870 3592 ο
918 3578 939 3613 ι
966 3560 1076 3614 Καὶ
1117 3562 1321 3631 σημεῖα
1370 3560 1465 3614 καὶ
1514 3558 1721 3631 τέρατα
1775 3559 1835 3612 ὲν

236 3656 311 3727 τῷ
337 3658 473 3728 οἴκῳ
516 3654 749 3729 Ἰσραὴλ
781 3651 937 3725 παρὰ
970 3652 1177 3724 Κυρίου
1212 3650 1465 3717 Σαϐαὼθ,
1498 3652 1559 3717 ὃς
1589 3653 1837 3707 κατοικεῖ

235 3750 296 3809 ιν
324 3749 401 3820 τῷ
425 3750 539 3822 δρει
562 3747 731 3803 Σιών.
760 3766 782 3799 ι
821 3746 913 3800 Ἑν
934 3744 992 3798 δὲ
1018 3744 1098 3818 τῷ
1132 3743 1355 3815 ψαλμῷο
1383 3763 1403 3796 ι
1439 3743 1581 3814 Ἐγὼ
1608 3744 1667 3798 δὲ
1699 3759 1833 3797 κατ-

232 3838 469 3912 εστάθην
496 3837 767 3911 βασιλεὺς
796 3836 890 3890 ὑπ’
919 3832 1086 3889 αὐτοῦ
1111 3833 1205 3888 ἐπὶ
1237 3833 1378 3889 Σιὼν
1408 3833 1536 3903 ὅρος
1564 3834 1625 3887 τὸ
1676 3833 1834 3903 ἅγιον

233 3926 420 3982 αὐτοῦ.
464 3946 487 3981 ι

233 4039 321 4097 34-
350 4040 509 4112 Πρὸς
550 4040 712 4112 τοὺς
746 4037 1046 4112 War
1062 4031 1252 4112 ,ἦττοῖ
1281 4033 1443 4112 εῖναι
1472 4036 1539 4112 τὸ
1591 4037 1834 4112 Πνεῦμα

297 4105 412 4166 τοῦ*
441 4105 740 4181 Χριστοῦ,
798 4105 1011 4178 ἐπειδὴ
1043 4105 1316 4177 ἀρραϐὼν
1339 4105 1601 4179 ἐκλήθη,
1625 4105 1828 4178 μέρος,

295 4184 509 4252 φησιν,
538 4182 705 4237 ἐστι.

296 4276 619 4347 Γέγραπται
674 4275 737 4327 ὲν
777 4275 845 4345 τῇ
898 4270 1039 4344 πρὸς
1084 4271 1398 4341 Ἐφεσίους·
1441 4290 1460 4324 ι
1516 4272 1604 4325 Ἐν
1647 4262 1693 4338 ᾧ
1738 4270 1831 4324 καὶ

233 4368 624 4431 πιστεύσαντες
667 4362 1083 4436 ἐσφραγίσθητε
1112 4362 1192 4434 τῷ
1224 4362 1505 4434 Πνεύματι
1530 4364 1629 4433 τῆς
1661 4363 1832 4432 ἐπαγ-

230 4458 403 4527 γελίας
428 4460 514 4530 τῷ
558 4458 727 4529 ἁγίῳ,
755 4458 785 4510 ὃ
818 4456 934 4528 (85)
970 4456 1117 4510 ἐστιν
1145 4456 1175 4509 ὁ
1206 4454 1462 4528 ἀρραϐὼν
1499 4455 1601 4526 τῆς
1634 4454 1833 4527 κληρο-

228 4552 454 4624 νομίαςή
465 4550 613 4623 μῶν,
627 4553 715 4613 είς
729 4548 1109 4619 ἀπολύτρωσιν
1123 4547 1220 4618 τῆς
1234 4548 1636 4619 περιποιήσεως
1650 4546 1828 4618 ἡμῶν,

228 4646 302 4709 είς
356 4647 585 4699 ἔπαινον
643 4644 750 4714 τῆς
791 4642 954 4713 δόξης
1001 4638 1186 4695 αὑτοῦ.
1222 4658 1241 4691 ι
1276 4639 1615 4712 Εὑρίσκομεν
1644 4639 1700 4692 δὲ
1734 4638 1828 4693 τὸν

227 4738 439 4812 Πατέρα
469 4742 533 4794 ὲν
568 4740 642 4810 τῇ
684 4737 882 4808 Γραφῇ
921 4733 1090 4806 μέρος
1133 4731 1467 4803 καλούμενον
1503 4730 1652 4804 (86)·
1678 4731 1826 4801 λέγει

230 4829 332 4903 γὰρ
356 4833 413 4885 ἐν
433 4830 517 4903 τῷ
543 4826 762 4900 ψαλμῷ
782 4844 796 4865 ε
828 4844 846 4877 ι
883 4824 1061 4897 Μερίς
1093 4841 1195 4897 μου
1226 4818 1278 4876 εἷ
1325 4824 1384 4876 ὲν
1417 4825 1488 4894 γῇ
1523 4820 1739 4886 ζώντων
1759 4839 1773 4853 ο
1796 4841 1817 4874 ι

229 4924 316 4980 καὶ
341 4924 501 4980 πάλιν
530 4924 596 4975 ἐν
621 4918 709 4990 τῷ
742 4914 1123 4987 ἑκκαιδεκάτῳ
1159 4912 1392 4987 ψαλμῷ-
1435 4932 1454 4966 t
1494 4913 1695 4986 Κύριος
1729 4930 1824 4985 με·

229 5014 307 5087 ρὶς
337 5016 432 5085 τῆς
464 5010 856 5087 κληρονομίας
892 5024 1019 5079 μου,
1070 5007 1165 5060 καὶ
1207 5005 1301 5060 τοῦ
1348 5005 1609 5076 ποτηρίου
1651 5022 1773 5077 μου.
1800 5023 1819 5057 ι

226 5126 308 5182 55.
348 5131 504 5199 Πρὸς
556 5127 713 5191 τοὺς
743 5126 1046 5199 λέγοντας
1098 5121 1207 5199 τόν
1250 5120 1397 5199 rm
1436 5120 1516 5199 μὴ
1540 5117 1828 5199 εἷνιῃ-τῆς

289 5191 501 5268 οὑοῖίαξ
528 5199 648 5253 τοῦ
676 5191 944 5268 Πατρός,
976 5192 1078 5268 ὅτι.
1098 5194 1210 5268 μία
1236 5191 1611 5268 ἐξουσία-καὶ
1649 5191 1830 5268 ddi-a7

285 5289 399 5353 μις,
425 5260 527 5397 αἰξὶ
547 5260 902 5352 βασιλεία,
935 5262 1034 5317 καί
1069 5260 1290 5332 pedm;-
1328 5262 1434 5317 τοῦ
1473 5261 1705 5330 Πατρός
1729 5260 1830 5319 καί

292 5357 391 5397 του
499 5359 599 5397 ου.

290 5434 442 5503 Λέγει
467 5436 498 5489 ό
532 5432 656 5507 (87)
703 5427 1009 5502 προφήτης
1030 5440 1043 5455 ’
1078 5441 1099 5475 ι
1143 5424 1435 5495 Ἐξαίφνης
1472 5422 1593 5495 ἣξει
1631 5423 1713 5487 εἰς
1736 5421 1831 5477 τὸν

1861 3248 1910 3310 ο

1940 2023 1961 2057 ι
1997 2003 2231 2063 Domine
2280 2005 2548 2064 Dominus
2594 2014 2811 2074 noster,
2861 2021 3025 2077 quam
3076 2005 3406 2062 admirabile
3446 2011 3534 2062 est

1934 2111 2135 2153 nomen
2158 2103 2316 2154 tuum
2339 2095 2395 2150 in
2421 2097 2679 2151 universa
2712 2104 2856 2151 terra
2876 2097 2928 2151 ⁸1
2962 2117 2980 2150 ι
3010 2096 3284 2164 Quoniam
3312 2111 3533 2152 omnem

1934 2196 2137 2243 terram
2172 2188 2416 2259 implevit
2449 2187 2658 2242 Christi
2687 2189 3037 2243 vocabulum.
3075 2188 3296 2247 Etenim
3322 2188 3378 2242 in
3407 2202 3533 2243 om-

1934 2293 2060 2334 nem
2094 2286 2301 2333 terram
2335 2277 2502 2334 exivit
2541 2293 2714 2334 sonus
2753 2286 3073 2334 sanctorum
3096 2320 3110 2343 ,
3150 2288 3204 2335 et
3243 2292 3423 2348 usque
3459 2277 3532 2333 ad

1936 2371 2074 2426 ﬁnes
2109 2369 2262 2426 orbis
2289 2370 2457 2425 verba
2491 2384 2706 2425 eorum.
2752 2367 2948 2424 Merito
2995 2386 3129 2442 ergo
3156 2369 3412 2427 Psalmus
3439 2367 3530 2422 di-

1935 2464 2033 2527 cit,
2063 2481 2081 2515 t
2102 2461 2441 2519 Admirabile
2462 2470 2546 2518 est
2564 2478 2762 2518 nomen
2786 2471 2938 2517 tuum
2957 2461 3009 2516 in
3034 2464 3292 2520 universa
3304 2470 3478 2519 terra.
3503 2478 3524 2513 ι

1934 2557 2212 2624 Quorsum
2245 2554 2402 2623 illud,
2445 2557 2594 2627 quod
2625 2554 2933 2627 subiungit,
2967 2574 2985 2605 ι
3015 2554 3285 2620 Quoniam
3316 2555 3532 2610 elevata

1935 2652 2020 2700 est
2067 2644 2476 2716 magniﬁcentia
2524 2653 2617 2700 tua
2665 2660 2833 2715 super
2881 2643 3129 2699 cmlos'?
3158 2664 3177 2696 ι
3212 2643 3370 2711 Quod
3409 2650 3532 2698 tum

1935 2737 2220 2809 impletum
2249 2745 2357 2802 est,
2387 2752 2513 2793 cum
2554 2738 2925 2795 ascenderunt
2963 2737 3219 2808 discipuli
3268 2738 3325 2792 in
3367 2752 3533 2793 mon-

1938 2837 2046 2885 tem
2078 2845 2203 2885 cum
2238 2829 2524 2886 Salvatore
2573 2832 2628 2885 in
2673 2831 2847 2886 cmlos
2874 2830 3232 2895 assumendo,
3278 2829 3528 2900 dixitque

1937 2922 2005 2976 ad
2048 2934 2185 2977 eos:
2218 2938 2237 2971 ι
2270 2918 2483 2976 Manete
2529 2920 2585 2975 in
2627 2917 2958 2983 Jerusalem,
3000 2917 3177 2973 donec
3219 2914 3529 2972 induamini

1936 3013 2138 3069 virtute
2190 3027 2258 3068 ex
2304 3013 2506 3069 alto“:
2553 3033 2573 3065 ι
2617 3012 2747 3083 quia
2803 3008 3019 3068 scilicet
3064 3015 3385 3080 assumptus
3434 3006 3529 3063 ille

1936 3112 2059 3160 erat
2082 3121 2098 3159 :
2126 3122 2145 3157 ι
2174 3103 2445 3171 Quoniam
2469 3105 2680 3160 elevata
2707 3111 2793 3160 est
2817 3101 3223 3176 magniﬁcentia
3246 3109 3341 3157 tua
3361 3115 3531 3172 super

1938 3196 2133 3252 cmlos.
2160 3215 2180 3248 ι
2204 3194 2374 3267 Igitur
2393 3211 2517 3251 eum
2544 3195 2715 3251 David
2747 3194 3066 3266 alloquitur,
3095 3192 3288 3250 dicens
3310 3212 3325 3248 :
3346 3210 3366 3244 ι
3386 3191 3531 3260 Quo-

1938 3290 2086 3345 niam
2117 3288 2314 3345 videbo
2337 3289 2532 3356 cmlos,
2561 3303 2731 3359 opera
2762 3287 3059 3359 digitorum
3088 3286 3379 3342 tuorum'.
3412 3304 3434 3339 ι

1935 3399 2022 3455 33.
2070 3399 2141 3456 Ut
2187 3400 2355 3457 Pater
2381 3411 2458 3457 est
2505 3400 2771 3457 Dominus
2818 3398 3079 3469 Sabaoth,
3112 3401 3191 3455 ita
3232 3409 3285 3455 et
3324 3398 3528 3458 Filius.

2009 3554 2184 3610 Isaias
2210 3554 2348 3611 dicit
2375 3572 2391 3610 ;
2422 3573 2442 3607 ι
2480 3553 2648 3628 Signa
2680 3562 2736 3610 et
2784 3554 3035 3625 prodigia
3078 3554 3132 3608 in
3160 3554 3327 3609 domo
3359 3554 3530 3610 Israel

1935 3658 1967 3698 a
1996 3642 2229 3699 Domino
2262 3645 2522 3708 Sabaoth,
2563 3644 2658 3716 qui
2685 3644 2895 3698 habitat
2943 3645 2998 3699 in
3047 3652 3232 3700 monte
3274 3643 3466 3699 Sion”.
3500 3664 3522 3698 ι

1934 3736 1994 3795 In
2030 3738 2251 3794 Psalmo
2300 3748 2481 3795 autem
2536 3738 2710 3795 dicit:
2740 3757 2759 3789 ι
2790 3736 2905 3809 Ego
2956 3745 3139 3793 autem
3185 3738 3526 3794 constitutus

1936 3845 2060 3888 sun
2095 3846 2193 3886 rex
2215 3830 2285 3886 ab
2305 3846 2391 3899 eo,
2418 3846 2584 3902 super
2607 3828 2739 3884 Sion
2762 3836 3002 3885 montem
3024 3835 3273 3885 sanctum
3297 3827 3474 3898 ejus'.
3492 3847 3519 3880 ο

1938 4035 2044 4163 lg
2098 4037 2188 4093 δι.
2226 4035 2494 4092 Adversus
2544 4053 2668 4099 eos.
2717 4037 2806 4107 qui
2861 4037 3043 4092 dicunt
3113 4037 3367 4091 minorem
3413 4051 3529 4090 esse

2047 4109 2262 4163 niritum
2319 4117 2563 4162 sanctum
2618 4107 2830 4163 Christo
2859 4148 2873 4163 .
2930 4109 3176 4163 aiuntaue
3205 4148 3220 4163 .
3276 4107 3527 4161 quoniam

2045 4109 2262 4176 piritum
2319 4117 2563 4162 sanctum
2618 4107 2830 4163 Christo
2859 4148 2873 4169 ,
2930 4109 3176 4177 aiuntque
3205 4148 3220 4174 ,
3276 4107 3527 4161 quoniam

2005 4179 2167 4233 arrha
2191 4187 2406 4233 uocatus
2429 4186 2539 4242 est,
2570 4188 2773 4247 portent
2805 4180 3042 4250 aliquam
3072 4195 3204 4233 esse.

2005 4271 2281 4342 Scriptum
2328 4278 2413 4328 est
2445 4271 2501 4325 in
2533 4270 2777 4342 Epistola
2808 4272 2873 4327 ad
2905 4270 3169 4341 Ephesios
3198 4290 3211 4326 :
3251 4288 3271 4322 ι
3314 4268 3372 4324 ln
3414 4284 3527 4340 quo

1932 4363 2220 4420 credentes
2253 4363 2449 4435 signati
2473 4366 2608 4418 estis
2641 4362 2848 4434 Spiritu
2884 4362 3265 4433 promissionis
3293 4367 3526 4418 sancto:

1932 4457 2026 4529 qui
2064 4463 2148 4512 est
2167 4457 2332 4511 arrlia
2358 4456 2691 4512 haereditatis
2733 4464 2957 4521 nostrae,
2989 4454 3055 4510 ad
3089 4455 3528 4526 redemptionem

1932 4549 2313 4620 acquisitionis
2338 4556 2564 4614 nostrai,
2621 4549 2678 4605 in
2712 4548 2928 4605 laudem
2960 4547 3147 4619 gloriae
3192 4548 3366 4619 ipsius
3390 4546 3456 4601 ¹⁰.
3502 4566 3522 4599 ι

1935 4641 2042 4696 Sed
2065 4651 2120 4698 et
2135 4640 2350 4697 Patrem
2378 4642 2691 4697 invenimus
2717 4642 2773 4696 in
2802 4640 3100 4711 Scripturis
3115 4648 3323 4711 partem
3344 4638 3531 4711 appel-

1920 4735 2033 4815 ‘lari
2054 4775 2069 4799 ,
2118 4734 2174 4789 in
2205 4733 2426 4790 Psalmo
2455 4734 2602 4790 enim
2634 4732 2877 4788 dicitur:
2922 4751 2940 4785 ι
3002 4732 3190 4787 Portio
3224 4746 3344 4787 mea
3378 4747 3437 4786 es
3468 4737 3527 4785 tu

1932 4827 1986 4881 in
2009 4835 2154 4882 terra
2179 4827 2476 4882 viventium
2499 4827 2562 4882 ¹¹.
2591 4846 2609 4877 ι
2639 4827 2823 4897 Atque
2856 4826 3054 4881 iterum
3075 4825 3129 4878 in
3147 4824 3527 4879 decimosexto

1931 4920 2181 4989 psalmo:
2224 4937 2242 4968 ι
2285 4917 2550 4973 Dominus
2586 4933 2716 4989 pars
2755 4916 3091 4973 liaereditatis
3125 4930 3278 4979 meae,
3306 4922 3360 4969 et
3388 4912 3525 4968 cali-

1933 5008 2014 5062 cis
2038 5007 2146 5062 mei
2177 5008 2245 5060 υ.
2281 5026 2300 5058 ι

1933 5118 2023 5181 35.
2065 5119 2331 5175 Adversus
2362 5137 2450 5175 eos
2483 5122 2573 5189 qui
2612 5120 2796 5176 dicunt
2845 5118 3050 5177 Filium
3097 5135 3201 5173 non
3248 5133 3363 5172 esse
3398 5115 3527 5172 sub-

2005 5192 2220 5244 stantia:
2266 5190 2445 5245 Patris
2478 5210 2491 5245 :
2525 5192 2763 5261 quodque
2791 5208 2898 5244 una
2925 5189 3206 5261 eademque
3234 5190 3324 5261 δίε
3344 5198 3530 5258 poten-

2007 5261 2106 5329 tia,
2136 5263 2325 5326 virtus,
2358 5257 2595 5333 regnum,
2628 5257 2686 5316 et
2707 5260 2961 5316 divinitas
3000 5257 3182 5313 Patris
3203 5269 3250 5313 et
3276 5257 3431 5314 Filii.

2009 5422 2151 5484 Dicit
2203 5425 2471 5496 preplieta
2506 5444 2520 5480 :
2562 5419 2606 5477 ι’
2643 5423 2841 5479 Statim
2900 5423 3082 5479 veniet
3136 5422 3205 5478 ad
3262 5422 3532 5495 templum

290 5654 310 5685 ³
340 5652 481 5710 Psal.
518 5670 645 5715 xxi,
696 5648 796 5705 12.
881 5645 905 5676 ³
935 5641 1083 5715 Pagi.
1128 5658 1292 5705 un.
1326 5643 1382 5715 Ali.
1460 5641 1487 5715 ’ἦ
1514 5641 1669 5715 Ρεοιε
1701 5659 1823 5715 vni,
1855 5648 1911 5703 2.
1987 5647 2010 5679 ⁸
2040 5646 2176 5702 ibid.
2252 5646 2274 5676 ⁸
2304 5650 2429 5702 Act.
2471 5662 2510 5712 l,
2546 5647 2601 5702 4.
2679 5646 2699 5677 ⁷
2730 5644 2882 5703 Psal.
2916 5659 3037 5711 vni,
3070 5644 3127 5699 4.
3203 5644 3226 5675 ⁸
3259 5642 3369 5699 lsa.
3398 5652 3527 5709 vin,

226 5721 302 5780 l8.
366 5728 385 5760 ³
433 5726 589 5784 Psal.
632 5712 737 5787 'u,
776 5717 838 5773 6ο
924 5716 970 5751 ⁸⁸
1001 5712 1199 5783 Εριιεε.
1245 5730 1281 5779 Ι.
1316 5713 1419 5779 15,
1468 5713 1556 5780 14.
1634 5713 1825 5774 “Psal

1944 5732 2027 5783 ιιι,
2061 5717 2113 5772 6.
2192 5716 2235 5748 ¹¹
2266 5715 2411 5774 Psal.
2443 5733 2533 5782 xv,
2564 5717 2618 5772 5.

278 5840 381 5976 :85)
413 5843 481 5894 ’0
508 5841 681 5898 deest
716 5836 784 5891 in
815 5827 1150 5907 Anglicano.

295 5912 376 5976 86)
414 5912 746 5971 Vaticanus
792 5912 852 5962 et
879 5899 1150 5968 Anglican

295 5898 376 5985 86}
414 5912 746 5971 Vaticanus
792 5912 852 5962 et
879 5898 1242 5969 Anglicanus,
1266 5898 1560 5970 λεγόμενον

2013 5831 2125 5904 ς87)
2154 5831 2242 5904 ΔΙιιι
2276 5830 2574 5890 Vaticanus
2612 5836 2670 5886 et
2706 5830 3070 5904 Anglicanus.
3107 5826 3170 5885 In
3198 5824 3368 5884 editis
3401 5811 3534 5880 arti;

1939 5903 2096 5959 culus
2134 5902 2307 5959 deest.
