4048 6406
557 366 628 420 65
1715 375 1774 432 S.
1817 377 2281 440 ATHANASIUS.
2321 415 2393 426 -—
2431 385 2660 445 DDBIA.
3734 391 3803 446 66

559 501 719 540 suum
765 484 1061 556 Dominus,
1119 506 1282 561 quem
1329 508 1428 550 vos
1462 495 1730 563 quaritis,
1783 508 1840 552 et
1890 499 2132 572 Angelus

2234 507 2360 560 ναὸν
2391 508 2586 562 ἑαυτοῦ
2617 509 2648 562 ὀ
2681 509 2902 582 Κύριος,
2929 509 2988 563 ὃν
3017 510 3175 581 ὑμεῖς
3203 511 3441 584 ζητεῖτε,
3472 513 3566 566 καὶ
3597 514 3624 566 6
3644 513 3805 582 ἄγγε-

559 578 888 644 testamenti,
909 594 1072 650 quem
1099 596 1195 636 vos
1240 582 1409 638 vultis
1451 585 1593 641 "-“.
1617 604 1636 638 ι
1678 585 1774 644 Dei
1809 589 1976 660 igitur
1999 603 2136 648 tem-

558 667 707 734 plum
741 675 846 732 est,
891 670 1036 740 quod
1064 679 1118 726 et
1147 686 1306 726 suum
1364 673 1613 748 (Filius)
1665 692 1789 735 esse
1833 680 2002 750 dicit;
2063 699 2136 740 ne

557 759 960 816 existimaretur
985 761 1201 820 diversa
1239 779 1361 820 esse
1385 764 1564 824 Patris
1591 768 1914 837 dominatio,
1948 781 2004 828 et
2049 775 2136 830 di-

558 867 772 908 versum
798 851 920 908 Filii
945 870 1191 924 regnum.
1246 855 1530 929 Templum
1563 859 1766 928 Patris,
1804 865 1952 934 quod
1980 866 2135 924 dedi-

557 944 700 998 cavit
734 943 991 1002 Salomon
1027 947 1158 1011 Deo,
1193 948 1297 1004 hoc
1325 951 1503 1021 ipsum
1549 951 1670 1008 Filii
1704 957 1964 1027 templum
1993 975 2136 1014 nun-

557 1041 721 1100 cupat
749 1036 1032 1106 pr0pheta,
1068 1053 1192 1094 cum
1223 1041 1301 1094 ait
1328 1061 1340 1096 :
1391 1041 1648 1098 «:Statim
1679 1046 1860 1102 veniet
1891 1048 1961 1102 ad
1999 1059 2135 1106 tem-

560 1123 708 1192 plum
763 1142 922 1182 suum
981 1127 1268 1190 Dominus.
1339 1153 1360 1186 ι
1419 1134 1653 1207 Ideoque
1711 1137 1962 1195 Salvator
2015 1143 2132 1198 ait:

563 1230 585 1264 ι
621 1211 811 1282 Ejieite
853 1217 968 1272 hmc
1005 1219 1229 1286 isthinc,
1261 1232 1315 1279 et
1347 1225 1514 1281 nolite
1561 1228 1741 1284 facere
1780 1229 2001 1285 domum
2033 1230 2136 1286 Pa-

559 1305 660 1360 tris
715 1309 868 1373 mei,
923 1311 1144 1367 domum
1195 1318 1582 1386 negotiationis
1613 1320 1696 1376 "z
1734 1339 1754 1372 ι
1813 1321 1930 1392 ipse
1960 1323 2132 1381 dicit:

561 1413 585 1449 ι
626 1395 819 1470 Ejicite
847 1403 952 1458 ista
985 1403 1115 1459 hinc
1140 1424 1154 1460 :
1183 1405 1379 1464 domus
1412 1410 1556 1465 enim
1602 1427 1742 1476 mea,
1773 1411 1970 1470 domus
2010 1431 2136 1470 ora-

555 1487 722 1546 tionis
749 1491 1049 1549 vocabitur.
1084 1493 1289 1553 Domus
1308 1539 1322 1560 ,
1357 1499 1554 1570 inquit,
1583 1501 1764 1558 Patris
1793 1503 1930 1568 mei,
1963 1514 2016 1560 et
2036 1505 2136 1561 do-

560 1593 682 1635 mus
709 1595 827 1636 mea
847 1583 911 1638 '°.
949 1603 968 1636 ι

558 1693 648 1750 36.
690 1692 892 1750 Filium
939 1696 1126 1753 habere
1174 1717 1360 1754 nomen
1409 1701 1624 1769 Patris,
1668 1713 1725 1758 ut
1761 1703 1926 1759 Deum
1957 1718 2009 1761 et
2033 1707 2137 1761 Do-

1243 1807 1461 1844 manum.

2235 595 2326 660 λος
2369 597 2471 668 τῆς
2525 597 2810 670 διαθήκης,
2855 597 2916 652 ὃν
2961 598 3120 670 ὑμεῖς
3161 599 3379 654 θέλετε’
3424 620 3447 654 ι
3475 599 3610 655 Θεοῦ
3651 583 3742 656 οῦν
3773 603 3812 657 6.

2235 687 2381 751 ναὸς,
2420 687 2513 742 καὶ
2547 688 2697 758 λέγει
2726 688 2920 744 ἑαυτοῦ
2963 685 3101 744 εἶναι
3132 690 3226 745 τὸν
3253 692 3400 757 ναὸν,
3434 693 3510 757 ὡς
3545 693 3619 765 μή
3648 711 3801 766 νομι-

2237 778 2430 848 σθῆναι
2459 779 2652 852 ἑτέραν
2687 776 2824 834 εἶναι
2847 779 2940 834 τοῦ
2971 782 3184 854 Πατρδς
3221 783 3322 855 τὴν
3347 782 3680 849 δεσποτείαν,
3712 786 3802 840 καὶ

2235 873 2426 942 ἑτέραν
2449 872 2542 926 τοῦ
2566 873 2696 926 Υίοῦ
2715 875 2813 946 τὴν
2847 874 3139 943 βασιλείαν.
3163 874 3266 929 Τὸν
3295 878 3419 930 ναὸν
3446 877 3540 930 τοῦ
3569 877 3800 950 Πατρὸς.

2233 963 2292 1017 ὃν
2334 965 2600 1034 ἀνέθηκεν
2665 968 2695 1019 6
2735 965 2982 1038 Σολομὼν
3023 965 3099 1037 τῷ
3138 968 3278 1036 Θεῷ,
3320 969 3508 1023 τοῦτον
3535 970 3660 1024 ναὸν
3710 972 3813 1025 τοῦ.

2237 1053 2364 1106 Υίοῦ
2399 1053 2552 1108 καλεῖ
2586 1058 2615 1108 6
2647 1057 2959 1126 προφήτης·
2996 1077 3014 1110 ι
3064 1057 3351 1131 Ἐξαίφνης
3409 1060 3528 1130 ἥξει
3578 1064 3660 1126 εἰς
3714 1061 3801 1118 τὸν

2235 1144 2357 1196 ναὸν
2391 1145 2583 1198 ἑαυτοῦ
2615 1149 2644 1200 6
2673 1147 2892 1218 Κύριος.
2937 1169 2955 1200 ι
3001 1149 3100 1204 Διά
3136 1150 3294 1204 τοῦτο
3329 1153 3358 1204 6
3397 1153 3588 1224 Σωτὴρ
3617 1153 3796 1223 λέγει’

2241 1252 2259 1285 ι
2307 1234 2593 1289 Ἐκϐάλετε
2619 1237 2788 1291 ταῦτα
2815 1239 3064 1294 ἐντεῦθεν
3099 1240 3232 1312 (88),
3262 1241 3358 1294 καὶ
3383 1242 3456 1314 μή
3487 1245 3688 1298 ποιεῖτε
3713 1244 3804 1301 τὸν

2234 1319 2381 1378 οἷκον
2412 1327 2506 1380 τοῦ
2537 1329 2750 1402 Πατρός
2796 1349 2898 1403 μου
2936 1328 3082 1386 οἷκον
3121 1335 3384 1406 ἐμπορίου
3408 1352 3424 1366 ο
3459 1354 3479 1387 ι
3519 1337 3680 1400 αὐτὸς
3711 1337 3800 1392 λέ-

2233 1433 2319 1486 γει
2343 1435 2357 1449 ο
2399 1438 2417 1470 ι
2471 1421 2759 1475 Ἐκὸάλετε
2805 1423 2976 1478 ταῦτα
3004 1424 3251 1479 ἐντεῦθεν
3273 1443 3286 1456 ·
3315 1430 3343 1481 6
3375 1426 3482 1500 γὰρ
3514 1425 3662 1493 οἶκός
3703 1447 3804 1502 μου

2233 1504 2379 1573 οἶκος
2417 1513 2724 1584 προσευχῆς
2761 1513 3109 1592 κληθήσεταμ
3167 1518 3225 1571 '0
3267 1513 3444 1584 οἶκος,
3498 1521 3666 1592 φησὶ,
3710 1519 3801 1576 τοῦ

2236 1598 2446 1670 Πατρός
2482 1618 2582 1672 μου
2616 1605 2710 1657 καὶ
2734 1600 2880 1670 οἶκός
2909 1624 3028 1678 μου.
3069 1581 3104 1659 ἶ

2236 1714 2322 1770 56.
2363 1717 2482 1770 Ὅτι
2540 1721 2573 1772 ὀ
2635 1721 2864 1796 Υίόςώτρ
2910 1723 3245 1796 ὄνρμιιτοῦ
3286 1723 3513 1793 Πατρός
3547 1725 3696 1796 ἔχει,
3726 1726 3805 1794 ὡς

2759 1791 2902 1857 Θεὸς
2923 1791 3019 1846 καί
3043 1797 3095 1847 Κ
3097 1795 3275 1860 ὐριος.

629 1899 884 1956 Testatur
913 1902 1070 1959 Pater
1096 1905 1149 1960 in
1193 1904 1379 1961 Exodo
1403 1927 1420 1962 :
1455 1927 1474 1960 ι
1527 1909 1668 1966 Ecce
1697 1926 1798 1982 ego
1843 1913 1997 1968 mitto
2027 1913 2134 1968 An-

2305 1899 2588 1970 Μαρτυρεί
2617 1901 2646 1954 6
2672 1900 2858 1972 Πατὴρ
2888 1903 2946 1954 ὲν
2985 1905 3050 1976 τῇ
3097 1904 3316 1977 Ἐξόδῳ⁸
3346 1926 3364 1958 ι
3387 1905 3516 1959 Ἰδοὺ
3547 1905 3656 1976 ἐγὼ
3676 1909 3806 1962 ἁπο-

559 1991 738 2060 gelum
769 2010 948 2050 meum
984 2006 1110 2052 ante
1142 1999 1330 2054 faciem
1365 2010 1510 2054 tuam
1539 2041 1554 2063 ,
1597 2012 1656 2056 ut
1681 2005 1956 2060 custodiat
1997 2014 2051 2064 te
2080 2007 2134 2062 in

559 2083 666 2147 via,
701 2095 760 2137 ut
793 2085 1103 2144 introducat
1137 2097 1190 2144 te
1236 2090 1288 2143 in
1343 2102 1562 2155 terram,
1598 2109 1760 2162 quam
1813 2100 2136 2166 praparavit

559 2175 698 2253 tibi:
739 2180 956 2234 attende
985 2181 1080 2236 tibi
1107 2185 1423 2238 etausculta
1451 2201 1596 2248 eum,
1621 2203 1689 2242 ne
1729 2189 1806 2244 sis
1837 2191 1885 2245 ei
1921 2192 2136 2247 inobse-

557 2281 752 2334 quens.
790 2266 906 2322 Non
957 2271 1102 2325 enim
1150 2273 1435 2329 remissius
1495 2283 1618 2344 aget
1666 2284 1886 2333 tecum:
1938 2296 2132 2338 nomen

557 2356 701 2411 enim
761 2377 936 2414 meum
997 2370 1082 2417 est
1123 2364 1176 2418 in
1233 2364 1325 2418 illo
1375 2368 1443 2421 ".
1489 2387 1508 2419 ο
1551 2366 1706 2424 Unde
1751 2378 1805 2426 et
1851 2370 2022 2428 Filius
2079 2375 2133 2428 in

560 2443 851 2520 Evangelio
886 2451 1054 2508 dicit:
1095 2471 1115 2506 ι
1157 2453 1268 2526 Ego
1303 2457 1424 2510 veni
1457 2457 1512 2511 in
1547 2461 1766 2516 nomine
1799 2459 1978 2517 Patris
2007 2465 2132 2529 mei,

557 2545 608 2592 et
635 2555 742 2593 non
767 2543 1050 2612 recepistis
1075 2560 1195 2611 me;
1225 2547 1270 2600 si
1296 2548 1435 2604 alius
1458 2552 1667 2607 venerit
1696 2553 1750 2606 in
1773 2567 1872 2608 suo
1893 2556 2133 2620 nomine,

560 2630 709 2683 illum
748 2635 1064 2702 receperitis
1094 2638 1162 2690 “.
1225 2658 1244 2690 ι
1284 2637 1350 2692 Ει.
1401 2642 1458 2696 in
1515 2645 1725 2714 psalmo
1770 2660 1951 2712 cxvn,
2010 2649 2132 2704 ait:

562 2737 583 2772 ι
616 2721 936 2780 Benedictus
963 2767 977 2793 ,
1037 2730 1132 2799 qui
1192 2733 1340 2786 venit
1397 2734 1452 2788 in
1505 2737 1726 2792 nomine
1758 2736 1970 2792 Domini
2000 2740 2068 2796 ³³.
2110 2761 2128 2791 ι

561 2810 746 2868 Sancti
777 2816 944 2886 igitur
989 2823 1286 2890 prophetae,
1320 2842 1427 2879 non
1479 2828 1640 2882 modo
1692 2829 1871 2884 Solent
1911 2831 2136 2900 justitiae

557 2906 744 2962 dixere
775 2906 1134 2979 Salvatorem,
1167 2924 1218 2970 et
1247 2917 1572 2972 matutinam
1599 2935 1890 2992 veramque
1931 2923 2131 2988 lucem,

557 2999 652 3052 sed
679 3007 733 3055 et
777 3001 1111 3072 lampadem,
1157 3015 1210 3062 et
1258 3009 1582 3066 brachium:
1618 3022 1678 3066 ut
1728 3022 1960 3069 testatur
1991 3015 2134 3072 Deus

559 3106 653 3160 per
683 3091 874 3148 Isaiam
909 3097 1244 3166 prophetam,
1269 3102 1460 3158 dicens
1489 3124 1500 3158 :
1541 3123 1560 3156 ι
1601 3106 2013 3178 Appropinquat
2045 3127 2136 3164 ce-

555 3185 971 3256 leriterjustitia
1004 3205 1140 3250 mea.
1171 3194 1417 3261 utadsit;
1449 3198 1686 3254 salutare
1718 3211 1896 3256 autem
1931 3219 2131 3268 meum,
2163 3217 2203 3271 ο

559 3288 618 3334 ut
641 3281 846 3351 lampas
882 3283 1089 3339 ardebit
1123 3285 1189 3340 “.
1233 3306 1252 3340 ι
1291 3286 1449 3342 Nulla
1496 3289 1732 3344 humana
1784 3295 1925 3348 ratio
1962 3295 2134 3350 inter-

554 3383 802 3444 pretetur
820 3391 938 3445 quae
969 3387 1092 3430 sunt
1121 3376 1235 3432 Dei.
1255 3379 1371 3434 Non
1400 3390 1578 3452 potest
1599 3389 1875 3438 veritatem
1893 3387 2136 3444 ediscere

557 3464 868 3536 quispiam,
915 3467 1018 3522 nisi
1068 3469 1136 3523 ab
1173 3472 1288 3540 ipsa
1330 3473 1576 3528 veritate.
1641 3476 1776 3530 Cum
1827 3479 2136 3548 unigenitus

557 3553 822 3614 Dominus
846 3571 1031 3614 noster
1049 3560 1210 3618 Jesus
1231 3563 1487 3620 Christus
1509 3565 1688 3622 editus
1715 3577 1798 3622 est
1819 3571 1887 3622 ab
1917 3571 2136 3640 nuptia-

558 3648 624 3704 lis
651 3666 978 3721 congressus
1025 3666 1244 3724 experte
1303 3659 1502 3727 puella,
1537 3674 1736 3714 novum
1780 3671 1970 3730 partus
2020 3678 2137 3717 mo-

555 3739 686 3795 dum
723 3743 776 3818 in
807 3746 1016 3811 orbem,
1049 3765 1356 3819 novamque
1392 3749 1626 3805 feturam
1665 3752 1722 3806 in
1751 3755 1918 3808 vitam
1957 3757 2133 3812 intro-

549 3831 780 3900 ‘ducens,
814 3838 964 3893 illum
993 3841 1172 3896 adhuc
1218 3842 1548 3898 infantulum
1593 3853 1769 3915 gestat
1821 3855 2035 3914 mater,
2081 3858 2136 3905 et

553 3923 712 3980 oﬂ'ert
743 3927 985 3984 Simeoni
1019 3931 1310 3986 sacerdoti.
1349 3932 1456 3989 Iste
1483 3933 1540 3988 in
1570 3935 1725 3990 ulnas
1756 3947 1980 4008 accepto
2016 3939 2134 3994 Sal-

553 4023 763 4078 vatore,
793 4019 860 4072 ad
893 4035 1017 4074 eum
1057 4021 1132 4074 ita
1175 4023 1416 4092 loquitur
1437 4063 1452 4088 ,
1503 4041 1567 4079 ac
1595 4027 1726 4082 dicit
1759 4047 1772 4082 :
1810 4047 1828 4080 ι
1866 4027 2024 4084 Nunc
2051 4030 2136 4085 di-

557 4108 728 4164 mittis
778 4126 996 4166 servum
1039 4122 1225 4178 tuum,
1284 4113 1530 4182 Domine,
1577 4120 1876 4175 secundum
1909 4123 2132 4177 verbum

555 4207 732 4264 tuum,
765 4201 817 4254 in
867 4217 1018 4272 pace.
1054 4201 1191 4270 Quia
1224 4205 1474 4260 viderunt
1521 4210 1665 4263 oculi
1732 4211 1838 4266 mei
1896 4213 2135 4270 salutare

557 4298 710 4343 tuum
737 4290 783 4323 "
808 4331 825 4356 ,
859 4311 878 4344 ι
912 4292 1014 4348 hoc
1039 4304 1144 4360 est,
1178 4299 1521 4366 prasentiam
1553 4299 1780 4356 Christi.
1813 4301 2005 4360 Merito
2029 4304 2132 4376 igi-

557 4388 648 4434 tur
689 4383 950 4456 propheta
1001 4385 1132 4442 dixit
1195 4388 1297 4444 sub
1348 4405 1583 4460 persona
1635 4391 1772 4449 Dei:
1812 4413 1831 4448 ι
1886 4394 2134 4452 Salutare

556 4487 737 4530 meum
761 4485 816 4529 ut
840 4477 1046 4550 lampas
1068 4481 1298 4544 ardebit,
1326 4493 1379 4538 et
1409 4483 1464 4537 in
1491 4483 1773 4541 brachium
1800 4503 1979 4544 meum
2004 4505 2130 4559 gen-

2237 1991 2436 2044 στέλλω
2487 1992 2578 2046 τὸν
2637 1991 2867 2060 ἄγγελόν
2925 2012 3025 2064 μου
3079 1995 3184 2067 πρὸ
3231 1997 3522 2069 προσώπου
3570 2015 3685 2062 σου,
3721 1999 3807 2053 ἵνα

2235 2080 2446 2154 φυλάξῃ
2466 2099 2524 2135 σε
2556 2083 2612 2135 ὲν
2635 2084 2700 2154 τῇ
2721 2081 2844 2153 ὁδῷ,
2879 2083 3025 2148 ὅπως
3061 2085 3330 2160 εἰσαγάγῃ
3362 2104 3420 2140 σε
3439 2088 3496 2140 ὲν
3531 2090 3597 2159 τῇ
3613 2091 3706 2159 γῇ,
3739 2088 3808 2160 ἦν

2235 2172 2495 2243 ήτοίμασέ
2548 2189 2662 2226 σοι·
2704 2173 2935 2244 πρόσεχε
3003 2175 3216 2246 σεαυτῷ
3256 2177 3365 2247 (89)
3413 2177 3508 2232 καὶ
3556 2177 3806 2232 είσάκουε

2235 2262 2398 2316 αὐτοῦ
2423 2280 2437 2293 ο
2471 2265 2544 2336 μὴ
2577 2261 2784 2316 ἀπείθει
2810 2264 2979 2335 αὐτῷ.
3025 2266 3100 2318 O6
3151 2265 3256 2340 γὰρ
3308 2268 3381 2340 μή
3427 2265 3808 2340 ὑποστείληται

2238 2373 2329 2409 σε·
2370 2357 2430 2410 τὸ
2451 2357 2560 2428 γὰρ
2591 2357 2762 2428 ὄνομά
2791 2357 2890 2428 μού
2933 2358 3080 2413 ἐστιν
3109 2360 3167 2413 ὲν
3189 2359 3354 2430 αὐτῷ.
3382 2379 3400 2412 ι
3441 2360 3601 2414 Ὅθεν
3623 2363 3652 2414 6
3685 2361 3808 2426 Υίὲς

2236 2447 2293 2498 ὲν
2313 2445 2390 2516 τῷ
2421 2446 2737 2518 Εὑαγγελίῳ
2756 2447 2900 2516 λέγει
2927 2465 2940 2478 ·
2970 2467 2988 2499 ι
3013 2447 3154 2516 Ἐγὼ
3181 2445 3343 2518 ἦλθον
3384 2450 3442 2502 ὲν
3477 2449 3556 2520 τῷ
3583 2449 3806 2520 ὀνόματι

2236 2537 2330 2590 τοῦ
2361 2538 2574 2610 Πατρός
2637 2555 2760 2610 μου,
2823 2539 2918 2593 καὶ
2943 2542 3046 2594 οὐκ
3076 2539 3327 2606 ἐδέξασθέ
3363 2558 3460 2614 με’
3505 2541 3602 2596 ἐὰν
3652 2541 3807 2608 ἄλλος

2236 2629 2366 2703 ἔλθῃ
2399 2631 2480 2694 είς
2507 2630 2570 2683 τὸ
2599 2630 2770 2701 ὄνομα
2793 2631 3009 2698 ἑαυτοῦ,
3041 2635 3246 2686 ἐκεῖνον
3274 2633 3518 2707 δέξησθε.
3541 2655 3560 2686 ι
3585 2635 3698 2689 Καὶ
3731 2637 3808 2698 είς

2234 2723 2326 2775 τὸν
2354 2722 2644 2776 ἑκατοστὸν
2671 2724 3128 2780 ἑπτακαιδέκατον
3169 2724 3379 2796 ψαλμὸν
3425 2726 3606 2796 λέγει·
3647 2745 3664 2778 ι
3707 2726 3812 2780 E6-

2235 2813 2533 2887 λογημὲνος
2554 2817 2583 2868 6
2611 2814 2902 2884 ἐρχόμενος
2929 2817 2987 2869 ὲν
3020 2815 3240 2886 ὀνόματι
3287 2817 3514 2888 Κυρίου.
3547 2835 3565 2867 ι
3602 2817 3666 2868 Οἱ
3717 2810 3811 2870 οὖν

2236 2907 2378 2976 ἅγιοι
2411 2907 2684 2978 προφῆται
2712 2907 2772 2960 οὐ
2805 2907 2966 2976 μόνον
2995 2906 3181 2960 Ἥλιον
3214 2907 3555 2979 δικαιοσύνης
3581 2907 3806 2964 ἐκάλουν

2234 2999 2324 3054 τὸν
2359 2999 2610 3072 Σωτῆρα,
2648 3001 2742 3054 καὶ
2787 2997 3044 3072 έρθρινὸν
3075 3000 3190 3070 φῶς
3235 2999 3505 3071 ἀληθινὸν,
3539 2999 3675 3055 ἀλλὰ
3715 3003 3808 3056 καὶ

2234 3091 2512 3164 λαμπάδα,
2542 3092 2635 3145 καὶ
2661 3091 2917 3174 βραχίονα
2939 3107 2952 3123 ·
2984 3091 3060 3157 ὼς
3100 3096 3366 3164 μαρτυρεῖ
3405 3095 3433 3146 6
3464 3093 3616 3158 Θεὸς,
3637 3093 3815 3164 λέγων

2235 3182 2322 3237 διὰ
2362 3183 2582 3236 Ἡσαΐου
2637 3183 2731 3238 τοῦ
2782 3186 3058 3257 προφήτου
3087 3202 3100 3214 ·
3150 3204 3168 3236 ι
3221 3185 3459 3255 Ἐγγίζει
3489 3187 3625 3257 ταχὺ
3671 3190 3704 3258 ή
3735 3186 3808 3242 δι-

2237 3277 2495 3349 καιοσύνη
2530 3295 2631 3348 μου
2655 3277 3096 3350 παραγενέσθαι·
3128 3279 3187 3332 τὸ
3212 3279 3268 3332 δὲ
3299 3279 3564 3351 σωτήριόν
3598 3297 3699 3351 μου
3737 3281 3812 3346 ὡς

2237 3365 2457 3430 λαιιπὰς
2503 3367 2854 3438 καυθήσεται.
2894 3387 2911 3420 ι
2951 3367 3149 3438 Μηδεὶς
3184 3367 3522 3440 ἀνθρώπινος
3555 3368 3812 3441 λογισμὸς

2237 3459 2588 3529 έρμηνευέτω
2613 3461 2682 3514 τὰ
2718 3459 2813 3512 τοῦ
2849 3459 3005 3514 Θεοῦ.
3037 3461 3150 3513 υῦκ
3184 3460 3330 3513 ἐστιν
3354 3459 3609 3532 ἀλήθειαν
3639 3463 3813 3532 ὲκμα·

2235 3549 2346 3603 θεῖν
2368 3568 2490 3605 τινα
2532 3551 2564 3622 ἢ
2615 3552 2744 3624 παρ’
2766 3553 2932 3623 αὐτῆς
2976 3553 3145 3622 αὐτὴν
3193 3551 3649 3623 ἐκμανθάνοντας.
3683 3553 3813 3607 Ὅτε

2235 3642 2264 3694 6
2296 3643 2607 3716 Μονογενὴς
2634 3645 2662 3698 ὁ
2691 3644 2893 3716 Κύριος
2927 3644 3080 3716 ἡμῶν
3128 3645 3334 3716 Ἰησοῦς
3355 3644 3588 3716 Χριστὸς
3615 3643 3811 3716 ἐτέχθη

2236 3735 2294 3802 ἐξ
2341 3737 2714 3808 ἀπειρογάμου
2764 3738 2950 3808 κόρης,
2997 3740 3077 3801 είς
3105 3737 3195 3792 τὸν
3235 3737 3437 3808 κόσμον
3469 3737 3624 3809 ξένην
3649 3737 3814 3791 ὠδῖνα

2237 3829 2331 3882 καὶ
2362 3829 2509 3894 ξένον
2533 3832 2751 3884 τοκετὸν
2774 3830 3083 3900 εἰσαγαγὼν
3111 3834 3190 3889 εἰς
3222 3832 3312 3886 τὸν
3331 3832 3444 3902 βίον
3463 3849 3475 3859 ·
3505 3831 3587 3884 ἔτι
3613 3830 3814 3902 βρέφος

2234 3920 2364 3974 ὄντα
2402 3921 2588 3974 τοῦτον
2613 3921 2870 3992 βαστάζει
2901 3925 2931 3994 ἡ
2968 3925 3149 3996 μήτηρ
3179 3925 3273 3978 καὶ
3302 3923 3563 3997 προσάγει
3590 3921 3814 3994 Συμεὼν

2233 4013 2311 4084 τῷ
2341 4015 2380 4065 is
2392 4017 2491 4086 ρεῖ.
2535 4009 2700 4079 Οὗτος
2728 4015 2906 4069 λαϐὼν
2936 4019 3014 4079 εἰς
3048 4015 3146 4080 τὰς
3178 4017 3422 4086 ἀγκάλας
3441 4015 3530 4068 τὸν
3561 4017 3816 4088 Σωτῆρα,

2235 4107 2369 4178 πρὸς
2402 4107 2561 4160 αὑτὸν
2591 4107 2882 4176 φθέγγεται
2907 4107 2999 4161 καί
3025 4125 3156 4179 φησι
3185 4108 3327 4179 (90)·
3367 4127 3386 4159 ι
3409 4107 3520 4161 Νῦν
3555 4106 3814 4170 ἀπολύεις

2233 4201 2324 4254 τὸν
2343 4199 2526 4254 δοῦλόν
2551 4217 2666 4264 σου,
2686 4201 2953 4266 Δέσποτα,
2977 4201 3190 4256 κατὰτὸ
3213 4202 3278 4273 ρῆ
3288 4201 3364 4272 μά
3385 4217 3498 4264 σου,
3517 4199 3575 4252 ἐν
3598 4200 3811 4272 εἰρήνη.

2234 4293 2356 4345 Ὀτι
2383 4287 2520 4344 εἶδον
2548 4292 2598 4344 οί
2645 4290 2911 4364 ὀφθαλμοί
2935 4310 3036 4364 μου
3064 4292 3125 4346 τὸ
3156 4292 3418 4364 σωτήριόν
3446 4310 3567 4355 σου,
3601 4312 3620 4346 ι
3652 4309 3816 4346 τουτ-

2233 4383 2380 4450 έστι,
2433 4383 2532 4456 τὴν
2585 4385 2889 4455 παρουσίαν
2923 4385 3017 4440 τοῦ
3069 4385 3327 4459 Χριστοῦ.
3369 4378 3609 4450 Εἰκότώς
3643 4381 3739 4441 οὖν
3785 4387 3816 4440 6

2233 4475 2517 4548 προφήτης
2546 4475 2730 4544 ἔλεγεν
2760 4477 2824 4530 ὲκ
2870 4476 3160 4550 προσώπου
3189 4475 3284 4530 τοῦ
3315 4475 3448 4529 Θεοῦ
3474 4493 3488 4507 ·
3527 4494 3546 4528 ι
3583 4477 3696 4532 Καὶ
3753 4476 3816 4530 τὸ

555 4572 638 4618 tes
661 4568 957 4633 sperabunt
986 4571 1051 4626 ".
1089 4591 1108 4624 υ
1138 4571 1423 4629 Brachium
1469 4593 1706 4648 namque
1764 4581 1938 4650 patris
1988 4579 2124 4636 Uni-

2234 4568 2497 4640 σωτήριόν
2555 4585 2657 4639 μου
2688 4567 2764 4631 ὡς
2809 4567 3030 4639 λαμπὰς
3073 4567 3426 4638 καυθήσεται,
3472 4567 3564 4622 καὶ
3597 4567 3678 4632 είς
3721 4567 3815 4620 τὸν

553 4657 796 4724 genitum
830 4659 1074 4714 nominat
1107 4662 1432 4720 :brachium
1467 4667 1685 4736 quidem
1707 4707 1722 4728 .
1766 4686 1875 4725 non
1911 4679 1968 4724 ut
2001 4687 2130 4742 par-

553 4755 662 4804 tem
691 4749 940 4820 deitatis;
996 4755 1090 4810 sed
1152 4766 1210 4810 ut
1255 4759 1577 4814 substantiae
1623 4763 2005 4832 eonjunctuni.
2060 4762 2131 4818 Ut

549 4843 696 4898 enim
744 4845 1031 4902 brachium
1061 4851 1303 4920 ejusdem
1348 4861 1434 4908 est
1481 4855 1816 4919 substantiae,
1851 4855 2010 4926 cujus
2040 4856 2130 4912 ille

550 4934 639 4990 cui
667 4937 950 4993 brachium
984 4954 1103 5008 est;
1153 4943 1224 4998 ita
1260 4944 1543 4999 brachium
1575 4944 1750 5001 Patris
1777 4945 2124 5012 nominatur,

547 5027 990 5099 quandoquidem
1022 5043 1346 5102 cooperator
1380 5045 1465 5091 est
1508 5035 1688 5090 Patris
1739 5037 1792 5091 in
1827 5038 2122 5092 creatione.

553 5115 726 5188 Atque
752 5121 912 5175 istius
937 5125 1241 5192 argumenti
1276 5126 1432 5180 testis
1460 5133 1547 5180 est
1583 5127 1688 5198 16
1723 5128 1917 5183 beatus
1961 5125 2127 5181 Joan-

549 5222 649 5264 nes
676 5211 1028 5282 evangelista,
1060 5213 1152 5283 qui
1195 5229 1362 5284 supra
1397 5222 1588 5284 pectus
1623 5213 1923 5272 Salvatoris
1965 5231 2126 5270 recu-

2233 4659 2494 4730 βραχίονά
2529 4677 2629 4731 μου
2661 4659 2784 4728 ἔθνη
2809 4659 3048 4714 ὲλπιοῦσι
3079 4661 3210 4730 (9i).
3245 4679 3264 4711 ι
3293 4660 3560 4734 Βραχίονα
3581 4659 3690 4733 γὰρ
3713 4661 3811 4715 τοῦ

2234 4752 2445 4824 Πατρδς
2478 4753 2638 4807 πάλιν
2684 4753 2838 4806 καλεῖ
2877 4752 2968 4806 τὸν
2993 4753 3290 4824 Μονογενῆ.
3328 4753 3600 4827 Βραχίονα
3629 4755 3684 4808 δὲ
3711 4757 3815 4826 οὐχ

2231 4843 2306 4906 ώς
2335 4843 2498 4916 μέρος
2532 4827 2784 4916 θεότητος
2827 4844 3008 4898 καλεῖ·
3045 4843 3160 4897 ἀλλ’
3187 4844 3265 4907 ώς
3295 4848 3360 4917 τῇ
3393 4846 3551 4917 οὐσίᾳ
3600 4861 3816 4918 συνημ-

2237 4936 2414 5007 μένον.
2441 4937 2650 5009 Ὢσπερ
2677 4937 2784 5010 γὰρ
2811 4938 2840 4990 6
2868 4937 3106 5010 βραχίων
3137 4937 3236 5008 τῆς
3259 4939 3431 5010 αὐτῆς
3445 4941 3592 4992 ἐστιν
3619 4940 3814 5003 οὐσίας

2234 5028 2461 5095 ἐκείνου,
2484 5022 2544 5082 06
2578 5031 2692 5082 ἐστι
2725 5028 2983 5101 βραχίων,
3017 5029 3105 5082 διὰ
3123 5029 3280 5083 τοῦτο
3309 5029 3548 5102 βραχίων
3573 5030 3666 5084 τοῦ
3699 5033 3815 5086 Πα-

2229 5121 2357 5193 τρὸς
2377 5121 2720 5192 ὀνομάζεται,
2747 5121 2934 5193 ἐπειδὴ
2955 5125 3210 5195 συνεργός
3230 5123 3454 5194 ὲστιτῆς
3478 5122 3572 5176 τοῦ
3593 5125 3814 5197 Πατρὸς

2231 5215 2607 5286 δημιουργίας.
2649 5217 2758 5271 Καὶ
2795 5215 2997 5288 ταύτης
3039 5216 3140 5288 τῆς
3178 5217 3504 5282 ἀποδείξεως
3539 5217 3752 5292 μάρτυς
3781 5219 3813 5272 ὁ

623 5365 1003 5440 "-“jhladn
1035 5385 1118 5434 ιιι,
1154 5370 1198 5423 l.
1265 5370 1587 5440 "103m".
1625 5369 1705 5424 l6.
1755 5371 1813 5440 7'?
1841 5369 2031 5426 Matth.
2066 5386 2134 5440 xx

2237 5371 2293 5426 5.
2354 5372 2394 5402 ²¹
2422 5370 2590 5426 Exod.
2634 5389 2788 5436 mu,
2815 5373 2905 5438 ‘20,
2940 5372 3030 5427 21.
3099 5376 3144 5406 “
3173 5373 3332 5429 Joan.
3359 5390 3409 5440 ν,
3430 5373 3523 5430 45.
3587 5375 3632 5407 ¹³
3659 5373 3810 5430 Psal.

546 5446 718 5499 cxvn,
751 5434 840 5492 26.
919 5437 963 5469 “
989 5437 1090 5494 lsa.
1117 5453 1252 5505 an,
1284 5443 1330 5495 Ι.
1411 5442 1456 5471 ’⁸
1482 5437 1611 5493 Luc.
1649 5455 1708 5502 ιι,
1742 5439 1832 5504 29,
1859 5441 1948 5531 ὅθ.
2024 5441 2070 5473 ’⁸
2099 5439 2191 5496 lsa.
2235 5455 2368 5504 an,
2404 5443 2451 5506 l,
2475 5441 2529 5494 2.

622 5589 734 5659 (88)
774 5588 921 5664 Haec,
957 5606 1130 5660 usque
1163 5593 1229 5646 ad
1261 5592 1534 5664 ἐντεῦθεν,
1582 5593 1782 5648 desunt
1829 5595 1884 5648 in
1931 5593 2122 5664 Angli-

551 5673 712 5716 cano.
749 5676 848 5713 nec
878 5661 1014 5715 lecta
1046 5673 1176 5715 sunt
1205 5677 1235 5714 a
1262 5661 1495 5717 Nannio.

625 5728 738 5796 (89)
779 5727 1030 5814 ἓίοειίίι.
1063 5730 1390 5814 ῼοιιιιιιειὶῃ..
1425 5739 1495 5814 et
1507 5748 1698 5814 omnes
1732 5733 2119 5814 manuscripti,

557 5807 751 5869 praeter
779 5798 969 5864 Basil.,
1002 5801 1092 5867 qui
1133 5815 1257 5856 cum
1291 5803 1420 5859 edit.
1456 5801 1630 5858 Paris.
1664 5803 2013 5862 Ιιιιῦειαΰτῷ.

2303 5594 2416 5668 (90)
2459 5593 2553 5652 Sic
2567 5595 2916 5668 _Vaticanus,
2959 5597 3294 5668 Basiliensis,
3323 5599 3538 5668 Anglic.
3571 5605 3627 5654 et
3662 5596 3805 5657 edit.

2230 5663 2546 5740 Parisiens.
2567 5665 2711 5740 Edjt.
2737 5684 2867 5740 vero
2903 5667 3189 5740 Commel.,
3230 5669 3323 5723 καὶ
3347 5663 3515 5740 λέγει.

2303 5736 2414 5807 (91)
2451 5735 2596 5824 Edit.
2628 5738 2914 5807 Commel.,
2952 5735 3196 5792 ἐλπιῶσι.
