4048 6406
543 305 614 357 6'7
1675 304 1731 356 S.
1778 290 2247 356 ATHANASIUS.
2285 327 2357 338 -—-
2391 289 2623 352 DUBIA.
3715 282 3772 336 68

546 420 772 476 relictus
803 435 921 474 sum
949 419 1121 480 solus,
1153 426 1208 473 et
1234 427 1484 488 quaerunt
1506 417 1758 471 "animam
1789 432 1962 472 meam
2011 417 2121 470 tol-

2175 420 2372 474 Lvemt
2403 414 2552 483 αὐτῷ
2589 415 2619 465 6
2678 409 3090 484 χρηματισμόςδ
3127 428 3146 462 ι
3192 407 3550 478 Ἐξελεξάμην
3578 401 3773 474 ἐμαυτῷ

547 513 661 567 lere
683 514 747 566 δ’.
781 530 800 563 ι
827 511 1135 582 Respondet
1157 511 1209 565 ei
1247 511 1567 564 oraculum:
1602 528 1620 558 ι
1657 505 1832 578 Delegi
1866 509 1996 562 mihi
2032 525 2120 563 se-

2226 504 2665 575 ἑπτακισχιλίους
2707 504 2926 574 ἄνδρας,
2957 503 3150 565 οἵτινες
3172 501 3272 554 οὐκ
3295 499 3548 570 ἔκαμψαν
3573 497 3693 566 γόνυ
3717 497 3772 567 τῇ

548 606 689 675 pties
743 606 890 660 mille
953 605 1134 668 viros,
1198 605 1288 674 qui
1340 617 1447 656 non
1499 603 1925 656 incurvavcrunt
1982 619 2122 673 genu

2225 596 2390 649 Βάαλ.
2422 615 2439 646 ι
2477 597 2701 666 Ἰδωμεν
2732 591 2844 660 οῦν,
2879 597 2928 647 εί
2961 595 3056 647 καὶ
3080 594 3138 646 τὸ
3178 592 3399 662 Πνεῦμα
3436 591 3550 661 ἔχει
3583 604 3777 660 χρημα-

549 699 698 753 Baali
729 699 793 752 ⁸³.
827 719 845 751 ι
873 697 1164 754 Videamus
1197 699 1382 768 igitur,
1410 713 1538 750 num
1572 705 1626 750 et
1659 694 1897 766 Spiritus
1927 697 2124 751 habeat

2223 689 2434 758 τισμόν.
2465 688 2555 758 Τῷ
2579 686 2822 758 Συμεὼν,
2859 689 2992 759 ἱερεῖ
3023 687 3136 739 δντι
3169 686 3262 738 καὶ
3289 686 3524 756 γέροντι,
3554 684 3777 753 ἐχρημα-

548 790 743 846 edendi
771 789 978 845 oraculi
1007 798 1348 859 potestatem.
1397 787 1637 842 Simeoni
1685 796 1868 852 certe,
1925 798 1979 842 et
2035 803 2125 841 sa-

2224 781 2382 850 τίσθη
2423 779 2570 850 αὐτῷ
2601 781 2705 832 ὑπὸ
2731 779 2825 833 τοῦ
2869 779 3202 848 Πνεύματος,
3253 779 3334 830 ὅτι
3373 795 3391 827 ι
3429 776 3501 828 Ού
3537 774 3611 846 μὴ
3657 775 3774 827 ἀπο-

548 883 759 938 cerdoti
793 890 846 936 et
871 882 1008 945 seni,
1036 882 1316 936 oraculum
1359 880 1626 934 redditum
1667 888 1750 934 est
1799 897 1829 933 a
1864 879 2070 949 Spiritu
2106 899 2119 934 :

2227 872 2413 945 θάνῃς,
2439 874 2567 944 πρὶν
2601 873 2664 927 ἂν
2702 872 2818 944 ἴδῃς
2845 872 2934 924 τὸν
2966 871 3215 942 Χριστόν.
3253 890 3270 920 ι
3305 871 3414 923 Καὶ
3453 870 3541 921 ὅτε
3589 867 3776 919 παιδίον

555 991 576 1024 ‹
607 971 957 1043 Nequaquam
1011 971 1294 1033 morieris,
1345 971 1476 1040 quin
1536 971 1688 1040 prius
1723 969 1923 1024 videris
1967 969 2126 1024 Chri-

2226 967 2509 1037 εἰσηνέχθη
2536 970 2615 1030 εἰς
2635 965 2695 1020 τὸ
2744 967 2908 1038 ἱερὸν,
2943 966 3037 1018 καὶ
3075 965 3372 1018 ἐϐάστασεν
3410 962 3569 1015 αὐτὸν
3596 963 3651 1014 ὲν
3673 963 3776 1024 ταῖς

551 1073 697 1119 stum
727 1064 791 1118 “.
830 1083 847 1114 ι
893 1062 956 1115 Et
985 1078 1106 1116 eum
1145 1064 1495 1116 induceretur
1525 1078 1659 1132 puer
1685 1063 1739 1116 in
1768 1063 2048 1132 templum,
2072 1071 2125 1118 et

2227 1061 2492 1128 ἀγκάλαις
2539 1060 2726 1124 αὐτοῦ,
2769 1061 2890 1113 τότε
2941 1060 3299 1130 ἀποκρίνεται
3337 1055 3588 1128 Συμεώνο
3632 1075 3649 1108 ι
3681 1056 3779 1110 Νῦν

549 1165 786 1228 gestaret
806 1172 928 1212 eum
963 1157 1016 1209 in
1044 1157 1186 1210 ulnis
1220 1154 1466 1220 Simeon,
1501 1165 1615 1208 tum
1649 1156 1930 1226 respondit
1981 1157 2070 1211 ille
2108 1175 2121 1210 :

2227 1149 2482 1214 ἀπολύεις
2523 1151 2612 1204 τὸν
2665 1150 2848 1203 δοῦλόν
2891 1167 3008 1212 σου,
3056 1149 3327 1214 Δέσποτα,
3361 1148 3500 1202 κατά
3546 1148 3606 1200 τὸ
3649 1145 3782 1218 ῥῆμά

555 1267 576 1301 ι
612 1247 766 1304 Nunc
791 1249 1020 1305 dimittis
1049 1265 1266 1304 servum
1296 1258 1468 1314 tuum,
1513 1249 1736 1303 Domine
1759 1291 1774 1314 ,
1827 1250 2125 1303 secundum

2231 1257 2346 1299 σου.
2377 1243 2434 1294 ὲν
2452 1243 2638 1313 εἰρήνῃ
2659 1241 2794 1310 (95).
2821 1259 2840 1293 ι
2863 1239 3072 1295 Οὐκοῦν
3089 1240 3291 1311 Κύριος
3325 1241 3418 1293 καὶ
3446 1240 3702 1310 δεσπότης
3729 1237 3782 1291 τὸ

551 1342 774 1395 verbum
801 1349 986 1408 tuum,
1022 1342 1075 1394 in
1120 1356 1253 1411 pace
1277 1340 1344 1393 “.
1384 1359 1402 1392 ι
1451 1341 1619 1411 Igitur
1644 1340 1904 1412 Spiritus,
1936 1350 1992 1395 et.
2022 1341 2130 1395 Do-
2230 1331 2474 1405 Πνεῦμα.

551 1433 734 1489 minus
762 1441 818 1488 et
847 1434 1012 1488 herus
1041 1441 1149 1489 est.

555 1549 658 1619 17
702 1547 792 1603 40.
843 1546 996 1614 Quod
1046 1547 1250 1669 dicunt,
1283 1545 1541 1669 priritum
1597 1546 1698 1600 vim
1747 1545 2125 1615 sanctiﬁcandt’

1249 1634 1300 1669 ια
1337 1633 1442 1669 ere.

2265 1531 2354 1586 40.
2387 1533 2506 1585 Ὅτι
2538 1531 2787 1601 λέγουσι
2826 1532 2892 1585 τὸ
2933 1528 3180 1602 Πνεῦμα
3211 1531 3564 1602 ἁγιαστικὸν
3593 1528 3752 1586 εἶναι.

1249 1633 1442 1670 lavere.

620 1707 680 1764 Si
722 1705 1101 1766 sanctiﬁcandi
1133 1725 1333 1764 munus
1376 1723 1473 1779 per
1503 1707 1733 1778 gratiam
1789 1709 1838 1764 ei
1894 1723 2128 1764 conees-
2160 1754 2204 1780 η

2192 1757 2204 1780 ι
2302 1703 2366 1761 ΕΞ
2399 1707 2496 1778 μὲν
2536 1704 2692 1778 ὲδόθη
2725 1705 2871 1778 αὐτῷ
2901 1702 2962 1760 τὸ
2995 1707 3241 1776 άγιάζειν
3266 1707 3414 1761 ,κατά
3441 1707 3621 1780 χάριν,
3655 1707 3790 1780 26p!—

552 1818 677 1858 sum
711 1801 832 1867 fuit,
890 1801 1165 1856 invenitur
1201 1815 1335 1855 sane
1391 1794 1483 1854 ille
1533 1795 1839 1855 sacerdotis
1892 1795 2128 1855 cilicium

2193 1793 2206 1812 ’
2235 1809 2422 1852 σκεται
2453 1797 2641 1869 ἱερέων
2671 1798 2778 1868 (96)
2814 1793 2999 1852 ποιοῦν
3031 1795 3212 1872 ἔργον.
3242 1800 3315 1853 Ού
3343 1799 3451 1871 γὰρ
3470 1799 3686 1852 δύναται
3707 1797 3791 1853 καὶ

553 1907 832 1949 exercere.
887 1891 1008 1946 Non
1050 1891 1194 1946 enim
1233 1896 1416 1959 potest
1466 1898 1519 1946 et
1551 1883 1818 1946 Dominus
1863 1892 2048 1956 simul,
2079 1901 2134 1946 et

2231 1889 2498 1962 δεσπότης
2530 1885 2668 1942 εἶναι
2701 1890 2794 1944 καὶ
2827 1891 3117 1962 ὑπουργός.
3157 1891 3267 1945 Καὶ
3297 1893 3344 1944 εί
3377 1891 3475 1962 μὲν
3512 1889 3789 1962 ύπουργδς,

555 1987 812 2042 minister
837 1997 978 2040 esse.
1016 1981 1076 2038 Si
1105 1985 1274 2056 igitur
1301 1979 1552 2040 minister
1573 1992 1678 2048 est,
1731 2000 2130 2056 supervacuum

2232 1982 2485 2054 περιττὸν
2505 1976 2568 2035 τὸ
2591 1977 2944 2051 βαπτίζεσθαι
2966 1984 3112 2053 ἡμᾶς
3131 1982 3211 2046 είς
3232 1976 3292 2035 τὸ
3312 1981 3481 2053 ὄνομα
3497 1981 3592 2035 τοῦ
3613 1983 3793 2054 ὑπουρ-

552 2086 638 2132 est
675 2091 806 2148 ergo
853 2091 954 2131 nos
988 2075 1255 2146 baptizari
1292 2071 1348 2129 in
1381 2074 1602 2128 nomine
1635 2075 1894 2130 ministri.
1921 2073 2134 2130 Etenim

2233 2070 2351 2145 γοῦ.
2383 2075 2494 2131 Καὶ
2518 2076 2628 2148 γὰρ
2657 2079 2686 2131 6
2721 2077 2898 2146 ίερεὺς
2925 2077 2987 2130 οὺ
3017 2076 3077 2130 τὸ
3103 2070 3248 2148 ὕδωρ
3281 2075 3517 2144 ἁγιάζει,
3542 2073 3674 2130 ἀλλά
3703 2075 3795 2146 τὴν

555 2168 815 2224 sacerdos
848 2184 956 2224 non
984 2183 1179 2239 aquam
1214 2165 1542 2235 sanctiﬁcat,
1594 2167 1691 2224 sed
1743 2163 2130 2230 ministerium,

2233 2165 2457 2220 δέουσαν
2500 2167 2802 2239 ὑπηρεσίαν
2846 2166 3175 2238 ἀποπληροῖ,
3224 2163 3460 2238 εἰληφὼς
3515 2160 3666 2238 παρά
3708 2165 3795 2220 τοῦ

557 2261 705 2331 quod
735 2257 1052 2332 requiritur,
1080 2260 1362 2331 adimplet,
1397 2275 1522 2315 cum
1553 2256 1607 2314 id
1649 2254 1808 2314 oilicii
1857 2259 2136 2328 acceperit

2233 2257 2367 2310 Θεοῦ
2403 2257 2544 2311 κατὰ
2576 2258 2758 2330 χάριν.
2789 2259 2852 2311 Εἰ
2895 2253 2986 2312 οῦν
3019 2258 3080 2311 τὺ
3113 2258 3242 2312 αὐτὸ
3288 2261 3429 2311 ποιεῖ
3470 2259 3532 2311 τὺ
3561 2257 3794 2329 Πνεῦμα,

557 2366 588 2404 a
619 2349 728 2406 Deo
761 2366 857 2422 per
891 2351 1145 2421 gratiam.
1184 2345 1242 2404 Si
1287 2350 1456 2421 igitur
1502 2347 1645 2406 idem
1699 2348 1830 2403 facit
1873 2347 2132 2419 Spiritus,

2232 2349 2262 2402 δ
2303 2349 2397 2402 καὶ
2440 2347 2469 2402 δ
2510 2350 2706 2421 ἱερεὺς,
2758 2352 2805 2403 εἰ
2854 2345 3008 2421 ἐδόθη
3051 2349 3200 2421 αὑτῷ
3227 2347 3288 2404 τὸ
3328 2346 3595 2418 ἀγιάζειν,
3634 2350 3707 2414 ὡς
3738 2352 3797 2404 σὺ

557 2441 702 2514 quod
733 2442 992 2497 sacerdos
1023 2479 1039 2506 ,
1072 2442 1119 2518 si
1149 2441 1273 2496 data
1306 2449 1391 2496 est
1413 2441 1491 2496 illi
1528 2440 1760 2497 facultas
1790 2440 2138 2496 sanctiﬁcan-

2236 2443 2363 2513 φῂς.
2397 2439 2486 2495 διὰ
2517 2441 2569 2496 τί
2599 2444 2628 2496 6
2658 2443 2848 2516 Πατὴρ
2871 2444 3121 2513 ἀγιάζεις
3147 2442 3404 2508 Βασιλεὺς
3427 2444 3558 2516 γὰρ,
3591 2445 3800 2498 ἐπιτάτ-

556 2534 634 2596 di,
667 2541 726 2587 ut
751 2539 809 2586 tu
843 2533 946 2595 ais,
982 2546 1082 2585 cur
1111 2529 1273 2584 Pater
1296 2531 1642 2586 sanctiﬁcat?
1679 2529 1735 2584 Si
1771 2531 1990 2600 quidem
2025 2530 2136 2602 [rex

2236 2550 2342 2587 των
2363 2535 2468 2587 τινὶ
2498 2534 2675 2606 ἔργον,
2698 2537 2890 2606 ἐκείνῳ
2914 2538 3202 2608 συγχωρεῖ,
3232 2527 3276 2603 ᾧ
3305 2536 3580 2590 ἐπιτάττει
3604 2539 3797 2590 ποιεῖν·

557 2641 697 2696 opus
725 2624 886 2678 alicui
919 2624 1236 2693 injungens,
1271 2622 1324 2677 id
1348 2622 1399 2678 ei
1445 2622 1711 2694 agendum
1746 2622 2017 2689 concedit,
2047 2623 2137 2677 cui

1397 2667 1399 2675 ι
1445 2622 1711 2694 agendum
1746 2622 2017 2689 concedit,
2047 2623 2137 2677 cui
2238 2626 2332 2680 καὶ
2364 2627 2464 2680 οὐκ
2499 2628 2661 2692 αὐτὸς
2687 2625 2995 2698 ἐργάζεται.

559 2714 814 2784 injungit,
840 2728 941 2770 nec
959 2712 1076 2783 ipse
1106 2717 1391 2782 operatur.

556 2805 649 2860 41.
691 2802 922 2858 Rursum
981 2803 1256 2856 hwreticus
1297 2812 1354 2856 ut
1394 2801 1638 2856 ostendat
1693 2802 1831 2872 quod
1886 2799 2135 2872 Spiritus,

2238 2801 2326 2855 41.
2376 2801 2572 2856 Πάλιν
2624 2807 2657 2857 ό
2706 2803 3031 2872 αἰρετικὸς,
3090 2803 3280 2858 θέλων
3335 2800 3544 2868 δεῖξαι,
3600 2806 3687 2859 ὅτι
3740 2805 3802 2860 τὸ

787 2874 1006 2928 Verbum
1064 2873 1157 2926 Dei
1191 2873 1468 2926 Dominum
1502 2885 1782 2941 nuncupel,
1815 2875 1911 2930 ait.
2265 2875 2385 2927 ﬂre

2265 2872 2509 2942 Πνεῦμα
2528 2874 2744 2942 Κύριον
2759 2874 3050 2928 καλεῖτὸν
3065 2878 3259 2944 Λόγον
3276 2875 3380 2928 τοῦ
3399 2876 3568 2939 Θεοῦ,
3597 2877 3772 2946 λέγει.

633 2983 654 3018 ι
689 2965 836 3020 Dixit
891 2964 1158 3020 Dominus
1221 2963 1453 3018 Domino
1504 2979 1664 3020 meo:
1703 2964 1843 3020 Sede
1873 2981 1902 3018 a
1931 2965 2139 3022 dextris

2315 2984 2336 3016 ‹
2371 2961 2536 3018 Εἶπεν
2568 2967 2596 3018 6
2638 2964 2842 3036 Κύριος
2889 2966 2966 3038 τῷ
2998 2965 3189 3038 Κυρίῳ
3233 2983 3368 3037 μουο
3402 2967 3585 3021 Κάθου
3627 2971 3690 3021 ὲκ
3724 2971 3807 3024 δει

558 3056 698 3113 meis
723 3056 790 3111 ⁸⁸.
823 3073 842 3107 ι
901 3053 1105 3109 Volens
1137 3059 1320 3107 autem
1350 3051 1606 3107 Salvator
1634 3054 1944 3118 ostendere,
1993 3054 2138 3124 quod

2241 3056 2369 3126 ξιῶν
2404 3076 2524 3128 μου.
2559 3077 2577 3110 ι
2603 3057 2781 3111 Θέλων
2803 3059 2858 3112 δὲ
2886 3060 2915 3112 6
2945 3059 3132 3131 Σωτὴρ
3161 3060 3330 3126 δεῖξαι
3375 3060 3456 3113 ὅτι
3482 3061 3542 3113 οὺ
3570 3062 3727 3132 μόνον
3747 3063 3807 3116 τὸ

560 3161 673 3201 non
711 3147 889 3202 solum
928 3143 1166 3214 Spiritus
1199 3142 1483 3198 Christum
1518 3142 1806 3198 Dominum
1836 3153 2015 3208 vocet,
2041 3146 2134 3201 sed

2240 3149 2462 3220 Πνεῦμα
2497 3149 2700 3221 Κύριον
2741 3150 2896 3203 καλεί
2937 3151 3027 3203 τὸν
3054 3152 3306 3222 Χριστὸν,
3336 3151 3471 3205 ἀλλὰ
3517 3154 3612 3206 καὶ
3650 3153 3809 3218 αὐτὸς

561 3238 709 3310 quod
730 3239 848 3310 ipse
886 3237 1167 3303 Christus,
1203 3237 1467 3293 Dominus
1490 3251 1554 3292 ac
1587 3236 1732 3292 Deus
1755 3236 1847 3300 sit,
1903 3238 2139 3294 interro-

2240 3244 2270 3296 6
2306 3241 2539 3312 Χριστὸς
2586 3242 2789 3313 Κύριος
2828 3243 2924 3296 καὶ
2968 3241 3098 3305 Θεός
3139 3244 3308 3307 ἐστιν,
3355 3241 3660 3308 έξετασθεὶς
3700 3242 3811 3313 (97)

562 3339 723 3402 gatus
752 3346 783 3384 a
811 3329 1000 3385 Judaao
1029 3330 1084 3384 in
1111 3330 1228 3384 haec
1248 3329 1416 3384 verba
1441 3347 1455 3382 :
1480 3347 1498 3380 ι
1527 3329 1852 3400 Praeceptor,
1880 3333 2024 3400 quod
2055 3339 2140 3386 est

2241 3333 2395 3406 παρά
2445 3335 2697 3387 Ἰουδαίου
2749 3333 2998 3403 λέγοντος
3021 3351 3036 3365 ο
3085 3353 3103 3386 ι
3162 3335 3476 3399 Ἐπιστάτα,
3524 3336 3654 3390 ποία
3696 3334 3814 3389 ἐστὶ

561 3422 800 3492 primum
859 3421 1217 3476 mandatum?
1275 3421 1409 3476 dicit
1462 3421 1510 3476 ei
1545 3441 1561 3477 :
1593 3420 1792 3494 Diliges
1850 3421 2138 3478 Dominum

2242 3425 2432 3498 πρώτη
2466 3426 2686 3496 ὲντολής
2719 3425 2866 3495 λέγει
2905 3425 3082 3497 αὐτῷ’
3125 3426 3454 3498 Ἀγαπήσεις
3490 3427 3694 3500 Κύριον
3722 3427 3814 3480 τὸν

562 3511 733 3569 Deum
765 3523 916 3568 tuum
948 3530 1012 3569 ex
1043 3521 1159 3567 toto
1183 3512 1350 3568 corde
1384 3521 1480 3568 tuo
1523 3513 1591 3570 ".
1631 3512 1840 3568 Etenim
1874 3515 2140 3584 scriptum

2243 3519 2374 3572 Θεὸν
2422 3535 2514 3572 σου
2564 3519 2621 3586 ἐξ
2668 3518 2797 3590 ὅλης
2836 3519 3061 3590 καρδίας
3108 3537 3200 3574 σου
3227 3537 3242 3552 ·
3303 3522 3396 3575 καὶ
3439 3520 3547 3592 γὰρ
3605 3520 3814 3593 γέγρα·

561 3613 651 3663 est
685 3626 698 3660 :
739 3605 994 3662 Dominus
1038 3605 1174 3661 Deus
1225 3623 1362 3661 unus
1404 3617 1483 3661 est
1520 3607 1587 3660 ⁸⁸.
1621 3605 1932 3662 Secundum
1958 3617 2139 3663 autem

2243 3629 2374 3664 πται
2398 3627 2412 3640 ο
2459 3613 2672 3678 Κύριος
2717 3610 2862 3677 Θεὸς
2892 3605 2979 3675 εἷς
3004 3610 3202 3665 ἐστιν.
3248 3611 3313 3664 Ἠ
3343 3609 3570 3681 δευτέρα
3594 3608 3813 3682 ὲντολή⁶

562 3699 880 3754 mandatum
903 3698 1136 3770 :Diliges
1160 3700 1470 3771 proximum
1495 3709 1670 3762 tuum,
1695 3701 1838 3756 sicut
1860 3711 1911 3756 te
1937 3700 2138 3770 ipsum.

2256 3705 2589 3776 Ἀγαπήσεις
2613 3703 2706 3756 τὸν
2739 3703 2963 3774 πλησίον
3002 3720 3093 3756 σου
3134 3703 3210 3767 ὼς
3254 3703 3478 3757 σεαυτόν
3511 3701 3644 3773 (98).
3679 3702 3817 3756 Τότε

561 3789 704 3846 Tum
746 3790 1030 3862 respondit
1073 3790 1296 3848 Judaaus
1328 3810 1343 3847 :
1377 3791 1544 3848 Recte
1600 3793 1814 3848 locutus
1868 3809 1949 3860 es,
2005 3808 2142 3863 pra;-

2243 3796 2514 3868 ἀπεκρίθη
2548 3797 2576 3848 6
2611 3796 2900 3858 Ἰουδαῖος·
2948 3793 3152 3864 Ὀρθῶς
3178 3790 3354 3857 εἶπας,
3402 3795 3686 3858 ἐπιστάτα,
3734 3795 3820 3848 ὅτι

563 3892 772 3954 ceptor,
810 3884 976 3939 Deum
1000 3901 1168 3938 unum
1199 3899 1324 3940 esse
1343 3886 1410 3940 δ’.
1455 3904 1474 3938 ι
1537 3883 1652 3939 Hoc
1681 3894 1863 3941 autem
1890 3886 2047 3950 dixit,
2081 3895 2144 3940 ut

2241 3890 2269 3941 6
2300 3888 2432 3950 Θεὸς
2459 3884 2539 3950 εἷς
2570 3889 2703 3940 ἐστι.
2740 3905 2758 3937 ι
2802 3885 2973 3939 Τοῦτο
2999 3886 3056 3940 δὲ
3091 3884 3292 3954 ἔλεγεν,
3329 3885 3416 3938 ἴνα
3448 3885 3546 3955 τὴν
3589 3883 3823 3953 θεότητα

565 3977 823 4032 deitatem
852 3975 974 4030 Filii
1021 3977 1359 4032 iniiciaretur
1392 3995 1408 4033 :
1457 3975 1708 4031 Salvator
1740 3986 1920 4032 autem
1952 3979 2142 4032 volens

2243 3978 2336 4032 τοῦ
2373 3978 2502 4032 Υίοῦ
2549 3979 2870 4050 ἀρνήσηται.
2911 3979 2967 4031 Ὀ
3022 3977 3078 4031 δὲ
3122 3976 3330 4048 Σωτὴρ,
3367 3975 3689 4046 βουλόμενος
3720 3975 3825 4046 τὴν

565 4068 906 4123 dominatum
951 4084 1111 4124 suum
1143 4084 1270 4122 cum
1307 4067 1490 4123 Patris
1528 4069 1811 4123 dominatu
1862 4078 2138 4140 coaptare,

2244 4073 2540 4144 κυριότητα
2567 4071 2731 4126 αὑτοῦ
2766 4069 3000 4139 συνάψαι
3022 4072 3087 4140 τῇ
3114 4069 3208 4122 τοῦ
3233 4068 3443 4139 Πατρδς
3471 4068 3600 4138 (99),
3628 4066 3824 4133 ὲξετά-

567 4168 923 4230 percontatur
949 4174 1017 4212 ex
1045 4174 1144 4213 eo:
1173 4177 1192 4209 ι
1221 4157 1363 4224 Quid
1403 4157 1588 4214 dicitis
1622 4159 1689 4214 de
1709 4160 1948 4224 Christo,
1985 4160 2144 4230 cujus

2251 4162 2334 4227 ζει
2362 4162 2545 4216 αὐτόν’
2585 4179 2604 4212 α
2635 4163 2770 4232 Περὶ
2796 4161 2890 4215 τοῦ
2921 4160 3156 4232 Χριστοῦ
3183 4161 3236 4212 τί
3260 4158 3636 4228 λέγετε;τίνος
3673 4160 3829 4211 ἐστὶν

570 4251 743 4307 Filius
768 4253 894 4308 est?
927 4251 1114 4314 Aiunt,
1154 4251 1346 4307 David.
1408 4271 1426 4304 ι
1487 4251 1798 4323 Respondet
1851 4252 2140 4313 Salvator:

2247 4254 2390 4318 υἱός;
2436 4254 2670 4322 Λέγουσι
2721 4253 2828 4306 Τοῦ
2859 4251 3041 4306 Δαϐίδ.
3079 4270 3098 4303 ι
3119 4251 3496 4321 Ἀποκρίνεται
3539 4251 3568 4303 6
3591 4251 3793 4320 Σωτήρ
3814 4265 3827 4279 '

575 4363 596 4396 ‹
635 4343 918 4411 Quomodo
959 4344 1126 4415 igitur
1172 4343 1339 4398 David
1390 4344 1444 4398 in
1479 4345 1686 4414 Spiritu
1745 4355 1936 4401 sancto
1991 4347 2141 4402 illum

2256 4366 2273 4396 ι
2310 4346 2432 4410 Πῶς
2456 4343 2548 4398 οῦν
2581 4345 2743 4399 Δαϐὶδ
2777 4347 2832 4397 ὲν
2889 4344 3167 4414 Πνεύματι
3217 4343 3355 4413 ἁγίῳ
3399 4341 3603 4413 Κύριον
3659 4340 3834 4394 αὑτὸν

573 4435 859 4490 Dominum
889 4435 1156 4506 appellat?
1207 4433 1264 4489 Si
1318 4435 1483 4506 igitur
1515 4435 1686 4491 Filius
1709 4439 1828 4506 ejus
1865 4446 1970 4502 est,
2001 4457 2142 4510 quo—

2249 4438 2436 4502 καλεῖ;
2483 4438 2546 4490 El
2594 4433 2686 4489 οὖν
2713 4437 2840 4498 Υἱὸς
2873 4435 3035 4488 αὑτοῦ
3081 4435 3226 4496 ἐστι,
3256 4434 3372 4497 πῶς
3415 4433 3574 4486 αύτδν
3619 4431 3836 4502 Κύριον

572 4526 734 4580 modo
757 4542 881 4581 eum
902 4526 1188 4582 Dominum
1207 4539 1359 4582 vocat
1373 4528 1453 4580 l‘°?
1481 4547 1498 4578 ι
1520 4527 1756 4583 Rursum
1769 4531 2021 4585 dixerunt
2041 4534 2138 4597 illi,

2250 4529 2432 4593 καλεῖ;
2478 4549 2494 4578 ι
2555 4528 2722 4581 Πάλιν
2769 4527 2952 4596 ἔλεγον
2992 4527 3172 4598 αὐτῷ.
3215 4529 3303 4580 ὅτε
3355 4525 3605 4589 ἐξέϐαλλε
3637 4525 3718 4596 (1)
3763 4525 3837 4577 τὰ

575 4634 701 4672 cum
775 4619 996 4688 ejiceret
1057 4619 1322 4674 daemonia
1387 4639 1400 4673 :
1464 4637 1484 4669 ‹
1553 4619 1652 4674 Hic
1715 4622 1771 4674 in
1823 4623 2143 4678 Beelzebule

2249 4622 2530 4691 δαιμόνια·
2589 4639 2606 4669 ‹
2659 4615 2826 4683 Οὗτος
2873 4622 2930 4671 ὲν
2986 4618 3310 4682 Βεελζεϐουλ
3339 4659 3353 4682 ,
3431 4617 3651 4688 ἄρχοντι
3718 4617 3839 4669 τῶν

575 4710 818 4780 principe
834 4711 1226 4766 dmmoniorum
1250 4711 1401 4780 ejicit
1423 4709 1690 4767 damonia
1705 4714 1771 4766 ".
1786 4733 1805 4766 ι
1825 4713 2036 4779 Quibus
2068 4716 2141 4768 ita

2249 4713 2557 4782 δαιμονίων,
2588 4711 2920 4764 ἐκϐάλλειτά
2949 4711 3248 4780 δαιμόνια.»
3267 4706 3400 4762 Εἶτα
3415 4709 3698 4777 λέγει’«Εί
3719 4707 3845 4776 ἐγὼ

574 4803 913 4873 respondet:
955 4823 972 4854 ι
1019 4803 1077 4857 Si
1135 4820 1234 4874 ego
1288 4805 1343 4857 in
1415 4802 1987 4875 Beelzebuleﬁ'ejicio,
2045 4805 2141 4861 iilii

2251 4807 2308 4858 ὲν
2329 4804 2652 4869 Βεελξεϐοῦλ
2681 4803 2942 4865 ἐκϐάλλω,
2977 4802 3045 4854 τὰ
3071 4803 3237 4854 τέκνα
3257 4801 3478 4872 ύμῶνὲν
3504 4801 3606 4854 τίνι
3626 4801 3842 4854 ἐκϐάλ-

573 4894 741 4949 vestri
775 4895 829 4948 in
857 4909 1094 4964 quonam
1125 4895 1352 4965 ejiciunt
1371 4895 1457 4950 "?
1486 4914 1504 4947 ι
1539 4894 1829 4960 Cancrum,
1862 4913 1984 4952 cum
2011 4898 2151 4954 ﬁlios

2249 4897 2462 4962 λουσιν;
2490 4918 2508 4949 ι
2539 4897 2840 4949 Αίνίττεται
2873 4895 2928 4948 δὲ
2962 4894 3158 4956 αὐτοὺς
3193 4894 3387 4956 τέκνα,
3423 4893 3593 4961 λέγων
3628 4909 3844 4962 γεννη-

573 4986 727 5046 dicit.
775 4989 1051 5056 apostolos
1079 4986 1410 5051 subindicat,
1461 5003 1529 5042 ex
1560 4988 1696 5058 ipsis
1726 4988 2016 5054 oriundos,
2054 4991 2147 5059 qui

2251 4988 2440 5050 θέντας
2477 4987 2576 5057 μὲν
2598 4986 2658 5047 ἐξ
2701 4984 2879 5038 αὐτῶν
2911 4985 3034 5046 τοὺς
3078 4982 3428 5045 ἀποστόλους,
3466 4980 3849 5045 ἐκϐάλλοντας

648 5141 694 5212 ξ’
729 5141 793 5194 Ill
829 5140 960 5212 Reg.
985 5158 1100 5204 xtx,
1135 5142 1224 5196 υ).
1300 5141 1346 5172 ⁸³
1376 5140 1520 5212 ibid.
1542 5141 1635 5212 l8.
1728 5141 1777 5174 “
1802 5141 1932 5212 Luc.
1972 5159 2032 5204 Il,
2065 5143 2155 5196 26.
2270 5144 2314 5174 ⁸⁵
2346 5142 2477 5196 ibid.
2501 5141 2604 5212 29.7
2688 5141 2734 5171 ⁸⁸
2764 5138 3132 5212 Ρδξιίεοιιηί.
3165 5211 3172 5212 7
3205 5211 3208 5212 ν
3247 5141 3290 5172 ⁸⁷
3317 5141 3480 5196 Marc.
3509 5157 3608 5208 xit,
3636 5140 3850 5196 28-30.

578 5211 622 5242 “
651 5210 802 5266 Deut.
831 5210 986 5274 v1.3.
1065 5212 1109 5245 θ’
1139 5213 1304 5266 Marc.
1328 5227 1425 5276 ιιι,
1464 5211 1554 5274 51,
1582 5211 1670 5264 32.
1769 5213 1816 5243 '°
1841 5211 2030 5267 Matth.
2060 5228 2198 5278 xx'u,
2224 5213 2408 5268 62-“.
2513 5214 2556 5243 ⁸¹
2590 5211 2722 5265 Luc.
2761 5227 2838 5274 xl,
2869 5211 2952 5265 l5.
3059 5210 3104 5241 ⁵²
3143 5211 3274 5265 ibid.
3306 5213 3394 5268 l9.

649 5411 760 5481 (95)
802 5411 946 5478 Hmc,
996 5415 1054 5468 ὲν
1099 5419 1308 5487 εἰρήνῃ,
1361 5412 1557 5465 desunt
1605 5413 1660 5464 in
1711 5411 1844 5466 edit.
1879 5411 2141 5464 Commel.

649 5483 744 5536 sil.
769 5483 941 5538 Vatic.
975 5484 1079 5538 Sed
1113 5488 1365 5551 leguntur
1393 5486 1448 5537 in
1477 5485 1608 5537 edit.
1637 5481 1813 5538 Paris.
1844 5490 1898 5537 et
1931 5482 2142 5551 Anglic.

1840 5451 1844 5465 .
1879 5411 2141 5464 Commel.
2346 5412 2435 5475 99)
2479 5411 2617 5464 Edit.
2653 5409 2939 5473 Commel.,
2979 5413 3071 5466 τοῦ
3106 5413 3438 5482 Πνεύματος.

1844 5490 1898 5537 et
1931 5482 2142 5551 Anglic.
2323 5413 2402 5551 ξι)
2443 5482 2534 5535 Sic
2565 5481 2732 5535 editio
2756 5483 3018 5551 Commel.
3063 5483 3224 5536 Basil.
3258 5492 3312 5534 et
3347 5481 3438 5534 Val

578 5480 747 5556 Basil.
769 5483 941 5538 Vatic.
975 5480 1365 5556 Sedgle'guntur
1393 5486 1448 5537 in
1477 5485 1608 5537 edit.
1637 5481 1813 5538 Paris.
1844 5490 1898 5537 et
1931 5482 2142 5552 Anglic.
2302 5480 2402 5556 _(l)
2425 5482 2540 5556 _Sic
2565 5481 2732 5556 editio
2756 5483 3018 5556 Commel.
3063 5483 3224 5556 Rasil.
3254 5480 3519 5556 et_Vatic,
3548 5481 3862 5556 _C:e_teri__et

579 5551 825 5620 lectaque
857 5567 984 5608 sunt
1013 5570 1041 5606 a
1069 5550 1299 5608 Nannio.
2026 5550 2037 5552 ἡ

2263 5550 2384 5605 edit.
2423 5551 2745 5613 l’arisiens.,
2783 5550 3018 5620 ἐξέϐαλε.
3063 5552 3228 5604 Paulo
3264 5552 3404 5605 infra
3433 5553 3586 5612 editi,
3629 5552 3861 5605 ἐκϐάλ-

800 5624 1137 5687 Basiliensis,
1170 5627 1380 5695 ἱερέως.
1435 5693 1442 5695 _
2252 5623 2268 5673 λ

2261 5624 2331 5675 λει
2366 5623 2433 5674 τά
2463 5622 2734 5695 δαιμόνια,
2775 5619 2891 5695 sita
2925 5621 3087 5695 λέγει.
3117 5621 3532 5695 Basiliensiset
3565 5624 3859 5695 A_n_glica~

669 5689 762 5765 ξιζι)
798 5695 1146 5763 Anglicanus,
1183 5689 1505 5765 ἐρωτηθείῇ
1847 5764 1852 5765 ί
2252 5708 2267 5745 ι

2266 5709 2377 5752 IlllS,
2407 5691 2660 5765 ἐκϐάλλει
2694 5695 2760 5765 τά
2796 5691 3228 5765 δαιιέόνια-αύτά,
3263 5689 3379 5745 εἶτα
3407 5691 3574 5759 λέγει.
3607 5689 3864 5748 valica-

671 5761 760 5831 9β)
798 5759 1151 5833 Anglicanus,
1191 5759 1357 5818 Basil.
1386 5773 1439 5817 et
1465 5763 1662 5829 \’atic.,
1699 5764 1906 5817 ἑαυτόν.
2251 5778 2269 5815 ι

1575 5766 1662 5829 ic.,
1699 5764 1906 5817 ἑαυτόν.
2251 5777 2378 5825 nus,
2404 5761 2651 5815 ἐκϐάλλει
2683 5761 2840 5826 αὐτὰ,
2870 5759 2986 5815 εἶτα
3013 5760 3173 5828 λέγει.
