4048 6406
226 256 271 311 69
925 266 1017 323 DE
1052 264 1368 326 COMMUNI
1409 263 1750 322 ESSENTIA
1789 261 2043 318 PATRIS
2081 262 2168 316 ET
2213 262 2369 318 FILII
2402 262 2493 320 ET
2547 266 2722 323 SPIR.
2767 268 2825 324 S.
3456 277 3525 330 70

222 372 262 426 δὲ
283 370 331 427 τὰ
357 376 666 449 δαιμόνια
696 385 770 436 ἐν
807 387 1036 458 ὀνόματι
1068 388 1238 459 Ἰησοῦ
1270 387 1365 441 τοῦ
1395 386 1730 456 Ναζαραίου,
1760 384 1828 448 ὦς

1937 383 2203 439 dmtnonia
2249 387 2581 456 expellerent
2610 426 2626 447 .
2683 387 2738 440 in
2778 388 2998 443 nomine
3044 389 3174 444 Jesu
3227 389 3522 446 Nazareni,

222 484 338 536 φησιν
361 487 375 498 ⁸
409 470 484 522 Εἰ
512 473 597 527 τὰ
621 477 829 531 τέκνα
861 480 1012 551 ὑμῶν
1035 480 1171 551 πρὸς
1196 481 1256 533 τὸ
1279 480 1546 534 ἀπελάσαι
1570 478 1833 547 δαίμονας

219 555 483 626 ἀρκοῦνται
512 561 612 632 τῷ
667 565 928 637 ὀνόματί
958 585 1075 639 μου,
1107 567 1218 636 ἐγὼ
1254 569 1332 630 είς
1363 567 1424 620 τὸ
1462 566 1633 636 ὄνομα
1671 565 1833 617 Βεελ-

214 646 369 712 μζεόοὺλ
397 652 516 705 οὐκ
552 655 856 711 ἐκϐάλλω
887 659 958 712 τὰ
981 659 1248 729 δαιμόνια.

321 761 406 816 42.
449 766 643 832 Πρὸς
678 769 854 837 τοὺς
879 771 1168 842 λέγοντας
1195 770 1282 825 ὅτι
1314 769 1469 825 αίτεῐ
1495 772 1527 822 ὁ
1573 769 1726 834 Υἱός.

266 880 716 947 Κατασκευάζει
746 887 780 938 ὁ
824 886 1122 959 αἱρετικὸς.
1153 889 1244 942 καὶ
1267 887 1413 956 λέγει
1448 889 1668 942 ἔλαττον
1694 884 1832 941 εἶναι

225 967 296 1020 τὸν
314 969 578 1023 αἰτοῦντα
614 972 910 1040 διδόντος.
941 977 1062 1030 Ἐὰν
1082 973 1174 1031 οὖν
1201 979 1291 1030 τὸν
1329 979 1546 1049 Πατέρα
1580 976 1832 1031 αἰτοῦντα

231 1059 352 1130 παρὰ
377 1061 726 1133 ἀνθρώπων
774 1065 1036 1138 εὕρωμεν
1067 1070 1125 1122 ὲν
1155 1073 1220 1142 τῇ
1245 1069 1455 1141 Παλαιᾷ
1478 1071 1744 1142 Διαθήκῃ,
1779 1070 1831 1122 τί

231 1151 411 1221 λέγειςς
454 1172 476 1205 ι
521 1157 654 1210 Καὶ
687 1157 822 1224 νῦν,
875 1161 1107 1233 Ἰσραὴλ,
1147 1163 1200 1215 τί
1248 1163 1450 1235 Κύριος
1493 1164 1634 1216 αίτεῖ
1681 1163 1830 1235 παρὰ

237 1244 328 1310 σοῦ,
359 1247 473 1300 ἀλλ’
504 1248 543 1319 ἦ
567 1249 639 1302 τὸ
683 1251 989 1320 φοῦεῖσθαι
1011 1254 1207 1316 αὐτόν;
1243 1272 1262 1304 ι

233 1355 316 1435 35.⁸
348 1358 486 1435 Περὶ
534 1360 660 1435 gat")
708 1365 1122 1432 ὁμοιοτρόπως
1172 1363 1452 1435 δεδόσθαι
1493 1364 1600 1418 τὸν
1643 1367 1832 1435 νόμον

291 1428 399 1504 οξτο
454 1431 609 1484 τοῦ⁸
639 1428 1040 1504 Ιζνὲύμαὶος,
1081 1428 1179 1487 ὅτε
1221 1434 1396 1504 ἐδόθη
1450 1438 1484 1488 ὁ
1529 1428 1728 1504 νόμος(
1757 1434 1831 1504 τῇ

294 1501 725 1570 Πεντηκοστῇ,
761 1501 848 1569 dic
879 1506 952 1556 ἐν
974 1503 1052 1568 τῷ
1077 1505 1196 1572 ὄρει
1222 1503 1388 1559 Σινᾶ.

293 1592 582 1662 Μαρτυρεῖ
643 1595 872 1666 Μωσῆς
921 1595 1120 1665 λέγων·
1173 1615 1192 1648 ι
1232 1597 1343 1650 Καὶ
1383 1592 1452 1667 ἦν
1495 1597 1688 1668 ἡδόξα
1736 1598 1828 1651 τοῦ

219 1679 350 1732 ’Θεοῦ
385 1681 618 1752 Ἰσραὴλ
655 1684 720 1735 ἐν
746 1683 831 1754 τῷ
859 1684 981 1756 ὄρει
1010 1686 1158 1751 Σινᾶ,
1189 1686 1264 1750 ὡς
1296 1686 1405 1759 πῦρ
1447 1687 1738 1758 καιόμενον
1757 1704 1770 1718 ⁸
1805 1708 1824 1740 ι

236 1771 308 1824 ἱνα
333 1770 608 1843 πληρωθῇ
664 1774 764 1827 τό·
801 1793 822 1825 ι
846 1774 969 1848 Πῦρ
997 1771 1156 1847 ἦλθον
1189 1757 1484 1846 βαλείννὲπὶ
1653 1779 1776 1848 γῆν,
1807 1796 1825 1827 ι
1862 1757 1904 1810 Β

214 1861 330 1933 πῦρ
350 1865 452 1915 οὐκ
482 1865 892 1933 ἁφανιστικδν,
920 1867 1056 1920 ἀλλὰ
1082 1867 1428 1940 καθαρτικόν.
1453 1869 1551 1922 Διὰ
1570 1868 1728 1921 τοῦτο
1755 1868 1833 1940 τῷ

238 1952 425 2025 Ἡσαΐᾳ
440 1955 666 2009 δίδοται
684 1958 880 2021 ἐντοῖς
899 1958 1118 2028 χείλεσι.
1138 1960 1247 2012 Καὶ
1266 1959 1413 2029 λέγε-ι
1433 1976 1476 2012 ἰ
1499 1959 1629 2013 Ἰδοὺ
1643 1959 1834 2029 ἀφῆκα

225 2044 316 2108 τὰς
335 2046 624 2116 ἁμαρτίας
640 2065 740 2100 σου
751 2066 762 2076 ·
779 2068 797 2099 ι
810 2047 958 2102 οὕτω
981 2049 1099 2102 τότε
1115 2050 1283 2122 ἐφάνη
1295 2052 1356 2104 τὸ
1373 2051 1596 2122 Πνεῦμα
1611 2051 1670 2104 τὸ
1681 2050 1835 2119 ἅγιον

227 2138 280 2190 ἑν
300 2143 365 2209 τῇ
391 2141 769 2212 Πεντηκοστῇ
808 2144 870 2194 ὲν
905 2143 1037 2196 εἴδει
1066 2143 1255 2214 πυρός.
1300 2143 1698 2217 Ἐμερίσθησαν
1723 2141 1834 2215 γὰρ

226 2230 458 2299 γλῶσσαι
489 2232 640 2285 ὡσεὶ
667 2234 872 2304 πυρὸς,
891 2234 988 2287 καὶ
1011 2234 1258 2289 ἐκάθισεν
1287 2235 1363 2306 (2)
1381 2237 1467 2306 ἐφ’
1487 2235 1583 2289 ἕνα
1603 2234 1833 2288 ἕκαστον

226 2324 418 2378 αὐτῶν.
451 2326 573 2378 Καὶ
610 2324 815 2397 ὥσπερ
839 2329 900 2380 ὲν
928 2329 997 2398 τῇ
1033 2327 1261 2399 Παλαιᾷ,
1289 2327 1710 2398 ἐπιφαινομένου
1736 2325 1830 2379 τοῦ

227 2417 374 2478 Θεοῦ,
407 2419 592 2473 πολλὰ
636 2417 711 2491 ἢν
745 2419 819 2473 τὰ
858 2419 1256 2493 δορυφοροῦντα
1295 2420 1568 2492 φόϐητρα,
1599 2419 1829 2489 γνόφος,

227 2511 316 2563 καὶ
343 2511 571 2578 θύελλα,
617 2513 723 2566 καὶ
759 2511 1022 2579 σάλπιγξ,
1055 2513 1145 2566 καὶ
1180 2513 1426 2584 βρονταὶ,
1467 2511 1832 2583 περιηχοῦντα

227 2602 283 2653 τὸ
318 2603 466 2673 ὅρος,
517 2605 692 2656 ἅτινα
735 2598 808 2672 ἦν
835 2603 1435 2677 προπαρασκευάζοντα
1460 2603 1549 2657 τὸν
1590 2602 1718 2656 λαὸν
1753 2603 1832 2664 εἰς

227 2693 384 2760 φόόον
408 2694 508 2747 τοῦ
537 2694 852 2766 νομοθέτου
875 2711 888 2724 ·
915 2695 1086 2760 οὕτως
1117 2697 1212 2750 καὶ
1228 2695 1320 2750 τοῦ
1345 2697 1500 2765 ἁγίου
1518 2694 1657 2748 Πνεύ
1666 2711 1833 2765 ματος

229 2786 515 2854 μέλλοντος
574 2789 912 2858 ἐπιφοιτᾷν·
964 2786 1050 2840 ἵνα
1098 2787 1306 2857 μάθωσι
1361 2787 1454 2841 τοῦ
1517 2786 1833 2857 Πνεύματος

219 2877 318 2948 τὴν
351 2878 508 2944 ἀξίαν
544 2877 790 2942 ἐνδόξως
822 2877 1216 2945 ὲπιφοιτῶσαν.
1264 2878 1473 2950 Ὥσπερ
1503 2880 1560 2931 ὲν
1597 2876 1675 2947 τῷ
1715 2875 1830 2945 ὄρει

223 2971 416 3038 Maps;
452 2972 550 3024 καὶ
603 2969 814 3024 θύελλα
856 2968 1230 3042 προέδραμεν,
1259 2969 1402 3024 οὕτω
1446 2970 1541 3025 καὶ
1591 2969 1684 3023 ἐπὶ
1731 2965 1828 3021 τοῦ

223 3060 542 3131 Πνεῦμα-ξος
595 3061 857 3128 ἐγένετο·
909 3079 930 3112 ι
975 3061 1062 3115 Ἐν
1112 3061 1191 3133 τῷ
1239 3061 1686 3134 συμπληροῦσθαι
1731 3059 1832 3128 τὴν

1941 475 2096 545 quasi
2135 476 2392 532 diceret:
2432 477 2490 531 Si
2547 479 2704 533 liberi
2753 483 2921 535 vestri
2968 481 3037 534 ad
3079 483 3354 537 daemones
3407 485 3526 553 pel-

1940 567 2150 631 lendos.
2192 569 2421 624 nomine
2443 585 2563 624 tneo
2589 571 2726 627 satis
2748 572 3006 626 instructi
3038 581 3188 637 sunt,
3219 589 3320 644 ego
3339 575 3394 628 in
3423 591 3526 630 no-

1940 656 2086 714 mine
2105 659 2443 716 Beelzebulis
2473 677 2582 716 non
2611 661 2773 730 ejicio
2805 664 3092 719 daemonia.

2008 769 2097 822 42.
2134 768 2399 823 Adversus
2423 786 2508 824 eos
2549 771 2638 840 qui
2667 771 2849 825 dicunt
2899 770 2948 823 F
2953 773 3103 824 ilium
3127 772 3419 840 postulare.

2007 881 2198 948 Arguit
2252 881 2563 945 hzereticus,
2621 891 2786 953 atque
2822 885 2917 943 ait.
2975 887 3242 938 minorem
3270 901 3392 940 esse
3427 900 3523 955 pe-

1939 982 2139 1028 tentem
2172 975 2383 1029 datore.
2419 974 2524 1031 Sed
2555 979 2600 1030 si
2638 979 2850 1031 Patrem
2884 979 2952 1032 ab
2983 979 3296 1033 hominibus
3330 988 3522 1048 peten-

1938 1074 2046 1116 tem
2079 1063 2425 1119 inveniamus
2482 1065 2536 1118 in
2581 1065 2764 1120 Veteri
2799 1066 3168 1130 Testamento.
3225 1069 3353 1138 quid
3383 1069 3520 1123 mihi

1938 1155 2047 1216 hic,
2084 1170 2290 1224 qumso,
2337 1158 2739 1227 respondebis?
2791 1177 2808 1210 ι
2847 1159 2912 1212 Et
2955 1176 3121 1223 nunc,
3155 1161 3343 1224 Israel,
3382 1161 3518 1230 quid

1937 1245 2200 1301 Dominus
2224 1254 2352 1302 tuus
2378 1263 2406 1300 a
2441 1256 2495 1302 te
2522 1251 2679 1318 petit,
2718 1249 2826 1304 nisi
2853 1259 2909 1303 ut
2941 1251 3120 1320 ipsum
3147 1260 3359 1307 metuas
3378 1253 3469 1306 υἱ)
3494 1272 3513 1304 ι

1935 1362 2027 1417 45.
2067 1361 2222 1428 Quod
2252 1366 2374 1432 pari
2407 1366 2561 1420 modo
2587 1367 2717 1420 data
2748 1369 2815 1422 sit
2859 1370 2940 1422 lea:
2962 1387 2994 1422 ιι
3037 1369 3240 1438 Spiritu
3289 1373 3342 1426 in
3371 1373 3517 1427 Pen-

2290 1443 2504 1500 tecoste,
2547 1447 2702 1507 atque
2733 1441 2787 1491 in
2810 1450 2984 1494 monte
3009 1440 3163 1496 Sina.

2006 1587 2266 1643 Testatur
2299 1588 2499 1649 Moses.
2554 1590 2745 1648 dicens
2785 1609 2798 1644 ε
2841 1611 2863 1645 ι
2901 1592 2969 1648 Ει
3013 1602 3132 1650 erat
3189 1596 3360 1664 gloria
3419 1596 3517 1652 Dei

1935 1675 2101 1734 Israel
2135 1680 2190 1734 in
2223 1689 2405 1735 monte
2437 1681 2592 1745 Sina.
2648 1683 2815 1740 veluti
2875 1684 3018 1755 ignis
3058 1685 3258 1743 ardens
3273 1688 3353 1753 “;
3387 1706 3405 1739 ι
3455 1695 3518 1742 ut

1933 1771 2320 1840 adimpleretur
2333 1774 2464 1829 illud
2485 1793 2530 1829 τι
2553 1774 2734 1847 Ignem
2751 1777 2871 1832 veni
2891 1780 3106 1835 mittere
3120 1782 3177 1835 in
3194 1789 3393 1836 terram
3406 1783 3477 1847 ”,
3492 1801 3512 1834 ο

1939 1862 2140 1932 ignem,
2166 1879 2275 1918 non
2302 1865 2395 1934 qui
2428 1877 2796 1929 consumeret.
2817 1868 2912 1924 sed
2935 1871 3028 1940 qui
3061 1880 3332 1942 purgaret.
3357 1870 3518 1928 Ideo-

1933 1969 2040 2023 que
2071 1955 2162 2010 ille
2185 1957 2348 2012 datus
2376 1967 2461 2013 est
2489 1957 2642 2013 Isaiae
2672 1959 2727 2013 in
2762 1960 2921 2016 labiis
2952 1963 3069 2018 suis
3085 1963 3152 2018 ⁵⁸.
3180 1967 3358 2036 Atque
3385 1967 3517 2024 hinc

1933 2053 2040 2110 est,
2071 2047 2215 2116 quod
2248 2047 2382 2101 dicit
2414 2065 2428 2101 :
2459 2066 2476 2099 ι
2511 2047 2653 2105 Ecce
2674 2049 2858 2106 dimisi
2895 2063 3116 2122 peccata
3154 2062 3247 2110 tua
3272 2057 3354 2112 ".'
3382 2077 3400 2111 ι
3433 2056 3516 2113 Ita

1933 2144 2067 2191 tunc
2106 2153 2326 2207 quoque
2365 2141 2622 2209 apparuit
2680 2139 2920 2212 Spiritus
2957 2153 3185 2201 sanctus
3229 2147 3284 2202 in
3317 2146 3515 2206 Pente-

1935 2237 2104 2294 coste,
2143 2233 2197 2284 in
2229 2232 2414 2300 specie
2439 2231 2614 2301 ignis;
2652 2233 2956 2302 dispartita:
2982 2235 3126 2290 enim
3157 2246 3286 2292 sunt
3314 2239 3516 2310 lingua!

1932 2323 2090 2390 quasi
2129 2321 2301 2392 ignis,
2346 2332 2401 2378 et
2447 2324 2589 2379 sedit
2622 2340 2795 2395 supra
2844 2326 3092 2396 singulos
3133 2343 3322 2384 eorum
3343 2331 3412 2388 ⁸⁸.
3443 2330 3514 2387 Ει

1934 2421 1994 2466 ιιι
2025 2412 2082 2467 in
2116 2411 2298 2469 Veteri
2331 2413 2686 2473 Testamento
2709 2417 2777 2481 ",
2811 2418 2876 2471 ad
2908 2416 3002 2474 Dei
3035 2421 3380 2490 praesentiam
3414 2422 3513 2477 ad-

1933 2514 2262 2577 ventumque
2282 2507 2452 2561 multa
2478 2508 2736 2564 terricula
2776 2509 3206 2580 pavefaciehant,
3231 2515 3406 2584 caligo
3425 2515 3513 2570 ni-

1933 2597 2154 2661 mirum,
2191 2600 2448 2666 procella,
2491 2601 2641 2665 tuba,
2676 2603 2782 2673 ιε
2809 2610 2863 2657 et
2887 2602 3130 2658 tonitrua
3163 2605 3232 2660 ad
3269 2615 3512 2664 montem

1933 2689 2250 2756 reboantia,
2287 2707 2409 2762 quae
2458 2694 2719 2762 populum
2768 2693 2836 2748 ad
2892 2695 3140 2750 timorem
3178 2696 3509 2767 legislatoris

1931 2781 2343 2850 praeparabant;
2400 2782 2476 2836 ita
2510 2798 2730 2854 quoque
2788 2783 2991 2838 factum
3032 2792 3114 2840 est
3147 2801 3272 2841 cum
3306 2788 3510 2844 adven-

1933 2882 2089 2927 turus
2117 2887 2241 2926 mox
2274 2881 2422 2928 esset
2453 2872 2690 2943 Spiritus
2724 2881 2951 2930 sanctus
2980 2894 2994 2930 :
3027 2883 3088 2930 ut
3113 2887 3508 2948 cognoscerent

1931 2963 2187 3036 discipuli
2213 2963 2531 3035 dignitatem
2558 2963 2801 3036 Spiritus
2843 2981 2968 3021 cum
3005 2967 3176 3038 gloria
3210 2969 3507 3025 advenien-

1932 3065 2060 3113 tem.
2091 3056 2182 3123 Ut,
2218 3056 2461 3128 inquam,
2496 3057 2549 3110 in
2574 3068 2777 3121 monte,
2807 3059 2983 3130 caligo
3013 3068 3066 3113 et
3094 3060 3332 3130 procella
3363 3076 3504 3132 prae-

460 3153 568 3223 τῆς
603 3153 1028 3224 Πεντηκοστῆςν
1061 3129 1274 3221 ἐγένετο
1303 3129 1643 3225 ἦχος-ὧσπερ
1668 3168 1828 3225 959°"

1931 3149 2230 3213 cedebant,
2261 3149 2336 3204 ita
2369 3165 2586 3220 quoque
2617 3151 2672 3205 in
2714 3150 2950 3206 adventu
2983 3129 3220 3222 Spiritus
3253 3173 3266 3208 :
3304 3172 3322 3204 ι
3363 3129 3503 3209 Cum

218 3244 389 3313 μένης
422 3245 604 3314 πνοῆς
644 3243 859 3314 βιαίας,
897 3243 994 3296 καὶ
1020 3244 1140 3297 τότε
1167 3243 1323 3316 ὤφθη
1349 3245 1411 3298 τὸ
1444 3243 1694 3315 Πνεῦμα,
1733 3243 1829 3296 καὶ

219 3337 499 3390 συνέπεισε
533 3337 634 3390 τὸν
667 3332 850 3390 οἷκον.
880 3356 902 3388 ι

203 3538 433 3594 -μέὌτι
445 3540 764 3611 λέγουσιν
785 3543 844 3594 οί
861 3541 1166 3607 αἰρετικοὶ,
1185 3539 1273 3611 ὅτι
1291 3540 1359 3595 τὸ
1380 3538 1619 3609 Πνεῦμα
1635 3537 1827 3608 δῶρόν

765 3611 903 3664 ἐστι
939 3611 1101 3679 παρὰ
1129 3609 1297 3664 Θεοῦ.

303 3723 494 3796 Ἡμεῖς
543 3726 800 3796 λέγομεν
849 3726 1024 3796 δῶρον
1081 3725 1226 3796 ζωῆς
1285 3724 1661 3797 (ἠλευθέρωσε
1713 3723 1822 3795 γὰρ

219 3814 375 3882 ἡμᾶς
398 3832 410 3846 ·
453 3816 484 3868 ὁ
520 3815 640 3886 γὰρ
680 3815 858 3886 νόμος
895 3813 992 3867 τοῦ
1019 3814 1332 3886 Πνεῦματος
1371 3815 1467 3887 τῆς
1492 3814 1638 3885 ζωῆς
1663 3814 1823 3883 ἠλευ-

216 3905 457 3980 θέρωσεν
507 3910 672 3980 ἡμᾶς
707 3908 754 3977 ),
791 3906 889 3961 καὶ
939 3905 1112 3977 δῶρον
1161 3906 1471 3977 δυνάμεως·
1521 3925 1538 3956 ι
1571 3904 1822 3974 Λήψεσθε

225 3999 333 4071 γὰρ
360 4002 615 4073 δύναμιν,
655 3999 992 4062 ἐπελθόντος
1021 3999 1114 4052 τοῦ
1162 4000 1318 4069 ἁγίου
1365 3998 1681 4070 Πνεῦματος
1738 3997 1822 4066 ἐφ’

231 4090 390 4160 ὑμᾶς.
418 4113 436 4145 ι
469 4095 678 4165 Ἡμεῖς
709 4091 771 4145 δὲ
803 4093 900 4145 καὶ
923 4091 1050 4144 Υίὺν
1070 4091 1163 4144 καὶ
1184 4091 1452 4144 υἱοθεσίαν
1484 4089 1821 4160 δεικνύομεν,

226 4181 308 4232 ὅτι
342 4184 637 4255 ἐχαρίσατο
677 4183 746 4235 τὸ
775 4181 1007 4252 Πνεῦμα
1041 4182 1102 4233 τὸ
1139 4181 1290 4249 ἅγιον
1329 4185 1439 4244 τοῖς
1478 4181 1783 4252 ἀνθρώποις
1805 4197 1820 4210 ·

232 4271 324 4323 καὶ
356 4277 463 4343 μετ’
489 4274 660 4341 ὀλίγα
681 4288 697 4301 ·
735 4290 754 4322 ι
787 4269 918 4334 Πῶς
956 4271 1076 4340 οὐχὶ
1107 4271 1198 4323 καὶ
1231 4270 1329 4323 σὺν
1372 4272 1519 4341 αὐτῴ
1545 4271 1615 4324 τὰ
1646 4272 1821 4325 πάντα

229 4359 359 4428 ἡμῖν
398 4364 740 4435 χαρίσηται;
775 4381 794 4412 ι
844 4361 940 4412 καὶ
983 4358 1236 4430 ἑτέρωθιο
1271 4378 1288 4410 ι
1335 4361 1452 4414 Ἵνα
1504 4359 1700 4430 ἴδωμεν
1753 4360 1822 4413 τὰ

1927 3239 2296 3309 compleretur
2323 3240 2442 3298 dies
2469 3241 2842 3306 Pentecostes,
2862 3243 3038 3299 factus
3066 3252 3153 3300 est
3183 3261 3354 3302 sonus
3379 3253 3504 3303 tan-

1925 3345 2090 3401 quam
2114 3330 2453 3389 advenientis
2491 3334 2720 3404 spiritus
2752 3335 3091 3392 vehementis
3123 3339 3208 3394 ”:
3239 3359 3258 3391 ι
3285 3348 3340 3394 et
3366 3347 3498 3397 tunc

1926 3423 2181 3492 apparuit
2214 3422 2452 3493 Spiritus
2481 3443 2494 3480 :
2523 3435 2578 3480 et
2601 3426 2882 3481 concussit
2910 3425 3152 3484 domum.

1925 3533 2013 3587 44.
2040 3533 2194 3600 Quod
2235 3533 2472 3590 haeretici
2499 3535 2701 3606 dicunt,
2735 3536 2995 3608 Spiritum
3022 3540 3218 3596 donum
3243 3539 3342 3596 Dei
3361 3558 3495 3598 esse.

1995 3710 2106 3767 Nos
2156 3727 2282 3767 eum
2331 3712 2566 3768 dicimus
2598 3713 2800 3768 donum
2833 3714 2960 3769 vita:
3011 3715 3297 3785 (liberavit
3348 3718 3495 3773 enim

1926 3819 2064 3870 nos;
2100 3817 2228 3858 nam
2274 3803 2361 3858 lex
2402 3803 2642 3873 Spiritus
2684 3804 2810 3858 vitae
2865 3797 3116 3860 liberavit
3169 3822 3270 3863 nos
3290 3808 3381 3880 ⁶¹),
3440 3819 3496 3866 et

1925 3895 2127 3950 donum
2161 3893 2450 3965 potentiae:
2479 3913 2498 3946 ι
2528 3893 2822 3964 Accipietis
2842 3895 2988 3951 enim
3022 3898 3276 3953 virtutem
3305 3917 3498 3971 super-

1923 3987 2194 4043 venientis
2213 3986 2266 4040 in
2283 4002 2381 4041 vos
2402 3984 2640 4056 Spiritus
2658 3987 2856 4042 sancti.
2877 3988 2952 4040 ⁶¹ι
2971 3987 3082 4046 Nos
3115 3999 3293 4046 autem
3310 4001 3496 4048 osten--

1923 4077 2106 4133 dimus
2135 4078 2280 4148 quod
2316 4076 2555 4146 Spiritus
2590 4085 2816 4133 sanctus
2848 4085 2903 4135 et
2940 4078 3134 4135 Filium
3164 4089 3218 4137 et
3245 4083 3496 4154 adoptio-

1925 4185 2048 4225 nem
2075 4170 2286 4225 dederit
2317 4169 2669 4225 hominibus:
2694 4179 2747 4226 et
2777 4173 2940 4242 paulo
2962 4181 3084 4243 post
3118 4193 3131 4229 :
3169 4193 3189 4226 ι
3211 4173 3496 4241 Quomodo

1923 4276 2032 4315 non
2062 4262 2226 4316 etiam
2251 4276 2374 4316 cum
2403 4276 2468 4317 eo
2491 4262 2652 4317 nobis
2679 4264 2861 4319 omnia
2889 4265 3174 4321 donaverit
3193 4268 3277 4322 “1’
3307 4287 3326 4321 ι
3361 4269 3494 4324 Item

1925 4350 2106 4405 alibi:
2146 4369 2166 4404 ι
2207 4349 2278 4406 Ut
2309 4352 2594 4408 videamus
2642 4369 2763 4424 quas
2818 4355 3017 4410 donata
3068 4357 3228 4413 nobis
3284 4367 3413 4414 sunt
3462 4375 3492 4413 a

235 4451 335 4505 ὑπῦ
375 4456 463 4508 τοῦ
506 4455 654 4508 θεοῦ
700 4449 1044 4524 χαρισθέντα
1072 4452 1200 4520 ἡμῖν
1236 4451 1332 4520 (5).
1362 4469 1380 4501 ι
1418 4451 1554 4522 Περὶ⁸
1585 4451 1679 4504 τοῦ
1715 4470 1819 4521 μυ-

1930 4442 2112 4499 Deo“.
2140 4461 2158 4494 ι
2184 4442 2260 4498 De
2279 4446 2540 4516 mysterio
2570 4454 2837 4516 suscepta:
2865 4448 3220 4504 humanitatis
3241 4449 3490 4521 loquens,

239 4546 441 4616 σπιρίου
457 4546 561 4616 τῆς
581 4544 690 4598 ἀνθ
699 4541 1013 4614 ρωπήσεως
1032 4539 1201 4608 λέγων
1217 4541 1274 4591 ὲν
1293 4542 1358 4610 τῇ
1381 4540 1515 4610 πρὸς
1538 4539 1819 4610 Ἐϐραίους

236 4635 472 4709 ἐπιστολῇ
528 4634 824 4708 παραθεὶς
874 4629 1092 4693 Παῦλος
1133 4631 1231 4702 τὴν
1284 4631 1594 4699 φάσκουσαν
1638 4629 1817 4696 λέξιν·

242 4744 257 4774 ι
288 4726 411 4782 Ἰδοὺ
452 4729 566 4798 ἐγὼ
620 4726 727 4780 καὶ
753 4725 831 4777 τὰ
856 4720 1070 4782 παιδία,
1099 4721 1133 4774 ἆ
1161 4738 1248 4790 μοι
1289 4720 1486 4774 ἔδωκεν
1529 4723 1558 4775 ὁ
1589 4721 1722 4785 Θεός
1743 4739 1759 4752 ·
1797 4739 1817 4770 ι

235 4815 577 4889 ὲπργάζεται
616 4815 760 4888 περὶ
807 4807 1053 4879 Χριστοῦ
1097 4808 1301 4878 λέγων·
1353 4827 1373 4860 ι
1426 4809 1578 4862 Ἐπεὶ
1617 4804 1710 4861 οὖν
1753 4807 1824 4861 τὰ

235 4910 399 4966 παιδία
428 4909 858 4979 κεκοινώνηκεν
884 4901 1116 4971 αἵματος
1142 4902 1234 4954 καὶ
1278 4900 1498 4972 σαρκὸς,
1531 4901 1626 4953 καὶ
1660 4900 1823 4963 αὐτὸς

227 5006 606 5078 παραπλησίως
640 4999 902 5074 μετέσχε
931 4992 1041 5046 τῶν
1066 4993 1272 5046 αὐτῶν
1300 4993 1388 5046 ἵνα
1422 4993 1508 5046 διὰ
1531 4993 1624 5045 τοῦ
1652 4992 1816 5045 θανά-

216 5111 297 5149 του
328 5100 667 5172 καταργήσῃ
701 5091 810 5145 τὸν
849 5086 918 5140 τὸ
958 5084 1157 5154 κράτος
1194 5083 1385 5156 ἔχοντα
1412 5083 1505 5137 τοῦ
1553 5084 1778 5137 θανάτου
1799 5123 1814 5147 ,

209 5193 435 5247 τωτέπι
462 5193 560 5246 τὸν
595 5183 900 5243 διάϐολον.
926 5196 946 5229 ι
975 5178 1175 5238 Παῖδας
1213 5177 1270 5230 δὲ
1301 5175 1465 5229 αὑτοῦ
1512 5176 1570 5230 ὲν
1608 5175 1817 5239 τούτοις

259 5351 486 5408 “Deut.
527 5366 591 5413 ιι,
633 5343 739 5401 12.

191 5407 422 5480 "Exod.
458 5407 588 5482 ιιιιξ
634 5416 738 5473 18η
776 5407 874 5464 '9-

186 5496 224 5526 ⁸³
255 5494 421 5551 Hebr.
452 5511 518 5558 ιι,
552 5491 654 5554 15,
687 5483 793 5538 14-

236 5661 312 5726 (ἓ)
353 5661 510 5714 Ειιὶι.
545 5643 894 5726 Οοηιιηο].,

346 5713 506 5788 Edit.
542 5713 890 5784 Commel.,

1925 4539 1981 4591 in
2016 4535 2260 4607 Epistola
2299 4537 2365 4592 ad
2407 4535 2662 4593 Hebraeos
2713 4537 2938 4603 Paulus,
2983 4548 3109 4609 post
3154 4541 3267 4595 haec
3310 4541 3492 4596 addita

1923 4627 2091 4682 verba
2119 4645 2133 4681 :
2157 4643 2176 4677 ι
2197 4626 2336 4681 Ecce
2358 4642 2478 4697 ego,
2501 4637 2554 4682 et
2583 4627 2760 4697 pueri.
2779 4643 2916 4698 quos
2932 4629 3064 4683 mihi
3091 4628 3240 4684 dedit
3263 4628 3440 4699 Deus;
3466 4649 3487 4684 ι

1925 4717 1992 4772 de
2023 4716 2243 4772 Christo
2279 4719 2353 4772 ita
2401 4719 2844 4774 sermocinatur:
2898 4737 2918 4770 ι
2958 4719 3096 4785 Quia
3147 4737 3278 4792 ergo
3335 4723 3489 4794 pueri

1923 4810 2462 4864 communicaverunt
2504 4811 2756 4881 sanguini
2789 4819 2842 4866 et
2867 4813 3041 4876 carni,
3093 4813 3210 4883 ipse
3244 4813 3492 4868 similiter

1928 4901 2270 4970 participavit
2295 4901 2537 4968 eisdem;
2590 4909 2651 4956 ut
2691 4918 2787 4973 per
2820 4911 3050 4959 mortem
3093 4905 3331 4958 aboleret
3365 4918 3490 4956 eum

1925 4992 2016 5059 qui
2045 4992 2275 5048 habebat
2302 4994 2492 5049 mortis
2526 4995 2834 5064 imperium,
2866 4995 2919 5048 id
2952 5001 3056 5058 est,
3087 4993 3358 5048 diabolum
3378 4994 3484 5045 ⁸⁵.»

1923 5082 2091 5140 Filios
2133 5095 2314 5140 autem
2370 5102 2500 5142 suos
2545 5087 2632 5142 his
2666 5088 2847 5142 verbis
2884 5087 3160 5157 apostolos
3205 5085 3488 5152 nominat;

1922 5191 2020 5246 per
2045 5191 2184 5247 quos
2207 5177 2362 5248 signa
2391 5188 2446 5233 et
2473 5178 2717 5249 prodigia
2746 5179 2802 5233 in
2827 5179 2991 5232 domo
3027 5177 3190 5232 Israel
3218 5177 3487 5230 facturum

830 5337 885 5370 ⁸⁸
926 5331 1099 5412 Exod.
1135 5329 1416 5412 ιιιινηιϐλ
1482 5330 1693 5412 “illum.
1746 5346 1822 5385 xu

1930 5330 2000 5412 Ψ.
2065 5332 2124 5412 _'_'
2155 5331 2268 5412 ‘lsa.
2299 5349 2389 5412 Vl:
2441 5333 2533 5412 7.__
2562 5332 2613 5412 ξ]
2643 5333 2777 5388 Luc.
2809 5349 2864 5396 v,
3026 5333 3227 5412 ’θ’-ξεί.
3259 5343 3321 5398 ιι,
3353 5335 3488 5412 l,§.

960 5403 1004 5433 ⁵⁸
1030 5403 1145 5455 Act.
1183 5417 1243 5465 ιι,
1272 5401 1297 5454 1
1326 5440 1343 5466 ,
1382 5400 1438 5454 2.
1513 5401 1554 5432 ⁶¹
1584 5400 1742 5455 Rom.
1779 5415 1828 5454 Vl

1930 5402 1986 5456 2.
2063 5403 2107 5437 ⁶¹
2141 5403 2259 5456 Act.
2287 5421 2322 5467 ι,
2355 5403 2411 5459 8.
2490 5403 2534 5434 ⁸³
2562 5401 2717 5457 Rom.
2747 5416 2867 5467 vut,
2893 5403 2982 5459 52.
3062 5405 3106 5437 ⁸⁵
3136 5405 3152 5457 Ι
3189 5405 3315 5461 Cor.
3341 5400 3397 5467 ι,
3425 5406 3485 5463 2.

939 5696 1101 5778 ὑμῖν.’
1126 5704 1434 5772 Vaticanus,
1467 5703 1806 5770 Basiliensis,
1835 5701 2046 5772 Anglic.
2076 5709 2131 5757 et
2157 5699 2285 5755 edit.
2325 5697 2644 5762 Parisiens.,
2679 5696 2833 5764 ἡμῖν.
