4002 6536
546 324 607 372 τι
1681 309 1738 365 S.
1781 304 2124 364 ATHANASl

2238 347 2246 360 .
2285 335 2356 344 -
2394 299 2618 357 ηιτΒιΑ.
3733 289 3808 349 ’ῖῖ

549 431 839 486 hominum
881 429 1159 492 Sabaoth,
1226 428 1559 482 habitantem
1613 427 1670 482 in
1731 433 1919 480 monte
1969 423 2123 486 Sion,

2238 421 2354 484 τοὺς
2376 419 2707 483 ἀποστόλους
2736 417 3010 490 ὀνομάζει,
3033 415 3117 484 ἐφ’
3141 407 3216 468 ὧν
3245 415 3446 487 σημεῖα
3477 410 3574 468 καὶ
3599 411 3808 487 τέρατα

543 525 758 580 edocet.
778 523 920 590 Quin
939 523 1103 578 etiam
1131 522 1373 576 illustres
1409 521 1524 576 fore
1547 521 1883 591 pronuntiat,
1906 533 2124 574 eorum-

2238 515 2283 565 iv
2307 510 2385 582 τῷ
2435 511 2570 582 οἴκῳ
2615 509 2826 584 Ἰσραὴλ
2877 511 3122 568 ποιήσειν
3153 506 3356 578 Κύριον
3410 503 3674 572 Σαϐαὼθ,
3714 507 3808 560 τιι

547 635 656 690 que
687 617 854 673 facies
888 613 1263 686 ohsignandas
1291 627 1416 668 esse
1452 612 1636 683 sigillo
1677 610 1904 671 Christi.
1939 607 2124 664 erudi-

2238 603 2580 659 κατοικοῦντα
2603 605 2661 659 ἐν
2711 603 2790 675 τῷ
2835 602 2953 674 δρει
2983 599 3154 664 Σιὼν,
3184 599 3443 652 διδάσκει.
3477 597 3713 663 Τούτους
3750 596 3811 652 δὲ

553 721 766 782 tosque,
802 723 913 764 non
941 709 1056 779 jam
1090 707 1350 776 deinceps
1383 706 1498 776 lege
1538 703 1727 767 Mosis,
1775 703 1974 773 quippe
2003 715 2124 770 quae

2238 698 2421 760 κύτοὺς
2448 697 2716 768 φανερούς
2743 712 2906 767 φησιν
2946 693 3184 756 ἔσεσθαι,
3211 691 3272 744 τὸ
3303 691 3592 762 πρόσωπον
3625 708 3806 764 σφρα-

550 803 783 858 ulterius
809 815 918 855 non
961 799 1246 859 consistat,
1277 805 1331 851 et
1355 795 1503 866 quod
1523 795 1720 850 domus
1749 809 1871 864 quae
1899 802 2124 846 vocatur

2238 789 2541 862 γιζομένους
2563 793 2628 864 τῇ
2662 789 2757 844 τοῦ
2801 787 3036 862 Χριστοῦ
3064 785 3341 860 σφραγῖδι,
3379 785 3806 856 παιδευομένους

548 897 718 954 Jacob
741 895 1002 952 derelicta
1031 894 1102 950 sit
1127 909 1156 948 a
1184 891 1314 948 Deo.

617 1201 708 1260 ιδ.
725 1200 878 1271 Quod
911 1201 1052 1256 Deus
1089 1193 1601 1280 Verbum-defendat,
1634 1193 1814 1248 Patris
1841 1202 1891 1248 et
1923 1187 2054 1244 Filii

1069 1277 1410 1325 concordiam
1454 1283 1586 1321 esse.

615 1385 686 1444 Et
712 1403 781 1444 ne
811 1385 1112 1442 credideris
1143 1384 1366 1439 vilitatis
1392 1398 1514 1438 esse
1541 1382 1730 1446 verba,
1775 1380 1874 1436 sed
1929 1380 2125 1435 huma-

543 1481 738 1539 nitatis
767 1499 782 1534 :
813 1478 1038 1532 vilitatis
1083 1476 1306 1548 quidem
1368 1476 1611 1546 species,
1656 1475 1890 1529 amantis
1941 1481 2124 1527 tamen

549 1571 798 1628 homines
821 1567 1114 1639 promissio
1142 1574 1246 1622 est.
1278 1565 1530 1620 Christus
1562 1568 1706 1619 enim
1742 1562 1987 1616 omnium
2019 1560 2124 1615 Do-

548 1664 752 1729 minus,
779 1661 924 1716 idem
966 1661 1056 1714 ille
1103 1659 1195 1730 qui
1234 1657 1437 1712 Iudaeis
1467 1657 1580 1710 lucc
1607 1656 1740 1710 dicit
1777 1673 1790 1708 :
1824 1672 1844 1705 ι
1882 1653 2019 1720 Quis
2053 1667 2119 1708 ex

547 1753 707 1810 vobis
745 1753 927 1824 arguit
965 1766 1052 1806 me
1102 1751 1172 1806 de
1213 1748 1537 1820 peccato“?
1566 1766 1585 1798 ι
1629 1745 1802 1800 Filius
1845 1746 1967 1814 ejus
2011 1753 2118 1808 est,

2223 901 2284 936 τε
2309 883 2506 955 μηκέτι
2549 883 2641 938 τὸν
2679 881 2924 944 Μωσέως
2953 879 3118 952 νόμον
3150 877 3460 950 μανθάνειν,
3493 877 3573 950 τῷ
3607 878 3806 950 μηκέτι

2227 975 2534 1028 συνιστάναι
2564 974 2747 1038 αὐτὸν,
2782 973 2878 1028 καὶ
2925 974 3018 1028 τὸν
3061 971 3394 1044 καλούμενον
3425 967 3572 1025 οἶκον
3605 957 3804 1026 Ἰακὰτϐ

2225 1065 2646 1120 καταλελεῖφθαι
2671 1065 2778 1118 ὑπὸ
2807 1063 2966 1118 Θεοῦ.

2224 1198 2312 1254 45.
2347 1199 2469 1254 ’Ότι
2487 1198 2594 1254 τοῦ
2622 1199 2854 1268 Πατρός
2881 1199 2978 1254 καὶ
3010 1198 3116 1254 τοῦ
3155 1198 3292 1254 Υἱοῦ
3311 1197 3426 1268 τὴν
3445 1195 3808 1268 συμφωνίαν

2577 1270 2961 1340 ἀπολογεῖται
2997 1273 3030 1324 ὁ
3053 1269 3201 1335 Θεὸς
3233 1270 3446 1339 Λόγος.

2293 1382 2403 1435 Καὶ
2439 1382 2512 1454 μὴ
2538 1383 2766 1456 νομίσῃς
2805 1383 3077 1447 εὐτελείας
3108 1378 3246 1436 εἶναι
3295 1381 3363 1436 τὰ
3397 1382 3639 1453 ῥήματα,
3665 1379 3806 1436 ἀλλὰ

2224 1470 2630 1544 φιλανθρωπίας
2649 1489 2661 1503 ο
2697 1471 2974 1536 εὐτελείας
3015 1473 3116 1543 μὲν
3144 1471 3252 1544 γὰρ
3277 1471 3337 1524 τὸ
3366 1471 3574 1542 σχῆμα,
3615 1471 3806 1540 φιλαν-

2223 1564 2338 1637 θρώ
2349 1582 2444 1619 που
2469 1564 2526 1618 δὲ
2553 1566 2616 1618 τὸ
2646 1565 2972 1636 ἐπάγγελμα
2997 1566 3076 1636 (4)
3095 1582 3107 1596 ’
3131 1565 3366 1638 Χριστὸς
3391 1565 3500 1638 γὰρ
3530 1567 3560 1620 6
3584 1564 3804 1620 πάντων

2223 1657 2446 1728 Κύριος,
2479 1652 2636 1722 οὗτος
2685 1658 2848 1722 αὐτὸς
2877 1660 2906 1711 6
2955 1657 3129 1726 λέγων
3187 1658 3486 1722 Ἰουδαίοις·
3535 1678 3555 1710 ι
3599 1659 3694 1724 Τίς
3740 1658 3806 1726 ἐξ

2224 1752 2377 1824 ὑμῶν
2407 1751 2616 1823 ἐλέγχει
2648 1769 2716 1824 με
2755 1753 2883 1825 περὶ
2912 1753 3217 1826 ἁμαρτίας
3245 1772 3264 1804 ι
3297 1753 3423 1816 Υἱός
3446 1754 3561 1808 ἐστι
3587 1753 3682 1808 τοῦ
3710 1752 3805 1807 λέ-

545 1849 643 1918 qui
693 1861 791 1918 per
829 1845 1146 1915 prophetam
1187 1842 1464 1898 Miclmam
1522 1839 1765 1910 loquitur
1805 1858 1818 1893 :
1861 1855 1879 1890 ι
1919 1837 2124 1907 Popule

2238 1863 2414 1914 γοντος
2443 1845 2531 1900 διὰ
2575 1846 2671 1900 τοῦ
2703 1847 2986 1919 προφήτου
3039 1848 3309 1918 Μιχαίουο
3353 1866 3372 1898 ι
3405 1846 3545 1912 Λαός
3581 1865 3704 1919 μου,
3747 1847 3805 1902 τί

493 1999 495 2002 ς
549 1937 644 2000 uti,
676 1935 809 2008 quid
837 1935 939 1990 feci
969 1932 1111 1988 tibi?
1145 1940 1236 1986 aut
1266 1945 1374 2000 qua
1401 1930 1457 1983 in
1489 1941 1548 1982 re
1587 1927 1852 1982 molestus
1884 1923 1962 1978 fui
1991 1923 2124 1976 tibi?

547 2028 821 2101 responde
856 2027 988 2082 mihi
1018 2027 1060 2056 "
1089 2043 1102 2077 :
1135 2044 1152 2076 ι
1179 2031 1233 2078 et
1264 2023 1356 2094 qui
1383 2023 1436 2076 in
1467 2017 1775 2090 Evangeliis
1803 2015 1977 2072 dicit:
2009 2033 2028 2067 ι
2065 2013 2124 2068 Si

544 2120 690 2174 male
705 2119 924 2172 locutus
939 2131 1083 2178 sum,
1113 2113 1486 2170 testimonium
1513 2109 1738 2180 perhibe
1759 2107 1826 2163 de
1854 2108 1998 2162 malo
2011 2106 2080 2160 ⁸⁸.
2098 2125 2118 2159 ›

546 2209 722 2265 Filius
749 2209 870 2279 ejus
917 2207 1124 2272 itidem,
1159 2205 1255 2278 qui
1301 2217 1404 2276 per
1449 2201 1740 2257 Jerelniam
1782 2199 1858 2254 ait
1891 2214 1906 2252 :
1947 2217 1966 2250 ι
2001 2197 2126 2253 Dixi

542 2301 922 2358 habitantibus
949 2299 1136 2363 Israel,
1171 2298 1314 2364 Quid
1347 2297 1668 2352 invenerunt
1724 2294 1780 2348 in
1829 2307 1918 2347 me
1941 2300 2124 2362 patres

544 2393 714 2449 vestri
743 2391 930 2447 delicti
963 2395 1059 2444 aut
1105 2389 1345 2459 injuriae,
1391 2386 1540 2458 quod
1574 2387 1734 2455 longe
1761 2397 1794 2437 a
1823 2398 1910 2438 me
1942 2396 2124 2436 reces-

541 2485 720 2543 serint
749 2483 832 2538 ⁸³2
865 2502 884 2535 ι
917 2480 963 2537 0
987 2481 1202 2552 qualem
1235 2481 1652 2540 humanitatem,
1684 2477 1740 2530 in
1768 2488 1878 2545 qua
1909 2473 2124 2528 bonitas

543 2587 835 2640 naturam,
881 2577 992 2631 imo
1038 2575 1223 2646 potius
1269 2589 1379 2628 non
1443 2581 1555 2627 tam
1609 2577 1888 2632 naturam,
1957 2581 2125 2637 quam

546 2679 771 2728 nostras
805 2669 1168 2740 cogitationes
1191 2665 1560 2736 (exsuperant

770 2807 862 2864 ιθ.
896 2807 1170 2876 Quomodo
1199 2807 1406 2863 bonitas
1452 2807 1546 2862 Dei
1581 2805 1912 2860 ostendatur.

615 2923 758 2982 Dicit
784 2924 956 2982 Mosi:
985 2941 1004 2974 ι
1038 2923 1150 2995 Ego
1167 2939 1290 2980 sum
1321 2923 1487 2986 Deus,
1515 2923 1606 2994 qui
1635 2921 1882 2978 retribuo
1905 2925 2128 2991 peccata

543 3025 835 3088 parentum
893 3015 949 3070 in
997 3014 1138 3071 lilios
1162 3015 1232 3070 '°.
1268 3033 1288 3067 ι
1318 3013 1386 3068 Ει
1416 3014 1743 3084 quousque?
1774 3030 1794 3064 ι
1833 3011 2020 3082 Usque
2059 3011 2126 3065 ad

545 3107 764 3164 tertiam
784 3114 841 3162 et
872 3113 1122 3177 quartam
1153 3105 1558 3174 generationem
1575 3105 1640 3156 ⁷⁸.
1665 3122 1684 3155 ι
1705 3103 1938 3158 Attende
1967 3101 2124 3166 mihi,

2225 1936 2458 2008 ἠδίκησα
2488 1954 2570 2003 σε,
2597 1937 2632 2008 ἢ
2653 1937 2708 1991 τί
2724 1937 3127 2011 παρηνώχλησά
3145 1940 3595 2013 σοι;ἀποκρίθητί
3629 1957 3718 2011 μοι
3735 1957 3751 1971 ο
3778 1959 3798 1992 ι

2225 2030 2321 2083 καὶ
2360 2032 2392 2085 6
2429 2029 2506 2102 (5)
2539 2030 2628 2084 διὰ
2675 2030 2782 2085 τῶν
2821 2031 3170 2101 Εὑαγγελίων
3211 2032 3409 2089 εἰπών⁸
3449 2051 3469 2084 ι
3509 2035 3574 2090 Et
3617 2031 3804 2098 κακῶς

2225 2121 2484 2195 ἐλάλησα,
2528 2121 2879 2196 μαρτύρησον
2914 2124 3041 2195 περὶ
3071 2125 3166 2178 τοῦ
3194 2125 3388 2191 κακοῦ,
3424 2147 3444 2178 ›
3467 2129 3496 2181 6
3529 2126 3656 2190 Υἱός
3684 2129 3804 2180 ἐστι

2225 2212 2320 2268 τοῦ
2351 2213 2602 2283 λέγοντος
2657 2214 2794 2286 πρὸς
2825 2215 3128 2289 Ἰερεμίανο
3167 2235 3186 2267 ι
3226 2213 3394 2271 Εἶπον
3433 2219 3500 2288 τῇ
3551 2218 3804 2289 κατοικία

2239 2303 2482 2378 Ἰσραήλ’
2515 2306 2582 2358 Τί
2609 2299 2765 2377 εὗρον
2797 2309 2854 2360 ἐν
2875 2307 2999 2378 ἐμοὶ
3021 2309 3072 2360 ot
3103 2309 3338 2380 πατέρες
3362 2309 3515 2380 ὑμῶν
3546 2307 3805 2380 πλημμέ-

2226 2396 2376 2469 λημα
2403 2397 2437 2469 ἢ
2469 2396 2733 2470 ἀδίκημα,
2763 2399 2846 2452 ὅτι
2869 2399 3186 2472 ἀπέστησαν
3217 2402 3310 2454 ἀπ’
3332 2401 3464 2472 ἐμοῦ
3499 2401 3750 2474 μακράν;
3780 2421 3803 2455 s

2232 2489 2299 2542 Ὦ
2333 2489 2434 2561 τῆς
2480 2489 2889 2562 φιλανθρωπίας
2933 2493 3180 2563 ἐκείνης,
3225 2494 3282 2545 ἐν
3404 2492 3676 2564 ἀγαθότης
3705 2493 3810 2565 τὴν

2229 2582 2413 2652 φύσιν,
2448 2584 2645 2654 μᾶλλον
2676 2585 2734 2637 δὲ
2773 2585 2834 2638 ού
2868 2586 2970 2657 τὴν
3006 2585 3197 2656 φύσιν,
3231 2585 3368 2640 ἀλλὰ
3398 2587 3497 2659 τὴν
3529 2586 3810 2660 ἡμετέραν

2229 2673 2524 2746 ἐνθύμησιν
2545 2677 2558 2730 !

2333 2807 2424 2863 46.
2459 2809 2592 2876 Πῶς
2615 2812 2654 2880 ἡ
2685 2811 2982 2882 ἀγαθότης
2999 2811 3107 2866 τοῦ
3133 2813 3281 2868 Θεοῦ
3303 2812 3696 2869 ἐνδείκνυται.

2297 2921 2462 2990 Λέγει
2507 2921 2584 2994 τῷ
2645 2924 2860 2978 Μωσεῖ·
2895 2944 2914 2978 ι
2972 2924 3112 2994 Ἐγὼ
3153 2927 3182 2978 6
3232 2925 3399 2990 Θεὸς,
3445 2929 3474 2980 6
3523 2925 3811 2991 ἀποδιδοὺς

2229 3013 2506 3085 ἁμαρτίας
2554 3015 2806 3088 πατέρων
2849 3017 2944 3070 ἐπὶ
2972 3019 3158 3072 τέκνα.
3196 3037 3214 3070 ι
3263 3019 3372 3072 Καὶ
3413 3019 3574 3091 μέχρι
3621 3020 3806 3086 τίνος;

2235 3123 2254 3155 ι
2287 3106 2411 3158 Ἐπὶ
2438 3106 2626 3178 τρίτην
2671 3107 2764 3160 καὶ
2801 3107 3069 3181 τετάρτην
3101 3110 3310 3179 γενεάν.
3342 3129 3362 3162 ι
3406 3111 3646 3182 Πρόσεχε
3690 3111 3812 3176 ﬁt;

542 3215 752 3272 quaeso,
775 3215 886 3270 quo
907 3209 1068 3270 pacto
1085 3199 1350 3254 ultionem
1377 3195 1637 3252 extendat
1658 3211 1835 3266 usque
1864 3196 1934 3250 ad
1965 3209 2124 3266 quar-

2238 3197 2326 3269 τὴν
2352 3197 2623 3270 τιμωρίαν
2653 3199 2906 3270 ἥπλωσεν
2937 3203 3031 3254 ἐπὶ
3067 3201 3338 3272 τέσσαρας
3363 3201 3574 3270 γενεάς.
3605 3203 3718 3274 Τὴν
3751 3203 3812 3258 δὲ

545 3304 658 3350 tam
690 3295 1120 3366 generationem.
1153 3293 1320 3350 Suam
1354 3309 1486 3350 vero
1509 3309 1640 3364 erga
1679 3295 1932 3351 homines
1970 3294 2127 3350 beni-

545 3386 812 3457 gnitatem
837 3387 1164 3457 quousque?
1193 3405 1216 3438 ι
1254 3385 1323 3442 Et
1354 3387 1563 3444 faciens
1598 3386 2037 3442 misericordiam
2069 3387 2124 3442 in

547 3477 698 3533 mille
730 3477 1156 3550 (generationes)
1184 3479 1544 3552 diligentibus
1595 3497 1684 3537 me
1706 3482 1775 3537 ".
1823 3499 1843 3530 ι

547 3589 636 3644 Π.
677 3589 833 3664 Quod
873 3607 1052 3664 omnes
1083 3593 1348 3664 propheta:
1385 3597 1440 3648 in
1472 3610 1636 3648 unum
1663 3593 1892 3659 collecti,
1949 3609 2128 3647 rerum

615 3677 651 3714 a
679 3661 894 3745 Christo
939 3663 994 3715 in
1034 3661 1189 3718 carne
1233 3675 1524 3736 gestarum,
1590 3667 1901 3720 memoriam
1949 3665 2127 3718 absol-

615 3747 808 3790 ueram.

617 3846 795 3906 Moses
823 3849 1054 3922 ﬁguram
1095 3853 1278 3910 cruris
1309 3852 1599 3910 constituit
1627 3872 1641 3908 :
1675 3851 1821 3923 quod
1863 3859 2124 3908 testatum

549 3955 766 4014 quoque
795 3944 927 4001 facit
968 3947 1087 4018 ipse
1124 3947 1376 4002 Salvator
1405 3963 1420 4000 :
1457 3966 1476 4000 ι
1510 3941 2007 4014 Quemadmodum,
2041 3945 2126 4000 in-

547 4035 772 4104 quiens,
817 4033 995 4094 Moses
1020 4038 1280 4094 exaltavit
1303 4046 1609 4109 serpentem
1638 4039 1693 4092 in
1717 4038 1938 4092 deserto
1957 4038 2024 4100 ⁷³,
2051 4037 2126 4091 ita

548 4133 767 4194 oportet
781 4128 1008 4182 exaltari
1019 4127 1324 4198 19Filium
1342 4129 1584 4185 hominis
1595 4129 1664 4182 “.
1680 4126 1896 4182 iltidem
1911 4142 2128 4198 quoque

544 4225 604 4271 et
618 4215 788 4274 Jonas
807 4220 1000 4276 mortis
1022 4221 1144 4290 ejus
1164 4222 1483 4276 memoriam
1507 4221 1634 4277 fecit
1648 4222 1716 4276 ⁷³.
1738 4220 2018 4292 Siquidem
2039 4221 2127 4276 ille

547 4307 836 4364 descendit
876 4309 934 4364 in
962 4319 1168 4376 cetum,
1189 4317 1354 4382 atque
1402 4312 1544 4366 intra
1583 4311 1824 4367 triduum
1854 4312 1981 4367 inde
2003 4328 2129 4381 pro-

543 4400 672 4464 diit.
707 4399 993 4474 factusque
1023 4411 1108 4460 est
1134 4411 1294 4476 typus
1325 4403 1766 4461 resurrectionis.
1799 4404 1911 4460 Hoc
1947 4406 2128 4476 ipsum

551 4490 734 4547 denuo
763 4491 1017 4551 Salvator
1041 4506 1318 4566 repetens,
1352 4503 1541 4568 typum
1568 4498 1720 4550 illum
1748 4498 1960 4553 veritati
1995 4513 2128 4554 con-

2227 3287 2636 3360 φιλανθρωπίαν
2697 3291 2803 3355 ἓως
2858 3291 3037 3358 τίνος;
3086 3313 3106 3345 ι
3149 3295 3260 3347 Καὶ
3311 3293 3478 3348 ποιῶν
3527 3293 3677 3360 ἔλεος
3726 3295 3812 3360 εἰς

2226 3381 2470 3451 χιλιάδας
2501 3385 2615 3447 τοῖς
2639 3383 2895 3450 ἀγαπῶσι
2925 3401 3014 3455 με.
3043 3403 3062 3436 ι
3103 3395 3110 3402 ’

2226 3584 2316 3639 47.
2340 3587 2532 3660 Ὅπως
2550 3587 2772 3660 πάντες
2790 3590 2844 3642 οὶ
2867 3587 3187 3658 προφῆται,
3205 3589 3354 3659 ὁμοῦ
3376 3588 3810 3660 συναχθέντες,

2441 3656 2556 3725 τὴν
2572 3657 2823 3728 μνήμην
2845 3656 3188 3728 οἰκονομίας
3208 3656 3592 3728 ἐπλήρωσαὶᾶ

2297 3839 2505 3910 Μωσῆς
2532 3839 2624 3894 τὸν
2657 3838 2828 3894 τύπον
2861 3839 2954 3894 τοῦ
2990 3838 3224 3910 σταυροῦ
3263 3837 3505 3910 ἐποίησε,
3531 3839 3625 3892 καὶ
3665 3857 3809 3914 μαρ-

2225 3935 2380 4003 τυρεῖ
2406 3933 2434 3984 6
2457 3931 2668 4004 Σωτὴρ,
2704 3931 2878 4000 λέγων
2893 3951 2906 3963 ο
2933 3951 2950 3984 ι
2974 3933 3082 3987 Καὶ
3099 3933 3172 4005 (6)
3197 3931 3378 3997 καθὼς
3402 3933 3606 4004 Μωσῆς
3623 3931 3809 4002 ῦψωσε

2225 4023 2316 4076 τὸν
2339 4022 2462 4091 ὅφιν
2491 4023 2548 4076 ἐν
2578 4025 2642 4094 τῇ
2693 4024 2904 4094 ἐρήμῳ,
2941 4022 3114 4088 οὕτως
3140 4024 3221 4077 δεῖ
3247 4023 3524 4096 ὑψωθῆναι
3557 4023 3648 4077 τὸν
3680 4023 3809 4078 Υίδν

2225 4115 2319 4168 τοῦ
2341 4113 2650 4187 ἀνθρώπου.
2676 4135 2694 4166 ι
2727 4117 2957 4186 Ὁμοίως
2973 4117 3067 4170 καὶ
3103 4117 3284 4180 Ἰωνᾶς
3300 4117 3526 4186 ἐποίησε
3547 4115 3646 4186 τὴν
3677 4117 3809 4188 μνήο

2231 4226 2338 4280 μην
2361 4209 2454 4262 τοῦ
2483 4208 2734 4262 θανάτου.
2765 4207 3015 4278 Κατῆλθε
3047 4207 3154 4281 γὰρ
3184 4210 3266 4272 εἰς
3292 4209 3354 4262 τὸ
3377 4209 3561 4281 κῆτος,
3589 4209 3686 4262 καὶ
3717 4207 3808 4262 διὰ

2227 4301 2392 4372 τριῶν
2421 4300 2646 4372 ἡμερῶν
2683 4299 2930 4372 ἀνεδόθη,
2965 4302 3060 4353 καὶ
3106 4301 3314 4369 ἐγίνετο
3337 4299 3508 4364 τύπος
3531 4300 3630 4369 τῆς
3669 4301 3807 4354 ἀνα-

2229 4394 2492 4456 στάσεως.
2530 4390 2701 4445 Τοῦτο
2745 4391 2906 4445 πάλιν
2947 4391 3040 4444 καὶ
3073 4391 3102 4444 6
3142 4392 3334 4463 Σωτὴρ
3376 4388 3680 4454 ἀναλαϐὼν,
3714 4390 3808 4444 τὸν

2229 4485 2398 4540 τύπον
2420 4489 2498 4548 εἰς
2519 4483 2775 4556 ἀλήθειαν
2805 4484 3028 4556 ἐκφέρει
3062 4483 3159 4555 (6‘)
3193 4484 3387 4552 λέγων’
3429 4501 3449 4536 ι
3481 4482 3590 4536 Καὶ
3622 4480 3808 4547 καθὼς

545 4581 702 4637 ciliat
722 4584 946 4642 dicens:
979 4605 1000 4639 ι
1043 4584 1198 4640 Sicut
1235 4585 1338 4640 fuit
1365 4585 1536 4641 Jonas
1587 4587 1640 4642 in
1663 4597 1854 4643 ventre
1881 4589 1988 4644 ceti
2027 4589 2124 4642 tri-

2238 4579 2482 4649 ἐποίησεν
2524 4578 2708 4641 Ἰωνᾶς
2733 4579 2790 4630 ἐν
2817 4581 2882 4649 τῇ
2924 4577 3100 4650 κοιλίᾳ
3131 4577 3224 4631 τοῦ
3265 4579 3464 4648 κήτους
3491 4579 3639 4648 τρεῖς
3672 4576 3808 4648 ἡμέ-

552 4670 654 4726 hus
704 4672 1209 4755 diebusetftribus
1249 4674 1525 4736 noctibus.
1586 4674 1663 4728 ita
1689 4690 1910 4745 quoque
1959 4689 2122 4744 agere

547 4771 769 4832 Oportet
801 4763 999 4818 Filium
1032 4764 1272 4820 hominis
1299 4766 1356 4822 in
1379 4765 1546 4821 corde
1567 4772 1730 4822 terra:
1751 4768 1818 4822 ⁷⁸.
1853 4787 1871 4817 ι

753 4898 846 4954 48.
879 4898 1034 4966 Quod
1065 4900 1302 4958 Trinitas
1323 4900 1393 4955 sit
1421 4901 1913 4956 consubstantialis.

621 5009 765 5080 Quid
815 5021 902 5068 est
946 5013 1130 5070 Deus?
1157 5012 1412 5072 Omnium
1441 5015 1793 5087 principium,
1823 5013 2124 5070 secundum

2229 4691 2330 4746 ρας
2350 4673 2444 4726 καὶ
2467 4675 2614 4745 τρεῖς
2637 4671 2859 4737 νύκτας,
2880 4671 3052 4736 οὕτως
3077 4673 3160 4726 δεῖ
3187 4673 3406 4744 ποιῆσαι
3436 4671 3527 4724 τὸν
3554 4671 3682 4725 Υίὸν
3709 4669 3805 4725 τοῦ

2227 4764 2514 4837 ἀνθρώπου
2548 4767 2605 4818 ἐν
2631 4767 2697 4836 τῇ
2732 4765 2940 4836 καρδίαι
2959 4767 3054 4836 τῆς
3083 4765 3206 4836 γῆς.
3243 4784 3262 4817 ι

2508 4899 2596 4954 48.
2627 4901 2755 4954 ’Ότι
2783 4901 2821 4969 ὴ
2854 4899 2928 4970 (7)
2964 4902 3130 4969 Τριὰς
3177 4901 3513 4970 ὀμοούσιος.

2298 5017 2363 5069 Τί
2397 5017 2512 5070 ἐστι
2539 5015 2705 5080 Θεός;
2743 5017 2807 5070 Ἦ
2834 5016 3049 5070 πάντων
3078 5017 3220 5090 ἀρχὴ
3254 5018 3392 5072 κατὰ
3421 5019 3514 5072 τὸν
3549 5019 3808 5074 Ἀπόστο-

551 5105 894 5174 Apostolum.
923 5107 1193 5164 dicentem
1225 5127 1238 5162 :
1271 5127 1290 5162 ο
1325 5107 1480 5164 Unus
1513 5107 1654 5164 Deus
1689 5108 1868 5172 Pater,
1903 5123 1971 5163 ex
2013 5122 2122 5177 quo

2238 5111 2336 5172 λον,
2359 5109 2585 5177 λέγοντα
2603 5125 2616 5138 ·
2657 5126 2676 5159 ι
2703 5103 2799 5172 Εἷς
2829 5107 2960 5172 Θεὸς
2989 5111 3018 5162 6
3044 5110 3255 5183 Πατὴρ,
3287 5109 3346 5176 ἐξ
3371 5105 3434 5165 οῦ
3465 5109 3533 5164 τά
3554 5111 3752 5168 πάντα.
3779 5131 3800 5164 ι

547 5197 734 5250 omnia
760 5197 824 5252 ⁷⁷.
852 5217 870 5249 ι
905 5197 1143 5254 Verbum
1171 5202 1316 5256 enim
1351 5201 1473 5272 ejus
1507 5216 1573 5256 ex
1609 5202 1728 5271 ipso
1762 5215 1858 5271 per
1886 5213 2120 5270 genera-

2238 5201 2340 5254 Kai.
2367 5199 2476 5270 γὰρ
2496 5199 2710 5266 ὁΛόγος
2727 5200 2785 5266 ἐξ
2807 5200 2972 5254 αὐτοῦ
3005 5199 3268 5273 γενητῶς,
3291 5202 3386 5255 καὶ
3411 5200 3472 5254 τὸ
3495 5200 3723 5274 Πνεῦμα
3745 5202 3806 5270 ἐξ

627 5356 677 5429 ‘_'_
699 5353 859 5410 Joan.
887 5372 1007 5429 vni,
1043 5357 1127 5429 ιδ.
1172 5358 1248 5429 _"
1277 5358 1441 5414 Mich.
1466 5375 1542 5416 vr.
1570 5359 1630 5412 5.
1701 5359 1746 5429 f'
1765 5356 1924 5412 Joan.
1949 5371 2122 5429 xviii,

2295 5355 2338 5429 ιθ
2369 5354 2480 5410 Jer.
2515 5358 2652 5419 ",5.
2695 5357 2776 5429 ,τι
2800 5356 2968 5429 Ε’(οιι.
2994 5373 3088 5420 χι,
3115 5359 3168 5416 5.
3201 5359 3269 5429 ιη
3297 5357 3426 5414 ibid.
3467 5349 3549 5392 ’τε
3581 5359 3715 5416 ibid.
3748 5359 3805 5416 6.

633 5424 793 5482 Num.
820 5443 932 5492 im,
957 5427 1012 5484 9.
1085 5428 1135 5460 "
1163 5426 1324 5486 Joan.
1357 5447 1438 5495 ιιι,
1463 5430 1550 5484 ﬂ.
1627 5427 1847 5487 "Joan.
1875 5429 2006 5495 ",1.
2082 5428 2129 5459 ’⁸
2163 5425 2350 5479 Matth.
2389 5442 2490 5491 xii.
2517 5429 2610 5484 40.
2689 5427 2732 5458 ’⁷
2763 5427 2780 5480 l
2811 5427 2938 5484 Cor.
2992 5445 3114 5493 viii,
3146 5431 3201 5484 6.

2302 5660 2400 5735 αξξ)
2441 5660 2793 5735 Anglicanus.
2825 5663 3076 5735 ἐμφέρει.

2304 5733 2385 5802 (7)
2426 5729 2706 5802 Articulus
2735 5729 2885 5789 deest
2911 5729 3172 5800 in‘editis.
3210 5744 3265 5792 et
3293 5734 3349 5791 in
3381 5733 3668 5801 Vaticano,
3701 5729 3804 5788 sed

2233 5801 2467 5858 habetur
2499 5803 2555 5858 in
2585 5801 2750 5860 Basil.
2779 5812 2836 5859 et
2867 5805 2920 5860 in
2952 5804 3164 5870 Anglic.

749 5723 808 5797 ζο
827 5727 981 5782 deest
1008 5729 1060 5782 in
1085 5727 1293 5797 Anglic.

648 5651 704 5782 ιζ
739 5651 1092 5744 ᾼηκιῑοεηιιε,
1123 5657 1183 5711 τὸ
1197 5657 1498 5740 ἐπίταγμα.
1523 5669 1576 5715 et
1606 5660 1678 5714 ita
1705 5661 1834 5735 legit
1855 5660 2118 5717 Nannius.

646 5722 680 5777 5
765 5725 808 5778 0
827 5727 981 5782 deest
1008 5745 1060 5782 in
1085 5727 1293 5782 Anglic.

621 5650 704 5862 μζ
739 5651 1092 5744 ᾼηκιῑοαηιιε,
1123 5657 1183 5711 τὸ
1197 5657 1359 5740 intra

646 5722 680 5777 5
765 5725 808 5778 0
827 5727 981 5782 deest
1008 5745 1060 5782 In
1085 5727 1293 5797 Anglic.

647 5791 703 5864 6)
742 5791 799 5848 In
829 5796 1040 5868 Anglic.
1071 5798 1161 5851 καί
1185 5799 1359 5855 deest.
