  <div class='ocr_page' id='page_1' title='image "/cluster/home/n/w/nwhite01/storage/ocr_20150623/28/hvd.32044019207737/042.png"; bbox 0 0 4002 6512; ppageno 0'>
   <div class='ocr_carea' id='block_1_1' title="bbox 256 347 3507 421">
    <p class='ocr_par' dir='ltr' id='par_1_1' title="bbox 256 347 3507 421">
     <span class='ocr_line' id='line_1_1' title="bbox 256 347 3507 421; baseline -0.002 -1"><span class='ocrx_word' id='word_1_1' title='bbox 256 364 330 421; x_wconf 74' lang='lat'><strong>73</strong></span> <span class='ocrx_word' id='word_1_2' title='bbox 931 362 1021 420; x_wconf 83' lang='lat' dir='ltr'><strong>DE</strong></span> <span class='ocrx_word' id='word_1_3' title='bbox 1057 359 1376 420; x_wconf 65' lang='lat' dir='ltr'><strong>conatum</strong></span> <span class='ocrx_word' id='word_1_4' title='bbox 1415 352 1759 418; x_wconf 78' lang='lat' dir='ltr'><strong>ESSENTIA</strong></span> <span class='ocrx_word' id='word_1_5' title='bbox 1798 347 2052 415; x_wconf 68' lang='lat' dir='ltr'><strong>PATRIS</strong></span> <span class='ocrx_word' id='word_1_6' title='bbox 2090 358 2176 414; x_wconf 84' lang='lat' dir='ltr'><strong>ET</strong></span> <span class='ocrx_word' id='word_1_7' title='bbox 2219 347 2371 415; x_wconf 72' lang='lat' dir='ltr'><strong>Fu.&quot;</strong></span> <span class='ocrx_word' id='word_1_8' title='bbox 2412 359 2498 414; x_wconf 85' lang='lat' dir='ltr'><strong>ET</strong></span> <span class='ocrx_word' id='word_1_9' title='bbox 2541 357 2711 414; x_wconf 74' lang='lat' dir='ltr'><strong>smn.</strong></span> <span class='ocrx_word' id='word_1_10' title='bbox 2758 358 2815 415; x_wconf 91' lang='lat' dir='ltr'><strong>s.</strong></span> <span class='ocrx_word' id='word_1_11' title='bbox 3442 352 3507 414; x_wconf 69' lang='grc' dir='ltr'><strong>τι</strong></span> 
     </span>
    </p>
   </div>
   <div class='ocr_carea' id='block_1_2' title="bbox 252 480 1836 558">
    <p class='ocr_par' dir='ltr' id='par_1_2' title="bbox 252 483 1836 558">
     <span class='ocr_line' id='line_1_2' title="bbox 252 483 1836 558; baseline 0.001 -22"><span class='ocrx_word' id='word_1_12' title='bbox 252 483 414 537; x_wconf 77' lang='grc' dir='ltr'>αὑτοῦ</span> <span class='ocrx_word' id='word_1_13' title='bbox 457 484 536 553; x_wconf 91' lang='grc'><strong>(8)</strong></span> <span class='ocrx_word' id='word_1_14' title='bbox 576 485 942 558; x_wconf 74' lang='grc' dir='ltr'>ἑκπορευτῶς.</span> <span class='ocrx_word' id='word_1_15' title='bbox 979 486 1113 539; x_wconf 80' lang='grc' dir='ltr'>Εἶτα</span> <span class='ocrx_word' id='word_1_16' title='bbox 1164 487 1314 539; x_wconf 75' lang='grc' dir='ltr'>πᾶσα</span> <span class='ocrx_word' id='word_1_17' title='bbox 1346 486 1380 556; x_wconf 77' lang='grc' dir='ltr'><strong>ἡ</strong></span> <span class='ocrx_word' id='word_1_18' title='bbox 1417 484 1593 548; x_wconf 79' lang='grc' dir='ltr'>κτίσις</span> <span class='ocrx_word' id='word_1_19' title='bbox 1620 484 1705 537; x_wconf 83' lang='grc' dir='ltr'><strong>διὰ</strong></span> <span class='ocrx_word' id='word_1_20' title='bbox 1750 483 1836 537; x_wconf 75' lang='grc' dir='ltr'><strong>τοῦ</strong></span> 
     </span>
    </p>
   </div>
   <div class='ocr_carea' id='block_1_3' title="bbox 1944 480 3510 558">
    <p class='ocr_par' dir='ltr' id='par_1_3' title="bbox 1948 480 3510 553">
     <span class='ocr_line' id='line_1_3' title="bbox 1948 480 3510 553; baseline 0.001 -18"><span class='ocrx_word' id='word_1_21' title='bbox 1948 484 2173 544; x_wconf 85' lang='lat' dir='ltr'><strong>tionem,</strong></span> <span class='ocrx_word' id='word_1_22' title='bbox 2231 491 2284 538; x_wconf 92' lang='lat' dir='ltr'><strong>et</strong></span> <span class='ocrx_word' id='word_1_23' title='bbox 2357 480 2594 552; x_wconf 75' lang='lat' dir='ltr'><strong>Spiritus</strong></span> <span class='ocrx_word' id='word_1_24' title='bbox 2664 497 2758 553; x_wconf 91' lang='lat' dir='ltr'><strong>per</strong></span> <span class='ocrx_word' id='word_1_25' title='bbox 2821 480 3225 549; x_wconf 84' lang='lat' dir='ltr'><strong>processionem</strong></span> <span class='ocrx_word' id='word_1_26' title='bbox 3280 481 3510 537; x_wconf 74' lang='lat' dir='ltr'><strong>exsrslit.</strong></span> 
     </span>
    </p>
   </div>
   <div class='ocr_carea' id='block_1_4' title="bbox 251 576 1551 649">
    <p class='ocr_par' dir='ltr' id='par_1_4' title="bbox 251 576 1551 649">
     <span class='ocr_line' id='line_1_4' title="bbox 251 576 1551 649; baseline 0.001 -20"><span class='ocrx_word' id='word_1_27' title='bbox 251 576 423 644; x_wconf 66' lang='grc' dir='ltr'><strong>Λόγου</strong></span> <span class='ocrx_word' id='word_1_28' title='bbox 456 577 517 630; x_wconf 80' lang='grc' dir='ltr'>ἐν</span> <span class='ocrx_word' id='word_1_29' title='bbox 547 577 829 649; x_wconf 78' lang='grc' dir='ltr'>Πνεύματι</span> <span class='ocrx_word' id='word_1_30' title='bbox 862 578 1092 649; x_wconf 78' lang='grc' dir='ltr'>συνέστη</span> <span class='ocrx_word' id='word_1_31' title='bbox 1120 576 1551 649; x_wconf 74' lang='grc' dir='ltr'><strong>δημιουργικῶς.</strong></span> 
     </span>
    </p>
   </div>
   <div class='ocr_carea' id='block_1_5' title="bbox 248 797 1837 870">
    <p class='ocr_par' dir='ltr' id='par_1_5' title="bbox 248 797 1837 870">
     <span class='ocr_line' id='line_1_5' title="bbox 248 797 1837 870; baseline -0.003 -16"><span class='ocrx_word' id='word_1_32' title='bbox 248 798 333 854; x_wconf 66' lang='lat'><strong>69.</strong></span> <span class='ocrx_word' id='word_1_33' title='bbox 372 799 506 853; x_wconf 78' lang='grc' dir='ltr'>Ὀτι</span> <span class='ocrx_word' id='word_1_34' title='bbox 538 800 604 852; x_wconf 83' lang='grc' dir='ltr'>τὸ</span> <span class='ocrx_word' id='word_1_35' title='bbox 640 798 716 870; x_wconf 88' lang='lat'><strong>(9)</strong></span> <span class='ocrx_word' id='word_1_36' title='bbox 744 797 1189 869; x_wconf 65' lang='grc' dir='ltr'>,βλασφημῆσαι</span> <span class='ocrx_word' id='word_1_37' title='bbox 1207 800 1298 870; x_wconf 72' lang='grc' dir='ltr'>εἰς</span> <span class='ocrx_word' id='word_1_38' title='bbox 1322 797 1427 870; x_wconf 76' lang='grc' dir='ltr'><strong>τὸν</strong></span> <span class='ocrx_word' id='word_1_39' title='bbox 1453 797 1591 870; x_wconf 75' lang='grc' dir='ltr'><strong>Υἱὸν</strong></span> <span class='ocrx_word' id='word_1_40' title='bbox 1612 799 1698 863; x_wconf 82' lang='grc' dir='ltr'><strong>είς</strong></span> <span class='ocrx_word' id='word_1_41' title='bbox 1722 797 1837 865; x_wconf 76' lang='grc' dir='ltr'>τὴν</span> 
     </span>
    </p>
   </div>
   <div class='ocr_carea' id='block_1_6' title="bbox 490 868 1589 940">
    <p class='ocr_par' dir='ltr' id='par_1_6' title="bbox 490 868 1589 940">
     <span class='ocr_line' id='line_1_6' title="bbox 490 868 1589 940; baseline -0.002 -16"><span class='ocrx_word' id='word_1_42' title='bbox 490 870 673 940; x_wconf 73' lang='grc' dir='ltr'>ἁγίαν</span> <span class='ocrx_word' id='word_1_43' title='bbox 698 868 929 938; x_wconf 63' lang='grc' dir='ltr'>’Τριάδα</span> <span class='ocrx_word' id='word_1_44' title='bbox 958 868 1410 939; x_wconf 65' lang='grc' dir='ltr'>,βλασφημῆσαι</span> <span class='ocrx_word' id='word_1_45' title='bbox 1438 868 1589 922; x_wconf 81' lang='grc' dir='ltr'>ἐστι.</span> 
     </span>
    </p>
   </div>
   <div class='ocr_carea' id='block_1_7' title="bbox 314 977 1837 1052">
    <p class='ocr_par' dir='ltr' id='par_1_7' title="bbox 314 977 1837 1052">
     <span class='ocr_line' id='line_1_7' title="bbox 314 977 1837 1052; baseline -0.001 -18"><span class='ocrx_word' id='word_1_46' title='bbox 314 980 545 1045; x_wconf 70' lang='grc' dir='ltr'>Πολλοῖς</span> <span class='ocrx_word' id='word_1_47' title='bbox 573 980 683 1034; x_wconf 83' lang='grc' dir='ltr'><strong>τῶν</strong></span> <span class='ocrx_word' id='word_1_48' title='bbox 707 981 801 1035; x_wconf 65' lang='grc' dir='ltr'><strong>ἐπὶ</strong></span> <span class='ocrx_word' id='word_1_49' title='bbox 829 981 935 1051; x_wconf 87' lang='grc' dir='ltr'><strong>γῆς</strong></span> <span class='ocrx_word' id='word_1_50' title='bbox 956 979 1187 1052; x_wconf 78' lang='grc' dir='ltr'>φοϐερὸς</span> <span class='ocrx_word' id='word_1_51' title='bbox 1213 982 1242 1034; x_wconf 98' lang='lat'><strong>6</strong></span> <span class='ocrx_word' id='word_1_52' title='bbox 1263 977 1467 1052; x_wconf 82' lang='grc' dir='ltr'>Κυρίου</span> <span class='ocrx_word' id='word_1_53' title='bbox 1492 979 1647 1048; x_wconf 83' lang='grc' dir='ltr'>λόγος</span> <span class='ocrx_word' id='word_1_54' title='bbox 1671 979 1837 1032; x_wconf 82' lang='grc' dir='ltr'>καθὲ-</span> 
     </span>
    </p>
   </div>
   <div class='ocr_carea' id='block_1_8' title="bbox 249 1070 1836 1144">
    <p class='ocr_par' dir='ltr' id='par_1_8' title="bbox 249 1070 1836 1144">
     <span class='ocr_line' id='line_1_8' title="bbox 249 1070 1836 1144; baseline -0.001 -19"><span class='ocrx_word' id='word_1_55' title='bbox 249 1087 469 1144; x_wconf 80' lang='grc' dir='ltr'>στηκεν,</span> <span class='ocrx_word' id='word_1_56' title='bbox 486 1074 517 1126; x_wconf 88' lang='lat'><strong>6</strong></span> <span class='ocrx_word' id='word_1_57' title='bbox 537 1072 784 1141; x_wconf 73' lang='grc' dir='ltr'>φάσκωνο</span> <span class='ocrx_word' id='word_1_58' title='bbox 808 1072 993 1126; x_wconf 76' lang='grc' dir='ltr'>«Πᾶσα</span> <span class='ocrx_word' id='word_1_59' title='bbox 1015 1070 1256 1144; x_wconf 75' lang='grc' dir='ltr'>ἁμαρτία</span> <span class='ocrx_word' id='word_1_60' title='bbox 1271 1072 1365 1125; x_wconf 70' lang='grc' dir='ltr'>καὶ</span> <span class='ocrx_word' id='word_1_61' title='bbox 1382 1071 1697 1143; x_wconf 79' lang='grc' dir='ltr'>βλασφημία</span> <span class='ocrx_word' id='word_1_62' title='bbox 1710 1073 1836 1139; x_wconf 85' lang='grc' dir='ltr'>ἀφε-</span> 
     </span>
    </p>
   </div>
   <div class='ocr_carea' id='block_1_9' title="bbox 246 1161 1832 1237">
    <p class='ocr_par' dir='ltr' id='par_1_9' title="bbox 246 1161 1832 1237">
     <span class='ocr_line' id='line_1_9' title="bbox 246 1161 1832 1237; baseline 0 -20"><span class='ocrx_word' id='word_1_63' title='bbox 246 1164 475 1235; x_wconf 75' lang='grc' dir='ltr'>θήσεται</span> <span class='ocrx_word' id='word_1_64' title='bbox 502 1166 621 1228; x_wconf 76' lang='grc' dir='ltr'>τοῖς</span> <span class='ocrx_word' id='word_1_65' title='bbox 644 1161 953 1235; x_wconf 81' lang='grc' dir='ltr'>ἀνθρώποις</span> <span class='ocrx_word' id='word_1_66' title='bbox 968 1181 982 1196; x_wconf 75' lang='grc' dir='ltr'><strong><em>ο</em></strong></span> <span class='ocrx_word' id='word_1_67' title='bbox 1012 1163 1072 1227; x_wconf 80' lang='grc' dir='ltr'>ὃς</span> <span class='ocrx_word' id='word_1_68' title='bbox 1098 1163 1141 1216; x_wconf 77' lang='grc' dir='ltr'><strong>δ’</strong></span> <span class='ocrx_word' id='word_1_69' title='bbox 1162 1162 1228 1218; x_wconf 85' lang='grc' dir='ltr'><strong>ἂν</strong></span> <span class='ocrx_word' id='word_1_70' title='bbox 1252 1162 1379 1237; x_wconf 79' lang='grc' dir='ltr'>εἴπῃ</span> <span class='ocrx_word' id='word_1_71' title='bbox 1397 1164 1553 1234; x_wconf 81' lang='grc' dir='ltr'>λόγον</span> <span class='ocrx_word' id='word_1_72' title='bbox 1575 1164 1717 1218; x_wconf 86' lang='grc' dir='ltr'><strong>κατά</strong></span> <span class='ocrx_word' id='word_1_73' title='bbox 1739 1163 1832 1217; x_wconf 87' lang='grc' dir='ltr'><strong>τοῦ</strong></span> 
     </span>
    </p>
   </div>
   <div class='ocr_carea' id='block_1_10' title="bbox 242 1254 1831 1329">
    <p class='ocr_par' dir='ltr' id='par_1_10' title="bbox 242 1254 1831 1329">
     <span class='ocr_line' id='line_1_10' title="bbox 242 1254 1831 1329; baseline -0.001 -20"><span class='ocrx_word' id='word_1_74' title='bbox 242 1255 574 1327; x_wconf 80' lang='grc' dir='ltr'>Πνεὺματος</span> <span class='ocrx_word' id='word_1_75' title='bbox 610 1254 707 1309; x_wconf 88' lang='grc' dir='ltr'><strong>τοῦ</strong></span> <span class='ocrx_word' id='word_1_76' title='bbox 750 1255 931 1325; x_wconf 82' lang='grc' dir='ltr'>ἁγίου,</span> <span class='ocrx_word' id='word_1_77' title='bbox 960 1257 1060 1310; x_wconf 78' lang='grc' dir='ltr'><strong>οὐκ</strong></span> <span class='ocrx_word' id='word_1_78' title='bbox 1092 1256 1422 1329; x_wconf 79' lang='grc' dir='ltr'>ἀφεθήσεται</span> <span class='ocrx_word' id='word_1_79' title='bbox 1451 1255 1599 1327; x_wconf 79' lang='grc' dir='ltr'>αὑτῷ</span> <span class='ocrx_word' id='word_1_80' title='bbox 1623 1255 1744 1310; x_wconf 76' lang='grc' dir='ltr'><strong>οὐδὲ</strong></span> <span class='ocrx_word' id='word_1_81' title='bbox 1773 1257 1831 1308; x_wconf 81' lang='grc' dir='ltr'><strong>ἐν</strong></span> 
     </span>
    </p>
   </div>
   <div class='ocr_carea' id='block_1_11' title="bbox 240 1344 1834 1420">
    <p class='ocr_par' dir='ltr' id='par_1_11' title="bbox 240 1344 1834 1420">
     <span class='ocr_line' id='line_1_11' title="bbox 240 1344 1834 1420; baseline 0 -21"><span class='ocrx_word' id='word_1_82' title='bbox 240 1344 423 1416; x_wconf 68' lang='grc' dir='ltr'>τούτῳ</span> <span class='ocrx_word' id='word_1_83' title='bbox 440 1345 526 1417; x_wconf 77' lang='grc' dir='ltr'>τῷ</span> <span class='ocrx_word' id='word_1_84' title='bbox 552 1345 730 1409; x_wconf 83' lang='grc' dir='ltr'>αίῶνι,</span> <span class='ocrx_word' id='word_1_85' title='bbox 752 1346 874 1400; x_wconf 75' lang='grc' dir='ltr'>οὐδὲ</span> <span class='ocrx_word' id='word_1_86' title='bbox 892 1349 952 1401; x_wconf 85' lang='grc' dir='ltr'>ὲν</span> <span class='ocrx_word' id='word_1_87' title='bbox 970 1346 1049 1418; x_wconf 84' lang='grc' dir='ltr'><strong>τῷ</strong></span> <span class='ocrx_word' id='word_1_88' title='bbox 1067 1347 1329 1419; x_wconf 81' lang='grc' dir='ltr'>μέλλοντι.</span> <span class='ocrx_word' id='word_1_89' title='bbox 1355 1368 1372 1399; x_wconf 79' lang='grc' dir='ltr'><strong>ι</strong></span> <span class='ocrx_word' id='word_1_90' title='bbox 1397 1348 1496 1401; x_wconf 85' lang='grc' dir='ltr'>Διά</span> <span class='ocrx_word' id='word_1_91' title='bbox 1514 1346 1669 1400; x_wconf 87' lang='grc' dir='ltr'>τοῦτο</span> <span class='ocrx_word' id='word_1_92' title='bbox 1693 1364 1834 1420; x_wconf 84' lang='grc' dir='ltr'>παρ-</span> 
     </span>
    </p>
   </div>
   <div class='ocr_carea' id='block_1_12' title="bbox 242 1439 1832 1510">
    <p class='ocr_par' dir='ltr' id='par_1_12' title="bbox 242 1439 1832 1510">
     <span class='ocr_line' id='line_1_12' title="bbox 242 1439 1832 1510; baseline 0.001 -18"><span class='ocrx_word' id='word_1_93' title='bbox 242 1439 387 1492; x_wconf 81' lang='grc' dir='ltr'>αινεῖ</span> <span class='ocrx_word' id='word_1_94' title='bbox 426 1440 598 1492; x_wconf 78' lang='grc' dir='ltr'>πᾶσιν</span> <span class='ocrx_word' id='word_1_95' title='bbox 628 1440 657 1492; x_wconf 93' lang='lat'><strong>6</strong></span> <span class='ocrx_word' id='word_1_96' title='bbox 685 1439 826 1503; x_wconf 82' lang='grc' dir='ltr'>θεῖος</span> <span class='ocrx_word' id='word_1_97' title='bbox 869 1439 1205 1504; x_wconf 79' lang='grc' dir='ltr'>Ἀπόστολος,</span> <span class='ocrx_word' id='word_1_98' title='bbox 1239 1439 1541 1508; x_wconf 84' lang='grc' dir='ltr'>λέγων,’ὄτι</span> <span class='ocrx_word' id='word_1_99' title='bbox 1565 1439 1627 1492; x_wconf 81' lang='grc' dir='ltr'><strong>τὸ</strong></span> <span class='ocrx_word' id='word_1_100' title='bbox 1653 1439 1832 1510; x_wconf 82' lang='grc' dir='ltr'>γράμ-</span> 
     </span>
    </p>
   </div>
   <div class='ocr_carea' id='block_1_13' title="bbox 245 1527 1831 1600">
    <p class='ocr_par' dir='ltr' id='par_1_13' title="bbox 245 1527 1831 1600">
     <span class='ocr_line' id='line_1_13' title="bbox 245 1527 1831 1600; baseline -0.001 -19"><span class='ocrx_word' id='word_1_101' title='bbox 245 1545 321 1597; x_wconf 85' lang='grc' dir='ltr'><strong>μα</strong></span> <span class='ocrx_word' id='word_1_102' title='bbox 340 1528 685 1592; x_wconf 76' lang='grc' dir='ltr'><strong>ἀποκτείνει,</strong></span> <span class='ocrx_word' id='word_1_103' title='bbox 707 1528 770 1581; x_wconf 79' lang='grc' dir='ltr'>τὸ</span> <span class='ocrx_word' id='word_1_104' title='bbox 788 1528 845 1581; x_wconf 78' lang='grc' dir='ltr'><strong>δὲ</strong></span> <span class='ocrx_word' id='word_1_105' title='bbox 868 1529 1081 1600; x_wconf 87' lang='grc' dir='ltr'>πνεῦμα</span> <span class='ocrx_word' id='word_1_106' title='bbox 1100 1529 1372 1594; x_wconf 76' lang='grc' dir='ltr'>ζωοποιεῖ.</span> <span class='ocrx_word' id='word_1_107' title='bbox 1399 1528 1575 1583; x_wconf 84' lang='grc' dir='ltr'>Πολλὰ</span> <span class='ocrx_word' id='word_1_108' title='bbox 1596 1528 1706 1599; x_wconf 77' lang='grc' dir='ltr'>γὰρ</span> <span class='ocrx_word' id='word_1_109' title='bbox 1724 1527 1831 1581; x_wconf 83' lang='grc' dir='ltr'><strong>τῶν</strong></span> 
     </span>
    </p>
   </div>
   <div class='ocr_carea' id='block_1_14' title="bbox 242 1612 1831 1693">
    <p class='ocr_par' dir='ltr' id='par_1_14' title="bbox 242 1612 1831 1693">
     <span class='ocr_line' id='line_1_14' title="bbox 242 1612 1831 1693; baseline -0.001 -22"><span class='ocrx_word' id='word_1_110' title='bbox 242 1612 408 1671; x_wconf 75' lang='grc' dir='ltr'>θείων</span> <span class='ocrx_word' id='word_1_111' title='bbox 420 1617 660 1690; x_wconf 61' lang='grc' dir='ltr'>Γραφιῖη</span> <span class='ocrx_word' id='word_1_112' title='bbox 671 1617 767 1672; x_wconf 81' lang='grc' dir='ltr'><strong>ἐὰν</strong></span> <span class='ocrx_word' id='word_1_113' title='bbox 783 1617 924 1673; x_wconf 88' lang='grc' dir='ltr'><strong>κατά</strong></span> <span class='ocrx_word' id='word_1_114' title='bbox 942 1619 1004 1673; x_wconf 81' lang='grc' dir='ltr'><strong>τὸ</strong></span> <span class='ocrx_word' id='word_1_115' title='bbox 1018 1618 1251 1693; x_wconf 80' lang='grc' dir='ltr'>γράμμα</span> <span class='ocrx_word' id='word_1_116' title='bbox 1268 1620 1566 1690; x_wconf 81' lang='grc' dir='ltr'>νοήσωμεν,</span> <span class='ocrx_word' id='word_1_117' title='bbox 1597 1619 1677 1682; x_wconf 86' lang='grc' dir='ltr'><strong>είς</strong></span> <span class='ocrx_word' id='word_1_118' title='bbox 1714 1617 1831 1670; x_wconf 84' lang='grc' dir='ltr'><strong>ἀθέ-</strong></span> 
     </span>
    </p>
   </div>
   <div class='ocr_carea' id='block_1_15' title="bbox 244 1705 1830 1782">
    <p class='ocr_par' dir='ltr' id='par_1_15' title="bbox 244 1705 1830 1782">
     <span class='ocr_line' id='line_1_15' title="bbox 244 1705 1830 1782; baseline -0.003 -18"><span class='ocrx_word' id='word_1_119' title='bbox 244 1725 422 1781; x_wconf 80' lang='grc' dir='ltr'>σμους</span> <span class='ocrx_word' id='word_1_120' title='bbox 435 1710 790 1782; x_wconf 77' lang='grc' dir='ltr'>βλασφημίας</span> <span class='ocrx_word' id='word_1_121' title='bbox 807 1728 874 1764; x_wconf 86' lang='grc' dir='ltr'><strong>πε</strong></span> <span class='ocrx_word' id='word_1_122' title='bbox 880 1710 1226 1782; x_wconf 74' lang='grc' dir='ltr'>ριπίπτομενο</span> <span class='ocrx_word' id='word_1_123' title='bbox 1244 1705 1354 1764; x_wconf 81' lang='grc' dir='ltr'>οἷόν</span> <span class='ocrx_word' id='word_1_124' title='bbox 1379 1712 1494 1763; x_wconf 78' lang='grc' dir='ltr'>ἐστι</span> <span class='ocrx_word' id='word_1_125' title='bbox 1513 1709 1681 1764; x_wconf 79' lang='grc' dir='ltr'>καὶτὸ</span> <span class='ocrx_word' id='word_1_126' title='bbox 1698 1726 1830 1780; x_wconf 84' lang='grc' dir='ltr'>προ-</span> 
     </span>
    </p>
   </div>
   <div class='ocr_carea' id='block_1_16' title="bbox 240 1799 1827 1873">
    <p class='ocr_par' dir='ltr' id='par_1_16' title="bbox 240 1799 1827 1873">
     <span class='ocr_line' id='line_1_16' title="bbox 240 1799 1827 1873; baseline -0.003 -16"><span class='ocrx_word' id='word_1_127' title='bbox 240 1802 500 1873; x_wconf 81' lang='grc' dir='ltr'>κείμενον</span> <span class='ocrx_word' id='word_1_128' title='bbox 529 1804 663 1873; x_wconf 75' lang='grc' dir='ltr'>ἡμῖν</span> <span class='ocrx_word' id='word_1_129' title='bbox 682 1802 778 1856; x_wconf 84' lang='grc' dir='ltr'><strong>τοῦ</strong></span> <span class='ocrx_word' id='word_1_130' title='bbox 810 1804 1013 1872; x_wconf 82' lang='grc' dir='ltr'>Κυρίου</span> <span class='ocrx_word' id='word_1_131' title='bbox 1045 1800 1251 1871; x_wconf 81' lang='grc' dir='ltr'>λόγιον·</span> <span class='ocrx_word' id='word_1_132' title='bbox 1281 1803 1417 1873; x_wconf 84' lang='grc' dir='ltr'>ὅπερ</span> <span class='ocrx_word' id='word_1_133' title='bbox 1441 1801 1533 1855; x_wconf 78' lang='grc' dir='ltr'><strong>ὲάν</strong></span> <span class='ocrx_word' id='word_1_134' title='bbox 1566 1800 1707 1854; x_wconf 78' lang='grc' dir='ltr'><strong>κατά</strong></span> <span class='ocrx_word' id='word_1_135' title='bbox 1732 1799 1827 1870; x_wconf 83' lang='grc' dir='ltr'>ξη-</span> 
     </span>
    </p>
   </div>
   <div class='ocr_carea' id='block_1_17' title="bbox 243 1868 1897 1965">
    <p class='ocr_par' dir='ltr' id='par_1_17' title="bbox 243 1868 1897 1965">
     <span class='ocr_line' id='line_1_17' title="bbox 243 1868 1897 1965; baseline 0.001 -20"><span class='ocrx_word' id='word_1_136' title='bbox 243 1868 346 1964; x_wconf 77' lang='grc' dir='ltr'><strong>ροῦ</strong></span> <span class='ocrx_word' id='word_1_137' title='bbox 373 1893 477 1957; x_wconf 73' lang='grc' dir='ltr'>τὰς</span> <span class='ocrx_word' id='word_1_138' title='bbox 518 1868 696 1959; x_wconf 62' lang='grc' dir='ltr'>λέξεις</span> <span class='ocrx_word' id='word_1_139' title='bbox 742 1868 1087 1965; x_wconf 64' lang='grc' dir='ltr'>ὲκλάέωμεν,</span> <span class='ocrx_word' id='word_1_140' title='bbox 1118 1868 1184 1946; x_wconf 81' lang='grc' dir='ltr'>οὐ</span> <span class='ocrx_word' id='word_1_141' title='bbox 1233 1868 1397 1964; x_wconf 78' lang='grc' dir='ltr'>μόνον</span> <span class='ocrx_word' id='word_1_142' title='bbox 1426 1894 1507 1956; x_wconf 89' lang='grc' dir='ltr'><strong>είς</strong></span> <span class='ocrx_word' id='word_1_143' title='bbox 1533 1868 1824 1962; x_wconf 73' lang='grc' dir='ltr'>ἀθεμίτονς</span> <span class='ocrx_word' id='word_1_144' title='bbox 1856 1868 1897 1923; x_wconf 75' lang='grc' dir='ltr'><strong>Β</strong></span> 
     </span>
    </p>
   </div>
   <div class='ocr_carea' id='block_1_18' title="bbox 241 1980 1826 2057">
    <p class='ocr_par' dir='ltr' id='par_1_18' title="bbox 241 1980 1826 2057">
     <span class='ocr_line' id='line_1_18' title="bbox 241 1980 1826 2057; baseline -0.003 -20"><span class='ocrx_word' id='word_1_145' title='bbox 241 1986 455 2049; x_wconf 77' lang='grc' dir='ltr'>ἑννοίας</span> <span class='ocrx_word' id='word_1_146' title='bbox 504 1984 950 2057; x_wconf 80' lang='grc' dir='ltr'>περιπεσούμεθα</span> <span class='ocrx_word' id='word_1_147' title='bbox 969 2024 983 2048; x_wconf 93' lang='grc'><strong>,</strong></span> <span class='ocrx_word' id='word_1_148' title='bbox 1019 1984 1155 2039; x_wconf 83' lang='grc' dir='ltr'>ἀλλὰ</span> <span class='ocrx_word' id='word_1_149' title='bbox 1180 1984 1274 2039; x_wconf 80' lang='grc' dir='ltr'><strong>καὶ</strong></span> <span class='ocrx_word' id='word_1_150' title='bbox 1306 1982 1468 2038; x_wconf 75' lang='grc' dir='ltr'>αὑτὸν</span> <span class='ocrx_word' id='word_1_151' title='bbox 1500 1982 1590 2036; x_wconf 80' lang='grc' dir='ltr'>τὸν</span> <span class='ocrx_word' id='word_1_152' title='bbox 1622 1980 1826 2052; x_wconf 82' lang='grc' dir='ltr'>Κύριον</span> 
     </span>
    </p>
   </div>
   <div class='ocr_carea' id='block_1_19' title="bbox 241 2072 1827 2149">
    <p class='ocr_par' dir='ltr' id='par_1_19' title="bbox 241 2072 1827 2149">
     <span class='ocr_line' id='line_1_19' title="bbox 241 2072 1827 2149; baseline -0.003 -18"><span class='ocrx_word' id='word_1_153' title='bbox 241 2077 661 2148; x_wconf 69' lang='grc' dir='ltr'>ἐναντιούμενον</span> <span class='ocrx_word' id='word_1_154' title='bbox 682 2077 859 2149; x_wconf 78' lang='grc' dir='ltr'>ἑαυτῷ</span> <span class='ocrx_word' id='word_1_155' title='bbox 886 2078 1017 2149; x_wconf 77' lang='grc' dir='ltr'>εὐρή</span> <span class='ocrx_word' id='word_1_156' title='bbox 1026 2093 1209 2149; x_wconf 87' lang='grc' dir='ltr'>σομεν.</span> <span class='ocrx_word' id='word_1_157' title='bbox 1256 2075 1381 2129; x_wconf 75' lang='grc' dir='ltr'><strong>Ἐὰν</strong></span> <span class='ocrx_word' id='word_1_158' title='bbox 1401 2075 1510 2147; x_wconf 84' lang='grc' dir='ltr'><strong>γὰρ</strong></span> <span class='ocrx_word' id='word_1_159' title='bbox 1525 2074 1583 2139; x_wconf 80' lang='grc' dir='ltr'>ὃς</span> <span class='ocrx_word' id='word_1_160' title='bbox 1600 2074 1644 2127; x_wconf 85' lang='grc' dir='ltr'><strong>δ’</strong></span> <span class='ocrx_word' id='word_1_161' title='bbox 1664 2072 1731 2128; x_wconf 86' lang='grc' dir='ltr'><strong>ἂν</strong></span> <span class='ocrx_word' id='word_1_162' title='bbox 1751 2075 1827 2126; x_wconf 81' lang='grc' dir='ltr'><strong>εἰ·</strong></span> 
     </span>
    </p>
   </div>
   <div class='ocr_carea' id='block_1_20' title="bbox 242 2162 1831 2241">
    <p class='ocr_par' dir='ltr' id='par_1_20' title="bbox 242 2162 1831 2241">
     <span class='ocr_line' id='line_1_20' title="bbox 242 2162 1831 2241; baseline 0.003 -20"><span class='ocrx_word' id='word_1_163' title='bbox 242 2183 321 2241; x_wconf 75' lang='grc' dir='ltr'>πῃ</span> <span class='ocrx_word' id='word_1_164' title='bbox 352 2167 470 2238; x_wconf 74' lang='grc'><strong>(10)</strong></span> <span class='ocrx_word' id='word_1_165' title='bbox 497 2168 657 2237; x_wconf 83' lang='grc' dir='ltr'>λόγον</span> <span class='ocrx_word' id='word_1_166' title='bbox 690 2167 834 2222; x_wconf 86' lang='grc' dir='ltr'><strong>κατά</strong></span> <span class='ocrx_word' id='word_1_167' title='bbox 855 2167 947 2221; x_wconf 89' lang='grc' dir='ltr'><strong>τοῦ</strong></span> <span class='ocrx_word' id='word_1_168' title='bbox 972 2166 1125 2230; x_wconf 85' lang='grc' dir='ltr'>Υἱοῦ,</span> <span class='ocrx_word' id='word_1_169' title='bbox 1152 2166 1483 2238; x_wconf 84' lang='grc' dir='ltr'>ἀφεθήσεται</span> <span class='ocrx_word' id='word_1_170' title='bbox 1507 2163 1686 2236; x_wconf 81' lang='grc' dir='ltr'>αὐτῷ,</span> <span class='ocrx_word' id='word_1_171' title='bbox 1715 2162 1831 2225; x_wconf 79' lang='grc' dir='ltr'><strong>πῶς</strong></span> 
     </span>
    </p>
   </div>
   <div class='ocr_carea' id='block_1_21' title="bbox 241 2257 1835 2332">
    <p class='ocr_par' dir='ltr' id='par_1_21' title="bbox 241 2257 1835 2332">
     <span class='ocr_line' id='line_1_21' title="bbox 241 2257 1835 2332; baseline -0.003 -18"><span class='ocrx_word' id='word_1_172' title='bbox 241 2262 411 2324; x_wconf 73' lang='grc' dir='ltr'>αὐτὸς</span> <span class='ocrx_word' id='word_1_173' title='bbox 433 2263 464 2315; x_wconf 90' lang='lat'><strong>6</strong></span> <span class='ocrx_word' id='word_1_174' title='bbox 496 2260 631 2325; x_wconf 82' lang='grc' dir='ltr'>Υίὺς</span> <span class='ocrx_word' id='word_1_175' title='bbox 650 2257 836 2315; x_wconf 58' lang='grc' dir='ltr'>εἶπεν·</span> <span class='ocrx_word' id='word_1_176' title='bbox 878 2279 897 2313; x_wconf 80' lang='grc' dir='ltr'><strong>ι</strong></span> <span class='ocrx_word' id='word_1_177' title='bbox 932 2261 988 2314; x_wconf 86' lang='lat'><strong>&#39;0</strong></span> <span class='ocrx_word' id='word_1_178' title='bbox 1029 2258 1487 2332; x_wconf 81' lang='grc' dir='ltr'>ἀπαρνησάμενός</span> <span class='ocrx_word' id='word_1_179' title='bbox 1516 2274 1584 2329; x_wconf 91' lang='grc' dir='ltr'><strong>με</strong></span> <span class='ocrx_word' id='word_1_180' title='bbox 1629 2257 1835 2328; x_wconf 73' lang='grc' dir='ltr'>ἐμπρο-</span> 
     </span>
    </p>
   </div>
   <div class='ocr_carea' id='block_1_22' title="bbox 243 2350 1835 2428">
    <p class='ocr_par' dir='ltr' id='par_1_22' title="bbox 243 2350 1835 2428">
     <span class='ocr_line' id='line_1_22' title="bbox 243 2350 1835 2428; baseline -0.003 -18"><span class='ocrx_word' id='word_1_181' title='bbox 243 2355 374 2409; x_wconf 77' lang='grc' dir='ltr'>σθεν</span> <span class='ocrx_word' id='word_1_182' title='bbox 407 2355 522 2410; x_wconf 84' lang='grc' dir='ltr'><strong>τῶν</strong></span> <span class='ocrx_word' id='word_1_183' title='bbox 551 2356 883 2428; x_wconf 83' lang='grc' dir='ltr'>ἀνθρώπων,</span> <span class='ocrx_word' id='word_1_184' title='bbox 912 2355 1298 2427; x_wconf 81' lang='grc' dir='ltr'><strong>ἀπαρνήσομαι</strong></span> <span class='ocrx_word' id='word_1_185' title='bbox 1337 2353 1494 2424; x_wconf 76' lang='grc' dir='ltr'>κάγὼ</span> <span class='ocrx_word' id='word_1_186' title='bbox 1535 2351 1695 2407; x_wconf 78' lang='grc' dir='ltr'>αὐτὸν</span> <span class='ocrx_word' id='word_1_187' title='bbox 1737 2350 1835 2423; x_wconf 75' lang='grc' dir='ltr'><strong>ἐμ-</strong></span> 
     </span>
    </p>
   </div>
   <div class='ocr_carea' id='block_1_23' title="bbox 242 2442 1833 2521">
    <p class='ocr_par' dir='ltr' id='par_1_23' title="bbox 242 2442 1833 2521">
     <span class='ocr_line' id='line_1_23' title="bbox 242 2442 1833 2521; baseline -0.004 -18"><span class='ocrx_word' id='word_1_188' title='bbox 242 2449 487 2521; x_wconf 76' lang='grc' dir='ltr'>προσθεν</span> <span class='ocrx_word' id='word_1_189' title='bbox 539 2448 649 2503; x_wconf 83' lang='grc' dir='ltr'>τῶν</span> <span class='ocrx_word' id='word_1_190' title='bbox 693 2448 940 2518; x_wconf 81' lang='grc' dir='ltr'>ἀγγέλων</span> <span class='ocrx_word' id='word_1_191' title='bbox 976 2446 1071 2502; x_wconf 84' lang='grc' dir='ltr'><strong>τοῦ</strong></span> <span class='ocrx_word' id='word_1_192' title='bbox 1103 2446 1239 2502; x_wconf 87' lang='grc' dir='ltr'>Θεοῦ</span> <span class='ocrx_word' id='word_1_193' title='bbox 1262 2465 1276 2477; x_wconf 86' lang='grc'><strong>·</strong></span> <span class='ocrx_word' id='word_1_194' title='bbox 1318 2466 1337 2500; x_wconf 74' lang='grc' dir='ltr'><strong>ι</strong></span> <span class='ocrx_word' id='word_1_195' title='bbox 1376 2447 1471 2501; x_wconf 74' lang='grc' dir='ltr'><strong>καὶ</strong></span> <span class='ocrx_word' id='word_1_196' title='bbox 1529 2445 1714 2509; x_wconf 82' lang='grc' dir='ltr'>πάλιν,</span> <span class='ocrx_word' id='word_1_197' title='bbox 1737 2442 1833 2498; x_wconf 76' lang='grc' dir='ltr'><strong>ἐὰν</strong></span> 
     </span>
    </p>
   </div>
   <div class='ocr_carea' id='block_1_24' title="bbox 243 2533 1836 2613">
    <p class='ocr_par' dir='ltr' id='par_1_24' title="bbox 243 2533 1836 2613">
     <span class='ocr_line' id='line_1_24' title="bbox 243 2533 1836 2613; baseline -0.004 -18"><span class='ocrx_word' id='word_1_198' title='bbox 243 2544 397 2595; x_wconf 72' lang='grc' dir='ltr'>πᾶσα</span> <span class='ocrx_word' id='word_1_199' title='bbox 422 2542 673 2613; x_wconf 81' lang='grc' dir='ltr'>ἁμαρτία</span> <span class='ocrx_word' id='word_1_200' title='bbox 699 2541 795 2595; x_wconf 79' lang='grc' dir='ltr'>καὶ</span> <span class='ocrx_word' id='word_1_201' title='bbox 821 2540 1132 2613; x_wconf 77' lang='grc' dir='ltr'><strong>βλασφημία</strong></span> <span class='ocrx_word' id='word_1_202' title='bbox 1150 2539 1484 2610; x_wconf 76' lang='grc' dir='ltr'>ἀφεθήσεται</span> <span class='ocrx_word' id='word_1_203' title='bbox 1503 2540 1613 2601; x_wconf 83' lang='grc' dir='ltr'>τοῖς</span> <span class='ocrx_word' id='word_1_204' title='bbox 1629 2533 1836 2608; x_wconf 85' lang='grc' dir='ltr'>ἀνθρώ-</span> 
     </span>
    </p>
   </div>
   <div class='ocr_carea' id='block_1_25' title="bbox 244 2628 1837 2707">
    <p class='ocr_par' dir='ltr' id='par_1_25' title="bbox 244 2628 1837 2707">
     <span class='ocr_line' id='line_1_25' title="bbox 244 2628 1837 2707; baseline -0.003 -20"><span class='ocrx_word' id='word_1_205' title='bbox 244 2650 391 2699; x_wconf 71' lang='grc' dir='ltr'>ποις,</span> <span class='ocrx_word' id='word_1_206' title='bbox 423 2635 525 2689; x_wconf 77' lang='grc' dir='ltr'><strong>καὶ</strong></span> <span class='ocrx_word' id='word_1_207' title='bbox 546 2635 690 2707; x_wconf 82' lang='grc' dir='ltr'>ὑπὲρ</span> <span class='ocrx_word' id='word_1_208' title='bbox 713 2633 885 2706; x_wconf 90' lang='grc' dir='ltr'>ἀργοῦ</span> <span class='ocrx_word' id='word_1_209' title='bbox 911 2633 1070 2702; x_wconf 79' lang='grc' dir='ltr'>λόγου</span> <span class='ocrx_word' id='word_1_210' title='bbox 1100 2632 1394 2701; x_wconf 80' lang='grc' dir='ltr'>ἀπολογίαν</span> <span class='ocrx_word' id='word_1_211' title='bbox 1417 2630 1661 2703; x_wconf 86' lang='grc' dir='ltr'>δώσομεν</span> <span class='ocrx_word' id='word_1_212' title='bbox 1679 2645 1692 2659; x_wconf 85' lang='lat'><strong><em>°</em></strong></span> <span class='ocrx_word' id='word_1_213' title='bbox 1716 2628 1837 2693; x_wconf 80' lang='grc' dir='ltr'>πῶς</span> 
     </span>
    </p>
   </div>
   <div class='ocr_carea' id='block_1_26' title="bbox 243 2720 1837 2798">
    <p class='ocr_par' dir='ltr' id='par_1_26' title="bbox 243 2720 1837 2798">
     <span class='ocr_line' id='line_1_26' title="bbox 243 2720 1837 2798; baseline -0.007 -14"><span class='ocrx_word' id='word_1_214' title='bbox 243 2732 273 2785; x_wconf 87' lang='lat'><strong>6</strong></span> <span class='ocrx_word' id='word_1_215' title='bbox 288 2729 466 2798; x_wconf 79' lang='grc' dir='ltr'>λέγων</span> <span class='ocrx_word' id='word_1_216' title='bbox 483 2727 577 2781; x_wconf 74' lang='grc' dir='ltr'>τὸν</span> <span class='ocrx_word' id='word_1_217' title='bbox 592 2726 819 2795; x_wconf 64' lang='grc' dir='ltr'>ἀδελφὸν</span> <span class='ocrx_word' id='word_1_218' title='bbox 836 2726 1001 2779; x_wconf 80' lang='grc' dir='ltr'>αὐτοῦ</span> <span class='ocrx_word' id='word_1_219' title='bbox 1016 2765 1031 2790; x_wconf 90' lang='grc'><strong>,</strong></span> <span class='ocrx_word' id='word_1_220' title='bbox 1068 2724 1239 2797; x_wconf 79' lang='grc' dir='ltr'>μωρὲ,</span> <span class='ocrx_word' id='word_1_221' title='bbox 1257 2724 1439 2796; x_wconf 74' lang='grc' dir='ltr'>ἔνοχος</span> <span class='ocrx_word' id='word_1_222' title='bbox 1468 2722 1620 2777; x_wconf 77' lang='grc' dir='ltr'>ἔσται</span> <span class='ocrx_word' id='word_1_223' title='bbox 1640 2723 1719 2787; x_wconf 87' lang='grc' dir='ltr'><strong>είς</strong></span> <span class='ocrx_word' id='word_1_224' title='bbox 1736 2720 1837 2792; x_wconf 83' lang='grc' dir='ltr'><strong>τὴν</strong></span> 
     </span>
    </p>
   </div>
   <div class='ocr_carea' id='block_1_27' title="bbox 243 2812 1839 2891">
    <p class='ocr_par' dir='ltr' id='par_1_27' title="bbox 243 2812 1839 2891">
     <span class='ocr_line' id='line_1_27' title="bbox 243 2812 1839 2891; baseline -0.004 -17"><span class='ocrx_word' id='word_1_225' title='bbox 243 2820 470 2891; x_wconf 62' lang='grc' dir='ltr'>γέενναν</span> <span class='ocrx_word' id='word_1_226' title='bbox 488 2819 539 2889; x_wconf 82' lang='grc' dir='ltr'>(Ι</span> <span class='ocrx_word' id='word_1_227' title='bbox 554 2818 602 2888; x_wconf 88' lang='grc' dir='ltr'><strong>Ι)</strong></span> <span class='ocrx_word' id='word_1_228' title='bbox 624 2817 718 2871; x_wconf 85' lang='grc' dir='ltr'><strong>τοῦ</strong></span> <span class='ocrx_word' id='word_1_229' title='bbox 739 2816 910 2889; x_wconf 83' lang='grc' dir='ltr'>πυρός</span> <span class='ocrx_word' id='word_1_230' title='bbox 929 2832 944 2881; x_wconf 87' lang='grc'><strong>;</strong></span> <span class='ocrx_word' id='word_1_231' title='bbox 963 2815 1080 2880; x_wconf 82' lang='grc' dir='ltr'><strong>πῶς</strong></span> <span class='ocrx_word' id='word_1_232' title='bbox 1093 2816 1150 2870; x_wconf 80' lang='grc' dir='ltr'><strong>δὲ</strong></span> <span class='ocrx_word' id='word_1_233' title='bbox 1167 2816 1259 2869; x_wconf 70' lang='grc' dir='ltr'><strong>καὶ</strong></span> <span class='ocrx_word' id='word_1_234' title='bbox 1277 2815 1307 2868; x_wconf 96' lang='lat'><strong>6</strong></span> <span class='ocrx_word' id='word_1_235' title='bbox 1320 2814 1613 2879; x_wconf 80' lang='grc' dir='ltr'>ἀπόστολος</span> <span class='ocrx_word' id='word_1_236' title='bbox 1630 2812 1839 2877; x_wconf 86' lang='grc' dir='ltr'>Παῦλός</span> 
     </span>
    </p>
   </div>
   <div class='ocr_carea' id='block_1_28' title="bbox 245 2904 1844 2985">
    <p class='ocr_par' dir='ltr' id='par_1_28' title="bbox 245 2904 1844 2985">
     <span class='ocr_line' id='line_1_28' title="bbox 245 2904 1844 2985; baseline -0.004 -19"><span class='ocrx_word' id='word_1_237' title='bbox 245 2928 433 2985; x_wconf 64' lang='lat' dir='ltr'><strong>«mare</strong></span> <span class='ocrx_word' id='word_1_238' title='bbox 453 2909 549 2981; x_wconf 74' lang='grc' dir='ltr'><strong>Μὴ</strong></span> <span class='ocrx_word' id='word_1_239' title='bbox 567 2909 860 2964; x_wconf 80' lang='grc' dir='ltr'>πλανᾶσθε·</span> <span class='ocrx_word' id='word_1_240' title='bbox 879 2907 1003 2962; x_wconf 76' lang='grc' dir='ltr'>οὔτε</span> <span class='ocrx_word' id='word_1_241' title='bbox 1019 2908 1229 2981; x_wconf 82' lang='grc' dir='ltr'>πόρνοι,</span> <span class='ocrx_word' id='word_1_242' title='bbox 1247 2906 1369 2961; x_wconf 74' lang='grc' dir='ltr'>οὔτε</span> <span class='ocrx_word' id='word_1_243' title='bbox 1390 2906 1588 2979; x_wconf 79' lang='grc' dir='ltr'>μοιχοὶ,</span> <span class='ocrx_word' id='word_1_244' title='bbox 1604 2904 1726 2960; x_wconf 74' lang='grc' dir='ltr'>οὔτε</span> <span class='ocrx_word' id='word_1_245' title='bbox 1745 2920 1844 2977; x_wconf 87' lang='grc' dir='ltr'>μα-</span> 
     </span>
    </p>
   </div>
   <div class='ocr_carea' id='block_1_29' title="bbox 244 2996 1843 3076">
    <p class='ocr_par' dir='ltr' id='par_1_29' title="bbox 244 2996 1843 3076">
     <span class='ocr_line' id='line_1_29' title="bbox 244 2996 1843 3076; baseline -0.004 -18"><span class='ocrx_word' id='word_1_246' title='bbox 244 3005 423 3069; x_wconf 75' lang='grc' dir='ltr'>λακοὶ,</span> <span class='ocrx_word' id='word_1_247' title='bbox 461 3005 525 3057; x_wconf 82' lang='grc' dir='ltr'><strong>οὐ</strong></span> <span class='ocrx_word' id='word_1_248' title='bbox 544 3003 795 3076; x_wconf 87' lang='grc' dir='ltr'>λοίδοροι,</span> <span class='ocrx_word' id='word_1_249' title='bbox 812 3002 871 3055; x_wconf 82' lang='grc' dir='ltr'>οὐ</span> <span class='ocrx_word' id='word_1_250' title='bbox 894 3000 1140 3073; x_wconf 80' lang='grc' dir='ltr'>μέθυσοι,</span> <span class='ocrx_word' id='word_1_251' title='bbox 1157 3001 1255 3071; x_wconf 82' lang='grc' dir='ltr'><strong>οὐχ</strong></span> <span class='ocrx_word' id='word_1_252' title='bbox 1272 3000 1515 3072; x_wconf 69' lang='grc' dir='ltr'>ἅρπαγες</span> <span class='ocrx_word' id='word_1_253' title='bbox 1532 2996 1670 3069; x_wconf 72' lang='grc'><strong>(12),</strong></span> <span class='ocrx_word' id='word_1_254' title='bbox 1688 2996 1843 3068; x_wconf 85' lang='grc' dir='ltr'>βασι-</span> 
     </span>
    </p>
   </div>
   <div class='ocr_carea' id='block_1_30' title="bbox 247 3089 1842 3168">
    <p class='ocr_par' dir='ltr' id='par_1_30' title="bbox 247 3089 1842 3168">
     <span class='ocr_line' id='line_1_30' title="bbox 247 3089 1842 3168; baseline -0.006 -16"><span class='ocrx_word' id='word_1_255' title='bbox 247 3097 400 3152; x_wconf 74' lang='grc' dir='ltr'>λείαν</span> <span class='ocrx_word' id='word_1_256' title='bbox 416 3095 558 3150; x_wconf 85' lang='grc' dir='ltr'>Θεοῦ</span> <span class='ocrx_word' id='word_1_257' title='bbox 575 3095 1059 3167; x_wconf 82' lang='grc' dir='ltr'>κληρονομήσουσι.</span> <span class='ocrx_word' id='word_1_258' title='bbox 1074 3114 1095 3148; x_wconf 72' lang='grc' dir='ltr'><strong>ι</strong></span> <span class='ocrx_word' id='word_1_259' title='bbox 1112 3093 1221 3147; x_wconf 73' lang='grc' dir='ltr'><strong>Καὶ</strong></span> <span class='ocrx_word' id='word_1_260' title='bbox 1247 3094 1296 3147; x_wconf 80' lang='grc' dir='ltr'>εἰ</span> <span class='ocrx_word' id='word_1_261' title='bbox 1331 3092 1431 3147; x_wconf 85' lang='grc' dir='ltr'><strong>ταῦ</strong></span> <span class='ocrx_word' id='word_1_262' title='bbox 1439 3108 1505 3146; x_wconf 90' lang='grc' dir='ltr'><strong>τα</strong></span> <span class='ocrx_word' id='word_1_263' title='bbox 1520 3090 1692 3155; x_wconf 68' lang='grc' dir='ltr'>οὕτως</span> <span class='ocrx_word' id='word_1_264' title='bbox 1707 3089 1842 3168; x_wconf 61' lang='grc' dir='ltr'>ἔχει,</span> 
     </span>
    </p>
   </div>
   <div class='ocr_carea' id='block_1_31' title="bbox 251 3182 1842 3261">
    <p class='ocr_par' dir='ltr' id='par_1_31' title="bbox 251 3182 1842 3261">
     <span class='ocr_line' id='line_1_31' title="bbox 251 3182 1842 3261; baseline -0.005 -16"><span class='ocrx_word' id='word_1_265' title='bbox 251 3190 367 3256; x_wconf 71' lang='grc' dir='ltr'>πῶς</span> <span class='ocrx_word' id='word_1_266' title='bbox 383 3189 595 3253; x_wconf 75' lang='grc' dir='ltr'>λοιπὸν,</span> <span class='ocrx_word' id='word_1_267' title='bbox 610 3190 731 3243; x_wconf 80' lang='grc' dir='ltr'>εἰπέ</span> <span class='ocrx_word' id='word_1_268' title='bbox 752 3206 861 3261; x_wconf 81' lang='grc' dir='ltr'>μοι,</span> <span class='ocrx_word' id='word_1_269' title='bbox 882 3189 963 3243; x_wconf 84' lang='grc' dir='ltr'>ὅτι</span> <span class='ocrx_word' id='word_1_270' title='bbox 983 3189 1132 3243; x_wconf 74' lang='grc' dir='ltr'>πᾶσα</span> <span class='ocrx_word' id='word_1_271' title='bbox 1147 3184 1387 3259; x_wconf 79' lang='grc' dir='ltr'>ἁμαρτία</span> <span class='ocrx_word' id='word_1_272' title='bbox 1410 3185 1502 3239; x_wconf 80' lang='grc' dir='ltr'>καὶ</span> <span class='ocrx_word' id='word_1_273' title='bbox 1523 3182 1842 3254; x_wconf 73' lang='grc' dir='ltr'>βλασφημία</span> 
     </span>
    </p>
   </div>
   <div class='ocr_carea' id='block_1_32' title="bbox 246 3274 1838 3354">
    <p class='ocr_par' dir='ltr' id='par_1_32' title="bbox 246 3274 1838 3354">
     <span class='ocr_line' id='line_1_32' title="bbox 246 3274 1838 3354; baseline -0.006 -17"><span class='ocrx_word' id='word_1_274' title='bbox 246 3281 587 3354; x_wconf 75' lang='grc' dir='ltr'>ἀφεθήσεται</span> <span class='ocrx_word' id='word_1_275' title='bbox 607 3283 719 3346; x_wconf 79' lang='grc' dir='ltr'>τοῖς</span> <span class='ocrx_word' id='word_1_276' title='bbox 735 3279 1042 3353; x_wconf 82' lang='grc' dir='ltr'>ἀνθρώποις</span> <span class='ocrx_word' id='word_1_277' title='bbox 1061 3297 1076 3348; x_wconf 86' lang='grc'><strong>;</strong></span> <span class='ocrx_word' id='word_1_278' title='bbox 1100 3281 1207 3334; x_wconf 78' lang='grc' dir='ltr'>Καὶ</span> <span class='ocrx_word' id='word_1_279' title='bbox 1230 3278 1324 3334; x_wconf 77' lang='grc' dir='ltr'>ἐὰν</span> <span class='ocrx_word' id='word_1_280' title='bbox 1344 3276 1503 3332; x_wconf 81' lang='grc' dir='ltr'>πάλιν</span> <span class='ocrx_word' id='word_1_281' title='bbox 1527 3274 1685 3330; x_wconf 88' lang='grc' dir='ltr'>τοῦτο</span> <span class='ocrx_word' id='word_1_282' title='bbox 1704 3274 1838 3346; x_wconf 81' lang='grc' dir='ltr'>ἁλη-</span> 
     </span>
    </p>
   </div>
   <div class='ocr_carea' id='block_1_33' title="bbox 250 3367 1834 3445">
    <p class='ocr_par' dir='ltr' id='par_1_33' title="bbox 250 3367 1834 3445">
     <span class='ocr_line' id='line_1_33' title="bbox 250 3367 1834 3445; baseline -0.005 -16"><span class='ocrx_word' id='word_1_283' title='bbox 250 3375 361 3440; x_wconf 78' lang='grc' dir='ltr'>θὲς,</span> <span class='ocrx_word' id='word_1_284' title='bbox 385 3374 479 3430; x_wconf 76' lang='grc' dir='ltr'><strong>διὰ</strong></span> <span class='ocrx_word' id='word_1_285' title='bbox 502 3374 559 3428; x_wconf 86' lang='grc' dir='ltr'><strong>τί</strong></span> <span class='ocrx_word' id='word_1_286' title='bbox 590 3373 775 3427; x_wconf 73' lang='grc' dir='ltr'>λοιπὸν</span> <span class='ocrx_word' id='word_1_287' title='bbox 801 3371 1112 3442; x_wconf 77' lang='grc' dir='ltr'>ἐγκαλεῖται</span> <span class='ocrx_word' id='word_1_288' title='bbox 1134 3371 1242 3445; x_wconf 78' lang='grc'><strong>(15)</strong></span> <span class='ocrx_word' id='word_1_289' title='bbox 1266 3372 1296 3424; x_wconf 91' lang='lat'><strong>6</strong></span> <span class='ocrx_word' id='word_1_290' title='bbox 1319 3369 1502 3434; x_wconf 78' lang='grc' dir='ltr'>ἄθλιος</span> <span class='ocrx_word' id='word_1_291' title='bbox 1537 3367 1834 3440; x_wconf 73' lang='grc' dir='ltr'>Ὠριγένης,</span> 
     </span>
    </p>
   </div>
   <div class='ocr_carea' id='block_1_34' title="bbox 250 3456 1836 3538">
    <p class='ocr_par' dir='ltr' id='par_1_34' title="bbox 250 3456 1836 3538">
     <span class='ocr_line' id='line_1_34' title="bbox 250 3456 1836 3538; baseline -0.003 -18"><span class='ocrx_word' id='word_1_292' title='bbox 250 3466 399 3531; x_wconf 77' lang='grc' dir='ltr'>τέλος</span> <span class='ocrx_word' id='word_1_293' title='bbox 443 3464 736 3538; x_wconf 79' lang='grc' dir='ltr'>κηρύττων</span> <span class='ocrx_word' id='word_1_294' title='bbox 766 3465 867 3536; x_wconf 84' lang='grc' dir='ltr'>τῆς</span> <span class='ocrx_word' id='word_1_295' title='bbox 898 3463 1205 3529; x_wconf 86' lang='grc' dir='ltr'>κολάσεως,</span> <span class='ocrx_word' id='word_1_296' title='bbox 1246 3465 1305 3516; x_wconf 85' lang='grc' dir='ltr'>ὲν</span> <span class='ocrx_word' id='word_1_297' title='bbox 1341 3456 1423 3526; x_wconf 79' lang='grc' dir='ltr'>οἷς</span> <span class='ocrx_word' id='word_1_298' title='bbox 1456 3478 1588 3533; x_wconf 81' lang='grc' dir='ltr'>φησι</span> <span class='ocrx_word' id='word_1_299' title='bbox 1622 3457 1836 3531; x_wconf 85' lang='grc' dir='ltr'><strong>συγχὼ-</strong></span> 
     </span>
    </p>
   </div>
   <div class='ocr_carea' id='block_1_35' title="bbox 256 3552 1837 3633">
    <p class='ocr_par' dir='ltr' id='par_1_35' title="bbox 256 3552 1837 3633">
     <span class='ocr_line' id='line_1_35' title="bbox 256 3552 1837 3633; baseline -0.006 -17"><span class='ocrx_word' id='word_1_300' title='bbox 256 3577 409 3633; x_wconf 81' lang='grc' dir='ltr'>ρησιν</span> <span class='ocrx_word' id='word_1_301' title='bbox 432 3560 622 3632; x_wconf 75' lang='grc' dir='ltr'>πάσης</span> <span class='ocrx_word' id='word_1_302' title='bbox 652 3557 926 3631; x_wconf 82' lang='grc' dir='ltr'>ἁμαρτίας</span> <span class='ocrx_word' id='word_1_303' title='bbox 958 3555 1208 3625; x_wconf 83' lang='grc' dir='ltr'>γενέσθαι</span> <span class='ocrx_word' id='word_1_304' title='bbox 1238 3555 1333 3610; x_wconf 79' lang='grc' dir='ltr'>καὶ</span> <span class='ocrx_word' id='word_1_305' title='bbox 1371 3557 1484 3619; x_wconf 90' lang='grc' dir='ltr'>τοῖς</span> <span class='ocrx_word' id='word_1_306' title='bbox 1528 3552 1837 3625; x_wconf 83' lang='grc' dir='ltr'>ἀνθρώποις</span> 
     </span>
    </p>
   </div>
   <div class='ocr_carea' id='block_1_36' title="bbox 253 3642 1837 3719">
    <p class='ocr_par' dir='ltr' id='par_1_36' title="bbox 253 3642 1837 3719">
     <span class='ocr_line' id='line_1_36' title="bbox 253 3642 1837 3719; baseline -0.006 -15"><span class='ocrx_word' id='word_1_307' title='bbox 253 3650 348 3704; x_wconf 69' lang='grc' dir='ltr'>καὶ</span> <span class='ocrx_word' id='word_1_308' title='bbox 366 3652 483 3713; x_wconf 77' lang='grc' dir='ltr'>τοῖς</span> <span class='ocrx_word' id='word_1_309' title='bbox 512 3649 735 3719; x_wconf 83' lang='grc' dir='ltr'>δαίμοσι</span> <span class='ocrx_word' id='word_1_310' title='bbox 757 3644 911 3719; x_wconf 84' lang='grc' dir='ltr'><strong>παρά</strong></span> <span class='ocrx_word' id='word_1_311' title='bbox 938 3644 1108 3712; x_wconf 85' lang='grc' dir='ltr'>Θεοῦ;</span> <span class='ocrx_word' id='word_1_312' title='bbox 1140 3645 1309 3699; x_wconf 76' lang='grc' dir='ltr'>Πάλιν</span> <span class='ocrx_word' id='word_1_313' title='bbox 1336 3661 1398 3698; x_wconf 87' lang='grc' dir='ltr'><strong>τε</strong></span> <span class='ocrx_word' id='word_1_314' title='bbox 1422 3684 1436 3707; x_wconf 86' lang='grc'><strong>,</strong></span> <span class='ocrx_word' id='word_1_315' title='bbox 1468 3643 1564 3697; x_wconf 78' lang='grc' dir='ltr'><strong>ἐὰν</strong></span> <span class='ocrx_word' id='word_1_316' title='bbox 1588 3645 1623 3714; x_wconf 78' lang='grc' dir='ltr'><strong>η</strong></span> <span class='ocrx_word' id='word_1_317' title='bbox 1662 3643 1743 3706; x_wconf 85' lang='grc' dir='ltr'><strong>είς</strong></span> <span class='ocrx_word' id='word_1_318' title='bbox 1774 3642 1837 3696; x_wconf 83' lang='grc' dir='ltr'>τὸ</span> 
     </span>
    </p>
   </div>
   <div class='ocr_carea' id='block_1_37' title="bbox 254 3732 1839 3813">
    <p class='ocr_par' dir='ltr' id='par_1_37' title="bbox 254 3732 1839 3813">
     <span class='ocr_line' id='line_1_37' title="bbox 254 3732 1839 3813; baseline -0.001 -18"><span class='ocrx_word' id='word_1_319' title='bbox 254 3741 482 3813; x_wconf 83' lang='grc' dir='ltr'>Πνεῦμα</span> <span class='ocrx_word' id='word_1_320' title='bbox 507 3741 570 3794; x_wconf 82' lang='grc' dir='ltr'><strong>τὸ</strong></span> <span class='ocrx_word' id='word_1_321' title='bbox 598 3739 753 3808; x_wconf 76' lang='grc' dir='ltr'>ἅγιον</span> <span class='ocrx_word' id='word_1_322' title='bbox 792 3738 1107 3811; x_wconf 85' lang='grc' dir='ltr'>βλασφημία</span> <span class='ocrx_word' id='word_1_323' title='bbox 1135 3738 1236 3791; x_wconf 77' lang='grc' dir='ltr'><strong>οὐκ</strong></span> <span class='ocrx_word' id='word_1_324' title='bbox 1267 3736 1366 3811; x_wconf 73' lang='grc' dir='ltr'><strong>ἔχῃ</strong></span> <span class='ocrx_word' id='word_1_325' title='bbox 1398 3734 1508 3807; x_wconf 69' lang='grc'><strong>(14)</strong></span> <span class='ocrx_word' id='word_1_326' title='bbox 1551 3732 1839 3806; x_wconf 77' lang='grc' dir='ltr'><strong>συγχώρη-</strong></span> 
     </span>
    </p>
   </div>
   <div class='ocr_carea' id='block_1_38' title="bbox 254 3827 1835 3905">
    <p class='ocr_par' dir='ltr' id='par_1_38' title="bbox 254 3827 1835 3905">
     <span class='ocr_line' id='line_1_38' title="bbox 254 3827 1835 3905; baseline -0.003 -18"><span class='ocrx_word' id='word_1_327' title='bbox 254 3849 363 3898; x_wconf 87' lang='grc' dir='ltr'>σιν,</span> <span class='ocrx_word' id='word_1_328' title='bbox 398 3835 449 3887; x_wconf 85' lang='grc' dir='ltr'><strong>τί</strong></span> <span class='ocrx_word' id='word_1_329' title='bbox 480 3832 755 3905; x_wconf 76' lang='grc' dir='ltr'>μέμφεται</span> <span class='ocrx_word' id='word_1_330' title='bbox 788 3834 823 3903; x_wconf 78' lang='grc' dir='ltr'><strong>ἡ</strong></span> <span class='ocrx_word' id='word_1_331' title='bbox 863 3830 1155 3902; x_wconf 83' lang='grc' dir='ltr'>Ἐκκλησία</span> <span class='ocrx_word' id='word_1_332' title='bbox 1180 3830 1427 3885; x_wconf 85' lang='grc' dir='ltr'>Νουάτον</span> <span class='ocrx_word' id='word_1_333' title='bbox 1455 3827 1835 3899; x_wconf 79' lang='grc' dir='ltr'>ἀποϐαλλόμε-</span> 
     </span>
    </p>
   </div>
   <div class='ocr_carea' id='block_1_39' title="bbox 252 3922 1837 3998">
    <p class='ocr_par' dir='ltr' id='par_1_39' title="bbox 252 3922 1837 3998">
     <span class='ocr_line' id='line_1_39' title="bbox 252 3922 1837 3998; baseline -0.003 -18"><span class='ocrx_word' id='word_1_334' title='bbox 252 3943 341 3980; x_wconf 88' lang='grc' dir='ltr'><strong>νον</strong></span> <span class='ocrx_word' id='word_1_335' title='bbox 360 3924 460 3998; x_wconf 77' lang='grc' dir='ltr'>τὴν</span> <span class='ocrx_word' id='word_1_336' title='bbox 488 3924 814 3998; x_wconf 82' lang='grc' dir='ltr'>μετάνοιαν;</span> <span class='ocrx_word' id='word_1_337' title='bbox 844 3924 988 3978; x_wconf 76' lang='grc' dir='ltr'><strong>Τὸδὲ</strong></span> <span class='ocrx_word' id='word_1_338' title='bbox 1016 3923 1415 3996; x_wconf 85' lang='grc' dir='ltr'>σκοτεινότερον</span> <span class='ocrx_word' id='word_1_339' title='bbox 1444 3923 1540 3977; x_wconf 83' lang='grc' dir='ltr'>καὶ</span> <span class='ocrx_word' id='word_1_340' title='bbox 1565 3922 1837 3978; x_wconf 82' lang='grc' dir='ltr'>δυσκατά-</span> 
     </span>
    </p>
   </div>
   <div class='ocr_carea' id='block_1_40' title="bbox 252 4012 1835 4088">
    <p class='ocr_par' dir='ltr' id='par_1_40' title="bbox 252 4012 1835 4088">
     <span class='ocr_line' id='line_1_40' title="bbox 252 4012 1835 4088; baseline -0.003 -18"><span class='ocrx_word' id='word_1_341' title='bbox 252 4016 454 4088; x_wconf 80' lang='grc' dir='ltr'>ληπτον</span> <span class='ocrx_word' id='word_1_342' title='bbox 483 4016 666 4071; x_wconf 71' lang='grc' dir='ltr'>ἐκεῖνό</span> <span class='ocrx_word' id='word_1_343' title='bbox 686 4017 855 4080; x_wconf 77' lang='grc' dir='ltr'>ἐστιν,</span> <span class='ocrx_word' id='word_1_344' title='bbox 881 4016 964 4074; x_wconf 79' lang='grc' dir='ltr'><strong>ὅτι</strong></span> <span class='ocrx_word' id='word_1_345' title='bbox 986 4015 1045 4080; x_wconf 77' lang='grc' dir='ltr'>ὃς</span> <span class='ocrx_word' id='word_1_346' title='bbox 1072 4014 1115 4068; x_wconf 75' lang='grc' dir='ltr'><strong>δ’</strong></span> <span class='ocrx_word' id='word_1_347' title='bbox 1141 4014 1208 4069; x_wconf 84' lang='grc' dir='ltr'><strong>ἂν</strong></span> <span class='ocrx_word' id='word_1_348' title='bbox 1240 4015 1371 4088; x_wconf 73' lang='grc' dir='ltr'>εἴπῃ</span> <span class='ocrx_word' id='word_1_349' title='bbox 1393 4014 1549 4083; x_wconf 79' lang='grc' dir='ltr'>λόγον</span> <span class='ocrx_word' id='word_1_350' title='bbox 1578 4013 1720 4067; x_wconf 76' lang='grc' dir='ltr'>κατᾶ</span> <span class='ocrx_word' id='word_1_351' title='bbox 1739 4012 1835 4067; x_wconf 82' lang='grc' dir='ltr'><strong>τοῦ</strong></span> 
     </span>
    </p>
   </div>
   <div class='ocr_carea' id='block_1_41' title="bbox 252 4102 1835 4180">
    <p class='ocr_par' dir='ltr' id='par_1_41' title="bbox 252 4102 1835 4180">
     <span class='ocr_line' id='line_1_41' title="bbox 252 4102 1835 4180; baseline -0.003 -17"><span class='ocrx_word' id='word_1_352' title='bbox 252 4108 405 4172; x_wconf 80' lang='grc' dir='ltr'>Υἱοῦ,</span> <span class='ocrx_word' id='word_1_353' title='bbox 432 4108 771 4180; x_wconf 79' lang='grc' dir='ltr'>ἀφεθήσεται</span> <span class='ocrx_word' id='word_1_354' title='bbox 803 4107 953 4179; x_wconf 83' lang='grc' dir='ltr'>αὑτῷ</span> <span class='ocrx_word' id='word_1_355' title='bbox 970 4124 984 4138; x_wconf 72' lang='grc'><strong><em>⁸</em></strong></span> <span class='ocrx_word' id='word_1_356' title='bbox 1010 4107 1067 4173; x_wconf 82' lang='grc' dir='ltr'>ὃς</span> <span class='ocrx_word' id='word_1_357' title='bbox 1090 4108 1133 4162; x_wconf 78' lang='grc' dir='ltr'>δ’</span> <span class='ocrx_word' id='word_1_358' title='bbox 1158 4107 1226 4161; x_wconf 81' lang='grc' dir='ltr'><strong>ἂν</strong></span> <span class='ocrx_word' id='word_1_359' title='bbox 1250 4106 1379 4180; x_wconf 74' lang='grc' dir='ltr'>εἴπῃ</span> <span class='ocrx_word' id='word_1_360' title='bbox 1397 4105 1553 4175; x_wconf 78' lang='grc' dir='ltr'>λόγον</span> <span class='ocrx_word' id='word_1_361' title='bbox 1575 4104 1715 4159; x_wconf 85' lang='grc' dir='ltr'><strong>κατά</strong></span> <span class='ocrx_word' id='word_1_362' title='bbox 1741 4102 1835 4159; x_wconf 87' lang='grc' dir='ltr'><strong>τοῦ</strong></span> 
     </span>
    </p>
   </div>
   <div class='ocr_carea' id='block_1_42' title="bbox 253 4196 1839 4272">
    <p class='ocr_par' dir='ltr' id='par_1_42' title="bbox 253 4196 1839 4272">
     <span class='ocr_line' id='line_1_42' title="bbox 253 4196 1839 4272; baseline -0.004 -17"><span class='ocrx_word' id='word_1_363' title='bbox 253 4200 595 4272; x_wconf 67' lang='grc' dir='ltr'>Πνεῦμα-ως,</span> <span class='ocrx_word' id='word_1_364' title='bbox 617 4201 716 4254; x_wconf 84' lang='grc' dir='ltr'><strong>οὐκ</strong></span> <span class='ocrx_word' id='word_1_365' title='bbox 733 4198 1066 4272; x_wconf 81' lang='grc' dir='ltr'>ἀφεθήσεται</span> <span class='ocrx_word' id='word_1_366' title='bbox 1082 4198 1232 4270; x_wconf 87' lang='grc' dir='ltr'><strong>αὐτῷ</strong></span> <span class='ocrx_word' id='word_1_367' title='bbox 1246 4216 1260 4230; x_wconf 87' lang='grc'><strong>·</strong></span> <span class='ocrx_word' id='word_1_368' title='bbox 1276 4197 1417 4252; x_wconf 83' lang='grc' dir='ltr'>ὥστε</span> <span class='ocrx_word' id='word_1_369' title='bbox 1438 4196 1673 4251; x_wconf 72' lang='grc' dir='ltr'>ἐλάττων</span> <span class='ocrx_word' id='word_1_370' title='bbox 1689 4196 1839 4250; x_wconf 70' lang='grc' dir='ltr'>ἐστὶν</span> 
     </span>
    </p>
   </div>
   <div class='ocr_carea' id='block_1_43' title="bbox 252 4290 1838 4363">
    <p class='ocr_par' dir='ltr' id='par_1_43' title="bbox 252 4290 1838 4363">
     <span class='ocr_line' id='line_1_43' title="bbox 252 4290 1838 4363; baseline -0.002 -17"><span class='ocrx_word' id='word_1_371' title='bbox 252 4294 280 4346; x_wconf 83' lang='grc' dir='ltr'>ὁ</span> <span class='ocrx_word' id='word_1_372' title='bbox 298 4292 427 4357; x_wconf 63' lang='lat' dir='ltr'><strong>Yth;</strong></span> <span class='ocrx_word' id='word_1_373' title='bbox 458 4292 618 4363; x_wconf 87' lang='grc' dir='ltr'><strong>παρά</strong></span> <span class='ocrx_word' id='word_1_374' title='bbox 635 4292 697 4345; x_wconf 81' lang='grc' dir='ltr'><strong>τὸ</strong></span> <span class='ocrx_word' id='word_1_375' title='bbox 713 4291 936 4363; x_wconf 86' lang='grc' dir='ltr'>Πνεῦμα</span> <span class='ocrx_word' id='word_1_376' title='bbox 964 4291 1026 4345; x_wconf 82' lang='grc' dir='ltr'>τὸ</span> <span class='ocrx_word' id='word_1_377' title='bbox 1050 4290 1200 4361; x_wconf 74' lang='grc' dir='ltr'>ἅγιον</span> <span class='ocrx_word' id='word_1_378' title='bbox 1232 4291 1437 4345; x_wconf 75' lang='grc' dir='ltr'>καὶτὸν</span> <span class='ocrx_word' id='word_1_379' title='bbox 1457 4290 1692 4363; x_wconf 70' lang='grc' dir='ltr'>Πατέρα.</span> <span class='ocrx_word' id='word_1_380' title='bbox 1729 4291 1838 4343; x_wconf 80' lang='grc' dir='ltr'>Καὶ</span> 
     </span>
    </p>
   </div>
   <div class='ocr_carea' id='block_1_44' title="bbox 255 4377 1836 4455">
    <p class='ocr_par' dir='ltr' id='par_1_44' title="bbox 255 4377 1836 4455">
     <span class='ocr_line' id='line_1_44' title="bbox 255 4377 1836 4455; baseline -0.002 -16"><span class='ocrx_word' id='word_1_381' title='bbox 255 4384 520 4449; x_wconf 72' lang='grc' dir='ltr'>πῶςΥίὸς</span> <span class='ocrx_word' id='word_1_382' title='bbox 534 4377 682 4454; x_wconf 68' lang='grc' dir='ltr'>λὲγει</span> <span class='ocrx_word' id='word_1_383' title='bbox 701 4424 716 4448; x_wconf 89' lang='grc'><strong>,</strong></span> <span class='ocrx_word' id='word_1_384' title='bbox 742 4403 761 4435; x_wconf 81' lang='grc' dir='ltr'><strong>ι</strong></span> <span class='ocrx_word' id='word_1_385' title='bbox 793 4382 933 4452; x_wconf 85' lang='grc' dir='ltr'><strong>Ἐγὼ</strong></span> <span class='ocrx_word' id='word_1_386' title='bbox 966 4384 1061 4437; x_wconf 75' lang='grc' dir='ltr'>καὶ</span> <span class='ocrx_word' id='word_1_387' title='bbox 1082 4384 1110 4435; x_wconf 90' lang='lat'><strong>6</strong></span> <span class='ocrx_word' id='word_1_388' title='bbox 1138 4384 1326 4455; x_wconf 82' lang='grc' dir='ltr'>Πατὴρ</span> <span class='ocrx_word' id='word_1_389' title='bbox 1349 4382 1409 4437; x_wconf 74' lang='grc' dir='ltr'>ἓν</span> <span class='ocrx_word' id='word_1_390' title='bbox 1439 4384 1606 4455; x_wconf 73' lang='grc' dir='ltr'>ἐσμεν</span> <span class='ocrx_word' id='word_1_391' title='bbox 1625 4424 1640 4450; x_wconf 88' lang='grc'><strong>,</strong></span> <span class='ocrx_word' id='word_1_392' title='bbox 1666 4400 1683 4433; x_wconf 80' lang='grc' dir='ltr'><strong>ι</strong></span> <span class='ocrx_word' id='word_1_393' title='bbox 1718 4381 1836 4445; x_wconf 76' lang='grc' dir='ltr'>καὶ,</span> 
     </span>
    </p>
   </div>
   <div class='ocr_carea' id='block_1_45' title="bbox 260 4473 1839 4548">
    <p class='ocr_par' dir='ltr' id='par_1_45' title="bbox 260 4473 1839 4548">
     <span class='ocr_line' id='line_1_45' title="bbox 260 4473 1839 4548; baseline -0.001 -20"><span class='ocrx_word' id='word_1_394' title='bbox 260 4496 279 4528; x_wconf 78' lang='grc' dir='ltr'><strong>ι</strong></span> <span class='ocrx_word' id='word_1_395' title='bbox 300 4474 361 4533; x_wconf 87' lang='grc'><strong>’0</strong></span> <span class='ocrx_word' id='word_1_396' title='bbox 385 4476 460 4548; x_wconf 77' lang='grc' dir='ltr'>μὴ</span> <span class='ocrx_word' id='word_1_397' title='bbox 485 4476 663 4548; x_wconf 85' lang='grc' dir='ltr'>τιμῶν</span> <span class='ocrx_word' id='word_1_398' title='bbox 680 4476 770 4530; x_wconf 82' lang='grc' dir='ltr'><strong>τὸν</strong></span> <span class='ocrx_word' id='word_1_399' title='bbox 791 4476 915 4529; x_wconf 82' lang='grc' dir='ltr'>Υἰὺν</span> <span class='ocrx_word' id='word_1_400' title='bbox 935 4475 997 4528; x_wconf 76' lang='grc' dir='ltr'><strong>οὐ</strong></span> <span class='ocrx_word' id='word_1_401' title='bbox 1018 4475 1154 4547; x_wconf 79' lang='grc' dir='ltr'>τιμᾷ</span> <span class='ocrx_word' id='word_1_402' title='bbox 1172 4475 1261 4528; x_wconf 82' lang='grc' dir='ltr'>τὸν</span> <span class='ocrx_word' id='word_1_403' title='bbox 1278 4474 1495 4547; x_wconf 76' lang='grc' dir='ltr'>Πατέρα</span> <span class='ocrx_word' id='word_1_404' title='bbox 1516 4490 1531 4539; x_wconf 86' lang='grc'><strong>;</strong></span> <span class='ocrx_word' id='word_1_405' title='bbox 1563 4494 1583 4528; x_wconf 71' lang='grc' dir='ltr'><strong>ι</strong></span> <span class='ocrx_word' id='word_1_406' title='bbox 1603 4474 1711 4528; x_wconf 75' lang='grc' dir='ltr'>Καὶ</span> <span class='ocrx_word' id='word_1_407' title='bbox 1735 4473 1839 4526; x_wconf 84' lang='grc' dir='ltr'>πά-</span> 
     </span>
    </p>
   </div>
   <div class='ocr_carea' id='block_1_46' title="bbox 1944 570 3515 645">
    <p class='ocr_par' dir='ltr' id='par_1_46' title="bbox 1944 570 3515 645">
     <span class='ocr_line' id='line_1_46' title="bbox 1944 570 3515 645; baseline 0 -18"><span class='ocrx_word' id='word_1_408' title='bbox 1944 574 2147 631; x_wconf 85' lang='lat' dir='ltr'><strong>Deinde</strong></span> <span class='ocrx_word' id='word_1_409' title='bbox 2180 577 2432 631; x_wconf 86' lang='lat' dir='ltr'><strong>universa</strong></span> <span class='ocrx_word' id='word_1_410' title='bbox 2466 591 2644 629; x_wconf 88' lang='lat' dir='ltr'><strong>rermn</strong></span> <span class='ocrx_word' id='word_1_411' title='bbox 2685 584 2878 628; x_wconf 87' lang='lat' dir='ltr'><strong>natura</strong></span> <span class='ocrx_word' id='word_1_412' title='bbox 2912 588 3009 644; x_wconf 88' lang='lat' dir='ltr'><strong>per</strong></span> <span class='ocrx_word' id='word_1_413' title='bbox 3043 570 3275 628; x_wconf 80' lang='lat' dir='ltr'><strong>Verbum</strong></span> <span class='ocrx_word' id='word_1_414' title='bbox 3304 574 3360 628; x_wconf 88' lang='lat' dir='ltr'><strong>in</strong></span> <span class='ocrx_word' id='word_1_415' title='bbox 3390 571 3515 645; x_wconf 85' lang='lat' dir='ltr'><strong>Spi-</strong></span> 
     </span>
    </p>
   </div>
   <div class='ocr_carea' id='block_1_47' title="bbox 1941 667 2812 723">
    <p class='ocr_par' dir='ltr' id='par_1_47' title="bbox 1941 667 2812 723">
     <span class='ocr_line' id='line_1_47' title="bbox 1941 667 2812 723; baseline 0.002 -2"><span class='ocrx_word' id='word_1_416' title='bbox 1941 669 2051 721; x_wconf 88' lang='lat' dir='ltr'><strong>ritu</strong></span> <span class='ocrx_word' id='word_1_417' title='bbox 2082 667 2360 722; x_wconf 76' lang='lat' dir='ltr'><strong>creatione</strong></span> <span class='ocrx_word' id='word_1_418' title='bbox 2383 667 2678 722; x_wconf 81' lang='lat' dir='ltr'><strong>constituta</strong></span> <span class='ocrx_word' id='word_1_419' title='bbox 2709 673 2812 723; x_wconf 76' lang='lat' dir='ltr'><strong>est.</strong></span> 
     </span>
    </p>
   </div>
   <div class='ocr_carea' id='block_1_48' title="bbox 1941 804 3523 875">
    <p class='ocr_par' dir='ltr' id='par_1_48' title="bbox 1941 804 3523 875">
     <span class='ocr_line' id='line_1_48' title="bbox 1941 804 3523 875; baseline 0.001 -14"><span class='ocrx_word' id='word_1_420' title='bbox 1941 806 2029 861; x_wconf 69' lang='lat'><strong>49.</strong></span> <span class='ocrx_word' id='word_1_421' title='bbox 2078 804 2234 873; x_wconf 84' lang='lat' dir='ltr'><strong>Quod</strong></span> <span class='ocrx_word' id='word_1_422' title='bbox 2294 805 2655 874; x_wconf 77' lang='lat' dir='ltr'><strong>blasphemare</strong></span> <span class='ocrx_word' id='word_1_423' title='bbox 2708 808 2763 859; x_wconf 79' lang='lat' dir='ltr'><strong>in</strong></span> <span class='ocrx_word' id='word_1_424' title='bbox 2806 805 3007 859; x_wconf 80' lang='lat' dir='ltr'><strong>Filium</strong></span> <span class='ocrx_word' id='word_1_425' title='bbox 3050 807 3119 860; x_wconf 81' lang='lat' dir='ltr'><strong>sit</strong></span> <span class='ocrx_word' id='word_1_426' title='bbox 3160 806 3523 875; x_wconf 62' lang='lat' dir='ltr'><strong>blasphemi!&quot;</strong></span> 
     </span>
    </p>
   </div>
   <div class='ocr_carea' id='block_1_49' title="bbox 2382 877 3066 933">
    <p class='ocr_par' dir='ltr' id='par_1_49' title="bbox 2382 877 3066 933">
     <span class='ocr_line' id='line_1_49' title="bbox 2382 877 3066 933; baseline 0.006 -4"><span class='ocrx_word' id='word_1_427' title='bbox 2382 878 2433 929; x_wconf 79' lang='lat' dir='ltr'><strong>in</strong></span> <span class='ocrx_word' id='word_1_428' title='bbox 2466 888 2704 931; x_wconf 74' lang='lat' dir='ltr'><strong>sanctam</strong></span> <span class='ocrx_word' id='word_1_429' title='bbox 2731 877 3066 933; x_wconf 71' lang='lat' dir='ltr'><strong>Trinitatem.</strong></span> 
     </span>
    </p>
   </div>
   <div class='ocr_carea' id='block_1_50' title="bbox 2010 991 3520 1062">
    <p class='ocr_par' dir='ltr' id='par_1_50' title="bbox 2010 991 3520 1062">
     <span class='ocr_line' id='line_1_50' title="bbox 2010 991 3520 1062; baseline 0.002 -17"><span class='ocrx_word' id='word_1_430' title='bbox 2010 991 2292 1061; x_wconf 85' lang='lat' dir='ltr'><strong>Plerisque</strong></span> <span class='ocrx_word' id='word_1_431' title='bbox 2324 1007 2535 1055; x_wconf 90' lang='lat' dir='ltr'><strong>eorum,</strong></span> <span class='ocrx_word' id='word_1_432' title='bbox 2567 991 2660 1061; x_wconf 91' lang='lat' dir='ltr'><strong>qui</strong></span> <span class='ocrx_word' id='word_1_433' title='bbox 2702 991 2756 1045; x_wconf 89' lang='lat' dir='ltr'><strong>in</strong></span> <span class='ocrx_word' id='word_1_434' title='bbox 2802 994 2964 1046; x_wconf 87' lang='lat' dir='ltr'><strong>terris</strong></span> <span class='ocrx_word' id='word_1_435' title='bbox 3005 991 3227 1062; x_wconf 81' lang='lat' dir='ltr'><strong>degunt,</strong></span> <span class='ocrx_word' id='word_1_436' title='bbox 3257 992 3520 1048; x_wconf 78' lang='lat' dir='ltr'><strong>terribilis</strong></span> 
     </span>
    </p>
   </div>
   <div class='ocr_carea' id='block_1_51' title="bbox 1939 1082 3521 1155">
    <p class='ocr_par' dir='ltr' id='par_1_51' title="bbox 1939 1082 3521 1155">
     <span class='ocr_line' id='line_1_51' title="bbox 1939 1082 3521 1155; baseline -0.001 -15"><span class='ocrx_word' id='word_1_437' title='bbox 1939 1093 2025 1140; x_wconf 92' lang='lat' dir='ltr'><strong>est</strong></span> <span class='ocrx_word' id='word_1_438' title='bbox 2059 1099 2240 1140; x_wconf 83' lang='lat' dir='ltr'><strong>sermo</strong></span> <span class='ocrx_word' id='word_1_439' title='bbox 2271 1083 2387 1147; x_wconf 89' lang='lat' dir='ltr'><strong>Dei,</strong></span> <span class='ocrx_word' id='word_1_440' title='bbox 2421 1098 2530 1155; x_wconf 89' lang='lat' dir='ltr'><strong>quo</strong></span> <span class='ocrx_word' id='word_1_441' title='bbox 2546 1084 2619 1137; x_wconf 88' lang='lat' dir='ltr'><strong>ait</strong></span> <span class='ocrx_word' id='word_1_442' title='bbox 2657 1102 2687 1155; x_wconf 93' lang='lat'><strong>:_</strong></span> <span class='ocrx_word' id='word_1_443' title='bbox 2713 1101 2731 1133; x_wconf 85' lang='grc' dir='ltr'><strong>ι</strong></span> <span class='ocrx_word' id='word_1_444' title='bbox 2772 1082 2942 1138; x_wconf 90' lang='lat' dir='ltr'><strong>Omne</strong></span> <span class='ocrx_word' id='word_1_445' title='bbox 2979 1091 3260 1153; x_wconf 82' lang='lat' dir='ltr'><strong>peccatum</strong></span> <span class='ocrx_word' id='word_1_446' title='bbox 3287 1092 3341 1138; x_wconf 87' lang='lat' dir='ltr'><strong>et</strong></span> <span class='ocrx_word' id='word_1_447' title='bbox 3373 1084 3521 1139; x_wconf 46' lang='lat' dir='ltr'><strong>blas‘</strong></span> 
     </span>
    </p>
   </div>
   <div class='ocr_carea' id='block_1_52' title="bbox 1939 1174 3513 1247">
    <p class='ocr_par' dir='ltr' id='par_1_52' title="bbox 1939 1174 3513 1247">
     <span class='ocr_line' id='line_1_52' title="bbox 1939 1174 3513 1247; baseline 0.001 -17"><span class='ocrx_word' id='word_1_448' title='bbox 1939 1175 2153 1247; x_wconf 86' lang='lat' dir='ltr'><strong>phemia</strong></span> <span class='ocrx_word' id='word_1_449' title='bbox 2193 1177 2499 1230; x_wconf 74' lang='lat' dir='ltr'><strong>remittetur</strong></span> <span class='ocrx_word' id='word_1_450' title='bbox 2531 1174 2864 1239; x_wconf 88' lang='lat' dir='ltr'><strong>hominibus,</strong></span> <span class='ocrx_word' id='word_1_451' title='bbox 2897 1176 2992 1230; x_wconf 84' lang='lat' dir='ltr'><strong>sed</strong></span> <span class='ocrx_word' id='word_1_452' title='bbox 3023 1177 3115 1247; x_wconf 87' lang='lat' dir='ltr'><strong>qui</strong></span> <span class='ocrx_word' id='word_1_453' title='bbox 3141 1176 3341 1233; x_wconf 82' lang='lat' dir='ltr'><strong>dixerit</strong></span> <span class='ocrx_word' id='word_1_454' title='bbox 3395 1190 3513 1233; x_wconf 82' lang='lat' dir='ltr'><strong>ver-</strong></span> 
     </span>
    </p>
   </div>
   <div class='ocr_carea' id='block_1_53' title="bbox 1939 1264 3516 1337">
    <p class='ocr_par' dir='ltr' id='par_1_53' title="bbox 1939 1264 3516 1337">
     <span class='ocr_line' id='line_1_53' title="bbox 1939 1264 3516 1337; baseline 0.002 -15"><span class='ocrx_word' id='word_1_455' title='bbox 1939 1267 2065 1322; x_wconf 87' lang='lat' dir='ltr'><strong>bum</strong></span> <span class='ocrx_word' id='word_1_456' title='bbox 2116 1275 2307 1322; x_wconf 89' lang='lat' dir='ltr'><strong>contra</strong></span> <span class='ocrx_word' id='word_1_457' title='bbox 2352 1264 2613 1337; x_wconf 87' lang='lat' dir='ltr'><strong>Spiritum</strong></span> <span class='ocrx_word' id='word_1_458' title='bbox 2656 1274 2927 1327; x_wconf 84' lang='lat' dir='ltr'><strong>sanctum.</strong></span> <span class='ocrx_word' id='word_1_459' title='bbox 2960 1282 3067 1322; x_wconf 92' lang='lat' dir='ltr'><strong>non</strong></span> <span class='ocrx_word' id='word_1_460' title='bbox 3110 1268 3420 1323; x_wconf 83' lang='lat' dir='ltr'><strong>remittetur</strong></span> <span class='ocrx_word' id='word_1_461' title='bbox 3441 1270 3516 1337; x_wconf 87' lang='lat' dir='ltr'><strong>ei,</strong></span> 
     </span>
    </p>
   </div>
   <div class='ocr_carea' id='block_1_54' title="bbox 1942 1356 3521 1433">
    <p class='ocr_par' dir='ltr' id='par_1_54' title="bbox 1942 1356 3521 1433">
     <span class='ocr_line' id='line_1_54' title="bbox 1942 1356 3521 1433; baseline 0.003 -21"><span class='ocrx_word' id='word_1_462' title='bbox 1942 1374 2042 1414; x_wconf 90' lang='lat' dir='ltr'><strong>nec</strong></span> <span class='ocrx_word' id='word_1_463' title='bbox 2094 1360 2147 1414; x_wconf 93' lang='lat' dir='ltr'><strong>in</strong></span> <span class='ocrx_word' id='word_1_464' title='bbox 2187 1359 2293 1413; x_wconf 86' lang='lat' dir='ltr'><strong>hoc</strong></span> <span class='ocrx_word' id='word_1_465' title='bbox 2336 1359 2558 1423; x_wconf 68' lang='lat' dir='ltr'><strong>saeculo,</strong></span> <span class='ocrx_word' id='word_1_466' title='bbox 2603 1373 2703 1412; x_wconf 87' lang='lat' dir='ltr'><strong>nec</strong></span> <span class='ocrx_word' id='word_1_467' title='bbox 2735 1356 3095 1418; x_wconf 68' lang='lat' dir='ltr'><strong>intutum&quot;.</strong></span> <span class='ocrx_word' id='word_1_468' title='bbox 3124 1379 3142 1412; x_wconf 73' lang='grc' dir='ltr'><strong>ι</strong></span> <span class='ocrx_word' id='word_1_469' title='bbox 3178 1358 3521 1433; x_wconf 81' lang='lat' dir='ltr'><strong>Quapropter</strong></span> 
     </span>
    </p>
   </div>
   <div class='ocr_carea' id='block_1_55' title="bbox 1940 1449 3520 1519">
    <p class='ocr_par' dir='ltr' id='par_1_55' title="bbox 1940 1449 3520 1519">
     <span class='ocr_line' id='line_1_55' title="bbox 1940 1449 3520 1519; baseline 0.001 -14"><span class='ocrx_word' id='word_1_470' title='bbox 1940 1465 2130 1505; x_wconf 90' lang='lat' dir='ltr'><strong>omnes</strong></span> <span class='ocrx_word' id='word_1_471' title='bbox 2147 1450 2402 1504; x_wconf 81' lang='lat' dir='ltr'><strong>admonet</strong></span> <span class='ocrx_word' id='word_1_472' title='bbox 2417 1449 2894 1519; x_wconf 79' lang='lat' dir='ltr'><strong>dirusApostolus,</strong></span> <span class='ocrx_word' id='word_1_473' title='bbox 2915 1449 3163 1506; x_wconf 89' lang='lat' dir='ltr'><strong>indicans</strong></span> <span class='ocrx_word' id='word_1_474' title='bbox 3182 1450 3415 1506; x_wconf 85' lang='lat' dir='ltr'><strong>litteram</strong></span> <span class='ocrx_word' id='word_1_475' title='bbox 3430 1465 3520 1507; x_wconf 84' lang='lat' dir='ltr'><strong>oc-</strong></span> 
     </span>
    </p>
   </div>
   <div class='ocr_carea' id='block_1_56' title="bbox 1936 1539 3518 1612">
    <p class='ocr_par' dir='ltr' id='par_1_56' title="bbox 1936 1539 3518 1612">
     <span class='ocr_line' id='line_1_56' title="bbox 1936 1539 3518 1612; baseline 0.001 -15"><span class='ocrx_word' id='word_1_476' title='bbox 1936 1543 2137 1606; x_wconf 87' lang='lat' dir='ltr'><strong>cidere,</strong></span> <span class='ocrx_word' id='word_1_477' title='bbox 2156 1541 2408 1612; x_wconf 85' lang='lat' dir='ltr'><strong>spiritum</strong></span> <span class='ocrx_word' id='word_1_478' title='bbox 2433 1540 2727 1595; x_wconf 78' lang='lat' dir='ltr'><strong>vivilicare.</strong></span> <span class='ocrx_word' id='word_1_479' title='bbox 2751 1539 3015 1612; x_wconf 85' lang='lat' dir='ltr'><strong>Pleraque</strong></span> <span class='ocrx_word' id='word_1_480' title='bbox 3040 1540 3309 1611; x_wconf 86' lang='lat' dir='ltr'><strong>siquidem</strong></span> <span class='ocrx_word' id='word_1_481' title='bbox 3332 1556 3518 1598; x_wconf 85' lang='lat' dir='ltr'><strong>sacra-</strong></span> 
     </span>
    </p>
   </div>
   <div class='ocr_carea' id='block_1_57' title="bbox 1938 1632 3518 1703">
    <p class='ocr_par' dir='ltr' id='par_1_57' title="bbox 1938 1632 3518 1703">
     <span class='ocr_line' id='line_1_57' title="bbox 1938 1632 3518 1703; baseline 0.001 -14"><span class='ocrx_word' id='word_1_482' title='bbox 1938 1651 2058 1689; x_wconf 89' lang='lat' dir='ltr'><strong>rum</strong></span> <span class='ocrx_word' id='word_1_483' title='bbox 2083 1634 2490 1703; x_wconf 83' lang='lat' dir='ltr'><strong>Scripturarum</strong></span> <span class='ocrx_word' id='word_1_484' title='bbox 2523 1633 2569 1689; x_wconf 92' lang='lat' dir='ltr'><strong>si</strong></span> <span class='ocrx_word' id='word_1_485' title='bbox 2599 1632 2753 1703; x_wconf 78' lang='lat' dir='ltr'><strong>juxta</strong></span> <span class='ocrx_word' id='word_1_486' title='bbox 2785 1634 3018 1688; x_wconf 89' lang='lat' dir='ltr'><strong>litteram</strong></span> <span class='ocrx_word' id='word_1_487' title='bbox 3040 1632 3328 1696; x_wconf 88' lang='lat' dir='ltr'><strong>sentimus,</strong></span> <span class='ocrx_word' id='word_1_488' title='bbox 3345 1634 3400 1689; x_wconf 92' lang='lat' dir='ltr'><strong>in</strong></span> <span class='ocrx_word' id='word_1_489' title='bbox 3420 1650 3518 1691; x_wconf 86' lang='lat' dir='ltr'><strong>ne-</strong></span> 
     </span>
    </p>
   </div>
   <div class='ocr_carea' id='block_1_58' title="bbox 1937 1720 3519 1796">
    <p class='ocr_par' dir='ltr' id='par_1_58' title="bbox 1937 1720 3519 1796">
     <span class='ocr_line' id='line_1_58' title="bbox 1937 1720 3519 1796; baseline -0.001 -14"><span class='ocrx_word' id='word_1_490' title='bbox 1937 1727 2104 1783; x_wconf 79' lang='lat' dir='ltr'><strong>farias</strong></span> <span class='ocrx_word' id='word_1_491' title='bbox 2120 1726 2443 1782; x_wconf 88' lang='lat' dir='ltr'><strong>collabimur</strong></span> <span class='ocrx_word' id='word_1_492' title='bbox 2469 1725 2836 1795; x_wconf 81' lang='lat' dir='ltr'><strong>blasphemias</strong></span> <span class='ocrx_word' id='word_1_493' title='bbox 2860 1744 2873 1781; x_wconf 94' lang='lat'>:</span> <span class='ocrx_word' id='word_1_494' title='bbox 2894 1727 3075 1796; x_wconf 85' lang='lat' dir='ltr'><strong>qualis</strong></span> <span class='ocrx_word' id='word_1_495' title='bbox 3097 1736 3182 1784; x_wconf 81' lang='lat' dir='ltr'><strong>est</strong></span> <span class='ocrx_word' id='word_1_496' title='bbox 3199 1727 3290 1783; x_wconf 89' lang='lat' dir='ltr'><strong>illa</strong></span> <span class='ocrx_word' id='word_1_497' title='bbox 3306 1720 3519 1783; x_wconf 80' lang='lat' dir='ltr'><strong>Domini</strong></span> 
     </span>
    </p>
   </div>
   <div class='ocr_carea' id='block_1_59' title="bbox 1933 1814 3521 1887">
    <p class='ocr_par' dir='ltr' id='par_1_59' title="bbox 1933 1814 3521 1887">
     <span class='ocr_line' id='line_1_59' title="bbox 1933 1814 3521 1887; baseline 0.001 -16"><span class='ocrx_word' id='word_1_498' title='bbox 1933 1816 2203 1871; x_wconf 85' lang='lat' dir='ltr'><strong>sententia</strong></span> <span class='ocrx_word' id='word_1_499' title='bbox 2242 1814 2497 1885; x_wconf 89' lang='lat' dir='ltr'><strong>superius</strong></span> <span class='ocrx_word' id='word_1_500' title='bbox 2534 1815 2889 1886; x_wconf 86' lang='lat' dir='ltr'><strong>allata;quod</strong></span> <span class='ocrx_word' id='word_1_501' title='bbox 2920 1818 3163 1887; x_wconf 88' lang='lat' dir='ltr'><strong>quidem,</strong></span> <span class='ocrx_word' id='word_1_502' title='bbox 3194 1818 3239 1875; x_wconf 86' lang='lat' dir='ltr'><strong>si</strong></span> <span class='ocrx_word' id='word_1_503' title='bbox 3272 1818 3521 1875; x_wconf 86' lang='lat' dir='ltr'><strong>absolute</strong></span> 
     </span>
    </p>
   </div>
   <div class='ocr_carea' id='block_1_60' title="bbox 1929 1908 3520 1980">
    <p class='ocr_par' dir='ltr' id='par_1_60' title="bbox 1929 1908 3520 1980">
     <span class='ocr_line' id='line_1_60' title="bbox 1929 1908 3520 1980; baseline 0.001 -15"><span class='ocrx_word' id='word_1_504' title='bbox 1929 1908 2227 1965; x_wconf 87' lang='lat' dir='ltr'><strong>secundum</strong></span> <span class='ocrx_word' id='word_1_505' title='bbox 2244 1908 2407 1964; x_wconf 82' lang='lat' dir='ltr'><strong>verba</strong></span> <span class='ocrx_word' id='word_1_506' title='bbox 2439 1908 2825 1980; x_wconf 82' lang='lat' dir='ltr'><strong>intelligamus,</strong></span> <span class='ocrx_word' id='word_1_507' title='bbox 2862 1924 2969 1963; x_wconf 88' lang='lat' dir='ltr'><strong>non</strong></span> <span class='ocrx_word' id='word_1_508' title='bbox 3013 1911 3250 1979; x_wconf 71' lang='lat' dir='ltr'><strong>modo;in</strong></span> <span class='ocrx_word' id='word_1_509' title='bbox 3279 1911 3520 1967; x_wconf 79' lang='lat' dir='ltr'><strong>nefarias</strong></span> 
     </span>
    </p>
   </div>
   <div class='ocr_carea' id='block_1_61' title="bbox 1930 1998 3519 2072">
    <p class='ocr_par' dir='ltr' id='par_1_61' title="bbox 1930 1998 3519 2072">
     <span class='ocr_line' id='line_1_61' title="bbox 1930 1998 3519 2072; baseline 0.003 -19"><span class='ocrx_word' id='word_1_510' title='bbox 1930 1998 2247 2054; x_wconf 88' lang='lat' dir='ltr'><strong>delabemur</strong></span> <span class='ocrx_word' id='word_1_511' title='bbox 2275 2000 2596 2063; x_wconf 87' lang='lat' dir='ltr'><strong>sententias,</strong></span> <span class='ocrx_word' id='word_1_512' title='bbox 2634 2002 2765 2072; x_wconf 91' lang='lat' dir='ltr'><strong>quin</strong></span> <span class='ocrx_word' id='word_1_513' title='bbox 2793 2012 2847 2057; x_wconf 86' lang='lat' dir='ltr'><strong>et</strong></span> <span class='ocrx_word' id='word_1_514' title='bbox 2881 2002 3059 2072; x_wconf 88' lang='lat' dir='ltr'><strong>ipsum</strong></span> <span class='ocrx_word' id='word_1_515' title='bbox 3090 2001 3379 2058; x_wconf 91' lang='lat' dir='ltr'><strong>Dominum</strong></span> <span class='ocrx_word' id='word_1_516' title='bbox 3414 2002 3519 2059; x_wconf 83' lang='lat' dir='ltr'><strong>sibi</strong></span> 
     </span>
    </p>
   </div>
   <div class='ocr_carea' id='block_1_62' title="bbox 1935 2088 3521 2165">
    <p class='ocr_par' dir='ltr' id='par_1_62' title="bbox 1935 2088 3521 2165">
     <span class='ocr_line' id='line_1_62' title="bbox 1935 2088 3521 2165; baseline 0.005 -24"><span class='ocrx_word' id='word_1_517' title='bbox 1935 2088 2038 2159; x_wconf 87' lang='lat' dir='ltr'><strong>ipsi</strong></span> <span class='ocrx_word' id='word_1_518' title='bbox 2097 2090 2430 2144; x_wconf 88' lang='lat' dir='ltr'><strong>contrarium</strong></span> <span class='ocrx_word' id='word_1_519' title='bbox 2462 2090 2953 2161; x_wconf 88' lang='lat' dir='ltr'><strong>deprehendemus.</strong></span> <span class='ocrx_word' id='word_1_520' title='bbox 2998 2091 3055 2146; x_wconf 89' lang='lat' dir='ltr'><strong>Si</strong></span> <span class='ocrx_word' id='word_1_521' title='bbox 3088 2093 3235 2147; x_wconf 85' lang='lat' dir='ltr'><strong>enim</strong></span> <span class='ocrx_word' id='word_1_522' title='bbox 3267 2093 3521 2165; x_wconf 83' lang='lat' dir='ltr'><strong>quisquis</strong></span> 
     </span>
    </p>
   </div>
   <div class='ocr_carea' id='block_1_63' title="bbox 1932 2180 3523 2248">
    <p class='ocr_par' dir='ltr' id='par_1_63' title="bbox 1932 2180 3523 2248">
     <span class='ocr_line' id='line_1_63' title="bbox 1932 2180 3523 2248; baseline 0.004 -14"><span class='ocrx_word' id='word_1_523' title='bbox 1932 2180 2155 2235; x_wconf 78' lang='lat' dir='ltr'><strong>verbum</strong></span> <span class='ocrx_word' id='word_1_524' title='bbox 2174 2181 2376 2237; x_wconf 78' lang='lat' dir='ltr'><strong>dixerit</strong></span> <span class='ocrx_word' id='word_1_525' title='bbox 2400 2191 2591 2239; x_wconf 89' lang='lat' dir='ltr'><strong>contra</strong></span> <span class='ocrx_word' id='word_1_526' title='bbox 2623 2181 2841 2248; x_wconf 77' lang='lat' dir='ltr'><strong>Filium,</strong></span> <span class='ocrx_word' id='word_1_527' title='bbox 2890 2183 2943 2238; x_wconf 91' lang='lat' dir='ltr'><strong>id</strong></span> <span class='ocrx_word' id='word_1_528' title='bbox 2976 2184 3025 2239; x_wconf 89' lang='lat' dir='ltr'><strong>ei</strong></span> <span class='ocrx_word' id='word_1_529' title='bbox 3060 2185 3387 2248; x_wconf 88' lang='lat' dir='ltr'><strong>remittetur.</strong></span> <span class='ocrx_word' id='word_1_530' title='bbox 3420 2197 3523 2241; x_wconf 85' lang='lat' dir='ltr'><strong>cur</strong></span> 
     </span>
    </p>
   </div>
   <div class='ocr_carea' id='block_1_64' title="bbox 1935 2270 3518 2344">
    <p class='ocr_par' dir='ltr' id='par_1_64' title="bbox 1935 2270 3518 2344">
     <span class='ocr_line' id='line_1_64' title="bbox 1935 2270 3518 2344; baseline 0.003 -19"><span class='ocrx_word' id='word_1_531' title='bbox 1935 2272 2100 2343; x_wconf 82' lang='lat' dir='ltr'><strong>igitur</strong></span> <span class='ocrx_word' id='word_1_532' title='bbox 2132 2270 2303 2327; x_wconf 84' lang='lat' dir='ltr'><strong>Filius</strong></span> <span class='ocrx_word' id='word_1_533' title='bbox 2340 2272 2473 2327; x_wconf 90' lang='lat' dir='ltr'><strong>dicit</strong></span> <span class='ocrx_word' id='word_1_534' title='bbox 2515 2292 2528 2327; x_wconf 90' lang='lat'>:</span> <span class='ocrx_word' id='word_1_535' title='bbox 2568 2291 2587 2322; x_wconf 75' lang='grc' dir='ltr'><strong>ι</strong></span> <span class='ocrx_word' id='word_1_536' title='bbox 2623 2271 2726 2339; x_wconf 88' lang='lat' dir='ltr'><strong>Qui</strong></span> <span class='ocrx_word' id='word_1_537' title='bbox 2774 2289 2860 2329; x_wconf 92' lang='lat' dir='ltr'><strong>me</strong></span> <span class='ocrx_word' id='word_1_538' title='bbox 2893 2275 3169 2344; x_wconf 81' lang='lat' dir='ltr'><strong>negaverit</strong></span> <span class='ocrx_word' id='word_1_539' title='bbox 3198 2288 3384 2329; x_wconf 91' lang='lat' dir='ltr'><strong>coram</strong></span> <span class='ocrx_word' id='word_1_540' title='bbox 3415 2272 3518 2329; x_wconf 48' lang='lat' dir='ltr'><strong>hoc</strong></span> 
     </span>
    </p>
   </div>
   <div class='ocr_carea' id='block_1_65' title="bbox 1935 2365 3514 2437">
    <p class='ocr_par' dir='ltr' id='par_1_65' title="bbox 1935 2365 3514 2437">
     <span class='ocr_line' id='line_1_65' title="bbox 1935 2365 3514 2437; baseline 0 -18"><span class='ocrx_word' id='word_1_541' title='bbox 1935 2366 2199 2430; x_wconf 87' lang='lat' dir='ltr'><strong>minibus,</strong></span> <span class='ocrx_word' id='word_1_542' title='bbox 2230 2366 2442 2436; x_wconf 85' lang='lat' dir='ltr'><strong>negabo</strong></span> <span class='ocrx_word' id='word_1_543' title='bbox 2466 2374 2522 2422; x_wconf 90' lang='lat' dir='ltr'><strong>et</strong></span> <span class='ocrx_word' id='word_1_544' title='bbox 2551 2381 2652 2435; x_wconf 88' lang='lat' dir='ltr'><strong>ego</strong></span> <span class='ocrx_word' id='word_1_545' title='bbox 2681 2380 2804 2420; x_wconf 90' lang='lat' dir='ltr'><strong>eum</strong></span> <span class='ocrx_word' id='word_1_546' title='bbox 2835 2381 3022 2420; x_wconf 88' lang='lat' dir='ltr'><strong>coram</strong></span> <span class='ocrx_word' id='word_1_547' title='bbox 3044 2367 3251 2437; x_wconf 77' lang='lat' dir='ltr'><strong>angelis</strong></span> <span class='ocrx_word' id='word_1_548' title='bbox 3272 2365 3367 2420; x_wconf 91' lang='lat' dir='ltr'><strong>Dei</strong></span> <span class='ocrx_word' id='word_1_549' title='bbox 3384 2367 3430 2400; x_wconf 85' lang='lat'>&quot;</span> <span class='ocrx_word' id='word_1_550' title='bbox 3450 2366 3475 2421; x_wconf 69' lang='grc' dir='ltr'><strong>ξ’</strong></span> <span class='ocrx_word' id='word_1_551' title='bbox 3494 2384 3514 2418; x_wconf 72' lang='grc' dir='ltr'><strong>ι</strong></span> 
     </span>
    </p>
   </div>
   <div class='ocr_carea' id='block_1_66' title="bbox 1937 2456 3522 2529">
    <p class='ocr_par' dir='ltr' id='par_1_66' title="bbox 1937 2456 3522 2529">
     <span class='ocr_line' id='line_1_66' title="bbox 1937 2456 3522 2529; baseline 0.002 -19"><span class='ocrx_word' id='word_1_552' title='bbox 1937 2458 2072 2513; x_wconf 84' lang='lat' dir='ltr'><strong>Item</strong></span> <span class='ocrx_word' id='word_1_553' title='bbox 2132 2458 2178 2515; x_wconf 89' lang='lat' dir='ltr'><strong>si</strong></span> <span class='ocrx_word' id='word_1_554' title='bbox 2228 2472 2390 2513; x_wconf 89' lang='lat' dir='ltr'><strong>omne</strong></span> <span class='ocrx_word' id='word_1_555' title='bbox 2476 2466 2762 2529; x_wconf 90' lang='lat' dir='ltr'><strong>peccatum</strong></span> <span class='ocrx_word' id='word_1_556' title='bbox 2810 2464 2865 2513; x_wconf 92' lang='lat' dir='ltr'><strong>et</strong></span> <span class='ocrx_word' id='word_1_557' title='bbox 2908 2456 3250 2527; x_wconf 89' lang='lat' dir='ltr'><strong>blasphemia</strong></span> <span class='ocrx_word' id='word_1_558' title='bbox 3278 2457 3522 2514; x_wconf 84' lang='lat' dir='ltr'><strong>remitte-</strong></span> 
     </span>
    </p>
   </div>
   <div class='ocr_carea' id='block_1_67' title="bbox 1939 2548 3515 2613">
    <p class='ocr_par' dir='ltr' id='par_1_67' title="bbox 1939 2548 3515 2613">
     <span class='ocr_line' id='line_1_67' title="bbox 1939 2548 3515 2613; baseline -0.001 -8"><span class='ocrx_word' id='word_1_559' title='bbox 1939 2559 2031 2605; x_wconf 87' lang='lat' dir='ltr'><strong>tur</strong></span> <span class='ocrx_word' id='word_1_560' title='bbox 2077 2548 2415 2613; x_wconf 86' lang='lat' dir='ltr'><strong>bominibus,</strong></span> <span class='ocrx_word' id='word_1_561' title='bbox 2447 2558 2501 2605; x_wconf 87' lang='lat' dir='ltr'><strong>et</strong></span> <span class='ocrx_word' id='word_1_562' title='bbox 2527 2549 2595 2604; x_wconf 90' lang='lat' dir='ltr'><strong>de</strong></span> <span class='ocrx_word' id='word_1_563' title='bbox 2623 2548 2791 2604; x_wconf 80' lang='lat' dir='ltr'><strong>verbo</strong></span> <span class='ocrx_word' id='word_1_564' title='bbox 2827 2550 3008 2605; x_wconf 85' lang='lat' dir='ltr'><strong>otioso</strong></span> <span class='ocrx_word' id='word_1_565' title='bbox 3042 2548 3308 2605; x_wconf 87' lang='lat' dir='ltr'><strong>rationem</strong></span> <span class='ocrx_word' id='word_1_566' title='bbox 3355 2549 3515 2605; x_wconf 88' lang='lat' dir='ltr'><strong>dabi-</strong></span> 
     </span>
    </p>
   </div>
   <div class='ocr_carea' id='block_1_68' title="bbox 1941 2639 3519 2713">
    <p class='ocr_par' dir='ltr' id='par_1_68' title="bbox 1941 2639 3519 2713">
     <span class='ocr_line' id='line_1_68' title="bbox 1941 2639 3519 2713; baseline -0.001 -16"><span class='ocrx_word' id='word_1_567' title='bbox 1941 2657 2097 2709; x_wconf 89' lang='lat' dir='ltr'><strong>mus;</strong></span> <span class='ocrx_word' id='word_1_568' title='bbox 2124 2642 2216 2713; x_wconf 89' lang='lat' dir='ltr'><strong>qui</strong></span> <span class='ocrx_word' id='word_1_569' title='bbox 2274 2641 2331 2695; x_wconf 82' lang='lat' dir='ltr'><strong>tit</strong></span> <span class='ocrx_word' id='word_1_570' title='bbox 2385 2648 2447 2695; x_wconf 90' lang='lat' dir='ltr'><strong>ut</strong></span> <span class='ocrx_word' id='word_1_571' title='bbox 2488 2640 2535 2695; x_wconf 88' lang='lat' dir='ltr'><strong>is</strong></span> <span class='ocrx_word' id='word_1_572' title='bbox 2578 2639 2673 2709; x_wconf 88' lang='lat' dir='ltr'><strong>qui</strong></span> <span class='ocrx_word' id='word_1_573' title='bbox 2705 2640 2939 2711; x_wconf 87' lang='lat' dir='ltr'><strong>appellat</strong></span> <span class='ocrx_word' id='word_1_574' title='bbox 2973 2640 3197 2698; x_wconf 80' lang='lat' dir='ltr'><strong>fratrem</strong></span> <span class='ocrx_word' id='word_1_575' title='bbox 3240 2655 3400 2698; x_wconf 89' lang='lat' dir='ltr'><strong>suum</strong></span> <span class='ocrx_word' id='word_1_576' title='bbox 3431 2640 3519 2696; x_wconf 78' lang='lat' dir='ltr'><strong>fa-</strong></span> 
     </span>
    </p>
   </div>
   <div class='ocr_carea' id='block_1_69' title="bbox 1942 2733 3509 2806">
    <p class='ocr_par' dir='ltr' id='par_1_69' title="bbox 1942 2733 3509 2806">
     <span class='ocr_line' id='line_1_69' title="bbox 1942 2733 3509 2806; baseline 0.001 -17"><span class='ocrx_word' id='word_1_577' title='bbox 1942 2743 2120 2801; x_wconf 93' lang='lat' dir='ltr'><strong>tuum,</strong></span> <span class='ocrx_word' id='word_1_578' title='bbox 2138 2750 2263 2791; x_wconf 87' lang='lat' dir='ltr'><strong>reus</strong></span> <span class='ocrx_word' id='word_1_579' title='bbox 2279 2733 2619 2806; x_wconf 84' lang='lat' dir='ltr'><strong>sitgehennae</strong></span> <span class='ocrx_word' id='word_1_580' title='bbox 2641 2734 2782 2805; x_wconf 91' lang='lat' dir='ltr'><strong>ignis</strong></span> <span class='ocrx_word' id='word_1_581' title='bbox 2798 2734 2844 2766; x_wconf 81' lang='grc' dir='ltr'><strong>⁸ο</strong></span> <span class='ocrx_word' id='word_1_582' title='bbox 2864 2733 2888 2788; x_wconf 87' lang='lat'><strong>?</strong></span> <span class='ocrx_word' id='word_1_583' title='bbox 2906 2743 3001 2790; x_wconf 91' lang='lat' dir='ltr'><strong>aut</strong></span> <span class='ocrx_word' id='word_1_584' title='bbox 3028 2750 3129 2791; x_wconf 92' lang='lat' dir='ltr'><strong>cur</strong></span> <span class='ocrx_word' id='word_1_585' title='bbox 3144 2734 3349 2791; x_wconf 90' lang='lat' dir='ltr'><strong>Paulus</strong></span> <span class='ocrx_word' id='word_1_586' title='bbox 3372 2750 3477 2806; x_wconf 88' lang='lat' dir='ltr'><strong>apo</strong></span> <span class='ocrx_word' id='word_1_587' title='bbox 3492 2764 3509 2776; x_wconf 88' lang='lat'><strong>-</strong></span> 
     </span>
    </p>
   </div>
   <div class='ocr_carea' id='block_1_70' title="bbox 1943 2823 3522 2898">
    <p class='ocr_par' dir='ltr' id='par_1_70' title="bbox 1943 2823 3522 2898">
     <span class='ocr_line' id='line_1_70' title="bbox 1943 2823 3522 2898; baseline 0.001 -17"><span class='ocrx_word' id='word_1_588' title='bbox 1943 2826 2119 2882; x_wconf 87' lang='lat' dir='ltr'><strong>stolns</strong></span> <span class='ocrx_word' id='word_1_589' title='bbox 2146 2824 2276 2881; x_wconf 88' lang='lat' dir='ltr'><strong>dicit</strong></span> <span class='ocrx_word' id='word_1_590' title='bbox 2311 2845 2324 2880; x_wconf 86' lang='lat'><strong>:</strong></span> <span class='ocrx_word' id='word_1_591' title='bbox 2361 2844 2378 2877; x_wconf 86' lang='grc' dir='ltr'><strong>ι</strong></span> <span class='ocrx_word' id='word_1_592' title='bbox 2413 2823 2492 2880; x_wconf 87' lang='lat' dir='ltr'><strong>Ne</strong></span> <span class='ocrx_word' id='word_1_593' title='bbox 2526 2826 2724 2881; x_wconf 89' lang='lat' dir='ltr'><strong>erretis</strong></span> <span class='ocrx_word' id='word_1_594' title='bbox 2752 2843 2767 2880; x_wconf 88' lang='lat'><strong>:</strong></span> <span class='ocrx_word' id='word_1_595' title='bbox 2791 2841 2969 2897; x_wconf 87' lang='lat' dir='ltr'><strong>neque</strong></span> <span class='ocrx_word' id='word_1_596' title='bbox 3008 2825 3312 2892; x_wconf 79' lang='lat' dir='ltr'><strong>foruicarii,</strong></span> <span class='ocrx_word' id='word_1_597' title='bbox 3344 2842 3522 2898; x_wconf 84' lang='lat' dir='ltr'><strong>neque</strong></span> 
     </span>
    </p>
   </div>
   <div class='ocr_carea' id='block_1_71' title="bbox 1944 2918 3522 2990">
    <p class='ocr_par' dir='ltr' id='par_1_71' title="bbox 1944 2918 3522 2990">
     <span class='ocr_line' id='line_1_71' title="bbox 1944 2918 3522 2990; baseline 0.001 -16"><span class='ocrx_word' id='word_1_598' title='bbox 1944 2919 2198 2981; x_wconf 85' lang='lat' dir='ltr'><strong>adulteri,</strong></span> <span class='ocrx_word' id='word_1_599' title='bbox 2250 2933 2428 2989; x_wconf 86' lang='lat' dir='ltr'><strong>neque</strong></span> <span class='ocrx_word' id='word_1_600' title='bbox 2495 2918 2710 2985; x_wconf 89' lang='lat' dir='ltr'><strong>molles,</strong></span> <span class='ocrx_word' id='word_1_601' title='bbox 2775 2930 2955 2990; x_wconf 86' lang='lat' dir='ltr'><strong>neque</strong></span> <span class='ocrx_word' id='word_1_602' title='bbox 3015 2918 3292 2983; x_wconf 81' lang='lat' dir='ltr'><strong>maledici,</strong></span> <span class='ocrx_word' id='word_1_603' title='bbox 3343 2932 3522 2989; x_wconf 85' lang='lat' dir='ltr'><strong>neque</strong></span> 
     </span>
    </p>
   </div>
   <div class='ocr_carea' id='block_1_72' title="bbox 1945 3008 3515 3081">
    <p class='ocr_par' dir='ltr' id='par_1_72' title="bbox 1945 3008 3515 3081">
     <span class='ocr_line' id='line_1_72' title="bbox 1945 3008 3515 3081; baseline -0.003 -15"><span class='ocrx_word' id='word_1_604' title='bbox 1945 3009 2168 3075; x_wconf 88' lang='lat' dir='ltr'><strong>ebriosi,</strong></span> <span class='ocrx_word' id='word_1_605' title='bbox 2190 3023 2365 3080; x_wconf 89' lang='lat' dir='ltr'><strong>neque</strong></span> <span class='ocrx_word' id='word_1_606' title='bbox 2393 3023 2619 3081; x_wconf 84' lang='lat' dir='ltr'><strong>rapaces</strong></span> <span class='ocrx_word' id='word_1_607' title='bbox 2638 3023 2867 3081; x_wconf 89' lang='lat' dir='ltr'><strong>regnum</strong></span> <span class='ocrx_word' id='word_1_608' title='bbox 2889 3009 2984 3066; x_wconf 91' lang='lat' dir='ltr'><strong>Dei</strong></span> <span class='ocrx_word' id='word_1_609' title='bbox 3012 3010 3372 3080; x_wconf 84' lang='lat' dir='ltr'><strong>possidebunt</strong></span> <span class='ocrx_word' id='word_1_610' title='bbox 3390 3008 3476 3064; x_wconf 73' lang='lat'>“2</span> <span class='ocrx_word' id='word_1_611' title='bbox 3494 3026 3515 3061; x_wconf 71' lang='grc' dir='ltr'><strong>ι</strong></span> 
     </span>
    </p>
   </div>
   <div class='ocr_carea' id='block_1_73' title="bbox 1948 3097 3520 3170">
    <p class='ocr_par' dir='ltr' id='par_1_73' title="bbox 1948 3097 3520 3170">
     <span class='ocr_line' id='line_1_73' title="bbox 1948 3097 3520 3170; baseline -0.001 -16"><span class='ocrx_word' id='word_1_612' title='bbox 1948 3097 2103 3166; x_wconf 86' lang='lat' dir='ltr'><strong>Quod</strong></span> <span class='ocrx_word' id='word_1_613' title='bbox 2138 3099 2185 3156; x_wconf 88' lang='lat' dir='ltr'><strong>si</strong></span> <span class='ocrx_word' id='word_1_614' title='bbox 2216 3100 2330 3154; x_wconf 65' lang='lat' dir='ltr'><strong>haec</strong></span> <span class='ocrx_word' id='word_1_615' title='bbox 2361 3099 2438 3153; x_wconf 88' lang='lat' dir='ltr'><strong>ita</strong></span> <span class='ocrx_word' id='word_1_616' title='bbox 2467 3114 2527 3156; x_wconf 87' lang='lat' dir='ltr'><strong>se</strong></span> <span class='ocrx_word' id='word_1_617' title='bbox 2556 3099 2759 3155; x_wconf 83' lang='lat' dir='ltr'><strong>habent</strong></span> <span class='ocrx_word' id='word_1_618' title='bbox 2786 3120 2800 3154; x_wconf 92' lang='lat'><strong>:</strong></span> <span class='ocrx_word' id='word_1_619' title='bbox 2831 3100 2921 3155; x_wconf 92' lang='lat' dir='ltr'><strong>dic</strong></span> <span class='ocrx_word' id='word_1_620' title='bbox 2955 3099 3086 3154; x_wconf 88' lang='lat' dir='ltr'><strong>mihi</strong></span> <span class='ocrx_word' id='word_1_621' title='bbox 3120 3098 3392 3170; x_wconf 89' lang='lat' dir='ltr'><strong>quomodo</strong></span> <span class='ocrx_word' id='word_1_622' title='bbox 3420 3098 3520 3165; x_wconf 83' lang='lat' dir='ltr'><strong>ait,</strong></span> 
     </span>
    </p>
   </div>
   <div class='ocr_carea' id='block_1_74' title="bbox 1948 3188 3523 3261">
    <p class='ocr_par' dir='ltr' id='par_1_74' title="bbox 1948 3188 3523 3261">
     <span class='ocr_line' id='line_1_74' title="bbox 1948 3188 3523 3261; baseline 0.001 -19"><span class='ocrx_word' id='word_1_623' title='bbox 1948 3203 2111 3242; x_wconf 90' lang='lat' dir='ltr'><strong>omne</strong></span> <span class='ocrx_word' id='word_1_624' title='bbox 2171 3198 2453 3259; x_wconf 88' lang='lat' dir='ltr'><strong>peccatum</strong></span> <span class='ocrx_word' id='word_1_625' title='bbox 2498 3196 2553 3244; x_wconf 91' lang='lat' dir='ltr'><strong>et</strong></span> <span class='ocrx_word' id='word_1_626' title='bbox 2605 3189 2785 3246; x_wconf 89' lang='lat' dir='ltr'><strong>omnis</strong></span> <span class='ocrx_word' id='word_1_627' title='bbox 2831 3188 3169 3261; x_wconf 85' lang='lat' dir='ltr'><strong>blasphemia</strong></span> <span class='ocrx_word' id='word_1_628' title='bbox 3210 3188 3523 3247; x_wconf 85' lang='lat' dir='ltr'><strong>remittetur</strong></span> 
     </span>
    </p>
   </div>
   <div class='ocr_carea' id='block_1_75' title="bbox 1941 3279 3528 3354">
    <p class='ocr_par' dir='ltr' id='par_1_75' title="bbox 1941 3279 3528 3354">
     <span class='ocr_line' id='line_1_75' title="bbox 1941 3279 3528 3354; baseline 0.003 -20"><span class='ocrx_word' id='word_1_629' title='bbox 1941 3279 2297 3336; x_wconf 86' lang='lat' dir='ltr'><strong>hominibus?</strong></span> <span class='ocrx_word' id='word_1_630' title='bbox 2339 3280 2711 3354; x_wconf 83' lang='lat' dir='ltr'><strong>Rursumque,</strong></span> <span class='ocrx_word' id='word_1_631' title='bbox 2744 3282 2790 3338; x_wconf 88' lang='lat' dir='ltr'><strong>si</strong></span> <span class='ocrx_word' id='word_1_632' title='bbox 2825 3298 3012 3339; x_wconf 84' lang='lat' dir='ltr'><strong>verum</strong></span> <span class='ocrx_word' id='word_1_633' title='bbox 3066 3283 3203 3340; x_wconf 88' lang='lat' dir='ltr'><strong>illud</strong></span> <span class='ocrx_word' id='word_1_634' title='bbox 3270 3290 3380 3349; x_wconf 87' lang='lat' dir='ltr'><strong>est,</strong></span> <span class='ocrx_word' id='word_1_635' title='bbox 3422 3295 3528 3340; x_wconf 84' lang='lat' dir='ltr'><strong>cur</strong></span> 
     </span>
    </p>
   </div>
   <div class='ocr_carea' id='block_1_76' title="bbox 1938 3371 3522 3449">
    <p class='ocr_par' dir='ltr' id='par_1_76' title="bbox 1938 3371 3522 3449">
     <span class='ocr_line' id='line_1_76' title="bbox 1938 3371 3522 3449; baseline 0.005 -23"><span class='ocrx_word' id='word_1_636' title='bbox 1938 3372 2103 3429; x_wconf 89' lang='lat' dir='ltr'><strong>miser</strong></span> <span class='ocrx_word' id='word_1_637' title='bbox 2128 3380 2422 3428; x_wconf 88' lang='lat' dir='ltr'><strong>accusatur</strong></span> <span class='ocrx_word' id='word_1_638' title='bbox 2444 3371 2731 3445; x_wconf 86' lang='lat' dir='ltr'><strong>Origenes.</strong></span> <span class='ocrx_word' id='word_1_639' title='bbox 2759 3374 2905 3446; x_wconf 89' lang='lat' dir='ltr'><strong>quod</strong></span> <span class='ocrx_word' id='word_1_640' title='bbox 2939 3375 3101 3433; x_wconf 82' lang='lat' dir='ltr'><strong>tinem</strong></span> <span class='ocrx_word' id='word_1_641' title='bbox 3131 3377 3370 3449; x_wconf 85' lang='lat' dir='ltr'><strong>aliquem</strong></span> <span class='ocrx_word' id='word_1_642' title='bbox 3399 3390 3522 3448; x_wconf 74' lang='lat' dir='ltr'><strong>pte-</strong></span> 
     </span>
    </p>
   </div>
   <div class='ocr_carea' id='block_1_77' title="bbox 1938 3463 3521 3527">
    <p class='ocr_par' dir='ltr' id='par_1_77' title="bbox 1938 3463 3521 3527">
     <span class='ocr_line' id='line_1_77' title="bbox 1938 3463 3521 3527; baseline 0.003 -10"><span class='ocrx_word' id='word_1_643' title='bbox 1938 3477 2133 3517; x_wconf 89' lang='lat' dir='ltr'><strong>narum</strong></span> <span class='ocrx_word' id='word_1_644' title='bbox 2158 3463 2475 3527; x_wconf 85' lang='lat' dir='ltr'><strong>constituat,</strong></span> <span class='ocrx_word' id='word_1_645' title='bbox 2499 3479 2565 3520; x_wconf 86' lang='lat' dir='ltr'><strong>ac</strong></span> <span class='ocrx_word' id='word_1_646' title='bbox 2592 3463 2815 3519; x_wconf 88' lang='lat' dir='ltr'><strong>tandem</strong></span> <span class='ocrx_word' id='word_1_647' title='bbox 2857 3467 3240 3522; x_wconf 84' lang='lat' dir='ltr'><strong>remissionem</strong></span> <span class='ocrx_word' id='word_1_648' title='bbox 3271 3467 3521 3522; x_wconf 85' lang='lat' dir='ltr'><strong>omnium</strong></span> 
     </span>
    </p>
   </div>
   <div class='ocr_carea' id='block_1_78' title="bbox 1939 3556 3523 3627">
    <p class='ocr_par' dir='ltr' id='par_1_78' title="bbox 1939 3556 3523 3627">
     <span class='ocr_line' id='line_1_78' title="bbox 1939 3556 3523 3627; baseline 0.002 -17"><span class='ocrx_word' id='word_1_649' title='bbox 1939 3562 2289 3625; x_wconf 82' lang='lat' dir='ltr'><strong>peccatorum</strong></span> <span class='ocrx_word' id='word_1_650' title='bbox 2322 3556 2636 3612; x_wconf 89' lang='lat' dir='ltr'><strong>hominibus</strong></span> <span class='ocrx_word' id='word_1_651' title='bbox 2665 3556 2869 3627; x_wconf 90' lang='lat' dir='ltr'><strong>pariter</strong></span> <span class='ocrx_word' id='word_1_652' title='bbox 2900 3565 2954 3612; x_wconf 90' lang='lat' dir='ltr'><strong>et</strong></span> <span class='ocrx_word' id='word_1_653' title='bbox 2982 3557 3323 3614; x_wconf 63' lang='lat' dir='ltr'><strong>daemonibus</strong></span> <span class='ocrx_word' id='word_1_654' title='bbox 3349 3574 3380 3612; x_wconf 93' lang='lat' dir='ltr'><strong>a</strong></span> <span class='ocrx_word' id='word_1_655' title='bbox 3412 3557 3523 3613; x_wconf 90' lang='lat' dir='ltr'><strong>Deo</strong></span> 
     </span>
    </p>
   </div>
   <div class='ocr_carea' id='block_1_79' title="bbox 1936 3646 3524 3722">
    <p class='ocr_par' dir='ltr' id='par_1_79' title="bbox 1936 3646 3524 3722">
     <span class='ocr_line' id='line_1_79' title="bbox 1936 3646 3524 3722; baseline 0.002 -19"><span class='ocrx_word' id='word_1_656' title='bbox 1936 3646 2164 3704; x_wconf 86' lang='lat' dir='ltr'><strong>concedi</strong></span> <span class='ocrx_word' id='word_1_657' title='bbox 2198 3648 2488 3719; x_wconf 63' lang='lat' dir='ltr'><strong>praedicet?</strong></span> <span class='ocrx_word' id='word_1_658' title='bbox 2519 3647 2759 3705; x_wconf 80' lang='lat' dir='ltr'><strong>Rursum</strong></span> <span class='ocrx_word' id='word_1_659' title='bbox 2796 3650 2844 3706; x_wconf 90' lang='lat' dir='ltr'><strong>si</strong></span> <span class='ocrx_word' id='word_1_660' title='bbox 2877 3650 3221 3722; x_wconf 84' lang='lat' dir='ltr'><strong>blasphemia</strong></span> <span class='ocrx_word' id='word_1_661' title='bbox 3254 3652 3312 3706; x_wconf 89' lang='lat' dir='ltr'><strong>in</strong></span> <span class='ocrx_word' id='word_1_662' title='bbox 3346 3650 3524 3722; x_wconf 88' lang='lat' dir='ltr'><strong>Spiri-</strong></span> 
     </span>
    </p>
   </div>
   <div class='ocr_carea' id='block_1_80' title="bbox 1940 3740 3527 3812">
    <p class='ocr_par' dir='ltr' id='par_1_80' title="bbox 1940 3740 3527 3812">
     <span class='ocr_line' id='line_1_80' title="bbox 1940 3740 3527 3812; baseline 0.002 -20"><span class='ocrx_word' id='word_1_663' title='bbox 1940 3746 2053 3792; x_wconf 90' lang='lat' dir='ltr'><strong>tum</strong></span> <span class='ocrx_word' id='word_1_664' title='bbox 2077 3747 2330 3794; x_wconf 87' lang='lat' dir='ltr'><strong>sanctum</strong></span> <span class='ocrx_word' id='word_1_665' title='bbox 2362 3740 2740 3795; x_wconf 88' lang='lat' dir='ltr'><strong>remissionem</strong></span> <span class='ocrx_word' id='word_1_666' title='bbox 2780 3756 2893 3796; x_wconf 90' lang='lat' dir='ltr'><strong>non</strong></span> <span class='ocrx_word' id='word_1_667' title='bbox 2933 3741 3117 3806; x_wconf 83' lang='lat' dir='ltr'><strong>habet,</strong></span> <span class='ocrx_word' id='word_1_668' title='bbox 3148 3757 3319 3812; x_wconf 86' lang='lat' dir='ltr'><strong>quare</strong></span> <span class='ocrx_word' id='word_1_669' title='bbox 3340 3743 3527 3812; x_wconf 70' lang='lat' dir='ltr'><strong>culpat</strong></span> 
     </span>
    </p>
   </div>
   <div class='ocr_carea' id='block_1_81' title="bbox 1938 3828 3525 3904">
    <p class='ocr_par' dir='ltr' id='par_1_81' title="bbox 1938 3828 3525 3904">
     <span class='ocr_line' id='line_1_81' title="bbox 1938 3828 3525 3904; baseline 0.003 -19"><span class='ocrx_word' id='word_1_670' title='bbox 1938 3828 2182 3886; x_wconf 82' lang='lat' dir='ltr'><strong>Ecclesia</strong></span> <span class='ocrx_word' id='word_1_671' title='bbox 2220 3828 2483 3884; x_wconf 81' lang='lat' dir='ltr'><strong>Novatum</strong></span> <span class='ocrx_word' id='word_1_672' title='bbox 2529 3831 2862 3902; x_wconf 82' lang='lat' dir='ltr'><strong>rejicientem</strong></span> <span class='ocrx_word' id='word_1_673' title='bbox 2896 3833 3312 3904; x_wconf 64' lang='lat' dir='ltr'><strong>pmnitentiam?</strong></span> <span class='ocrx_word' id='word_1_674' title='bbox 3366 3832 3525 3900; x_wconf 78' lang='lat' dir='ltr'><strong>Quod</strong></span> 
     </span>
    </p>
   </div>
   <div class='ocr_carea' id='block_1_82' title="bbox 1940 3921 3524 3991">
    <p class='ocr_par' dir='ltr' id='par_1_82' title="bbox 1940 3921 3524 3991">
     <span class='ocr_line' id='line_1_82' title="bbox 1940 3921 3524 3991; baseline 0.001 -15"><span class='ocrx_word' id='word_1_675' title='bbox 1940 3929 2120 3978; x_wconf 89' lang='lat' dir='ltr'><strong>autem</strong></span> <span class='ocrx_word' id='word_1_676' title='bbox 2141 3922 2596 3979; x_wconf 86' lang='lat' dir='ltr'><strong>obscurissimum</strong></span> <span class='ocrx_word' id='word_1_677' title='bbox 2626 3932 2681 3980; x_wconf 89' lang='lat' dir='ltr'><strong>et</strong></span> <span class='ocrx_word' id='word_1_678' title='bbox 2706 3923 2983 3979; x_wconf 71' lang='lat' dir='ltr'><strong>intellectu</strong></span> <span class='ocrx_word' id='word_1_679' title='bbox 3003 3921 3381 3980; x_wconf 73' lang='lat' dir='ltr'><strong>difﬁcillimum</strong></span> <span class='ocrx_word' id='word_1_680' title='bbox 3411 3930 3524 3991; x_wconf 80' lang='lat' dir='ltr'><strong>est,</strong></span> 
     </span>
    </p>
   </div>
   <div class='ocr_carea' id='block_1_83' title="bbox 1941 4013 3526 4087">
    <p class='ocr_par' dir='ltr' id='par_1_83' title="bbox 1941 4013 3526 4087">
     <span class='ocr_line' id='line_1_83' title="bbox 1941 4013 3526 4087; baseline 0.001 -17"><span class='ocrx_word' id='word_1_681' title='bbox 1941 4015 2112 4087; x_wconf 90' lang='lat' dir='ltr'><strong>quod,</strong></span> <span class='ocrx_word' id='word_1_682' title='bbox 2143 4014 2193 4070; x_wconf 90' lang='lat' dir='ltr'><strong>ei</strong></span> <span class='ocrx_word' id='word_1_683' title='bbox 2227 4013 2321 4085; x_wconf 93' lang='lat' dir='ltr'><strong>qui</strong></span> <span class='ocrx_word' id='word_1_684' title='bbox 2352 4014 2569 4071; x_wconf 85' lang='lat' dir='ltr'><strong>locutus</strong></span> <span class='ocrx_word' id='word_1_685' title='bbox 2604 4013 2768 4072; x_wconf 77' lang='lat' dir='ltr'><strong>fuerit</strong></span> <span class='ocrx_word' id='word_1_686' title='bbox 2801 4024 2992 4072; x_wconf 86' lang='lat' dir='ltr'><strong>contra</strong></span> <span class='ocrx_word' id='word_1_687' title='bbox 3020 4015 3245 4080; x_wconf 85' lang='lat' dir='ltr'><strong>Filium,</strong></span> <span class='ocrx_word' id='word_1_688' title='bbox 3276 4015 3526 4071; x_wconf 78' lang='lat' dir='ltr'><strong>remitta-</strong></span> 
     </span>
    </p>
   </div>
   <div class='ocr_carea' id='block_1_84' title="bbox 1939 4107 3523 4180">
    <p class='ocr_par' dir='ltr' id='par_1_84' title="bbox 1939 4107 3523 4180">
     <span class='ocr_line' id='line_1_84' title="bbox 1939 4107 3523 4180; baseline 0.001 -17"><span class='ocrx_word' id='word_1_689' title='bbox 1939 4115 2071 4164; x_wconf 89' lang='lat' dir='ltr'><strong>tur:</strong></span> <span class='ocrx_word' id='word_1_690' title='bbox 2103 4108 2154 4164; x_wconf 92' lang='lat' dir='ltr'><strong>ei</strong></span> <span class='ocrx_word' id='word_1_691' title='bbox 2179 4123 2312 4164; x_wconf 79' lang='lat' dir='ltr'><strong>vero</strong></span> <span class='ocrx_word' id='word_1_692' title='bbox 2371 4108 2468 4180; x_wconf 88' lang='lat' dir='ltr'><strong>qui</strong></span> <span class='ocrx_word' id='word_1_693' title='bbox 2514 4108 2714 4165; x_wconf 80' lang='lat' dir='ltr'><strong>dixerit</strong></span> <span class='ocrx_word' id='word_1_694' title='bbox 2756 4110 2982 4167; x_wconf 79' lang='lat' dir='ltr'><strong>verbum</strong></span> <span class='ocrx_word' id='word_1_695' title='bbox 3028 4116 3219 4165; x_wconf 89' lang='lat' dir='ltr'><strong>contra</strong></span> <span class='ocrx_word' id='word_1_696' title='bbox 3255 4107 3523 4179; x_wconf 87' lang='lat' dir='ltr'><strong>Spiritum</strong></span> 
     </span>
    </p>
   </div>
   <div class='ocr_carea' id='block_1_85' title="bbox 1940 4198 3526 4272">
    <p class='ocr_par' dir='ltr' id='par_1_85' title="bbox 1940 4198 3526 4272">
     <span class='ocr_line' id='line_1_85' title="bbox 1940 4198 3526 4272; baseline -0.001 -16"><span class='ocrx_word' id='word_1_697' title='bbox 1940 4209 2220 4265; x_wconf 88' lang='lat' dir='ltr'><strong>sanctum,</strong></span> <span class='ocrx_word' id='word_1_698' title='bbox 2275 4215 2624 4272; x_wconf 87' lang='lat' dir='ltr'><strong>nequaquam</strong></span> <span class='ocrx_word' id='word_1_699' title='bbox 2670 4203 3015 4267; x_wconf 84' lang='lat' dir='ltr'><strong>remittatur;</strong></span> <span class='ocrx_word' id='word_1_700' title='bbox 3043 4201 3120 4256; x_wconf 85' lang='lat' dir='ltr'><strong>ita</strong></span> <span class='ocrx_word' id='word_1_701' title='bbox 3148 4211 3207 4256; x_wconf 89' lang='lat' dir='ltr'><strong>ut</strong></span> <span class='ocrx_word' id='word_1_702' title='bbox 3239 4203 3419 4256; x_wconf 85' lang='lat' dir='ltr'><strong>minor</strong></span> <span class='ocrx_word' id='word_1_703' title='bbox 3450 4198 3526 4255; x_wconf 81' lang='lat' dir='ltr'><strong>sit</strong></span> 
     </span>
    </p>
   </div>
   <div class='ocr_carea' id='block_1_86' title="bbox 1944 4289 3526 4364">
    <p class='ocr_par' dir='ltr' id='par_1_86' title="bbox 1944 4289 3526 4364">
     <span class='ocr_line' id='line_1_86' title="bbox 1944 4289 3526 4364; baseline 0 -18"><span class='ocrx_word' id='word_1_704' title='bbox 1944 4291 2119 4348; x_wconf 80' lang='lat' dir='ltr'><strong>Filius</strong></span> <span class='ocrx_word' id='word_1_705' title='bbox 2141 4290 2351 4363; x_wconf 85' lang='lat' dir='ltr'><strong>Spiritu</strong></span> <span class='ocrx_word' id='word_1_706' title='bbox 2388 4303 2582 4348; x_wconf 85' lang='lat' dir='ltr'><strong>sancto</strong></span> <span class='ocrx_word' id='word_1_707' title='bbox 2609 4299 2664 4347; x_wconf 89' lang='lat' dir='ltr'><strong>et</strong></span> <span class='ocrx_word' id='word_1_708' title='bbox 2691 4290 2872 4349; x_wconf 84' lang='lat' dir='ltr'><strong>Patre.</strong></span> <span class='ocrx_word' id='word_1_709' title='bbox 2904 4291 3086 4360; x_wconf 87' lang='lat' dir='ltr'><strong>Quare</strong></span> <span class='ocrx_word' id='word_1_710' title='bbox 3132 4293 3307 4364; x_wconf 84' lang='lat' dir='ltr'><strong>igitur</strong></span> <span class='ocrx_word' id='word_1_711' title='bbox 3330 4291 3406 4346; x_wconf 78' lang='lat' dir='ltr'><strong>ait</strong></span> <span class='ocrx_word' id='word_1_712' title='bbox 3435 4289 3526 4347; x_wconf 80' lang='lat' dir='ltr'><strong>l’i-</strong></span> 
     </span>
    </p>
   </div>
   <div class='ocr_carea' id='block_1_87' title="bbox 1940 4382 3524 4457">
    <p class='ocr_par' dir='ltr' id='par_1_87' title="bbox 1940 4382 3524 4457">
     <span class='ocr_line' id='line_1_87' title="bbox 1940 4382 3524 4457; baseline -0.001 -17"><span class='ocrx_word' id='word_1_713' title='bbox 1940 4386 2051 4441; x_wconf 85' lang='lat' dir='ltr'><strong>lius</strong></span> <span class='ocrx_word' id='word_1_714' title='bbox 2078 4403 2092 4436; x_wconf 86' lang='lat'><strong>:</strong></span> <span class='ocrx_word' id='word_1_715' title='bbox 2118 4402 2141 4436; x_wconf 76' lang='grc' dir='ltr'><strong>ι</strong></span> <span class='ocrx_word' id='word_1_716' title='bbox 2160 4384 2274 4457; x_wconf 80' lang='lat' dir='ltr'><strong>Ego</strong></span> <span class='ocrx_word' id='word_1_717' title='bbox 2304 4393 2358 4440; x_wconf 91' lang='lat' dir='ltr'><strong>et</strong></span> <span class='ocrx_word' id='word_1_718' title='bbox 2389 4384 2552 4442; x_wconf 87' lang='lat' dir='ltr'><strong>Pater</strong></span> <span class='ocrx_word' id='word_1_719' title='bbox 2566 4400 2735 4440; x_wconf 89' lang='lat' dir='ltr'><strong>unum</strong></span> <span class='ocrx_word' id='word_1_720' title='bbox 2753 4400 2946 4441; x_wconf 88' lang='lat' dir='ltr'><strong>sumus</strong></span> <span class='ocrx_word' id='word_1_721' title='bbox 2963 4384 3010 4418; x_wconf 81' lang='grc'>⁸³</span> <span class='ocrx_word' id='word_1_722' title='bbox 3034 4401 3050 4450; x_wconf 86' lang='grc'>;</span> <span class='ocrx_word' id='word_1_723' title='bbox 3072 4403 3091 4436; x_wconf 77' lang='grc' dir='ltr'><strong>ι</strong></span> <span class='ocrx_word' id='word_1_724' title='bbox 3120 4391 3199 4448; x_wconf 82' lang='lat' dir='ltr'><strong>et,</strong></span> <span class='ocrx_word' id='word_1_725' title='bbox 3231 4404 3249 4436; x_wconf 81' lang='grc' dir='ltr'><strong>ι</strong></span> <span class='ocrx_word' id='word_1_726' title='bbox 3277 4382 3382 4451; x_wconf 88' lang='lat' dir='ltr'><strong>Qui</strong></span> <span class='ocrx_word' id='word_1_727' title='bbox 3411 4397 3524 4438; x_wconf 85' lang='lat' dir='ltr'><strong>non</strong></span> 
     </span>
    </p>
   </div>
   <div class='ocr_carea' id='block_1_88' title="bbox 1940 4474 3521 4547">
    <p class='ocr_par' dir='ltr' id='par_1_88' title="bbox 1940 4474 3521 4547">
     <span class='ocr_line' id='line_1_88' title="bbox 1940 4474 3521 4547; baseline -0.002 -13"><span class='ocrx_word' id='word_1_728' title='bbox 1940 4476 2175 4534; x_wconf 82' lang='lat' dir='ltr'><strong>honorat</strong></span> <span class='ocrx_word' id='word_1_729' title='bbox 2188 4474 2407 4542; x_wconf 71' lang='lat' dir='ltr'><strong>Filium,</strong></span> <span class='ocrx_word' id='word_1_730' title='bbox 2430 4491 2538 4533; x_wconf 92' lang='lat' dir='ltr'><strong>non</strong></span> <span class='ocrx_word' id='word_1_731' title='bbox 2557 4476 2793 4532; x_wconf 81' lang='lat' dir='ltr'><strong>honorat</strong></span> <span class='ocrx_word' id='word_1_732' title='bbox 2810 4484 2865 4532; x_wconf 92' lang='lat' dir='ltr'><strong>et</strong></span> <span class='ocrx_word' id='word_1_733' title='bbox 2878 4474 3096 4532; x_wconf 84' lang='lat' dir='ltr'><strong>Patrem</strong></span> <span class='ocrx_word' id='word_1_734' title='bbox 3115 4475 3198 4530; x_wconf 72' lang='lat'><strong>&quot;‘2</strong></span> <span class='ocrx_word' id='word_1_735' title='bbox 3230 4494 3248 4526; x_wconf 76' lang='grc' dir='ltr'><strong>ι</strong></span> <span class='ocrx_word' id='word_1_736' title='bbox 3277 4475 3521 4547; x_wconf 79' lang='lat' dir='ltr'><strong>itemque</strong></span> 
     </span>
    </p>
   </div>
   <div class='ocr_carea' id='block_1_89' title="bbox 258 4565 1836 4640">
    <p class='ocr_par' dir='ltr' id='par_1_89' title="bbox 258 4566 1836 4640">
     <span class='ocr_line' id='line_1_89' title="bbox 258 4566 1836 4640; baseline -0.003 -16"><span class='ocrx_word' id='word_1_737' title='bbox 258 4569 341 4624; x_wconf 85' lang='grc' dir='ltr'><strong>λιν</strong></span> <span class='ocrx_word' id='word_1_738' title='bbox 371 4569 611 4624; x_wconf 69' lang='grc' dir='ltr'>ἐνταῦθά</span> <span class='ocrx_word' id='word_1_739' title='bbox 635 4586 831 4640; x_wconf 83' lang='grc' dir='ltr'>φησιν,</span> <span class='ocrx_word' id='word_1_740' title='bbox 864 4570 947 4623; x_wconf 81' lang='grc' dir='ltr'>ὅτι</span> <span class='ocrx_word' id='word_1_741' title='bbox 1004 4586 1024 4620; x_wconf 73' lang='grc' dir='ltr'><strong>ι</strong></span> <span class='ocrx_word' id='word_1_742' title='bbox 1054 4570 1147 4633; x_wconf 83' lang='grc' dir='ltr'><strong>’³ος</strong></span> <span class='ocrx_word' id='word_1_743' title='bbox 1171 4567 1216 4621; x_wconf 79' lang='grc' dir='ltr'><strong>δ’</strong></span> <span class='ocrx_word' id='word_1_744' title='bbox 1249 4566 1316 4622; x_wconf 74' lang='grc' dir='ltr'>ἂν</span> <span class='ocrx_word' id='word_1_745' title='bbox 1347 4567 1477 4640; x_wconf 74' lang='grc' dir='ltr'>εἴπῃ</span> <span class='ocrx_word' id='word_1_746' title='bbox 1510 4566 1665 4637; x_wconf 87' lang='grc' dir='ltr'>λόγον</span> <span class='ocrx_word' id='word_1_747' title='bbox 1697 4566 1836 4621; x_wconf 81' lang='grc' dir='ltr'>κατὰ</span> 
     </span>
    </p>
   </div>
   <div class='ocr_carea' id='block_1_90' title="bbox 1944 4565 3523 4640">
    <p class='ocr_par' dir='ltr' id='par_1_90' title="bbox 1944 4565 3523 4637">
     <span class='ocr_line' id='line_1_90' title="bbox 1944 4565 3523 4637; baseline -0.001 -15"><span class='ocrx_word' id='word_1_748' title='bbox 1944 4567 2031 4623; x_wconf 81' lang='lat' dir='ltr'><strong>hic</strong></span> <span class='ocrx_word' id='word_1_749' title='bbox 2055 4569 2171 4624; x_wconf 86' lang='lat' dir='ltr'><strong>ait:</strong></span> <span class='ocrx_word' id='word_1_750' title='bbox 2202 4587 2223 4621; x_wconf 83' lang='grc' dir='ltr'><strong>ι</strong></span> <span class='ocrx_word' id='word_1_751' title='bbox 2250 4566 2576 4637; x_wconf 86' lang='lat' dir='ltr'><strong>Quicunque</strong></span> <span class='ocrx_word' id='word_1_752' title='bbox 2604 4568 2802 4623; x_wconf 79' lang='lat' dir='ltr'><strong>dixerit</strong></span> <span class='ocrx_word' id='word_1_753' title='bbox 2830 4568 3051 4624; x_wconf 78' lang='lat' dir='ltr'><strong>verbum</strong></span> <span class='ocrx_word' id='word_1_754' title='bbox 3081 4574 3276 4623; x_wconf 76' lang='lat' dir='ltr'><strong>contra</strong></span> <span class='ocrx_word' id='word_1_755' title='bbox 3301 4565 3523 4630; x_wconf 75' lang='lat' dir='ltr'><strong>Filium,</strong></span> 
     </span>
    </p>
   </div>
   <div class='ocr_carea' id='block_1_91' title="bbox 258 4655 1833 4733">
    <p class='ocr_par' dir='ltr' id='par_1_91' title="bbox 258 4655 1833 4733">
     <span class='ocr_line' id='line_1_91' title="bbox 258 4655 1833 4733; baseline -0.004 -15"><span class='ocrx_word' id='word_1_756' title='bbox 258 4662 350 4717; x_wconf 85' lang='grc' dir='ltr'><strong>τοῦ</strong></span> <span class='ocrx_word' id='word_1_757' title='bbox 372 4662 508 4718; x_wconf 82' lang='grc' dir='ltr'>Υίοῦ</span> <span class='ocrx_word' id='word_1_758' title='bbox 531 4703 548 4726; x_wconf 83' lang='grc'><strong>,</strong></span> <span class='ocrx_word' id='word_1_759' title='bbox 583 4661 917 4733; x_wconf 80' lang='grc' dir='ltr'>ἀφεθήσεται</span> <span class='ocrx_word' id='word_1_760' title='bbox 950 4659 1133 4729; x_wconf 73' lang='grc' dir='ltr'>αὐτῷς</span> <span class='ocrx_word' id='word_1_761' title='bbox 1163 4679 1183 4712; x_wconf 71' lang='grc' dir='ltr'><strong>ι</strong></span> <span class='ocrx_word' id='word_1_762' title='bbox 1234 4655 1381 4732; x_wconf 68' lang='grc' dir='ltr'>Ἆρα</span> <span class='ocrx_word' id='word_1_763' title='bbox 1409 4655 1532 4722; x_wconf 80' lang='grc' dir='ltr'>οὖν,</span> <span class='ocrx_word' id='word_1_764' title='bbox 1565 4657 1685 4713; x_wconf 77' lang='grc' dir='ltr'>εἰπέ</span> <span class='ocrx_word' id='word_1_765' title='bbox 1723 4675 1833 4730; x_wconf 85' lang='grc' dir='ltr'>μοι,</span> 
     </span>
    </p>
   </div>
   <div class='ocr_carea' id='block_1_92' title="bbox 262 4750 1839 4829">
    <p class='ocr_par' dir='ltr' id='par_1_92' title="bbox 262 4750 1839 4829">
     <span class='ocr_line' id='line_1_92' title="bbox 262 4750 1839 4829; baseline -0.003 -20"><span class='ocrx_word' id='word_1_766' title='bbox 262 4755 744 4829; x_wconf 76' lang='grc' dir='ltr'>συγχωρηθήσεται</span> <span class='ocrx_word' id='word_1_767' title='bbox 765 4756 798 4824; x_wconf 81' lang='grc' dir='ltr'><strong>ἡ</strong></span> <span class='ocrx_word' id='word_1_768' title='bbox 819 4756 894 4818; x_wconf 86' lang='grc' dir='ltr'><strong>είς</strong></span> <span class='ocrx_word' id='word_1_769' title='bbox 910 4752 1000 4807; x_wconf 82' lang='grc' dir='ltr'><strong>τὸν</strong></span> <span class='ocrx_word' id='word_1_770' title='bbox 1017 4752 1143 4806; x_wconf 85' lang='grc' dir='ltr'>Υίὸν</span> <span class='ocrx_word' id='word_1_771' title='bbox 1161 4750 1477 4824; x_wconf 72' lang='grc' dir='ltr'>βλασφημία</span> <span class='ocrx_word' id='word_1_772' title='bbox 1490 4752 1603 4815; x_wconf 82' lang='grc' dir='ltr'>τοῖς</span> <span class='ocrx_word' id='word_1_773' title='bbox 1628 4751 1839 4821; x_wconf 75' lang='grc' dir='ltr'>Ἀρεια-</span> 
     </span>
    </p>
   </div>
   <div class='ocr_carea' id='block_1_93' title="bbox 262 4847 1839 4924">
    <p class='ocr_par' dir='ltr' id='par_1_93' title="bbox 262 4847 1839 4924">
     <span class='ocr_line' id='line_1_93' title="bbox 262 4847 1839 4924; baseline -0.005 -16"><span class='ocrx_word' id='word_1_774' title='bbox 262 4857 385 4920; x_wconf 59' lang='lat' dir='ltr'><strong>volt,</strong></span> <span class='ocrx_word' id='word_1_775' title='bbox 405 4853 888 4924; x_wconf 76' lang='grc' dir='ltr'>καὶΣιμωνιανοῖς.</span> <span class='ocrx_word' id='word_1_776' title='bbox 908 4852 1003 4905; x_wconf 68' lang='grc' dir='ltr'>καὶ</span> <span class='ocrx_word' id='word_1_777' title='bbox 1020 4847 1412 4911; x_wconf 77' lang='grc' dir='ltr'>Σαϐελλιανοῐς,</span> <span class='ocrx_word' id='word_1_778' title='bbox 1436 4848 1530 4900; x_wconf 75' lang='grc' dir='ltr'><strong>καὶ</strong></span> <span class='ocrx_word' id='word_1_779' title='bbox 1549 4848 1839 4902; x_wconf 71' lang='grc' dir='ltr'>Φωτεινιια-</span> 
     </span>
    </p>
   </div>
   <div class='ocr_carea' id='block_1_94' title="bbox 341 5018 1836 5092">
    <p class='ocr_par' dir='ltr' id='par_1_94' title="bbox 341 5023 1829 5092">
     <span class='ocr_line' id='line_1_94' title="bbox 341 5023 1829 5092; baseline -0.005 -6"><span class='ocrx_word' id='word_1_780' title='bbox 341 5032 388 5065; x_wconf 78' lang='grc'><strong>⁷³</strong></span> <span class='ocrx_word' id='word_1_781' title='bbox 418 5030 615 5085; x_wconf 74' lang='lat' dir='ltr'><strong>Matth.</strong></span> <span class='ocrx_word' id='word_1_782' title='bbox 642 5044 742 5092; x_wconf 77' lang='grc' dir='ltr'>ιιι.</span> <span class='ocrx_word' id='word_1_783' title='bbox 772 5030 863 5092; x_wconf 79' lang='lat'><strong>3|,</strong></span> <span class='ocrx_word' id='word_1_784' title='bbox 894 5027 984 5083; x_wconf 73' lang='lat'><strong>32.</strong></span> <span class='ocrx_word' id='word_1_785' title='bbox 1064 5028 1109 5060; x_wconf 85' lang='grc'><strong>⁷⁹</strong></span> <span class='ocrx_word' id='word_1_786' title='bbox 1154 5027 1290 5083; x_wconf 88' lang='lat' dir='ltr'><strong>Luc.</strong></span> <span class='ocrx_word' id='word_1_787' title='bbox 1327 5042 1422 5091; x_wconf 77' lang='lat' dir='ltr'><strong>xu,</strong></span> <span class='ocrx_word' id='word_1_788' title='bbox 1452 5025 1509 5080; x_wconf 86' lang='lat'><strong>9.</strong></span> <span class='ocrx_word' id='word_1_789' title='bbox 1586 5025 1630 5059; x_wconf 78' lang='grc'><strong>⁸⁸</strong></span> <span class='ocrx_word' id='word_1_790' title='bbox 1663 5023 1829 5079; x_wconf 76' lang='lat' dir='ltr'><strong>Matth</strong></span> 
     </span>
    </p>
   </div>
   <div class='ocr_carea' id='block_1_95' title="bbox 1944 5018 3221 5092">
    <p class='ocr_par' dir='ltr' id='par_1_95' title="bbox 1968 5018 3221 5091">
     <span class='ocr_line' id='line_1_95' title="bbox 1968 5018 3221 5091; baseline -0.005 -12"><span class='ocrx_word' id='word_1_791' title='bbox 1968 5023 2058 5079; x_wconf 69' lang='grc'><strong>92.</strong></span> <span class='ocrx_word' id='word_1_792' title='bbox 2122 5023 2166 5055; x_wconf 83' lang='grc'><strong>⁸¹</strong></span> <span class='ocrx_word' id='word_1_793' title='bbox 2200 5023 2216 5077; x_wconf 92' lang='grc'><strong>1</strong></span> <span class='ocrx_word' id='word_1_794' title='bbox 2262 5020 2386 5079; x_wconf 88' lang='lat' dir='ltr'><strong>Cor.</strong></span> <span class='ocrx_word' id='word_1_795' title='bbox 2426 5039 2500 5091; x_wconf 74' lang='lat' dir='ltr'><strong>vr,</strong></span> <span class='ocrx_word' id='word_1_796' title='bbox 2529 5022 2584 5088; x_wconf 84' lang='lat'><strong>9,</strong></span> <span class='ocrx_word' id='word_1_797' title='bbox 2615 5022 2704 5079; x_wconf 82' lang='lat' dir='ltr'><strong>l0.</strong></span> <span class='ocrx_word' id='word_1_798' title='bbox 2778 5022 2824 5055; x_wconf 82' lang='grc'><strong>⁸²</strong></span> <span class='ocrx_word' id='word_1_799' title='bbox 2847 5020 3006 5078; x_wconf 81' lang='lat' dir='ltr'><strong>Joan.</strong></span> <span class='ocrx_word' id='word_1_800' title='bbox 3038 5035 3093 5086; x_wconf 76' lang='grc' dir='ltr'>ι,</span> <span class='ocrx_word' id='word_1_801' title='bbox 3129 5018 3221 5074; x_wconf 76' lang='lat'><strong>30.</strong></span> 
     </span>
    </p>
   </div>
   <div class='ocr_carea' id='block_1_96' title="bbox 265 5100 1023 5165">
    <p class='ocr_par' dir='ltr' id='par_1_96' title="bbox 265 5100 1023 5165">
     <span class='ocr_line' id='line_1_96' title="bbox 265 5100 1023 5165; baseline 0 -12"><span class='ocrx_word' id='word_1_802' title='bbox 265 5116 312 5165; x_wconf 74' lang='grc' dir='ltr'><strong>ν,</strong></span> <span class='ocrx_word' id='word_1_803' title='bbox 334 5101 425 5158; x_wconf 72' lang='lat'><strong>23.</strong></span> <span class='ocrx_word' id='word_1_804' title='bbox 503 5101 552 5133; x_wconf 74' lang='lat'><strong>&quot;’</strong></span> <span class='ocrx_word' id='word_1_805' title='bbox 582 5100 775 5155; x_wconf 77' lang='lat' dir='ltr'><strong>Matth.</strong></span> <span class='ocrx_word' id='word_1_806' title='bbox 804 5115 902 5163; x_wconf 81' lang='lat' dir='ltr'><strong>xu,</strong></span> <span class='ocrx_word' id='word_1_807' title='bbox 935 5100 1023 5153; x_wconf 68' lang='grc' dir='ltr'>δι’..</span> 
     </span>
    </p>
   </div>
   <div class='ocr_carea' id='block_1_97' title="bbox 333 5250 1828 5334">
    <p class='ocr_par' dir='ltr' id='par_1_97' title="bbox 333 5250 1828 5334">
     <span class='ocr_line' id='line_1_97' title="bbox 333 5250 1828 5334; baseline -0.009 -15"><span class='ocrx_word' id='word_1_808' title='bbox 333 5264 409 5334; x_wconf 81' lang='grc'><strong>(8)</strong></span> <span class='ocrx_word' id='word_1_809' title='bbox 460 5259 555 5327; x_wconf 78' lang='grc' dir='ltr'><strong>Ἐξ</strong></span> <span class='ocrx_word' id='word_1_810' title='bbox 574 5256 769 5334; x_wconf 53' lang='grc' dir='ltr'>αὐτοῦ,</span> <span class='ocrx_word' id='word_1_811' title='bbox 792 5255 945 5313; x_wconf 87' lang='lat' dir='ltr'><strong>deest</strong></span> <span class='ocrx_word' id='word_1_812' title='bbox 968 5257 1023 5313; x_wconf 89' lang='lat' dir='ltr'><strong>in</strong></span> <span class='ocrx_word' id='word_1_813' title='bbox 1052 5254 1140 5334; x_wconf 68' lang='lat' dir='ltr'><strong>ed.</strong></span> <span class='ocrx_word' id='word_1_814' title='bbox 1157 5254 1449 5334; x_wconf 85' lang='lat' dir='ltr'><strong>_Commel..</strong></span> <span class='ocrx_word' id='word_1_815' title='bbox 1480 5250 1828 5334; x_wconf 73' lang='lat' dir='ltr'><strong>sedhabetur</strong></span> 
     </span>
    </p>
   </div>
   <div class='ocr_carea' id='block_1_98' title="bbox 267 5324 1825 5402">
    <p class='ocr_par' dir='ltr' id='par_1_98' title="bbox 267 5324 1825 5402">
     <span class='ocr_line' id='line_1_98' title="bbox 267 5324 1825 5402; baseline -0.006 -16"><span class='ocrx_word' id='word_1_816' title='bbox 267 5332 318 5388; x_wconf 87' lang='lat' dir='ltr'><strong>in</strong></span> <span class='ocrx_word' id='word_1_817' title='bbox 339 5324 588 5402; x_wconf 20' lang='lat' dir='ltr'><strong>reliquis,</strong></span> <span class='ocrx_word' id='word_1_818' title='bbox 599 5330 858 5402; x_wconf 81' lang='lat' dir='ltr'><strong>omnibus</strong></span> <span class='ocrx_word' id='word_1_819' title='bbox 887 5342 1010 5402; x_wconf 78' lang='lat' dir='ltr'><strong>cum</strong></span> <span class='ocrx_word' id='word_1_820' title='bbox 1040 5324 1224 5402; x_wconf 64' lang='lat' dir='ltr'><strong>editis,</strong></span> <span class='ocrx_word' id='word_1_821' title='bbox 1257 5333 1370 5402; x_wconf 90' lang='lat' dir='ltr'><strong>t_um</strong></span> <span class='ocrx_word' id='word_1_822' title='bbox 1403 5324 1825 5402; x_wconf 67' lang='lat' dir='ltr'><strong>manuscriptis.</strong></span> 
     </span>
    </p>
   </div>
   <div class='ocr_carea' id='block_1_99' title="bbox 331 5391 1827 5476">
    <p class='ocr_par' dir='ltr' id='par_1_99' title="bbox 331 5391 1827 5476">
     <span class='ocr_line' id='line_1_99' title="bbox 331 5391 1827 5476; baseline -0.011 -16"><span class='ocrx_word' id='word_1_823' title='bbox 331 5403 404 5476; x_wconf 86' lang='lat'><strong>(9)</strong></span> <span class='ocrx_word' id='word_1_824' title='bbox 442 5391 538 5476; x_wconf 55' lang='lat' dir='ltr'><strong>S&#39;_ic</strong></span> <span class='ocrx_word' id='word_1_825' title='bbox 569 5399 772 5463; x_wconf 61' lang='grc' dir='ltr'>ναις..</span> <span class='ocrx_word' id='word_1_826' title='bbox 801 5394 1324 5476; x_wconf 75' lang='lat' dir='ltr'><strong>Anglic.,_Basil._ln</strong></span> <span class='ocrx_word' id='word_1_827' title='bbox 1352 5394 1516 5476; x_wconf 79' lang='lat' dir='ltr'><strong>editis</strong></span> <span class='ocrx_word' id='word_1_828' title='bbox 1552 5391 1709 5476; x_wconf 33' lang='lat' dir='ltr'><strong>yero,’</strong></span> <span class='ocrx_word' id='word_1_829' title='bbox 1743 5391 1827 5474; x_wconf 71' lang='grc' dir='ltr'>τρ,</span> 
     </span>
    </p>
   </div>
   <div class='ocr_carea' id='block_1_100' title="bbox 267 5462 1829 5541">
    <p class='ocr_par' dir='ltr' id='par_1_100' title="bbox 267 5462 1829 5541">
     <span class='ocr_line' id='line_1_100' title="bbox 267 5462 1829 5541; baseline -0.006 -14"><span class='ocrx_word' id='word_1_830' title='bbox 267 5462 426 5530; x_wconf 69' lang='lat' dir='ltr'><strong>deest.</strong></span> <span class='ocrx_word' id='word_1_831' title='bbox 464 5472 639 5528; x_wconf 91' lang='lat' dir='ltr'><strong>Porro</strong></span> <span class='ocrx_word' id='word_1_832' title='bbox 673 5462 1158 5541; x_wconf 34' lang='lat' dir='ltr'><strong>segmentumAhoc</strong></span> <span class='ocrx_word' id='word_1_833' title='bbox 1194 5464 1264 5522; x_wconf 86' lang='lat' dir='ltr'><strong>ad</strong></span> <span class='ocrx_word' id='word_1_834' title='bbox 1290 5462 1526 5521; x_wconf 74' lang='lat' dir='ltr'><strong>&#39;verbum</strong></span> <span class='ocrx_word' id='word_1_835' title='bbox 1552 5465 1747 5536; x_wconf 85' lang='lat' dir='ltr'><strong>legitur</strong></span> <span class='ocrx_word' id='word_1_836' title='bbox 1774 5462 1829 5517; x_wconf 91' lang='lat' dir='ltr'><strong>in</strong></span> 
     </span>
    </p>
   </div>
   <div class='ocr_carea' id='block_1_101' title="bbox 269 5535 1128 5611">
    <p class='ocr_par' dir='ltr' id='par_1_101' title="bbox 269 5535 1128 5611">
     <span class='ocr_line' id='line_1_101' title="bbox 269 5535 1128 5611; baseline -0.01 -11"><span class='ocrx_word' id='word_1_837' title='bbox 269 5544 457 5611; x_wconf 70' lang='lat' dir='ltr'><strong>Qum.</strong></span> <span class='ocrx_word' id='word_1_838' title='bbox 491 5548 560 5597; x_wconf 82' lang='lat' dir='ltr'><strong>ad</strong></span> <span class='ocrx_word' id='word_1_839' title='bbox 592 5535 929 5611; x_wconf 49' lang='lat' dir='ltr'><strong>Antiochum,</strong></span> <span class='ocrx_word' id='word_1_840' title='bbox 963 5535 1128 5611; x_wconf 58' lang='lat' dir='ltr'><strong>infra.</strong></span> 
     </span>
    </p>
   </div>
   <div class='ocr_carea' id='block_1_102' title="bbox 327 5603 1759 5684">
    <p class='ocr_par' dir='ltr' id='par_1_102' title="bbox 327 5603 1759 5684">
     <span class='ocr_line' id='line_1_102' title="bbox 327 5603 1759 5684; baseline -0.011 -14"><span class='ocrx_word' id='word_1_841' title='bbox 327 5616 438 5684; x_wconf 70' lang='lat'><strong>(1,0)</strong></span> <span class='ocrx_word' id='word_1_842' title='bbox 476 5613 621 5668; x_wconf 84' lang='lat' dir='ltr'><strong>Edit.</strong></span> <span class='ocrx_word' id='word_1_843' title='bbox 654 5609 920 5684; x_wconf 63' lang='lat' dir='ltr'><strong>Qommel.</strong></span> <span class='ocrx_word' id='word_1_844' title='bbox 954 5605 1310 5684; x_wconf 84' lang='lat' dir='ltr'><strong>et_Vatican.,</strong></span> <span class='ocrx_word' id='word_1_845' title='bbox 1334 5605 1392 5669; x_wconf 79' lang='grc' dir='ltr'>ὃς</span> <span class='ocrx_word' id='word_1_846' title='bbox 1421 5603 1489 5659; x_wconf 85' lang='grc' dir='ltr'><strong>δι’</strong></span> <span class='ocrx_word' id='word_1_847' title='bbox 1522 5603 1582 5658; x_wconf 77' lang='grc' dir='ltr'>ὃν</span> <span class='ocrx_word' id='word_1_848' title='bbox 1606 5603 1759 5675; x_wconf 77' lang='grc' dir='ltr'>είπῃ.</span> 
     </span>
    </p>
   </div>
   <div class='ocr_carea' id='block_1_103' title="bbox 356 5678 1185 5755">
    <p class='ocr_par' dir='ltr' id='par_1_103' title="bbox 356 5678 1185 5755">
     <span class='ocr_line' id='line_1_103' title="bbox 356 5678 1185 5755; baseline -0.01 -16"><span class='ocrx_word' id='word_1_849' title='bbox 356 5678 439 5755; x_wconf 75' lang='lat' dir='ltr'><strong>tl)</strong></span> <span class='ocrx_word' id='word_1_850' title='bbox 479 5678 1185 5755; x_wconf 42' lang='grc' dir='ltr'>Εᾴἱιεϐηιιιιιιθιη-γένναν.</span> 
     </span>
    </p>
   </div>
   <div class='ocr_carea' id='block_1_104' title="bbox 356 5740 1827 5826">
    <p class='ocr_par' dir='ltr' id='par_1_104' title="bbox 356 5740 1827 5826">
     <span class='ocr_line' id='line_1_104' title="bbox 356 5740 1827 5826; baseline -0.008 -18"><span class='ocrx_word' id='word_1_851' title='bbox 356 5740 439 5826; x_wconf 59' lang='lat' dir='ltr'><strong>l2}</strong></span> <span class='ocrx_word' id='word_1_852' title='bbox 475 5753 588 5824; x_wconf 70' lang='grc' dir='ltr'><strong>Οὐχ</strong></span> <span class='ocrx_word' id='word_1_853' title='bbox 614 5752 887 5826; x_wconf 62' lang='grc' dir='ltr'>ἅρπαγες,</span> <span class='ocrx_word' id='word_1_854' title='bbox 907 5740 1086 5826; x_wconf 42' lang='lat' dir='ltr'><strong>__&#39;deest</strong></span> <span class='ocrx_word' id='word_1_855' title='bbox 1114 5744 1365 5826; x_wconf 40' lang='lat' dir='ltr'><strong>in.Basil_:</strong></span> <span class='ocrx_word' id='word_1_856' title='bbox 1398 5745 1537 5826; x_wconf 55' lang='lat' dir='ltr'><strong>Aug.</strong></span> <span class='ocrx_word' id='word_1_857' title='bbox 1568 5740 1827 5826; x_wconf 40' lang='lat' dir='ltr'><strong>e_t_.Vati.c_</strong></span> 
     </span>
    </p>
   </div>
   <div class='ocr_carea' id='block_1_105' title="bbox 270 5815 1828 5895">
    <p class='ocr_par' dir='ltr' id='par_1_105' title="bbox 270 5815 1828 5895">
     <span class='ocr_line' id='line_1_105' title="bbox 270 5815 1828 5895; baseline -0.005 -17"><span class='ocrx_word' id='word_1_858' title='bbox 270 5815 399 5891; x_wconf 68' lang='lat' dir='ltr'><strong>llos,</strong></span> <span class='ocrx_word' id='word_1_859' title='bbox 419 5815 669 5895; x_wconf 63' lang='lat' dir='ltr'><strong>&#39;Angt&#39;i&#39;c.,&#39;</strong></span> <span class='ocrx_word' id='word_1_860' title='bbox 704 5815 881 5875; x_wconf 71' lang='lat' dir='ltr'><strong>Vatic.</strong></span> <span class='ocrx_word' id='word_1_861' title='bbox 898 5818 979 5888; x_wconf 89' lang='lat' dir='ltr'><strong>(in</strong></span> <span class='ocrx_word' id='word_1_862' title='bbox 1018 5832 1128 5889; x_wconf 90' lang='lat' dir='ltr'><strong>quo</strong></span> <span class='ocrx_word' id='word_1_863' title='bbox 1156 5816 1309 5872; x_wconf 87' lang='lat' dir='ltr'><strong>deest</strong></span> <span class='ocrx_word' id='word_1_864' title='bbox 1336 5816 1461 5887; x_wconf 80' lang='grc' dir='ltr'>ὅτι),</span> <span class='ocrx_word' id='word_1_865' title='bbox 1490 5815 1828 5879; x_wconf 82' lang='lat' dir='ltr'><strong>Basiliensis,</strong></span> 
     </span>
    </p>
   </div>
   <div class='ocr_carea' id='block_1_106' title="bbox 528 5911 1283 5977">
    <p class='ocr_par' dir='ltr' id='par_1_106' title="bbox 528 5911 1283 5977">
     <span class='ocr_line' id='line_1_106' title="bbox 528 5911 1283 5977; baseline -0.009 0"><span class='ocrx_word' id='word_1_866' title='bbox 528 5917 805 5977; x_wconf 72' lang='grc' dir='ltr'>ΡΑτιοι.</span> <span class='ocrx_word' id='word_1_867' title='bbox 839 5913 958 5975; x_wconf 76' lang='lat' dir='ltr'><strong>Gn.</strong></span> <span class='ocrx_word' id='word_1_868' title='bbox 986 5911 1283 5976; x_wconf 76' lang='lat' dir='ltr'><strong>XXVIII.</strong></span> 
     </span>
    </p>
   </div>
   <div class='ocr_carea' id='block_1_107' title="bbox 1944 4656 3528 4730">
    <p class='ocr_par' dir='ltr' id='par_1_107' title="bbox 1944 4656 3528 4730">
     <span class='ocr_line' id='line_1_107' title="bbox 1944 4656 3528 4730; baseline -0.002 -16"><span class='ocrx_word' id='word_1_869' title='bbox 1944 4660 2255 4716; x_wconf 83' lang='lat' dir='ltr'><strong>remittetur</strong></span> <span class='ocrx_word' id='word_1_870' title='bbox 2270 4659 2419 4715; x_wconf 77' lang='lat' dir='ltr'><strong>ei“?</strong></span> <span class='ocrx_word' id='word_1_871' title='bbox 2442 4679 2461 4712; x_wconf 74' lang='grc' dir='ltr'><strong>ι</strong></span> <span class='ocrx_word' id='word_1_872' title='bbox 2486 4656 2695 4730; x_wconf 86' lang='lat' dir='ltr'><strong>Ergone</strong></span> <span class='ocrx_word' id='word_1_873' title='bbox 2726 4658 2938 4715; x_wconf 85' lang='lat' dir='ltr'><strong>scilicet</strong></span> <span class='ocrx_word' id='word_1_874' title='bbox 2954 4657 3356 4713; x_wconf 80' lang='lat' dir='ltr'><strong>condonabitur</strong></span> <span class='ocrx_word' id='word_1_875' title='bbox 3378 4657 3528 4712; x_wconf 84' lang='lat' dir='ltr'><strong>blas-</strong></span> 
     </span>
    </p>
   </div>
   <div class='ocr_carea' id='block_1_108' title="bbox 1947 4748 3524 4823">
    <p class='ocr_par' dir='ltr' id='par_1_108' title="bbox 1947 4748 3524 4823">
     <span class='ocr_line' id='line_1_108' title="bbox 1947 4748 3524 4823; baseline -0.004 -15"><span class='ocrx_word' id='word_1_876' title='bbox 1947 4752 2164 4823; x_wconf 86' lang='lat' dir='ltr'><strong>phemia</strong></span> <span class='ocrx_word' id='word_1_877' title='bbox 2195 4752 2251 4811; x_wconf 89' lang='lat' dir='ltr'><strong>in</strong></span> <span class='ocrx_word' id='word_1_878' title='bbox 2284 4750 2479 4807; x_wconf 85' lang='lat' dir='ltr'><strong>Filium</strong></span> <span class='ocrx_word' id='word_1_879' title='bbox 2510 4750 2754 4815; x_wconf 83' lang='lat' dir='ltr'><strong>Arianis,</strong></span> <span class='ocrx_word' id='word_1_880' title='bbox 2788 4748 3145 4813; x_wconf 80' lang='lat' dir='ltr'><strong>Simonianis,</strong></span> <span class='ocrx_word' id='word_1_881' title='bbox 3177 4748 3524 4813; x_wconf 86' lang='lat' dir='ltr'><strong>Sabellianis,</strong></span> 
     </span>
    </p>
   </div>
   <div class='ocr_carea' id='block_1_109' title="bbox 1948 4838 3528 4915">
    <p class='ocr_par' dir='ltr' id='par_1_109' title="bbox 1948 4838 3528 4915">
     <span class='ocr_line' id='line_1_109' title="bbox 1948 4838 3528 4915; baseline -0.006 -14"><span class='ocrx_word' id='word_1_882' title='bbox 1948 4844 2314 4909; x_wconf 84' lang='lat' dir='ltr'><strong>Photinianis,</strong></span> <span class='ocrx_word' id='word_1_883' title='bbox 2342 4850 2396 4900; x_wconf 90' lang='lat' dir='ltr'><strong>et</strong></span> <span class='ocrx_word' id='word_1_884' title='bbox 2424 4844 2659 4915; x_wconf 87' lang='lat' dir='ltr'><strong>reliquis</strong></span> <span class='ocrx_word' id='word_1_885' title='bbox 2701 4843 2956 4900; x_wconf 85' lang='lat' dir='ltr'><strong>omnibus</strong></span> <span class='ocrx_word' id='word_1_886' title='bbox 3000 4842 3099 4914; x_wconf 89' lang='lat' dir='ltr'><strong>qui</strong></span> <span class='ocrx_word' id='word_1_887' title='bbox 3148 4841 3413 4897; x_wconf 79' lang='lat' dir='ltr'><strong>adversus</strong></span> <span class='ocrx_word' id='word_1_888' title='bbox 3442 4838 3528 4893; x_wconf 87' lang='lat' dir='ltr'><strong>in-</strong></span> 
     </span>
    </p>
   </div>
   <div class='ocr_carea' id='block_1_110' title="bbox 3297 5013 3525 5076">
    <p class='ocr_par' dir='ltr' id='par_1_110' title="bbox 3297 5013 3525 5076">
     <span class='ocr_line' id='line_1_110' title="bbox 3297 5013 3525 5076; baseline 0.022 -5"><span class='ocrx_word' id='word_1_889' title='bbox 3297 5016 3343 5049; x_wconf 74' lang='lat'><strong>&quot;</strong></span> <span class='ocrx_word' id='word_1_890' title='bbox 3362 5013 3525 5076; x_wconf 77' lang='lat' dir='ltr'><strong>Joan.</strong></span> 
     </span>
    </p>
   </div>
   <div class='ocr_carea' id='block_1_111' title="bbox 1937 5237 3527 5371">
    <p class='ocr_par' dir='ltr' id='par_1_111' title="bbox 1937 5237 3527 5371">
     <span class='ocr_line' id='line_1_111' title="bbox 1937 5237 3527 5318; baseline -0.007 -15"><span class='ocrx_word' id='word_1_891' title='bbox 1937 5249 2121 5303; x_wconf 82' lang='grc' dir='ltr'>λοιπὸν</span> <span class='ocrx_word' id='word_1_892' title='bbox 2145 5246 2266 5301; x_wconf 73' lang='grc' dir='ltr'>εἰπέ</span> <span class='ocrx_word' id='word_1_893' title='bbox 2301 5263 2390 5318; x_wconf 86' lang='grc' dir='ltr'><strong>μοι</strong></span> <span class='ocrx_word' id='word_1_894' title='bbox 2420 5246 2524 5309; x_wconf 79' lang='grc' dir='ltr'>ὅτι,</span> <span class='ocrx_word' id='word_1_895' title='bbox 2560 5253 2613 5303; x_wconf 87' lang='lat' dir='ltr'><strong>et</strong></span> <span class='ocrx_word' id='word_1_896' title='bbox 2642 5244 2723 5299; x_wconf 82' lang='lat' dir='ltr'><strong>ita</strong></span> <span class='ocrx_word' id='word_1_897' title='bbox 2752 5243 2879 5315; x_wconf 86' lang='lat' dir='ltr'><strong>legit</strong></span> <span class='ocrx_word' id='word_1_898' title='bbox 2915 5237 3181 5296; x_wconf 81' lang='lat' dir='ltr'><strong>Nannius.</strong></span> <span class='ocrx_word' id='word_1_899' title='bbox 3216 5237 3387 5303; x_wconf 79' lang='lat' dir='ltr'><strong>Editi,</strong></span> <span class='ocrx_word' id='word_1_900' title='bbox 3414 5237 3527 5292; x_wconf 84' lang='grc' dir='ltr'>λοι-</span> 
     </span>
     <span class='ocr_line' id='line_1_112' title="bbox 1939 5310 2370 5371; baseline 0 0"><span class='ocrx_word' id='word_1_901' title='bbox 1939 5321 2039 5371; x_wconf 75' lang='grc' dir='ltr'>τεὸν</span> <span class='ocrx_word' id='word_1_902' title='bbox 2067 5310 2241 5371; x_wconf 71' lang='grc' dir='ltr'>εἶπεν.</span> <span class='ocrx_word' id='word_1_903' title='bbox 2267 5317 2370 5371; x_wconf 83' lang='grc' dir='ltr'>ὅτι.</span> 
     </span>
    </p>
   </div>
   <div class='ocr_carea' id='block_1_112' title="bbox 1939 5321 2374 5383">
    <p class='ocr_par' dir='ltr' id='par_1_112' title="bbox 1939 5321 2374 5383">
     <span class='ocr_line' id='line_1_113' title="bbox 1939 5321 2374 5383; baseline -0.005 -10"><span class='ocrx_word' id='word_1_904' title='bbox 1939 5321 2039 5373; x_wconf 78' lang='grc' dir='ltr'><strong>πὸν</strong></span> <span class='ocrx_word' id='word_1_905' title='bbox 2067 5321 2241 5383; x_wconf 72' lang='grc' dir='ltr'>εἶπεν,</span> <span class='ocrx_word' id='word_1_906' title='bbox 2267 5321 2374 5381; x_wconf 57' lang='grc' dir='ltr'>ὅτι,</span> 
     </span>
    </p>
   </div>
   <div class='ocr_carea' id='block_1_113' title="bbox 2012 5378 3522 5461">
    <p class='ocr_par' dir='ltr' id='par_1_113' title="bbox 2012 5378 3522 5461">
     <span class='ocr_line' id='line_1_114' title="bbox 2012 5378 3522 5461; baseline -0.007 -16"><span class='ocrx_word' id='word_1_907' title='bbox 2012 5390 2123 5461; x_wconf 75' lang='grc'><strong>(15)</strong></span> <span class='ocrx_word' id='word_1_908' title='bbox 2166 5378 2252 5461; x_wconf 69' lang='lat' dir='ltr'><strong>De</strong></span> <span class='ocrx_word' id='word_1_909' title='bbox 2286 5378 2390 5461; x_wconf 82' lang='lat' dir='ltr'><strong>hoc</strong></span> <span class='ocrx_word' id='word_1_910' title='bbox 2431 5385 2722 5461; x_wconf 75' lang='lat' dir='ltr'><strong>loc0_vid_e</strong></span> <span class='ocrx_word' id='word_1_911' title='bbox 2764 5398 2887 5453; x_wconf 80' lang='lat' dir='ltr'><strong>qua:</strong></span> <span class='ocrx_word' id='word_1_912' title='bbox 2919 5380 3161 5437; x_wconf 76' lang='lat' dir='ltr'><strong>diximus</strong></span> <span class='ocrx_word' id='word_1_913' title='bbox 3195 5378 3251 5435; x_wconf 88' lang='lat' dir='ltr'><strong>in</strong></span> <span class='ocrx_word' id='word_1_914' title='bbox 3295 5378 3522 5436; x_wconf 63' lang='lat' dir='ltr'><strong>ﬂonito.</strong></span> 
     </span>
    </p>
   </div>
   <div class='ocr_carea' id='block_1_114' title="bbox 1940 5455 2880 5529">
    <p class='ocr_par' dir='ltr' id='par_1_114' title="bbox 1940 5455 2880 5529">
     <span class='ocr_line' id='line_1_115' title="bbox 1940 5455 2880 5529; baseline -0.011 -13"><span class='ocrx_word' id='word_1_915' title='bbox 1940 5455 2086 5518; x_wconf 73' lang='lat' dir='ltr'><strong>Mox,</strong></span> <span class='ocrx_word' id='word_1_916' title='bbox 2106 5455 2273 5529; x_wconf 54' lang='grc' dir='ltr'>φησί.</span> <span class='ocrx_word' id='word_1_917' title='bbox 2304 5458 2459 5529; x_wconf 86' lang='lat' dir='ltr'><strong>deest</strong></span> <span class='ocrx_word' id='word_1_918' title='bbox 2481 5458 2537 5512; x_wconf 88' lang='lat' dir='ltr'><strong>in</strong></span> <span class='ocrx_word' id='word_1_919' title='bbox 2558 5455 2880 5529; x_wconf 77' lang='lat' dir='ltr'><strong>Anglicano.</strong></span> 
     </span>
    </p>
   </div>
   <div class='ocr_carea' id='block_1_115' title="bbox 2014 5520 3525 5601">
    <p class='ocr_par' dir='ltr' id='par_1_115' title="bbox 2014 5520 3525 5601">
     <span class='ocr_line' id='line_1_116' title="bbox 2014 5520 3525 5601; baseline -0.005 -18"><span class='ocrx_word' id='word_1_920' title='bbox 2014 5520 2151 5601; x_wconf 38' lang='lat'><strong>(14)&quot;</strong></span> <span class='ocrx_word' id='word_1_921' title='bbox 2168 5520 2511 5601; x_wconf 76' lang='lat' dir='ltr'><strong>Basiliensis,</strong></span> <span class='ocrx_word' id='word_1_922' title='bbox 2556 5532 2613 5580; x_wconf 92' lang='lat' dir='ltr'><strong>et</strong></span> <span class='ocrx_word' id='word_1_923' title='bbox 2647 5520 3007 5595; x_wconf 53' lang='lat' dir='ltr'><strong>Anglicanus,</strong></span> <span class='ocrx_word' id='word_1_924' title='bbox 3050 5520 3525 5601; x_wconf 51' lang='lat' dir='ltr'><strong>Epuﬂatieanus</strong></span> 
     </span>
    </p>
   </div>
   <div class='ocr_carea' id='block_1_116' title="bbox 1941 5593 3527 5670">
    <p class='ocr_par' dir='ltr' id='par_1_116' title="bbox 1941 5593 3527 5670">
     <span class='ocr_line' id='line_1_117' title="bbox 1941 5593 3527 5670; baseline -0.006 -14"><span class='ocrx_word' id='word_1_925' title='bbox 1941 5612 1996 5657; x_wconf 89' lang='lat' dir='ltr'><strong>et</strong></span> <span class='ocrx_word' id='word_1_926' title='bbox 2023 5593 2180 5670; x_wconf 80' lang='lat' dir='ltr'><strong>editi,</strong></span> <span class='ocrx_word' id='word_1_927' title='bbox 2200 5598 2319 5670; x_wconf 75' lang='grc' dir='ltr'><strong>ἔχῃ,</strong></span> <span class='ocrx_word' id='word_1_928' title='bbox 2342 5598 2474 5666; x_wconf 66' lang='lat' dir='ltr'><strong>Quae</strong></span> <span class='ocrx_word' id='word_1_929' title='bbox 2502 5610 2629 5651; x_wconf 79' lang='lat' dir='ltr'><strong>mox</strong></span> <span class='ocrx_word' id='word_1_930' title='bbox 2658 5593 2963 5670; x_wconf 63' lang='lat' dir='ltr'><strong>sequuntur</strong></span> <span class='ocrx_word' id='word_1_931' title='bbox 2985 5593 3173 5670; x_wconf 81' lang='lat' dir='ltr'><strong>eadem</strong></span> <span class='ocrx_word' id='word_1_932' title='bbox 3202 5593 3370 5670; x_wconf 77' lang='lat' dir='ltr'><strong>ferme</strong></span> <span class='ocrx_word' id='word_1_933' title='bbox 3398 5608 3527 5670; x_wconf 73' lang='lat' dir='ltr'><strong>sen-</strong></span> 
     </span>
    </p>
   </div>
   <div class='ocr_carea' id='block_1_117' title="bbox 1940 5660 3522 5737">
    <p class='ocr_par' dir='ltr' id='par_1_117' title="bbox 1940 5660 3522 5737">
     <span class='ocr_line' id='line_1_118' title="bbox 1940 5660 3522 5737; baseline -0.004 -14"><span class='ocrx_word' id='word_1_934' title='bbox 1940 5671 2109 5726; x_wconf 87' lang='lat' dir='ltr'><strong>tentia</strong></span> <span class='ocrx_word' id='word_1_935' title='bbox 2142 5660 2393 5724; x_wconf 58' lang='lat' dir='ltr'><strong>manu}</strong></span> <span class='ocrx_word' id='word_1_936' title='bbox 2424 5670 2480 5723; x_wconf 91' lang='lat' dir='ltr'><strong>in</strong></span> <span class='ocrx_word' id='word_1_937' title='bbox 2512 5674 2708 5737; x_wconf 83' lang='lat' dir='ltr'><strong>quarta</strong></span> <span class='ocrx_word' id='word_1_938' title='bbox 2737 5660 2845 5730; x_wconf 61' lang='lat' dir='ltr'><strong>&#39;ad_</strong></span> <span class='ocrx_word' id='word_1_939' title='bbox 2868 5664 3220 5737; x_wconf 76' lang='lat' dir='ltr'><strong>Serapionem</strong></span> <span class='ocrx_word' id='word_1_940' title='bbox 3264 5660 3522 5737; x_wconf 57' lang='lat' dir='ltr'><strong>epistola,</strong></span> 
     </span>
    </p>
   </div>
   <div class='ocr_carea' id='block_1_118' title="bbox 1942 5730 3527 5809">
    <p class='ocr_par' dir='ltr' id='par_1_118' title="bbox 1942 5730 3527 5809">
     <span class='ocr_line' id='line_1_119' title="bbox 1942 5730 3527 5809; baseline -0.003 -16"><span class='ocrx_word' id='word_1_941' title='bbox 1942 5740 2078 5796; x_wconf 87' lang='lat' dir='ltr'><strong>Vide</strong></span> <span class='ocrx_word' id='word_1_942' title='bbox 2121 5753 2247 5809; x_wconf 73' lang='lat' dir='ltr'><strong>quae</strong></span> <span class='ocrx_word' id='word_1_943' title='bbox 2288 5739 2390 5795; x_wconf 86' lang='lat' dir='ltr'><strong>hac</strong></span> <span class='ocrx_word' id='word_1_944' title='bbox 2436 5738 2504 5795; x_wconf 88' lang='lat' dir='ltr'><strong>de</strong></span> <span class='ocrx_word' id='word_1_945' title='bbox 2531 5730 2600 5791; x_wconf 69' lang='lat' dir='ltr'><strong>&#39;re</strong></span> <span class='ocrx_word' id='word_1_946' title='bbox 2644 5735 2881 5793; x_wconf 86' lang='lat' dir='ltr'><strong>dicimus</strong></span> <span class='ocrx_word' id='word_1_947' title='bbox 2912 5737 2983 5809; x_wconf 46' lang='lat' dir='ltr'><strong>.in</strong></span> <span class='ocrx_word' id='word_1_948' title='bbox 3005 5730 3430 5802; x_wconf 45' lang='lat' dir='ltr'><strong>&#39;Quwstion—ibus</strong></span> <span class='ocrx_word' id='word_1_949' title='bbox 3453 5730 3527 5789; x_wconf 60' lang='lat' dir='ltr'><strong>ei</strong></span> 
     </span>
    </p>
   </div>
   <div class='ocr_carea' id='block_1_119' title="bbox 1941 5811 2279 5866">
    <p class='ocr_par' dir='ltr' id='par_1_119' title="bbox 1941 5811 2279 5866">
     <span class='ocr_line' id='line_1_120' title="bbox 1941 5811 2279 5866; baseline 0 0"><span class='ocrx_word' id='word_1_950' title='bbox 1941 5811 2279 5866; x_wconf 78' lang='lat' dir='ltr'><strong>Antiochum.</strong></span> 
     </span>
    </p>
   </div>
  </div>
