4048 6406
551 347 620 399 75
1717 333 1775 387 S.
1824 327 2283 388 ATHANASIUS.
2322 361 2392 371 —
2431 328 2659 386 DUBIA.
3731 323 3788 380 76

546 463 918 518 carnaliunem
965 461 1084 515 Filii
1125 456 1490 528 blasphemias
1525 453 1905 524 protulerunt?
1932 453 2114 522 Apage

2239 452 2324 512 mi;
2346 451 2478 519 (i5),
2505 452 2598 504 καὶ
2625 452 2738 513 τοῖς
2761 451 2968 512 λοιποῖς
2996 451 3127 502 πᾶσι
3147 489 3162 513 ,
3197 450 3307 510 τοῖς
3331 449 3410 508 είς
3431 446 3530 515 τὴν
3554 441 3650 496 τοῦ
3681 440 3791 494 Tia-3

546 557 688 610 hanc
722 553 1134 609 abs‘urditatem.
1165 549 1222 604 Si
1250 549 1393 604 enim
1415 547 1506 616 qui
1526 545 1634 616 20
1653 544 1785 599 dicit
1812 543 1966 597 fratri
1990 559 2113 606 suo,

548 646 738 711 Fatue,
771 662 899 700 reus
927 651 1010 699 est
1060 643 1318 712 gehennae
1344 637 1570 710 ignis",
1604 639 1660 692 in
1695 651 1880 706 quam,
1911 651 2115 706 quaeso,

548 740 852 809 gehennam
897 737 1268 810 gehennarum
1330 733 1677 802 conjicietur,
1736 731 1829 802 qui
1889 729 2118 784 aﬂirmat

550 833 718 888 Deum
748 846 907 887 suum
941 837 1247 886 creaturam
1294 843 1436 891 esse,
1479 841 1590 881 non
1619 824 1816 881 Filium
1856 825 1975 891 Dei,
2021 824 2115 880 sed

550 940 789 985 servum,
813 923 907 978 sed
931 921 1311 975 administrum
1340 928 1394 975 et
1427 920 1736 975 minutum?
1769 918 1835 972 Et
1866 920 1912 974 si
1949 920 1995 973 is
2025 918 2118 990 qui

549 1025 741 1071 contra
773 1013 966 1068 Filium
1009 1012 1235 1068 verbum
1268 1011 1490 1079 dixerit,
1537 1013 1916 1068 remissionem
1951 1014 2121 1079 impe-

551 1111 735 1170 trahit,
762 1105 1035 1177 quomodo
1076 1105 1217 1160 idem
1252 1104 1421 1160 Filius
1465 1107 1605 1160 dixit
1642 1126 1655 1161 :
1697 1127 1715 1159 ι
1753 1106 1855 1173 Qui
1898 1121 2124 1161 nonco-

549 1201 716 1254 medit
743 1213 963 1253 carnem
999 1213 1194 1264 meam,
1228 1213 1327 1253 nec
1373 1198 1509 1252 bibit
1562 1201 1884 1270 sanguinem
1918 1215 2119 1263 meum,

551 1308 657 1346 non
683 1291 847 1346 habet
867 1291 1034 1347 vitam
1064 1291 1420 1347 aeternam“?
1442 1309 1460 1342 ι
1489 1292 1597 1345 Aut
1614 1295 1728 1363 qui,
1751 1307 1955 1363 quaeso,
1973 1303 2125 1362 pote-

550 1385 623 1438 rit
650 1386 742 1455 qui
780 1384 1074 1455 ignominia
1103 1383 1266 1438 aﬂicit
1293 1382 1489 1439 Filium
1515 1401 1623 1440 non
1653 1387 2033 1456 blasphemare
2069 1389 2124 1442 in

551 1474 908 1531 Trinitatem?
945 1476 1048 1542 Qui
1082 1492 1213 1531 vero
1245 1476 1298 1530 in
1322 1493 1442 1531 eam
1469 1479 1860 1548 blasphemiam
1887 1480 2039 1544 dicit,
2077 1481 2125 1535 is

548 1566 696 1622 haud
731 1566 894 1621 dubie
932 1567 1163 1636 abnegat
1202 1575 1453 1621 sanctum
1487 1568 1776 1638 baptisma.
1809 1569 1910 1635 Qui
1944 1578 2124 1625 autem

551 1667 803 1716 sanctum
861 1661 1131 1730 baptisma
1176 1661 1430 1732 abnegat,
1463 1661 1510 1716 is
1559 1662 1818 1716 nimirum
1859 1661 2125 1732 Spiritum

553 1761 803 1808 sanctum
855 1752 1026 1806 exuit.
1059 1751 1125 1804 Et
1162 1753 1618 1824 quemadmodum
1648 1754 1701 1807 in
1729 1753 1842 1809 sole
1871 1754 1977 1808 isto
2006 1770 2130 1809 sen-

2224 545 2494 615 σάρκωσιν
2528 544 3013 614 βλασφημήσασινς
3068 543 3280 609 ’Δπαγε
3308 541 3407 610 τῆς
3450 537 3707 598 άτοπίαςί
3732 536 3794 604 Eg

2224 635 2332 705 γὰρ
2362 637 2390 687 6
2419 635 2590 703 λέγων
2621 636 2708 687 τὸν
2736 633 2961 702 άδελςδν
2993 620 3178 697 αὐτοῦ,
3225 633 3413 702 Μωρὲ,
3450 629 3632 700 ἔνοχός
3659 630 3791 682 ἐστιν

2224 729 2304 790 εἰς
2323 727 2419 796 τὴν
2440 727 2660 794 γέενναν
2685 727 2776 779 τοῦ
2803 727 3003 798 πυρὸς,
3027 726 3106 788 εἰς
3131 725 3287 776 ποίαν
3313 723 3518 784 λοιπὸν,
3547 720 3667 774 εἰπέ
3694 736 3792 789 μοι,

2226 819 2444 886 γέενναν
2458 819 2681 888 γεέννης
2703 819 3094 888 ἐκϐληθήσεται
3114 817 3142 868 6
3161 816 3335 892 λέγων
3362 814 3452 866 τὸν
3479 813 3611 867 Θεὸν
3644 808 3793 866 αὐτοῦ

2227 909 2460 978 κτίσμα,
2504 912 2595 963 καὶ
2622 912 2740 980 οὐχὶ
2760 911 2893 964 Θεοῦ
2934 910 3081 971 Υἰὸν,
3107 908 3242 962 ἀλλά
3263 907 3467 970 δοῦλον,
3493 905 3585 959 καὶ
3615 905 3796 976 ὑπουρ-

2228 1001 2341 1069 γὸν,
2361 1004 2453 1054 καὶ
2469 1003 2661 1074 μικρόν
2678 1020 2691 1066 ;
2713 1004 2818 1056 Καὶ
2833 1006 2901 1064 εί,
2916 1003 3060 1065 ὅστις
3079 1003 3205 1070 είπη
3222 1001 3376 1069 λόγον
3392 998 3532 1052 κατὰ
3546 997 3636 1051 τοῦ
3657 997 3792 1062 Υίοῦ,

2229 1093 2558 1164 ἀφεθήσεται
2590 1094 2767 1165 αὐτῷ,
2804 1095 2920 1159 πῶς
2949 1095 3110 1156 αὐτὸς
3133 1096 3161 1146 6
3193 1093 3320 1156 Υἱὸς
3351 1087 3535 1153 εἶπεν,
3578 1093 3657 1144 ’ὁτι
3694 1110 3710 1142 t
3741 1091 3791 1144 '0

2233 1189 2308 1256 μὴ
2333 1186 2555 1257 τρώγων
2601 1204 2703 1256 μου
2745 1186 2840 1256 τὴν
2874 1187 3081 1256 σάρκα,
3135 1185 3228 1237 καὶ
3252 1183 3421 1235 πίνων
3451 1200 3552 1252 μου
3577 1182 3638 1235 τὸ
3669 1177 3794 1252 αἷμα

2229 1279 2329 1330 οὐκ
2352 1279 2463 1347 ἔχει
2485 1277 2628 1348 ζωὴν
2648 1278 2858 1332 αἰώνιον
2879 1295 2892 1342 ;
2923 1298 2941 1328 ι
2989 1276 3112 1340 Πῶς
3129 1277 3185 1329 δὲ
3207 1277 3297 1329 καί
3316 1275 3537 1329 δύναταί
3552 1293 3656 1338 τις,
3691 1276 3794 1328 άτιο

2235 1372 2421 1441 μάζων
2442 1373 2529 1424 τὸν
2551 1372 2696 1436 Υἰὸν,
2726 1373 2799 1442 μὴ
2829 1371 3164 1441 βλασφημεῖν
3188 1371 3266 1434 εἰς
3282 1369 3380 1440 τὴν
3406 1369 3641 1440 Τριάδα;
3669 1369 3723 1422 '0
3741 1368 3792 1423 at

2233 1465 2311 1525 είς
2355 1463 2522 1532 αὐτὴν
2571 1462 2909 1533 βλασφημῶν
2938 1462 3180 1533 δηλονότι
3220 1462 3542 1531 άπαρνεῖται
3565 1459 3626 1512 τὸ
3655 1460 3793 1528 ἅγιον

2236 1554 2536 1624 βάπτισμα.
2604 1555 2660 1606 '0
2699 1555 2755 1606 δὲ
2797 1556 2856 1606 τὸ
2889 1555 3042 1622 ἅγιον
3082 1553 3361 1623 βάπτισμα
3403 1547 3798 1624 ἀπαρνούμενος

2233 1648 2389 1717 δῆλον
2421 1650 2501 1701 ὅτι
2529 1645 2589 1698 τὸ
2622 1646 2845 1716 Πνεῦμα
2876 1647 2936 1698 τὸ
2968 1647 3121 1714 ἅγιον
3151 1645 3460 1700 ἀποδύεται.
3491 1644 3596 1697 Καὶ
3621 1643 3796 1713 ὥσπερ

2235 1742 2326 1792 ἐπὶ
2350 1739 2443 1793 τοῦ
2466 1739 2723 1811 αἰσθητοῦ
2749 1740 2922 1810 ἡλίου,
2956 1739 3049 1792 ἐὰν
3082 1740 3179 1809 τὴν
3205 1738 3412 1809 Θέρμην
3441 1739 3474 1808 ἢ
3499 1736 3595 1808 τὴν
3616 1737 3795 1790 ἀκτῖνα

554 1843 720 1904 sihili,
762 1843 809 1896 si
863 1841 1032 1895 calori
1078 1842 1312 1897 radiisve
1344 1843 1465 1912 ejus
1487 1844 1871 1899 contumeliam
1904 1844 2122 1909 feceris,

2239 1833 2392 1886 αὑτοῦ
2428 1833 2781 1904 καθυϐρίσης,
2813 1835 2892 1895 εἰς
2917 1832 3042 1902 ὅλην
3076 1832 3173 1901 τὴν
3203 1829 3362 1900 φῦσιν
3384 1829 3547 1882 αὑτοῦ
3582 1829 3797 1900 ἀνατρέ-

555 1934 609 1986 in
643 1942 814 1987 totam
859 1942 1111 1987 naturam
1144 1935 1278 1989 solis
1310 1936 1545 1989 recurrit
1574 1935 1886 2004 hujusmodi
1929 1944 2125 1990 contu-

505 2080 510 2086 ,
555 2027 715 2078 melia
745 2045 758 2081 :
793 2025 867 2078 ita
899 2040 1116 2097 quoque
1162 2041 1221 2081 se
1260 2042 1350 2081 res
1387 2025 1552 2082 habet
1594 2027 1650 2082 in
1684 2025 1977 2097 trigemino
2010 2028 2127 2082 sole

553 2115 841 2172 Trinitatis
871 2124 924 2172 et
952 2117 1198 2188 mysterii
1231 2137 1243 2171 :
1276 2118 1609 2172 contumelia
1649 2119 1816 2174 unius
1851 2135 2122 2190 personae,

555 2209 890 2278 blasphemia
919 2217 1004 2264 est
1034 2209 1087 2262 in
1118 2209 1428 2266 universam
1463 2211 1852 2281 plenitudinem
1877 2211 2124 2270 Deitatis.

555 2300 694 2366 Quid
727 2301 892 2371 igitur
942 2301 1045 2355 sibi
1076 2301 1190 2356 vult
1225 2300 1433 2358 dictum
1477 2303 1610 2356 illud
1648 2301 1862 2358 Domini
1917 2303 1984 2357 ad
2027 2303 2128 2359 Ju-

554 2393 701 2447 duzos
742 2412 753 2445 :
794 2411 814 2444 ι
849 2391 1023 2448 O.une
1051 2404 1333 2463 peccatum
1369 2403 1422 2449 et
1456 2395 1791 2464 blasphemia
1822 2397 2131 2451 remittetur

555 2483 908 2540 hominibus:
939 2487 1032 2555 qui
1066 2495 1246 2540 autem
1277 2486 1477 2540 dixerit
1515 2488 1741 2541 verbum
1782 2496 1974 2542 contra
2008 2487 2132 2560 Spi-

557 2573 720 2628 ritum
772 2582 1045 2636 sanctum,
1090 2590 1200 2629 non
1254 2576 1563 2629 remittetur
1609 2576 1680 2640 ei,
1736 2593 1914 2648 neque
1943 2579 1997 2632 in
2029 2580 2133 2634 hoc

557 2666 779 2729 suat-nlo,
810 2681 986 2734 neque
1036 2668 1092 2721 in
1127 2666 1315 2721 futuro
1332 2667 1418 2720 '1?
1457 2686 1475 2718 ι
1509 2665 1813 2723 Prudenter
1845 2667 2133 2723 audiamus

555 2765 610 2811 et
638 2773 707 2812 ne
736 2756 1378 2829 seducamur.Duplicem
1444 2774 1565 2813 esse
1595 2758 1874 2814 Christum
1907 2769 2028 2829 post
2051 2762 2135 2814 in-

553 2852 919 2907 enarrabilem
970 2852 1248 2916 unionem,
1277 2853 1401 2906 dico
1421 2862 1601 2906 autem
1627 2869 1692 2908 ex
1722 2852 1925 2908 deitate
1953 2861 2006 2908 et
2029 2853 2131 2908 hu-

555 2944 840 3009 manitate,
893 2959 1066 2999 sacra:
1122 2945 1283 3000 nobis
1352 2945 1694 3015 proclamant
1763 2943 2061 3016 Scriptura:
2117 2965 2130 3002 :

560 3055 580 3088 ι
615 3030 853 3092 Verbum
898 3057 918 3089 ›
951 3039 1094 3092 enim
1135 3055 1155 3088 σ
1186 3052 1316 3092 caro
1362 3038 1564 3092 factum
1608 3045 1692 3093 est
1722 3037 1786 3092 ⁸⁸.
1821 3057 1838 3089 ι
1871 3037 2134 3092 Deitatem

2227 1943 2309 1996 χει
2342 1928 2375 1997 ὴ
2425 1925 2606 2000 ὕϐρις·
2643 1925 2814 1990 οὕτως
2847 1926 2941 1978 καὶ
2966 1925 3057 1976 ἐπὶ
3083 1923 3177 1976 τοῦ
3212 1923 3485 1994 τρισηλίου
3519 1922 3616 1993 τῆς
3650 1921 3797 1990 ἁγίας

2226 2018 2450 2088 Τριάδος
2472 2019 2647 2087 φωτὸς
2663 2018 2754 2071 καὶ
2773 2017 3093 2089 μυστηρίου,
3113 2019 3177 2086 τῇ
3201 2019 3296 2086 τῆς
3319 2018 3446 2086 μιᾶς
3465 2015 3798 2077 ὑποστάσεως

2228 2111 2422 2182 ἀτιμίᾳ
2472 2112 2672 2174 παντὸς
2725 2110 2819 2164 τοῦ
2853 2109 3215 2181 πληρώματος
3245 2109 3342 2178 τῆς
3372 2107 3623 2179 θεότητός
3663 2109 3798 2160 ἐστιν

2228 2206 2262 2272 ἡ
2288 2203 2624 2275 βλασφημία.
2660 2204 2724 2255 Τί
2743 2200 2836 2257 οῦν
2860 2205 3008 2256 ἐστιν
3037 2203 3140 2255 ὑπὸ
3167 2201 3259 2254 τοῦ
3289 2201 3492 2272 Κυρίου
3515 2201 3651 2271 πρὸς
3682 2200 3800 2252 Ἰου-

2227 2295 2404 2361 δαίους
2431 2298 2739 2369 λεγόμενον,
2760 2297 2842 2348 ὅτι
2872 2315 2890 2346 ι
2914 2297 3069 2349 Πᾶσα
3097 2294 3340 2365 ἁμαρτία
3374 2293 3466 2346 καὶ
3496 2292 3798 2363 βλασιρημία

2230 2392 2560 2461 ἀφεθήσεται
2591 2394 2702 2453 τοῖς
2733 2392 3064 2463 ἀνθρώποις·
3100 2389 3158 2452 ὃς
3186 2388 3229 2440 δ’
3261 2388 3325 2441 ἂν
3354 2387 3480 2457 εἴπῃ
3514 2385 3623 2455 (16)
3656 2384 3801 2454 λόγον

2232 2485 2373 2538 κατὰ
2393 2486 2484 2537 τοῦ
2514 2484 2650 2536 Πνεύ
2660 2501 2824 2554 ματος
2847 2485 3022 2552 ἁγίου,
3044 2483 3141 2535 οὐκ
3168 2482 3498 2550 ἀφεθήσεται
3527 2478 3673 2549 αὐτῷ
3691 2477 3804 2532 οὐδὲ

2233 2580 2290 2630 ὲν
2324 2577 2401 2648 τῷ
2429 2577 2524 2629 νῦν
2570 2577 2747 2637 αἰῶνι,
2792 2577 2912 2630 οὐδὲ
2944 2579 3002 2629 ὲν
3035 2575 3112 2646 τῷ
3163 2574 3438 2644 μέλλοντι;
3462 2592 3479 2622 ι
3527 2569 3803 2642 Νουνεχῶς

2234 2672 2575 2741 ἀκούσωμεν,
2597 2671 2690 2722 καὶ
2713 2671 2788 2741 μὴ
2807 2669 3183 2740 πλανηθῶμεν.
3198 2668 3382 2722 Διττὸν
3409 2663 3544 2720 εἶναι
3567 2665 3658 2719 τὸν
3678 2667 3806 2737 X9:-

2236 2769 2360 2817 στὸν
2398 2765 2534 2835 μετὰ
2570 2765 2665 2835 τὴν
2692 2766 2966 2836 ἄσραστον
3001 2764 3228 2824 ἕνωσιν,
3265 2762 3406 2831 φημὶ
3436 2759 3499 2831 δὴ
3525 2761 3590 2812 ἐκ
3622 2757 3806 2828 θεότηο

2234 2873 2326 2918 τος
2360 2856 2452 2908 καὶ
2485 2854 2925 2926 άνθρωπότητος,
2953 2856 3008 2905 αἱ
3050 2853 3191 2923 ἱεραὶ
3225 2852 3335 2921 (I7)
3385 2853 3512 2922 ἡμῖν
3555 2847 3806 2902 διαϐοῶσι

2238 2949 2467 3021 Γραφαί·
2504 2969 2521 3000 ι
2543 2952 2601 3003 ’0
2621 2950 2728 3021 γὰρ
2760 2949 2928 3016 Λόγος
2958 2946 3093 3017 σὰρξ
3127 2947 3362 3014 ἐγένετο.
3395 2963 3412 2996 ι
3439 2943 3548 3012 Τὴν
3571 2940 3698 3010 γοῦν
3716 2939 3803 2994 τοῦ

2239 3044 2409 3111 Λόγου
2431 3043 2658 3114 θεότητα
2689 3045 2717 3095 6
2746 3043 2906 3104 αὐτὸς
2937 3041 3167 3113 Χριστὸς
3189 3037 3411 3108 Πνεῦμα
3436 3035 3589 3103 ἅγιον
3613 3033 3805 3103 ὀνομά-

553 3145 687 3198 ergo
717 3127 883 3186 Verbi
914 3129 1031 3200 ipse
1073 3129 1328 3185 Christus
1354 3128 1618 3199 Spiritum
1654 3137 1905 3184 sanctum
1949 3131 2131 3200 appel-

2239 3135 2317 3199 ζει
2335 3151 2348 3166 ⁸
2368 3134 2508 3188 καθᾶ
2529 3135 2622 3187 καὶ
2645 3135 2779 3206 πρὸς
2801 3135 2897 3205 τὴν
2915 3135 3241 3205 Σαμαρεῖτιν
3262 3129 3444 3198 ἔλεγεν
3460 3145 3473 3157 ·
3496 3129 3577 3180 ὅτι
3610 3125 3808 3180 «Πνεῦ-

555 3223 652 3284 lat,
709 3222 1165 3292 quemadmodum
1203 3222 1271 3276 ad
1317 3222 1718 3277 Samaritanam
1753 3224 1969 3279 locutus
1999 3234 2080 3279 est
2115 3241 2129 3276 :

562 3335 579 3364 ι
623 3314 886 3383 Spiritus,
923 3334 942 3365 ι
976 3313 1252 3385 inquiens,
1302 3334 1320 3366 ι
1366 3314 1510 3370 Deus
1537 3325 1620 3370 est
1639 3315 1703 3370 ⁸³.
1740 3335 1758 3366 ι
1808 3315 2132 3370 Humanita-

555 3415 667 3460 tem
720 3421 850 3461 vero
883 3420 1058 3469 suam,
1091 3405 1287 3460 Filiutn
1332 3407 1568 3462 hominis
1613 3408 1915 3462 nominavit
1948 3426 1961 3461 :
1994 3409 2136 3462 sicut

556 3504 722 3553 etiam
768 3499 898 3552 alibi
924 3498 991 3554 de
1031 3514 1130 3554 sna
1161 3513 1329 3554 carne
1357 3499 1603 3568 loquitur
1636 3519 1649 3554 :
1692 3521 1708 3550 ι
1750 3498 1905 3554 Nunc
1932 3502 2136 3570 gloriﬁ-

557 3602 712 3645 catns
751 3597 837 3646 est
863 3589 1005 3644 (ilius
1037 3590 1357 3644 hominis”.
1391 3609 1411 3642 ι
1443 3589 1613 3644 Jutl;ei
1651 3589 1834 3661 igitur,
1868 3591 1963 3660 qui
1991 3607 2136 3646 sem-

558 3701 657 3753 per
688 3684 742 3738 in
775 3681 945 3737 Deum
967 3681 1268 3745 oﬂendunt,
1296 3682 1533 3752 duplicis
1556 3681 1820 3738 adversus
1853 3685 2134 3739 Christum

559 3777 911 3847 blasphemia:
934 3777 1012 3831 rei
1045 3785 1191 3830 sunt.
1212 3775 1454 3842 Quorum
1483 3776 1576 3830 alii
1605 3776 1661 3830 in
1695 3793 1916 3832 carnem
1943 3779 2139 3850 impin-

555 3877 714 3938 gunt,
752 3869 856 3922 hoc
885 3875 993 3930 est,
1037 3867 1092 3920 in
1125 3865 1321 3921 Filium
1353 3867 1613 3932 hominis,
1642 3883 1766 3928 eum
1793 3870 2136 3940 prophetam,

561 3974 672 4014 non
715 3958 885 4014 Deum
929 3959 1312 4015 existimantes
1347 3975 1362 4012 :
1399 3957 1600 4027 quibus
1642 3959 1853 4013 veniam
1879 3959 2048 4023 dedit,
2085 3961 2140 4014 id

561 4051 707 4113 enim
739 4051 954 4104 initium
987 4056 1110 4105 erat
1146 4049 1571 4118 pradicationis,
1603 4064 1729 4102 cum
1763 4049 2007 4104 nondum
2042 4065 2136 4105 ca-

562 4161 668 4215 pax
706 4153 824 4199 erat
852 4144 1113 4208 mundus,
1134 4150 1194 4196 ut
1222 4141 1391 4196 Deum
1417 4141 1567 4195 illum
1597 4157 1720 4197 esse
1750 4143 2021 4209 crederet,
2047 4145 2138 4218 qui

562 4239 730 4307 homo
783 4237 1098 4308 apparebat.
1129 4235 1309 4304 Atque
1354 4233 1482 4288 hinc
1540 4243 1646 4299 est,
1703 4237 1852 4306 quod
1888 4237 2142 4294 Christus

565 4329 643 4382 ait
686 4347 704 4384 :
749 4347 768 4380 ι
811 4328 914 4394 Qui
949 4328 1148 4382 dixerit
1179 4323 1418 4380 Verbum
1471 4332 1666 4380 contra
1713 4325 1911 4382 Filium
1966 4329 2144 4384 homi-

562 4418 674 4484 nis,
708 4439 726 4472 ι
762 4420 865 4474 hoc
896 4429 978 4474 est
1030 4420 1085 4473 in
1130 4432 1335 4487 corpus
1367 4415 1505 4484 ejus,
1547 4434 1567 4468 ι
1606 4419 1913 4476 remittetur
1932 4423 2063 4477 ei".
2114 4441 2133 4474 ι

2241 3245 2314 3298 μα
2341 3230 2370 3281 6
2396 3227 2529 3291 Θεός
2548 3245 2560 3257 ·
2589 3247 2606 3279 ι
2632 3228 2728 3298 τὴν
2759 3227 2814 3280 δὲ
2845 3226 3240 3298 ἁνθρωπότητα
3265 3221 3428 3275 αὑτοῦ
3451 3221 3578 3274 Υἰδν
3605 3218 3810 3290 ἀνθρὼ-

2236 3339 2338 3374 που
2355 3339 2368 3351 °
2401 3320 2582 3384 καθὼς⁵
2610 3320 2769 3375 πάλιν
2792 3317 3023 3389 ἀλλαχοῦ
3054 3316 3299 3386 περὶτῆς
3329 3313 3461 3378 ιδίας
3493 3313 3692 3386 σαρκὸς
3718 3311 3812 3366 αὖ·

2235 3413 2329 3466 τοῦ
2359 3428 2518 3482 φησι·
2579 3429 2597 3461 ε
2624 3410 2738 3463 Νῦν
2785 3407 3041 3478 ἐδοξάσθη
3095 3409 3121 3459 6
3157 3406 3284 3469 Υἱὸς
3324 3405 3417 3459 τοῦ
3454 3403 3764 3477 ἀνθρώπου.
3787 3421 3810 3458 ι

2237 3505 2300 3558 Εἰ
2323 3505 2431 3573 (i8)
2461 3499 2553 3556 οῦν
2586 3503 2672 3556 ἀεὶ
2709 3501 2785 3572 τῷ
2817 3499 2934 3571 Θεῴ
2963 3498 3390 3570 προσκρούοντες
3431 3497 3672 3550 Ἰουδαῖοι
3702 3498 3817 3551 διτ-

2239 3598 2336 3668 τὴν
2388 3595 2525 3668 πρὸς
2565 3594 2797 3666 Χριστὸν
2835 3593 2932 3664 τὴν
2974 3591 3318 3661 βλασφημίαν
3355 3589 3666 3660 ἐκέκτηντο.
3755 3592 3815 3643 Ui

2243 3692 2338 3760 μὲν
2388 3692 2450 3758 τῇ
2487 3687 2650 3759 σαρκὶ
2675 3685 2835 3740 αὑτοῦ
2861 3726 2875 3749 ,
2905 3686 3069 3756 ἡγουν
3104 3683 3182 3753 τῷ
3216 3682 3329 3752 Υἱῷ
3375 3682 3470 3734 τοῦ
3508 3680 3816 3751 ἀνθρώπου.

2241 3781 2674 3852 προσκόπτοντες
2694 3819 2708 3841 ,
2741 3779 3024 3848 προφήτην
3055 3776 3218 3829 αὑτὸν
3237 3815 3251 3838 ,
3284 3774 3398 3827 ἀλλ’
3431 3774 3489 3826 οὐ
3523 3772 3654 3825 Θεὸν
3682 3767 3818 3825 εἶναι

2240 3873 2504 3943 ἐνόμιζονο
2527 3868 2607 3935 οἷς
2628 3873 2719 3924 καὶ
2747 3870 3073 3940 συγγνώμην
3095 3868 3292 3920 ἔδωκεν
3312 3883 3325 3896 ’
3344 3865 3485 3937 ἁρχὴ
3510 3865 3616 3935 γάρ
3635 3861 3702 3935 ἦν
3724 3863 3819 3917 τοῦ

2242 3962 2614 4034 κηρύγματος,
2640 3964 2731 4016 καὶ
2749 3962 2889 4015 οὕτω
2913 3958 2978 4032 ἦν
3011 3960 3200 4032 χωρῶν
3227 3962 3256 4012 6
3284 3959 3485 4028 κόσμος
3512 3956 3622 4024 (l9)
3643 3995 3658 4019 ,
3689 3954 3824 4010 Θεὸν

2246 4053 2549 4117 πιστεύειν,
2593 4055 2914 4124 φαινόμενον
2966 4053 3287 4124 ἄνθρωπον·
3324 4050 3405 4103 διὸ
3450 4048 3543 4102 καί
3591 4065 3756 4117 φησιν
3794 4047 3824 4101 6

2242 4146 2496 4218 Χριστὸς,
2520 4148 2602 4200 ὅτι
2638 4167 2656 4200 t
2686 4149 2782 4211 ⁸·ος
2809 4147 2903 4200 ἐὰν
2934 4146 3062 4218 εἴπῃ
3089 4145 3243 4213 λόγον
3266 4141 3406 4197 κατὰ
3437 4140 3532 4194 τοῦ
3564 4139 3694 4193 Υίοῦ
3725 4137 3822 4191 τοῦ

2245 4240 2532 4312 ἀνθρώπου
2553 4281 2567 4304 ,
2589 4261 2607 4290 ι
2647 4239 2744 4292 εἴτ’
2765 4239 2856 4295 οῦν
2883 4241 2994 4312 (20)
3029 4239 3123 4293 τοῦ
3155 4238 3403 4308 σώματος
3425 4231 3612 4296 αὑτοῦ,
3648 4250 3667 4282 ι
3686 4233 3825 4300 ἀφε-

2247 4331 2466 4404 θήσεται
2512 4330 2682 4402 αὐτῷ.
2713 4352 2730 4382 ι
2767 4331 2961 4401 Τολμῶ
3001 4331 3109 4402 γὰρ
3150 4331 3358 4397 λέγειν,
3397 4327 3478 4380 ὅτι
3518 4324 3640 4380 οὐδὲ
3668 4325 3830 4378 αὐτοὶ

2245 4426 2295 4477 οἱ
2325 4424 2580 4496 μακάριοι
2606 4423 2770 4477 αὑτοῦ
2809 4423 3044 4494 μαθηταὶ
3070 4424 3130 4477 τὸ
3153 4423 3354 4476 τέλειον
3377 4419 3505 4490 περὶ
3534 4419 3633 4488 τῆς
3654 4414 3829 4472 αὑτοῦ

562 4510 756 4564 Ausim
815 4511 959 4564 enim
1014 4509 1216 4575 dicere,
1249 4527 1323 4567 ne
1351 4513 1503 4584 ipsos
1545 4513 1767 4583 quidem
1801 4513 1992 4569 beatos
2016 4515 2131 4584 ejus

2248 4517 2497 4586 θεότητος
2535 4512 2677 4587 εἶχον
2717 4517 3007 4588 φρόνημα,
3059 4517 3164 4579 ἓως
3213 4517 3272 4568 τὸ
3305 4513 3528 4580 Πνεῦμα
3566 4511 3628 4564 τὸ
3669 4511 3832 4580 ἅγιον

560 4602 864 4672 discipulos
909 4602 1203 4672 perfectam
1240 4604 1311 4659 de
1346 4606 1468 4676 ejus
1497 4606 1784 4663 divinitate
1814 4608 2140 4664 saltemiam

565 4693 846 4757 habuisse,
873 4693 1046 4748 donec
1073 4693 1314 4764 Spiritus
1363 4705 1590 4753 sanctus
1628 4698 1683 4751 in
1741 4698 1832 4754 die
1876 4697 2143 4754 Penteco-

563 4793 678 4840 stes
703 4799 800 4840 eos
831 4784 1132 4840 visitasset.
1171 4783 1456 4858 Siquidem
1508 4797 1631 4857 post
1676 4791 2141 4846 resurrectionem

566 4877 742 4945 ipsutn
775 4875 1041 4942 videntes,
1071 4876 1163 4932 alii
1207 4878 1430 4946 quidem
1466 4878 1833 4935 adoraverunt
1864 4897 2010 4949 eum,
2050 4881 2143 4938 alii

561 4981 692 5021 vero
713 4968 1099 5024 hzesitaverunt
1127 4987 1141 5024 :
1173 4985 1274 5025 nec
1298 4979 1482 5024 tamen
1513 4972 1584 5025 ob
1604 4988 1725 5028 eam
1751 4989 1865 5028 rem
1899 4975 2143 5031 damnati

567 5066 714 5114 Sunt.
749 5057 995 5114 Suntalii
1028 5059 1121 5130 qui
1153 5059 1208 5114 in
1241 5057 1509 5130 Spiritum
1537 5071 1787 5118 sanctum
1814 5064 2140 5137 impingunt,

2248 4609 2429 4671 αὐτοῖς
2461 4611 2526 4678 τῇ
2561 4609 2903 4678 Πεντηκοστῇ
2951 4608 3322 4676 ἐπεφοίτησεν.
3372 4603 3523 4656 Ἐπεὶ
3560 4602 3653 4655 καὶ
3686 4603 3835 4672 μετὰ

2247 4701 2345 4770 τὴν
2378 4699 2669 4751 ἀνάστασιν
2718 4698 2915 4760 ἰδόντες
2953 4698 3147 4760 αὐτὸν,
3176 4699 3225 4750 οἱ
3257 4697 3355 4768 μὲν
3388 4694 3834 4765 προσεκύνησαν.

2250 4791 2299 4842 οἱ
2335 4789 2391 4841 δὲ
2423 4788 2705 4841 ἐδίστασαν
2725 4806 2738 4819 ο
2771 4788 2884 4841 ἀλλ’
2926 4789 3028 4841 οὐκ
3057 4789 3123 4841 ὲκ
3163 4787 3348 4840 τούτου
3396 4783 3833 4856 κατεκρίθησαν.

2251 4886 2312 4937 OE
2335 4885 2389 4936 δὲ
2412 4885 2489 4946 εἰς
2507 4884 2568 4936 τὸ
2583 4883 2807 4953 Πνεῦμα
2837 4881 2896 4935 τὸ
2916 4882 3089 4950 άγιον,
3111 4881 3208 4933 εἴτ’
3229 4877 3322 4934 οὖν
3347 4883 3426 4944 είς
3452 4879 3550 4950 τὴν
3571 4877 3666 4931 τοῦ
3689 4879 3838 4950 Χρι-

2253 4976 2378 5029 στοῦ
2402 4976 2627 5045 Θεότητα
2650 4975 3136 5045 βλασφημήσαντες
3152 5014 3166 5038 ,
3187 4974 3278 5026 καὶ
3299 4973 3564 5041 λέγοντες,
3582 4973 3665 5026 ὅτι
3697 4989 3717 5022 ι
3747 4971 3843 5024 Ἐν

2252 5069 2602 5133 Βεελζεόοὺλ,
2637 5067 2716 5139 τῷ
2754 5068 2972 5137 ἄρχοντι
3007 5065 3114 5118 τῶν
3145 5065 3435 5135 δαιμονίων
3471 5063 3727 5117 ἐκϐάλλει
3771 5062 3843 5114 τά

629 5212 673 5298 δέ
718 5211 1010 5298 aluum.
1048 5215 1141 5298 se
1217 5215 1450 5298 “1930-
1480 5219 1669 5281 vw-
1741 5220 1785 5252 ’τ
1813 5219 2002 5277 Man!»

2239 5223 2278 5298 l_,
2318 5223 2410 5277 '52.
2485 5223 2530 5255 ³⁸
2564 5221 2720 5277 Joan.
2757 5237 2794 5288 ι,
2844 5221 2930 5275 14.
3007 5222 3052 5254 ⁸⁸
3093 5220 3252 5276 Joan.
3285 5236 3356 5284 tv,
3399 5219 3488 5274 24,
3568 5219 3614 5248 ’⁸
3658 5217 3842 5273 Joan.

568 5296 685 5345 xm,
718 5283 806 5337 51.
881 5287 924 5317 ⁹¹
958 5286 1147 5342 Matth.
1182 5303 1283 5354 xtt,
1310 5289 1399 5343 32.

642 5439 753 5508 (l5)
794 5439 974 5493 Editio
1007 5441 1459 5503 Commeliniana.
1503 5443 1847 5508 Φωτειανοῖς.
1881 5445 2148 5502 Basilien-

513 5510 885 5585 _‘§‘is,_A_ngl.,
919 5510 1230 5585 Yaticanus,
1288 5515 1625 5585 ¢w1ta'aoi;._
1654 5513 1867 5585 Reliqui
1912 5525 1966 5571 et
2015 5517 2147 5571 editi

544 5575 896 5657 'Parisietig,
933 5582 1325 5657 «ξωτεινιανοῖς,
1373 5593 1542 5657 recte.
1566 5575 1652 5638 Ἐι
1681 5586 1756 5640 ita
1784 5575 2146 5657 regiturinfra

573 5649 627 5702 in
662 5649 1050 5713 Qua’stionibus
1081 5654 1150 5705 ad
1175 5653 1504 5708 Antiochum.

645 5721 753 5789 (lii)
796 5720 1137 5796 Basiliensis,
1169 5725 1293 5796 εζπῃ
1332 5724 1489 5792 λόγον
1521 5727 1664 5780 κατὰ
1705 5725 1800 5779 τοῦ
1845 5725 1977 5780 Υίοῦ
2016 5726 2146 5796 ἀφε-

573 5787 792 5845 θήσεται
832 5791 997 5844 αὑτῶ·
1035 5793 1093 5855 ὃς
1120 5795 1164 5846 δ’
1195 5787 1435 5857 ἄνἐῖπή.
1470 5803 1580 5852 etC.

2324 5449 2434 5518 (l7)
2479 5447 2640 5520 Editi,
2659 5447 2762 5520 καὶ
2784 5448 2839 5500 αι
2869 5446 3034 5520 ἱεραί,
3058 5445 3154 5502 sed
3174 5445 3264 5500 καί
3280 5446 3432 5501 deest
3455 5445 3507 5498 in
3534 5442 3846 5511 Vaticano,

2253 5518 2416 5574 Basil.
2450 5526 2504 5573 et
2537 5518 2855 5587 Anglicano.

2323 5589 2435 5658 (l8)
2475 5587 2657 5658 forte,
2692 5587 2761 5643 οί.

2323 5651 2432 5728 (t9)
2474 5656 2771 5715 Vaticanus
2830 5668 2886 5715 et
2943 5659 3296 5729 Anglicanus,
3350 5657 3504 5712 οὔπω
3547 5654 3763 5728 ἐχώρει
3817 5651 3862 5714 6

2251 5728 2475 5798 κόσμος.
3041 5728 3048 5729 “

2323 5800 2430 5864 (20)
2475 5798 2635 5853 Basil.
2669 5799 2756 5853 hic
2793 5809 2846 5854 et
2879 5797 3038 5865 infra,
3075 5799 3267 5851 είτουν.
