4048 6406
546 397 628 454 '79
1075 465 1084 472 γ
1723 389 1781 444 s.
1822 388 2280 444 arusmsws.
2321 419 2391 429 —
2430 390 2657 447 DL'BIA.
2867 365 2876 370 ’
3726 386 3785 440 so

553 517 718 567 ritum
771 514 848 567 ait
895 528 1161 584 pugnare,
1200 526 1306 564 non
1345 523 1464 564 eam
1497 506 1717 578 quidem
1764 507 2119 569 immobilem,

2225 508 2605 578 διαμάχεσθαι,
2636 511 2695 562 οῦ
2727 510 2823 580 τὴν
2852 508 3126 577 ἀκίνητον,
3158 506 3277 559 οὐδὲ
3317 505 3417 576 τὴν
3442 503 3666 574 ἄψυχον.
3695 501 3788 554 ου-

551 615 644 660 aut
692 606 1063 661 inanimalem.
1111 603 1381 656 Naturalis
1417 601 1564 655 enim
1605 597 1950 654 alt‘ectionum
2005 615 2120 653 mo-

549 707 637 753 tus
691 698 741 752 ei
793 697 990 751 insitus
1014 703 1117 754 est,
1145 694 1260 760 qui,
1288 705 1409 743 cum
1442 704 1572 743 caro
1605 688 1940 751 nominatur,
1974 697 2032 741 ut
2065 690 2119 742 in

549 786 788 855 Episto’la
817 785 884 837 ad
917 783 1190 837 Romanos
1216 779 1560 834 manifeStius
1589 780 1981 847 interpretatus
2012 787 2118 843 est,

548 879 832 932 declarans
886 885 1123 937 motum,
1181 874 1272 944 qui
1342 873 1399 926 in
1453 887 1620 926 carne
1669 880 1775 935 est,
1830 871 2123 942 conﬂigere

547 969 810 1023 adversus
851 976 1110 1028 mentem,
1142 975 1196 1021 ει
1249 966 1481 1020 invicem
1533 965 1856 1036 oppugnari,
1888 973 1948 1018 ut
2008 979 2121 1018 rem

546 1073 890 1130 nequaquam
925 1057 1169 1111 eamdem
1199 1065 1361 1126 atque
1385 1065 1644 1120 mentem,
1677 1054 1771 1110 sed
1800 1071 2028 1125 prorsus
2053 1058 2120 1108 ab

544 1167 607 1206 ea
637 1152 904 1205 diversam
942 1169 954 1204 :
991 1167 1009 1200 ι
1053 1149 1414 1204 Condelcctor
1440 1151 1623 1212 enim,
1660 1167 1679 1200 ι
1717 1148 1915 1217 inquit,
1951 1165 1970 1199 ι
2017 1147 2122 1215 legi
2161 1159 2168 1166 ‘

545 1241 660 1305 Dei,
694 1241 997 1296 secundum
1032 1241 1347 1294 interiorem
1379 1240 1654 1294 hominem
1688 1258 1700 1293 :
1735 1238 1896 1293 video
1939 1247 2119 1292 autem

543 1331 704 1385 aliam
748 1330 923 1400 legem
981 1331 1035 1383 in
1085 1330 1346 1385 membris
1401 1329 1559 1390 meis,
1594 1329 1886 1384 bellantem
1928 1336 2120 1383 contra

539 1421 710 1491 legem
742 1421 942 1474 mentis
969 1435 1121 1483 meae,
1147 1429 1201 1474 et
1225 1421 1588 1490 captivantem
1625 1421 1820 1474 me“.i
1846 1417 1996 1472 lianc
2025 1434 2120 1472 vo-
2164 1461 2172 1470 .

540 1511 828 1576 luntatem,
853 1520 907 1566 et
940 1512 1176 1565 animam
1213 1515 1428 1582 proprie
1444 1510 1978 1582 appellavitPaulus,
2009 1509 2124 1605 di.s-

540 1603 798 1672 tinguens
855 1618 975 1657 eam
1008 1617 1038 1654 a
1064 1603 1294 1671 spiritu,
1356 1617 1482 1656 cum
1535 1603 1708 1656 dicit:
1748 1621 1766 1652 s
1802 1600 1945 1656 Deus
1996 1600 2124 1655 sail-

541 1694 742 1749 ctilicet
774 1708 870 1749 vos
910 1710 1007 1764 per
1039 1695 1241 1756 omnia,
1267 1702 1322 1747 et
1349 1696 1558 1764 integer
1587 1694 1816 1763 spiritus
1839 1704 2037 1757 vester,
2070 1701 2123 1746 et

541 1800 742 1854 corpus
787 1794 842 1840 et
892 1787 1070 1839 anima
1114 1788 1231 1840 sine
1263 1786 1422 1854 culpa
1459 1787 1514 1839 in
1567 1786 1861 1839 adventum
1906 1783 2122 1837 Domini

2228 600 2376 651 σικὸν
2409 600 2516 670 γὰρ
2546 601 2873 670 ὲνέσπαρται
2910 598 3081 669 ταύτῃ
3105 599 3308 668 κίνημα
3341 595 3658 667 παθητικὸν,
3682 591 3786 664 μεθ’

2225 685 2285 742 οῦ
2329 691 2466 760 σὰρξ
2497 691 2840 760 ὀνομάζεται,
2872 689 2946 753 ὡς
2978 692 3035 742 ὲν
3078 692 3143 759 τῇ
3194 688 3330 759 πρὸς
3368 685 3670 757 Ῥωμαίους
3720 683 3787 738 ἔτι

2227 783 2554 853 σαφέστερον
2582 785 2910 856 ἡρμήνευσε,
2941 783 3002 836 τὸ
3034 783 3092 834 ὲν
3139 785 3203 850 τῇ
3253 781 3414 851 σαρκὶ
3464 779 3789 847 διασαφήσας

2225 874 2453 944 κίνημα,
2502 874 2900 945 διαμαχόμενον
2949 875 3084 944 rp)»;
3130 873 3254 926 νοῦν
3311 873 3404 925 καὶ
3448 872 3785 942 ἀντιπάσχον,

2224 965 2299 1028 ὡς
2326 967 2385 1018 οὐ
2416 967 2610 1018 ταύτὸν
2645 967 2835 1036 δήπου,
2867 966 2978 1019 ἀλλ’
3014 966 3098 1018 ’ἐτε
3110 983 3199 1037 ρον
3230 965 3289 1018 ὃν
3318 964 3394 1034 τῷ
3420 963 3524 1034 νῷ⁸
3566 983 3584 1014 ι
3624 965 3786 1035 Συνή-

2225 1056 2383 1127 δομαι
2417 1057 2544 1127 γὰρ,
2587 1077 2604 1108 ι
2652 1059 2805 1128 φησι,
2842 1077 2860 1108 ι
2903 1058 2980 1129 τῷ
3023 1059 3171 1127 νόμῳ
3212 1055 3305 1109 τοῦ
3336 1055 3493 1118 Θεοῦ,
3526 1055 3666 1109 κατὰ
3708 1057 3787 1109 τὸν

2226 1146 2334 1199 ἔσω
2366 1147 2647 1218 ἄνθρωπον
2669 1168 2682 1181 ·
2736 1149 2918 1218 βλέπω
2955 1150 3012 1202 δὲ
3045 1150 3231 1218 ἓτερον
3272 1149 3435 1219 νόμον
3470 1148 3527 1199 ὲν
3558 1149 3667 1209 τοῖς
3701 1146 3787 1216 μέ-

2227 1239 2341 1293 λεσί
2370 1258 2490 1310 μου,
2524 1243 3077 1312 ἀντιστρατευόμενον
3118 1239 3194 1310 τῷ
3221 1242 3369 1310 νόμῳ
3394 1238 3484 1290 τοῦ
3517 1239 3638 1302 νοός
3673 1253 3786 1306 μου.

2225 1330 2319 1381 καὶ
2366 1329 2835 1398 αεχμαλωτίζοντά
2879 1348 2966 1400 με.
3027 1348 3045 1379 ι
3080 1329 3250 1380 Τοῦτο
3279 1328 3336 1380 δὲ
3379 1329 3439 1380 τὸ
3471 1327 3680 1396 θέλημα
3705 1325 3789 1380 καὶ

2223 1420 2400 1490 ψυχὴν
2447 1422 2588 1484 ἰδίως
2630 1424 2658 1475 ὁ
2706 1422 2917 1484 Παῦλος
2963 1421 3237 1481 ἐκάλεσεν,
3274 1421 3516 1490 χωρίσας
3567 1418 3675 1472 ἀπὸ
3703 1416 3787 1471 τοῦ

2228 1512 2555 1581 πνεύματος,
2595 1513 2683 1565 ὅτε
2717 1513 2877 1581 φησέν
2898 1530 2910 1542 ’
2949 1530 2967 1562 ι
3019 1513 3075 1566 Ὀ
3107 1512 3233 1574 Θεὸς
3264 1512 3465 1583 ἁγιάσῃ
3495 1511 3640 1580 ὑμᾶς
3683 1509 3787 1563 ὀλο-

2225 1607 2417 1668 τελεῖς,
2449 1606 2542 1657 καὶ
2566 1605 2857 1674 ὁλόκληρον
2887 1604 3040 1672 ὑμῶν
3071 1603 3133 1654 τὸ
3166 1601 3402 1670 πνεῦμα,
3440 1603 3534 1654 καὶ
3563 1604 3598 1672 ἡ
3627 1601 3784 1670 ψυχὴ,

2225 1696 2406 1748 καὶτὸ
2434 1695 2590 1764 σῶμα
2620 1695 2924 1764 ἀμέμπτως
2956 1697 3012 1746 ἐν
3042 1695 3106 1763 τῇ
3153 1692 3422 1763 παρουσία
3463 1692 3556 1745 τοῦ
3594 1693 3787 1764 Κυρίου

2231 1786 2386 1857 ἡμῶν
2413 1787 2524 1856 (26)
2555 1786 2727 1856 Ἰησοῦ
2753 1785 2988 1856 Χριστοῦ
3013 1784 3274 1856 τηρηθείη
3292 1802 3306 1814 ’
3350 1803 3368 1835 ι
3395 1785 3450 1836 ἐν
3469 1783 3524 1836 δὲ
3539 1785 3710 1855 τούτῳ
3734 1786 3789 1838 τὸ

540 1878 716 1930 nostri
732 1874 863 1931 Jesu
883 1875 1084 1932 Christi
1103 1877 1429 1931 servetur”.
1463 1896 1479 1926 ι
1520 1874 1614 1930 His
1647 1876 1825 1930 verbis
1844 1875 2117 1945 spiritum,

2223 1878 2460 1948 πνεῦμα,
2493 1879 2585 1932 καὶ
2607 1878 2802 1947 ψυχὴν,
2835 1879 2927 1931 καὶ
2950 1877 3128 1947 σῶμα,
3155 1877 3246 1929 τὸν
3273 1877 3492 1947 ὁλοτελῆ
3517 1875 3789 1947 ἄνθρωπον

538 1967 778 2020 animam
822 1975 875 2023 et
930 1983 1132 2038 corpus
1179 1984 1278 2038 pro
1323 1970 1534 2038 integro
1563 1967 1784 2022 homine
1820 1982 2120 2036 exponens,

538 2071 847 2126 rogansque
905 2072 1030 2111 eum
1081 2058 1435 2120 sanctiﬁcari,
1468 2065 1523 2112 et
1552 2057 1672 2112 sine
1716 2058 1875 2126 culpa
1903 2072 2123 2112 conser-

537 2148 675 2200 vari.
708 2147 850 2218 Ergo
897 2149 1204 2220 designavit
1254 2151 1531 2221 spiritum,
1563 2150 1658 2220 qui
1688 2151 2120 2207 sanetilicandus

535 2248 700 2305 esset,
733 2243 837 2295 hoc
877 2251 962 2296 est
989 2251 1224 2298 mentem
1264 2244 1581 2298 humanam.
1609 2245 1858 2299 Animam
1900 2244 2117 2309 deinde,

537 2331 648 2386 vim
673 2334 1122 2403 concupiscendi,
1158 2343 1212 2390 et
1240 2350 1443 2406 corpus
1497 2337 1912 2392 tabernaculum
1948 2344 2121 2392 terre-

536 2431 648 2478 stre
709 2427 944 2495 appellat
990 2445 1003 2481 :
1058 2436 1119 2481 ut
1176 2428 1478 2483 secundum
1506 2429 1649 2482 hanc
1709 2428 2117 2484 distinctionem

536 2514 715 2570 tribus
746 2525 962 2571 constet
1020 2517 1184 2572 homo
1221 2519 1516 2589 terrigena,
1546 2520 1897 2591 intelligibili,
1925 2537 2120 2576 concu-

536 2609 792 2678 piscibili,
815 2611 1107 2680 corporali.
1133 2612 1396 2666 Voluntas
1431 2627 1594 2682 porro
1626 2611 1741 2668 sive
1775 2613 1977 2677 anima,
1997 2629 2118 2683 quae

536 2707 621 2755 est
664 2701 748 2756 vis
798 2703 1268 2773 concupiscibilis,
1302 2705 1457 2759 unita
1480 2713 1564 2759 est
1594 2704 1784 2768 menti,
1817 2712 1871 2760 et
1897 2705 2115 2775 corpori

537 2791 799 2848 humano.
830 2793 1203 2849 lnvalescente
1255 2795 1425 2864 igitur
1466 2793 1806 2864 intelligendi
1843 2794 1918 2858 vi,
1967 2802 2115 2849 totus

536 2880 701 2936 homo
730 2881 961 2937 edicitur
1009 2883 1416 2948 intellectualis,
1453 2897 1762 2954 quanquam
1805 2884 2115 2955 implicatus

534 2973 608 3028 sit
661 2974 974 3029 carnalibus
1013 2975 1499 3045 concupiscentiis,
1539 2977 1841 3030 secundum
1894 2976 2114 3046 conspi-

533 3079 697 3119 cuam
749 3066 1151 3122 dissensionem
1198 3075 1255 3122 et
1287 3082 1523 3137 pugnam
1553 3067 1704 3137 ejus.
1735 3081 1856 3138 quae
1904 3068 1960 3122 in
2013 3068 2112 3122 ho-

531 3156 681 3213 mine
708 3165 816 3222 cst,
856 3158 1146 3213 rationalis
1179 3158 1263 3212 vis
1294 3172 1419 3211 cum
1467 3159 1793 3224 irrationali,
1830 3174 1940 3213 non
1989 3158 2112 3229 qui-

2229 1971 2594 2041 ἑρμηνεύσας,
2622 1973 2713 2023 καὶ
2739 1969 3107 2040 ῦπευξάμενος
3136 1970 3295 2022 αὑτὸν
3326 1969 3671 2038 ἁγιασθῆναι,
3705 1969 3789 2021 atat

2227 2063 2532 2133 ἀμέμπτως
2578 2063 2898 2134 τηρηθῆναι.
2953 2062 3174 2134 Πνεῦμα
3220 2063 3317 2133 μὲν
3364 2059 3457 2115 οῦν
3514 2061 3681 2127 ἔδειξε
3735 2059 3791 2112 τὸ

2224 2151 2608 2222 ἁγιαζόμενον,
2661 2152 2797 2221 ὅπερ
2828 2151 2974 2202 ἐστὶν
2997 2152 3040 2202 ’ὁ
3076 2149 3200 2212 νοῦς
3240 2151 3268 2202 ὁ
3301 2147 3669 2220 ἀνθρώπινος·
3698 2144 3790 2213 ψυ-

2226 2241 2329 2313 χὴν
2359 2243 2420 2296 δὲ
2457 2242 2595 2312 μετὰ
2619 2242 2775 2294 τοῦτο
2804 2243 2864 2295 τὸ
2899 2241 3312 2312 ἐπιθυμητικὸν,
3340 2241 3435 2293 καὶ
3475 2239 3635 2308 σῶμα
3669 2236 3790 2305 σκῆ-

2226 2351 2314 2396 νος
2338 2334 2399 2386 τὸ
2424 2336 2609 2404 γήϊνον
2629 2351 2642 2362 ·
2675 2333 2815 2386 ὥστε
2864 2334 3006 2386 κατὰ
3037 2334 3239 2403 ταύτην
3261 2331 3357 2402 τὴν
3386 2331 3647 2402 διαίρεσιν
3672 2328 3791 2399 τρία

2225 2420 2362 2478 εἶναι
2377 2425 2465 2476 τὸν
2481 2425 2762 2495 ἄνθρωπον
2782 2424 2870 2478 τὸν
2892 2427 3096 2495 γηγενῆ
3116 2441 3128 2453 ⁸
3147 2425 3208 2476 τὸ
3233 2423 3436 2493 νοερὸν,
3452 2422 3513 2474 τὸ
3532 2420 3790 2492 ἐπιθυμη-

2222 2516 2405 2578 τικὸν,
2439 2517 2498 2569 τὸ
2532 2518 2861 2586 σωματικόν.
2906 2516 3075 2568 Τοῦτο
3109 2515 3219 2586 (27)
3250 2516 3311 2568 τὸ
3356 2515 3586 2585 θέλημα,
3617 2514 3728 2584 ἦτοι
3757 2514 3788 2583 ἠ

2222 2608 2386 2678 ψυχη,
2404 2608 2462 2661 τὸ
2479 2608 2888 2679 ἐπιθυμητικὸν,
2905 2609 3110 2678 ἥνωται
3125 2607 3201 2676 τῷ
3214 2607 3288 2676 νῷ
3310 2605 3386 2677 τῷ
3401 2605 3492 2659 τοῦ
3511 2603 3790 2675 ἀνθρώπου

2222 2702 2316 2754 καὶ
2341 2701 2418 2771 τῷ
2455 2711 2687 2770 σώματι.
2736 2701 3187 2772 Ἑπικρατοῦντος
3213 2697 3305 2753 οῦν
3350 2699 3445 2752 τοῦ
3488 2695 3694 2770 νοεροῦ,
3732 2695 3789 2748 τὸ

2220 2791 2339 2844 ὅλον
2373 2793 2488 2845 ἐστὶ
2515 2792 2697 2862 νοερὸς
2735 2792 3049 2863 ἅνθρωπος·
3087 2793 3330 2859 καίτοιγε
3372 2787 3792 2860 συμπεπλεγμέ-

2220 2898 2309 2932 νον
2343 2881 2480 2951 ἔχων
2526 2883 2584 2934 ἐν
2631 2885 2752 2944 ταῖς
2804 2885 3094 2954 σαρκικαῖς
3144 2882 3477 2950 ἐπιθυμίαις,
3511 2880 3650 2932 κατᾶ
3698 2889 3792 2948 την

2219 2972 2483 3043 πρόδηλον
2507 2973 2768 3044 διαφορὰν
2798 2975 2892 3026 καὶ
2922 2974 3101 3044 μάχην
3127 2972 3343 3042 λογικοῦ
3369 2989 3426 3024 τε
3452 2972 3545 3024 καὶ
3574 2971 3788 3038 ἀλόγου,

2217 3060 2311 3114 τοῦ
2348 3063 2406 3114 ὲν
2433 3061 2511 3132 τῷ
2541 3061 2830 3132 ἀνθρώπῳ,
2880 3062 2993 3116 ἀλλ’
3025 3063 3125 3115 οὐκ
3174 3061 3613 3132 ἐπικρατοῦντος,
3659 3057 3792 3111 ἀλλὰ

2218 3153 2702 3224 ὲπικρατουμένου.
2746 3154 3099 3224 Ἡγεμονικὺν
3148 3153 3206 3206 δὲ
3253 3152 3490 3221 λέγεται,
3545 3149 3724 3213 καθὼς
3763 3151 3792 3201 ὁ

531 3245 656 3301 dem
689 3246 1026 3311 dominante,
1055 3247 1153 3304 sed
1211 3246 1514 3302 dominium
1551 3249 1812 3318 patiente.
1839 3249 2108 3304 Caeterum

2223 3244 2337 3308 νοῦς
2366 3248 2576 3314 ἡγεῖται
2608 3245 2701 3297 τοῦ
2745 3243 2978 3309 ζωτικοῦ
3028 3243 3296 3315 σώματος.
3327 3243 3646 3317 Ἀνθρωπος
3699 3237 3789 3295 οὖν

532 3338 856 3409 principalis
887 3339 996 3408 22
1018 3339 1220 3393 dicitur
1245 3355 1420 3403 mens,
1439 3347 1710 3409 quatenus
1743 3341 1998 3410 princeps
2027 3349 2114 3397 est

2215 3335 2337 3389 καθ’
2358 3338 2458 3406 ήγε
2467 3353 2562 3406 μον
2572 3336 2657 3388 ίαν
2679 3336 2768 3389 νοῦ
2792 3336 2903 3407 (28)
2919 3337 3146 3408 μετέσχε
3169 3336 3436 3408 θεότητος,
3451 3335 3634 3406 νοερὸν
3651 3332 3788 3398 ζῶον

529 3435 586 3483 ει
607 3428 718 3482 dux
765 3431 1016 3499 corporis
1055 3428 1326 3483 animalis.
1357 3427 1530 3483 Homo
1579 3429 1765 3498 igitur,
1810 3430 2111 3484 secundum

2223 3423 2290 3476 ὢν
2314 3441 2328 3454 ·
2379 3423 2467 3476 διὰ
2507 3425 2664 3478 τοῦτο
2697 3425 2872 3494 λέγει’
2907 3445 2928 3481 ι
2963 3426 3021 3480 '0
3053 3424 3385 3498 κολλώμενος
3408 3426 3486 3499 τῷ
3516 3424 3705 3498 Κυρίῳ
3732 3425 3790 3480 ἓν

527 3519 900 3590 principatum
957 3521 1179 3583 mentis,
1213 3519 1486 3590 particeps
1513 3526 1598 3575 est
1624 3519 1866 3584 deitatis,
1891 3536 2016 3576 cum
2041 3522 2113 3576 sit

530 3612 733 3666 animal
792 3612 1159 3668 intellectuale
1191 3630 1206 3675 ;
1240 3611 1470 3682 ideoque
1516 3612 1647 3668 dicit
1679 3632 1693 3668 :
1725 3631 1744 3665 ι
1774 3611 1878 3680 Qui
1930 3615 2112 3670 adhe-

527 3714 612 3760 ret
642 3704 896 3770 Domino,
933 3721 1076 3760 unus
1103 3706 1328 3775 spiritus
1345 3715 1430 3762 est
1448 3706 1514 3758 ".
1551 3725 1570 3758 ι

596 3866 645 3900 ⁸⁸
674 3862 832 3921 Rom.
863 3883 961 3934 vn,
982 3866 1053 3920 2%
1100 3866 1190 3922 25.

597 4040 709 4111 (26)
749 4041 808 4094 ln
855 4041 1041 4100 verbo.
1093 4042 1271 4111 ἡμῶν,
1321 4042 1500 4097 deﬁcit
1541 4044 1711 4099 codex
1760 4042 2103 4102 Basiliensis.

525 4111 940 4185 MosLAnglic"
973 4115 1030 4185 εν
1060 4111 1115 4162 δὲ
1148 4112 1359 4185 τούτοις
1383 4114 1619 4185 πνεῦμα,
1647 4120 1754 4169 etc.

596 4180 711 4250 (27)
750 4179 938 4246 Τοῦτο,
968 4183 1120 4234 deest
1154 4183 1209 4234 in
1237 4184 1449 4252 Anglic.

2215 3513 2434 3586 πνεῦμά
2461 3516 2626 3571 ἐστιν.
2674 3535 2695 3570 ι

1268 3869 1314 3899 ’³
1346 3867 1364 3922 Ι
1390 3866 1583 3925 Thess.
1611 3885 1668 3923 ν.
1698 3866 1791 3923 25.
1867 3868 1914 3900 ⁸⁸
1947 3867 2116 3925 lCor.
2145 3887 2224 3936 τι,
2250 3871 2339 3928 Π.

2283 4048 2396 4130 (28)
2420 4050 2718 4130 ’νοῇ-νοῦ,
2755 4055 2990 4130 habetur
3016 4059 3070 4112 in
3099 4058 3421 4130 Anglicano,
3460 4057 3613 4130 etin
3653 4057 3786 4115 edit.

2212 4119 2389 4177 Paris.
2419 4122 2477 4178 ln
2505 4127 2734 4196 reliquis
2755 4136 2812 4183 et
2840 4129 2896 4182 in
2925 4130 3059 4185 edit.
3089 4119 3351 4184 Commel.
3384 4119 3746 4184 desideratur.

1308 4486 1389 4546 IN
1422 4487 1882 4549 EPISTOLAM
1929 4489 2460 4553 CATHOLICAM
2505 4491 2997 4554 ADMONITIO.

598 4651 725 4708 Hac
787 4652 1021 4722 Epistola
1069 4668 1173 4706 non
1212 4650 1434 4705 habetur
1458 4654 1511 4705 in
1555 4654 1787 4724 antiquis
1846 4655 2125 4710 Athanasii
2157 4654 2385 4725 Operum
2413 4657 2831 4725 collectionibus,
2856 4660 3270 4731 ambiqintusqle
3290 4675 3360 4712 an
3389 4659 3458 4713 sit
3487 4675 3549 4712 ea
3569 4673 3786 4730 germa-

523 4761 650 4799 num
698 4745 979 4799 Athanasii
1014 4759 1182 4812 opus;
1219 4745 1476 4797 nonnulla
1519 4745 1707 4813 quippe
1755 4755 1877 4798 sunt
1921 4745 2005 4798 hic
2035 4746 2278 4815 loquendi
2315 4763 2506 4818 genera
2531 4749 2583 4801 in
2617 4749 2750 4802 veris
2808 4749 3094 4802 Athanasii
3122 4747 3362 4817 operibus
3403 4763 3506 4800 non
3550 4749 3781 4813 usitata,

519 4855 818 4911 quanquam
843 4839 1126 4893 sexcenties
1158 4852 1267 4891 sese
1292 4837 1377 4888 illi
1408 4836 1658 4889 obtulerit
1679 4853 1743 4891 ea
1776 4839 2072 4905 usurpandi
2097 4855 2121 4891 ο

2226 4839 2328 4906 sio,
2362 4857 2408 4893 υ.
2439 4856 2493 4910 g.
2531 4838 2797 4911 σύμϐολον
2822 4842 2918 4909 τῆς
2941 4841 3178 4902 πίστεως
3197 4877 3213 4902 ,
3234 4837 3404 4908 slglus
3439 4837 3561 4891 item
3585 4837 3780 4890 remis-

518 4931 630 4985 sior
661 4947 820 5002 quam
857 4931 1276 4989 Athanasianus.
1317 4932 1380 4986 In
1412 4934 1564 4987 titulo
1590 4935 1752 4987 etiam
1781 4934 2026 5006 quwdam
2058 4951 2119 4988 oc

2223 4945 2341 4988 runt
2373 4934 2584 4999 νοθείας
2609 4938 2760 5006 signa
2789 4953 2808 4989 :
2839 4951 2957 5001 eos“,
2990 4937 3039 4989 οἱ
3072 4934 3479 4997 συνεπίσκοποι,
3509 4949 3780 5001 nusquam

520 5023 584 5075 ab
613 5021 908 5077 Athanasio
957 5033 1236 5092 usurpata,
1268 5024 1399 5077 solet
1428 5026 1613 5093 quippe
1642 5024 1830 5094 ubique
1862 5026 1951 5078 ille
1983 5029 2310 5092 coepiscopos
2343 5041 2528 5079 vocare
2573 5025 3038 5096 συλλειτουργούς.
3076 5023 3326 5079 Nomina
3350 5026 3474 5078 item
3499 5027 3776 5095 regionum

515 5114 793 5181 pauciora.
828 5131 987 5186 quam
1013 5133 1130 5185 qua:
1154 5113 1408 5185 Epistola:
1435 5114 1722 5170 Catholica:
1759 5132 1876 5185 qua:
1901 5115 2165 5186 encyclica
2190 5125 2290 5178 est,
2325 5115 2488 5169 inseri
2513 5116 2739 5169 soleant.
2773 5114 3040 5170 Prteterea
3071 5119 3202 5172 solet
3241 5115 3565 5170 Athanasius
3595 5116 3779 5185 fusius

515 5217 563 5260 et
607 5208 859 5278 liquidius
888 5227 969 5265 res
997 5223 1171 5282 gestas
1212 5213 1264 5266 in
1299 5212 1537 5280 epistolis
1569 5211 1682 5266 suis
1721 5224 1994 5276 enarrare,
2030 5225 2188 5279 ᾳιιαιη
2227 5209 2313 5263 hic
2360 5207 2672 5264 habeantur.
2699 5207 3032 5278 Quapropter
3063 5210 3200 5263 inter
3244 5203 3408 5260 dubia
3459 5219 3616 5275 opera
3649 5219 3776 5260 eam

517 5296 764 5368 ablegare
796 5299 964 5354 visum
1001 5312 1098 5358 est.
