4048 6406
506 421 577 479 κε
1679 418 1739 474 S.
1778 417 2243 476 ATHANASIUS.
2283 448 2351 460 —
2389 418 2622 475 DUBIA.
3700 423 3764 478 84

509 539 789 596 simulant.
818 538 922 605 Qui
946 539 992 595 si
1025 554 1135 594 non
1170 544 1356 595 essent
1384 536 1452 590 iis
1482 532 1767 591 allectibus
1806 550 2087 607 praeoccu-

2201 538 2487 609 ῖιπατηλοῖς
2506 556 2520 570 °
2557 539 2653 594 καὶ
2696 537 3011 594 ἐπισκόπων
3044 538 3270 611 πλῆθος,
3297 537 3369 593 τὰ
3412 538 3512 609 μὲν
3535 537 3624 591 διὰ
3653 537 3767 591 δέος

510 633 644 713 pati,
673 631 960 685 veritatem
1010 645 1145 686 sane
1173 630 1363 702 paucis
1392 630 1543 686 hisce
1571 618 1753 685 verbis
1791 631 2095 702 expositam

511 729 908 792 agnoscerent:
942 722 1172 786 scilicet,
1197 720 1341 777 Deus
1373 729 1427 777 et
1459 720 1553 777 Dei
1585 719 1757 778 Filius
1783 738 1892 777 non
1917 730 2100 792 potest

514 829 636 871 esse
670 828 760 869 res
802 829 835 868 a
871 812 980 868 Deo
1032 812 1196 880 facta,
1245 828 1345 870 nec
1392 811 1632 884 Spiritus
1664 822 1891 870 sanctus
1934 813 2099 869 rebus

514 902 675 959 factis
707 910 1118 958 annumeratur.
1162 903 1282 967 Dei,
1318 919 1428 958 non
1451 920 1580 960 vero
1599 913 1883 970 creatura,
1903 905 2101 960 adven.

513 1003 637 1058 tum
677 995 1017 1050 admittimus
1050 1011 1267 1066 :neque
1317 997 1373 1051 in
1426 998 1567 1052 servi
1598 999 1889 1053 adventum
1916 998 2098 1053 credi-

516 1100 669 1153 mus,
698 1086 978 1157 divinique
1027 1087 1267 1159 Spiritus
1309 1090 1538 1158 gratiam
1572 1091 1912 1147 admittimus
1946 1110 1960 1146 :
2003 1107 2101 1161 per

515 1194 675 1247 quem
704 1187 757 1235 et
788 1179 860 1233 dii
888 1179 1175 1245 ellicimur,
1208 1190 1263 1235 et
1293 1180 1383 1236 Dei
1413 1183 1616 1252 templa
1651 1182 1953 1238 reddimur.
1972 1182 2098 1240 Haec

511 1271 660 1327 enim
714 1272 903 1341 paucis
971 1272 1098 1327 licet
1159 1271 1454 1333 declarata.
1521 1272 1837 1329 Christiano
1901 1275 2099 1345 cuique

514 1368 702 1430 aperta
720 1368 867 1425 sunt,
884 1377 1007 1416 cum
1023 1372 1333 1417 accuratam
1368 1364 1439 1419 ab
1460 1364 1724 1435 initioque
1752 1366 2097 1436 pratdieatam

514 1453 795 1509 veritatem
814 1462 1143 1510 conservent
1168 1473 1182 1509 :
1203 1455 1258 1509 in
1280 1471 1388 1525 qua
1410 1456 1457 1511 si
1481 1471 1819 1523 maneamus,
1842 1465 2098 1512 :eternam

512 1553 895 1616 exspectamus
929 1561 1101 1615 spem.
1134 1544 1284 1602 Fidei
1321 1547 1504 1617 itaque
1537 1557 1739 1603 nostra:
1784 1548 2099 1619 Symbolum

521 1635 1143 1696 est:Consuh3tantialis
1164 1633 1440 1705 Trinitas;
1472 1637 1615 1694 Deus
1646 1654 1812 1695 verus
1841 1655 1909 1694 ex
1932 1638 2099 1693 Maria

516 1728 698 1783 factus
722 1728 885 1784 homo
912 1730 1035 1799 :qui
1067 1728 1151 1784 his
1166 1743 1275 1784 non
1300 1729 1649 1799 astipulatur,
1691 1731 1978 1786 anathema
2005 1732 2096 1785 sit.

516 1820 643 1876 llatc
678 1824 824 1877 enim
849 1822 1069 1894 praefert
1094 1822 1327 1880 Nicaeum
1356 1824 1550 1896 synodi
1583 1825 2100 1895 rescriptumzllon-

515 1913 928 1970 substantialem
945 1930 1066 1971 esse
1078 1914 1225 1971 Patri
1242 1916 1458 1982 Filium,
1475 1929 1529 1972 et
1547 1916 1809 1988 Spiritum
1846 1925 2099 1972 sanctum

519 2002 667 2057 Patri
686 2011 741 2058 et
776 2001 915 2059 Filio
936 2007 1357 2076 conglorilicari.
1377 2006 1546 2063 Deum
1565 2023 1751 2062 verum
1779 2005 1977 2062 Filium
2013 2005 2104 2061 Dei

515 2083 886 2163 incantatam,
914 2106 969 2153 et
1000 2114 1220 2169 passum
1250 2116 1395 2162 esse,
1431 2100 1826 2164 rosuri-exisse,
1848 2099 1902 2152 in
1927 2098 2102 2156 caelos

517 2188 857 2259 ascendisse,
883 2198 1172 2246 venturum
1196 2207 1317 2247 esse
1333 2191 1573 2260 judicem
1600 2191 1843 2245 vivorum
1873 2198 1928 2246 et
1958 2206 2105 2245 mor-

2196 629 2306 682 τῶν
2328 631 2385 683 ὲν
2414 630 2633 685 πόλεσιν
2664 630 3102 703 ὲπιφανεστέρων
3132 629 3265 702 (36),
3312 630 3384 684 τὰ
3417 630 3475 684 δὲ
3512 630 3579 684 δι’
3622 630 3795 703 ἀντι-ε

2199 723 2417 793 ποίησιν
2446 722 2603 795 δόξης
2626 740 2640 755 ·
2664 725 2758 779 καὶ
2775 699 2819 778 νά
2843 724 2941 795 μὲν
2971 699 3281 795 (ρρονοῦσιν,
3308 722 3765 793 ἀποκρύπτουσιν,
3790 699 3796 733 ⁵

2198 814 2234 869 ἃ
2275 816 2332 869 δὲ
2359 817 2432 888 μὴ
2462 816 2747 888 φρονοῦσιν
2783 816 3183 895 ὑποκρίνονται.
3229 817 3339 880 Ὦς,
3373 815 3507 884 εἴγε
3544 814 3617 887 μὴ
3648 812 3769 868 τού-

2198 928 2311 975 τοις
2351 914 2466 975 τοῖς
2512 912 2707 967 πάθεσι
2760 911 3266 985 προκατεσχημένοι
3308 911 3437 971 εἰσὶ,
3480 910 3575 963 καὶ
3615 909 3770 982 μόνον

2202 1001 2456 1072 ῥηθεῖσαν
2499 1002 2597 1075 τὴν
2641 1003 2901 1075 ἀλήθειαν
2953 1002 3153 1072 ὀλίγοις
3208 1004 3466 1073 ῥήμασιν,
3520 1001 3770 1068 ἐπιγινώ-

2203 1107 2441 1154 σκουσιν,
2483 1092 2566 1144 ὅτι
2594 1094 2732 1164 μήτε
2773 1092 2981 1163 ποίημα
3015 1090 3149 1144 Θεοῦ
3190 1091 3322 1153 Θεὸς
3353 1090 3447 1142 καὶ
3478 1091 3604 1153 Υἱὸς
3638 1090 3769 1144 Θεοῦ

2199 1174 2338 1233 εἶναι
2386 1179 2629 1244 δύναται,
2683 1182 2820 1252 μήτε
2850 1180 2910 1234 τὸ
2941 1181 3162 1251 Πνεῦμα
3198 1181 3262 1233 τὸ
3298 1180 3451 1249 ἆγιον
3477 1182 3771 1250 ποιήμασιν

2199 1271 2405 1336 ἔγκατα
2412 1270 2700 1342 ριθμεϊται.
2718 1270 2852 1324 Θεοῦ
2868 1288 2926 1324 τε
2942 1270 3259 1340 ἐπιφάνειαν
3276 1270 3668 1340 ὑπεδεξάμεθα,
3683 1272 3772 1325 καὶ

2199 1362 2319 1432 οὐχὶ
2345 1363 2456 1431 (57)
2485 1363 2780 1433 κτίσματος
2803 1362 3096 1434 ἐπιδημίαν
3115 1381 3128 1393 ·
3162 1363 3284 1417 οὐδὲ
3310 1365 3389 1427 εἰς
3420 1362 3605 1420 δούλου
3636 1379 3773 1435 παρ-

2198 1453 2381 1507 ουσίαν
2427 1454 2907 1526 πεπιστεύκαμεν,
2955 1455 3048 1507 καὶ
3076 1453 3257 1507 θεῖκοῦ
3297 1452 3611 1524 Πνεύματος
3643 1454 3774 1507 ὑπε-

2199 1546 2489 1618 δεξάμεθα,
2536 1547 2603 1601 δι’
2641 1540 2702 1600 οῦ
2752 1548 2847 1600 καὶ
2895 1545 3307 1617 θεοποιούμεθα,
3350 1546 3444 1599 καὶ
3485 1545 3621 1598 Θεοῦ
3662 1545 3777 1600 ναοὶ

2203 1638 2594 1710 καθιστάμεθα.
2648 1637 2833 1691 Ταῦτα
2866 1636 2976 1710 γάρ
3027 1638 3118 1691 καὶ
3148 1637 3292 1691 οὕτω
3333 1637 3575 1708 βραχέως
3622 1635 3777 1705 λεγό-

2206 1747 2360 1800 μενᾳ,
2395 1729 2559 1783 παντὶ
2608 1728 2918 1800 Χριστιανῷ
2966 1728 3264 1800 κατάδηλα,
3311 1729 3384 1792 ὡς
3428 1729 3526 1800 τὴν
3577 1727 3776 1801 ἀκριϐῆ

2204 1823 2312 1893 (58)
2346 1820 2406 1887 ἐξ
2442 1821 2615 1892 ἀρχῆς
2664 1819 3029 1892 κηρυχθεῖσαν
3077 1819 3333 1892 ἀλήθειαν
3382 1819 3665 1885 σώζουσιν,
3696 1820 3778 1890 ἐφ’

2204 1908 2239 1986 ᾗ
2271 1913 2597 1984 ἐμμένοντες
2621 1911 2721 1975 τὰς
2743 1912 2994 1976 αίωνίους
3019 1912 3237 1976 ἐλπίδας
3266 1911 3614 1983 ἐκδεχόμεθα.
3638 1910 3780 1982 Σύμ-

2204 2005 2356 2059 6ολον
2380 2001 2471 2060 οὖν
2497 2006 2596 2077 τῆς
2616 2005 2851 2069 πίστεως
2883 2004 3040 2076 ἡμῶν
3070 2003 3352 2076 ὀμοούσιος
3381 2006 3414 2075 ἡ
3444 2003 3635 2075 Τριὰς,
3650 2002 3781 2069 Θεὸς

2207 2099 2319 2169 (59)
2370 2097 2646 2169 ἀληθινὸς,
2694 2100 2760 2152 ὲκ
2799 2098 3017 2170 Μαρίας
3044 2098 3333 2169 γενόμενος
3381 2096 3683 2169 ἄνθρωπος.
3724 2096 3782 2150 ὐ

2203 2192 2261 2245 δὲ
2295 2190 2370 2263 μὴ
2393 2190 2770 2263 συντιθέμενος
2806 2192 3053 2263 ἀνάθεμα
3077 2190 3236 2245 ἔστω.
3265 2189 3447 2244 Ταῦτα
3469 2190 3581 2262 γὰρ
3598 2191 3692 2244 καὶ
3721 2188 3781 2243 τὸ

516 2286 735 2335 tuorum
771 2300 784 2336 :
817 2282 907 2335 cui
933 2281 1106 2352 gloria
1138 2284 1191 2336 in
1234 2283 1435 2339 saecula
1468 2283 1814 2338 szecnlorum.
1850 2283 2046 2339 Amen.

2204 2284 2305 2355 τῆς
2346 2283 2586 2356 μεγάλης
2619 2285 2837 2338 συνόδου
2871 2284 2972 2353 τῆς
3000 2286 3058 2337 ὲν
3099 2285 3302 2355 Νικαία
3336 2283 3567 2354 γράμμα
3600 2282 3784 2353 βούλεο

514 2387 637 2424 ται·
677 2370 992 2442 Ὀμοούσιον
1039 2367 1176 2427 εἶναι
1248 2372 1327 2444 τῷ
1368 2374 1543 2443 Πατρὶ
1588 2374 1679 2427 τὸν
1728 2374 1889 2427 Υίόν·
1939 2375 2032 2428 καὶ
2074 2375 2135 2429 τὸ
2175 2375 2432 2447 Πνεῦμα.
2483 2375 2563 2446 τῷ
2608 2377 2822 2447 Πατρὶ,
2871 2377 2965 2429 καὶ
3009 2375 3087 2445 τῷ
3144 2374 3258 2445 Υξῷ
3316 2372 3725 2438 συνδοξεὶζεσθαι
3760 2391 3779 2410 ο

516 2460 648 2518 Θεὸν
674 2462 927 2534 ἀληθινὸν
963 2463 1054 2518 τὸν
1083 2464 1210 2518 Υίδν
1255 2464 1350 2519 τοῦ
1383 2464 1518 2520 Θεοῦ
1562 2464 1964 2537 σεσαρκῶσθαι,
2003 2466 2362 2529 πεπονθέναι,
2409 2467 2736 2536 ἀναστῆναι,
2792 2467 2872 2527 εἰς
2922 2450 3193 2537 οὐρανοὺς.
3230 2461 3784 2534 ἁνεληλυθέναι,ἦξειν

516 2550 707 2622 κριτὴν
738 2549 959 2615 ζώντων
984 2553 1079 2607 καὶ
1105 2554 1315 2623 νεκρῶν
1340 2571 1354 2585 ο
1390 2547 1433 2622 ᾧ
1460 2557 1493 2626 ἡ
1526 2556 1651 2622 δόξα
1695 2558 1777 2619 είς
1804 2558 1931 2621 τοὺς
1961 2557 2161 2619 αἰῶνας
2190 2557 2298 2609 τῶν
2328 2559 2539 2611 αἰώνων
2572 2557 2707 2626 \40).
2758 2557 2951 2628 Ἀμήν.

594 2706 706 2782 (ὅθ)
748 2706 1117 2782 Sic_Basil._2,
1155 2716 1375 2767 rectius.
1412 2712 1604 2767 Caneri
1636 2724 1689 2767 et
1718 2714 1872 2780 editi,
1908 2718 2105 2782 snt-ga—

2282 2716 2393 2786 (58)
2436 2712 2527 2769 Sic
2548 2717 2680 2770 edit.
2715 2714 2894 2770 Paris.
2920 2722 2973 2769 et
3003 2714 3170 2786 Basil.
3196 2712 3252 2769 2.
3274 2714 3332 2786 In
3362 2713 3493 2786 edit.
3515 2714 3780 2786 Commel.

518 2777 822 2856 νεστέραες.
853 2779 996 2856 Infra
1024 2780 1190 2835 Basil.
1222 2784 1273 2846 l,
1306 2783 1826 2854 προκατισχημὲνοι.
1859 2777 2103 2855 Anglia,
2208 2793 2263 2840 et
2291 2777 2312 2839 'i

2208 2782 2356 2858 etin
2377 2782 2614 2858 reliquis
2646 2802 2806 2858 mss.,
2845 2785 3049 2858 ἀκριϐῆ
3102 2786 3275 2841 deest.
3298 2782 3467 2838 Paulo
3492 2793 3638 2855 post,
3669 2783 3785 2842 An-

519 2850 1056 2925 προαατησχημένοι.
1101 2922 1112 2925 _
1171 2922 1180 2925 Α
1351 2850 1363 2854 ’
1506 2922 1518 2925 _
1704 2924 1709 2925 γ
1761 2923 1781 2925 _
1908 2924 1913 2925 ί
1951 2850 1971 2855 ⁷
2209 2856 2362 2925 glic..
2391 2856 2484 2909 καὶ
2507 2850 2611 2920 τὰς
2637 2857 2906 2919 αἰωνίους.

593 2917 704 2987 (57)
746 2917 905 2996 llaec,
939 2924 1032 2976 καὶ
1061 2922 1203 2996 οὐχί,
1246 2938 1419 2996 usque
1455 2922 1966 2996 ambiit-adiltpst
2000 2941 2099 2996 se-

2210 2917 2238 2925 ⁷
2282 2926 2392 2996 (59)
2431 2917 2786 2996 Anglicanus,
2818 2928 2847 2978 6
2869 2917 3023 2991 Θεος.

593 2928 704 2987 (57)
746 2928 892 2983 Haec,
939 2928 1032 2976 καὶ
1061 2928 1203 2991 οὐχί,
1246 2938 1419 2993 usque
1455 2928 1544 2988 ad,
1586 2928 1966 2993 ὑπεδεξάμεθα
2012 2941 2103 2978 se-
2282 2928 2370 2991 (59
2431 2928 2786 2996 Anglicanus,
2818 2928 3023 2991 όΘεος.

519 3003 728 3066 ηιιειιιε,
751 2989 1143 3066 desiderantur
1175 2994 1231 3066 in
1260 2991 1447 3058 editis,
1485 2992 1582 3050 sed
1610 2994 1886 3048 habentur
1913 2995 1968 3049 in
1997 2994 2107 3048 Ba-
2259 2928 2393 3066 μοζ
2435 2998 2523 3051 Sic
2557 2997 2877 3054 Basiliensis
2911 2995 3207 3053 secundus.
3257 2997 3319 3052 In
3373 2996 3585 3052 caeteris
3630 3003 3685 3052 et
3726 2995 3784 3052 lu

520 3057 732 3128 aliiensi
772 3061 950 3131 primo
984 3071 1038 3119 et
1068 3061 1393 3135 Anglicano.
1435 3057 1440 3058 ί
2210 3057 2386 3121 editis'
2404 3066 2513 3120 τῶν
2543 3066 2754 3122 αἰώνων
2789 3069 2963 3123 deest.

958 3412 1434 3479 ADMONITIO
1472 3418 1553 3479 lN
1591 3416 2233 3481 REFUTATIONEM
2270 3417 2751 3481 HYPOCBISIS
2787 3419 3145 3491 MELETII,
3181 3418 3354 3479 ETC.

541 3584 544 3586 ⁷
598 3600 661 3643 ιιι
693 3581 901 3638 Nannii
929 3584 1364 3655 interpretatione
1390 3587 1581 3643 titulus
1610 3589 1685 3641 sic
1711 3587 1889 3653 habet,
1926 3586 2203 3644 Refutatio
2230 3598 2421 3644 contra
2463 3587 2780 3660 hypocrisin
2813 3586 3032 3653 Meletii,
3060 3586 3280 3643 Eusebii
3311 3594 3365 3643 et
3388 3586 3544 3641 Pauli
3604 3584 3790 3642 Samo-

519 3676 793 3746 satensis;
849 3678 1093 3732 uitiatum
1121 3681 1308 3751 quippe
1336 3682 1565 3737 codicem
1596 3683 1949 3754 Anglicanum
1980 3695 2191 3738 secutus
2222 3683 2310 3739 ille
2336 3692 2415 3738 est
2443 3699 2462 3739 :
2496 3684 2748 3738 nimirum
2770 3723 2786 3749 ,
2812 3682 2966 3752 lapsu
2998 3680 3276 3751 cujusdam
3311 3683 3584 3742 scriptoris
3618 3683 3793 3751 primo

519 3772 750 3841 positum
799 3781 899 3837 est,
948 3772 1043 3825 καὶ
1089 3770 1370 3844 Εὑσέϐιον,
1403 3776 1497 3830 καί⁸
1528 3776 1618 3829 τὸν
1648 3776 1989 3849 Σαμοσατέα,
2026 3787 2080 3829 ut

2201 3778 2301 3830 itur
2330 3777 2384 3830 in
2424 3774 2780 3847 superioribus
2840 3773 3004 3829 editis
3038 3792 3057 3830 :
3094 3779 3213 3835 hinc
3245 3781 3384 3835 alius
3430 3782 3792 3848 amanuensis,

521 3864 674 3917 illum
707 3863 1135 3920 Samosatensem
1172 3875 1323 3921 ratus
1351 3882 1464 3922 esse
1493 3865 1727 3920 Paulum
1756 3866 2099 3923 lueresiarchc

2224 3878 2412 3921 temere
2435 3867 2679 3931 inseruit,
2705 3867 2801 3919 καὶ
2833 3868 3043 3923 Παῦλον
3072 3872 3163 3925 τὸν
3196 3872 3609 3944 Σαμοσατέα,ιιε
3641 3872 3793 3928 liabe-

523 3965 613 4011 tur
642 3956 694 4009 in
726 3955 1021 4026 Anglicano
1063 3954 1257 4009 codice.
1289 3957 1357 4010 At
1400 3955 1674 4027 legendum
1706 3973 1818 4011 esse
1860 3958 1968 4009 τῶν
2008 3975 2099 4028 πεε

2201 3957 2427 4010 ιε).έτιον
2454 3955 2548 4010 καὶ
2586 3956 2845 4010 Εὐοέόιον
2873 3960 2963 4012 τὸν
2996 3962 3335 4034 Σαμοσατέα,
3363 3981 3475 4018 cum
3510 3980 3575 4019 ex
3601 3980 3794 4019 manu-

525 4047 733 4113 scriptis
766 4046 875 4114 fere
910 4046 1177 4109 omnibus,
1210 4057 1320 4098 tum
1346 4058 1411 4098 ex
1447 4053 1590 4097 recta
1620 4044 1859 4098 historia:
1885 4047 2019 4099 serie
2045 4055 2274 4099 constat.
2302 4045 2465 4115 Carpi
2483 4047 2621 4099 enim
2638 4045 2735 4098 hoc
2762 4045 2875 4099 loco
2901 4045 3120 4115 Meletii,
3147 4051 3360 4107 Eusebii
3381 4052 3794 4116 Sumosatensis,

524 4148 936 4209 cwtcrorumque
981 4139 1275 4193 Antiochia:
1322 4148 1625 4192 coactorum
1664 4138 2023 4206 episcoporum
2056 4141 2335 4204 epistolam
2379 4143 2448 4195 ad
2479 4140 2768 4195 Jovianum
2798 4143 3168 4211 imperatorem
3207 4161 3345 4197 anno
3394 4144 3499 4199 565
3541 4146 3794 4207 scriptam

529 4230 669 4283 nulli
696 4231 1003 4302 ambiguum
1030 4234 1154 4298 erit,
1184 4251 1299 4288 eam
1326 4236 1609 4304 epistolam
1643 4236 1785 4304 apud
1822 4235 2095 4292 Socratem
2126 4239 2428 4310 inspicienti
2458 4255 2477 4294 :
2510 4241 2663 4311 cujus
2691 4251 2897 4311 partem
2931 4242 3014 4296 hic
3045 4258 3305 4313 apponere
3335 4244 3513 4297 visum‘
3528 4251 3607 4297 est
3632 4259 3653 4298 :
3686 4244 3795 4314 Τῆς

528 4319 688 4388 άγίας
714 4322 935 4377 συνόδου
961 4324 1057 4395 τῆς
1094 4326 1153 4377 ὲν
1191 4325 1397 4398 Νικαία
1427 4327 1593 4381 πάλαι
1627 4328 2093 4399 συγκροτηθείσης
2130 4329 2227 4401 τὴν
2260 4332 2442 4384 πίστιν
2469 4332 2562 4386 καὶ
2596 4332 2971 4404 ἀποδεχόμεθα
3006 4336 3099 4388 καὶ
3133 4335 3433 4403 κατέχομεν
3457 4350 3471 4363 θ
3510 4334 3672 4387 ὁπότε
3703 4333 3796 4388 καὶ⁵

526 4411 589 4463 τὸ
617 4411 805 4467 δοκοῦν
832 4416 891 4468 ὲν
915 4415 1051 4487 αὐτῇ
1078 4414 1223 4480 ξένον
1246 4434 1384 4471 τισιν
1410 4418 1598 4486 ὄνομα,
1624 4421 1684 4472 τὸ
1704 4418 1798 4472 τοῦ
1826 4422 2154 4489 όμοουσίου
2185 4422 2384 4492 φαμὲν,
2415 4422 2690 4491 ἀσφαλοῦς
2711 4423 2973 4495 τετύχηκε
3008 4425 3159 4498 παρὰ
3187 4429 3297 4489 τοῖς
3324 4426 3595 4499 πατράσιν
3627 4427 3801 4499 spur;-

527 4500 696 4569 νείας,
742 4507 1131 4576 σημαινούσης,
1166 4507 1250 4560 ὅτι
1280 4507 1344 4560 ὲκ
1376 4508 1474 4579 τῆς
1508 4509 1694 4572 οὐσίας
1723 4507 1818 4561 τοῦ
1851 4510 2065 4582 Πατρδς
2097 4513 2126 4564 ό
2180 4511 2305 4575 Υἱὸς
2339 4511 2622 4582 ἐγεννήθη,
2651 4514 2744 4566 καὶ
2773 4515 2855 4567 ὅτι
2882 4515 3065 4585 ὅμοιος
3104 4519 3223 4570 κατ’
3252 4517 3439 4571 ούσίαν
3482 4516 3560 4588 τῷ
3590 4517 3797 4590 Πατρίο

527 4590 650 4646 οὔτε
682 4594 740 4647 δὲ
768 4594 845 4659 ὡς
865 4595 1073 4660 πάθους
1108 4599 1253 4662 τινὸς
1279 4601 1407 4672 περὶ
1438 4601 1536 4671 τὴν
1570 4601 1807 4673 ἄρρητον
1832 4602 2086 4674 γέννησιν
2111 4603 2512 4672 ὲπινοουμένου,
2543 4603 2665 4657 οὕτε
2690 4606 2831 4659 κατά
2856 4623 2975 4660 τινα
3008 4609 3200 4680 χρῆσιν
3239 4610 3558 4684 Ἑλληνικὴν
3581 4609 3800 4681 λαμδά⁹

528 4700 678 4739 νεται
703 4690 818 4751 τοῖς
844 4689 1096 4762 ’πατράσι
1124 4690 1185 4744 τὸ
1234 4692 1402 4763 ὄνομα
1448 4693 1546 4764 τῆς
1592 4693 1804 4758 οὐσίας.
1841 4696 1921 4758 είς
1970 4694 2099 4747 άνατ

2201 4695 2280 4767 τὴν
2329 4696 2385 4748 δὲ
2415 4696 2532 4759 τοῦ,
2571 4697 2673 4761 Ἐξ
2713 4700 2823 4751 οὐκ
2853 4698 3046 4766 ὄντος.
3088 4720 3108 4753 ι
3136 4702 3349 4760 Sanctus
3384 4706 3576 4776 synodi
3604 4704 3802 4760 Nicaea

529 4783 736 4830 mactae
781 4775 940 4832 ﬁdem
975 4780 1316 4840 admittimus
1341 4786 1773 4858 retinemusque.
1814 4785 1878 4840 Si
1906 4785 2126 4857 quidem
2157 4801 2352 4841 nomen
2385 4787 2855 4842 consubstantialis
2907 4789 2981 4845 ibi
3016 4791 3335 4864 admissum,
3371 4775 3517 4867 quod
3555 4795 3806 4854 insolens

530 4872 857 4943 quibusdam
905 4875 1081 4931 visum
1128 4887 1232 4943 est,
1271 4892 1430 4936 cauta
1484 4884 1939 4954 interpretatione
1984 4900 2015 4936 a
2048 4880 2305 4938 Patribus
2338 4890 2423 4936 est
2445 4883 2807 4952 explicatum;
2850 4883 2923 4938 ita
2954 4893 3014 4941 ut
3046 4885 3336 4956 signiticet,
3359 4903 3429 4944 ex
3449 4888 3629 4944 Patris
3658 4888 3803 4944 sub-

530 4970 729 5025 stantia
772 4967 970 5024 Filium
1011 4987 1135 5029 esse
1165 4977 1432 5048 genitum,
1453 4994 1688 5049 eumque
1713 4979 2022 5035 substantia
2054 4976 2235 5032 Patris
2260 4992 2384 5032 esse
2418 4977 2652 5031 similem
2690 4995 2702 5029 :
2737 4992 2848 5032 non
2879 4978 3037 5048 quasi
3063 4981 3247 5049 passio
3276 4985 3519 5052 quaedam
3549 4982 3606 5036 in
3636 4998 3807 5052 gene-

529 5066 742 5121 ratione
771 5067 863 5135 illa
897 5068 1158 5125 inell‘abili
1207 5075 1564 5148 intelligatur,
1598 5093 1776 5147 neque
1806 5092 1908 5130 usu
1932 5075 2169 5130 ouodam
2198 5074 2371 5129 Graeci
2400 5073 2673 5128 sermonis
2699 5074 3019 5132 substantia:
3047 5089 3246 5131 nomen
3282 5090 3311 5128 a
3341 5073 3596 5130 Patribus
3643 5091 3808 5131 usur-

528 5167 722 5228 patur;
758 5159 854 5214 sed
880 5160 947 5213 ad
974 5162 1391 5220 subversionem
1424 5167 1569 5222 illius
1603 5167 1758 5229 dicti,
1795 5165 1878 5218 Ex
1902 5182 2003 5219 non
2032 5166 2382 5219 exstantibus.
2423 5181 2443 5215 ι
2470 5163 2599 5218 Ιιωσ
2638 5180 2866 5219 maxime
2886 5166 3060 5230 verba,
3089 5168 3367 5223 Catholica
3387 5184 3532 5232 sane,
3559 5176 3619 5220 ut
3647 5185 3804 5224 nemo

528 5260 613 5302 eat
639 5251 872 5319 inﬁcias,
920 5253 990 5305 ad
1019 5267 1318 5323 suspectum
1364 5267 1412 5312 et
1443 5276 1664 5327 pravum
1711 5274 1921 5311 sensum
1950 5257 2259 5326 detorquere
2289 5259 2643 5328 nequidquam
2668 5269 2896 5314 conatur
2918 5263 3145 5333 scriptor
3174 5265 3290 5319 iste.
3320 5264 3452 5330 Qua:
3475 5280 3603 5318 sane
3631 5280 3807 5320 causa

530 5336 631 5406 fuit
685 5347 741 5390 ut
794 5356 828 5391 a
870 5339 1040 5394 doctis
1064 5343 1188 5396 viris
1222 5342 1452 5399 Paulino
1481 5355 1589 5398 tum
1649 5343 1898 5399 Ecclesia:
1923 5346 2259 5398 Antiocltenw
2287 5357 2492 5415 partem
2533 5349 2832 5414 occupanti,
2872 5361 2966 5405 aut
2998 5353 3211 5407 cuidam
3248 5368 3315 5407 ex
3346 5354 3659 5423 sequacibus
3679 5355 3806 5425 ejus

530 5431 853 5489 ascribatur.
890 5434 1043 5501 Quod
1075 5438 1181 5493 veri
1218 5439 1353 5492 satis
1384 5439 1561 5493 simile
1602 5450 1701 5498 est.
1726 5456 1847 5492 cum
1877 5450 2079 5493 certum
2107 5440 2244 5493 alias
2270 5441 2346 5494 sit
2377 5439 2727 5497 Paulinianos
2760 5444 2878 5500 ideo
2903 5464 2936 5500 a
2967 5446 3166 5503 Heletii
3194 5448 3558 5503 eaMmunione
3583 5431 3805 5505 avulso:

528 5539 663 5592 esse,
697 5524 837 5595 quod
864 5527 979 5596 ejus
1012 5537 1310 5596 suspectam
1344 5529 1591 5584 haberent
1620 5529 1804 5600 ﬁdem.

602 5642 666 5698 ll.
712 5644 967 5716 Quisquis
1000 5655 1178 5698 tamen
1215 5646 1284 5700 sit
1311 5646 1469 5719 hujus
1503 5649 1747 5719 opusculi
1777 5660 1988 5712 auctor,
2021 5647 2225 5702 videtur
2258 5665 2361 5701 non
2391 5665 2504 5704 esse
2530 5651 2899 5717 Athanasius;
2935 5651 3191 5722 siquidem
3220 5652 3353 5707 hanc
3382 5653 3471 5707 ille
3499 5653 3805 5707 doctrinam

532 5739 722 5808 probat
754 5742 810 5795 in
841 5740 977 5795 libro
1009 5740 1085 5794 De
1113 5740 1361 5810 synodis,
1396 5757 1542 5794 num.
1570 5740 1664 5801 41.
1692 5739 1780 5793 ubi
1806 5738 1950 5795 clare
1980 5739 2153 5793 innuit
2184 5756 2354 5794 vocem
2373 5740 2708 5810 ὁμοιοούσιον
2728 5744 2904 5815 (quam
2937 5744 3210 5811 impugnat
3239 5742 3394 5811 hujus
3420 5742 3663 5809 opusculi
3690 5742 3803 5796 edi-

537 5830 639 5900 tor)
671 5832 813 5898 piam
847 5845 979 5894 esse,
1013 5845 1103 5882 nec
1130 5838 1306 5883 tamen
1329 5830 1563 5898 suﬁicerc
1595 5829 1664 5884 ad
1693 5829 1896 5885 Christi
1934 5831 2324 5913 generationem
2354 5832 2769 5906 explanandam,
2796 5841 3113 5906 quapropter
3141 5832 3439 5901 addendam
3470 5849 3582 5888 esse
3622 5848 3804 5900 uocem
