4048 6406
511 400 581 458 87
1701 408 1761 462 S.
1800 406 2077 462 ATHANA

2179 409 2259 464 IS.
2300 440 2369 453 —-
2405 408 2632 470 υυΒιΑ.
3684 409 3749 461 88

515 515 617 571 Ubi
643 529 806 586 porro
829 514 1020 571 eadem
1052 517 1171 586 ipsa
1193 525 1277 573 est
1304 516 1637 582 substantia,
1665 518 1740 573 ibi
1773 518 2077 576 substantia

2184 496 2357 586 οὕτως⁵
2378 521 2509 593 (47),
2533 524 2562 576 ὁ
2588 521 2645 575 δὲ
2675 518 2877 592 Κύριος
2898 520 2928 574 ό
2954 519 3114 583 αὐτὸς
3141 519 3258 574 ἀεί·
3292 521 3385 573 καὶ
3412 520 3472 572 οὐ
3504 519 3627 571 ποτὲ
3657 520 3749 585 μὲν

512 622 621 661 non
654 606 889 677 prolicit,
918 622 1022 663 nec
1070 608 1308 664 admittit
1362 608 1562 678 majus.
1601 609 1684 664 vel
1736 611 1938 672 minus.
1988 613 2083 669 sed

512 691 748 746 hominis
780 692 914 746 illud
939 700 1024 748 est
1051 709 1070 746 :
1110 699 1166 746 at
1221 691 1485 748 Dominus
1528 692 1671 749 idem
1705 708 1921 765 semper
1969 698 2085 766 ipse

510 789 618 843 est,
642 796 744 837 nec
775 784 938 839 modo
968 784 1167 848 minor,
1204 783 1365 839 modo
1417 784 1616 855 major,
1669 792 1859 855 utpote
1893 784 2034 842 Deus
2067 806 2081 841 :

517 866 757 935 «Jesus.
788 891 807 925 ι
855 872 1055 943 inquit,
1095 892 1113 925 ‹
1152 873 1268 929 heri
1307 882 1361 929 et
1413 874 1593 942 hodie,
1629 874 1747 947 ipse
1771 884 1828 931 et
1885 878 1940 932 in
1982 893 2085 933 sae-

513 963 636 1016 cula
661 964 699 1016 ¹.
744 982 762 1014 ιι
795 962 897 1029 Qui
927 964 1093 1034 igitur
1125 962 1261 1018 illud
1297 962 1435 1018 Filio
1471 964 1688 1029 adimit,
1724 965 1870 1036 quod
1894 966 1963 1021 sit
1991 966 2086 1021 Pa-

512 1053 582 1109 tri
612 1053 1125 1117 consubstantialis,
1149 1055 1495 1123 similemque
1545 1056 1723 1127 ipsum
1784 1055 1880 1123 ait,
1914 1056 2082 1111 Deum

511 1145 665 1199 illum
703 1159 825 1201 esse
850 1153 1027 1217 negat.
1065 1145 1459 1219 Similiterque,
1492 1149 1586 1220 qui
1617 1151 2085 1207 consubstantiale

510 1237 718 1303 deﬁnit,
749 1248 810 1293 ut
852 1243 1159 1294 substantia
1192 1242 1392 1306 simile,
1436 1244 1482 1299 is
1510 1245 1735 1298 alterum
1786 1245 1906 1315 ejus
1954 1245 2084 1300 sub-

511 1328 769 1382 stantiam
807 1328 1035 1393 inducit,
1072 1328 1289 1401 Deoque
1324 1331 1558 1387 similem
1589 1331 1810 1389 factam.
1843 1332 1962 1388 Non
1983 1334 2086 1388 ita-

509 1435 616 1490 que
666 1420 755 1475 ille
794 1429 1196 1492 consequenter
1240 1424 1317 1478 ait
1365 1440 1488 1480 eum
1514 1440 1638 1482 esse
1678 1441 1744 1480 ex
1782 1425 2083 1482 substantia

511 1510 707 1574 Patris,
739 1527 863 1566 cum
886 1512 1408 1570 consubstantialem
1434 1530 1543 1572 non
1565 1517 1794 1584 sentiat;
1824 1517 2085 1587 quemad-

511 1603 731 1657 modum
767 1610 852 1659 est
880 1604 1045 1658 homo
1077 1605 1263 1675 qui‘ex
1295 1605 1535 1665 hominis
1563 1608 1871 1664 substantia
1910 1609 2086 1681 gigni-

513 1702 625 1752 tur.
657 1696 815 1762 Qtiod
849 1697 896 1752 si
930 1696 1104 1753 Filius
1130 1714 1197 1753 es
1230 1698 1340 1753 Deo
1366 1716 1477 1755 non
1508 1708 1591 1757 est
1625 1702 1925 1757 secundum
1956 1702 2088 1757 suh-

515 1786 797 1855 stantiam,
828 1790 1290 1860 quemadmodum
1313 1791 1476 1847 homo
1496 1809 1561 1848 ex
1591 1794 1829 1859 homine,
1872 1793 1967 1850 sed
2011 1794 2088 1850 si-

2183 611 2384 682 ἦττων,
2423 613 2553 666 ποτὲ
2596 610 2654 665 δὲ
2689 611 2909 683 μείζων,
2934 610 3011 674 ὡς
3036 609 3168 674 Θεός
3191 627 3205 640 ·
3247 629 3265 661 ι
3309 607 3534 680 Ἰησοῦς,
3567 608 3746 680 φησὶν,
3790 682 3793 687 ί

2184 703 2311 774 χθὲς
2350 706 2444 758 κα)¹
2479 706 2714 776 σήμερον
2739 705 2770 758 ό
2797 703 2957 768 αὐτὸς
2984 702 3076 756 καὶ
3100 704 3180 767 είς
3212 701 3338 765 τοὺς
3371 699 3592 765 αἰῶνας.
3632 720 3651 754 ι
3694 700 3749 754 ’0
3779 702 3789 765 ξ

2182 795 2363 850 τοίνυν
2398 795 2655 869 ἀναιρῶν,
2684 794 2745 850 τὸ
2778 792 2915 849 εἶναι
2952 794 3042 849 τὸν
3082 795 3207 848 Υίδν
3235 793 3518 866 ὁμοούσιον
3545 792 3623 866 τῷ
3644 794 3751 848 Πα-

2183 888 2294 960 τρὶ,
2323 887 2496 958 λέγων
2527 887 2584 942 δὲ
2611 889 2817 959 ὅμοιον,
2844 888 3061 958 ἀναιρεῖ
3096 885 3156 941 τὸ
3195 881 3333 941 εἶναι
3368 886 3520 941 Θεόν.
3564 884 3748 940 Ὡσαύ-

2183 1000 2292 1047 τως
2323 982 2381 1037 δὲ
2422 983 2516 1036 καὶ
2549 983 2579 1035 ὁ
2621 979 2983 1052 ἐξηγούμενος
3020 978 3083 1032 τὺ
3122 977 3424 1049 δμοούσιον,
3463 978 3540 1042 ῶς
3571 980 3747 1050 ὅμοιον

2182 1078 2253 1148 τῇ
2278 1075 2453 1146 οὐσίᾳ,
2481 1073 2674 1146 ἑτέραν
2710 1072 2808 1145 τὴν
2835 1071 3021 1126 οὐσίαν
3047 1070 3213 1141 λέγει,
3248 1069 3366 1142 Θεῴ
3397 1070 3453 1123 δὲ
3485 1066 3747 1141 όμοιωμίσ

2185 1185 2301 1240 νην.
2335 1167 2409 1221 Οὐ
2443 1166 2622 1220 τοίνυν
2642 1165 2763 1219 οὐδὲ
2788 1164 2850 1218 τὸ
2879 1166 2943 1218 ἐκ
2987 1164 3083 1236 τῆς
3121 1163 3304 1227 οὐσίας
3351 1157 3490 1215 εἶναι
3522 1160 3744 1232 πρεπόν-

2184 1277 2293 1323 τως
2335 1257 2504 1327 λέγει,
2545 1256 2619 1329 μὴ
2665 1256 2877 1329 φρονῶν
2915 1254 3217 1327 ὀμοούσιον,
3263 1254 3338 1318 ὼς
3374 1251 3657 1324 ἄνθρωπος
3689 1252 3748 1304 ὲκ

2183 1350 2282 1421 τῆς
2307 1347 2591 1421 ἀνθρώπου
2625 1348 2835 1411 οὐσίας.
2866 1346 2929 1400 Et
2951 1345 3008 1399 δὲ
3042 1345 3137 1418 μὴ,
3171 1344 3246 1410 ὡς
3272 1343 3554 1417 ἄνθρωπος
3582 1341 3641 1408 ἐξ
3662 1342 3747 1395 ἀν-

2186 1435 2402 1509 θρώπου
2449 1438 2569 1489 κατ’
2613 1434 2822 1500 οὐσίαν,
2856 1432 2920 1489 ὲκ
2968 1434 3101 1489 Θεοῦ
3147 1436 3177 1488 ὁ
3217 1432 3365 1497 Υἱὸς,
3414 1431 3532 1487 ἀλλ’
3578 1431 3654 1495 ὡς
3697 1432 3749 1485 ὲν

2183 1526 2509 1599 ὁμοιώματι,
2538 1526 2787 1600 καθάπερ
2814 1526 3033 1600 ἀνδριὰς
3067 1525 3359 1599 ἀνθρώπῳ,
3383 1525 3416 1596 ἢ
3441 1524 3516 1588 ὡς
3543 1521 3748 1595 ἀνθρω·

2186 1638 2286 1685 πος
2319 1618 2469 1691 Θεῷ·
2501 1619 2661 1690 δῆλός
2690 1621 2837 1675 ἐστιν
2872 1621 2900 1673 ὁ
2928 1618 3166 1682 τοιοῦτος
3197 1616 3479 1689 ὁμοούσιον
3511 1615 3619 1687 (48)
3656 1614 3749 1686 μὲν

2186 1714 2379 1782 λέγων,
2414 1712 2696 1785 ὁμοούσιον
2740 1712 2798 1767 δὲ
2845 1711 2905 1766 οὐ
2934 1710 3177 1783 φρονῶν·
3217 1710 3279 1763 οὐ
3320 1709 3428 1781 γὰρ
3472 1707 3615 1762 κατά
3657 1706 3748 1780 τὴν

2189 1805 2475 1877 συνήθειαν
2525 1803 2769 1875 βούλεται
2819 1804 2879 1857 τὸ
2925 1802 3207 1874 ὁμοούσιον
3253 1799 3563 1864 ἀκούεσθαι,
3618 1799 3750 1870 ὅπερ

509 1879 819 1936 militudine
844 1883 1102 1952 quadam,
1135 1893 1193 1937 ut
1219 1893 1401 1939 statua
1437 1886 1644 1940 homini
1674 1895 1755 1941 est
1779 1886 1997 1950 similis,
2028 1894 2077 1941 et

2182 1895 2350 1953 ἐστὶν.
2367 1896 2459 1948 ἐπὶ
2489 1896 2616 1966 μιᾶς
2641 1893 2750 1965 (49)
2773 1893 2869 1948 καὶ
2898 1892 2997 1963 τῆς
3020 1891 3189 1963 αὐτῆς
3215 1890 3421 1955 οὐσίας,
3445 1887 3582 1943 ἀλλά
3606 1887 3749 1959 παρὰ

508 1979 571 2025 ut
595 1970 759 2026 homo
786 1971 935 2040 Deo;
968 1976 1144 2043 palam
1189 1986 1339 2031 certe
1399 1986 1483 2032 est
1530 1993 1656 2033 eum
1688 1979 1781 2049 qui
1826 1979 1905 2033 sic
1955 1993 2082 2033 scn-

509 2064 631 2129 tiat,
687 2066 1213 2121 consubstantialem
1266 2069 1492 2124 minime
1538 2069 1744 2124 sentire
1781 2086 1793 2121 :
1830 2084 1936 2124 non
1966 2070 2082 2123 vult

508 2158 707 2228 quippe
733 2158 823 2213 ille
854 2160 1326 2215 consubstantiale
1360 2176 1459 2232 pro
1492 2171 1713 2218 moreet
1747 2178 1850 2218 usu
1882 2163 2077 2233 accipi,

509 2249 577 2305 de
617 2262 723 2305 una
764 2249 972 2306 scilicet
996 2259 1050 2306 et
1094 2252 1282 2308 eadem
1320 2255 1652 2319 substantia,
1682 2254 1778 2310 sed
1829 2263 1888 2309 ut
1939 2257 2081 2308 mala

511 2344 585 2396 uti
622 2351 794 2413 possnt
846 2345 1314 2414 interpretatione.
1363 2344 1611 2401 Gmcam
1649 2361 1841 2403 vocem
1882 2355 2079 2418 praeter

511 2435 960 2492 consuetudinem
1019 2446 1248 2508 usurpat
1299 2438 1616 2510 ὁμοούσιον,
1666 2454 1890 2510 nempe,
1957 2453 2080 2511 quae

513 2544 621 2583 non
650 2542 755 2599 pro
779 2530 884 2584 alia
934 2545 995 2584 re
1039 2531 1184 2601 apud
1250 2529 1470 2588 (ἐι-ωοοε
1519 2534 1795 2596 usuvenit,
1818 2547 1979 2602 quam
2013 2532 2080 2586 ad

510 2620 755 2677 eamdem
787 2627 1040 2675 naturam
1087 2622 1496 2682 declarandam.
1540 2640 1702 2695 quam
1750 2623 2078 2680 credendum

508 2720 595 2768 est
622 2727 747 2768 esse
777 2713 831 2767 in
874 2711 1062 2779 Patre,
1101 2723 1156 2770 et
1189 2714 1348 2778 Filio.
1377 2724 1431 2771 et
1489 2716 1694 2786 Spiritu
1725 2725 1935 2771 saneto.
1964 2716 2076 2780 llle,

510 2802 754 2873 inquam,
790 2820 899 2860 una
938 2808 1561 2863 consubstantialitatem
1605 2810 1821 2871 evertit,
1865 2823 2079 2863 vocem-

509 2909 617 2964 que
636 2896 957 2953 substantiae
1008 2900 1196 2969 spurie
1230 2907 1477 2969 usurpat,
1512 2898 1641 2953 dum
1695 2914 1815 2954 eam
1870 2900 2079 2970 cogitat

508 3001 630 3043 esse
653 3003 813 3061 opus,
843 3005 953 3045 non
975 3006 1107 3047 vero
1134 2992 1319 3047 fetum.
1375 2991 1604 3063 Ideoque
1649 3008 1835 3047 vocem
1887 2994 2081 3061 impas-

508 3077 753 3143 sibiliter,
773 3082 968 3138 callide
992 3083 1177 3153 adjicit
1199 3102 1215 3150 ;
1246 3100 1352 3139 non
1378 3094 1436 3139 ut
1462 3086 1733 3155 passionis
1752 3084 2078 3139 calumniam

656 3174 968 3244 dimoveat;
999 3177 1124 3248 quis
1151 3178 1294 3232 enim
1318 3177 1487 3233 Deum
1513 3179 1848 3248 passibilem,
1883 3176 1965 3231 vel
1996 3175 2079 3230 di-

2182 1987 2282 2058 τὴν
2304 1985 2590 2058 συνήθειαν
2608 2002 2622 2015 ·
2654 1985 2750 2038 καὶ⁹
2775 1985 2862 2039 ἵνα
2893 1983 3149 2055 διαϐάλλῃ
3178 1984 3402 2058 ταύτην,
3440 1981 3749 2054 Ἑλληνικὴν

2185 2056 2341 2147 ρἧιν
2372 2056 2672 2146 εἰρηκέναι.
2700 2072 2763 2125 τὸ
2795 2070 3076 2143 ὁμοούσιον
3110 2071 3263 2143 ρῆμα
3286 2056 3389 2124 τοῦ
3413 2070 3470 2122 ὲν
3501 2067 3750 2139 Ἕλλησιν

2182 2165 2337 2230 ἔθους
2363 2165 2449 2220 ἐπ’
2475 2164 2650 2218 οὐδενὶ
2677 2164 2849 2235 ἑτέρῳ
2878 2163 3148 2234 κείμενον,
3180 2163 3212 2233 ἢ
3237 2162 3329 2216 ἐπὶ
3355 2160 3433 2233 τῷ
3463 2160 3560 2232 τὴν
3586 2159 3750 2230 αὐτὴν

2184 2257 2345 2328 φύσιν
2376 2256 2758 2330 παραστῆσαι·
2793 2256 2931 2326 ὅπερ
2958 2255 3037 2308 δεῖ
3069 2252 3353 2307 πιστεῦσαι
3382 2253 3475 2306 ἐπὶ
3520 2250 3749 2322 Πατρδς,

2183 2352 2280 2404 καὶ
2324 2347 2476 2413 Υίοῦ,
2524 2348 2618 2403 καὶ
2660 2348 2815 2417 ἁγίου
2870 2346 3207 2418 Πνεῦματος.
3252 2344 3403 2416 Ἅμα
3447 2360 3508 2397 τε
3552 2338 3645 2397 οὖν
3693 2340 3750 2395 τὸ

2179 2442 2462 2516 ὁμοούσιον
2487 2437 2641 2506 οὗτος
2680 2439 2955 2513 ἐκτρέπει,
2984 2440 3079 2493 καὶ
3120 2439 3182 2492 τὸ
3217 2438 3316 2509 τῆς
3361 2436 3547 2500 οὐσίας
3586 2434 3750 2499 νόθως

2180 2535 2463 2609 ὀνομάζει·
2494 2536 2570 2599 ὼς
2610 2534 2769 2606 ἔργον
2799 2532 2957 2597 νοῶν,
2998 2532 3095 2601 οὐχ
3133 2531 3208 2594 ὡς
3241 2530 3505 2601 γέννημα,
3545 2527 3642 2581 καὶ
3665 2527 3752 2583 διὰ

2180 2627 2337 2681 τοῦτο
2380 2627 2473 2680 καὶ
2511 2625 2571 2679 τδ
2596 2623 2841 2689 ἀπαθῶς
2883 2623 3203 2695 προστίθησι
3237 2621 3507 2685 πιθανῶς·
3536 2622 3635 2692 οὐχ
3664 2622 3749 2675 ἶνα

2182 2720 2384 2783 πάθους
2408 2718 2583 2791 ἀφέλῃ
2611 2716 2890 2788 διαϐολήν·
2924 2717 3006 2781 τίς
3040 2716 3149 2788 γὰρ
3178 2717 3271 2769 καὶ
3308 2715 3454 2784 λέγει
3486 2713 3621 2767 Θεοῦ
3645 2714 3750 2768 πά-

2182 2812 2301 2877 θος;
2333 2812 2447 2866 ἀλλ’
2473 2812 2561 2864 ἵνα
2585 2810 2803 2880 ποιητὸν
2830 2811 2891 2862 ὲκ
2933 2807 3067 2863 Θεοῦ
3091 2808 3245 2880 λέγῃ,
3277 2808 3371 2862 κα)⁵
3399 2807 3473 2880 μὴ
3497 2806 3751 2877 γεννητὸν

2182 2908 2245 2959 ὲκ
2270 2903 2405 2958 Θεοῦ
2434 2902 2859 2975 προεληλυθότα·
2888 2901 2963 2965 ὡς
2986 2901 3084 2971 τῆς
3104 2900 3358 2971 τοιαύτης
3387 2898 3609 2971 προόδου
3650 2916 3753 2951 πα-

2182 2996 2408 3067 θητικῆς
2444 2995 2610 3066 οῦσης
2633 3011 2646 3025 ·
2679 2993 2818 3048 καθά
2848 2992 2903 3045 δὲ
2935 2992 3115 3060 λέγειν
3158 2991 3410 3044 εἰώθασιν
3437 2992 3487 3043 οί
3526 2989 3625 3062 τὴν
3655 2992 3752 3061 μὲν

2182 3090 2248 3141 ὲκ
2279 3090 2376 3159 τῆς
2415 3086 2603 3151 οὐσίας
2629 3084 2851 3158 πρόοδον
2880 3085 2955 3147 ὡς
2988 3083 3158 3147 πάθος
3187 3082 3559 3147 ἐκϐάλλοντες,
3602 3082 3669 3151 ἣν
3695 3081 3751 3134 δὲ

2182 3181 2427 3249 λέγουσιν
2458 3181 2521 3232 ὲκ
2549 3178 2647 3247 τῆς
2676 3177 2863 3239 οὐσίας
2895 3175 3112 3245 ποίησιν
3141 3172 3216 3236 ὡς
3253 3174 3435 3245 ἀπαθῆ
3470 3171 3755 3226 συνιστῶνο

509 3249 635 3321 cere
666 3266 851 3323 ausit?
881 3267 976 3323 sed
1008 3277 1066 3323 ut
1099 3268 1300 3324 factum
1323 3286 1389 3324 ex
1438 3269 1549 3325 Deo
1580 3269 1752 3333 dicat,
1789 3284 1887 3323 nec
1922 3269 2073 3337 geni-

2180 3291 2290 3336 τες.
2319 3271 2527 3341 Ὥσπερ
2556 3269 2667 3342 (50)
2694 3270 2742 3322 εί
2774 3269 2988 3339 καὶτῆς
3020 3266 3306 3336 ποιήσεως,
3332 3266 3378 3317 εί
3400 3261 3752 3335 ἀνθρωπίνως

509 3364 625 3411 tum
651 3373 718 3413 ex
750 3356 862 3415 Deo
894 3361 1235 3431 processisse
1282 3362 1519 3417 fateatur
1552 3362 1747 3432 :quasi
1799 3360 2078 3431 processio

509 3449 821 3520 hujusmodi
845 3453 1088 3525 passioni
1113 3454 1187 3509 sit
1209 3456 1466 3520 obnoxia,
1506 3453 1962 3526 quemadmodum
1993 3452 2078 3507 di-

508 3553 634 3596 cere
659 3541 837 3597 solent
862 3544 956 3614 qui
1009 3546 1414 3615 proccssionem
1454 3560 1519 3599 ex
1568 3544 1874 3600 substantia
1918 3542 2076 3613 quasi

507 3632 821 3703 passionem
863 3649 1127 3707 reSpnunt
1160 3654 1173 3689 :
1205 3654 1369 3708 quam
1422 3652 1554 3693 vero
1614 3644 1809 3690 vocant
1841 3652 1905 3690 ex
1946 3635 2077 3690 sub-

509 3722 709 3779 stantia
739 3724 1028 3791 t‘acturam.
1062 3729 1218 3799 quasi
1245 3729 1500 3800 passione
1538 3727 1764 3781 liberam
1807 3741 2078 3781 eorumeo-

507 3812 657 3870 dant.
683 3815 1006 3890 Quanquam
1032 3820 1241 3876 factura
1278 3822 1419 3892 ipsa,
1452 3822 1498 3877 si
1529 3820 1769 3875 humano
1816 3834 1964 3874 more
1993 3819 2076 3872 in-

506 3908 804 3981 telligatur,
844 3918 898 3966 et
920 3919 1127 3968 motum
1159 3912 1375 3975 haheat,
1407 3922 1461 3969 ct
1490 3929 1558 3967 ex
1604 3920 1750 3967 motu
1779 3912 2017 3966 laborem
2058 3926 2070 3961 :

505 4015 629 4073 qua:
651 4017 784 4059 sane
812 4003 881 4059 ab
903 4004 1099 4077 opiﬁce
1126 4004 1236 4062 Deo
1261 4006 1437 4060 aliena
1471 4014 1620 4061 sunt.
1645 4005 1896 4059 Attamen
1950 4003 2075 4057 licet

506 4109 606 4167 per
625 4094 936 4167 bujusmodi
994 4099 1456 4169 explanationem,
1502 4097 1903 4168 processioneni
1954 4093 2072 4149 Filii

504 4185 664 4257 quasi
697 4190 1099 4257 generationem
1144 4189 1537 4258 impassibilem
1595 4186 1918 4257 intelligant,
1953 4185 2075 4256 Spi-

504 4277 669 4334 ritum
732 4295 865 4336 sane
924 4295 954 4334 a
1002 4278 1163 4335 Patre
1202 4292 1256 4335 et
1314 4279 1452 4334 Filio
1496 4280 1731 4334 alienum
1779 4288 2070 4335 statuunt:

505 4369 942 4443 quandoquidem
973 4387 1081 4426 non
1110 4371 1447 4444 generationi
1489 4370 1686 4427 similis
1710 4371 1829 4441 ejus
1855 4385 2073 4441 proces-

506 4464 590 4518 sio
630 4473 733 4530 est,
788 4467 880 4522 sed
942 4466 1251 4536 spirationi,
1296 4465 1552 4520 nimirum
1595 4465 1668 4523 ob
1706 4463 2069 4535 participandi

508 4555 751 4621 modum,
777 4557 935 4627 quasi
964 4558 1173 4613 scilicet
1195 4557 1373 4612 elllatu
1401 4558 1637 4628 quodam
1684 4574 1751 4620 ex
1808 4573 1902 4613 ore
1945 4574 2068 4629 pro-

2178 3363 2525 3434 λαμϐάνοιτο,
2548 3360 2756 3431 κίνησιν
2781 3358 3029 3431 ἐχούσης,
3053 3357 3254 3412 καὶτὸν
3275 3359 3339 3409 ἐκ
3364 3356 3461 3427 τῆς
3485 3355 3752 3425 κινήσεως

2179 3455 2423 3525 κάματον
2446 3470 2460 3483 ·
2488 3452 2630 3523 ἅπερ
2650 3451 2902 3521 ἀλλότρια
2931 3449 2993 3521 δη
3003 3448 3386 3520 μιουργοῦντος
3407 3445 3543 3499 Θεοῦ
3563 3463 3577 3478 ·
3602 3446 3752 3515 ὅμως

2178 3545 2328 3616 γοῦν,
2366 3545 2441 3609 ὼς
2485 3546 2736 3617 γέννησιν
2781 3543 2964 3613 ἀπαθῆ
3004 3543 3092 3597 διὰ
3140 3542 3394 3613 τοιαύτης
3439 3541 3751 3613 ἐξηγήσεως

2176 3638 2273 3709 τὴν
2313 3638 2406 3691 τοῦ
2460 3637 2590 3690 Υίοῦ
2627 3636 2873 3699 νοοῦντες
2922 3634 3167 3707 πρόοδον,
3218 3634 3279 3688 τὸ
3327 3632 3548 3704 Πνεῦμα
3590 3632 3749 3685 ἀλλο-

2176 3729 2385 3801 τριοῦσι
2411 3729 2621 3801 Πατρὸς
2658 3728 2754 3783 καὶ
2779 3726 2908 3781 Υίοῦ
2930 3744 2943 3756 ·
2990 3727 3071 3780 ὅτι
3108 3727 3182 3798 μὴ
3220 3727 3472 3796 γεννήσει
3497 3728 3528 3795 ἡ
3553 3724 3749 3778 τούτου

2176 3822 2421 3896 πρόοδος,
2459 3821 2593 3875 ἀλλά
2621 3819 2839 3873 πνεύσει
2860 3819 3137 3891 ὁμοιοῦται
3170 3818 3259 3872 διὰ
3286 3819 3382 3890 τὴν
3423 3816 3745 3889 μετάληψιν,

2174 3913 2250 3977 ὡς
2276 3913 2442 3983 πνοῆς
2470 3913 2533 3965 ἐκ
2563 3911 2828 3982 στόματος
2868 3907 3167 3981 ἐρχομένης
3191 3908 3302 3978 (Si)
3333 3908 3427 3960 καὶ
3462 3905 3554 3959 τὸν
3583 3922 3751 3977 μετα-

2175 4004 2517 4077 λαμϐάνοντα
2567 4000 2917 4073 ἀγιαζούσης,
2957 3999 3100 4053 καθὰ
3143 3999 3207 4069 δὴ
3249 3999 3461 4067 λέγεται
3505 3997 3751 4068 πνεύμαο

2173 4116 2265 4162 τος
2298 4098 2430 4169 (52).
2465 4094 2571 4151 Ἦν
2606 4097 2662 4150 δὲ
2688 4094 2946 4149 ἀδύνατον
2974 4094 3031 4145 ὲν
3062 4095 3128 4163 τῇ
3160 4092 3258 4161 τῆς
3285 4090 3507 4162 Τριάδος
3528 4090 3654 4163 δόξῃ
3687 4088 3752 4141 τὸ

2174 4191 2398 4261 Πνεῦμα
2419 4187 2750 4255 δοξάζεσθαι,
2785 4187 2859 4258 μὴ
2886 4184 3185 4257 προοδικῶς
3211 4183 3269 4237 ὃν
3298 4185 3359 4236 ὲκ
3380 4182 3514 4236 Θεοῦ
3539 4183 3607 4236 δι’
3635 4180 3749 4253 (53)

2174 4281 2326 4345 Υἱοῦ,
2358 4281 2490 4335 ἀλλὰ
2518 4277 2811 4349 ποιητικῶς
2841 4278 2907 4331 ἐκ
2929 4275 3063 4329 Θεοῦ
3087 4274 3327 4346 γεγονὸς,
3371 4274 3447 4337 ὡς
3475 4272 3746 4340 λέγουσιν.

2174 4374 2248 4427 Οὐ
2274 4373 2383 4444 γὰρ
2407 4369 2786 4437 ωνδοξάζεται
2818 4369 3027 4440 ποίημα
3052 4370 3270 4439 ποιητῇ,
3295 4365 3412 4419 οὐδὲ
3433 4365 3617 4428 δοῦλος
3635 4363 3751 4433 (54)

2172 4466 2439 4539 δεσπότῃ·
2472 4463 2590 4517 οὐδὲ
2624 4465 2657 4534 ἡ
2694 4463 2792 4533 τῆς
2829 4460 3112 4530 ἀλλοτρίας
3143 4458 3277 4513 Θεοῦ
3318 4458 3505 4519 οὐσίας
3531 4455 3751 4527 μέθεξις

2173 4559 2239 4615 ἂν
2265 4560 2348 4629 εἴη
2373 4557 2505 4610 Θεοῦ
2522 4572 2534 4585 ·
2566 4575 2583 4609 ι
2607 4556 2695 4610 Ἑν
2718 4555 2891 4625 τούτῳ
2916 4554 3044 4626 γὰρ,
3070 4573 3087 4605 ι
3113 4553 3319 4625 φησὶνὸ
3335 4551 3584 4619 Ἰωάννης
3609 4545 3749 4621 (55),

506 4646 739 4715 deuote;
769 4664 832 4705 ac
862 4649 1212 4721 recipientem
1254 4667 1333 4713 se,
1384 4651 1781 4714 sanctificante,
1812 4628 1957 4721 quod
2001 4650 2068 4706 de

2180 4672 2200 4706 ι
2235 4652 2594 4722 γινώσκομεν,
2622 4650 2703 4703 ὅτι
2736 4650 2793 4703 ὲν
2829 4651 2960 4721 ἡμῖν
2993 4649 3159 4712 ἐστιν,
3195 4649 3258 4701 ἐκ
3291 4645 3382 4699 τοῦ
3408 4642 3750 4716 Πνεῦματος,

508 4735 715 4808 Spiritu
743 4741 963 4797 dicitur.
994 4741 1156 4813 Atqui
1223 4742 1560 4817 impossibile
1589 4751 1737 4800 esset
1781 4742 2067 4807 Trinitatis

578 4901 595 4941 ³
637 4898 803 4958 Hebr.
834 4915 934 4956 xm
958 4941 973 4965 ,
1009 4900 1065 4956 8.

574 5056 692 5130 (ιη
723 5055 1006 5130 Ottobon.,
1038 5048 1209 5120 οὗτος.
1252 5056 1395 5111 Intra
1424 5057 1584 5125 idem,
1640 5056 1864 5130 Ἰησοῦς,
1913 5056 2068 5128 φησὶ,

503 5125 916 5199 xamen“;-

575 5194 689 5336 £48;
730 5194 874 5253 FElc.
904 5198 961 5261 2,
988 5196 1338 5268 ὁμοιοοὺσιος.

598 5265 667 5322 49
731 5265 823 5321 Sic
855 5282 1050 5324 omnes
1094 5285 1227 5324 mss.
1267 5286 1338 5336 pr:

598 5265 823 5338 49)_Sic
855 5265 1050 5324 omnes
1094 5285 1227 5324 mss.
1267 5277 1454 5338 praeter
1497 5265 1643 5325 Felc.
1686 5269 1740 5331 5,
1777 5268 1870 5337 qui
1913 5268 2075 5338 habet

504 5350 630 5411 eum
663 5336 850 5411 editis,
882 5338 1011 5411 περὶ
1042 5340 1192 5409 μιᾶς.
1240 5336 1407 5394 Paulo
1451 5349 1592 5411 post,
1624 5336 2072 5411 “magna-

502 5405 662 5482 ᾷάλῃ.
698 5406 870 5482 Mox._
887 5405 969 5482 έν,
1013 5405 1143 5482 ante
1177 5405 1467 5482 Ἕλλησιν,
1515 5412 1668 5466 deest
1709 5405 1764 5464 in
1813 5407 1977 5463 Basil.
2020 5409 2072 5473 1,

502 5476 715 5536 Anglic.
744 5487 801 5532 et
829 5476 975 5536 Felc.
1003 5480 1059 5533 2.

502 5492 586 5533 an
628 5492 715 5533 nc.
744 5492 801 5532 et
829 5492 975 5536 retu.
1003 5492 1059 5533 2.

474 5584 481 5597 -
562 5492 989 5638 ,δξψέυειιεςω
1022 5550 1203 5638 lect“)-
1225 5549 1678 5638 Αριιῐεέιηξξεεῇξ
1701 5547 2065 5638 Patareus.

501 5616 669 5695 ῶςὲκ
686 5619 785 5684 τῆς
799 5616 1239 5695 οὖσίαςπρόησιν
1257 5616 1473 5695 (εἶτ)ῶς
1492 5616 1675 5695 ἀπαθῆ
1696 5616 2064 5695 ἐκεᾲλλοντεςι

502 5685 713 5764 ὦσζεξςρ,
737 5698 851 5764 etc.
865 5685 1214 5764 Paulo'po'st,
1246 5685 1505 5764 Ottobon.
1518 5729 1542 5756 ,,
1560 5685 1774 5758 κίνησιν
1799 5687 2028 5757 ἔχουσιν.

571 5758 681 5833 (ἐξ)
720 5758 1382 5833 ᾼηαιὶεεηιιεξὲχομένης.

574 5827 686 5903 (52)
724 5827 849 5889 llic
890 5827 1207 5893 referuntur
1230 5832 1288 5887 in
1317 5827 1547 5885 concilio
1573 5827 1690 5885 F101
1751 5828 1910 5884 itino.
1936 5841 2058 5890 pag.

2174 4736 2233 4813 οὗ
2260 4742 2456 4798 ἔδωκεν
2487 4741 2636 4812 ἡμῖν.
2667 4757 2686 4791 ι

2174 5057 2298 5119 415,
2336 5058 2556 5112 nomine
2590 5054 2892 5111 Athanasii.

2246 5117 2356 5198 (33)
2398 5128 2471 5182 lta
2496 5130 2690 5198 legitur
2714 5128 2768 5180 in
2789 5122 3023 5181 concilio
3047 5120 3381 5198 Florentino.
3406 5117 3550 5198 Fclc.
3582 5133 3755 5198 po‘rro

2176 5190 2297 5254 loco
2328 5190 2491 5254 varia:
2526 5190 2795 5268 léctionis,
2830 5210 2993 5268 quam
3021 5209 3085 5247 ex
3116 5193 3281 5247 Basil.
3315 5192 3343 5268 _l
3384 5199 3439 5243 ct
3464 5191 3604 5268 2,.οι
3632 5190 3756 5268 An-

2175 5270 2302 5338 glic.
2337 5279 2529 5324 notare
2556 5259 2791 5329 volebat,
2813 5259 3097 5338 eamdem
3114 5263 3355 5338 reposuit
3379 5277 3500 5328 qua:
3531 5262 3583 5338 in
3621 5259 3716 5313 edi

2176 5329 2251 5393 tis
2279 5342 2530 5400 habetur,
2553 5338 2781 5398 scilicet,
2806 5336 2895 5391 διὰ
2926 5333 3122 5406 Ἰησοῦ.
3145 5329 3467 5406 Quanquam
3496 5329 3757 5406 videatur

2176 5426 2323 5474 eum,
2354 5410 2422 5464 δι’
2458 5406 2613 5471 Υἱοῦ,
2654 5408 2849 5477 legisse
2880 5400 3165 5477 in_i'isdem
3193 5400 3493 5477 codicibus,
3526 5408 3586 5453 ut
3615 5400 3759 5477 legit.

2178 5468 2320 5533 item
2350 5468 2614 5535 Nannius.
2673 5468 2875 5533 Ibidem
2934 5473 3078 5531 Felc.
3130 5472 3426 5536 secundus,
3480 5468 3754 5541 γεγονώς,

2177 5550 2457 5604 mendose.

2245 5618 2358 5690 (54)
2396 5618 2543 5674 Felc.
2566 5618 2629 5690 2.
2658 5618 2861 5690 δοῦλον.

2244 5683 2356 5760 (55)
2407 5690 2465 5744 '0
2516 5688 2983 5760 ’lmdqugtdeest
3022 5686 3077 5741 in
3120 5684 3410 5760 Easijiensi
3446 5683 3641 5760 primo
3695 5688 3758 5741 et

2171 5748 2315 5816 Felc.
2340 5748 2603 5817 secundo.
2634 5748 2763 5815 Maii
2778 5748 3063 5821 Ottobon”
3090 5748 3149 5809 οὐ
3176 5755 3407 5809 δέδωκεν
3438 5748 3582 5825 ἡμῖν.
