4048 6406
524 416 589 477 91
1308 468 1313 472 .
1683 417 1741 474 S.
1781 417 2235 477 ATHANASIUS.
2274 449 2344 461 ——
2377 418 2603 477 DUBIA.
3687 421 3758 474 92

525 550 652 594 nem
674 544 731 592 et
782 536 851 592 ab
909 532 1174 607 apostolis
1222 533 1499 589 inductam
1558 533 1717 588 tidem
1783 534 2081 603 postulare,

2191 534 2285 606 τῆς
2315 535 2499 607 κοινῆς
2534 535 2629 588 καὶ
2676 531 2738 599 ἐξ
2772 535 3085 589 ἀποστόλων
3113 533 3458 606 είσαχθείσης
3489 532 3724 595 πίστεως

526 629 821 686 scribimus
853 642 1147 698 paucorum
1174 641 1295 683 esse
1325 626 1474 680 illam
1508 625 1701 681 sedulo
1737 624 2043 696 disquirere
2069 643 2086 679 :

2187 628 2492 699 γράφομεν,
2526 628 2608 681 ὅτι
2635 628 2735 700 τὴν
2767 628 2867 699 μὲν
2905 627 3189 699 ἀκρίϐειαν
3219 625 3391 696 αὐτῆς
3426 624 3537 695 (60)
3570 622 3760 696 ἐπιζη-

524 716 686 775 ﬁdem
718 730 899 775 autem
932 720 1185 782 retinere,
1209 717 1452 772 omnium
1474 733 1599 774 esse
1625 733 1817 773 eorum
1850 719 1944 788 qui
1978 717 2090 774 Deo

2191 720 2302 771 τεῖν
2329 718 2523 787 ὀλίγων
2551 718 2690 783 ἐστὶ,
2719 719 2818 789 τὴν
2838 717 2895 771 δὲ
2912 717 3093 771 πίστιν
3117 717 3364 788 κατέχειν
3380 714 3630 769 ἁπάντων
3650 712 3758 767 τῶν

524 810 890 881 obsequentes
914 819 1061 875 sunt,
1091 809 1184 880 qui
1217 818 1273 864 et
1301 820 1555 880 magnam
1579 809 1745 865 studii
1767 810 1852 864 sui
1879 811 2088 865 Iaudem

526 899 788 956 referunt.
818 898 921 968 Qui
948 899 1093 955 enim
1125 915 1246 970 quae
1279 900 1422 956 ultra
1449 901 1596 956 vires
1636 917 1766 957 suas
1823 910 1954 958 sunt
2008 902 2093 956 in-

525 992 707 1064 dagat,
737 993 793 1048 in
822 993 1064 1062 periculo
1093 1000 1343 1048 versatur
1374 1008 1389 1041 τ
1423 994 1517 1063 qui
1548 1003 1728 1049 autem
1757 995 1977 1049 traditis
2016 996 2094 1049 in-

527 1085 717 1146 haeret,
740 1091 891 1140 extra
917 1084 1220 1154 periculum
1250 1092 1357 1141 est.
1387 1083 1697 1142 Suadexnus
1723 1086 1889 1157 igitur
1915 1087 2089 1151 vobis,

527 1174 675 1246 quod
700 1183 754 1229 et
805 1174 965 1230 nobis
1012 1174 1147 1246 ipsis
1193 1175 1507 1239 suademus,
1556 1183 1614 1229 ut
1643 1176 1897 1231 traditam
1931 1176 2090 1232 (idem

526 1265 796 1329 servetis,
845 1264 1184 1336 profanaque
1259 1282 1414 1322 nom
1477 1267 1774 1336 cujuslibet
1829 1268 2093 1324 doctrina:

521 1355 688 1412 verba
740 1356 1093 1418 averseminl,
1145 1371 1446 1428 omnesque
1496 1357 1815 1423 bortemini,
1856 1366 1916 1413 ut
1954 1359 2091 1414 tanti

522 1448 770 1521 mysterii
801 1448 1211 1519 inquisitionem
1242 1450 1681 1506 exhorrescant’:
1707 1457 1764 1506 et
1792 1450 2093 1507 conﬁtean-

521 1549 635 1606 tur,
665 1548 779 1594 tum
810 1539 903 1594 Dei
934 1540 990 1595 in
1019 1555 1185 1596 carne
1215 1539 1737 1606 manifestationem,
1791 1542 2091 1597 secundum

521 1628 873 1685 traditionem
894 1630 1427 1702 apostolicam;tum
1477 1632 1754 1702 justitiam
1798 1629 2095 1704 quam‘Do-

522 1722 707 1779 minus
730 1720 923 1777 habuit
970 1722 1025 1776 in
1072 1721 1301 1795 Spiritu,
1333 1722 1385 1778 id
1427 1731 1533 1790 est,
1565 1738 1675 1781 non
1705 1723 1940 1779 humana
1973 1742 2094 1779 mu-

524 1813 749 1880 tatione,
777 1812 871 1870 sed
926 1813 1107 1870 divina
1156 1816 1416 1885 puritate.
1450 1814 1789 1887 Impossibile
1812 1817 1959 1871 enim
2007 1825 2093 1873 est

2189 809 2328 881 πρὸς
2370 809 2463 864 τὸν
2503 809 2636 863 Θεὸν
2682 809 2970 872 εὐπειθῶν,
3019 808 3069 862 οἶ
3114 810 3207 862 καὶ
3250 807 3502 879 μέγιστον
3542 805 3755 858 ἔπαινον

2190 901 2552 972 ἀποφέρονται
2603 902 2704 972 τῆς
2755 900 3070 973 ἐπιθυμίας.
3125 900 3184 953 Ὀ
3216 900 3315 971 μὲν
3347 898 3457 970 γὰρ
3491 896 3669 968 ζητῶν
3688 896 3755 950 τὰ

2192 992 2333 1064 ὑπὲρ
2357 992 2547 1046 ἐαυτὸν
2575 991 2912 1056 ἐπικίνδυνος
2933 1008 2948 1022 ·
2972 994 3002 1045 ό
3025 991 3083 1044 δὲ
3115 992 3229 1054 τοῖς
3253 988 3634 1061 παραδοθεῖσιν
3661 990 3758 1060 ἐμ-

2193 1083 2369 1153 μένων
2425 1082 2723 1147 ἀκίνδυνος.
2782 1081 3159 1155 Παραινοῦμεν
3198 1081 3255 1135 δέ
3295 1082 3422 1152 ὑμῖν
3450 1080 3589 1151 (61),
3622 1080 3761 1151 ὅπερ

2192 1174 2284 1227 καὶ
2314 1175 2523 1239 ἑαυτοῖς
2573 1173 2964 1247 παραινοῦμεν,
3011 1173 3109 1246 τὴν
3146 1174 3539 1246 παραδοθεῖσαν
3579 1172 3759 1226 πίστιν

2193 1265 2498 1336 φυλάττειν,
2556 1266 2915 1338 ἐκτρέπεσθαι
2957 1266 3013 1320 δὲ
3055 1265 3156 1329 τάς
3190 1265 3449 1337 βεϐήλους
3491 1280 3758 1333 καινοφω-

2192 1359 2331 1425 νίας,
2362 1358 2457 1413 καὶ⁵
2477 1357 2634 1412 τοῦτο
2670 1360 2805 1412 πᾶσι
2845 1360 3167 1431 παρεγγυᾷν
3191 1355 3471 1426 φοϐεῖσθαι
3494 1356 3595 1428 τὴν
3635 1357 3758 1428 περὶ

2190 1444 2284 1498 τοῦ
2342 1444 2659 1514 τηλικούτου
2717 1444 3016 1518 μυστηρίου
3058 1446 3313 1517 ζήτησιν·
3356 1444 3634 1516 ὁμολογεῖν
3673 1444 3757 1511 δέ,

2192 1538 2272 1589 ὅτι
2312 1536 2689 1607 πεφανέρωται
2732 1536 2863 1601 Θεὸς
2901 1539 2960 1591 ἐν
2991 1537 3152 1609 σαρκὶ
3194 1537 3334 1590 κατὰ
3368 1536 3464 1607 τὴν
3488 1536 3763 1591 ἀποστολι-

2193 1628 2295 1700 κὴν
2326 1628 2641 1701 παράδοσιν,
2684 1629 2778 1683 καὶ
2803 1627 2899 1701 τὴν
2925 1628 3289 1699 δικαιοσύνην,
3321 1629 3389 1699 ἢν
3409 1628 3562 1699 ἔσχεν
3588 1630 3617 1681 ό
3649 1627 3762 1684 Κύ-

2198 1738 2309 1792 ριος
2359 1722 2418 1775 ἐν
2450 1721 2749 1792 Πνεύματι,
2778 1721 3070 1786 τουτέστιν,
3098 1720 3198 1775 οὒκ
3221 1720 3538 1798 ἀνθρωπίνῃ
3563 1725 3757 1798 τροπῇ,

2194 1813 2328 1868 ἀλλὰ
2374 1813 2529 1885 θεῖκῇ
2562 1818 2629 1885 τῇ
2674 1814 3043 1886 καθαρότητι·
3087 1813 3346 1869 ἀδύνατον
3395 1815 3504 1889 γάρ
3556 1817 3760 1890 ἐτέρως

524 1903 819 1960 humanam
870 1913 1146 1971 naturam,
1176 1921 1367 1976 puram
1419 1916 1474 1961 et
1509 1907 1630 1962 sine
1683 1914 1909 1979 peccato
1946 1908 2090 1963 exhi-

2192 1901 2253 1955 τὸ
2280 1902 2515 1973 καθαρὸν
2542 1905 2636 1957 καὶ
2657 1904 3039 1975 ἀναμάρτητον
3069 1904 3157 1957 ἐπ’
3183 1904 3528 1978 ἀνθρωπίνης
3551 1907 3759 1977 φὺσεως

524 1994 665 2062 beri,
709 1994 815 2052 nisi
845 1995 991 2052 Deus
1042 1997 1098 2057 in
1155 2012 1319 2053 carne
1346 2014 1471 2053 esse
1501 1998 1779 2063 credatur,
1806 2000 1899 2069 qui
1926 1998 2093 2069 justi-

523 2083 654 2143 tiam
689 2088 897 2159 peccati
928 2097 1206 2160 expertem
1254 2092 1309 2145 in
1360 2091 1620 2145 mundum
1662 2090 1962 2154 induxerit,
1997 2106 2091 2146 cu-

519 2176 614 2248 jus
670 2180 963 2250 participes
1018 2179 1216 2246 effecti,
1272 2183 1518 2238 vivemus
1572 2189 1627 2237 et
1676 2183 1810 2237 salvi
1861 2184 2088 2239 erimus.

524 2265 663 2323 illud
690 2272 834 2324 enim
870 2289 884 2324 :
922 2286 943 2320 ‹
972 2268 1092 2324 Non
1112 2281 1196 2326 est
1216 2272 1400 2342 justus
1424 2273 1479 2328 in
1503 2282 1651 2328 terra
1679 2276 1773 2345 qui
1800 2273 1965 2329 faciat
1990 2277 2089 2330 bo-

522 2376 655 2416 num
711 2371 766 2417 et
825 2378 935 2417 non
968 2372 1154 2434 peccet
1181 2366 1225 2429 ⁸,
1250 2386 1269 2418 ι
1307 2367 1362 2420 in
1417 2381 1709 2422 commune
1737 2367 1805 2423 de
1837 2368 2092 2425 omnibus

521 2452 838 2510 hominibus
893 2455 1099 2510 dictum
1145 2466 1230 2511 est
1264 2476 1278 2511 :
1314 2457 1476 2523 unde,
1524 2476 1543 2509 ι
1588 2458 1665 2514 De
1694 2459 1835 2514 cmlo
1865 2460 2029 2525 venit,
2066 2480 2086 2513 ι

521 2544 720 2615 inquit,
755 2562 779 2597 ι
817 2545 963 2616 quod
1019 2547 1423 2602 immaculatam
1481 2549 1757 2619 justitiam
1797 2565 1866 2605 ex
1914 2566 1974 2606 se
2002 2551 2093 2606 dat

522 2633 782 2692 Verbum.
820 2658 841 2690 ι
875 2637 941 2691 Et
986 2638 1200 2709 liquido.
1246 2640 1381 2694 dicit
1414 2656 1427 2692 :
1467 2659 1486 2695 ι
1523 2640 1692 2696 Nemo
1738 2643 1988 2698 ascendit
2037 2644 2091 2697 in

519 2725 743 2791 omium,
780 2727 887 2783 nisi
943 2729 1037 2798 qui
1093 2729 1376 2786 descendit
1404 2731 1472 2787 de
1500 2731 1642 2786 ccelo
1693 2730 1867 2789 Filius
1912 2733 2090 2789 homi-

520 2816 665 2872 nis'.
706 2836 726 2869 ι
753 2815 821 2873 Et
852 2833 1071 2873 rursum
1103 2837 1118 2875 :
1155 2836 1177 2871 ι
1214 2817 1273 2874 Si
1306 2819 1553 2876 videritis
1603 2818 1801 2875 Filium
1855 2821 2091 2879 hominis

522 2908 904 2962 ascendentem
952 2906 1044 2961 ubi
1099 2914 1219 2963 erat
1270 2908 1481 2978 prius“.
1528 2927 1548 2960 ι
1582 2906 1650 2961 Et
1692 2923 1759 2959 ει
1804 2906 1917 2979 Ego
1966 2925 2086 2964 sum

521 2996 701 3068 panis.
733 2996 827 3067 qui
848 2996 916 3052 de
930 2996 1071 3052 cmlo
1103 2996 1383 3063 descendi,
1405 2998 1583 3064 vivus,
1608 3003 1665 3053 et
1685 2999 1779 3069 qui
1806 2998 1899 3053 dat
1925 3001 2088 3055 vitam

522 3086 782 3141 mundo’.
824 3104 845 3138 ι
896 3084 1111 3152 Quibus
1164 3102 1321 3142 suam
1370 3086 1546 3156 ipsius
1593 3086 1852 3143 deitatem
1906 3098 2090 3159 aperte

523 3190 627 3232 nos
646 3176 859 3240 edocet,
893 3192 995 3232 nec
1023 3185 1205 3232 tamen
1236 3175 1416 3231 aufert
1448 3175 1595 3247 quod
1633 3178 1936 3233 secundum
1966 3195 2091 3234 car-

2192 1993 2612 2065 παραδεχθῆναι,
2646 1997 2695 2048 εί
2737 1995 2811 2066 μὴ
2854 1995 2985 2059 Θεὸς
3014 1998 3071 2050 ἐν
3105 1996 3268 2068 σαρκὶ
3303 1996 3606 2050 πιστεύοιτο
3627 1993 3761 2052 εἶναι

2189 2088 2218 2139 ὁ
2232 2086 2328 2158 τὴν
2351 2087 2727 2159 ἀναμάρτητον
2744 2087 3086 2159 δικαιοσύνην
3113 2089 3194 2153 είς
3211 2088 3300 2142 τὸν
3326 2089 3528 2159 κόσμον
3543 2090 3761 2158 εἰσαγα-

2188 2175 2329 2246 γὼν.
2354 2170 2422 2248 ἦς
2458 2176 2775 2248 μετέχοντες
2820 2174 3095 2249 ζησόμεθα
3138 2179 3232 2231 καὶ
3263 2178 3579 2247 σωσόμεθα
3607 2177 3758 2251 (61⁸).

2192 2268 2269 2321 Τὸ
2286 2268 2413 2340 γάρ,
2438 2287 2457 2319 ι
2485 2269 2599 2321 Οὐκ
2625 2267 2740 2321 ἐστι
2756 2268 2961 2333 δίκαιος
2981 2269 3073 2322 ἐπὶ
3100 2271 3200 2341 τῆς
3219 2270 3341 2341 γῆς,
3387 2269 3447 2333 ὃς
3468 2271 3678 2341 ποιήσει
3703 2271 3761 2324 τὸ

2190 2360 2410 2429 ἀγαθὸν,
2467 2361 2561 2415 καὶ
2595 2362 2694 2432 οὐχ
2732 2362 3128 2433 ἁμαρτήσεται,
3164 2380 3185 2413 ι
3215 2362 3393 2416 κοινὸν
3424 2362 3593 2435 δήπου
3624 2362 3761 2417 κατὰ

2192 2452 2408 2506 πάντων
2439 2451 2739 2523 ἀνθρώπων
2762 2453 2909 2505 ἐστίν
2933 2469 2948 2483 ’
2976 2452 3117 2518 ὅθεν,
3158 2472 3177 2504 ι
3220 2452 3309 2520 Ἐξ
3339 2451 3566 2526 οὐρανοῦ
3597 2471 3761 2508 κατα-

2190 2543 2414 2614 ϐέϐηκε,
2456 2564 2476 2596 ι
2511 2545 2694 2616 φησὶν,
2723 2563 2743 2595 ι
2774 2545 2804 2597 ό
2833 2544 2931 2616 τὴν
2964 2543 3227 2616 ἄχραντον
3254 2544 3598 2618 δικαιοσύνην
3629 2546 3758 2620 παρ’

2189 2635 2381 2689 ἑαυτοῦ
2409 2634 2748 2708 δωρούμενος
2775 2636 2965 2705 Λόγος.
2997 2656 3016 2687 ι
3045 2636 3153 2688 Καὶ
3179 2635 3325 2705 λέγει
3349 2636 3533 2705 σαφῶς
3552 2654 3566 2667 ·
3601 2655 3622 2689 ι
3652 2636 3758 2692 Οὐ-

2187 2726 2295 2791 δεὶς
2315 2727 2652 2800 ἀναϐέϐηκεν
2680 2730 2760 2791 είς
2782 2728 2873 2782 τὸν
2905 2727 3134 2799 οὐρανὸν
3163 2730 3211 2781 εί
3236 2726 3311 2799 μὴ
3337 2729 3369 2781 ό
3385 2730 3451 2782 ἐκ
3474 2728 3567 2782 τοῦ
3598 2728 3758 2801 οὐρα-

2188 2812 2280 2867 νοῦ
2311 2813 2577 2878 καταϐὰς,
2607 2816 2636 2868 ό
2674 2814 2802 2878 Υἱὸς
2839 2814 2933 2869 τοῦ
2982 2814 3303 2887 ἀνθρώπου*
3349 2836 3369 2868 ι
3416 2818 3511 2871 καὶ
3561 2817 3753 2873 πάλιν·

2194 2923 2213 2956 ι
2266 2905 2390 2959 Ἐὰν
2416 2905 2655 2978 θεωρῆτε
2683 2906 2796 2978 (6‘2)
2826 2906 2916 2961 τὸν
2943 2907 3071 2964 Υἰὸν
3101 2907 3195 2961 τοῦ
3222 2906 3509 2979 ἀνθρώπου
3537 2909 3757 2964 ἀναϐαίη

2187 3014 2365 3062 νοντα,
2398 2999 2532 3051 ὅπου
2562 2994 2632 3069 ἦν
2656 2998 2718 3052 τὸ
2764 2999 3059 3069 πρότερον·
3092 3018 3112 3051 ›
3145 2999 3259 3066 καὶ,
3303 2998 3444 3068 Ἐγώ
3471 3002 3584 3071 εἰμι
3611 2999 3757 3073 όᾶρ·

2188 3106 2297 3154 τος,
2321 3092 2350 3143 ό
2369 3090 2435 3143 ἐκ
2453 3088 2549 3142 τοῦ
2577 3088 2807 3160 οὐρανοῦ
2842 3089 3103 3154 καταϐάς,
3128 3093 3157 3144 ό
3178 3090 3287 3155 ζῶν
3309 3092 3403 3146 καὶ
3422 3091 3565 3163 ζωὴν
3583 3090 3756 3158 διδοὺς

2188 3179 2267 3250 τῷ
2323 3181 2545 3251 κόσμῳ·
2600 3200 2621 3233 ι
2657 3180 2846 3249 σαφῶς
2891 3181 2976 3235 διὰ
3030 3180 3231 3235 τούτων
3277 3181 3389 3252 (63)
3429 3180 3754 3236 ἐκδιδάσκων

520 3288 645 3329 nem
676 3274 1081 3345 assumpseratt;
1110 3275 1204 3331 sed
1235 3276 1477 3346 seipsum
1501 3291 1625 3331 cum
1655 3292 1820 3333 carne
1859 3277 2090 3345 conjun-

2191 3272 2461 3347 ἡμᾶςτὴν
2498 3271 2725 3341 θεότητα
2766 3270 2863 3343 τὴν
2898 3270 3113 3333 ἐαυτοῦ,
3144 3274 3243 3325 οὐκ
3272 3272 3508 3343 ἀναιρῶν
3526 3274 3589 3326 τὸ
3618 3272 3756 3327 κατὰ

521 3364 600 3434 git
629 3380 643 3416 :
671 3365 1112 3436 quandoquidem
1144 3366 1302 3436 juxta
1328 3365 1559 3422 Paulum
1587 3368 1642 3422 in
1674 3366 2088 3423 similitudinem

522 3453 806 3508 hominum
856 3453 1038 3510 factus
1090 3463 1206 3521 est,
1254 3464 1310 3511 et
1359 3456 1549 3512 habitu
1600 3458 1855 3513 inventus
1896 3464 1979 3512 est
2031 3464 2090 3511 ut

521 3541 740 3600 homo'.
777 3542 952 3600 Homo
975 3553 1156 3601 autem
1186 3560 1293 3599 una
1324 3560 1559 3616 persona
1589 3554 1644 3601 et
1671 3562 1837 3601 unum
1891 3547 2089 3600 animal

520 3641 628 3697 est,
658 3649 727 3690 ex
767 3635 964 3708 spiritu
997 3645 1052 3692 et
1081 3651 1247 3692 carne
1291 3637 1657 3708 compositum
1691 3637 1829 3709 (59')
1855 3657 1869 3693 :
1898 3636 1967 3692 ad
1993 3652 2091 3694 cu-

516 3727 611 3797 jus
632 3727 1047 3786 similitudinem
1069 3729 1483 3802 intelligendum
1506 3739 1592 3786 est
1613 3729 1896 3787 Christum
1923 3745 2086 3797 unam

519 3833 646 3875 esse
693 3834 1005 3890 personam,
1033 3832 1089 3876 et
1144 3836 1255 3877 non
1302 3822 1461 3888 duas,
1499 3832 1558 3878 ιιι
1578 3822 1700 3898 jam
1734 3821 2090 3879 incredulitas

519 3911 899 3980 magnitudine
955 3913 1153 3968 divina:
1195 3914 1385 3983 gratiae
1425 3914 1782 3979 destituta,et
1830 3913 1887 3967 in
1918 3913 2090 3985 genti-

520 4000 654 4056 lium
681 4003 1000 4056 scandalum
1024 4004 1304 4073 prolapsa,
1335 4011 1522 4073 aperte
1547 4011 1602 4057 et
1640 4017 1853 4058 summa
1882 4004 1937 4057 vi
1957 4018 2090 4058 con—

525 4078 721 4146 tendit.
750 4088 890 4145 Cum
927 4092 1074 4147 enim
1097 4106 1209 4146 non
1227 4092 1418 4148 credat
1461 4091 1723 4162 possibile
1771 4105 1894 4147 esse
1921 4089 2093 4148 Deum

525 4178 800 4234 hominem
828 4178 967 4245 ﬁeri,
998 4179 1417 4251 juxtaJoannis
1439 4181 1603 4235 verba
1647 4180 1804 4236 initio
1859 4181 2035 4251 posita
2072 4198 2087 4234 :

530 4289 549 4318 ι
584 4268 820 4327 Verbum
849 4284 982 4327 caro
1021 4272 1223 4328 factum
1259 4281 1344 4327 est
1362 4273 1405 4335 ’,
1436 4290 1455 4324 ι
1484 4271 1786 4337 ideo_dicit,
1817 4271 2090 4326 hominem

525 4362 743 4431 quidem
775 4378 899 4419 eum
923 4380 1046 4421 esse
1067 4381 1133 4420 es
1160 4362 1381 4435 V-irgine
1404 4364 1671 4435 genitum,
1710 4372 1764 4420 et
1792 4381 1860 4421 ex
1898 4375 2091 4421 natura

525 4465 628 4505 sua
679 4452 817 4508 nihil
863 4453 1109 4509 divinum
1166 4455 1401 4522 habere;
1433 4454 1603 4510 Deum
1651 4471 1780 4511 vero
1835 4456 1889 4511 in
1948 4456 2092 4513 hunc

526 4542 705 4611 ipsum
753 4544 1126 4600 descendisse.
1181 4543 1354 4601 Porro
1406 4544 1499 4615 qui
1542 4544 1659 4601 haec
1714 4546 1926 4613 dicunt,
1987 4547 2090 4604 sibi

2194 3362 2371 3433 σάρκα
2419 3361 2869 3434 προσειληφέναι,
2924 3361 3034 3415 ἀλλ’
3083 3362 3220 3416 ἑνῶν
3266 3363 3455 3416 ἐαυτὸν
3497 3362 3632 3435 πρὸς
3658 3363 3756 3435 τὴν

2193 3453 2370 3525 σάρκα
2393 3470 2407 3483 ο
2462 3453 2649 3525 ἐπειδὴ
2700 3453 2841 3506 κατὰ
2874 3453 3085 3508 Παῦλον
3114 3454 3225 3525 (64)
3259 3456 3317 3507 ἐν
3337 3454 3756 3533 όμοιώματιρν-

2191 3542 2421 3618 θρὼπων
2439 3544 2649 3614 γέγονε,
2685 3547 2779 3599 καὶ
2799 3549 3035 3618 σχήματι
3080 3546 3322 3618 εὑρεθεὶς
3346 3546 3420 3609 ὡς
3451 3545 3752 3618 ἄνθρωπος.

2203 3637 2260 3689 '0
2282 3636 2339 3689 δὲ
2361 3635 2642 3708 ἄνθρωπος
2689 3636 2747 3690 ἓν
2801 3637 3109 3710 πρόσωπον,
3148 3639 3241 3692 καὶ
3285 3638 3421 3702 ζῶον
3446 3637 3523 3701 ἐν,
3559 3636 3667 3692 ἀπό
3694 3652 3757 3693 τι

2191 3729 2498 3800 πνεύματος
2535 3730 2630 3783 καὶ
2690 3718 2925 3803 σαρκόςο
2980 3731 3121 3785 κατὰ
3157 3730 3216 3784 δὲ
3261 3729 3322 3783 τὸ
3362 3729 3614 3800 ὁμοίωμα
3661 3729 3758 3785 αὐ-

2189 3820 2283 3875 τοῦ
2312 3820 2423 3891 (65)
2467 3821 2683 3893 νοητέον
2708 3820 2797 3875 τὸν
2832 3820 3062 3894 Χριστὸν
3091 3822 3204 3887 ἕνα,
3238 3822 3331 3875 καὶ
3380 3822 3440 3875 οὐ
3471 3821 3563 3876 δύο
3589 3822 3757 3895 πρόσει
3802 3816 3805 3821 ⁴

2189 3929 2335 3975 ωπα,
2375 3912 2512 3982 ὅπερ
2549 3911 2701 3983 ήνῦν
2751 3911 2975 3965 ἀπιστία
3007 3912 3270 3984 βιάζεται,
3323 3909 3509 3982 σαφῶς
3548 3911 3757 3965 ἀπολει-

2192 4004 2404 4074 πομένη
2430 4003 2526 4057 τοῦ
2558 4004 2818 4075 μεγέθους
2843 4006 2945 4076 τῆς
2969 4005 3120 4070 θείας
3141 4006 3379 4078 χάριτος,
3405 4006 3499 4059 καὶ
3521 4004 3598 4076 τῷ
3639 4002 3757 4058 Ἐλ-

2189 4095 2392 4167 ληνικῷ
2426 4096 2704 4167 σκανδάλῳ
2728 4098 3147 4169 περιπίπτουσα.
3187 4097 3402 4170 Ἐπειδὴ
3426 4096 3533 4169 γάρ
3571 4097 3632 4150 οὐ
3665 4113 3755 4150 πι-

2194 4186 2371 4241 στεύει
2422 4188 2645 4242 δυνατὸν
2687 4184 2825 4243 εἶναι
2880 4189 2971 4243 τὸν
3027 4187 3159 4244 Θεὸν
3190 4190 3472 4262 ἄνθρωπον
3505 4187 3753 4258 γενέσθαι

2193 4277 2335 4333 κατὰ
2386 4277 2484 4351 τὴν
2527 4278 2586 4344 ἐξ
2616 4279 2792 4352 ἀρχῆς
2846 4281 3029 4351 φωνὴν
3066 4280 3334 4345 Ἰωάννου,
3374 4280 3641 4350 λέγοντος,
3672 4280 3753 4333 ὅτι

2196 4388 2216 4422 ι
2264 4371 2323 4424 '0
2350 4371 2519 4441 Λόγος
2557 4372 2692 4444 σὰρξ
2732 4373 2967 4443 ἐγένετο,
2996 4392 3015 4425 ι
3049 4373 3134 4427 διὰ
3158 4372 3315 4428 τοῦτό
3351 4389 3512 4442 φησιν
3534 4370 3645 4443 (66)
3670 4369 3754 4425 ἄν·

2190 4461 2407 4533 θρωπον
2461 4462 2561 4533 μὲν
2589 4458 2726 4517 εἶναι
2778 4464 2843 4518 ἐκ
2886 4466 2987 4535 τῆς
3016 4462 3292 4534 Παρθένου
3338 4461 3614 4532 τεχθέντα,
3658 4457 3753 4514 καὶ

2196 4554 2359 4625 μηδὲν
2393 4556 2535 4627 ἔχειν
2547 4561 2610 4629 τῇ
2641 4557 2799 4627 φύσει
2828 4559 3006 4613 θεῖκόν
3024 4577 3037 4589 ·
3070 4559 3200 4612 Θεὸν
3226 4557 3282 4612 δὲ
3298 4558 3378 4619 είς
3406 4553 3566 4609 αὐτὸν
3591 4569 3752 4607 κατα-

522 4630 630 4703 ipsi
661 4632 888 4691 adversa
905 4637 1209 4707 proferunt,
1240 4637 1396 4709 quasi
1422 4636 1602 4693 Verbo
1624 4641 2085 4705 contradicentes,

2195 4617 2503 4717 ϐεϐηκέναι.
2548 4617 2610 4701 οἳ
2654 4617 2717 4702 ’δὲ
2757 4649 2931 4703 ταῦτα
2974 4649 3241 4718 λέγοντες,
3260 4617 3398 4702 αὐτά
3426 4645 3497 4699 τὰ
3536 4643 3749 4699 ἐναντία

522 4722 656 4778 dum
685 4724 857 4790 aiunt,
904 4724 1102 4781 Filium
1161 4727 1399 4783 hominis
1453 4742 1563 4783 non
1592 4743 1625 4785 e
1659 4729 1798 4785 cmlo
1853 4730 2086 4787 descen-

529 4815 774 4882 dentem,
808 4817 903 4874 sed
929 4834 961 4875 e
1001 4828 1148 4874 terra
1178 4828 1519 4892 surgentem,
1542 4819 1714 4878 Deum
1746 4838 1778 4879 e
1804 4824 1946 4879 caelo
1992 4824 2091 4880 de-

523 4908 869 4965 scendentem
892 4911 947 4965 in
969 4926 1030 4966 se
1059 4911 1351 4983 recepisse.

592 5000 647 5056 5.
687 5000 799 5057 Nos
820 5001 1002 5074 itaque
1023 5005 1178 5060 decet
1204 5005 1403 5064 divinis
1457 5007 1723 5065 inhzerere
1753 5008 1959 5073 verbis,
1984 5025 2084 5065 nec

2194 4736 2459 4806 λέγουσιν,
2488 4740 2675 4813 ὥσπερ
2700 4741 3067 4811 ἀντιλέγοντες
3099 4741 3176 4812 τῷ
3200 4742 3375 4812 Λόγῳ,
3405 4739 3485 4793 ὅτι
3504 4738 3623 4808 οὐχὶ
3652 4753 3750 4790 κα-

2194 4828 2508 4901 ταϐεϐηκὼς
2554 4831 2613 4898 ἐξ
2648 4831 2873 4904 οὐρανοῦ
2922 4832 3046 4896 Υἱὸς
3077 4830 3383 4903 ἀνθρώπου,
3411 4827 3524 4881 ἀλλ’
3552 4828 3615 4882 ἐκ
3645 4828 3748 4901 γῆς

2192 4922 2450 4986 ἀναστὰς,
2479 4923 2770 4992 ὑπεδέξατο
2793 4923 2902 4996 (07)
2935 4923 3026 4977 τὸν
3054 4923 3111 4988 ἐξ
3134 4920 3361 4996 οὐρανοῦ
3385 4921 3532 4975 Θεόν.

2258 5012 2312 5066 2.
2364 5015 2541 5085 Ἢμᾶς
2560 5011 2653 5070 οὖν
2705 5015 2881 5079 καλῶς
2913 5014 3024 5086 ἔχει
3068 5016 3180 5079 τοῖς
3204 5013 3366 5076 θείοις
3385 5009 3609 5066 ἕπεσθαι
3649 5010 3750 5083 ῥή-

598 5155 621 5186 δ
656 5155 835 5215 Eccle.
870 5176 945 5214 vn
973 5158 1062 5215 21.
1141 5162 1162 5193 ⁸
1186 5160 1344 5216 Joan.
1396 5176 1452 5221 ιιι
1476 5201 1492 5224 .
1524 5161 1609 5217 15.
1686 5163 1709 5194 ⁸
1740 5160 1898 5219 Joan.
1932 5179 2026 5231 τι,
2062 5164 2090 5220 6

2223 5167 2245 5201 τ
2283 5168 2412 5223 ibid.
2446 5169 2508 5224 5i
2534 5213 2549 5238 ,
2580 5171 2667 5225 55.
2742 5169 2765 5203 ⁸
2802 5167 3035 5243 Philipp.
3074 5186 3152 5237 ll,
3188 5172 3239 5228 7.
3329 5169 3530 5225 'Joan.
3565 5186 3605 5236 ι,
3641 5172 3728 5255 l4.

599 5269 732 5340 (59')
769 5273 829 5326 ln
850 5272 1107 5349 Symbolo
1137 5294 1151 5331 :
1187 5275 1327 5330 Nam
1357 5276 1494 5330 sicut
1516 5276 1697 5333 anima
1725 5278 2003 5333 rationalis
2030 5287 2081 5333 et

2191 5289 2296 5343 λον.
2326 5282 2491 5349 Editi,
2515 5285 2656 5339 κατὰ
2679 5284 2905 5340 Παῦλον.

523 5354 651 5409 caro
673 5355 807 5394 unus
835 5354 910 5395 est
942 5344 1115 5409 homo,
1138 5353 1244 5401 etc.

582 5407 706 5486 λίξθ)
743 5407 1122 5486 Λὺιιῇςηόοεει
1152 5416 1204 5469 in
1241 5415 1461 5486 Seguer.

598 5428 706 5479 [om
743 5428 940 5533 Λυττγς,
970 5428 1122 5470 deest
1152 5432 1204 5469 tn
1241 5428 1461 5486 aeguer.

598 5476 728 5557 (6|)_
744 5478 867 5557 βδεῖ
896 5522 909 5534 .
941 5483 1232 5557 Αιιειῖοηει
1261 5485 1511 5557 Seguer.,
1536 5485 1592 5539 δὲ
1622 5486 1715 5557 καὶ
1741 5488 1887 5557 ὑμῖν.
1917 5486 2084 5543 Paulo

525 5548 928 5627 post,_'§é,_ante
955 5548 1054 5627 τάξ
1084 5548 1548 5627 menmium:
1572 5556 1630 5611 in
1654 5548 1867 5627 Anglic.

623 5619 736 5702 91:)
750 5618 909 5702 με..
937 5618 1332 5702 summa»:
1353 5625 1509 5702 Eo!!-

750 5686 1138 5769 ljasiliensis'et
1155 5686 1399 5769 gingiua,
1434 5690 1652 5769 stiva-iv
1683 5695 1938 5769 θεωρῆτε.

753 5757 1001 5837 _S_eguer.,
1020 5756 1303 5837 _£a<_ptii;__3é
1335 5756 1438 5837 που
1470 5764 1557 5818 διὰ
1583 5765 1645 5837 δὴ
1674 5756 1897 5820 τούτων.

623 5828 713 5900 ϐι)
751 5828 1086 5898 Βοέἱιὶειιεὶε,
1106 5833 1338 5903 Anglic.,
1375 5828 1795 5908 Seguer.,'m~:i
1823 5836 2073 5920 ‘Amicta:

2258 5353 2389 5426 (65),
2412 5352 2660 5425 Seguer.,
2691 5357 2889 5426 αὐτῶν.
2920 5354 3063 5426 Infra
3116 5355 3336 5411 Gobler.
3372 5363 3426 5410 et
3457 5354 3600 5426 lfelc.
3634 5354 3744 5423 pri-

2188 5423 2330 5497 mus.
2353 5423 2762 5497 ’ἀπολιπομένψ
2783 5425 2902 5497 Mox
2928 5425 3175 5497 Seguer.,
3191 5425 3427 5494 Anglic.,
3448 5423 3671 5497 ‘Goblcr.
3691 5433 3743 5478 et

2188 5495 2335 5568 Felc.
2371 5496 2424 5568 l,
2453 5496 2552 5568 τῆς
2581 5495 3167 5568 ΘείαςχάριτοςζΕιιὶιί
3202 5502 3257 5549 et
3284 5495 3463 5549 ceteri
3494 5506 3738 5549 manusc.

2187 5566 2358 5638 male,
2377 5566 2476 5638 τῇς
2498 5565 3013 5638 ἀληθείαςχάριτος.

2255 5634 2370 5706 (66)
2406 5634 2483 5706 [ta
2515 5634 2649 5706 mss.
2680 5634 2821 5692 Edi't'i
2852 5634 3054 5701 autem,
3094 5636 3218 5706 ἔφη.

2255 5704 2369 5777 (67)
2406 5703 2697 5779 Basilicus.
2745 5718 2798 5765 et
2839 5706 3088 5779 Seguer.,
3128 5702 3389 5775 ὕτὶεδέξω,
3422 5717 3542 5776 quae
3576 5702 3739 5766 leetlo

2178 5775 2288 5834 non
2318 5775 2639 5848 spernenda.
