  <div class='ocr_page' id='page_1' title='image "/cluster/home/n/w/nwhite01/storage/ocr_20150623/28/hvd.32044019207737/053.png"; bbox 0 0 4048 6406; ppageno 0'>
   <div class='ocr_carea' id='block_1_1' title="bbox 500 368 3752 432">
    <p class='ocr_par' dir='ltr' id='par_1_1' title="bbox 500 368 3752 432">
     <span class='ocr_line' id='line_1_1' title="bbox 500 368 3752 432; baseline 0 -8"><span class='ocrx_word' id='word_1_1' title='bbox 500 369 572 424; x_wconf 80' lang='lat'><strong>95</strong></span> <span class='ocrx_word' id='word_1_2' title='bbox 1671 370 1732 424; x_wconf 89' lang='lat' dir='ltr'><strong>S.</strong></span> <span class='ocrx_word' id='word_1_3' title='bbox 1772 369 2230 427; x_wconf 82' lang='lat' dir='ltr'><strong>ATHANASIUS.</strong></span> <span class='ocrx_word' id='word_1_4' title='bbox 2271 401 2335 412; x_wconf 92' lang='lat'><strong><em>—</em></strong></span> <span class='ocrx_word' id='word_1_5' title='bbox 2383 368 2610 425; x_wconf 82' lang='lat' dir='ltr'><strong>DUBIA.</strong></span> <span class='ocrx_word' id='word_1_6' title='bbox 3683 379 3752 432; x_wconf 81' lang='lat'><strong>96</strong></span> 
     </span>
    </p>
   </div>
   <div class='ocr_carea' id='block_1_2' title="bbox 505 484 2077 562">
    <p class='ocr_par' dir='ltr' id='par_1_2' title="bbox 505 485 2068 559">
     <span class='ocr_line' id='line_1_2' title="bbox 505 485 2068 559; baseline 0.001 -17"><span class='ocrx_word' id='word_1_7' title='bbox 505 487 573 542; x_wconf 88' lang='lat' dir='ltr'><strong>ad</strong></span> <span class='ocrx_word' id='word_1_8' title='bbox 607 485 1023 544; x_wconf 77' lang='lat' dir='ltr'><strong>similitudinem</strong></span> <span class='ocrx_word' id='word_1_9' title='bbox 1053 502 1268 559; x_wconf 90' lang='lat' dir='ltr'><strong>quoque</strong></span> <span class='ocrx_word' id='word_1_10' title='bbox 1303 503 1458 544; x_wconf 88' lang='lat' dir='ltr'><strong>suam</strong></span> <span class='ocrx_word' id='word_1_11' title='bbox 1487 487 1652 558; x_wconf 87' lang='lat' dir='ltr'><strong>illum</strong></span> <span class='ocrx_word' id='word_1_12' title='bbox 1698 489 1958 553; x_wconf 82' lang='lat' dir='ltr'><strong>restituit,</strong></span> <span class='ocrx_word' id='word_1_13' title='bbox 1995 489 2068 544; x_wconf 77' lang='lat' dir='ltr'><strong>si-</strong></span> 
     </span>
    </p>
   </div>
   <div class='ocr_carea' id='block_1_3' title="bbox 2180 484 3752 562">
    <p class='ocr_par' dir='ltr' id='par_1_3' title="bbox 2180 484 3752 562">
     <span class='ocr_line' id='line_1_3' title="bbox 2180 484 3752 562; baseline 0.001 -19"><span class='ocrx_word' id='word_1_14' title='bbox 2180 491 2430 561; x_wconf 68' lang='grc' dir='ltr'>ὁμοίωσιν</span> <span class='ocrx_word' id='word_1_15' title='bbox 2461 489 2560 558; x_wconf 76' lang='grc' dir='ltr'>τὴν</span> <span class='ocrx_word' id='word_1_16' title='bbox 2593 485 2728 557; x_wconf 80' lang='grc' dir='ltr'>πρὸς</span> <span class='ocrx_word' id='word_1_17' title='bbox 2759 484 2920 538; x_wconf 79' lang='grc' dir='ltr'>αὐτὸν</span> <span class='ocrx_word' id='word_1_18' title='bbox 2949 487 3211 555; x_wconf 78' lang='grc' dir='ltr'><strong>ἐπανάγει</strong></span> <span class='ocrx_word' id='word_1_19' title='bbox 3246 489 3428 553; x_wconf 86' lang='grc' dir='ltr'>πάλιν,</span> <span class='ocrx_word' id='word_1_20' title='bbox 3467 491 3752 562; x_wconf 69' lang='grc' dir='ltr'>ὁμοιωθεὶς</span> 
     </span>
    </p>
   </div>
   <div class='ocr_carea' id='block_1_4' title="bbox 506 577 2072 651">
    <p class='ocr_par' dir='ltr' id='par_1_4' title="bbox 506 577 2072 651">
     <span class='ocr_line' id='line_1_4' title="bbox 506 577 2072 651; baseline 0.002 -19"><span class='ocrx_word' id='word_1_21' title='bbox 506 578 634 634; x_wconf 85' lang='lat' dir='ltr'><strong>mile</strong></span> <span class='ocrx_word' id='word_1_22' title='bbox 663 577 863 634; x_wconf 77' lang='lat' dir='ltr'><strong>factum</strong></span> <span class='ocrx_word' id='word_1_23' title='bbox 900 581 1050 650; x_wconf 88' lang='lat' dir='ltr'><strong>operi</strong></span> <span class='ocrx_word' id='word_1_24' title='bbox 1080 595 1198 644; x_wconf 90' lang='lat' dir='ltr'><strong>suo,</strong></span> <span class='ocrx_word' id='word_1_25' title='bbox 1234 581 1360 650; x_wconf 86' lang='lat' dir='ltr'><strong>quia</strong></span> <span class='ocrx_word' id='word_1_26' title='bbox 1389 596 1455 635; x_wconf 84' lang='lat' dir='ltr'><strong>ex</strong></span> <span class='ocrx_word' id='word_1_27' title='bbox 1507 587 1697 637; x_wconf 86' lang='lat' dir='ltr'><strong>sancta</strong></span> <span class='ocrx_word' id='word_1_28' title='bbox 1755 589 1812 636; x_wconf 94' lang='lat' dir='ltr'><strong>et</strong></span> <span class='ocrx_word' id='word_1_29' title='bbox 1846 579 2072 651; x_wconf 89' lang='lat' dir='ltr'><strong>Deipara</strong></span> 
     </span>
    </p>
   </div>
   <div class='ocr_carea' id='block_1_5' title="bbox 506 667 2074 741">
    <p class='ocr_par' dir='ltr' id='par_1_5' title="bbox 506 667 2074 741">
     <span class='ocr_line' id='line_1_5' title="bbox 506 667 2074 741; baseline 0 -16"><span class='ocrx_word' id='word_1_30' title='bbox 506 667 675 725; x_wconf 75' lang='lat' dir='ltr'><strong>Maria</strong></span> <span class='ocrx_word' id='word_1_31' title='bbox 699 667 918 741; x_wconf 75' lang='lat' dir='ltr'><strong>Virgine</strong></span> <span class='ocrx_word' id='word_1_32' title='bbox 937 685 1155 726; x_wconf 88' lang='lat' dir='ltr'><strong>carnem</strong></span> <span class='ocrx_word' id='word_1_33' title='bbox 1181 670 1431 741; x_wconf 92' lang='lat' dir='ltr'><strong>sumpsit,</strong></span> <span class='ocrx_word' id='word_1_34' title='bbox 1463 677 1518 726; x_wconf 88' lang='lat' dir='ltr'><strong>et</strong></span> <span class='ocrx_word' id='word_1_35' title='bbox 1547 671 1712 728; x_wconf 90' lang='lat' dir='ltr'><strong>homo</strong></span> <span class='ocrx_word' id='word_1_36' title='bbox 1737 671 1941 726; x_wconf 76' lang='lat' dir='ltr'><strong>factum</strong></span> <span class='ocrx_word' id='word_1_37' title='bbox 1969 679 2074 736; x_wconf 89' lang='lat' dir='ltr'><strong>est,</strong></span> 
     </span>
    </p>
   </div>
   <div class='ocr_carea' id='block_1_6' title="bbox 506 759 2077 826">
    <p class='ocr_par' dir='ltr' id='par_1_6' title="bbox 506 759 2077 826">
     <span class='ocr_line' id='line_1_6' title="bbox 506 759 2077 826; baseline 0.001 -12"><span class='ocrx_word' id='word_1_38' title='bbox 506 773 736 816; x_wconf 86' lang='lat' dir='ltr'><strong>manens</strong></span> <span class='ocrx_word' id='word_1_39' title='bbox 757 769 940 814; x_wconf 85' lang='lat' dir='ltr'><strong>tamen</strong></span> <span class='ocrx_word' id='word_1_40' title='bbox 969 759 1132 824; x_wconf 87' lang='lat' dir='ltr'><strong>Deus,</strong></span> <span class='ocrx_word' id='word_1_41' title='bbox 1166 768 1223 814; x_wconf 92' lang='lat' dir='ltr'><strong>ut</strong></span> <span class='ocrx_word' id='word_1_42' title='bbox 1248 760 1523 826; x_wconf 88' lang='lat' dir='ltr'><strong>homines,</strong></span> <span class='ocrx_word' id='word_1_43' title='bbox 1543 763 1644 818; x_wconf 90' lang='lat' dir='ltr'><strong>etsi</strong></span> <span class='ocrx_word' id='word_1_44' title='bbox 1679 761 1929 818; x_wconf 82' lang='lat' dir='ltr'><strong>homines</strong></span> <span class='ocrx_word' id='word_1_45' title='bbox 1963 778 2077 818; x_wconf 82' lang='lat' dir='ltr'><strong>ma-</strong></span> 
     </span>
    </p>
   </div>
   <div class='ocr_carea' id='block_1_7' title="bbox 507 849 2079 923">
    <p class='ocr_par' dir='ltr' id='par_1_7' title="bbox 507 849 2079 923">
     <span class='ocr_line' id='line_1_7' title="bbox 507 849 2079 923; baseline 0.001 -18"><span class='ocrx_word' id='word_1_46' title='bbox 507 857 696 914; x_wconf 86' lang='lat' dir='ltr'><strong>neant,</strong></span> <span class='ocrx_word' id='word_1_47' title='bbox 727 849 859 906; x_wconf 91' lang='lat' dir='ltr'><strong>deos</strong></span> <span class='ocrx_word' id='word_1_48' title='bbox 888 849 1139 905; x_wconf 73' lang='lat' dir='ltr'><strong>ediceret.</strong></span> <span class='ocrx_word' id='word_1_49' title='bbox 1176 849 1400 922; x_wconf 86' lang='lat' dir='ltr'><strong>Unaque</strong></span> <span class='ocrx_word' id='word_1_50' title='bbox 1425 868 1658 923; x_wconf 81' lang='lat' dir='ltr'><strong>persona</strong></span> <span class='ocrx_word' id='word_1_51' title='bbox 1687 860 1771 909; x_wconf 88' lang='lat' dir='ltr'><strong>est</strong></span> <span class='ocrx_word' id='word_1_52' title='bbox 1820 861 1946 909; x_wconf 87' lang='lat' dir='ltr'><strong>ante</strong></span> <span class='ocrx_word' id='word_1_53' title='bbox 2001 852 2079 907; x_wconf 84' lang='lat' dir='ltr'><strong>in-</strong></span> 
     </span>
    </p>
   </div>
   <div class='ocr_carea' id='block_1_8' title="bbox 508 942 2076 1012">
    <p class='ocr_par' dir='ltr' id='par_1_8' title="bbox 508 942 2076 1012">
     <span class='ocr_line' id='line_1_8' title="bbox 508 942 2076 1012; baseline 0.001 -14"><span class='ocrx_word' id='word_1_54' title='bbox 508 943 879 998; x_wconf 86' lang='lat' dir='ltr'><strong>carnationem</strong></span> <span class='ocrx_word' id='word_1_55' title='bbox 910 952 964 998; x_wconf 87' lang='lat' dir='ltr'><strong>et</strong></span> <span class='ocrx_word' id='word_1_56' title='bbox 988 951 1110 1012; x_wconf 88' lang='lat' dir='ltr'><strong>post</strong></span> <span class='ocrx_word' id='word_1_57' title='bbox 1133 942 1586 1008; x_wconf 86' lang='lat' dir='ltr'><strong>incarnationem,</strong></span> <span class='ocrx_word' id='word_1_58' title='bbox 1619 943 1764 1002; x_wconf 87' lang='lat' dir='ltr'><strong>Deus</strong></span> <span class='ocrx_word' id='word_1_59' title='bbox 1794 959 1962 1002; x_wconf 91' lang='lat' dir='ltr'><strong>carne</strong></span> <span class='ocrx_word' id='word_1_60' title='bbox 1988 945 2076 1000; x_wconf 92' lang='lat' dir='ltr'><strong>in-</strong></span> 
     </span>
    </p>
   </div>
   <div class='ocr_carea' id='block_1_9' title="bbox 508 1031 2079 1102">
    <p class='ocr_par' dir='ltr' id='par_1_9' title="bbox 508 1031 2079 1102">
     <span class='ocr_line' id='line_1_9' title="bbox 508 1031 2079 1102; baseline 0 -15"><span class='ocrx_word' id='word_1_61' title='bbox 508 1031 1037 1102; x_wconf 85' lang='lat' dir='ltr'><strong>comprehensibilis,</strong></span> <span class='ocrx_word' id='word_1_62' title='bbox 1066 1031 1122 1085; x_wconf 90' lang='lat' dir='ltr'><strong>in</strong></span> <span class='ocrx_word' id='word_1_63' title='bbox 1151 1045 1374 1086; x_wconf 88' lang='lat' dir='ltr'><strong>carnem</strong></span> <span class='ocrx_word' id='word_1_64' title='bbox 1439 1031 1811 1094; x_wconf 85' lang='lat' dir='ltr'><strong>indivisibilis,</strong></span> <span class='ocrx_word' id='word_1_65' title='bbox 1841 1032 1897 1086; x_wconf 91' lang='lat' dir='ltr'><strong>in</strong></span> <span class='ocrx_word' id='word_1_66' title='bbox 1953 1047 2079 1102; x_wconf 86' lang='lat' dir='ltr'><strong>pas-</strong></span> 
     </span>
    </p>
   </div>
   <div class='ocr_carea' id='block_1_10' title="bbox 508 1123 2079 1195">
    <p class='ocr_par' dir='ltr' id='par_1_10' title="bbox 508 1123 2079 1195">
     <span class='ocr_line' id='line_1_10' title="bbox 508 1123 2079 1195; baseline -0.001 -15"><span class='ocrx_word' id='word_1_67' title='bbox 508 1125 756 1181; x_wconf 83' lang='lat' dir='ltr'><strong>sionibus</strong></span> <span class='ocrx_word' id='word_1_68' title='bbox 781 1123 966 1179; x_wconf 89' lang='lat' dir='ltr'><strong>carnis</strong></span> <span class='ocrx_word' id='word_1_69' title='bbox 1007 1123 1384 1192; x_wconf 86' lang='lat' dir='ltr'><strong>impassibilis,</strong></span> <span class='ocrx_word' id='word_1_70' title='bbox 1414 1124 1508 1195; x_wconf 89' lang='lat' dir='ltr'><strong>qui</strong></span> <span class='ocrx_word' id='word_1_71' title='bbox 1565 1131 1799 1179; x_wconf 91' lang='lat' dir='ltr'><strong>mortem</strong></span> <span class='ocrx_word' id='word_1_72' title='bbox 1850 1123 1979 1178; x_wconf 78' lang='lat' dir='ltr'><strong>vicit</strong></span> <span class='ocrx_word' id='word_1_73' title='bbox 2023 1132 2079 1178; x_wconf 90' lang='lat' dir='ltr'><strong>et</strong></span> 
     </span>
    </p>
   </div>
   <div class='ocr_carea' id='block_1_11' title="bbox 509 1214 2075 1286">
    <p class='ocr_par' dir='ltr' id='par_1_11' title="bbox 509 1214 2075 1286">
     <span class='ocr_line' id='line_1_11' title="bbox 509 1214 2075 1286; baseline -0.001 -15"><span class='ocrx_word' id='word_1_74' title='bbox 509 1216 667 1272; x_wconf 91' lang='lat' dir='ltr'><strong>tertia</strong></span> <span class='ocrx_word' id='word_1_75' title='bbox 693 1215 782 1270; x_wconf 90' lang='lat' dir='ltr'><strong>die</strong></span> <span class='ocrx_word' id='word_1_76' title='bbox 813 1215 1114 1271; x_wconf 80' lang='lat' dir='ltr'><strong>resurrexit</strong></span> <span class='ocrx_word' id='word_1_77' title='bbox 1148 1233 1162 1270; x_wconf 89' lang='lat'><strong>:</strong></span> <span class='ocrx_word' id='word_1_78' title='bbox 1194 1216 1287 1286; x_wconf 88' lang='lat' dir='ltr'><strong>qui</strong></span> <span class='ocrx_word' id='word_1_79' title='bbox 1337 1214 1584 1271; x_wconf 89' lang='lat' dir='ltr'><strong>ascendit</strong></span> <span class='ocrx_word' id='word_1_80' title='bbox 1645 1215 1700 1270; x_wconf 91' lang='lat' dir='ltr'><strong>in</strong></span> <span class='ocrx_word' id='word_1_81' title='bbox 1753 1215 1953 1270; x_wconf 72' lang='lat' dir='ltr'><strong>coelum</strong></span> <span class='ocrx_word' id='word_1_82' title='bbox 2015 1215 2075 1270; x_wconf 89' lang='lat' dir='ltr'><strong>in</strong></span> 
     </span>
    </p>
   </div>
   <div class='ocr_carea' id='block_1_12' title="bbox 506 1308 2079 1381">
    <p class='ocr_par' dir='ltr' id='par_1_12' title="bbox 506 1308 2079 1381">
     <span class='ocr_line' id='line_1_12' title="bbox 506 1308 2079 1381; baseline 0 -19"><span class='ocrx_word' id='word_1_83' title='bbox 506 1309 680 1381; x_wconf 70' lang='lat' dir='ltr'><strong>gloria</strong></span> <span class='ocrx_word' id='word_1_84' title='bbox 702 1308 808 1364; x_wconf 87' lang='lat' dir='ltr'><strong>sibi</strong></span> <span class='ocrx_word' id='word_1_85' title='bbox 837 1308 1096 1372; x_wconf 87' lang='lat' dir='ltr'><strong>naturali,</strong></span> <span class='ocrx_word' id='word_1_86' title='bbox 1132 1315 1187 1363; x_wconf 90' lang='lat' dir='ltr'><strong>et</strong></span> <span class='ocrx_word' id='word_1_87' title='bbox 1241 1322 1351 1362; x_wconf 92' lang='lat' dir='ltr'><strong>non</strong></span> <span class='ocrx_word' id='word_1_88' title='bbox 1379 1323 1474 1378; x_wconf 91' lang='lat' dir='ltr'><strong>per</strong></span> <span class='ocrx_word' id='word_1_89' title='bbox 1520 1308 1750 1379; x_wconf 74' lang='lat' dir='ltr'><strong>gratiam</strong></span> <span class='ocrx_word' id='word_1_90' title='bbox 1786 1328 1799 1362; x_wconf 90' lang='lat'>:</span> <span class='ocrx_word' id='word_1_91' title='bbox 1827 1308 1919 1380; x_wconf 87' lang='lat' dir='ltr'><strong>qui</strong></span> <span class='ocrx_word' id='word_1_92' title='bbox 1953 1324 2079 1380; x_wconf 89' lang='lat' dir='ltr'><strong>pro-</strong></span> 
     </span>
    </p>
   </div>
   <div class='ocr_carea' id='block_1_13' title="bbox 507 1399 2080 1472">
    <p class='ocr_par' dir='ltr' id='par_1_13' title="bbox 507 1399 2080 1472">
     <span class='ocr_line' id='line_1_13' title="bbox 507 1399 2080 1472; baseline -0.001 -17"><span class='ocrx_word' id='word_1_93' title='bbox 507 1400 683 1472; x_wconf 85' lang='lat' dir='ltr'><strong>palam</strong></span> <span class='ocrx_word' id='word_1_94' title='bbox 711 1402 766 1456; x_wconf 92' lang='lat' dir='ltr'><strong>in</strong></span> <span class='ocrx_word' id='word_1_95' title='bbox 790 1415 889 1456; x_wconf 87' lang='lat' dir='ltr'><strong>sua</strong></span> <span class='ocrx_word' id='word_1_96' title='bbox 927 1399 1130 1456; x_wconf 86' lang='lat' dir='ltr'><strong>deitate</strong></span> <span class='ocrx_word' id='word_1_97' title='bbox 1181 1408 1449 1455; x_wconf 79' lang='lat' dir='ltr'><strong>venturus</strong></span> <span class='ocrx_word' id='word_1_98' title='bbox 1472 1411 1577 1467; x_wconf 77' lang='lat' dir='ltr'><strong>est,</strong></span> <span class='ocrx_word' id='word_1_99' title='bbox 1611 1415 1842 1470; x_wconf 91' lang='lat' dir='ltr'><strong>corpore</strong></span> <span class='ocrx_word' id='word_1_100' title='bbox 1888 1409 2080 1456; x_wconf 89' lang='lat' dir='ltr'><strong>sancto</strong></span> 
     </span>
    </p>
   </div>
   <div class='ocr_carea' id='block_1_14' title="bbox 507 1478 2081 1561">
    <p class='ocr_par' dir='ltr' id='par_1_14' title="bbox 507 1478 2081 1561">
     <span class='ocr_line' id='line_1_14' title="bbox 507 1478 2081 1561; baseline 0.001 -16"><span class='ocrx_word' id='word_1_101' title='bbox 507 1478 631 1554; x_wconf 81' lang='lat' dir='ltr'><strong>suo,</strong></span> <span class='ocrx_word' id='word_1_102' title='bbox 656 1491 801 1561; x_wconf 91' lang='lat' dir='ltr'><strong>quod</strong></span> <span class='ocrx_word' id='word_1_103' title='bbox 824 1507 891 1547; x_wconf 80' lang='lat' dir='ltr'><strong>ex</strong></span> <span class='ocrx_word' id='word_1_104' title='bbox 924 1489 1094 1544; x_wconf 78' lang='lat' dir='ltr'><strong>Maria</strong></span> <span class='ocrx_word' id='word_1_105' title='bbox 1122 1491 1376 1560; x_wconf 85' lang='lat' dir='ltr'><strong>sumpsit,</strong></span> <span class='ocrx_word' id='word_1_106' title='bbox 1407 1489 1670 1561; x_wconf 81' lang='lat' dir='ltr'><strong>eﬂ&#39;ulgens</strong></span> <span class='ocrx_word' id='word_1_107' title='bbox 1719 1491 1889 1561; x_wconf 84' lang='lat' dir='ltr'><strong>gloria</strong></span> <span class='ocrx_word' id='word_1_108' title='bbox 1941 1491 2081 1546; x_wconf 79' lang='lat' dir='ltr'><strong>inel-</strong></span> 
     </span>
    </p>
   </div>
   <div class='ocr_carea' id='block_1_15' title="bbox 2179 575 3755 652">
    <p class='ocr_par' dir='ltr' id='par_1_15' title="bbox 2179 575 3755 652">
     <span class='ocr_line' id='line_1_15' title="bbox 2179 575 3755 652; baseline 0.003 -19"><span class='ocrx_word' id='word_1_109' title='bbox 2179 579 2255 652; x_wconf 83' lang='grc' dir='ltr'>τῷ</span> <span class='ocrx_word' id='word_1_110' title='bbox 2279 580 2393 650; x_wconf 77' lang='grc' dir='ltr'>ἰδίῳ</span> <span class='ocrx_word' id='word_1_111' title='bbox 2420 579 2702 649; x_wconf 81' lang='grc' dir='ltr'><strong>ποιήματι,</strong></span> <span class='ocrx_word' id='word_1_112' title='bbox 2742 575 2831 630; x_wconf 83' lang='grc' dir='ltr'><strong>διὰ</strong></span> <span class='ocrx_word' id='word_1_113' title='bbox 2853 576 2916 629; x_wconf 84' lang='grc' dir='ltr'>τὸ</span> <span class='ocrx_word' id='word_1_114' title='bbox 2939 578 3317 649; x_wconf 72' lang='grc' dir='ltr'>πσαρκῶσθαι</span> <span class='ocrx_word' id='word_1_115' title='bbox 3345 583 3404 646; x_wconf 75' lang='grc' dir='ltr'><strong>ἐξ</strong></span> <span class='ocrx_word' id='word_1_116' title='bbox 3441 584 3602 651; x_wconf 77' lang='grc' dir='ltr'>ἁγίας</span> <span class='ocrx_word' id='word_1_117' title='bbox 3633 585 3755 638; x_wconf 76' lang='grc' dir='ltr'>Θειο·</span> 
     </span>
    </p>
   </div>
   <div class='ocr_carea' id='block_1_16' title="bbox 2177 669 3750 746">
    <p class='ocr_par' dir='ltr' id='par_1_16' title="bbox 2177 669 3750 746">
     <span class='ocr_line' id='line_1_16' title="bbox 2177 669 3750 746; baseline 0.001 -20"><span class='ocrx_word' id='word_1_118' title='bbox 2177 673 2338 726; x_wconf 89' lang='grc' dir='ltr'>τόκου</span> <span class='ocrx_word' id='word_1_119' title='bbox 2369 672 2586 742; x_wconf 88' lang='grc' dir='ltr'>Μαρίας</span> <span class='ocrx_word' id='word_1_120' title='bbox 2617 669 2911 741; x_wconf 81' lang='grc' dir='ltr'><strong>Παρθένου,</strong></span> <span class='ocrx_word' id='word_1_121' title='bbox 2939 671 3031 722; x_wconf 83' lang='grc' dir='ltr'>καὶ</span> <span class='ocrx_word' id='word_1_122' title='bbox 3075 670 3356 742; x_wconf 78' lang='grc' dir='ltr'>ἅνθρωπος</span> <span class='ocrx_word' id='word_1_123' title='bbox 3405 675 3750 746; x_wconf 81' lang='grc' dir='ltr'>γεγενῆσθαι,</span> 
     </span>
    </p>
   </div>
   <div class='ocr_carea' id='block_1_17' title="bbox 2182 759 3752 837">
    <p class='ocr_par' dir='ltr' id='par_1_17' title="bbox 2182 759 3752 837">
     <span class='ocr_line' id='line_1_17' title="bbox 2182 759 3752 837; baseline 0.002 -20"><span class='ocrx_word' id='word_1_124' title='bbox 2182 764 2357 835; x_wconf 84' lang='grc' dir='ltr'>μένων</span> <span class='ocrx_word' id='word_1_125' title='bbox 2386 763 2538 826; x_wconf 84' lang='grc' dir='ltr'>Θεὸς,</span> <span class='ocrx_word' id='word_1_126' title='bbox 2565 762 2650 814; x_wconf 80' lang='grc' dir='ltr'>ἵνα</span> <span class='ocrx_word' id='word_1_127' title='bbox 2670 762 2794 824; x_wconf 74' lang='grc' dir='ltr'>τοὺς</span> <span class='ocrx_word' id='word_1_128' title='bbox 2817 759 3136 832; x_wconf 80' lang='grc' dir='ltr'><strong>ἀνθρώπους</strong></span> <span class='ocrx_word' id='word_1_129' title='bbox 3178 763 3331 828; x_wconf 83' lang='grc' dir='ltr'>θεοὺς</span> <span class='ocrx_word' id='word_1_130' title='bbox 3367 765 3620 837; x_wconf 79' lang='grc' dir='ltr'><strong>ἀποδείξῃ</strong></span> <span class='ocrx_word' id='word_1_131' title='bbox 3660 767 3752 837; x_wconf 81' lang='grc' dir='ltr'><strong>μέ-</strong></span> 
     </span>
    </p>
   </div>
   <div class='ocr_carea' id='block_1_18' title="bbox 2178 851 3754 928">
    <p class='ocr_par' dir='ltr' id='par_1_18' title="bbox 2178 851 3754 928">
     <span class='ocr_line' id='line_1_18' title="bbox 2178 851 3754 928; baseline 0.001 -20"><span class='ocrx_word' id='word_1_132' title='bbox 2178 871 2367 918; x_wconf 83' lang='grc' dir='ltr'>νοντας</span> <span class='ocrx_word' id='word_1_133' title='bbox 2395 851 2732 923; x_wconf 80' lang='grc' dir='ltr'><strong>ἀνθρώπους.</strong></span> <span class='ocrx_word' id='word_1_134' title='bbox 2762 852 3057 923; x_wconf 84' lang='grc' dir='ltr'>Πρόσωπον</span> <span class='ocrx_word' id='word_1_135' title='bbox 3083 853 3140 905; x_wconf 81' lang='grc' dir='ltr'>ἓν</span> <span class='ocrx_word' id='word_1_136' title='bbox 3161 855 3252 906; x_wconf 77' lang='grc' dir='ltr'>καὶ</span> <span class='ocrx_word' id='word_1_137' title='bbox 3281 855 3386 926; x_wconf 84' lang='grc' dir='ltr'>πρὸ</span> <span class='ocrx_word' id='word_1_138' title='bbox 3415 856 3516 927; x_wconf 84' lang='grc' dir='ltr'><strong>τῆς</strong></span> <span class='ocrx_word' id='word_1_139' title='bbox 3538 863 3754 928; x_wconf 65' lang='grc' dir='ltr'>σαρκῶν</span> 
     </span>
    </p>
   </div>
   <div class='ocr_carea' id='block_1_19' title="bbox 2181 939 3752 1016">
    <p class='ocr_par' dir='ltr' id='par_1_19' title="bbox 2181 939 3752 1016">
     <span class='ocr_line' id='line_1_19' title="bbox 2181 939 3752 1016; baseline 0.002 -21"><span class='ocrx_word' id='word_1_140' title='bbox 2181 959 2336 1006; x_wconf 88' lang='grc' dir='ltr'>σεως,</span> <span class='ocrx_word' id='word_1_141' title='bbox 2399 943 2492 995; x_wconf 77' lang='grc' dir='ltr'>καὶ</span> <span class='ocrx_word' id='word_1_142' title='bbox 2539 940 2676 1012; x_wconf 83' lang='grc' dir='ltr'><strong>μετά</strong></span> <span class='ocrx_word' id='word_1_143' title='bbox 2720 940 2817 1011; x_wconf 82' lang='grc' dir='ltr'>τὴν</span> <span class='ocrx_word' id='word_1_144' title='bbox 2861 939 3135 1012; x_wconf 83' lang='grc' dir='ltr'>σάρκωσιν</span> <span class='ocrx_word' id='word_1_145' title='bbox 3180 943 3546 1015; x_wconf 76' lang='grc' dir='ltr'><strong>ἀπερίληπτος</strong></span> <span class='ocrx_word' id='word_1_146' title='bbox 3589 947 3752 1016; x_wconf 82' lang='grc' dir='ltr'>σαρκὶ</span> 
     </span>
    </p>
   </div>
   <div class='ocr_carea' id='block_1_20' title="bbox 2178 1030 3751 1106">
    <p class='ocr_par' dir='ltr' id='par_1_20' title="bbox 2178 1030 3751 1106">
     <span class='ocr_line' id='line_1_20' title="bbox 2178 1030 3751 1106; baseline 0.002 -21"><span class='ocrx_word' id='word_1_147' title='bbox 2178 1032 2330 1096; x_wconf 83' lang='grc' dir='ltr'>Θεὸς,</span> <span class='ocrx_word' id='word_1_148' title='bbox 2368 1032 2661 1102; x_wconf 83' lang='grc' dir='ltr'>ἀμέριστος</span> <span class='ocrx_word' id='word_1_149' title='bbox 2705 1032 2784 1094; x_wconf 87' lang='grc' dir='ltr'><strong>είς</strong></span> <span class='ocrx_word' id='word_1_150' title='bbox 2827 1030 3024 1100; x_wconf 86' lang='grc' dir='ltr'>σάρκα,</span> <span class='ocrx_word' id='word_1_151' title='bbox 3070 1031 3284 1104; x_wconf 80' lang='grc' dir='ltr'>ἀπαθὴς</span> <span class='ocrx_word' id='word_1_152' title='bbox 3328 1036 3385 1086; x_wconf 84' lang='grc' dir='ltr'>ὲν</span> <span class='ocrx_word' id='word_1_153' title='bbox 3423 1038 3534 1098; x_wconf 85' lang='grc' dir='ltr'>τοῖς</span> <span class='ocrx_word' id='word_1_154' title='bbox 3576 1036 3751 1106; x_wconf 81' lang='grc' dir='ltr'>παθή-</span> 
     </span>
    </p>
   </div>
   <div class='ocr_carea' id='block_1_21' title="bbox 2183 1122 3748 1200">
    <p class='ocr_par' dir='ltr' id='par_1_21' title="bbox 2183 1122 3748 1200">
     <span class='ocr_line' id='line_1_21' title="bbox 2183 1122 3748 1200; baseline 0.003 -24"><span class='ocrx_word' id='word_1_155' title='bbox 2183 1141 2313 1194; x_wconf 86' lang='grc' dir='ltr'>μασι</span> <span class='ocrx_word' id='word_1_156' title='bbox 2344 1123 2443 1193; x_wconf 82' lang='grc' dir='ltr'>τῆς</span> <span class='ocrx_word' id='word_1_157' title='bbox 2475 1123 2695 1192; x_wconf 79' lang='grc' dir='ltr'>σαρκὸς,</span> <span class='ocrx_word' id='word_1_158' title='bbox 2734 1123 2958 1192; x_wconf 81' lang='grc' dir='ltr'>νικήσας</span> <span class='ocrx_word' id='word_1_159' title='bbox 2985 1122 3231 1188; x_wconf 89' lang='grc' dir='ltr'>θάνατον,</span> <span class='ocrx_word' id='word_1_160' title='bbox 3269 1126 3362 1178; x_wconf 70' lang='grc' dir='ltr'>καὶ</span> <span class='ocrx_word' id='word_1_161' title='bbox 3409 1127 3644 1191; x_wconf 81' lang='grc' dir='ltr'>ἀναστὰς</span> <span class='ocrx_word' id='word_1_162' title='bbox 3683 1131 3748 1200; x_wconf 80' lang='grc' dir='ltr'>τῇ</span> 
     </span>
    </p>
   </div>
   <div class='ocr_carea' id='block_1_22' title="bbox 2179 1213 3749 1291">
    <p class='ocr_par' dir='ltr' id='par_1_22' title="bbox 2179 1213 3749 1291">
     <span class='ocr_line' id='line_1_22' title="bbox 2179 1213 3749 1291; baseline 0.008 -30"><span class='ocrx_word' id='word_1_163' title='bbox 2179 1217 2362 1287; x_wconf 69' lang='grc' dir='ltr'>ἡμέρᾳ</span> <span class='ocrx_word' id='word_1_164' title='bbox 2399 1217 2463 1285; x_wconf 82' lang='grc' dir='ltr'>τῇ</span> <span class='ocrx_word' id='word_1_165' title='bbox 2495 1215 2680 1286; x_wconf 81' lang='grc' dir='ltr'><strong>τρίτῃ·</strong></span> <span class='ocrx_word' id='word_1_166' title='bbox 2729 1213 2966 1268; x_wconf 83' lang='grc' dir='ltr'>ἀνελθὼν</span> <span class='ocrx_word' id='word_1_167' title='bbox 3014 1217 3092 1278; x_wconf 88' lang='grc' dir='ltr'><strong>είς</strong></span> <span class='ocrx_word' id='word_1_168' title='bbox 3131 1215 3223 1268; x_wconf 81' lang='grc' dir='ltr'>τὸν</span> <span class='ocrx_word' id='word_1_169' title='bbox 3266 1217 3489 1288; x_wconf 77' lang='grc' dir='ltr'>οὐρανὸν</span> <span class='ocrx_word' id='word_1_170' title='bbox 3528 1219 3586 1270; x_wconf 83' lang='grc' dir='ltr'>ὲν</span> <span class='ocrx_word' id='word_1_171' title='bbox 3625 1219 3749 1291; x_wconf 79' lang='grc' dir='ltr'><strong>δόξῃ</strong></span> 
     </span>
    </p>
   </div>
   <div class='ocr_carea' id='block_1_23' title="bbox 2181 1305 3750 1382">
    <p class='ocr_par' dir='ltr' id='par_1_23' title="bbox 2181 1305 3750 1382">
     <span class='ocr_line' id='line_1_23' title="bbox 2181 1305 3750 1382; baseline 0.004 -24"><span class='ocrx_word' id='word_1_172' title='bbox 2181 1309 2407 1377; x_wconf 80' lang='grc' dir='ltr'>φυσικῇ,</span> <span class='ocrx_word' id='word_1_173' title='bbox 2435 1307 2528 1359; x_wconf 80' lang='grc' dir='ltr'>καὶ</span> <span class='ocrx_word' id='word_1_174' title='bbox 2553 1305 2653 1358; x_wconf 77' lang='grc' dir='ltr'>οὐκ</span> <span class='ocrx_word' id='word_1_175' title='bbox 2682 1306 2738 1356; x_wconf 80' lang='grc' dir='ltr'>ἐν</span> <span class='ocrx_word' id='word_1_176' title='bbox 2765 1306 2982 1376; x_wconf 84' lang='grc' dir='ltr'>χάριτι·</span> <span class='ocrx_word' id='word_1_177' title='bbox 3026 1307 3316 1378; x_wconf 73' lang='grc' dir='ltr'>ἐρχόμενος</span> <span class='ocrx_word' id='word_1_178' title='bbox 3357 1311 3410 1364; x_wconf 69' lang='grc' dir='ltr'><strong>ιν</strong></span> <span class='ocrx_word' id='word_1_179' title='bbox 3452 1313 3518 1382; x_wconf 84' lang='grc' dir='ltr'><strong>τῇ</strong></span> <span class='ocrx_word' id='word_1_180' title='bbox 3556 1312 3750 1364; x_wconf 80' lang='grc' dir='ltr'>ἑαυτοῦ</span> 
     </span>
    </p>
   </div>
   <div class='ocr_carea' id='block_1_24' title="bbox 2181 1399 3753 1475">
    <p class='ocr_par' dir='ltr' id='par_1_24' title="bbox 2181 1399 3753 1475">
     <span class='ocr_line' id='line_1_24' title="bbox 2181 1399 3753 1475; baseline 0.004 -23"><span class='ocrx_word' id='word_1_181' title='bbox 2181 1399 2392 1470; x_wconf 76' lang='grc' dir='ltr'>θεότητι</span> <span class='ocrx_word' id='word_1_182' title='bbox 2427 1401 2700 1471; x_wconf 73' lang='grc' dir='ltr'>ἐμφανῶς,</span> <span class='ocrx_word' id='word_1_183' title='bbox 2741 1402 3040 1473; x_wconf 82' lang='grc' dir='ltr'>ὲκλάμπων</span> <span class='ocrx_word' id='word_1_184' title='bbox 3077 1403 3140 1455; x_wconf 80' lang='grc' dir='ltr'>ὲκ</span> <span class='ocrx_word' id='word_1_185' title='bbox 3163 1401 3257 1455; x_wconf 80' lang='grc' dir='ltr'>τοῦ</span> <span class='ocrx_word' id='word_1_186' title='bbox 3293 1404 3348 1456; x_wconf 69' lang='grc' dir='ltr'><strong>ἐ)</strong></span> <span class='ocrx_word' id='word_1_187' title='bbox 3399 1404 3615 1475; x_wconf 86' lang='grc' dir='ltr'>Μαρίας</span> <span class='ocrx_word' id='word_1_188' title='bbox 3650 1405 3753 1458; x_wconf 69' lang='grc' dir='ltr'><strong>σῶα</strong></span> 
     </span>
    </p>
   </div>
   <div class='ocr_carea' id='block_1_25' title="bbox 2183 1493 3754 1565">
    <p class='ocr_par' dir='ltr' id='par_1_25' title="bbox 2183 1493 3754 1565">
     <span class='ocr_line' id='line_1_25' title="bbox 2183 1493 3754 1565; baseline 0.003 -20"><span class='ocrx_word' id='word_1_189' title='bbox 2183 1510 2352 1564; x_wconf 84' lang='grc' dir='ltr'>ματος</span> <span class='ocrx_word' id='word_1_190' title='bbox 2374 1493 2538 1547; x_wconf 77' lang='grc' dir='ltr'>αὑτοῦ</span> <span class='ocrx_word' id='word_1_191' title='bbox 2571 1493 2663 1547; x_wconf 83' lang='grc' dir='ltr'>τοῦ</span> <span class='ocrx_word' id='word_1_192' title='bbox 2698 1493 2852 1562; x_wconf 82' lang='grc' dir='ltr'>ἁγίου</span> <span class='ocrx_word' id='word_1_193' title='bbox 2889 1493 2988 1564; x_wconf 80' lang='grc' dir='ltr'>τὴν</span> <span class='ocrx_word' id='word_1_194' title='bbox 3011 1493 3167 1557; x_wconf 81' lang='grc' dir='ltr'>δόξαν</span> <span class='ocrx_word' id='word_1_195' title='bbox 3193 1493 3290 1563; x_wconf 81' lang='grc' dir='ltr'>τὴν</span> <span class='ocrx_word' id='word_1_196' title='bbox 3313 1494 3641 1565; x_wconf 71' lang='grc' dir='ltr'>ἀπόρρητον,</span> <span class='ocrx_word' id='word_1_197' title='bbox 3677 1496 3754 1559; x_wconf 85' lang='grc' dir='ltr'><strong>ὡς</strong></span> 
     </span>
    </p>
   </div>
   <div class='ocr_carea' id='block_1_26' title="bbox 508 1578 2077 1656">
    <p class='ocr_par' dir='ltr' id='par_1_26' title="bbox 508 1578 2077 1651">
     <span class='ocr_line' id='line_1_26' title="bbox 508 1578 2077 1651; baseline 0 -15"><span class='ocrx_word' id='word_1_198' title='bbox 508 1578 687 1645; x_wconf 76' lang='lat' dir='ltr'><strong>fabili,</strong></span> <span class='ocrx_word' id='word_1_199' title='bbox 712 1581 1173 1651; x_wconf 89' lang='lat' dir='ltr'><strong>quemadmodum</strong></span> <span class='ocrx_word' id='word_1_200' title='bbox 1202 1596 1323 1636; x_wconf 88' lang='lat' dir='ltr'><strong>sese</strong></span> <span class='ocrx_word' id='word_1_201' title='bbox 1353 1581 1409 1634; x_wconf 89' lang='lat' dir='ltr'><strong>in</strong></span> <span class='ocrx_word' id='word_1_202' title='bbox 1455 1590 1638 1634; x_wconf 89' lang='lat' dir='ltr'><strong>monte</strong></span> <span class='ocrx_word' id='word_1_203' title='bbox 1669 1595 1733 1636; x_wconf 84' lang='lat' dir='ltr'><strong>ex</strong></span> <span class='ocrx_word' id='word_1_204' title='bbox 1768 1589 1922 1651; x_wconf 87' lang='lat' dir='ltr'><strong>parte</strong></span> <span class='ocrx_word' id='word_1_205' title='bbox 1952 1589 2077 1636; x_wconf 89' lang='lat' dir='ltr'><strong>tan-</strong></span> 
     </span>
    </p>
   </div>
   <div class='ocr_carea' id='block_1_27' title="bbox 2180 1578 3753 1656">
    <p class='ocr_par' dir='ltr' id='par_1_27' title="bbox 2182 1583 3753 1656">
     <span class='ocr_line' id='line_1_27' title="bbox 2182 1583 3753 1656; baseline 0.001 -18"><span class='ocrx_word' id='word_1_206' title='bbox 2182 1584 2274 1638; x_wconf 84' lang='grc' dir='ltr'>καὶ</span> <span class='ocrx_word' id='word_1_207' title='bbox 2321 1585 2413 1638; x_wconf 71' lang='grc' dir='ltr'><strong>ἐπὶ</strong></span> <span class='ocrx_word' id='word_1_208' title='bbox 2457 1583 2550 1638; x_wconf 79' lang='grc' dir='ltr'><strong>τοῦ</strong></span> <span class='ocrx_word' id='word_1_209' title='bbox 2598 1585 2759 1656; x_wconf 78' lang='grc' dir='ltr'>ὅρους</span> <span class='ocrx_word' id='word_1_210' title='bbox 2803 1583 3001 1649; x_wconf 78' lang='grc' dir='ltr'>ἔδειξεν</span> <span class='ocrx_word' id='word_1_211' title='bbox 3050 1584 3157 1637; x_wconf 82' lang='grc' dir='ltr'>ἀπὸ</span> <span class='ocrx_word' id='word_1_212' title='bbox 3205 1585 3439 1655; x_wconf 81' lang='grc' dir='ltr'>μέρους,</span> <span class='ocrx_word' id='word_1_213' title='bbox 3487 1585 3753 1639; x_wconf 85' lang='grc' dir='ltr'>διδάσκων</span> 
     </span>
    </p>
   </div>
   <div class='ocr_carea' id='block_1_28' title="bbox 508 1669 2077 1745">
    <p class='ocr_par' dir='ltr' id='par_1_28' title="bbox 508 1669 2077 1734">
     <span class='ocr_line' id='line_1_28' title="bbox 508 1669 2077 1734; baseline 0.001 -10"><span class='ocrx_word' id='word_1_214' title='bbox 508 1677 627 1725; x_wconf 91' lang='lat' dir='ltr'><strong>tum</strong></span> <span class='ocrx_word' id='word_1_215' title='bbox 657 1669 916 1734; x_wconf 87' lang='lat' dir='ltr'><strong>ostendit,</strong></span> <span class='ocrx_word' id='word_1_216' title='bbox 950 1678 1009 1724; x_wconf 93' lang='lat' dir='ltr'><strong>ut</strong></span> <span class='ocrx_word' id='word_1_217' title='bbox 1036 1669 1258 1725; x_wconf 86' lang='lat' dir='ltr'><strong>doceret</strong></span> <span class='ocrx_word' id='word_1_218' title='bbox 1289 1685 1348 1726; x_wconf 89' lang='lat' dir='ltr'><strong>se</strong></span> <span class='ocrx_word' id='word_1_219' title='bbox 1375 1679 1430 1725; x_wconf 89' lang='lat' dir='ltr'><strong>et</strong></span> <span class='ocrx_word' id='word_1_220' title='bbox 1462 1677 1622 1725; x_wconf 91' lang='lat' dir='ltr'><strong>antea</strong></span> <span class='ocrx_word' id='word_1_221' title='bbox 1655 1680 1708 1726; x_wconf 90' lang='lat' dir='ltr'><strong>et</strong></span> <span class='ocrx_word' id='word_1_222' title='bbox 1732 1686 1880 1725; x_wconf 90' lang='lat' dir='ltr'><strong>nunc</strong></span> <span class='ocrx_word' id='word_1_223' title='bbox 1924 1687 2077 1726; x_wconf 88' lang='lat' dir='ltr'><strong>eum-</strong></span> 
     </span>
    </p>
   </div>
   <div class='ocr_carea' id='block_1_29' title="bbox 2180 1669 3753 1745">
    <p class='ocr_par' dir='ltr' id='par_1_29' title="bbox 2181 1673 3753 1745">
     <span class='ocr_line' id='line_1_29' title="bbox 2181 1673 3753 1745; baseline -0.001 -18"><span class='ocrx_word' id='word_1_224' title='bbox 2181 1675 2346 1744; x_wconf 79' lang='grc' dir='ltr'>ὴμᾶς,</span> <span class='ocrx_word' id='word_1_225' title='bbox 2371 1675 2452 1727; x_wconf 85' lang='grc' dir='ltr'>ὅτι</span> <span class='ocrx_word' id='word_1_226' title='bbox 2485 1675 2580 1728; x_wconf 75' lang='grc' dir='ltr'>καὶ</span> <span class='ocrx_word' id='word_1_227' title='bbox 2603 1674 2864 1745; x_wconf 85' lang='grc' dir='ltr'>πρότερον</span> <span class='ocrx_word' id='word_1_228' title='bbox 2900 1675 2992 1727; x_wconf 78' lang='grc' dir='ltr'>καὶ</span> <span class='ocrx_word' id='word_1_229' title='bbox 3019 1673 3112 1726; x_wconf 78' lang='grc' dir='ltr'>νῦν</span> <span class='ocrx_word' id='word_1_230' title='bbox 3135 1675 3162 1726; x_wconf 85' lang='grc' dir='ltr'>ὁ</span> <span class='ocrx_word' id='word_1_231' title='bbox 3193 1674 3354 1736; x_wconf 81' lang='grc' dir='ltr'>αὑτός</span> <span class='ocrx_word' id='word_1_232' title='bbox 3379 1676 3514 1736; x_wconf 80' lang='grc' dir='ltr'>ἐστι,</span> <span class='ocrx_word' id='word_1_233' title='bbox 3542 1675 3636 1726; x_wconf 76' lang='grc' dir='ltr'>καὶ</span> <span class='ocrx_word' id='word_1_234' title='bbox 3656 1675 3753 1744; x_wconf 77' lang='grc' dir='ltr'><strong>οὐχ</strong></span> 
     </span>
    </p>
   </div>
   <div class='ocr_carea' id='block_1_30' title="bbox 511 1760 2077 1837">
    <p class='ocr_par' dir='ltr' id='par_1_30' title="bbox 511 1760 2077 1832">
     <span class='ocr_line' id='line_1_30' title="bbox 511 1760 2077 1832; baseline -0.003 -13"><span class='ocrx_word' id='word_1_235' title='bbox 511 1760 634 1818; x_wconf 89' lang='lat' dir='ltr'><strong>dem</strong></span> <span class='ocrx_word' id='word_1_236' title='bbox 673 1762 854 1832; x_wconf 89' lang='lat' dir='ltr'><strong>ipsum</strong></span> <span class='ocrx_word' id='word_1_237' title='bbox 889 1777 1030 1828; x_wconf 89' lang='lat' dir='ltr'><strong>esse,</strong></span> <span class='ocrx_word' id='word_1_238' title='bbox 1083 1777 1183 1818; x_wconf 89' lang='lat' dir='ltr'><strong>nec</strong></span> <span class='ocrx_word' id='word_1_239' title='bbox 1241 1761 1297 1815; x_wconf 92' lang='lat' dir='ltr'><strong>in</strong></span> <span class='ocrx_word' id='word_1_240' title='bbox 1341 1764 1591 1832; x_wconf 88' lang='lat' dir='ltr'><strong>sequenti</strong></span> <span class='ocrx_word' id='word_1_241' title='bbox 1621 1770 1864 1832; x_wconf 88' lang='lat' dir='ltr'><strong>tempore</strong></span> <span class='ocrx_word' id='word_1_242' title='bbox 1907 1762 2077 1818; x_wconf 90' lang='lat' dir='ltr'><strong>Deum</strong></span> 
     </span>
    </p>
   </div>
   <div class='ocr_carea' id='block_1_31' title="bbox 2180 1760 3750 1837">
    <p class='ocr_par' dir='ltr' id='par_1_31' title="bbox 2183 1764 3750 1837">
     <span class='ocr_line' id='line_1_31' title="bbox 2183 1764 3750 1837; baseline -0.003 -17"><span class='ocrx_word' id='word_1_243' title='bbox 2183 1767 2406 1837; x_wconf 75' lang='grc' dir='ltr'>ὕστερον</span> <span class='ocrx_word' id='word_1_244' title='bbox 2437 1765 2766 1830; x_wconf 87' lang='grc' dir='ltr'>ἀποθεωθείς</span> <span class='ocrx_word' id='word_1_245' title='bbox 2792 1784 2804 1797; x_wconf 89' lang='grc'><strong>·</strong></span> <span class='ocrx_word' id='word_1_246' title='bbox 2839 1767 2912 1828; x_wconf 78' lang='grc' dir='ltr'>ὡς</span> <span class='ocrx_word' id='word_1_247' title='bbox 2938 1769 2969 1837; x_wconf 81' lang='grc' dir='ltr'>ἡ</span> <span class='ocrx_word' id='word_1_248' title='bbox 3001 1765 3095 1818; x_wconf 83' lang='grc' dir='ltr'>νῦν</span> <span class='ocrx_word' id='word_1_249' title='bbox 3123 1765 3441 1836; x_wconf 69' lang='grc' dir='ltr'>βλασφημία</span> <span class='ocrx_word' id='word_1_250' title='bbox 3476 1764 3750 1834; x_wconf 74' lang='grc' dir='ltr'>βιάζεταιο</span> 
     </span>
    </p>
   </div>
   <div class='ocr_carea' id='block_1_32' title="bbox 512 1851 2077 1928">
    <p class='ocr_par' dir='ltr' id='par_1_32' title="bbox 512 1851 2077 1925">
     <span class='ocr_line' id='line_1_32' title="bbox 512 1851 2077 1925; baseline 0.001 -17"><span class='ocrx_word' id='word_1_251' title='bbox 512 1851 719 1908; x_wconf 76' lang='lat' dir='ltr'><strong>factum</strong></span> <span class='ocrx_word' id='word_1_252' title='bbox 761 1853 935 1908; x_wconf 81' lang='lat' dir='ltr'><strong>fuisse</strong></span> <span class='ocrx_word' id='word_1_253' title='bbox 984 1853 1069 1925; x_wconf 90' lang='lat' dir='ltr'><strong>(ut</strong></span> <span class='ocrx_word' id='word_1_254' title='bbox 1117 1854 1227 1923; x_wconf 84' lang='lat' dir='ltr'><strong>jam</strong></span> <span class='ocrx_word' id='word_1_255' title='bbox 1259 1855 1542 1909; x_wconf 88' lang='lat' dir='ltr'><strong>contendit</strong></span> <span class='ocrx_word' id='word_1_256' title='bbox 1592 1853 1990 1924; x_wconf 89' lang='lat' dir='ltr'><strong>blasphemia):</strong></span> <span class='ocrx_word' id='word_1_257' title='bbox 2024 1869 2077 1909; x_wconf 84' lang='lat' dir='ltr'><strong>se</strong></span> 
     </span>
    </p>
   </div>
   <div class='ocr_carea' id='block_1_33' title="bbox 2180 1851 3755 1928">
    <p class='ocr_par' dir='ltr' id='par_1_33' title="bbox 2184 1853 3755 1928">
     <span class='ocr_line' id='line_1_33' title="bbox 2184 1853 3755 1928; baseline 0.001 -19"><span class='ocrx_word' id='word_1_258' title='bbox 2184 1856 2304 1909; x_wconf 73' lang='grc' dir='ltr'>οὐδὲ</span> <span class='ocrx_word' id='word_1_259' title='bbox 2327 1857 2673 1926; x_wconf 83' lang='grc' dir='ltr'>παυσάμενος</span> <span class='ocrx_word' id='word_1_260' title='bbox 2704 1857 2796 1911; x_wconf 76' lang='grc' dir='ltr'>τοῦ</span> <span class='ocrx_word' id='word_1_261' title='bbox 2826 1853 2964 1910; x_wconf 82' lang='grc' dir='ltr'>εἶναι</span> <span class='ocrx_word' id='word_1_262' title='bbox 2996 1857 3121 1919; x_wconf 82' lang='grc' dir='ltr'>Υἱὸς</span> <span class='ocrx_word' id='word_1_263' title='bbox 3145 1856 3450 1928; x_wconf 87' lang='grc' dir='ltr'>ἀνθρώπου,</span> <span class='ocrx_word' id='word_1_264' title='bbox 3476 1856 3598 1909; x_wconf 74' lang='grc' dir='ltr'>οὐδὲ</span> <span class='ocrx_word' id='word_1_265' title='bbox 3629 1857 3755 1910; x_wconf 85' lang='grc' dir='ltr'>ἁπο-</span> 
     </span>
    </p>
   </div>
   <div class='ocr_carea' id='block_1_34' title="bbox 511 1941 2077 2018">
    <p class='ocr_par' dir='ltr' id='par_1_34' title="bbox 511 1945 2077 2016">
     <span class='ocr_line' id='line_1_34' title="bbox 511 1945 2077 2016; baseline -0.002 -14"><span class='ocrx_word' id='word_1_266' title='bbox 511 1947 640 2002; x_wconf 87' lang='lat' dir='ltr'><strong>item</strong></span> <span class='ocrx_word' id='word_1_267' title='bbox 669 1960 847 2016; x_wconf 89' lang='lat' dir='ltr'><strong>neque</strong></span> <span class='ocrx_word' id='word_1_268' title='bbox 891 1945 1165 2001; x_wconf 88' lang='lat' dir='ltr'><strong>hominem</strong></span> <span class='ocrx_word' id='word_1_269' title='bbox 1191 1961 1314 2001; x_wconf 87' lang='lat' dir='ltr'><strong>esse</strong></span> <span class='ocrx_word' id='word_1_270' title='bbox 1373 1945 1623 2010; x_wconf 88' lang='lat' dir='ltr'><strong>desiisse,</strong></span> <span class='ocrx_word' id='word_1_271' title='bbox 1659 1961 1834 2015; x_wconf 90' lang='lat' dir='ltr'><strong>neque</strong></span> <span class='ocrx_word' id='word_1_272' title='bbox 1860 1960 2077 2001; x_wconf 91' lang='lat' dir='ltr'><strong>carnem</strong></span> 
     </span>
    </p>
   </div>
   <div class='ocr_carea' id='block_1_35' title="bbox 2180 1941 3755 2018">
    <p class='ocr_par' dir='ltr' id='par_1_35' title="bbox 2187 1941 3755 2018">
     <span class='ocr_line' id='line_1_35' title="bbox 2187 1941 3755 2018; baseline 0 -20"><span class='ocrx_word' id='word_1_273' title='bbox 2187 1945 2410 2016; x_wconf 82' lang='grc' dir='ltr'>θέμενος</span> <span class='ocrx_word' id='word_1_274' title='bbox 2446 1946 2544 2015; x_wconf 84' lang='grc' dir='ltr'>τὴν</span> <span class='ocrx_word' id='word_1_275' title='bbox 2577 1949 2774 2018; x_wconf 83' lang='grc' dir='ltr'>σάρκα.</span> <span class='ocrx_word' id='word_1_276' title='bbox 2813 1947 2923 2001; x_wconf 73' lang='grc' dir='ltr'><strong>Καὶ</strong></span> <span class='ocrx_word' id='word_1_277' title='bbox 2945 1947 3052 2017; x_wconf 86' lang='grc' dir='ltr'><strong>γὰρ</strong></span> <span class='ocrx_word' id='word_1_278' title='bbox 3083 1948 3170 1999; x_wconf 83' lang='grc' dir='ltr'>ὅτε</span> <span class='ocrx_word' id='word_1_279' title='bbox 3197 1946 3423 2017; x_wconf 76' lang='grc' dir='ltr'>ἄρχεται</span> <span class='ocrx_word' id='word_1_280' title='bbox 3457 1941 3593 1999; x_wconf 74' lang='grc' dir='ltr'>εἶναι</span> <span class='ocrx_word' id='word_1_281' title='bbox 3629 1947 3755 2009; x_wconf 66' lang='lat' dir='ltr'><strong>Tib;</strong></span> 
     </span>
    </p>
   </div>
   <div class='ocr_carea' id='block_1_36' title="bbox 512 2035 2077 2109">
    <p class='ocr_par' dir='ltr' id='par_1_36' title="bbox 512 2035 2077 2109">
     <span class='ocr_line' id='line_1_36' title="bbox 512 2035 2077 2109; baseline -0.001 -15"><span class='ocrx_word' id='word_1_282' title='bbox 512 2035 850 2108; x_wconf 86' lang='lat' dir='ltr'><strong>deposuisse.</strong></span> <span class='ocrx_word' id='word_1_283' title='bbox 874 2037 1084 2094; x_wconf 84' lang='lat' dir='ltr'><strong>Etenim</strong></span> <span class='ocrx_word' id='word_1_284' title='bbox 1112 2053 1234 2093; x_wconf 88' lang='lat' dir='ltr'><strong>cum</strong></span> <span class='ocrx_word' id='word_1_285' title='bbox 1271 2037 1590 2109; x_wconf 74' lang='lat' dir='ltr'><strong>Unigenitus</strong></span> <span class='ocrx_word' id='word_1_286' title='bbox 1619 2039 1709 2093; x_wconf 88' lang='lat' dir='ltr'><strong>ille</strong></span> <span class='ocrx_word' id='word_1_287' title='bbox 1745 2039 1936 2107; x_wconf 88' lang='lat' dir='ltr'><strong>incipit</strong></span> <span class='ocrx_word' id='word_1_288' title='bbox 1960 2053 2077 2093; x_wconf 89' lang='lat' dir='ltr'><strong>esse</strong></span> 
     </span>
    </p>
   </div>
   <div class='ocr_carea' id='block_1_37' title="bbox 2180 2035 3755 2109">
    <p class='ocr_par' dir='ltr' id='par_1_37' title="bbox 2184 2035 3755 2109">
     <span class='ocr_line' id='line_1_37' title="bbox 2184 2035 3755 2109; baseline 0.001 -20"><span class='ocrx_word' id='word_1_289' title='bbox 2184 2035 2470 2107; x_wconf 79' lang='grc' dir='ltr'>ἀνθρώπου</span> <span class='ocrx_word' id='word_1_290' title='bbox 2513 2040 2541 2091; x_wconf 86' lang='grc' dir='ltr'>ὁ</span> <span class='ocrx_word' id='word_1_291' title='bbox 2584 2039 2895 2108; x_wconf 77' lang='grc' dir='ltr'>Μονογενὴς</span> <span class='ocrx_word' id='word_1_292' title='bbox 2942 2039 3052 2109; x_wconf 75' lang='lat'><strong>(&#39;73)</strong></span> <span class='ocrx_word' id='word_1_293' title='bbox 3095 2038 3436 2092; x_wconf 82' lang='grc' dir='ltr'>ἀποστέλλων</span> <span class='ocrx_word' id='word_1_294' title='bbox 3479 2039 3596 2092; x_wconf 80' lang='grc' dir='ltr'>ἐστὶ</span> <span class='ocrx_word' id='word_1_295' title='bbox 3629 2039 3755 2104; x_wconf 81' lang='grc' dir='ltr'>τοὺς</span> 
     </span>
    </p>
   </div>
   <div class='ocr_carea' id='block_1_38' title="bbox 514 2129 2077 2202">
    <p class='ocr_par' dir='ltr' id='par_1_38' title="bbox 514 2129 2077 2201">
     <span class='ocr_line' id='line_1_38' title="bbox 514 2129 2077 2201; baseline -0.002 -16"><span class='ocrx_word' id='word_1_296' title='bbox 514 2129 688 2187; x_wconf 81' lang='lat' dir='ltr'><strong>Filius</strong></span> <span class='ocrx_word' id='word_1_297' title='bbox 723 2130 983 2194; x_wconf 86' lang='lat' dir='ltr'><strong>hominis,</strong></span> <span class='ocrx_word' id='word_1_298' title='bbox 1013 2137 1126 2184; x_wconf 87' lang='lat' dir='ltr'><strong>tum</strong></span> <span class='ocrx_word' id='word_1_299' title='bbox 1161 2130 1324 2185; x_wconf 91' lang='lat' dir='ltr'><strong>etiam</strong></span> <span class='ocrx_word' id='word_1_300' title='bbox 1369 2131 1593 2201; x_wconf 78' lang='lat' dir='ltr'><strong>angelos</strong></span> <span class='ocrx_word' id='word_1_301' title='bbox 1620 2146 1750 2185; x_wconf 87' lang='lat' dir='ltr'><strong>suos</strong></span> <span class='ocrx_word' id='word_1_302' title='bbox 1780 2131 1964 2191; x_wconf 90' lang='lat' dir='ltr'><strong>mittit,</strong></span> <span class='ocrx_word' id='word_1_303' title='bbox 1994 2130 2077 2183; x_wconf 89' lang='lat' dir='ltr'><strong>in-</strong></span> 
     </span>
    </p>
   </div>
   <div class='ocr_carea' id='block_1_39' title="bbox 2180 2129 3758 2202">
    <p class='ocr_par' dir='ltr' id='par_1_39' title="bbox 2183 2129 3758 2202">
     <span class='ocr_line' id='line_1_39' title="bbox 2183 2129 3758 2202; baseline 0.001 -20"><span class='ocrx_word' id='word_1_304' title='bbox 2183 2129 2449 2196; x_wconf 84' lang='grc' dir='ltr'>άγγέλους</span> <span class='ocrx_word' id='word_1_305' title='bbox 2487 2129 2671 2193; x_wconf 82' lang='grc' dir='ltr'>αὑτοῦ,</span> <span class='ocrx_word' id='word_1_306' title='bbox 2708 2130 3062 2194; x_wconf 79' lang='grc' dir='ltr'>ἀναλλοίωτος</span> <span class='ocrx_word' id='word_1_307' title='bbox 3088 2130 3163 2184; x_wconf 83' lang='grc' dir='ltr'>ὢν</span> <span class='ocrx_word' id='word_1_308' title='bbox 3201 2131 3306 2195; x_wconf 74' lang='grc' dir='ltr'>ἀεὶ,</span> <span class='ocrx_word' id='word_1_309' title='bbox 3336 2132 3430 2184; x_wconf 81' lang='grc' dir='ltr'>καὶ</span> <span class='ocrx_word' id='word_1_310' title='bbox 3455 2130 3758 2202; x_wconf 79' lang='grc' dir='ltr'>μεταϐολὴν</span> 
     </span>
    </p>
   </div>
   <div class='ocr_carea' id='block_1_40' title="bbox 511 2219 2077 2294">
    <p class='ocr_par' dir='ltr' id='par_1_40' title="bbox 511 2219 2074 2289">
     <span class='ocr_line' id='line_1_40' title="bbox 511 2219 2074 2289; baseline -0.004 -13"><span class='ocrx_word' id='word_1_311' title='bbox 511 2221 791 2276; x_wconf 74' lang='lat' dir='ltr'><strong>variabilis</strong></span> <span class='ocrx_word' id='word_1_312' title='bbox 823 2235 1055 2289; x_wconf 87' lang='lat' dir='ltr'><strong>semper,</strong></span> <span class='ocrx_word' id='word_1_313' title='bbox 1091 2227 1145 2273; x_wconf 89' lang='lat' dir='ltr'><strong>et</strong></span> <span class='ocrx_word' id='word_1_314' title='bbox 1210 2219 1417 2273; x_wconf 87' lang='lat' dir='ltr'><strong>nullam</strong></span> <span class='ocrx_word' id='word_1_315' title='bbox 1472 2220 1828 2274; x_wconf 85' lang='lat' dir='ltr'><strong>mutationem</strong></span> <span class='ocrx_word' id='word_1_316' title='bbox 1883 2219 1938 2272; x_wconf 90' lang='lat' dir='ltr'><strong>in</strong></span> <span class='ocrx_word' id='word_1_317' title='bbox 1975 2232 2074 2272; x_wconf 89' lang='lat' dir='ltr'><strong>sua</strong></span> 
     </span>
    </p>
   </div>
   <div class='ocr_carea' id='block_1_41' title="bbox 2180 2219 3756 2294">
    <p class='ocr_par' dir='ltr' id='par_1_41' title="bbox 2182 2219 3756 2294">
     <span class='ocr_line' id='line_1_41' title="bbox 2182 2219 3756 2294; baseline 0.002 -22"><span class='ocrx_word' id='word_1_318' title='bbox 2182 2219 2436 2291; x_wconf 85' lang='grc' dir='ltr'>οὐδεμίαν</span> <span class='ocrx_word' id='word_1_319' title='bbox 2458 2223 2594 2291; x_wconf 69' lang='grc' dir='ltr'>ἔχων</span> <span class='ocrx_word' id='word_1_320' title='bbox 2625 2223 2752 2292; x_wconf 87' lang='grc' dir='ltr'><strong>περί</strong></span> <span class='ocrx_word' id='word_1_321' title='bbox 2782 2223 2880 2292; x_wconf 79' lang='grc' dir='ltr'>τὴν</span> <span class='ocrx_word' id='word_1_322' title='bbox 2909 2222 3155 2292; x_wconf 83' lang='grc' dir='ltr'>θεότητα,</span> <span class='ocrx_word' id='word_1_323' title='bbox 3189 2221 3328 2275; x_wconf 84' lang='grc' dir='ltr'><strong>κατά</strong></span> <span class='ocrx_word' id='word_1_324' title='bbox 3357 2221 3413 2275; x_wconf 78' lang='grc' dir='ltr'>δὲ</span> <span class='ocrx_word' id='word_1_325' title='bbox 3447 2222 3546 2292; x_wconf 84' lang='grc' dir='ltr'>τὴν</span> <span class='ocrx_word' id='word_1_326' title='bbox 3577 2221 3756 2294; x_wconf 82' lang='grc' dir='ltr'>σάρκα</span> 
     </span>
    </p>
   </div>
   <div class='ocr_carea' id='block_1_42' title="bbox 511 2309 2077 2385">
    <p class='ocr_par' dir='ltr' id='par_1_42' title="bbox 511 2309 2077 2381">
     <span class='ocr_line' id='line_1_42' title="bbox 511 2309 2077 2381; baseline -0.003 -14"><span class='ocrx_word' id='word_1_327' title='bbox 511 2311 714 2368; x_wconf 86' lang='lat' dir='ltr'><strong>deitate</strong></span> <span class='ocrx_word' id='word_1_328' title='bbox 745 2326 962 2381; x_wconf 88' lang='lat' dir='ltr'><strong>passus,</strong></span> <span class='ocrx_word' id='word_1_329' title='bbox 991 2310 1290 2364; x_wconf 86' lang='lat' dir='ltr'><strong>secundum</strong></span> <span class='ocrx_word' id='word_1_330' title='bbox 1327 2325 1546 2364; x_wconf 87' lang='lat' dir='ltr'><strong>carnem</strong></span> <span class='ocrx_word' id='word_1_331' title='bbox 1571 2325 1720 2373; x_wconf 86' lang='lat' dir='ltr'><strong>vero,</strong></span> <span class='ocrx_word' id='word_1_332' title='bbox 1755 2309 1912 2365; x_wconf 89' lang='lat' dir='ltr'><strong>nobis</strong></span> <span class='ocrx_word' id='word_1_333' title='bbox 1947 2324 2077 2363; x_wconf 84' lang='lat' dir='ltr'><strong>con-</strong></span> 
     </span>
    </p>
   </div>
   <div class='ocr_carea' id='block_1_43' title="bbox 2180 2309 3754 2385">
    <p class='ocr_par' dir='ltr' id='par_1_43' title="bbox 2187 2311 3754 2385">
     <span class='ocr_line' id='line_1_43' title="bbox 2187 2311 3754 2385; baseline 0.003 -22"><span class='ocrx_word' id='word_1_334' title='bbox 2187 2312 2579 2381; x_wconf 76' lang='grc' dir='ltr'>σχηματισθεὶς</span> <span class='ocrx_word' id='word_1_335' title='bbox 2610 2314 2738 2384; x_wconf 74' lang='grc' dir='ltr'>ἡμῖν</span> <span class='ocrx_word' id='word_1_336' title='bbox 2784 2315 2876 2367; x_wconf 74' lang='grc' dir='ltr'>καὶ</span> <span class='ocrx_word' id='word_1_337' title='bbox 2914 2312 3328 2385; x_wconf 77' lang='grc' dir='ltr'>συσχηματίζων</span> <span class='ocrx_word' id='word_1_338' title='bbox 3370 2315 3515 2384; x_wconf 78' lang='grc' dir='ltr'>ἡμᾶς</span> <span class='ocrx_word' id='word_1_339' title='bbox 3556 2311 3754 2382; x_wconf 79' lang='grc' dir='ltr'>ἑαυτῷ.</span> 
     </span>
    </p>
   </div>
   <div class='ocr_carea' id='block_1_44' title="bbox 512 2402 1688 2485">
    <p class='ocr_par' dir='ltr' id='par_1_44' title="bbox 512 2402 1688 2485">
     <span class='ocr_line' id='line_1_44' title="bbox 512 2402 1688 2485; baseline -0.004 -26"><span class='ocrx_word' id='word_1_340' title='bbox 512 2404 800 2467; x_wconf 76' lang='lat' dir='ltr'><strong>formatus,</strong></span> <span class='ocrx_word' id='word_1_341' title='bbox 829 2410 885 2458; x_wconf 88' lang='lat' dir='ltr'><strong>et</strong></span> <span class='ocrx_word' id='word_1_342' title='bbox 918 2419 1020 2458; x_wconf 87' lang='lat' dir='ltr'><strong>nos</strong></span> <span class='ocrx_word' id='word_1_343' title='bbox 1052 2402 1154 2457; x_wconf 82' lang='lat' dir='ltr'><strong>sibi</strong></span> <span class='ocrx_word' id='word_1_344' title='bbox 1189 2404 1290 2472; x_wconf 89' lang='lat' dir='ltr'><strong>ipsi</strong></span> <span class='ocrx_word' id='word_1_345' title='bbox 1314 2402 1688 2485; x_wconf 79' lang='lat' dir='ltr'><strong>conformans.</strong></span> 
     </span>
    </p>
   </div>
   <div class='ocr_carea' id='block_1_45' title="bbox 583 2560 2077 2637">
    <p class='ocr_par' dir='ltr' id='par_1_45' title="bbox 583 2562 2077 2637">
     <span class='ocr_line' id='line_1_45' title="bbox 583 2562 2077 2637; baseline -0.004 -16"><span class='ocrx_word' id='word_1_346' title='bbox 583 2566 694 2637; x_wconf 73' lang='lat'><strong>(75)</strong></span> <span class='ocrx_word' id='word_1_347' title='bbox 737 2564 1086 2620; x_wconf 73' lang='lat' dir='ltr'><strong>Felt-kmanni</strong></span> <span class='ocrx_word' id='word_1_348' title='bbox 1135 2563 1362 2637; x_wconf 70' lang='lat' dir='ltr'><strong>primus</strong></span> <span class='ocrx_word' id='word_1_349' title='bbox 1390 2571 1444 2617; x_wconf 90' lang='lat' dir='ltr'><strong>ct</strong></span> <span class='ocrx_word' id='word_1_350' title='bbox 1488 2564 1618 2618; x_wconf 90' lang='lat' dir='ltr'><strong>edit.</strong></span> <span class='ocrx_word' id='word_1_351' title='bbox 1679 2562 1981 2627; x_wconf 86' lang='lat' dir='ltr'><strong>Commel.,</strong></span> <span class='ocrx_word' id='word_1_352' title='bbox 2015 2565 2077 2632; x_wconf 75' lang='grc' dir='ltr'>ὀμ</span> 
     </span>
    </p>
   </div>
   <div class='ocr_carea' id='block_1_46' title="bbox 2180 2560 3740 2637">
    <p class='ocr_par' dir='ltr' id='par_1_46' title="bbox 2184 2560 3740 2635">
     <span class='ocr_line' id='line_1_46' title="bbox 2184 2560 3740 2635; baseline -0.001 -21"><span class='ocrx_word' id='word_1_353' title='bbox 2184 2565 2298 2634; x_wconf 80' lang='grc' dir='ltr'>νής,</span> <span class='ocrx_word' id='word_1_354' title='bbox 2358 2564 2614 2619; x_wconf 86' lang='lat' dir='ltr'><strong>mendose</strong></span> <span class='ocrx_word' id='word_1_355' title='bbox 2652 2566 2788 2630; x_wconf 86' lang='lat' dir='ltr'><strong>:_alii</strong></span> <span class='ocrx_word' id='word_1_356' title='bbox 2853 2581 3078 2630; x_wconf 83' lang='lat' dir='ltr'><strong>omnes,</strong></span> <span class='ocrx_word' id='word_1_357' title='bbox 3123 2564 3151 2615; x_wconf 83' lang='grc' dir='ltr'>ὁ</span> <span class='ocrx_word' id='word_1_358' title='bbox 3189 2565 3515 2635; x_wconf 73' lang='grc' dir='ltr'>Μονογενής.</span> <span class='ocrx_word' id='word_1_359' title='bbox 3570 2560 3740 2626; x_wconf 78' lang='lat' dir='ltr'><strong>Infra,</strong></span> 
     </span>
    </p>
   </div>
   <div class='ocr_carea' id='block_1_47' title="bbox 509 2632 1412 2704">
    <p class='ocr_par' dir='ltr' id='par_1_47' title="bbox 509 2632 1412 2704">
     <span class='ocr_line' id='line_1_47' title="bbox 509 2632 1412 2704; baseline -0.009 -11"><span class='ocrx_word' id='word_1_360' title='bbox 509 2632 684 2693; x_wconf 55' lang='lat' dir='ltr'><strong>Bisi.</strong></span> <span class='ocrx_word' id='word_1_361' title='bbox 722 2639 892 2698; x_wconf 83' lang='lat' dir='ltr'><strong>solus,</strong></span> <span class='ocrx_word' id='word_1_362' title='bbox 935 2633 1412 2704; x_wconf 64' lang='grc' dir='ltr'>συσχηματισθείς.</span> 
     </span>
    </p>
   </div>
   <div class='ocr_carea' id='block_1_48' title="bbox 3312 2784 3734 2809">
    <p class='ocr_par' dir='ltr' id='par_1_48' title="bbox 3312 2784 3734 2809">
     <span class='ocr_line' id='line_1_48' title="bbox 3312 2784 3734 2809; baseline -0.002 -4"><span class='ocrx_word' id='word_1_363' title='bbox 3312 2784 3734 2809; x_wconf 57' lang='grc' dir='ltr'><strong>*η</strong></span> 
     </span>
    </p>
   </div>
   <div class='ocr_carea' id='block_1_49' title="bbox 1223 2892 3040 2957">
    <p class='ocr_par' dir='ltr' id='par_1_49' title="bbox 1223 2892 3040 2957">
     <span class='ocr_line' id='line_1_49' title="bbox 1223 2892 3040 2957; baseline -0.002 -1"><span class='ocrx_word' id='word_1_364' title='bbox 1223 2895 1303 2956; x_wconf 85' lang='grc' dir='ltr'><strong>ΙΝ</strong></span> <span class='ocrx_word' id='word_1_365' title='bbox 1344 2896 1642 2956; x_wconf 76' lang='lat' dir='ltr'><strong>LIBRUM</strong></span> <span class='ocrx_word' id='word_1_366' title='bbox 1683 2896 2002 2957; x_wconf 73' lang='lat' dir='ltr'><strong>CONTRA</strong></span> <span class='ocrx_word' id='word_1_367' title='bbox 2044 2892 2594 2955; x_wconf 83' lang='lat' dir='ltr'><strong>SABELLIANOS</strong></span> <span class='ocrx_word' id='word_1_368' title='bbox 2634 2892 3040 2954; x_wconf 81' lang='lat' dir='ltr'><strong>MONITUM.</strong></span> 
     </span>
    </p>
   </div>
   <div class='ocr_carea' id='block_1_50' title="bbox 582 3080 3758 3162">
    <p class='ocr_par' dir='ltr' id='par_1_50' title="bbox 582 3080 3758 3162">
     <span class='ocr_line' id='line_1_50' title="bbox 582 3080 3758 3162; baseline -0.001 -17"><span class='ocrx_word' id='word_1_369' title='bbox 582 3091 693 3162; x_wconf 70' lang='lat'><strong>28</strong></span> <span class='ocrx_word' id='word_1_370' title='bbox 726 3090 899 3145; x_wconf 87' lang='lat' dir='ltr'><strong>Tanta</strong></span> <span class='ocrx_word' id='word_1_371' title='bbox 957 3096 1034 3142; x_wconf 89' lang='lat' dir='ltr'><strong>est</strong></span> <span class='ocrx_word' id='word_1_372' title='bbox 1088 3086 1314 3156; x_wconf 69' lang='lat' dir='ltr'><strong>afﬁnitas</strong></span> <span class='ocrx_word' id='word_1_373' title='bbox 1367 3083 1523 3152; x_wconf 87' lang='lat' dir='ltr'><strong>hujus</strong></span> <span class='ocrx_word' id='word_1_374' title='bbox 1557 3084 1677 3136; x_wconf 82' lang='lat' dir='ltr'><strong>libri</strong></span> <span class='ocrx_word' id='word_1_375' title='bbox 1731 3099 1848 3136; x_wconf 88' lang='lat' dir='ltr'><strong>cum</strong></span> <span class='ocrx_word' id='word_1_376' title='bbox 1903 3082 2121 3136; x_wconf 87' lang='lat' dir='ltr'><strong>homilia</strong></span> <span class='ocrx_word' id='word_1_377' title='bbox 2174 3083 2243 3138; x_wconf 78' lang='lat'><strong>27</strong></span> <span class='ocrx_word' id='word_1_378' title='bbox 2277 3083 2471 3137; x_wconf 82' lang='lat' dir='ltr'><strong>Basilii</strong></span> <span class='ocrx_word' id='word_1_379' title='bbox 2513 3091 2705 3136; x_wconf 89' lang='lat' dir='ltr'><strong>contra</strong></span> <span class='ocrx_word' id='word_1_380' title='bbox 2747 3080 3106 3145; x_wconf 85' lang='lat' dir='ltr'><strong>Sabellianos,</strong></span> <span class='ocrx_word' id='word_1_381' title='bbox 3153 3083 3341 3138; x_wconf 78' lang='lat' dir='ltr'><strong>Arium</strong></span> <span class='ocrx_word' id='word_1_382' title='bbox 3375 3092 3428 3138; x_wconf 86' lang='lat' dir='ltr'><strong>et</strong></span> <span class='ocrx_word' id='word_1_383' title='bbox 3462 3084 3758 3141; x_wconf 74' lang='lat' dir='ltr'><strong>Anommos</strong></span> 
     </span>
    </p>
   </div>
   <div class='ocr_carea' id='block_1_51' title="bbox 512 3176 3756 3255">
    <p class='ocr_par' dir='ltr' id='par_1_51' title="bbox 512 3176 3756 3255">
     <span class='ocr_line' id='line_1_51' title="bbox 512 3176 3756 3255; baseline -0.003 -12"><span class='ocrx_word' id='word_1_384' title='bbox 512 3199 834 3255; x_wconf 70' lang='lat' dir='ltr'><strong>nuncupata,</strong></span> <span class='ocrx_word' id='word_1_385' title='bbox 865 3193 920 3237; x_wconf 89' lang='lat' dir='ltr'><strong>ut</strong></span> <span class='ocrx_word' id='word_1_386' title='bbox 952 3183 1263 3235; x_wconf 87' lang='lat' dir='ltr'><strong>alterutrum</strong></span> <span class='ocrx_word' id='word_1_387' title='bbox 1298 3179 1606 3249; x_wconf 82' lang='lat' dir='ltr'><strong>opusculum</strong></span> <span class='ocrx_word' id='word_1_388' title='bbox 1655 3194 1720 3232; x_wconf 77' lang='lat' dir='ltr'><strong>ex</strong></span> <span class='ocrx_word' id='word_1_389' title='bbox 1753 3178 1917 3232; x_wconf 86' lang='lat' dir='ltr'><strong>altero</strong></span> <span class='ocrx_word' id='word_1_390' title='bbox 1948 3194 2248 3246; x_wconf 66' lang='lat' dir='ltr'><strong>expressum</strong></span> <span class='ocrx_word' id='word_1_391' title='bbox 2290 3177 2455 3242; x_wconf 74' lang='lat' dir='ltr'><strong>fuisse</strong></span> <span class='ocrx_word' id='word_1_392' title='bbox 2507 3177 2784 3246; x_wconf 80' lang='lat' dir='ltr'><strong>propalam</strong></span> <span class='ocrx_word' id='word_1_393' title='bbox 2813 3178 2902 3231; x_wconf 86' lang='lat' dir='ltr'><strong>sit.</strong></span> <span class='ocrx_word' id='word_1_394' title='bbox 2939 3176 3007 3230; x_wconf 86' lang='lat' dir='ltr'><strong>Et</strong></span> <span class='ocrx_word' id='word_1_395' title='bbox 3044 3195 3169 3232; x_wconf 88' lang='lat' dir='ltr'><strong>sane</strong></span> <span class='ocrx_word' id='word_1_396' title='bbox 3217 3178 3398 3232; x_wconf 83' lang='lat' dir='ltr'><strong>iisdem</strong></span> <span class='ocrx_word' id='word_1_397' title='bbox 3432 3181 3756 3248; x_wconf 71' lang='lat' dir='ltr'><strong>argumentis</strong></span> 
     </span>
    </p>
   </div>
   <div class='ocr_carea' id='block_1_52' title="bbox 509 3267 3758 3348">
    <p class='ocr_par' dir='ltr' id='par_1_52' title="bbox 509 3267 3758 3348">
     <span class='ocr_line' id='line_1_52' title="bbox 509 3267 3758 3348; baseline -0.004 -14"><span class='ocrx_word' id='word_1_398' title='bbox 509 3280 568 3334; x_wconf 80' lang='lat' dir='ltr'><strong>in</strong></span> <span class='ocrx_word' id='word_1_399' title='bbox 607 3286 828 3348; x_wconf 89' lang='lat' dir='ltr'><strong>utroque</strong></span> <span class='ocrx_word' id='word_1_400' title='bbox 865 3273 1167 3346; x_wconf 81' lang='lat' dir='ltr'><strong>proceditur</strong></span> <span class='ocrx_word' id='word_1_401' title='bbox 1212 3271 1280 3324; x_wconf 91' lang='lat' dir='ltr'><strong>ad</strong></span> <span class='ocrx_word' id='word_1_402' title='bbox 1323 3272 1597 3325; x_wconf 75' lang='lat' dir='ltr'><strong>hwreticos</strong></span> <span class='ocrx_word' id='word_1_403' title='bbox 1631 3269 2008 3338; x_wconf 75' lang='lat' dir='ltr'><strong>confutandos,</strong></span> <span class='ocrx_word' id='word_1_404' title='bbox 2059 3269 2236 3322; x_wconf 84' lang='lat' dir='ltr'><strong>eadem</strong></span> <span class='ocrx_word' id='word_1_405' title='bbox 2293 3270 2410 3337; x_wconf 81' lang='lat' dir='ltr'><strong>ipsa</strong></span> <span class='ocrx_word' id='word_1_406' title='bbox 2461 3278 2785 3337; x_wconf 87' lang='lat' dir='ltr'><strong>usurpantur</strong></span> <span class='ocrx_word' id='word_1_407' title='bbox 2831 3267 3121 3337; x_wconf 73' lang='lat' dir='ltr'><strong>Scriptum</strong></span> <span class='ocrx_word' id='word_1_408' title='bbox 3178 3271 3309 3334; x_wconf 86' lang='lat' dir='ltr'><strong>loca,</strong></span> <span class='ocrx_word' id='word_1_409' title='bbox 3348 3287 3450 3325; x_wconf 90' lang='lat' dir='ltr'><strong>uno</strong></span> <span class='ocrx_word' id='word_1_410' title='bbox 3484 3281 3533 3324; x_wconf 82' lang='lat' dir='ltr'><strong>et</strong></span> <span class='ocrx_word' id='word_1_411' title='bbox 3564 3270 3758 3340; x_wconf 79' lang='lat' dir='ltr'><strong>wquali</strong></span> 
     </span>
    </p>
   </div>
   <div class='ocr_carea' id='block_1_53' title="bbox 512 3359 3757 3436">
    <p class='ocr_par' dir='ltr' id='par_1_53' title="bbox 512 3359 3757 3436">
     <span class='ocr_line' id='line_1_53' title="bbox 512 3359 3757 3436; baseline -0.004 -9"><span class='ocrx_word' id='word_1_412' title='bbox 512 3371 695 3428; x_wconf 81' lang='lat' dir='ltr'><strong>ordine</strong></span> <span class='ocrx_word' id='word_1_413' title='bbox 729 3370 920 3436; x_wconf 80' lang='lat' dir='ltr'><strong>posita.</strong></span> <span class='ocrx_word' id='word_1_414' title='bbox 968 3365 1340 3435; x_wconf 79' lang='lat' dir='ltr'><strong>Neminequ</strong></span> <span class='ocrx_word' id='word_1_415' title='bbox 1367 3372 1614 3432; x_wconf 82' lang='lat' dir='ltr'><strong>putamus</strong></span> <span class='ocrx_word' id='word_1_416' title='bbox 1663 3377 1776 3415; x_wconf 89' lang='lat' dir='ltr'><strong>esse</strong></span> <span class='ocrx_word' id='word_1_417' title='bbox 1831 3362 1954 3432; x_wconf 89' lang='lat' dir='ltr'><strong>quin</strong></span> <span class='ocrx_word' id='word_1_418' title='bbox 1971 3359 2194 3430; x_wconf 82' lang='lat' dir='ltr'><strong>judicet,</strong></span> <span class='ocrx_word' id='word_1_419' title='bbox 2228 3359 2282 3411; x_wconf 89' lang='lat' dir='ltr'><strong>id</strong></span> <span class='ocrx_word' id='word_1_420' title='bbox 2323 3360 2552 3428; x_wconf 77' lang='lat' dir='ltr'><strong>artiﬁcio</strong></span> <span class='ocrx_word' id='word_1_421' title='bbox 2579 3359 2853 3428; x_wconf 87' lang='lat' dir='ltr'><strong>cujusdam</strong></span> <span class='ocrx_word' id='word_1_422' title='bbox 2891 3361 3120 3415; x_wconf 79' lang='lat' dir='ltr'><strong>erculi</strong></span> <span class='ocrx_word' id='word_1_423' title='bbox 3161 3363 3431 3428; x_wconf 88' lang='lat' dir='ltr'><strong>scriptoris</strong></span> <span class='ocrx_word' id='word_1_424' title='bbox 3463 3363 3757 3417; x_wconf 85' lang='lat' dir='ltr'><strong>admissum</strong></span> 
     </span>
    </p>
   </div>
   <div class='ocr_carea' id='block_1_54' title="bbox 512 3451 3760 3539">
    <p class='ocr_par' dir='ltr' id='par_1_54' title="bbox 512 3451 3760 3539">
     <span class='ocr_line' id='line_1_54' title="bbox 512 3451 3760 3539; baseline -0.004 -18"><span class='ocrx_word' id='word_1_425' title='bbox 512 3468 678 3539; x_wconf 73' lang='lat' dir='ltr'><strong>fuisse</strong></span> <span class='ocrx_word' id='word_1_426' title='bbox 730 3462 821 3534; x_wconf 91' lang='lat' dir='ltr'><strong>qui</strong></span> <span class='ocrx_word' id='word_1_427' title='bbox 869 3459 1177 3515; x_wconf 87' lang='lat' dir='ltr'><strong>alterutrius</strong></span> <span class='ocrx_word' id='word_1_428' title='bbox 1231 3456 1408 3510; x_wconf 87' lang='lat' dir='ltr'><strong>Patris</strong></span> <span class='ocrx_word' id='word_1_429' title='bbox 1441 3454 1634 3507; x_wconf 85' lang='lat' dir='ltr'><strong>librum</strong></span> <span class='ocrx_word' id='word_1_430' title='bbox 1667 3453 1834 3508; x_wconf 84' lang='lat' dir='ltr'><strong>verbis</strong></span> <span class='ocrx_word' id='word_1_431' title='bbox 1865 3453 2037 3506; x_wconf 86' lang='lat' dir='ltr'><strong>solum</strong></span> <span class='ocrx_word' id='word_1_432' title='bbox 2070 3451 2403 3505; x_wconf 74' lang='lat' dir='ltr'><strong>commutatis</strong></span> <span class='ocrx_word' id='word_1_433' title='bbox 2444 3452 2598 3505; x_wconf 71' lang='lat' dir='ltr'><strong>alteri</strong></span> <span class='ocrx_word' id='word_1_434' title='bbox 2649 3453 2971 3522; x_wconf 81' lang='lat' dir='ltr'><strong>ascripserit.</strong></span> <span class='ocrx_word' id='word_1_435' title='bbox 3000 3453 3066 3507; x_wconf 84' lang='lat' dir='ltr'><strong>Et</strong></span> <span class='ocrx_word' id='word_1_436' title='bbox 3095 3454 3305 3524; x_wconf 81' lang='lat' dir='ltr'><strong>quidem</strong></span> <span class='ocrx_word' id='word_1_437' title='bbox 3337 3455 3387 3507; x_wconf 89' lang='lat' dir='ltr'><strong>in</strong></span> <span class='ocrx_word' id='word_1_438' title='bbox 3415 3455 3551 3508; x_wconf 86' lang='lat' dir='ltr'><strong>hunc</strong></span> <span class='ocrx_word' id='word_1_439' title='bbox 3598 3455 3760 3509; x_wconf 87' lang='lat' dir='ltr'><strong>Atha-</strong></span> 
     </span>
    </p>
   </div>
   <div class='ocr_carea' id='block_1_55' title="bbox 512 3546 3759 3620">
    <p class='ocr_par' dir='ltr' id='par_1_55' title="bbox 512 3546 3759 3620">
     <span class='ocr_line' id='line_1_55' title="bbox 512 3546 3759 3620; baseline -0.004 -4"><span class='ocrx_word' id='word_1_440' title='bbox 512 3559 665 3617; x_wconf 73' lang='lat' dir='ltr'><strong>nasio</strong></span> <span class='ocrx_word' id='word_1_441' title='bbox 697 3557 1011 3611; x_wconf 84' lang='lat' dir='ltr'><strong>attributum</strong></span> <span class='ocrx_word' id='word_1_442' title='bbox 1051 3552 1236 3606; x_wconf 79' lang='lat' dir='ltr'><strong>cadere</strong></span> <span class='ocrx_word' id='word_1_443' title='bbox 1277 3549 1480 3605; x_wconf 84' lang='lat' dir='ltr'><strong>videtur</strong></span> <span class='ocrx_word' id='word_1_444' title='bbox 1526 3549 1805 3617; x_wconf 84' lang='lat' dir='ltr'><strong>suspicio:</strong></span> <span class='ocrx_word' id='word_1_445' title='bbox 1857 3564 1981 3601; x_wconf 89' lang='lat' dir='ltr'><strong>nam</strong></span> <span class='ocrx_word' id='word_1_446' title='bbox 2028 3557 2218 3616; x_wconf 78' lang='lat' dir='ltr'><strong>prteter</strong></span> <span class='ocrx_word' id='word_1_447' title='bbox 2268 3548 2392 3618; x_wconf 81' lang='lat' dir='ltr'><strong>styli</strong></span> <span class='ocrx_word' id='word_1_448' title='bbox 2449 3546 2802 3601; x_wconf 87' lang='lat' dir='ltr'><strong>diversitatem</strong></span> <span class='ocrx_word' id='word_1_449' title='bbox 2854 3566 2981 3603; x_wconf 82' lang='lat' dir='ltr'><strong>sane</strong></span> <span class='ocrx_word' id='word_1_450' title='bbox 3025 3552 3380 3619; x_wconf 84' lang='lat' dir='ltr'><strong>conspicuam.</strong></span> <span class='ocrx_word' id='word_1_451' title='bbox 3430 3567 3759 3620; x_wconf 86' lang='lat' dir='ltr'><strong>nequaquam</strong></span> 
     </span>
    </p>
   </div>
   <div class='ocr_carea' id='block_1_56' title="bbox 511 3639 3758 3720">
    <p class='ocr_par' dir='ltr' id='par_1_56' title="bbox 511 3639 3758 3720">
     <span class='ocr_line' id='line_1_56' title="bbox 511 3639 3758 3720; baseline -0.004 -12"><span class='ocrx_word' id='word_1_452' title='bbox 511 3653 766 3708; x_wconf 85' lang='lat' dir='ltr'><strong>memoria</strong></span> <span class='ocrx_word' id='word_1_453' title='bbox 794 3649 1060 3720; x_wconf 87' lang='lat' dir='ltr'><strong>proditum</strong></span> <span class='ocrx_word' id='word_1_454' title='bbox 1087 3655 1164 3700; x_wconf 88' lang='lat' dir='ltr'><strong>est</strong></span> <span class='ocrx_word' id='word_1_455' title='bbox 1195 3661 1311 3700; x_wconf 89' lang='lat' dir='ltr'><strong>cum</strong></span> <span class='ocrx_word' id='word_1_456' title='bbox 1342 3644 1408 3696; x_wconf 89' lang='lat' dir='ltr'><strong>iis</strong></span> <span class='ocrx_word' id='word_1_457' title='bbox 1455 3642 1712 3713; x_wconf 76' lang='lat' dir='ltr'><strong>hwreticis</strong></span> <span class='ocrx_word' id='word_1_458' title='bbox 1742 3656 2002 3711; x_wconf 86' lang='lat' dir='ltr'><strong>pugnasse</strong></span> <span class='ocrx_word' id='word_1_459' title='bbox 2050 3639 2419 3704; x_wconf 83' lang='lat' dir='ltr'><strong>Athanasium,</strong></span> <span class='ocrx_word' id='word_1_460' title='bbox 2451 3642 2541 3710; x_wconf 89' lang='lat' dir='ltr'><strong>qui</strong></span> <span class='ocrx_word' id='word_1_461' title='bbox 2568 3657 2684 3693; x_wconf 89' lang='lat' dir='ltr'><strong>cum</strong></span> <span class='ocrx_word' id='word_1_462' title='bbox 2730 3639 2982 3703; x_wconf 84' lang='lat' dir='ltr'><strong>Sabellio,</strong></span> <span class='ocrx_word' id='word_1_463' title='bbox 3021 3641 3234 3695; x_wconf 86' lang='lat' dir='ltr'><strong>Patrem</strong></span> <span class='ocrx_word' id='word_1_464' title='bbox 3267 3641 3569 3710; x_wconf 80' lang='lat' dir='ltr'><strong>Filiumque</strong></span> <span class='ocrx_word' id='word_1_465' title='bbox 3597 3657 3758 3694; x_wconf 79' lang='lat' dir='ltr'><strong>unam</strong></span> 
     </span>
    </p>
   </div>
   <div class='ocr_carea' id='block_1_57' title="bbox 509 3725 3761 3813">
    <p class='ocr_par' dir='ltr' id='par_1_57' title="bbox 509 3725 3761 3813">
     <span class='ocr_line' id='line_1_57' title="bbox 509 3725 3761 3813; baseline -0.004 -15"><span class='ocrx_word' id='word_1_466' title='bbox 509 3763 624 3803; x_wconf 79' lang='lat' dir='ltr'><strong>esse</strong></span> <span class='ocrx_word' id='word_1_467' title='bbox 649 3757 948 3813; x_wconf 83' lang='lat' dir='ltr'><strong>personam,</strong></span> <span class='ocrx_word' id='word_1_468' title='bbox 980 3739 1095 3795; x_wconf 92' lang='lat' dir='ltr'><strong>solo</strong></span> <span class='ocrx_word' id='word_1_469' title='bbox 1143 3737 1348 3792; x_wconf 85' lang='lat' dir='ltr'><strong>nomine</strong></span> <span class='ocrx_word' id='word_1_470' title='bbox 1377 3734 1682 3788; x_wconf 82' lang='lat' dir='ltr'><strong>distinctam</strong></span> <span class='ocrx_word' id='word_1_471' title='bbox 1725 3733 2087 3803; x_wconf 68' lang='lat' dir='ltr'><strong>afﬁrmarent:</strong></span> <span class='ocrx_word' id='word_1_472' title='bbox 2125 3732 2261 3802; x_wconf 90' lang='lat' dir='ltr'><strong>quod</strong></span> <span class='ocrx_word' id='word_1_473' title='bbox 2293 3741 2469 3786; x_wconf 88' lang='lat' dir='ltr'><strong>tamen</strong></span> <span class='ocrx_word' id='word_1_474' title='bbox 2510 3749 2671 3784; x_wconf 77' lang='lat' dir='ltr'><strong>mium</strong></span> <span class='ocrx_word' id='word_1_475' title='bbox 2711 3735 2887 3802; x_wconf 82' lang='lat' dir='ltr'><strong>agitur</strong></span> <span class='ocrx_word' id='word_1_476' title='bbox 2929 3733 2982 3786; x_wconf 88' lang='lat' dir='ltr'><strong>in</strong></span> <span class='ocrx_word' id='word_1_477' title='bbox 3035 3733 3130 3787; x_wconf 86' lang='lat' dir='ltr'><strong>hoc</strong></span> <span class='ocrx_word' id='word_1_478' title='bbox 3157 3734 3424 3802; x_wconf 86' lang='lat' dir='ltr'><strong>opusculo.</strong></span> <span class='ocrx_word' id='word_1_479' title='bbox 3459 3725 3522 3786; x_wconf 62' lang='lat' dir='ltr'><strong>Fu</strong></span> <span class='ocrx_word' id='word_1_480' title='bbox 3567 3731 3761 3792; x_wconf 82' lang='lat' dir='ltr'><strong>Basilii</strong></span> 
     </span>
    </p>
   </div>
   <div class='ocr_carea' id='block_1_58' title="bbox 511 3821 3760 3893">
    <p class='ocr_par' dir='ltr' id='par_1_58' title="bbox 511 3821 3760 3893">
     <span class='ocr_line' id='line_1_58' title="bbox 511 3821 3760 3893; baseline -0.004 -5"><span class='ocrx_word' id='word_1_481' title='bbox 511 3850 630 3888; x_wconf 86' lang='lat' dir='ltr'><strong>vero</strong></span> <span class='ocrx_word' id='word_1_482' title='bbox 677 3832 898 3887; x_wconf 89' lang='lat' dir='ltr'><strong>homilia</strong></span> <span class='ocrx_word' id='word_1_483' title='bbox 950 3831 1003 3885; x_wconf 92' lang='lat' dir='ltr'><strong>in</strong></span> <span class='ocrx_word' id='word_1_484' title='bbox 1050 3830 1328 3882; x_wconf 72' lang='lat' dir='ltr'><strong>Anomaeos</strong></span> <span class='ocrx_word' id='word_1_485' title='bbox 1376 3825 1606 3877; x_wconf 75' lang='lat' dir='ltr'><strong>maxime</strong></span> <span class='ocrx_word' id='word_1_486' title='bbox 1657 3823 1770 3891; x_wconf 86' lang='lat' dir='ltr'><strong>ejus</strong></span> <span class='ocrx_word' id='word_1_487' title='bbox 1824 3823 2069 3890; x_wconf 88' lang='lat' dir='ltr'><strong>temporis</strong></span> <span class='ocrx_word' id='word_1_488' title='bbox 2117 3821 2385 3875; x_wconf 74' lang='lat' dir='ltr'><strong>hwreticos</strong></span> <span class='ocrx_word' id='word_1_489' title='bbox 2441 3823 2660 3874; x_wconf 83' lang='lat' dir='ltr'><strong>vertitur</strong></span> <span class='ocrx_word' id='word_1_490' title='bbox 2709 3824 2872 3890; x_wconf 85' lang='lat' dir='ltr'><strong>acies,</strong></span> <span class='ocrx_word' id='word_1_491' title='bbox 2927 3825 3046 3878; x_wconf 75' lang='lat' dir='ltr'><strong>lieet</strong></span> <span class='ocrx_word' id='word_1_492' title='bbox 3082 3823 3345 3878; x_wconf 82' lang='lat' dir='ltr'><strong>Sabellius</strong></span> <span class='ocrx_word' id='word_1_493' title='bbox 3379 3840 3579 3893; x_wconf 83' lang='lat' dir='ltr'><strong>quoque</strong></span> <span class='ocrx_word' id='word_1_494' title='bbox 3619 3821 3760 3875; x_wconf 83' lang='lat' dir='ltr'><strong>haud</strong></span> 
     </span>
    </p>
   </div>
   <div class='ocr_carea' id='block_1_59' title="bbox 512 3915 3760 3993">
    <p class='ocr_par' dir='ltr' id='par_1_59' title="bbox 512 3915 3760 3993">
     <span class='ocr_line' id='line_1_59' title="bbox 512 3915 3760 3993; baseline -0.002 -14"><span class='ocrx_word' id='word_1_495' title='bbox 512 3925 738 3993; x_wconf 75' lang='lat' dir='ltr'><strong>segniter</strong></span> <span class='ocrx_word' id='word_1_496' title='bbox 767 3924 1118 3991; x_wconf 81' lang='lat' dir='ltr'><strong>impugnetur.</strong></span> <span class='ocrx_word' id='word_1_497' title='bbox 1162 3918 1266 3974; x_wconf 86' lang='lat' dir='ltr'><strong>Sed</strong></span> <span class='ocrx_word' id='word_1_498' title='bbox 1299 3919 1386 3988; x_wconf 89' lang='lat' dir='ltr'><strong>qui</strong></span> <span class='ocrx_word' id='word_1_499' title='bbox 1419 3935 1484 3971; x_wconf 77' lang='lat' dir='ltr'><strong>ea:</strong></span> <span class='ocrx_word' id='word_1_500' title='bbox 1539 3917 1744 3973; x_wconf 89' lang='lat' dir='ltr'><strong>Basilio</strong></span> <span class='ocrx_word' id='word_1_501' title='bbox 1775 3917 1868 3970; x_wconf 89' lang='lat' dir='ltr'><strong>hoc</strong></span> <span class='ocrx_word' id='word_1_502' title='bbox 1912 3915 2222 3985; x_wconf 85' lang='lat' dir='ltr'><strong>opusculum</strong></span> <span class='ocrx_word' id='word_1_503' title='bbox 2269 3917 2551 3970; x_wconf 78' lang='lat' dir='ltr'><strong>Athanasii</strong></span> <span class='ocrx_word' id='word_1_504' title='bbox 2596 3920 2800 3973; x_wconf 88' lang='lat' dir='ltr'><strong>nomine</strong></span> <span class='ocrx_word' id='word_1_505' title='bbox 2848 3921 3126 3990; x_wconf 73' lang='lat' dir='ltr'><strong>expressit,</strong></span> <span class='ocrx_word' id='word_1_506' title='bbox 3172 3919 3240 3974; x_wconf 89' lang='lat' dir='ltr'><strong>ad</strong></span> <span class='ocrx_word' id='word_1_507' title='bbox 3281 3919 3520 3988; x_wconf 72' lang='lat' dir='ltr'><strong>fraudem</strong></span> <span class='ocrx_word' id='word_1_508' title='bbox 3552 3929 3610 3972; x_wconf 91' lang='lat' dir='ltr'><strong>ut</strong></span> <span class='ocrx_word' id='word_1_509' title='bbox 3663 3935 3760 3988; x_wconf 87' lang='lat' dir='ltr'><strong>pu-</strong></span> 
     </span>
    </p>
   </div>
   <div class='ocr_carea' id='block_1_60' title="bbox 513 4006 3762 4084">
    <p class='ocr_par' dir='ltr' id='par_1_60' title="bbox 513 4006 3762 4084">
     <span class='ocr_line' id='line_1_60' title="bbox 513 4006 3762 4084; baseline 0 -16"><span class='ocrx_word' id='word_1_510' title='bbox 513 4024 688 4068; x_wconf 83' lang='lat' dir='ltr'><strong>tamus</strong></span> <span class='ocrx_word' id='word_1_511' title='bbox 718 4013 1089 4084; x_wconf 85' lang='lat' dir='ltr'><strong>contegendam</strong></span> <span class='ocrx_word' id='word_1_512' title='bbox 1131 4015 1501 4068; x_wconf 73' lang='lat' dir='ltr'><strong>Anomworum</strong></span> <span class='ocrx_word' id='word_1_513' title='bbox 1532 4025 1791 4079; x_wconf 87' lang='lat' dir='ltr'><strong>nusquam</strong></span> <span class='ocrx_word' id='word_1_514' title='bbox 1843 4009 2099 4061; x_wconf 88' lang='lat' dir='ltr'><strong>meminit.</strong></span> <span class='ocrx_word' id='word_1_515' title='bbox 2147 4006 2256 4060; x_wconf 77' lang='lat' dir='ltr'><strong>Nec</strong></span> <span class='ocrx_word' id='word_1_516' title='bbox 2284 4009 2399 4078; x_wconf 89' lang='lat' dir='ltr'><strong>quis</strong></span> <span class='ocrx_word' id='word_1_517' title='bbox 2441 4013 2721 4078; x_wconf 86' lang='lat' dir='ltr'><strong>putaverit,</strong></span> <span class='ocrx_word' id='word_1_518' title='bbox 2762 4011 3022 4066; x_wconf 81' lang='lat' dir='ltr'><strong>Basiliam</strong></span> <span class='ocrx_word' id='word_1_519' title='bbox 3055 4023 3218 4079; x_wconf 70' lang='lat' dir='ltr'><strong>tantm</strong></span> <span class='ocrx_word' id='word_1_520' title='bbox 3265 4015 3428 4067; x_wconf 83' lang='lat' dir='ltr'><strong>virum</strong></span> <span class='ocrx_word' id='word_1_521' title='bbox 3453 4015 3762 4082; x_wconf 70' lang='lat' dir='ltr'><strong>eloquentia:</strong></span> 
     </span>
    </p>
   </div>
   <div class='ocr_carea' id='block_1_61' title="bbox 512 4101 3759 4175">
    <p class='ocr_par' dir='ltr' id='par_1_61' title="bbox 512 4101 3759 4175">
     <span class='ocr_line' id='line_1_61' title="bbox 512 4101 3759 4175; baseline -0.001 -14"><span class='ocrx_word' id='word_1_522' title='bbox 512 4116 564 4161; x_wconf 82' lang='lat' dir='ltr'><strong>et</strong></span> <span class='ocrx_word' id='word_1_523' title='bbox 596 4109 930 4172; x_wconf 87' lang='lat' dir='ltr'><strong>eruditionis,</strong></span> <span class='ocrx_word' id='word_1_524' title='bbox 964 4108 1171 4172; x_wconf 90' lang='lat' dir='ltr'><strong>alienis,</strong></span> <span class='ocrx_word' id='word_1_525' title='bbox 1200 4116 1254 4159; x_wconf 91' lang='lat' dir='ltr'><strong>ut</strong></span> <span class='ocrx_word' id='word_1_526' title='bbox 1291 4107 1461 4169; x_wconf 89' lang='lat' dir='ltr'><strong>aiunt,</strong></span> <span class='ocrx_word' id='word_1_527' title='bbox 1488 4121 1598 4160; x_wconf 82' lang='lat' dir='ltr'><strong>sese</strong></span> <span class='ocrx_word' id='word_1_528' title='bbox 1625 4105 1805 4171; x_wconf 85' lang='lat' dir='ltr'><strong>pennis</strong></span> <span class='ocrx_word' id='word_1_529' title='bbox 1835 4112 2167 4156; x_wconf 74' lang='lat' dir='ltr'><strong>exornatum.</strong></span> <span class='ocrx_word' id='word_1_530' title='bbox 2211 4101 2350 4158; x_wconf 87' lang='lat' dir='ltr'><strong>Sane</strong></span> <span class='ocrx_word' id='word_1_531' title='bbox 2405 4105 2530 4159; x_wconf 88' lang='lat' dir='ltr'><strong>talis</strong></span> <span class='ocrx_word' id='word_1_532' title='bbox 2554 4116 2631 4160; x_wconf 90' lang='lat' dir='ltr'><strong>est</strong></span> <span class='ocrx_word' id='word_1_533' title='bbox 2671 4108 2844 4173; x_wconf 89' lang='lat' dir='ltr'><strong>homo,</strong></span> <span class='ocrx_word' id='word_1_534' title='bbox 2875 4119 2933 4160; x_wconf 88' lang='lat' dir='ltr'><strong>ut</strong></span> <span class='ocrx_word' id='word_1_535' title='bbox 2965 4126 3027 4163; x_wconf 93' lang='lat' dir='ltr'><strong>ne</strong></span> <span class='ocrx_word' id='word_1_536' title='bbox 3055 4110 3106 4162; x_wconf 87' lang='lat' dir='ltr'><strong>in</strong></span> <span class='ocrx_word' id='word_1_537' title='bbox 3157 4106 3506 4174; x_wconf 79' lang='lat' dir='ltr'><strong>suspicionem</strong></span> <span class='ocrx_word' id='word_1_538' title='bbox 3547 4106 3759 4175; x_wconf 87' lang='lat' dir='ltr'><strong>quidem</strong></span> 
     </span>
    </p>
   </div>
   <div class='ocr_carea' id='block_1_62' title="bbox 515 4196 3759 4273">
    <p class='ocr_par' dir='ltr' id='par_1_62' title="bbox 515 4196 3759 4273">
     <span class='ocr_line' id='line_1_62' title="bbox 515 4196 3759 4273; baseline -0.001 -19"><span class='ocrx_word' id='word_1_539' title='bbox 515 4202 648 4273; x_wconf 76' lang='lat' dir='ltr'><strong>furti</strong></span> <span class='ocrx_word' id='word_1_540' title='bbox 684 4203 944 4272; x_wconf 85' lang='lat' dir='ltr'><strong>plagiique</strong></span> <span class='ocrx_word' id='word_1_541' title='bbox 984 4202 1174 4256; x_wconf 87' lang='lat' dir='ltr'><strong>veniat.</strong></span> <span class='ocrx_word' id='word_1_542' title='bbox 1234 4199 1526 4254; x_wconf 75' lang='lat' dir='ltr'><strong>liomiliam</strong></span> <span class='ocrx_word' id='word_1_543' title='bbox 1567 4201 1742 4266; x_wconf 89' lang='lat' dir='ltr'><strong>itaque</strong></span> <span class='ocrx_word' id='word_1_544' title='bbox 1789 4197 1861 4250; x_wconf 69' lang='lat'><strong>27</strong></span> <span class='ocrx_word' id='word_1_545' title='bbox 1887 4197 2165 4266; x_wconf 88' lang='lat' dir='ltr'><strong>genuinum</strong></span> <span class='ocrx_word' id='word_1_546' title='bbox 2212 4196 2403 4252; x_wconf 88' lang='lat' dir='ltr'><strong>Basilii</strong></span> <span class='ocrx_word' id='word_1_547' title='bbox 2444 4215 2554 4253; x_wconf 86' lang='lat' dir='ltr'><strong>esse</strong></span> <span class='ocrx_word' id='word_1_548' title='bbox 2606 4217 2753 4269; x_wconf 84' lang='lat' dir='ltr'><strong>opus,</strong></span> <span class='ocrx_word' id='word_1_549' title='bbox 2809 4201 2905 4257; x_wconf 89' lang='lat' dir='ltr'><strong>hoc</strong></span> <span class='ocrx_word' id='word_1_550' title='bbox 2948 4219 3064 4256; x_wconf 85' lang='lat' dir='ltr'><strong>vero</strong></span> <span class='ocrx_word' id='word_1_551' title='bbox 3105 4201 3398 4253; x_wconf 82' lang='lat' dir='ltr'><strong>Athanasio</strong></span> <span class='ocrx_word' id='word_1_552' title='bbox 3447 4199 3759 4268; x_wconf 86' lang='lat' dir='ltr'><strong>ascriptum,</strong></span> 
     </span>
    </p>
   </div>
   <div class='ocr_carea' id='block_1_63' title="bbox 514 4289 3760 4366">
    <p class='ocr_par' dir='ltr' id='par_1_63' title="bbox 514 4289 3760 4366">
     <span class='ocr_line' id='line_1_63' title="bbox 514 4289 3760 4366; baseline -0.001 -20"><span class='ocrx_word' id='word_1_553' title='bbox 514 4294 749 4361; x_wconf 87' lang='lat' dir='ltr'><strong>spurium</strong></span> <span class='ocrx_word' id='word_1_554' title='bbox 785 4293 1111 4347; x_wconf 85' lang='lat' dir='ltr'><strong>arbitramur</strong></span> <span class='ocrx_word' id='word_1_555' title='bbox 1141 4310 1158 4348; x_wconf 90' lang='lat'><strong><em>:</em></strong></span> <span class='ocrx_word' id='word_1_556' title='bbox 1184 4294 1304 4348; x_wconf 86' lang='lat' dir='ltr'><strong>licet</strong></span> <span class='ocrx_word' id='word_1_557' title='bbox 1325 4292 1536 4361; x_wconf 84' lang='lat' dir='ltr'><strong>jamdiu</strong></span> <span class='ocrx_word' id='word_1_558' title='bbox 1580 4293 1714 4345; x_wconf 88' lang='lat' dir='ltr'><strong>inter</strong></span> <span class='ocrx_word' id='word_1_559' title='bbox 1748 4289 2114 4344; x_wconf 85' lang='lat' dir='ltr'><strong>Athanasiana</strong></span> <span class='ocrx_word' id='word_1_560' title='bbox 2149 4305 2480 4360; x_wconf 84' lang='lat' dir='ltr'><strong>compareat;</strong></span> <span class='ocrx_word' id='word_1_561' title='bbox 2526 4296 2576 4348; x_wconf 90' lang='lat' dir='ltr'><strong>in</strong></span> <span class='ocrx_word' id='word_1_562' title='bbox 2613 4296 2841 4366; x_wconf 86' lang='lat' dir='ltr'><strong>antiquis</strong></span> <span class='ocrx_word' id='word_1_563' title='bbox 2876 4297 3014 4351; x_wconf 87' lang='lat' dir='ltr'><strong>enim</strong></span> <span class='ocrx_word' id='word_1_564' title='bbox 3058 4293 3449 4348; x_wconf 81' lang='lat' dir='ltr'><strong>collectionibus</strong></span> <span class='ocrx_word' id='word_1_565' title='bbox 3479 4292 3760 4346; x_wconf 82' lang='lat' dir='ltr'><strong>Athanasii</strong></span> 
     </span>
    </p>
   </div>
   <div class='ocr_carea' id='block_1_64' title="bbox 514 4388 999 4458">
    <p class='ocr_par' dir='ltr' id='par_1_64' title="bbox 514 4388 999 4458">
     <span class='ocr_line' id='line_1_64' title="bbox 514 4388 999 4458; baseline 0.008 -17"><span class='ocrx_word' id='word_1_566' title='bbox 514 4400 726 4458; x_wconf 81' lang='lat' dir='ltr'><strong>operum</strong></span> <span class='ocrx_word' id='word_1_567' title='bbox 760 4388 999 4445; x_wconf 84' lang='lat' dir='ltr'><strong>habetur.</strong></span> 
     </span>
    </p>
   </div>
   <div class='ocr_carea' id='block_1_65' title="bbox 1604 4637 2654 4694">
    <p class='ocr_par' dir='ltr' id='par_1_65' title="bbox 1604 4637 2654 4694">
     <span class='ocr_line' id='line_1_65' title="bbox 1604 4637 2654 4694; baseline 0 -5"><span class='ocrx_word' id='word_1_568' title='bbox 1604 4637 1742 4690; x_wconf 85' lang='grc' dir='ltr'><strong>ΤΟΥ</strong></span> <span class='ocrx_word' id='word_1_569' title='bbox 1780 4639 1869 4692; x_wconf 85' lang='grc' dir='ltr'><strong>ΕΝ</strong></span> <span class='ocrx_word' id='word_1_570' title='bbox 1902 4641 2126 4694; x_wconf 80' lang='grc' dir='ltr'><strong>ΑΓΙΟΙΣ</strong></span> <span class='ocrx_word' id='word_1_571' title='bbox 2156 4640 2428 4694; x_wconf 79' lang='grc' dir='ltr'>ΠΑΤΡοΣ</span> <span class='ocrx_word' id='word_1_572' title='bbox 2459 4638 2654 4692; x_wconf 73' lang='grc' dir='ltr'>ΗΜΩΝ</span> 
     </span>
    </p>
   </div>
   <div class='ocr_carea' id='block_1_66' title="bbox 1833 4804 2465 4892">
    <p class='ocr_par' dir='ltr' id='par_1_66' title="bbox 1833 4804 2465 4892">
     <span class='ocr_line' id='line_1_66' title="bbox 1833 4804 2465 4892; baseline -0.003 -2"><span class='ocrx_word' id='word_1_573' title='bbox 1833 4804 2465 4892; x_wconf 85' lang='grc' dir='ltr'><strong>ΑΘΑΝΑΣΙΟΥ</strong></span> 
     </span>
    </p>
   </div>
   <div class='ocr_carea' id='block_1_67' title="bbox 586 4971 3716 5058">
    <p class='ocr_par' dir='ltr' id='par_1_67' title="bbox 586 4971 3716 5058">
     <span class='ocr_line' id='line_1_67' title="bbox 586 4971 3716 5058; baseline -0.004 -17"><span class='ocrx_word' id='word_1_574' title='bbox 586 4983 726 5054; x_wconf 69' lang='grc' dir='ltr'>Περὶ</span> <span class='ocrx_word' id='word_1_575' title='bbox 764 4983 871 5054; x_wconf 82' lang='grc' dir='ltr'>τῆς</span> <span class='ocrx_word' id='word_1_576' title='bbox 907 4983 1102 5040; x_wconf 79' lang='grc' dir='ltr'>ἀϊδίου</span> <span class='ocrx_word' id='word_1_577' title='bbox 1132 4985 1438 5056; x_wconf 78' lang='grc' dir='ltr'>ὑπάρξεως</span> <span class='ocrx_word' id='word_1_578' title='bbox 1465 4989 1570 5043; x_wconf 81' lang='grc' dir='ltr'>τοῦ</span> <span class='ocrx_word' id='word_1_579' title='bbox 1613 4989 1748 5042; x_wconf 83' lang='grc' dir='ltr'>Υίοῦ</span> <span class='ocrx_word' id='word_1_580' title='bbox 1778 4989 1872 5041; x_wconf 78' lang='grc' dir='ltr'>καὶ</span> <span class='ocrx_word' id='word_1_581' title='bbox 1915 4991 2020 5042; x_wconf 81' lang='grc' dir='ltr'>τοῦ</span> <span class='ocrx_word' id='word_1_582' title='bbox 2063 4989 2406 5058; x_wconf 74' lang='grc' dir='ltr'>Πνεύματος</span> <span class='ocrx_word' id='word_1_583' title='bbox 2439 4983 2559 5038; x_wconf 83' lang='grc' dir='ltr'>σὺν</span> <span class='ocrx_word' id='word_1_584' title='bbox 2591 4980 2731 5048; x_wconf 83' lang='grc' dir='ltr'>Θεῷ,</span> <span class='ocrx_word' id='word_1_585' title='bbox 2763 4979 2861 5034; x_wconf 82' lang='grc' dir='ltr'><strong>καί</strong></span> <span class='ocrx_word' id='word_1_586' title='bbox 2888 4977 3036 5047; x_wconf 77' lang='grc' dir='ltr'>πρὸς</span> <span class='ocrx_word' id='word_1_587' title='bbox 3069 4976 3210 5042; x_wconf 79' lang='grc' dir='ltr'>τοὺς</span> <span class='ocrx_word' id='word_1_588' title='bbox 3234 4971 3716 5038; x_wconf 73' lang='grc' dir='ltr'>Σαϐελλίζοντας.</span> 
     </span>
    </p>
   </div>
   <div class='ocr_carea' id='block_1_68' title="bbox 1504 5234 2712 5326">
    <p class='ocr_par' dir='ltr' id='par_1_68' title="bbox 1504 5234 2712 5326">
     <span class='ocr_line' id='line_1_68' title="bbox 1504 5234 2712 5326; baseline -0.003 -3"><span class='ocrx_word' id='word_1_589' title='bbox 1504 5236 1597 5323; x_wconf 86' lang='lat' dir='ltr'><strong>S.</strong></span> <span class='ocrx_word' id='word_1_590' title='bbox 1677 5239 1783 5324; x_wconf 88' lang='lat' dir='ltr'><strong>P.</strong></span> <span class='ocrx_word' id='word_1_591' title='bbox 1868 5241 1983 5326; x_wconf 89' lang='lat' dir='ltr'><strong>N.</strong></span> <span class='ocrx_word' id='word_1_592' title='bbox 2060 5234 2712 5326; x_wconf 82' lang='lat' dir='ltr'><strong>ATHANASII</strong></span> 
     </span>
    </p>
   </div>
   <div class='ocr_carea' id='block_1_69' title="bbox 792 5379 3478 5469">
    <p class='ocr_par' dir='ltr' id='par_1_69' title="bbox 792 5379 3478 5469">
     <span class='ocr_line' id='line_1_69' title="bbox 792 5379 3478 5469; baseline -0.004 -19"><span class='ocrx_word' id='word_1_593' title='bbox 792 5389 880 5450; x_wconf 86' lang='lat' dir='ltr'><strong>De</strong></span> <span class='ocrx_word' id='word_1_594' title='bbox 909 5402 1138 5453; x_wconf 77' lang='lat' dir='ltr'><strong>(eterna</strong></span> <span class='ocrx_word' id='word_1_595' title='bbox 1163 5387 1320 5451; x_wconf 84' lang='lat' dir='ltr'><strong>Filii</strong></span> <span class='ocrx_word' id='word_1_596' title='bbox 1351 5398 1405 5449; x_wconf 84' lang='lat' dir='ltr'><strong>et</strong></span> <span class='ocrx_word' id='word_1_597' title='bbox 1439 5388 1721 5468; x_wconf 83' lang='lat' dir='ltr'><strong>Spiritus</strong></span> <span class='ocrx_word' id='word_1_598' title='bbox 1755 5391 1955 5451; x_wconf 86' lang='lat' dir='ltr'><strong>sancti</strong></span> <span class='ocrx_word' id='word_1_599' title='bbox 1980 5391 2273 5469; x_wconf 52' lang='lat' dir='ltr'><strong>cuszeo</strong></span> <span class='ocrx_word' id='word_1_600' title='bbox 2303 5385 2698 5458; x_wconf 79' lang='lat' dir='ltr'><strong>exsislenlia,</strong></span> <span class='ocrx_word' id='word_1_601' title='bbox 2731 5391 2786 5443; x_wconf 82' lang='lat' dir='ltr'><strong>et</strong></span> <span class='ocrx_word' id='word_1_602' title='bbox 2821 5389 3042 5442; x_wconf 82' lang='lat' dir='ltr'><strong>contra</strong></span> <span class='ocrx_word' id='word_1_603' title='bbox 3069 5379 3478 5441; x_wconf 84' lang='lat' dir='ltr'><strong>Sabelliaaos.</strong></span> 
     </span>
    </p>
   </div>
   <div class='ocr_carea' id='block_1_70' title="bbox 591 5601 2077 5688">
    <p class='ocr_par' dir='ltr' id='par_1_70' title="bbox 591 5615 2072 5688">
     <span class='ocr_line' id='line_1_70' title="bbox 591 5615 2072 5688; baseline 0.001 -18"><span class='ocrx_word' id='word_1_604' title='bbox 591 5617 641 5671; x_wconf 77' lang='grc'><strong>1.</strong></span> <span class='ocrx_word' id='word_1_605' title='bbox 681 5615 994 5672; x_wconf 81' lang='lat' dir='ltr'><strong>Judaismus</strong></span> <span class='ocrx_word' id='word_1_606' title='bbox 1031 5617 1311 5688; x_wconf 80' lang='lat' dir='ltr'><strong>gentilitati</strong></span> <span class='ocrx_word' id='word_1_607' title='bbox 1373 5618 1682 5673; x_wconf 87' lang='lat' dir='ltr'><strong>contrarius</strong></span> <span class='ocrx_word' id='word_1_608' title='bbox 1738 5625 1841 5682; x_wconf 89' lang='lat' dir='ltr'><strong>est,</strong></span> <span class='ocrx_word' id='word_1_609' title='bbox 1881 5627 2072 5672; x_wconf 87' lang='lat' dir='ltr'><strong>neutra</strong></span> 
     </span>
    </p>
   </div>
   <div class='ocr_carea' id='block_1_71' title="bbox 2180 5601 3762 5688">
    <p class='ocr_par' dir='ltr' id='par_1_71' title="bbox 2250 5601 3762 5681">
     <span class='ocr_line' id='line_1_71' title="bbox 2250 5601 3762 5681; baseline -0.011 -13"><span class='ocrx_word' id='word_1_610' title='bbox 2250 5616 2300 5668; x_wconf 80' lang='lat' dir='ltr'><strong>l.</strong></span> <span class='ocrx_word' id='word_1_611' title='bbox 2352 5610 2684 5681; x_wconf 78' lang='grc' dir='ltr'>ἰουδαῑσμὺς</span> <span class='ocrx_word' id='word_1_612' title='bbox 2726 5609 3024 5662; x_wconf 78' lang='grc' dir='ltr'>ἀντίκειται</span> <span class='ocrx_word' id='word_1_613' title='bbox 3075 5601 3210 5673; x_wconf 74' lang='grc' dir='ltr'>πρὸς</span> <span class='ocrx_word' id='word_1_614' title='bbox 3252 5601 3619 5671; x_wconf 70' lang='grc' dir='ltr'>Ἑλληνισμὸν,</span> <span class='ocrx_word' id='word_1_615' title='bbox 3671 5603 3762 5654; x_wconf 76' lang='grc' dir='ltr'>καὶ</span> 
     </span>
    </p>
   </div>
   <div class='ocr_carea' id='block_1_72' title="bbox 515 5689 2077 5778">
    <p class='ocr_par' dir='ltr' id='par_1_72' title="bbox 515 5707 2077 5778">
     <span class='ocr_line' id='line_1_72' title="bbox 515 5707 2077 5778; baseline -0.001 -16"><span class='ocrx_word' id='word_1_616' title='bbox 515 5711 700 5762; x_wconf 68' lang='lat' dir='ltr'><strong>tamen</strong></span> <span class='ocrx_word' id='word_1_617' title='bbox 749 5707 940 5778; x_wconf 78' lang='lat' dir='ltr'><strong>religio</strong></span> <span class='ocrx_word' id='word_1_618' title='bbox 1003 5707 1110 5778; x_wconf 87' lang='lat' dir='ltr'><strong>pia,</strong></span> <span class='ocrx_word' id='word_1_619' title='bbox 1150 5708 1245 5761; x_wconf 86' lang='lat' dir='ltr'><strong>sed</strong></span> <span class='ocrx_word' id='word_1_620' title='bbox 1306 5715 1534 5777; x_wconf 83' lang='lat' dir='ltr'><strong>utraque</strong></span> <span class='ocrx_word' id='word_1_621' title='bbox 1580 5719 1735 5765; x_wconf 80' lang='lat' dir='ltr'><strong>extra</strong></span> <span class='ocrx_word' id='word_1_622' title='bbox 1797 5711 2077 5763; x_wconf 74' lang='lat' dir='ltr'><strong>veritatem</strong></span> 
     </span>
    </p>
   </div>
   <div class='ocr_carea' id='block_1_73' title="bbox 2180 5689 3762 5778">
    <p class='ocr_par' dir='ltr' id='par_1_73' title="bbox 2191 5689 3762 5772">
     <span class='ocr_line' id='line_1_73' title="bbox 2191 5689 3762 5772; baseline -0.011 -15"><span class='ocrx_word' id='word_1_623' title='bbox 2191 5705 2466 5772; x_wconf 76' lang='grc' dir='ltr'>οὐδέτερος</span> <span class='ocrx_word' id='word_1_624' title='bbox 2526 5698 2789 5769; x_wconf 79' lang='grc' dir='ltr'>εὐσεϐὴς,</span> <span class='ocrx_word' id='word_1_625' title='bbox 2842 5695 2955 5748; x_wconf 86' lang='grc' dir='ltr'>ἀλλ’</span> <span class='ocrx_word' id='word_1_626' title='bbox 3011 5690 3306 5762; x_wconf 79' lang='grc' dir='ltr'>ἀμφότεροι</span> <span class='ocrx_word' id='word_1_627' title='bbox 3355 5690 3452 5760; x_wconf 79' lang='grc' dir='ltr'>τῆς</span> <span class='ocrx_word' id='word_1_628' title='bbox 3509 5689 3762 5760; x_wconf 78' lang='grc' dir='ltr'>ἀληθείας</span> 
     </span>
    </p>
   </div>
   <div class='ocr_carea' id='block_1_74' title="bbox 522 5783 2077 5870">
    <p class='ocr_par' dir='ltr' id='par_1_74' title="bbox 522 5797 2076 5870">
     <span class='ocr_line' id='line_1_74' title="bbox 522 5797 2076 5870; baseline 0.003 -19"><span class='ocrx_word' id='word_1_629' title='bbox 522 5797 796 5856; x_wconf 74' lang='lat' dir='ltr'><strong>consistit.</strong></span> <span class='ocrx_word' id='word_1_630' title='bbox 842 5797 1121 5869; x_wconf 86' lang='lat' dir='ltr'><strong>Siquidem</strong></span> <span class='ocrx_word' id='word_1_631' title='bbox 1163 5807 1214 5853; x_wconf 87' lang='lat' dir='ltr'><strong>et</strong></span> <span class='ocrx_word' id='word_1_632' title='bbox 1267 5800 1550 5870; x_wconf 80' lang='lat' dir='ltr'><strong>Babylonii</strong></span> <span class='ocrx_word' id='word_1_633' title='bbox 1606 5802 1806 5859; x_wconf 81' lang='lat' dir='ltr'><strong>bellum</strong></span> <span class='ocrx_word' id='word_1_634' title='bbox 1858 5816 2076 5869; x_wconf 79' lang='lat' dir='ltr'><strong>gessere</strong></span> 
     </span>
    </p>
   </div>
   <div class='ocr_carea' id='block_1_75' title="bbox 2180 5783 3763 5870">
    <p class='ocr_par' dir='ltr' id='par_1_75' title="bbox 2185 5783 3763 5859">
     <span class='ocr_line' id='line_1_75' title="bbox 2185 5783 3763 5859; baseline -0.011 -10"><span class='ocrx_word' id='word_1_635' title='bbox 2185 5796 2357 5859; x_wconf 72' lang='grc' dir='ltr'>ἐκτός.</span> <span class='ocrx_word' id='word_1_636' title='bbox 2409 5794 2558 5846; x_wconf 72' lang='grc' dir='ltr'>Ἐπεὶ</span> <span class='ocrx_word' id='word_1_637' title='bbox 2590 5791 2682 5846; x_wconf 70' lang='grc' dir='ltr'>καὶ</span> <span class='ocrx_word' id='word_1_638' title='bbox 2730 5785 3055 5842; x_wconf 79' lang='grc' dir='ltr'>Βαϐυλώνιοι</span> <span class='ocrx_word' id='word_1_639' title='bbox 3109 5783 3556 5854; x_wconf 76' lang='grc' dir='ltr'>πεπολεμήκασιν</span> <span class='ocrx_word' id='word_1_640' title='bbox 3608 5783 3763 5849; x_wconf 69' lang='grc' dir='ltr'>Αἰγυ-</span> 
     </span>
    </p>
   </div>
  </div>
