4048 6406
293 291 337 346 97
1575 311 1852 368 CONTRA
1897 314 2367 374 SABELLIANOS
3523 338 3592 396 98

292 409 456 528 πτίρὶυς,
501 415 616 468 καὶ
648 417 837 472 ἄλλοι
875 421 1065 475 πολλοὶ
1087 422 1301 489 ἀσεϐεῖς
1335 424 1445 495 (74)
1481 426 1729 481 ἀσεϐέσιν
1756 429 1887 498 ὴναν

2016 442 2208 528 contra
2243 436 2537 509 Algyptios
2573 459 2584 494 :
2626 441 2828 514 aliique
2852 448 3162 520 complures
3202 451 3375 524 impii,
3411 457 3594 528 tmpiis

289 500 554 614 τιώθησαν.
597 509 692 560 Οὐ
738 511 948 567 τοίνυν
984 511 1204 584 ἐξαρκεῖ
1231 513 1294 568 τὸ
1316 517 1452 588 πρὸς
1477 517 1733 572 ἀσέϐειαν
1767 519 1886 574 ἁνθί

2020 524 2294 583 adversati
2325 538 2478 587 sunt.
2506 530 2742 604 Ideoque
2774 552 2882 593 non
2919 500 3115 596 suilicit
3155 500 3420 614 impietati
3443 500 3594 603 obsi-

292 593 504 659 msOat,
556 599 618 650 εί
681 601 778 672 μὴ
817 603 897 657 δι’
938 605 1220 660 εὐσέϐειαν
1271 608 1304 677 η
1354 608 1491 677 πρὸς
1534 610 1633 680 τὴν
1664 611 1885 665 ἀσέϐεια

2651 593 2668 604 ,
2921 593 2967 596 ν
3156 593 3420 614 ---τω-η
3445 593 3562 603 ν--.

2018 624 2184 681 stere,
2220 621 2325 675 nisi
2352 623 2574 691 pietatis
2601 642 2768 684 causa
2811 631 2889 685 illi
2937 633 3257 691 obsistatur.
3299 634 3359 690 In
3404 639 3592 697 multis

290 685 580 798 ἁξτίστασις
607 691 918 766 γίγνηται
944 701 960 765 (
965 697 1075 769 75).
1095 699 1270 754 Πολλὰ
1294 701 1388 755 καὶ
1415 702 1624 772 μεγάλα
1647 705 1788 759 κατὰ
1809 707 1886 760 τῶ

2019 685 2389 782 gravibusque
2420 717 2584 773 rebus
2633 717 2802 776 Judaei
2857 685 3592 798 idolol‘atraswarg—uere-pos:

290 775 846 892 εἰδωλολατρούντων
882 787 1072 858 ἔχουσι
1110 790 1286 859 λέγειν
1316 794 1366 845 οί
1413 793 1680 859 Ἰουδαῖοι,
1715 797 1808 849 καὶ
1847 797 1887 850 δι

2025 775 2041 777 ν
2299 775 2313 782 ,
2791 775 2798 776 κ
2861 775 3170 780 ηυγ-ηπ-
3205 775 3432 796 --,,----
3501 775 3561 787 --

2018 811 2166 864 sunt,
2199 802 2444 874 ipsisque
2460 807 2610 876 justa
2633 811 2701 867 de
2726 828 2891 870 causa
2923 817 3139 870 crimini
3172 826 3412 882 vertunt.
3441 775 3589 892 qruod

292 883 382 920 καια
413 868 661 939 λέγουσι
701 879 1171 951 κατηγοροῦντες
1192 882 1372 936 αὐτῶν
1397 886 1463 955 τῇ
1488 884 1660 939 κτίσει
1690 887 1887 959 λατρευ

2221 868 2234 872 -
2353 868 2368 874 -
2460 868 2478 876 -
2837 868 2852 870 -
3186 868 3587 892 .--η---.Ἰη-

2016 902 2286 950 creaturae
2312 899 2496 966 potius
2529 916 2694 970 quam
2747 907 2979 962 creatori
3033 910 3292 965 serviant.
3338 909 3450 966 Nec
3501 924 3587 967 ta-

292 965 422 1071 (:me
453 965 632 1034 παρὰ
671 965 811 1035 (76)
856 969 959 1022 τὸν
995 970 1274 1025 κτίσαντα.
1317 973 1456 1026 Ἀλλ’
1491 975 1588 1044 οὐχ
1611 976 1692 1028 ὅτι
1720 975 1883 1030 δυσσέ

2017 998 2140 1038 men
2169 1000 2234 1039 eo
2262 965 2411 1056 quod
2445 989 2779 1060 impietatem
2825 1009 3078 1067 arguant,
3112 999 3241 1054 hinc
3272 1001 3357 1071 pie
3383 1003 3589 1059 sentire

295 1045 405 1102 ϐειαν
449 1051 809 1124 ἐλέγχουσι,
870 1059 966 1112 διὰ
997 1060 1151 1113 τοῦτο
1200 1062 1446 1116 εὐσεϐεῖν
1483 1064 1887 1136 ὁμολογηθήσον

297 1144 645 1162 ---ηιμ
833 1149 1168 1162 κη--.
1248 1146 1375 1162 η.
1497 1155 1508 1162 .
1719 1157 1728 1162 .

2279 1045 2294 1056 _
2524 1045 2538 1060 ,
2592 1045 2600 1046 ,
2827 1045 3078 1067 _-,,--_-.-,
3112 1045 3241 1054 ...ην
3273 1045 3356 1071 ,ην
3383 1045 3588 1059 seu"...

2017 1085 2409 1144 agnoscentur,
2439 1080 2568 1136 dum
2618 1082 2817 1140 Filium
2871 1087 2988 1156 Dei,
3050 1107 3148 1162 per
3194 1108 3353 1162 quem
3403 1095 3588 1150 omnia

297 1156 371 1205 ται,
410 1145 505 1195 τὸν
543 1144 696 1201 ῗὶὸν
750 1149 865 1202 τοῦ
913 1150 1072 1213 Θεοῦ,
1102 1151 1168 1204 δι’
1218 1146 1280 1204 οὗ
1321 1154 1390 1208 τὰ
1441 1155 1620 1210 πάντα
1666 1157 1887 1225 γέγονεν

304 1233 586 1256 1--.-_',H_,,A,
754 1240 770 1256 ι
902 1245 926 1256 ει
992 1242 1053 1256 αι
1131 1245 1143 1256 1
1224 1244 1248 1254 ~
1329 1245 1341 1256 ι
1422 1247 1468 1256 —
1553 1247 1564 1256 ι
1754 1249 1779 1256 ,-
1869 1249 1880 1256 .

2017 1165 2158 1220 facta
2196 1179 2345 1235 sunt,
2392 1182 2594 1242 negant
2628 1190 2642 1226 :
2677 1185 2730 1230 et
2756 1177 2884 1232 dum
2938 1144 3328 1254 eos,rqui‘per
3381 1186 3583 1256 ipsum,

302 1233 620 1306 ἀρνούμενοι,
668 1240 784 1292 καὶ
832 1245 956 1306 τοῖς
987 1242 1053 1296 δι’
1085 1244 1250 1297 αὑτοῦ
1295 1245 1386 1298 τὸν
1421 1247 1643 1320 Πατέρα
1684 1249 1882 1318 σεϐομέ

2016 1256 2228 1314 Patrem
2254 1262 2466 1328 colunt,
2488 1265 2724 1322 inductae
2746 1269 2971 1326 deorum
2999 1233 3432 1344 multiplicrzitati;
3444 1233 3586 1334 insi:

306 1343 381 1391 νοις
415 1329 817 1396 ἐγκαλοῦντες
861 1334 1254 1407 πολυθεότητα.
1283 1339 1480 1410 Διόπερ
1512 1339 1887 1410 ἐξεληλύθαμεε

2013 1351 2243 1405 mulant.
2269 1350 2537 1417 Quocirca
2574 1357 2642 1410 ab
2697 1359 2930 1418 ethnicis
2975 1364 3355 1434 discessimus,
3391 1369 3461 1424 ab
3494 1370 3585 1427 iis-

310 1420 348 1484 ίξ
371 1420 676 1493 Ἑλλήνων,
714 1426 825 1478 καλ⁸
859 1427 1246 1499 ἁφωρίσμεθα,
1281 1429 1416 1501 πρὸς
1441 1431 1500 1483 τὸ
1534 1431 1609 1502 μὴ
1639 1435 1759 1495 ταῖς
1781 1433 1887 1486 ἁκα

2011 1455 2118 1508 que
2152 1443 2424 1512 segregati
2463 1460 2676 1511 sumus,
2709 1464 2778 1503 ue
2822 1449 3038 1522 impuro
3095 1454 3364 1512 idolorum
3413 1460 3586 1516 cultui

314 1511 492 1584 θάρτοις
532 1515 1050 1588 είδωλολατρείαις
1094 1519 1494 1590 ἀναμίγνυσθαι
1520 1539 1532 1551 ⁸
1572 1523 1887 1593 ἐξεληλύθα-

2009 1511 2444 1589 admiscereinur
2472 1555 2490 1591 ε
2529 1551 2558 1590 a
2605 1511 2917 1598 Judazoruni
2969 1562 3190 1617 quoque
3247 1511 3588 1622 blaSpliemia

319 1622 384 1672 μεν
417 1606 476 1658 δὲ
511 1609 613 1659 καὶ
650 1610 723 1661 ὲκ
775 1609 887 1678 τῆς
929 1610 1039 1664 τῶν
1082 1612 1349 1665 Ἰουδαίων
1402 1613 1770 1685 βλασφημίας,
1815 1617 1887 1669 τοι

2010 1623 2409 1692 abscessimus,
2434 1645 2560 1683 cum
2595 1629 2691 1686 Dei
2749 1631 2944 1690 Filium
2993 1638 3233 1695 confessi
3263 1606 3477 1709 smnus,
3501 1653 3588 1699 at-

318 1697 904 1770 Υἱὸνὸμολογήσαντες
933 1701 1029 1754 τοῦ
1055 1701 1211 1766 Θεοῦ,
1249 1705 1344 1757 καὶ
1376 1707 1637 1774 φυγόντες
1659 1708 1757 1776 τὴν
1789 1706 1887 1759 όλέ·

2007 1732 2114 1786 que
2169 1718 2461 1790 eﬂ'ugimus
2496 1724 2865 1793 perniciosam
2913 1731 3328 1802 abnegatiouem
3371 1733 3586 1795 Domini

318 1788 432 1859 θριον
460 1791 707 1863 ἄρνησιν
739 1794 841 1846 τοῦ
878 1794 1088 1866 Κυρίου
1121 1795 1297 1866 ἡμῶν,
1330 1796 1424 1848 τοῦ
1449 1797 1694 1866 λέγοντος
1713 1815 1725 1828 ·
1763 1818 1780 1849 ι
1807 1801 1887 1862 Ὃς

2006 1810 2180 1864 nostri
2213 1812 2487 1870 dicentis:
2517 1833 2536 1866 ι
2567 1814 2669 1881 Qui
2707 1815 2886 1872 autem
2948 1825 3226 1890 negaverit
3272 1841 3358 1882 me
3399 1841 3586 1882 coram

319 1882 351 1934 δ’
375 1881 429 1935 ἂν
457 1885 784 1955 ἀρνήσηταί
811 1903 881 1956 με
912 1886 1221 1958 ἔμπροσθεν
1247 1886 1351 1940 τῶν
1377 1888 1699 1960 ἀνθρώπων,
1729 1891 1900 1960 ἀρνή-

322 1990 455 2043 σομαι
493 1978 667 2029 αὑτὸν
705 1977 1028 2048 ἔμπροσθεν
1062 1978 1155 2030 τοῦ
1192 1980 1404 2050 Πατρός
1433 1997 1533 2051 μου
1567 1979 1662 2034 τοῦ
1697 1983 1755 2033 ἐν
1789 1986 1902 2047 τοῖς

320 2067 560 2137 οὐρανοῖς.
602 2087 622 2118 ›
681 2069 1094 2140 Ὀμολογοῦμεν
1135 2070 1190 2123 δὲ
1240 2071 1333 2125 τὸν
1374 2071 1501 2124 Υἰὸν
1547 2073 1613 2125 ὲκ
1665 2073 1897 2145 Πατρὺς,

320 2159 394 2212 καὶ
420 2161 503 2212 ἀεὶ
549 2161 698 2230 μετὰ
722 2161 820 2213 τοῦ
864 2162 1102 2233 Πατρὸς,
1135 2164 1478 2228 πιστεύοντες
1506 2163 1652 2235 αὑτῷ
1690 2165 1899 2235 λέγοντι

243 2322 250 2332 ⁸
317 2253 394 2303 καὶ
427 2251 901 2323 ἐπαγγελλομένῳ
945 2254 1090 2322 ι77)·
1131 2274 1150 2306 ι
1196 2258 1306 2320 Πᾶς
1345 2257 1494 2320 ὅστις
1521 2257 1900 2331 ὁμολογήσειεν

316 2341 399 2412 ἐμὲ
448 2342 777 2414 ἔμπροσθεν
831 2344 947 2397 τῶν
999 2345 1320 2416 ἀνθρώπων,
1374 2348 1694 2420 ὁμολογήσω
1745 2352 1899 2421 κάγὼ

313 2433 456 2486 αὐτὸν
496 2433 822 2505 ἔμπροσθεν
850 2434 948 2488 τοῦ
983 2437 1194 2508 Πατρός
1227 2455 1330 2508 μου
1365 2434 1457 2492 τοῦ
1495 2441 1554 2493 ὲν
1587 2443 1700 2505 τοῖς
1733 2442 1897 2514 οὐρα-

313 2543 421 2590 νοις.
465 2546 484 2578 ι
1411 2591 1426 2604 ο

365 2640 418 2693 2.
455 2641 637 2694 Τοῦτο
665 2641 907 2714 ὁρῶντες
936 2643 997 2696 τὸ
1021 2644 1388 2716 παράδειγμα,
1422 2648 1516 2702 καὶ⁵
1547 2647 1639 2701 νῦν
1661 2649 1897 2719 ἀπηλλο-

303 2732 613 2804 τριώθημεν
645 2735 756 2788 τῶν
794 2735 1214 2807 Ἐλληνιζόντων
1243 2739 1330 2792 ἐπ’
1372 2739 1593 2810 ὀνόματι
1637 2743 1896 2814 Χριστια-

296 2825 510 2895 νισμοῦ,
551 2826 668 2879 τῶν
709 2827 871 2897 ἔργον
894 2827 1037 2881 Θεοῦ
1064 2829 1384 2900 τολμώντων
1415 2831 1682 2902 Θεολογεῖν
1714 2851 1772 2886 τε
1800 2836 1894 2890 καὶ

299 2921 658 2986 προσκυνεῖν.
708 2920 1075 2991 Χωριζόμεθα
1120 2921 1176 2974 δὲ
1223 2923 1456 2976 καὶτῶν
1499 2925 1892 2990 Ἰουδαῖξόντων

293 3011 382 3062 καί
420 3010 516 3062 τὸν
564 3011 1008 3084 Χριστιανισμὸν
1051 3015 1108 3066 ὲν
1144 3015 1459 3087 Ἰουδαϊσμῷ
1501 3019 1894 3090 παραφθειρόν-

2006 1901 2346 1968 hominibus,
2382 1907 2594 1977 negabo
2620 1925 2744 1963 eum
2774 1926 2958 1965 coram
3005 1911 3168 1969 Patre
3215 1931 3354 1981 meo,
3392 1919 3486 1987 qui
3526 1919 3586 1976 in

2004 1993 2161 2049 cmlis
2183 2003 2267 2050 est
2294 1995 2360 2052 ".
2391 2015 2410 2049 ι
2449 1997 2562 2054 Nos
2585 2015 2751 2070 porro
2776 2001 3104 2059 conﬁtemur
3149 2007 3345 2062 Filium
3378 2025 3444 2065 ex
3476 2009 3583 2066 Pa-

2003 2091 2085 2138 tre
2110 2100 2252 2150 esse,
2285 2101 2349 2140 ac
2376 2103 2592 2159 semper
2611 2107 2734 2148 esse
2766 2109 2891 2148 cum
2915 2094 3075 2152 Patre
3109 2113 3122 2150 :
3160 2107 3324 2170 atque
3360 2101 3438 2157 illi
3459 2119 3583 2160 cre-

2002 2173 2184 2232 dimus
2222 2177 2314 2248 qui
2337 2178 2443 2235 hoc
2466 2181 2543 2236 ait
2573 2191 2626 2238 et
2647 2185 2939 2255 pollicetur
2975 2207 2989 2244 :
3024 2209 3044 2243 ι
3077 2188 3271 2247 Omnis
3291 2195 3383 2262 qui
3409 2196 3584 2252 conli-

2001 2265 2204 2322 tebitur
2235 2284 2323 2324 me
2353 2285 2538 2326 coram
2563 2273 2898 2342 hominibus,
2923 2279 3229 2336 conﬁtebor
3247 2291 3303 2339 et
3331 2299 3431 2355 ego
3449 2299 3578 2342 eum

2001 2371 2186 2413 coram
2212 2358 2375 2418 Patre
2404 2379 2546 2430 meo,
2573 2366 2666 2436 qui
2696 2367 2750 2422 in
2775 2370 2930 2427 caelis
2961 2373 3122 2431 est“.

2066 2642 2122 2697 2.
2162 2641 2277 2698 Hoc
2299 2644 2577 2715 exemplar
2593 2660 2715 2700 cum
2741 2655 3072 2714 intueamur,
3092 2650 3203 2719 jam
3223 2666 3576 2723 segregamur

2001 2734 2070 2789 ab
2105 2735 2174 2790 iis
2205 2736 2300 2805 qui
2327 2736 2430 2791 sub
2474 2738 2696 2793 nomine
2723 2738 3132 2796 Christianismi
3179 2758 3302 2797 cum
3337 2744 3575 2804 ethnicis

1997 2825 2265 2890 sentiunt,
2302 2825 2615 2896 audentque
2649 2825 2744 2882 Dei
2783 2828 3085 2899 opiﬁcium,
3118 2829 3286 2884 Deum
3314 2831 3578 2890 dicereet

1996 2913 2246 2970 adorare.
2287 2913 2650 2987 Segregamur
2677 2932 2898 2987 quoque
2926 2932 2956 2971 a
3007 2916 3444 2985 Judaizantibus,
3474 2920 3569 2990 qui

1993 3007 2474 3062 Christianismum
2509 3007 2565 3060 in
2592 3005 2880 3062 Judaismo
2909 3007 3248 3078 depravant:
3284 3010 3376 3080 qui
3416 3025 3567 3074 cum,

290 3117 423 3152 τωνο
488 3102 578 3166 οἳ,
633 3104 730 3157 τὸν
766 3105 829 3158 ὲκ
865 3105 965 3158 τοῦ
1006 3103 1142 3157 Θεοῦ
1180 3106 1312 3159 Θεὸν
1360 3108 1708 3180 ἀρνούμενοι,
1758 3110 1887 3163 Θεὸν

1993 3099 2085 3169 qui
2115 3114 2180 3154 ex
2206 3097 2316 3153 Deo
2343 3106 2448 3164 est,
2480 3097 2647 3154 Deum
2671 3114 2794 3156 esse
2818 3109 3016 3170 negant
3049 3120 3060 3154 :
3098 3099 3376 3172 Deumque
3399 3117 3568 3156 unum

284 3193 381 3246 ἕνα
451 3195 862 3268 παραπλησίως
932 3198 1207 3262 Ἰουδαίοις
1275 3198 1524 3268 λέγουσιν
1561 3219 1574 3232 ·

288 3289 450 3358 μόνος
511 3289 852 3360 ἀγέννητοςο
880 3289 978 3342 καὶ
1040 3289 1200 3360 μόνος
1255 3289 1406 3361 πηγὴ
1464 3290 1736 3362 θεότητος,
1799 3290 1886 3344 διὰ

278 3381 442 3436 τοῦτο
505 3383 817 3450 φάσκοντες
876 3381 1042 3435 αὐτὸν
1106 3378 1242 3435 εἶναι
1309 3382 1466 3453 μόνον
1531 3383 1696 3436 Θεόν’
1769 3382 1882 3436 ἀλλ’

278 3471 355 3534 ὡς
412 3472 616 3540 ἄγονον
673 3470 804 3524 Υίοῦ
860 3470 962 3525 καὶ
1018 3470 1264 3542 ἄκαρπον
1311 3470 1507 3538 ζῶντος
1559 3472 1732 3541 Λόγου
1792 3474 1884 3526 καὶ

280 3564 480 3630 σοφίας
526 3563 813 3634 ἀληθινῆς.
867 3562 1045 3632 Λόγον
1092 3562 1198 3634 γὰρ
1243 3559 1354 3616 οἷον
1402 3564 1495 3618 τὸν
1543 3565 1608 3617 ὲκ
1659 3563 1883 3634 καρδίας

279 3652 577 3724 ἀνθρώπου
646 3653 928 3724 νομίζουσι
999 3653 1089 3706 τὸν
1149 3652 1244 3706 τοῦ
1305 3653 1480 3719 Θεοῦ,
1541 3653 1636 3708 καὶ
1692 3653 1881 3723 σοφίαν

275 3743 479 3799 ὁποίαν
522 3747 626 3817 τὴν
663 3747 722 3798 ὲν
760 3745 907 3816 ψυχῇ
933 3760 948 3774 ο
1007 3745 1101 3798 καὶ
1150 3744 1240 3798 διὰ
1272 3744 1429 3797 τοῦτο
1484 3745 1774 3816 πρόσωπον
1822 3743 1880 3797 ἓν

274 3835 374 3888 τὸν
398 3837 536 3890 Θεὸν
567 3839 688 3908 ἆμα
718 3837 795 3907 τῷ
808 3839 971 3907 Λόγῳ
1004 3836 1192 3906 φασίν·
1213 3836 1402 3904 ὥσπερ
1432 3837 1527 3889 καὶ
1551 3837 1644 3889 τὸν
1673 3836 1880 3909 ἅνθρω-

274 3943 382 3982 ωον
414 3929 630 4000 ἆματῷ
652 3929 845 3982 ἑαυτοῦ
877 3929 1038 3998 Λόγῳ
1066 3926 1348 4000 ἄνθρωπον
1381 3927 1496 3989 ἕνα,
1531 3927 1682 3980 οὐδὲν
1721 3927 1880 3981 πλέον

292 4021 571 4075 Ἰουδαίων
615 4018 974 4085 δοξάζοντες,
1021 4019 1129 4072 τῶν
1181 4020 1283 4073 οὐκ
1328 4018 1745 4088 ἀποδεξαμένων
1789 4019 1880 4072 τὸν

279 4112 682 4184 εὖαγγελιστὴν
712 4115 801 4166 τὸν
841 4113 1009 4174 εὐθὺς
1041 4111 1148 4182 (78)
1186 4110 1245 4176 ἐξ
1271 4110 1443 4182 ἀρχῆς
1477 4109 1714 4180 βοῶντα·
1749 4130 1768 4162 ι
1793 4110 1880 4164 Ἐν

281 4202 425 4273 ἀρχῇ
457 4199 525 4274 ἦν
553 4205 584 4255 ὁ
614 4203 807 4271 Λόγος,
838 4203 938 4256 καὶ
970 4203 998 4254 ό
1022 4202 1193 4270 Λόγος
1222 4196 1290 4273 ἦν
1317 4200 1454 4272 πρὸς
1476 4202 1568 4254 τὸν
1597 4200 1750 4267 Θεὸν,
1786 4201 1880 4254 καὶ

278 4290 416 4354 Θεὸς
458 4289 527 4364 ἦν
557 4295 586 4346 ὁ
618 4294 811 4361 Λόγος.
838 4311 856 4343 ο
920 4292 987 4344 El
1012 4291 1120 4362 γὰρ
1153 4291 1210 4346 ὲν
1249 4291 1447 4362 καρδίᾳ
1485 4291 1656 4359 Λόγον
1693 4292 1720 4344 ό
1747 4289 1879 4354 Θεὸς

281 4382 397 4452 ἔχει
430 4387 508 4456 μὴ
553 4384 962 4455 γεγεννημένον
1001 4383 1110 4453 (79)
1146 4384 1203 4450 ἐξ
1227 4382 1394 4436 αὐτοῦ
1427 4383 1569 4437 κατὰ
1598 4381 1875 4452 ἀλήθειαν,

281 4473 362 4538 ὡς
393 4476 527 4530 Θεὸν
549 4479 614 4530 ὲκ
631 4477 789 4540 Θεοῦ,
813 4477 936 4539 πῶς
968 4474 1034 4528 ἂν
1063 4474 1148 4544 εἴη
1180 4475 1316 4547 πρὸς
1341 4475 1432 4528 τὸν
1460 4475 1591 4527 Θεὸν
1618 4474 1647 4526 ὁ
1675 4473 1874 4542 Λόγος;
1912 4518 1954 4572 D

285 4567 379 4618 καὶ
399 4567 519 4631 πῶς
536 4568 603 4622 ἂν
620 4569 705 4636 εἴη
723 4567 858 4630 Θεός
881 4584 895 4632 ;
923 4567 1002 4619 Οὐ
1016 4565 1122 4636 γὰρ
1135 4565 1164 4617 ό
1182 4565 1338 4636 λόγος
1352 4565 1464 4635 (80)
1482 4564 1574 4618 τοῦ
1592 4564 1877 4636 ἀνθρώπου

283 4657 574 4729 ἄνθρωπός
609 4661 725 4713 ἐστι
765 4659 908 4730 πρὸς
939 4657 1248 4729 ἄνθρωπον,
1291 4659 1412 4710 ἐπεὶ
1441 4659 1578 4729 μήτε
1605 4656 1711 4720 ζῶν
1738 4657 1876 4721 ἐστι,

288 4749 428 4818 μήτε
460 4747 727 4818 ὑφεστὼς,
755 4749 898 4803 ἀλλὰ
947 4746 1127 4817 ζώσης
1165 4747 1392 4819 καρδίας
1431 4749 1522 4800 καὶ
1562 4746 1880 4817 ὑφεστώσης

284 4839 498 4911 κίνημα
536 4843 723 4912 μόνον·
780 4841 882 4894 καὶ
930 4839 1147 4906 λέγεται
1203 4839 1582 4910 παραχρῆμα,
1633 4840 1726 4892 καὶ
1777 4840 1878 4892 οὐκ

288 4931 426 4999 εστι,
468 4935 562 4989 καὶ
596 4933 860 4997 πολλάκις
905 4930 1238 5001 λαλούμενος
1283 4932 1396 5002 (81)
1450 4930 1702 4984 οὐδέποτε
1761 4931 1877 4985 δια-

364 5091 407 5122 ⁸³
445 5091 630 5148 Ilatth.
672 5109 742 5158 ι,
775 5092 873 5147 55.
956 5088 1001 5119 “
1042 5087 1173 5143 ibid.
1209 5088 1299 5144 5‘2.
1382 5088 1427 5119 ¹⁸
1463 5086 1624 5142 Joan.
1660 5103 1714 5150 ι,
1760 5087 1815 5141 l.

363 5247 473 5320 (Β)
510 5228 909 5320 Seguerianus,
954 5241 1210 5320 πολλάκις
1242 5242 1480 5320 ασεὸεῖς.
1719 5309 1759 5320 ἢ
1829 5309 1840 5320 .

366 5309 476 5386 (75)
508 5309 905 5386 (ἱοῖήθι-ἰιωιῃξ
933 5323 992 5386 et
1030 5314 1377 5383 Seguerian.,
1403 5311 1676 5386 γίγνηται.
1719 5309 1874 5386 Basi-

298 5381 498 5457 liensis,
535 5389 768 5457 γίνεται.
824 5384 979 5440 Editi
1009 5381 1138 5438 vero
1177 5392 1232 5438 et
1275 5383 1455 5438 caeteri
1491 5381 1873 5451 manuscripti,

297 5454 558 5521 γίγνεται.’

365 5526 470 5598 liti)
505 5527 880 5585 Goblerianus
909 5523 1077 5598 habet
1104 5522 1274 5598 mp£,_
1290 5522 1450 5577 male.

372 5589 478 5667 (Π)
508 5601 612 5667 Kal
640 5589 1187 5667 ἐπαττελλομένφζ
1243 5592 1405 5667 Deest
1455 5592 1509 5667 in
1545 5589 1764 5667 Gobler:
1821 5595 1874 5644 et

293 5657 595 5727 Felcktm'l.
621 5669 750 5722 Mox
774 5657 984 5720 'o'mnes
1001 5657 1227 5716 bmnino
1247 5661 1464 5718 co'dices
1489 5662 1707 5721 habent,
1739 5661 1863 5728 ὁμο-

293 5732 500 5808 λογήσει
529 5743 586 5795 ἑν
613 5739 768 5812 ἐμοί,
798 5733 904 5793 sed
931 5732 1092 5789 male.
1125 5731 1247 5788 Mox
1277 5731 1430 5799 κάγώ
1455 5731 1604 5786 deest
1641 5732 1694 5784 in
1716 5728 1869 5784 Basi-

1646 3167 1743 3272 οόχ
1805 3203 1886 3255 δτι
1917 3167 1960 3227 C
1994 3167 2453 3263 quemadmodum
2494 3189 2668 3246 Judaei
2705 3167 3004 3262 praedicant
3038 3211 3050 3247 :
3085 3194 3174 3263 qui
3228 3167 3338 3247 non
3381 3208 3447 3248 eo
3479 3194 3566 3248 di-

1993 3294 2127 3342 cunt
2161 3287 2339 3357 ipsum
2367 3303 2492 3343 esse
2534 3287 2711 3342 solum
2761 3285 2950 3351 Deum,
2986 3285 3131 3358 quod
3153 3287 3308 3342 solus
3333 3302 3443 3341 non
3469 3301 3565 3357 ge-

1992 3379 2168 3442 nitus,
2191 3385 2246 3432 et
2267 3377 2412 3448 quod
2443 3377 2596 3434 solus
2622 3375 2744 3430 fons
2774 3375 2994 3430 deitatis
3034 3375 3141 3441 sit;
3177 3375 3270 3430 sed
3296 3375 3442 3446 quod
3473 3373 3567 3431 Fl-

1991 3467 2125 3522 lium
2153 3483 2263 3522 non
2291 3469 2560 3539 genuerit,
2587 3481 2691 3520 nec
2738 3464 2977 3521 Verbum
3026 3465 3237 3528 vivens,
3270 3479 3569 3537 veramque

1989 3560 2312 3630 sapientiam
2345 3559 2684 3629 produxerit.
2719 3555 2854 3610 Nam
2909 3555 3146 3611 Verbum
3195 3555 3289 3611 Dei
3322 3558 3566 3619 taleexi-

1989 3653 2235 3712 stimant,
2273 3651 2434 3719 quale
2457 3648 2591 3703 illud
2621 3664 2686 3703 ex
2729 3647 2970 3701 humano
3001 3646 3164 3701 corde
3205 3647 3510 3716 procedens
3544 3665 3560 3703 :

1989 3750 2042 3797 et
2093 3741 2416 3810 sapientiam
2477 3738 2596 3804 Dei,
2647 3740 2864 3810 qualem
2928 3738 3073 3792 illam
3107 3755 3228 3809 qua:
3278 3739 3334 3793 in
3380 3739 3560 3794 anima

1986 3831 2202 3888 exsistit
2224 3849 2238 3886 :
2257 3839 2588 3902 quapropter
2603 3829 2770 3885 Deum
2792 3845 2915 3884 cum
2939 3828 3114 3885 Verbo
3132 3845 3231 3884 suo
3250 3829 3359 3900 29
3376 3843 3563 3900 perso-

1987 3939 2113 3979 nam
2133 3939 2295 3978 unam
2312 3939 2435 3979 esse
2453 3923 2664 3987 dicunt,
2687 3931 2743 3977 ut
2761 3932 2815 3979 et
2839 3923 3113 3977 hominem
3136 3937 3259 3977 cum
3277 3923 3441 3978 verbo
3458 3937 3560 3977 suo

1987 4015 2260 4071 hominem
2292 4031 2484 4080 unum,
2509 4030 2610 4071 nec
2631 4016 2755 4086 plus
2778 4030 2942 4086 quam
2964 4013 3135 4070 Judaei
3166 4015 3431 4078 sentiunt,
3465 4015 3558 4084 qui

1985 4107 2377 4179 evangelistam
2426 4121 2539 4162 non
2576 4106 2873 4177 recipiunt,
2915 4105 2982 4162 ab
3011 4107 3131 4176 ipso
3164 4106 3347 4160 statim
3403 4105 3558 4159 initio

1985 4200 2354 4256 clamantem:
2396 4217 2415 4250 ι
2455 4198 2510 4253 In
2571 4199 2840 4269 principio
2886 4207 3005 4254 erat
3038 4197 3294 4263 Verbum,
3326 4205 3378 4252 ct
3433 4196 3560 4251 Vero

1985 4292 2116 4346 bum
2162 4298 2280 4347 erat
2319 4290 2461 4360 apud
2506 4289 2700 4356 Deum,
2733 4300 2787 4345 et
2841 4289 2986 4346 Deus
3014 4297 3130 4344 erat
3165 4287 3407 4343 Verbum
3433 4288 3498 4343 ¹⁸.
3533 4305 3550 4338 ι

1989 4381 2048 4438 Si
2079 4383 2227 4439 enim
2256 4381 2402 4438 Deus
2446 4380 2688 4437 Verbum
2742 4382 2797 4436 in
2844 4382 3010 4436 corde
3051 4381 3236 4443 habet,
3285 4394 3392 4433 non
3432 4392 3462 4431 a
3495 4393 3556 4433 se

1984 4489 2172 4530 revera
2211 4475 2476 4544 genitum,
2500 4483 2560 4529 ut
2581 4472 2750 4528 Deum
2783 4488 2850 4528 ex
2909 4473 3054 4538 Deo;
3087 4470 3360 4543 quomodo
3411 4469 3552 4540 apud

1986 4563 2157 4620 Deum
2220 4563 2457 4620 Verbum
2515 4564 2908 4620 exstiterit?et
2953 4565 3047 4636 qui
3095 4563 3208 4618 ileri
3264 4569 3444 4633 potest
3495 4569 3553 4614 ut

1987 4653 2227 4711 Verbum
2261 4653 2406 4710 Deus
2445 4654 2648 4710 fuerit?
2682 4652 2801 4709 Non
2841 4655 2987 4710 enim
3043 4654 3267 4709 verbum
3315 4649 3552 4706 hominis

1982 4745 2146 4800 homo
2175 4755 2258 4801 est
2289 4745 2430 4814 apud
2463 4744 2758 4811 hominem,
2795 4760 2920 4800 cum
2967 4759 3070 4800 nec
3098 4743 3242 4797 vivat
3289 4755 3388 4796 nec
3421 4738 3551 4793 sub-
3632 4769 3633 4772 η

1981 4839 2161 4902 sistat,
2187 4838 2282 4893 sed
2303 4837 2409 4892 vivi
2433 4845 2487 4892 et
2521 4837 2876 4894 subsistentis
2921 4834 3106 4893 cordis
3131 4843 3310 4888 motus
3335 4838 3543 4886 tantum

1981 4931 2094 4986 sit:
2124 4929 2269 5001 quod
2299 4945 2422 4984 mox
2467 4935 2526 4984 ut
2568 4931 2980 4999 pronuntiatum
3012 4936 3114 4994 est,
3160 4939 3267 4980 non
3312 4920 3548 4990 amplius

1987 5237 2143 5292 liensi
2175 5248 2229 5292 et
2259 5237 2614 5307 Segueriano.

2049 5308 2163 5375 (78)
2192 5296 2366 5371 Ειθιξ
2393 5310 2620 5362 habetur
2651 5305 2704 5357 in
2741 5301 2875 5375 solis
2915 5298 3077 5354 Basil.
3101 5306 3154 5353 et
3185 5296 3412 5375 Seguer.

2055 5370 2166 5447 (79)
2194 5370 2411 5433 Gobler.
2439 5386 2493 5434 et
2520 5376 2742 5446 Seguer.
2771 5371 2972 5426 habent
3013 5370 3392 5440 γεγενημένον,
3437 5381 3553 5437 ρετ-

1983 5463 2408 5586 βρίὲδιίᾋόγος.
2442 5517 2603 5572 Deest
2626 5515 2680 5586 in
2709 5510 3059 5586 Segueriano.

2051 5581 2163 5659 (81)
2210 5581 2412 5644 Οιήηὸε
2461 5603 2594 5643 mss.
2643 5581 2880 5659 habent
2936 5581 3298 5659 καλούμενος,
3354 5582 3552 5649 praeter

1979 5651 2206 5730 Segucr.
2237 5659 2328 5728 qui
2357 5659 2530 5713 multo
2553 5655 2769 5722 melius,
2798 5651 3122 5722 λαλούμενος
3152 5651 3334 5705 habet.
