4048 6406
549 333 619 393 99
1727 329 1785 387 8.
1826 327 2282 388 ATHA‘NASlUS.
2322 361 2392 371 --
2429 328 2653 385 DUBIA.

547 444 765 501 exsistit
805 464 819 499 :
854 457 918 500 ac
952 443 1081 502 licet
1102 431 1645 517 pluriet'repetitum,
1677 456 1954 512 nunquam
1984 457 2105 513 per-

2212 441 2379 512 μένει.
2431 442 2532 497 Τὸν
2557 442 2615 499 δὲ
2643 441 2735 495 τοῦ
2781 439 2916 494 Θεοῦ
2960 440 3131 509 Λόγον
3174 439 3379 495 ἄνωθεν
3424 438 3455 492 6
3484 438 3775 510 ψαλμῳδὸς
3884 461 3909 480 α

548 542 751 595 manet.
781 533 857 591 De
887 532 1064 591 Verbo
1087 546 1263 591 autem
1294 533 1386 590 Dei
1421 532 1628 603 jamdiu
1685 531 1945 601 pr0pbeta
1975 517 2110 601 prae-

548 626 764 682 dicarat
819 626 907 683 bis
934 627 1158 683 verbis:
1201 648 1219 679 ι
1267 626 1328 681 1η
1376 633 1661 688 aeternum,
1694 623 1942 689 Domine,
1975 623 2109 679 Ver-

548 720 678 775 bum
712 726 866 775 tuum
906 725 1185 790 permanet
1230 719 1284 772 in
1316 717 1457 773 cmlo
1480 718 1545 771 ’⁵.
1582 734 1602 769 ι
1638 714 1755 783 Qua
1787 716 1844 769 in
1890 731 1948 771 re
2006 715 2109 784 ipsi

548 817 816 864 consonat
840 808 1189 878 evangelista,
1225 807 1319 876 qui
1344 805 1583 860 Verbum
1605 821 1731 862 esse
1782 803 1949 859 Deum
1980 820 2112 859 con-

553 901 754 964 litetur,
777 901 904 954 dum
936 900 1084 953 illum
1132 901 1449 968 apparuisse
1477 899 1787 963 annuntiat,
1822 897 2111 953 advenisse

545 1000 754 1052 narrat,
789 998 843 1046 et
868 991 1205 1045 incarnatum
1240 990 1409 1045 fuisse
1456 990 1734 1061 praedicat,
1767 1004 1867 1044 nec
1929 996 2109 1046 tamen

552 1079 766 1141 Patrem
824 1081 881 1136 in
910 1080 1072 1138 Verbi
1137 1082 1514 1137 incarnatione
1559 1081 1979 1153 complectitur;
2035 1081 2111 1135 ait

545 1172 690 1227 enim
723 1185 737 1220 :
774 1189 793 1222 ι
826 1167 1064 1225 Verbum
1089 1185 1226 1225 caro
1255 1170 1460 1225 factum
1494 1178 1580 1226 est
1632 1178 1686 1225 et
1733 1169 1996 1224 habitavit
2054 1169 2110 1224 in

544 1263 751 1321 nobis:
801 1270 855 1319 et
898 1262 1135 1317 vidimus
1202 1262 1430 1333 gloriam
1486 1261 1625 1330 ejus,
1676 1261 1902 1333 gloriam
1953 1260 2109 1332 quasi

549 1350 823 1422 Uuigeniti
867 1367 898 1407 a
932 1351 1114 1417 Patre,
1157 1354 1373 1423 plenum
1405 1355 1591 1424 gratia:
1625 1359 1680 1407 et
1720 1352 2046 1407 veritatis”.
2084 1370 2103 1404 ι

548 1441 895 1514 Unigenitum
953 1443 1190 1499 Verbum
1237 1444 1292 1499 in
1333 1444 1540 1500 mundo
1570 1445 1750 1501 cernis
1796 1444 2110 1500 manifesta-

544 1541 684 1598 tum,
722 1535 864 1590 iuter
888 1534 1139 1590 homines
1166 1536 1435 1598 habitare.
1465 1537 1803 1608 gloriamque
1835 1538 1913 1592 illi
1951 1538 2110 1591 attri-

544 1626 660 1688 bui.
696 1627 855 1698 quasi
902 1625 1181 1699 Unigeniti
1227 1642 1258 1681 a
1310 1626 1469 1683 Patre
1508 1643 1664 1684 :non
1716 1628 1877 1699 quasi
1929 1630 2108 1700 ipsum

544 1715 787 1775 Verbum
822 1718 983 1774 Pater
1012 1720 1105 1785 sit,
1136 1734 1238 1775 nec
1267 1720 1424 1791 quasi
1447 1719 1607 1777 Pater
1637 1735 1747 1777 una
1773 1737 1900 1777 cum
1924 1720 2106 1777 Verbo

3673 326 3772 385 iOO

2208 533 2495 607 ἐκεκράγει
2521 534 2692 603 λέγων
2713 532 2822 604 (82)
2839 547 2853 563 ⁸
2889 552 2908 583 ι
2932 532 3026 596 Et;
3059 532 3147 584 τὸν
3174 532 3365 595 αίῶνα,
3396 530 3589 603 Κύριε,
3620 530 3650 583 6
3672 529 3776 583 Δό-

2208 643 2304 695 γος
2345 644 2437 682 σου
2483 627 2722 698 διαμένει
2774 628 2833 680 ὲν
2877 624 2955 696 τῷ
2983 624 3224 696 οὐρανῷ·
3256 643 3275 676 ι
3336 625 3432 678 καὶ
3485 622 3774 694 σύμφωνος

2208 717 2358 789 αὐτῷ
2392 718 2421 771 6
2443 718 2573 772 Θεὸν
2600 716 2738 773 εἶναι
2764 718 2853 771 τὸν
2876 718 3045 785 Λόγον
3069 715 3343 786 ὁμολογῶν
3364 712 3772 783 εὖαγγελιστὴς,

2210 810 2586 881 φανερωθέντα
2643 827 2702 865 τε
2738 810 2899 867 αὐτὸν
2947 808 3384 877 εὐαγγελίζεται,
3438 804 3534 859 καὶ
3592 821 3773 875 παρα-

2208 899 2496 971 γενόμενον
2557 900 2771 970 μηνύει,
2831 900 2925 954 καὶ
2979 898 3328 969 σαρκωθέντα
3383 897 3661 967 κηρύττει,
3710 896 3772 949 οὗ

2212 991 2742 1062 συμπεριλαμϐάνων
2775 993 2840 1060 τῇ
2882 989 2976 1045 τοῦ
3006 989 3180 1057 Λόγου
3225 986 3493 1058 σαρκώσει
3537 988 3625 1040 τὸν
3664 971 3775 1040 Πα-

2208 1079 2371 1149 τέραο
2414 1097 2432 1129 ι
2474 1080 2532 1133 ’0
2564 1080 2754 1146 Λόγος,
2812 1080 2920 1149 γάρ
2979 1094 3132 1147 φησι,
3192 1078 3327 1149 σὰρξ
3384 1078 3494 1148 (85)
3537 1078 3770 1147 ἐγένετο,

2209 1169 2304 1223 καὶ
2334 1171 2640 1239 ἐσκήνωσεν
2693 1171 2750 1221 έν
2783 1171 2933 1240 ἡμῖν,
2976 1168 3070 1221 καὶ
3102 1166 3443 1238 ἐθεασάμεθα
3477 1168 3577 1238 τὴν
3616 1164 3774 1233 δόξαν

2208 1259 2393 1324 αὐτοῦ,
2426 1260 2580 1324 δόξαν
2629 1277 2704 1324 ως
2730 1259 3063 1328 Μονογενοῦς
3094 1258 3246 1329 παρὰ
3285 1259 3519 1329 Πατρὸς,
3560 1260 3773 1329 πλήρης

2207 1349 2427 1421 χάριτος
2459 1350 2576 1403 καὶ·
2604 1349 2877 1420 ἀληθείας.
2912 1369 2930 1399 ι
2977 1349 3255 1419 Μονογενῆ
3296 1349 3387 1402 τὸν
3423 1350 3593 1418 Λόγον
3642 1348 3771 1402 ὅντα

2206 1441 2338 1512 ὁρᾷς
2366 1443 2424 1493 ἐν
2481 1441 2669 1511 κόσμῳ
2715 1441 3138 1515 φανερούμενον,
3199 1443 3257 1494 έν
3299 1440 3606 1511 ἀνθρώποις
3639 1457 3771 1512 σκηο

2207 1532 2421 1593 νοῦντα,
2475 1532 2631 1599 δόξαν
2663 1532 2809 1603 αὑτῷ
2849 1532 3280 1604 κηρυσσομένην,
3334 1531 3409 1595 ὡς
3437 1528 3771 1598 Μονογενοῧς

2208 1623 2358 1693 παρὰ
2397 1624 2608 1695 Πατρός
2627 1640 2641 1654 ο
2678 1624 2776 1694 οὐχ
2808 1624 2883 1688 ὡς
2911 1623 3118 1693 Πατρός
3145 1621 3307 1675 αὐτοῦ
3338 1622 3510 1685 όντος,
3560 1621 3667 1674 οὐδ’
3695 1620 3770 1684 ὡς

2209 1713 2301 1769 τοῦ
2348 1714 2560 1786 Πατρός
2593 1716 2706 1786 ἅμα
2731 1714 2808 1787 τῷ
2850 1716 3007 1785 Λόγῳ
3039 1713 3353 1786 πεφηνότος,
3384 1710 3569 1783 ὥσπερ
3615 1714 3644 1765 6
3676 1711 3770 1766 ἄν·

540 1826 670 1866 sese
720 1810 1169 1875 manifestaverit,
1225 1813 1370 1866 sicut
1446 1812 1610 1867 homo
1661 1828 1769 1869 una
1824 1830 1949 1870 cum
2003 1830 2104 1870 suo

2206 1806 2419 1878 θρωπος
2461 1807 2576 1877 ἅμα
2606 1805 2685 1877 τῷ
2718 1805 2908 1860 ἑαυτοῦ
2944 1805 3191 1876 φαίνεται
3222 1804 3384 1875 λόγῳ,
3409 1802 3505 1857 καὶ
3532 1803 3632 1856 οὐκ
3657 1801 3771 1857 ἐστι

544 1902 710 1957 verbo
760 1909 983 1971 apparet
1018 1920 1032 1957 :
1069 1917 1245 1971 neque
1283 1910 1463 1972 potest
1520 1918 1783 1974 apparere
1837 1907 2061 1962 verbum
2087 1947 2101 1971 ,

545 1994 652 2048 nisi
685 1993 732 2046 is
756 1993 848 2061 qui
877 1990 1012 2046 illud
1041 1992 1257 2055 eﬂ‘atur,
1283 1994 1428 2051 adsit
1479 2005 1534 2050 et
1566 1997 1840 2066 loquatur.
1867 1997 2106 2065 Quibus-

544 2097 672 2136 nam
704 2083 870 2153 igitur
892 2080 1214 2137 credemus?
1260 2082 1404 2138 lisne
1456 2085 1550 2155 qui
1610 2086 1770 2141 nobis
1807 2088 2107 2157 pradicant

542 2171 741 2231 Filium
774 2188 805 2226 a
836 2171 998 2228 Patre
1039 2173 1365 2241 advenisse;
1399 2190 1469 2230 an
1522 2177 1590 2232 iis
1624 2178 1716 2248 qui
1750 2176 1964 2234 Patrem
1997 2196 2105 2236 una

542 2278 669 2319 cum
703 2262 865 2329 Filio,
900 2279 1062 2318 unam
1093 2279 1384 2334 personam
1440 2282 1561 2322 esse
1604 2267 1838 2322 dicunt?
1867 2268 1931 2333 Si.
1959 2270 2103 2325 enim

544 2356 706 2409 unica
770 2356 843 2412 sit
896 2370 1153 2427 persona,
1188 2356 1462 2426 quomodo
1503 2358 1592 2413 illa
1645 2358 1867 2429 quidem
1915 2360 2103 2426 mittit,

540 2446 659 2502 haec
687 2461 813 2502 vero
840 2447 1075 2501 mittitur
1101 2457 1154 2502 et
1184 2463 1280 2519 per
1307 2463 1525 2503 carnem
1549 2451 1923 2520 conspicitur?
1945 2450 2103 2518 Nam,

548 2557 570 2590 ε
604 2538 773 2593 Deum
808 2552 968 2592 nemo
998 2537 1133 2591 vidit
1166 2552 1436 2608 unquam;
1465 2540 1776 2609 uuigenitus
1819 2540 1991 2597 Filius
2011 2543 2106 2614 qui

543 2636 630 2687 est
659 2630 713 2683 in
748 2628 871 2685 sinu
926 2626 1128 2694 Patris,
1176 2630 1297 2700 ipse
1333 2632 1603 2685 enarravit
1624 2632 1665 2663 "'
1708 2652 1751 2697 ι,
1784 2633 2108 2691 adveniens-

542 2735 649 2790 que
682 2721 796 2791 ipse
826 2729 1018 2775 sancta
1053 2735 1184 2775 voce
1219 2722 1479 2792 loquitur,
1505 2737 1569 2777 ac
1610 2724 1852 2795 seipsum
1880 2727 2106 2798 conspi-

542 2810 797 2865 ciendum
822 2812 1044 2881 praebet,
1076 2819 1240 2881 atque
1275 2812 1370 2865 illo
1403 2810 1566 2867 modo
1608 2812 1789 2869 Patris
1840 2815 2108 2886 cognitio-

539 2916 666 2957 nem
698 2901 939 2956 indicat:
973 2918 992 2951 ι
1025 2900 1127 2968 Qui
1161 2901 1297 2954 vidit
1334 2916 1443 2965 me,
1480 2901 1618 2957 vidit
1659 2909 1713 2959 et
1760 2899 2048 2968 Patrem",
2082 2924 2101 2958 ι

541 3006 645 3047 nec
676 3005 735 3046 se
761 2993 873 3063 ipse
909 2989 1125 3045 Patrem
1146 2990 1281 3045 dicit
1317 3007 1331 3042 :
1367 2992 1640 3061 quomodo
1684 2995 1830 3048 enim
1868 2994 1922 3047 id
1956 2993 2108 3049 dicc-

542 3092 649 3148 ret,
677 3097 799 3138 cum
823 3082 1112 3138 invisibilis
1144 3082 1232 3139 ille
1259 3083 1364 3139 sit?
1405 3085 1510 3141 Sed
1543 3101 1601 3141 se
1627 3084 1789 3141 talem
1821 3100 1944 3141 esse
1966 3101 2105 3155 qua-

542 3173 613 3230 iis
642 3182 726 3229 est
754 3171 915 3228 Pater
949 3191 965 3229 :
1002 3190 1128 3229 nam
1185 3176 1441 3247 superius
1464 3177 1676 3232 dixerat
1707 3194 1719 3231 :
1763 3195 1785 3230 ι
1822 3177 1880 3232 Si
1906 3192 2109 3248 cogno-

540 3262 759 3319 vissetis
789 3280 895 3327 me,
924 3279 981 3320 et
1027 3265 1242 3323 Patrem
1294 3284 1474 3323 meum
1530 3271 1717 3340 utique
1759 3272 2110 3341 cognovisse-

541 3354 614 3410 tis
633 3354 733 3409 ".t
772 3354 983 3422 Quibus
1004 3357 1321 3414 dualitatem
1353 3376 1711 3430 personarum
1740 3367 1925 3431 aperte
1950 3360 2109 3417 nobis

542 3445 880 3522 (καὶαι-τιμαί
937 3449 1138 3504 deitate
1200 3450 1257 3505 in
1303 3451 1457 3506 nullo
1508 3452 1761 3507 dissimili
1811 3451 2104 3522 cognitam.

541 3534 883 3608 Quapropter
903 3540 995 3607 qui
1056 3537 1179 3594 Filii
1249 3549 1551 3612 conspectu
1597 3541 1796 3612 dignus
1851 3541 2103 3606 habetur,

540 3637 837 3698 conspectu
863 3628 1037 3686 Patris
1080 3632 1302 3687 minime
1330 3631 1601 3702 privatur.
1630 3631 1751 3687 Non
1784 3632 1927 3688 enim
1956 3634 2106 3704 geni-

540 3726 629 3773 tor
650 3722 753 3775 sibi
781 3721 1102 3779 dissimilem
1134 3727 1437 3795 generavit.
1466 3723 1562 3780 sed
1589 3725 1752 3780 talem
1786 3725 1966 3795 qualis
1990 3724 2107 3795 ipse

539 3813 648 3862 est.
679 3805 737 3860 Si
772 3808 954 3878 itaque
986 3810 1200 3865 unicam
1224 3826 1337 3868 rem
1361 3811 1627 3867 duntaxat
1651 3814 1953 3876 existimas,
1978 3830 2103 3868 cum

540 3907 728 3949 revera
768 3895 889 3950 dua:
926 3900 1059 3964 sint,
1094 3897 1312 3956 Patrem
1368 3908 1423 3957 et
1475 3901 1673 3957 Filium
1710 3904 1949 3974 ignoras.
1975 3903 2105 3971 Qua;

539 4000 670 4055 ergo
700 3987 795 4041 tibi
825 4004 948 4042 cum
975 3991 1349 4047 ecclesiastica
1379 3991 1623 4048 doctrina
1660 3996 1971 4049 communio
2009 4012 2105 4052 su-

540 4076 762 4145 perest?
817 4074 1001 4146 Ecqua
1056 4080 1268 4134 ratione
1320 4078 1536 4136 Domini
1606 4097 1770 4138 voces
1815 4086 2099 4156 excipias:

547 4181 567 4215 ι
588 4161 751 4235 Ego,»
782 4164 977 4235 inquit,
1012 4184 1031 4217 ι
1053 4174 1108 4221 et
1136 4164 1299 4222 Pater
1325 4184 1493 4224 unum
1534 4186 1725 4229 sumus
1741 4174 1784 4205 ¹¹
1805 4173 1856 4227 ἲ»
1890 4190 1952 4231 ac
1983 4192 2104 4230 rur-

541 4268 662 4307 sum
693 4255 762 4309 de
791 4253 951 4310 Patre
979 4255 1293 4313 edisserens
1321 4273 1336 4309 :
1372 4276 1393 4309 ι
1432 4259 1516 4315 Ab
1551 4261 1647 4317 illo
1679 4278 1821 4330 sum,
1848 4283 1867 4316 ι
1904 4265 2098 4336 inquit,

547 4363 567 4395 ι
591 4352 645 4399 et
672 4345 767 4400 ille
789 4360 877 4401 me
903 4345 1109 4400 misit”
1142 4365 1159 4402 :
1193 4365 1212 4397 ι
1237 4347 1405 4402 tertio
1423 4348 1551 4405 item
1586 4366 1601 4403 :
1637 4370 1657 4402 σ
1686 4352 1799 4424 Ego
1821 4355 2043 4424 rogabo.
2078 4376 2096 4408 ι

2208 1898 2441 1969 φανῆναι
2467 1899 2558 1951 τὸν
2612 1898 2788 1966 λόγον,
2824 1898 2871 1950 εί
2908 1897 2981 1968 μὴ
3008 1898 3101 1951 καὶ
3131 1897 3160 1948 6
3182 1895 3356 1950 λαλῶν
3381 1895 3541 1949 αὑτὸν
3569 1894 3768 1966 παρείη

2206 1990 2304 2045 καὶ
2348 1990 2657 2060 φθέγγοιτο.
2684 1989 2835 2042 Τίσιν
2860 1985 2953 2041 οὖν
2982 1987 3303 2059 πιστεύομεν
3348 1987 3458 2057 (84)
3486 2004 3501 2053 ;
3537 1986 3769 2059 Πότερον

2205 2086 2318 2147 τοῖς
2341 2079 2846 2152 εὐαγγελιζομένοις
2890 2081 3019 2151 ἡμῖν
3057 2079 3182 2133 Υίὸν
3217 2078 3367 2151 παρὰ
3402 2076 3615 2149 Πατρός
3653 2079 3773 2129 ἐπι·
3832 2148 3835 2151 ἰ

2205 2173 2566 2247 δεδημηκότα,
2601 2174 2634 2243 ἦ
2680 2174 2791 2237 τοῖς
2836 2170 2894 2224 ἓν
2918 2171 3206 2242 πρόσωπον
3238 2170 3354 2241 ἅμα
3392 2169 3469 2240 τῷ
3499 2169 3655 2241 Λόγῳ
3682 2168 3785 2223 τὸν.

2206 2266 2426 2337 Πατέρα
2453 2265 2750 2334 φάσκουσιν
2782 2259 2958 2328 εἷναις
2999 2261 3063 2316 Εί
3090 2264 3197 2335 γὰρ
3231 2264 3288 2316 ἒν
3313 2263 3622 2333 πρόσωπον,
3657 2260 3774 2328 πῶς

2205 2356 2267 2411 τὺ
2300 2358 2397 2428 μὲν
2421 2355 2834 2421 ἀποστέῦει,τδ
2853 2357 2908 2410 δὲ
2932 2356 3337 2419 ἀποστέλλεται,
3368 2356 3460 2409 καὶ
3490 2354 3770 2426 θεωρεῖται
3863 2367 3870 2373 ·

2206 2447 2292 2501 διὰ
2309 2449 2541 2520 σαρκόςς
2561 2466 2579 2497 ι
2600 2447 2730 2501 Θεὸν
2748 2467 2767 2499 ι
2786 2447 2856 2517 γὰ
2865 2465 2894 2519 ρ
2915 2468 2932 2498 ι
2957 2448 3130 2511 οὐδεὶς
3150 2446 3359 2518 ἑώρακε
3381 2446 3596 2501 πώποτε
3628 2445 3767 2517 (85)·

2205 2541 2236 2593 6
2266 2539 2555 2611 μονογενὴς
2583 2538 2732 2602 Υίὸς,
2768 2540 2796 2591 ὀ
2817 2539 2891 2592 ὢν
2944 2541 3022 2603 είς
3052 2538 3142 2591 τὸν
3177 2539 3373 2592 κόλπον
3408 2538 3501 2591 τοῦ
3536 2539 3768 2610 Πατρὺς,

2206 2629 2412 2694 έκεῖνος
2444 2626 2767 2701 ἐξηγήσατο,
2804 2649 2822 2681 ι
2863 2646 2956 2682 και
3005 2628 3387 2700 παραγεγονὼς
3414 2630 3577 2694 αὐτὸς,
3605 2629 3770 2698 φθέγ-

2205 2739 2357 2792 γεται
2383 2726 2449 2794 τῇ
2481 2723 2609 2795 ἁγίᾳ
2661 2726 2834 2796 φωνῇ,
2868 2722 3120 2796 παρέχων
3151 2723 3251 2794 τὴν
3284 2722 3474 2775 ἑαυτοῦ
3518 2721 3770 2792 θεωρίαν,

2206 2814 2415 2871 καὶᾰά
2452 2816 2653 2889 emitr;
2678 2816 2789 2889 (8'5)
2817 2815 2912 2890 τὴν
2939 2817 3030 2872 τοῦ
3049 2815 3259 2890 Πατρὶς
3281 2813 3571 2886 ἐπίγνωσιν
3589 2817 3772 2870 iano:-

2207 2907 2429 2979 θέμενος
2453 2925 2465 2938 ·
2498 2926 2518 2959 ι
2558 2909 2615 2961 Ὀ
2636 2907 2893 2979 ἑωρακὼς
2936 2908 3056 2979 ἐμὲ,
3108 2906 3316 2978 ἑώρακε
3350 2906 3440 2959 τὸν
3473 2907 3711 2978 Πατέρα,
3748 2924 3767 2958 t

2206 3000 2305 3070 οὐχ
2342 3000 2531 3054 ἑαυτὸν
2558 2995 2695 3053 εἶναι
2725 2999 2817 3052 τὸν
2843 2999 3061 3068 Πατέρα
3104 2998 3347 3066 φάσκων.
3384 2997 3503 3059 πῶς
3528 2998 3657 3070 γὰρ,
3683 2996 3773 3049 τὸν

2208 3090 2471 3163 ἀόρατονς
2505 3090 2639 3144 ἀλλὰ
2658 3090 2893 3144 τοιοῦτον
2913 3086 3023 3144 οἷον
3048 3088 3139 3143 τὸν
3171 3090 3386 3161 Πατέρα
3406 3107 3421 3122 ο
3455 3091 3770 3161 προειρήκει

2208 3184 2347 3255 γάρ·
2384 3201 2403 3234 ι
2439 3183 2502 3236 Ei
2552 3181 2841 3251 ἐγνώκειτέ
2887 3200 2986 3254 με,
3037 3182 3256 3237 καὶτὸν
3289 3181 3507 3253 Πατέρα
3558 3198 3659 3252 μου
3706 3178 3774 3234 ἂν

2207 3272 2382 3344 ᾔδειτε
2423 3271 2554 3343 (87),
2609 3292 2629 3325 ι
2667 3273 2765 3344 τὴν
2797 3272 2965 3328 δυάδα
3010 3272 3117 3325 τῶν
3165 3270 3468 3343 προσώπων
3513 3270 3773 3343 ἄντικρυς

2208 3364 2339 3433 ἡμῖν
2364 3362 2745 3435 ἐξηγούμενος,
2791 3363 3193 3434 ἀπαραλλάκτῳ
3224 3360 3628 3434 γνωριζομένην
3653 3361 3773 3415 θεόο

2205 3468 2348 3523 τητι.
2377 3452 2574 3525 Διόπερ
2603 3455 2632 3507 6
2663 3454 2761 3524 τῆς
2797 3452 2890 3507 τοῦ
2923 3452 3051 3507 Υίοῦ
3097 3451 3514 3522 καταξιούμενος
3542 3450 3773 3524 θεωρίας

2206 3545 2304 3597 οὐκ
2348 3544 2709 3617 ἀπεστέρηται
2741 3547 2837 3616 τῆς
2868 3544 2964 3598 τοῦ
2996 3544 3226 3615 Πατρός.
3253 3544 3325 3598 Οὐ
3361 3544 3471 3616 γὰρ
3512 3544 3721 3600 ἀλλοῖον
3744 3544 3773 3599 6

2205 3636 2481 3707 γεννήτωρ
2498 3634 2707 3704 ἐγέννα,
2724 3635 2855 3691 ἀλλὰ
2870 3636 3105 3689 τοιοῦτον
3119 3632 3227 3699 οἷος
3244 3636 3353 3707 (88)
3363 3636 3536 3699 αὐτός.
3557 3636 3619 3689 Ei
3643 3634 3772 3705 γοῦν

2204 3728 2263 3781 ἓν
2282 3745 2336 3780 τι
2368 3727 2528 3800 μόνον
2560 3722 2697 3782 εἶναι
2731 3730 2959 3800 πρᾶγμα
2985 3730 3243 3800 νομίζεις,
3272 3729 3365 3782 δύο
3389 3729 3444 3781 δὲ
3477 3727 3607 3782 ὄντα
3634 3728 3774 3782 κατᾶ

2205 3819 2483 3891 ἀλήθειαν,
2518 3822 2731 3889 ἀγνοεῖς
2755 3821 2845 3874 τὸν
2875 3821 3097 3892 Πατέρα
3128 3821 3225 3875 καὶ
3264 3820 3352 3874 τὸν
3378 3821 3525 3875 Υίόν,
3558 3820 3656 3885 Τίς
3678 3816 3773 3876 οὖν

2207 3928 2287 3963 σοι
2328 3909 2463 3982 πρὸς
2490 3910 2588 3983 τὴν
2627 3891 3079 3983 ἐκκλησιαστῖκὴν
3120 3909 3465 3964 διδασκαλίαν
3505 3912 3623 3965 ἐστὶ
3658 3930 3771 3967 κοι-

2206 4001 2409 4067 νεηνίας
2438 4001 2565 4066 Πῶς
2582 4001 2638 4056 δὲ
2665 4002 2764 4065 τὰς
2794 4001 2888 4057 τοῦ
2902 4001 3159 4055 δεσπότου
3182 4000 3307 4075 δέξῃ
3336 4001 3539 4070 φωνὰς,
3567 4022 3586 4055 t
3608 4002 3769 4074 Ἐγὼ,

2204 4093 2357 4164 φησὶ,
2393 4093 2486 4147 καὶ
2511 4095 2540 4147 6
2570 4092 2764 4166 Πατὴρ
2794 4092 2903 4165 (89)
2930 4093 2989 4148 ἓν
3021 4093 3217 4165 hausti;
3252 4111 3270 4146 ι
3307 4094 3415 4147 Καὶ
3448 4094 3609 4150 πάλιν
3646 4097 3773 4170 περὶ

2201 4181 2296 4237 τοῦ
2327 4183 2537 4257 Πατρός
2562 4183 2961 4255 διαλεγόμενος,
2988 4202 3008 4236 ι
3038 4185 3176 4257 Παρ¹
3203 4186 3367 4239 αὑτοῦ
3396 4187 3532 4256 είμι,
3562 4205 3581 4239 ι
3615 4187 3767 4258 φησι,

2208 4290 2226 4322 ι
2248 4272 2493 4337 κάκεῖνος
2504 4273 2529 4327 ὲ
2535 4271 2603 4343 μὲ
2619 4272 2922 4326 ἀπέστειλε·
2935 4291 2955 4325 ι
2978 4273 3295 4344 προστίθησι
3313 4274 3370 4328 δὲ
3385 4276 3480 4330 καὶ
3493 4275 3555 4328 τὸ
3567 4278 3767 4347 τρίτον·

2207 4379 2227 4411 ι
2278 4359 2440 4430 Ἐγὼ,
2465 4381 2483 4413 ι
2510 4362 2661 4433 φησὶ,
2699 4382 2718 4413 ι
2752 4363 3117 4434 παρακαλέσω
3146 4364 3237 4418 τὸν
3269 4364 3488 4436 Πατέρα
3520 4383 3647 4438 μου,
3677 4365 3773 4421 καὶ

541 4434 810 4536 ξηίιυὶι,.ι
847 4434 1064 4491 Patrem
1097 4451 1301 4504 meum,
1340 4446 1397 4494 et
1423 4441 1590 4498 alium
1642 4441 1974 4502 Paraclitum
2005 4448 2104 4504 da-

2205 4452 2362 4506 ἄλλον
2393 4453 2746 4525 Παράκλητον
2777 4454 2936 4509 δώσει
2970 4457 3119 4527 ὑμῖν.
3152 4475 3177 4510 ι

543 4525 625 4581 bit
658 4525 811 4581 vobis
825 4526 891 4580 ’³.
934 4544 955 4579 ι

610 4614 668 4669 3.
708 4613 843 4669 Cum
890 4615 1056 4687 igitur
1107 4616 1176 4673 de
1236 4617 1420 4694 seipso
1467 4621 1647 4687 dicat,
1686 4641 1706 4674 r
1752 4623 1865 4698 Ego
1913 4644 1926 4679 :
1984 4648 2003 4682 ι
2038 4628 2106 4686 de

541 4707 703 4767 Patre
756 4722 907 4779 vero,
951 4728 973 4761 ι
999 4711 1143 4768 ille:
1197 4732 1217 4765 ι
1250 4712 1320 4769 de
1379 4711 1586 4786 Spiritu
1650 4730 1844 4775 sancto
1899 4728 2103 4787 autem,

614 4865 664 4939 ’ξ
696 4864 845 4923 Psal.
879 4883 1080 4939 cxvm,
1112 4870 1204 4929 89.
1304 4874 1349 4906 "
1386 4872 1546 4930 Joan.
1586 4890 1634 4936 ι,
1673 4874 1762 4935 ﬂ.

540 4937 588 4977 ’³
621 4934 775 4994 Ion.
808 4952 921 5005 va,
946 4934 1076 4996 39f
1113 4941 1160 4976 "
1192 4940 1351 5000 loan.
1386 4961 1509 5009 xiv,
1542 4934 1633 5000 16.

612 5093 723 5176 ς82)
1014 5098 1174 5176 D_eett
1208 5100 1262 5155 in
1289 5099 1572 5176 Basiliensi
1601 5114 1655 5161 et
1689 5105 1913 5176 Soguer.
1949 5106 2094 5173 Mox,

538 5164 731 5248 Κόριέ,
779 5164 853 5248 in
882 5169 1258 5248 solo_Seguer.
1293 5170 1555 5248 liabetur._
1581 5191 1748 5248 quem
1762 5164 2094 5248 vsequimur,

537 5234 962 5317 quiiinhcraeco
991 5234 1283 5317 Scriptura:
1309 5247 1484 5317 textu,
1514 5234 1704 5317 Κύριε,
1737 5234 1952 5317 legitur.

608 5303 719 5381 (833)
752 5304 827 5358 Ita
853 5308 1017 5381 δεμ.
1052 5303 1293 5367 σι’ϐοω.
1329 5303 1479 5368 Editi
1500 5303 1631 5371 vero
1650 5303 1705 5370 et
1725 5303 1906 5371 caeteri
1935 5329 2093 5381 mss.,

608 5325 719 5374 tuo;
752 5325 827 5358 Ita
853 5325 924 5363 ac
960 5326 1017 5367 υ.

535 5373 659 5450 γὰρ,
672 5372 799 5450 ἔφης
834 5325 986 5450 σάρδξι
1020 5444 1023 5449 .

608 5420 734 5529 ἶέἑῖ
749 5420 1133 5529 ausam.
1166 5452 1546 5529 πιστεύςομεγο

607 5512 718 5582 (85)
760 5512 1174 5594 Iu'edit._Paris.
1204 5534 1259 5579 et
1279 5512 1475 5594 colon.
1509 5523 1734 5594 legitur,
1773 5520 1887 5577 ἀλλ’
1912 5529 2038 5594 ante
2057 5521 2088 5575 6

537 5586 851 5665 μσνῃενής.
908 5590 1001 5645 sed
1040 5605 1163 5665 cum
1187 5608 1298 5665 nec
1322 5593 1378 5646 iu
1421 5586 1659 5665 editione
1696 5591 1961 5651 Commel.
1988 5607 2092 5648 nec

533 5653 803 5781 auxilique
824 5672 930 5715 ms.
959 5674 1060 5716 nec
1092 5664 1150 5716 in
1176 5660 1466 5732 Scriptura
1502 5663 1733 5734 legatur.
1757 5669 2090 5731 expunctum

1866 4877 1916 4910 ¹⁶
1954 4876 2088 4933 ibid.
2125 4877 2214 4933 18.
2288 4881 2332 4913 ¹⁹
2372 4878 2529 4935 Joan.
2565 4896 2688 4947 xlv,
2721 4880 2778 4937 9.

2274 4634 2442 4689 Ὅταν
2468 4628 2561 4688 οὖν
2588 4636 2716 4707 περὶ
2751 4635 2850 4707 μὲν
2875 4633 3067 4689 ἑαυτοῦ
3099 4635 3233 4707 λέγῃ
3258 4634 3340 4701 τὸ,
3376 4656 3395 4689 t
3419 4636 3614 4707 Ἐγώ,ι
3641 4641 3770 4714 περὶ

2202 4724 2259 4776 δὲ
2302 4723 2398 4779 τοῦ
2431 4725 2665 4797 Πατρὸς,
2696 4745 2714 4777 ι
2752 4726 3039 4793 Ἑκεῖνος,ι
3071 4725 3201 4797 περὶ
3215 4722 3271 4780 δὲ
3301 4726 3394 4780 τοῦ
3420 4726 3765 4799 Πνεῦματος,

2883 4882 2931 4919 ¹⁶
2967 4882 3099 4939 ibid.
3139 4884 3189 4940 7.
3300 4886 3344 4920 ²¹
3382 4886 3539 4943 «ἰοειι.
3570 4904 3640 4952 ι,
3672 4888 3763 4946 50.

2269 5108 2381 5188 (86)
2411 5107 2577 5188 ipsa.
2607 5116 2662 5188 et
2691 5108 2918 5181 Seguer.
2941 5110 3267 5178 babent,6tb
3287 5116 3511 5188 ταύτης.
3540 5116 3685 5175 Editi
3709 5127 3767 5174 et

2197 5178 2399 5240 caeteri.
2425 5178 2513 5232 διὰ
2536 5178 2726 5232 ταῦτα.

2261 5247 2382 5371 gl)
2407 5246 2628 5305 Gobler.
2653 5256 2708 5303 et
2743 5246 2887 5305 Felc.
2910 5249 2939 5305 ί
2971 5249 3195 5319 habent,
3216 5252 3511 5321 ἐγνώκειτε
3547 5256 3638 5323 ἃν,
3664 5258 3765 5330 τὴν

2188 5317 2380 5371 δυάδα.

2200 5387 2660 5524 ὃθξᾷιὸἐΐὸεειιειοη
2687 5382 2819 5443 οἷον.
2866 5387 3011 5457 Mox,
3049 5391 3100 5445 εί
3126 5390 3276 5462 γοῦν,
3304 5393 3458 5452 deest
3484 5394 3543 5451 in
3564 5394 3757 5462 Basil.,

2266 5524 2378 5612 (8?)
2407 5525 2657 5612 19.1.02,
2687 5527 3025 5612 Πάτερηδξς
3046 5544 3238 5612 omnes
3423 5534 3586 5612 Edjti.
3613 5533 3763 5612 aut}

2194 5596 2403 5677 Πατήρ.
2436 5593 2571 5677 Ibid.
2604 5593 2928 5677 εοεαε-ζει
2976 5600 3166 5677 B_asiI._,
3200 5598 3292 5677 καί
3320 5604 3411 5677 σε),
3448 5593 3671 5677 Πάτερ,
3699 5606 3760 5659 ιν

2190 5666 2361 5787 :55:
2379 5681 2391 5693 '
2436 5667 2529 5721 καὶ
2578 5666 2756 5738 πάλιν,
2774 5670 2913 5741 Ἐγὼ
2938 5671 3032 5728 καὶ
3057 5673 3087 5726 6
3117 5671 3305 5746 Πατὴρ
3350 5668 3408 5729 ἰν
3443 5666 3638 5749 ἔσμενι
3656 5666 3763 5733 ’καὶ
