4048 6406
302 261 362 323 ιω
1600 273 1879 329 comas
1915 269 2407 328 SABELLIANOS.

3433 275 3534 330 103

236 405 238 407 ν
301 381 474 446 «ἄλλος’
506 401 527 436 ι
569 387 721 452 πῶς
784 390 897 445 οὐκ
935 392 1240 446 αποστασία
1279 393 1455 463 σαφὴς
1485 391 1760 464 ἀρνεῖσθαι
1802 390 1863 443 τὸ

1983 407 2000 435 ι
2030 389 2222 454 Alius;
2255 405 2273 439 ι
2308 401 2492 442 nonne
2531 387 2877 457 apertissima
2910 388 3144 444 defectio
3175 396 3226 444 et
3255 390 3528 458 apostasia

296 470 388 543 τρία,
410 473 504 526 καὶ
547 477 752 547 μόνον
798 477 948 535 εἶναι
996 483 1168 550 λέγειν
1200 482 1292 534 τὸν
1345 483 1619 551 φάσκοντα
1642 499 1655 512 ο
1697 501 1716 533 ι
1751 481 1866 534 Οὐκ

295 563 368 633 “l3l
391 565 568 634 μόνος,
605 570 708 624 ὅτι
737 573 772 624 6
800 573 1032 644 πέμψας
1059 591 1124 644 με
1154 573 1342 645 Πατὴρ
1376 574 1490 644 μετ’
1513 572 1646 644 ἐμοῦ
1672 573 1807 626 ἐστι.
1841 591 1858 623 ν

294 652 433 724 Χρῆται
478 655 544 709 δὲ
584 659 704 712 καὶ
742 667 962 734 νομικῇ
992 666 1137 733 φωνῇ
1160 663 1292 733 (90),
1319 664 1412 716 καὶ
1443 662 1746 733 διὰταύτης
1772 661 1864 714 δύο

295 742 563 814 παρίστησιν
601 747 803 813 ὄντας
830 752 1002 803 αὐτόν
1026 769 1081 804 τε
1110 752 1202 804 καὶ
1228 751 1316 804 τὸν
1350 751 1568 820 Πατέρα
1590 768 1603 781 ’
1639 769 1656 801 ‹
1681 752 1766 803 Ἐν
1787 751 1864 821 τῷ

296 833 558 908 νόμῳ,,γάρ
618 857 812 910 φησι,
879 842 960 912 τῷ
1024 843 1268 914 ὑμετέρῳ
1305 844 1627 914 γέγραπται,
1661 844 1740 896 ὅτι
1772 843 1864 896 δύο

294 925 531 998 ἀνθρώπων
561 931 603 1000 ἡ
651 933 967 1004 μαρτυρία
991 933 1192 1004 ἀληθής
1221 934 1394 984 ἐστιν’
1428 932 1586 1001 Ἐγὼ,
1626 953 1644 984 ι
1677 934 1860 1004 φησὶν,

298 1018 438 1089 «εἰμὶὸ
476 1024 832 1094 μαρτυρῶν
870 1024 1004 1096 περὶ
1039 1024 1293 1094 ἐμαυτοῦ,
1325 1024 1417 1077 καὶ
1454 1029 1719 1097 μαρτυρεῖ
1736 1027 1863 1097 περὶ

296 1108 418 1179 ὶμοῦὁ
440 1113 694 1182 πέμψας
738 1132 815 1185 με
855 1115 1070 1186 Πατήρ.
1095 1135 1114 1166 ι
1150 1115 1280 1168 Ἰδοὺ
1309 1114 1415 1186 γὰρ
1448 1115 1540 1168 δύο
1575 1118 1857 1188 πρόσωπα,

299 1200 410 1254 καὶεί
432 1201 500 1272 μὴ
534 1202 747 1270 λέγεις
778 1205 886 1258 δύο
927 1201 1066 1258 εἶναι
1098 1204 1236 1257 κατά
1273 1205 1551 1276 ἀλήθειαν,
1592 1205 1748 1259 τοῦτο
1772 1207 1861 1259 λέ-

301 1292 490 1358 γωκδοῦδέ
516 1295 629 1362 τὴν
671 1295 1012 1367 μαρτυρίαν
1033 1295 1127 1365 ἐᾷς
1157 1294 1504 1350 συνίστασθαι
1542 1291 1704 1350 οὖσαν
1726 1296 1859 1366 ἀλη-

288 1382 422 1454 iuta.
445 1383 624 1437 Τοῦτο
667 1386 796 1457 γὰρ
849 1386 1138 1440 πιστοῦται
1176 1386 1272 1458 τὴν
1326 1387 1648 1460 μαρτυρίαν,
1696 1388 1756 1440 τὸ
1787 1388 1860 1458 μὴ

308 1473 366 1541 ὑφ’
393 1473 491 1537 ἐνὸς
524 1475 803 1543 γίνεσθαι
842 1477 1032 1547 μόνου,
1064 1477 1176 1530 ἀλλ’
1205 1477 1310 1531 ὑπὸ
1330 1478 1442 1532 δύο.
1479 1479 1588 1531 Καὶ
1620 1477 1726 1550 γὰρ
1763 1496 1859 1549 με-

313 1565 608 1637 μαρτύρηκεν
665 1570 698 1621 ὁ
742 1569 950 1641 Πατὴρ
1000 1569 1057 1635 ἐξ
1093 1569 1319 1640 οὐρανοῦ
1378 1569 1580 1638 λέγων·
1633 1587 1650 1619 ι
1695 1564 1861 1632 Οὗτός

312 1659 448 1711 ἐστι·θὸ
479 1659 615 1723 Υἱός
651 1676 763 1730 μου
807 1663 838 1712 ὁ
873 1661 1187 1731 ἀγαπητός·
1223 1680 1241 1711 ι
1272 1662 1364 1713 καὶ
1396 1660 1522 1724 Υἱὸς
1555 1659 1691 1713 Θεοῦ
1723 1655 1860 1713 εἶναι

311 1756 330 1807 ὁ
349 1752 608 1824 μονογενὴς
640 1753 785 1817 Υἱὸς
825 1753 942 1824 (9|)
971 1756 1251 1825 μαρτυρεῖ,
1291 1753 1384 1807 καὶ
1413 1751 1490 1823 τῷ
1523 1751 1696 1823 Πατρὶ
1733 1751 1861 1805 διεί-
1893 1731 1932 1783 Β

311 1846 443 1899 latrat
473 1845 672 1915 σαφῶς
715 1845 778 1899 ἐν
809 1846 1007 1908 ἀκοαῖς
1048 1845 1347 1916 ἀνθρώπων
1371 1844 1574 1914 λέγων⁸
1603 1864 1622 1896 ι
1647 1845 1862 1914 Ἐξομο-

311 1936 522 2006 λογοῦμαί
553 1955 666 2002 σοι,
693 1937 914 2008 Πάτερ,
934 1935 1105 2008 Κύριε
1131 1936 1220 1989 τοῦ
1244 1936 1471 2006 οὐρανοῦ
1489 1935 1594 1993 ,καὶ
1614 1936 1714 2006 τῆς
1737 1936 1858 2006 γῆς,

312 2030 367 2084 ὅτι
401 2029 727 2101 ἀπέκρυψας
778 2028 958 2082 ταῦτα
991 2029 1097 2081 ἀπὸ
1132 2026 1309 2097 σοφῶν
1342 2027 1437 2079 καὶ
1477 2028 1732 2090 συνετῶν,
1767 2027 1861 2079 καὶ

311 2122 621 2192 ἀπεκάλυψας
658 2121 808 2174 αὐτὰ
849 2121 1090 2192 νηπίοις.
1123 2119 1229 2172 Ναὶ
1265 2120 1293 2172 6
1331 2119 1552 2190 Πατήρ·
1584 2120 1665 2172 ὅτι
1689 2117 1860 2181 οὕτως

308 2212 479 2265 εὐδοκία
506 2213 738 2281 ἐγένετο
773 2211 1082 2284 ἔμπροσθέν
1117 2228 1228 2264 σου.
1253 2211 1438 2264 Πάντα
1464 2229 1551 2281 μοι
1588 2209 1859 2282 παρεδόθη

305 2303 383 2356 ὑπὸ
410 2303 497 2357 τοῦ
534 2304 763 2376 Πατρός
799 2321 924 2374 μου.
958 2322 977 2355 ι
1012 2302 1170 2355 Ἀλλά
1210 2303 1261 2355 τί
1297 2303 1433 2374 πρὸς
1467 2301 1641 2355 ταῦτα
1665 2301 1861 2356 ἀπολο-

303 2395 484 2461 γοῦνται
530 2397 584 2449 οἱ
629 2395 738 2462 τῆς
776 2395 1050 2448 Ἰουδαίων
1096 2393 1204 2464 (92)
1254 2393 1532 2465 ἀρνήσεως
1571 2391 1856 2464 ὑπηρέται,

299 2485 409 2557 ὑπὲρ
440 2485 537 2538 τοῦ
592 2484 674 2555 μὴ
736 2483 928 2553 σαφῶς
991 2482 1306 2553 ἐλέγχεσθαι
1359 2484 1469 2545 τοῖς
1513 2480 1861 2550 Εὐαγγελίοις

295 2580 734 2650 ἀντιπράττοντες
775 2576 871 2629 τοῦ
915 2576 1122 2646 Κυρίου
1160 2574 1312 2645 ἡμῶν
1372 2573 1544 2646 Ἰησοῦ
1587 2571 1855 2644 Χριστοῦ·

291 2673 367 2724 ul
393 2671 566 2736 οὕτως
599 2669 700 2723 δύο
720 2668 1053 2731 ὑποστάσεις
1077 2666 1378 2736 φαίνεσθαι,
1406 2665 1500 2718 ἕνα
1526 2665 1616 2718 τὸν
1641 2664 1859 2736 Πατέρα

289 2764 418 2826 Θεὸν,
464 2763 663 2832 ἕτερον
712 2761 772 2813 δὲ
819 2760 914 2822 τὸν
946 2758 1074 2810 Υἱὸν
1112 2756 1429 2828 ἀνθρωπονς
1469 2755 1574 2808 Φεῦ
1606 2756 1704 2826 τῆς
1737 2755 1862 2808 ἀσε-

281 2851 449 2916 ϐείαςι
482 2851 601 2905 Καὶ
636 2849 692 2902 τί
718 2849 878 2902 τοῦτο
910 2847 1159 2916 διαφέρει
1196 2846 1294 2916 τῆς
1327 2845 1683 2917 Σαμοσατέως
1726 2847 1861 2898 ἀπο-

279 2944 481 3012 ιογίαςς
523 2944 846 2997 εἰπάτωσαν
890 2941 950 2995 δὲ
993 2939 1110 3004 πῶς
1159 2937 1443 3009 ἄνθρωπος
1493 2935 1620 3008 περ)⁵
1665 2933 1858 2990 ἐαυτοῦ

274 3037 436 3091 ταῦτα
473 3034 819 3106 φθέγγεσθαι
849 3034 1046 3104 τολμᾷ.
1075 3051 1093 3083 ι
1138 3033 1196 3084 '0
1223 3028 1480 3102 ἑωρακὼς
1503 3028 1624 3099 ἐμὲ,
1646 3027 1854 3098 ἑώρακε

269 3126 352 3179 σὺν
385 3128 651 3200 Πατέρα;
691 3145 710 3177 ι
758 3124 880 3187 Πῶς
933 3123 991 3176 δὲ
1045 3125 1074 3177 6
1123 3119 1512 3190 εὐαγγελιστὴς
1540 3119 1666 3190 περὶ
1695 3116 1856 3170 αὑτοῦ

268 3219 435 3274 ταῦτα
465 3217 847 3289 φθεγγομένου
881 3218 1168 3287 μαρτυρεῖ,
1199 3217 1279 3268 ὅτι
1308 3213 1522 3284 Πατέρα
1554 3212 1682 3264 ἴδιον
1707 3211 1858 3279 ἔλεγε

264 3308 348 3361 τὸν
387 3309 530 3362 Θεὸν
559 3309 679 3361 ἴσον
707 3307 897 3360 ἑαυτὸν
934 3304 1106 3357 ποιῶν
1135 3302 1212 3374 τῷ
1247 3302 1366 3373 Θεῷ
1393 3319 1406 3366 ;
1435 3303 1548 3355 Οὐκ
1576 3300 1860 3372 ἄνθρωπος

260 3399 373 3464 ἶσος
399 3402 484 3470 τῷ
513 3399 662 3470 Θεῷ.
703 3398 817 3452 ἀλλ’
843 3400 872 3450 6
900 3399 966 3449 ἐκ
995 3395 1087 3449 τοῦ
1121 3394 1230 3465 (95)
1266 3393 1398 3447 Θεοῦ
1430 3393 1559 3456 Θεὸς
1616 3393 1704 3446 ἴσα
1751 3392 1859 3459 ἕξει

257 3493 331 3562 τῷ
351 3493 728 3563 γεγεννηκότι
760 3491 904 3544 κατά
928 3489 1028 3559 τὴν
1058 3487 1235 3556 φύσιν,
1262 3486 1336 3549 ὡς
1361 3487 1452 3540 καὶ
1485 3486 1691 3550 Παῦλος
1723 3503 1861 3557 μαρ-

253 3588 438 3655 τυρεῖ,
463 3587 525 3638 οὐ
565 3585 700 3656 περὶ
727 3583 826 3652 τῆς
867 3580 1356 3652 ἐνανθρωπήσεως,
1386 3578 1518 3632 ἀλλά
1546 3578 1615 3630 τά
1637 3578 1741 3649 πρὸ
1763 3579 1860 3648 τῆς

251 3676 427 3728 ὲνανθ
437 3677 597 3748 ρωπή
607 3691 746 3738 σεως
760 3671 959 3743 ἐξηγού
969 3688 1126 3741 μενος
1139 3671 1249 3742 (9i)
1259 3688 1270 3699 ·
1297 3689 1315 3721 ι
1334 3673 1446 3733 Ὃς,
1460 3670 1516 3722 ἐν
1531 3673 1710 3740 μορφῇ
1725 3667 1858 3722 Θεοῦ

256 3767 558 3836 ὑπάρχων,
583 3765 686 3834 οὐχ
714 3761 1012 3834 ἁρπαγμὸν
1035 3763 1277 3831 ἡγήσατο
1301 3760 1360 3812 τὸ
1390 3755 1527 3812 εἶναι
1553 3758 1642 3811 ἴσα
1658 3757 1796 3829 Θεῷ.
1837 3775 1856 3810 ι

253 3859 462 3928 Ἴσμεν
500 3860 598 3912 καὶ
624 3856 990 3928 ἀνθρωπίνως
1017 3853 1273 3916 πολλάκις
1310 3851 1402 3904 τὸν
1436 3850 1668 3922 Σωτῆρα
1695 3849 1861 3919 φθεγ-

250 3950 503 4018 γόμενον
521 3969 535 3980 ·
563 3949 681 4003 ἀλλ’
712 3950 808 4018 οὐχ
832 3949 922 4000 ὅτε
949 3943 1113 4016 φησίν
1132 3961 1144 3974 ο
1185 3963 1204 3995 ι
1227 3942 1366 4012 Ἐγὼ
1391 3945 1506 4012 εἰμι
1523 3945 1550 3996 6
1571 3942 1862 4013 μαρτυρῶν

254 4043 393 4112 περὶ
417 4040 696 4112 ἐμαυτοῦ,
733 4040 826 4092 καὶ
865 4037 1140 4108 μαρτυρεῖ
1172 4037 1298 4106 περὶ
1326 4033 1461 4103 ἐμοῦ
1489 4035 1518 4087 6
1556 4033 1776 4102 πέμψας
1797 4049 1862 4103 με

255 4131 482 4204 Πατήρ.
515 4151 534 4183 ι
570 4133 648 4185 Οὐ
684 4129 793 4200 γάρ
822 4128 1112 4199 ἄνθρωπος
1144 4125 1173 4177 6
1212 4123 1483 4196 πεμφθεὶς
1519 4126 1598 4188 είς
1637 4125 1729 4177 τὸν
1773 4124 1864 4178 κό-

255 4237 427 4292 σμον,
461 4228 496 4277 6
522 4225 702 4291 λέγων
720 4239 733 4251 ο
776 4241 794 4272 ι
819 4221 916 4274 Ἐκ
949 4218 1046 4271 τοῦ
1067 4217 1280 4288 Πατρὸς
1305 4215 1524 4286 ἐξῆλθον
1558 4216 1652 4270 καὶ
1676 4217 1825 4286 ἦκωο
1841 4235 1859 4266 ι

253 4313 288 4362 6
319 4310 536 4379 λέγων·
577 4331 597 4363 ι
630 4311 818 4374 Οῦτως
839 4310 954 4379 γὰρ
988 4309 1273 4379 ἠγάπησεν
1295 4309 1324 4360 ὁ
1360 4307 1492 4370 Θεὸς
1513 4307 1606 4360 τὸν
1637 4307 1860 4378 κόσμον,

1970 478 2136 532 fuerit
2174 486 2286 534 tres
2317 492 2581 547 personas
2618 492 2839 548 negare,
2865 492 2928 532 ac
2957 477 3138 533 dicere
3174 477 3348 532 solum
3380 477 3530 530 illum

1966 581 2088 622 esse
2119 568 2212 637 qui
2247 568 2322 620 ait
2359 585 2373 622 :
2413 586 2432 618 ι
2478 565 2596 622 Νοιι
2622 583 2740 622 sum
2777 569 2948 631 solus,
2983 569 3110 638 quia
3145 566 3236 638 qui
3272 581 3356 620 me
3386 567 3534 621 misit

1967 656 2147 722 Pater,
2179 673 2393 713 mecum
2424 667 2508 713 est
2538 658 2603 711 “.
2637 677 2655 709 ι
2699 657 2845 714 Voce
2874 674 3090 729 quoque
3135 657 3292 729 legali
3337 657 3530 724 utitur,

1967 763 2031 804 ac
2069 765 2166 820 per
2203 750 2374 813 illam.
2411 765 2470 806 se
2510 756 2563 804 et
2613 749 2830 806 Patrem
2885 750 3024 806 duos
3075 765 3197 805 esse
3244 749 3529 803 declarat:

1970 859 1990 892 ι
2031 843 2089 896 1η
2121 843 2236 913 lege
2262 860 2280 892 ι
2304 841 2474 906 enim,
2513 843 2708 912 inquit,
2735 863 2754 894 ι
2779 851 2957 898 vestra
2983 842 3242 912 scriptum
3267 848 3370 904 est,
3402 841 3530 910 quia

1964 933 2200 988 duorum
2254 934 2536 988 hominum
2582 936 2956 989 testimonium
3013 949 3201 988 verum
3243 942 3327 988 est
3363 948 3376 984 :
3414 933 3529 1004 Ego

1965 1037 2110 1090 sum,
2151 1041 2168 1074 ι
2199 1023 2401 1093 inquit,
2445 1042 2462 1074 ι
2488 1022 2581 1093 qui
2605 1023 2976 1078 testimonium
3005 1023 3264 1093 perhiheo
3303 1023 3371 1076 de
3414 1035 3530 1076 me.

1968 1116 2091 1184 ipso
2128 1133 2140 1170 :
2171 1115 2279 1186 30
2310 1123 2364 1169 et
2393 1115 2761 1170 testimonium
2795 1114 3039 1184 perhibet
3069 1114 3136 1169 de
3167 1129 3270 1177 me,
3300 1113 3392 1184 qui
3427 1113 3530 1166 mi-

1969 1208 2041 1262 sit
2091 1223 2177 1263 me
2211 1207 2454 1262 Pater".
2495 1226 2513 1258 ι
2549 1205 2759 1262 Etenim
2806 1221 2934 1261 ecce
2981 1206 3119 1261 duas
3158 1221 3438 1275 personas,
3468 1212 3524 1260 et

1965 1299 2011 1354 si
2043 1299 2194 1354 dicas
2231 1299 2368 1354 duas
2413 1315 2601 1355 revera
2640 1314 2748 1354 non
2780 1313 2922 1360 esse,
2969 1298 3096 1351 dum
3138 1296 3239 1350 hoc
3271 1296 3529 1360 aﬂirmas,

1963 1404 2072 1444 non
2113 1391 2251 1445 sinis
2297 1390 2670 1445 testimonium
2714 1397 2990 1453 conStare,
3021 1386 3167 1457 quod
3211 1395 3392 1442 tamen
3436 1403 3531 1443 ve-

1962 1496 2082 1536 rum
2105 1487 2208 1535 est.
2243 1479 2320 1535 Eo
2346 1482 2545 1552 quippe
2569 1480 2943 1536 testimonium
2981 1479 3118 1534 illud
3153 1480 3530 1543 conﬁrmatur,

1961 1571 2106 1642 quod
2138 1587 2247 1626 non
2282 1573 2350 1626 ab
2378 1587 2488 1626 uno
2539 1572 2679 1638 solo,
2713 1572 2805 1627 sed
2839 1587 2868 1626 a
2904 1573 3122 1627 duobus
3153 1573 3530 1643 perhibeatur.

1962 1659 2253 1716 Enimvero
2286 1664 2612 1718 testiﬁcatus
2645 1670 2728 1718 est
2755 1661 2915 1718 Pater
2929 1662 2996 1718 de
3023 1663 3164 1718 coelo
3192 1663 3279 1719 his
3311 1665 3489 1719 verbis
3515 1683 3529 1719 :

1971 1771 1988 1802 ι
2023 1750 2121 1806 Hic
2146 1762 2229 1806 est
2264 1753 2436 1808 Filius
2491 1769 2645 1809 meus
2698 1753 2929 1809 dilectus
2948 1753 2995 1785 “
3024 1769 3036 1805 :
3076 1773 3094 1805 ι
3127 1762 3182 1808 et
3211 1753 3382 1810 Filius
3414 1753 3532 1820 Dei,

1963 1843 2303 1914 unigenitum
2341 1844 2432 1899 Dei
2459 1843 2654 1899 Filium
2689 1859 2747 1899 se
2769 1860 2892 1900 esse
2915 1852 3172 1910 testatur,
3206 1853 3260 1900 et
3289 1844 3530 1909 Patrem,

1961 1943 2144 2003 aperte
2191 1937 2540 1992 audientibus
2600 1929 2933 2001 hominibus,
2972 1938 3056 1992 his
3088 1939 3269 1993 verbis
3322 1924 3533 1993 allocu-

1962 2031 2051 2080 tus
2091 2035 2218 2081 est:
2284 2047 2302 2077 ι
2337 2028 2614 2084 Conﬁteor
2653 2031 2773 2096 tibi,
2827 2028 3009 2095 Pater,
3050 2029 3275 2086 Domine
3323 2033 3446 2088 caeli
3476 2041 3530 2088 et

1960 2123 2140 2183 terrai,
2183 2117 2308 2187 quia
2337 2119 2673 2174 abscondisti
2708 2121 2822 2175 haec
2865 2137 2893 2174 a
2937 2122 3274 2191 sapientibus
3319 2131 3372 2178 et
3399 2138 3532 2193 pru-

1959 2208 2234 2273 dentibus,
2262 2220 2316 2265 et
2344 2212 2596 2267 revelasti
2632 2227 2694 2266 ea
2738 2213 2998 2282 parvulis.
3026 2212 3122 2276 Ita,
3154 2211 3315 2268 Pater
3347 2229 3361 2264 :
3399 2215 3529 2282 quia

1960 2303 2039 2358 sic
2074 2303 2178 2356 fuit
2207 2303 2466 2374 placitum
2501 2312 2626 2359 ante
2649 2312 2720 2359 te.
2746 2303 2938 2360 Omnia
2977 2305 3106 2359 mihi
3130 2305 3327 2360 tradita
3346 2315 3471 2361 sunt
3496 2323 3528 2361 α

1962 2392 2123 2448 Patre
2155 2408 2275 2448 meo
2296 2394 2361 2446 ".
2399 2413 2416 2445 ι
2451 2392 2554 2448 Sed
2579 2395 2706 2464 quid
2732 2395 2797 2449 ad
2827 2394 2942 2449 haec
2965 2397 3295 2465 respondent
3321 2394 3532 2452 Iudaeo-

1959 2499 2080 2538 rum
2127 2485 2434 2554 negationis
2487 2484 2791 2540 administri
2825 2505 2838 2539 :
2870 2501 2938 2540 ne
2994 2487 3170 2556 palam
3227 2487 3529 2556 deprehen-

1959 2574 2164 2630 dantur
2212 2574 2490 2630 adversari
2535 2573 2843 2645 Evangeliis
2894 2573 3112 2630 Domini
3175 2578 3354 2632 nostri
3398 2575 3530 2632 Jesu

1957 2665 2163 2720 Christi
2187 2684 2202 2732 ;
2233 2673 2288 2720 et
2319 2679 2386 2720 ne
2405 2665 2484 2719 sic
2511 2663 2632 2719 dua:
2659 2665 2982 2736 hypostases
3009 2673 3329 2736 appareant,
3359 2681 3528 2720 unum

1961 2773 2156 2828 nempe
2182 2755 2421 2816 Patrem.
2457 2755 2624 2810 Deum
2648 2795 2662 2821 ,
2697 2757 2928 2810 alterum
2980 2771 3112 2812 vero
3157 2756 3374 2824 Filium,
3430 2757 3531 2813 ho—

1959 2845 2206 2900 minem?
2233 2860 2266 2899 o
2295 2843 2656 2914 impietatem!
2709 2844 2918 2914 Ecquid
2963 2845 3095 2899 illud
3142 2845 3377 2902 differta
3425 2845 3528 2902 Sa—

1963 2937 2292 2993 mosatensis
2321 2934 2679 2991 defensione?
2718 2933 2911 2990 Dicant
2937 2952 3044 3006 quo
3079 2943 3238 3006 pacto
3264 2938 3424 2992 homo
3448 2946 3530 2992 ta-

1967 3031 2038 3084 lia
2077 3031 2144 3085 de
2200 3030 2380 3099 seipso
2430 3031 2576 3101 loqui
2617 3029 2811 3084 audeat
2852 3049 2865 3085 :
2901 3049 2920 3082 ι
2963 3030 3065 3097 Qui
3111 3033 3244 3087 vidit
3273 3048 3358 3088 me
3393 3033 3530 3088 vidit

1961 3128 2015 3177 et
2045 3119 2359 3176 Patrem"?
2385 3140 2404 3173 ι
2442 3123 2551 3176 Aut
2581 3135 2681 3175 cur
2711 3122 3041 3193 evangelista
3071 3124 3246 3194 ipsum
3271 3124 3344 3178 ita
3377 3123 3529 3179 locu-

1961 3219 2076 3264 tum
2113 3220 2351 3266 testatur
2382 3231 2394 3266 :
2424 3227 2617 3282 nempe
2636 3213 2780 3282 quod
2806 3215 2969 3268 Deum
2994 3211 3207 3268 Patrem
3231 3228 3387 3269 suum
3407 3230 3531 3270 esse

1959 3301 2194 3364 dixerit,
2257 3303 2628 3373 aequalemque
2659 3319 2779 3359 sese
2811 3302 2920 3358 Deo
2969 3303 3194 3360 fecerit?
3225 3304 3344 3360 Non
3383 3306 3528 3360 enim

1958 3403 2044 3450 est
2068 3395 2230 3449 homo
2263 3394 2372 3450 Deo
2402 3396 2663 3466 aequalis;
2703 3396 2797 3450 sed
2849 3394 2992 3451 Deus
3036 3412 3104 3450 ex
3135 3396 3264 3460 Deo,
3300 3397 3530 3466 aqualis

1959 3485 2260 3540 secundum
2309 3496 2565 3541 naturam
2598 3487 2703 3541 erit
2755 3489 2802 3542 ei
2834 3487 2927 3558 qui
2954 3504 3010 3543 se
3042 3489 3341 3554 generavit,
3379 3497 3439 3544 ut
3475 3495 3532 3544 et

1958 3575 2161 3632 Paulus
2195 3586 2446 3644 testatur,
2511 3579 2600 3632 ubi
2635 3595 2744 3634 non
2792 3577 2859 3634 de
2912 3579 3310 3644 incarnatione,
3337 3582 3430 3636 sed
3464 3581 3532 3635 de

1959 3666 2028 3722 iis
2075 3683 2194 3737 quae
2241 3669 2678 3722 incarnationem
2742 3683 3071 3738 praecessere
3120 3671 3285 3725 verba
3353 3670 3527 3725 facit:

1966 3776 1986 3808 ι
2021 3756 2125 3824 Qui
2152 3775 2275 3813 cum
2300 3759 2356 3812 in
2397 3759 2571 3813 forma
2602 3757 2696 3814 Dei
2733 3769 2900 3823 esset,
2933 3775 3044 3815 non
3088 3761 3336 3829 rapinam
3373 3763 3526 3814 arbi-

1961 3858 2136 3905 tratus
2160 3859 2242 3906 est
2263 3866 2386 3907 esse
2435 3867 2494 3906 se
2528 3851 2788 3922 aequalem
2819 3851 2928 3906 Deo
2951 3853 3016 3906 ⁸⁸.
3046 3871 3064 3903 ι
3102 3849 3321 3906 Scimus
3349 3860 3530 3907 autem

1961 3939 2240 3997 Christum
2267 3944 2585 4014 plerumque
2611 3943 2911 3999 secundum
2937 3943 3331 3999 humanitatem
3375 3945 3525 3999 locu.

1963 4043 2078 4089 tum
2103 4035 2274 4090 fuisse
2309 4052 2323 4090 :
2361 4045 2415 4089 at
2451 4051 2562 4090 non
2592 4037 2810 4106 quando
2851 4035 2988 4090 dixit
3023 4051 3038 4089 :
3080 4053 3100 4086 ι
3135 4034 3250 4102 Ego
3275 4051 3394 4090 sum
3436 4039 3528 4106 qui

1963 4125 2333 4181 testimonium
2365 4126 2626 4196 perhibeo
2656 4127 2723 4180 de
2755 4127 2965 4197 meipso
3017 4142 3031 4178 :
3068 4133 3124 4181 et
3159 4127 3532 4182 testimonium

1964 4213 2213 4283 perbibet
2242 4213 2308 4268 de
2332 4229 2439 4279 me,
2471 4217 2565 4283 qui
2595 4216 2746 4270 misit
2766 4231 2872 4279 me,
2913 4214 3072 4270 Pater
3093 4216 3162 4270 ³⁸.
3191 4235 3210 4269 ι
3244 4214 3363 4270 Non
3385 4217 3532 4271 enim

1965 4306 2131 4360 homo
2151 4315 2237 4362 est
2265 4307 2358 4376 qui
2406 4307 2610 4364 missus
2650 4316 2736 4363 est
2786 4309 2841 4363 in
2872 4308 3159 4375 mundum,
3188 4317 3241 4364 et
3275 4309 3351 4364 ait
3381 4326 3396 4363 :
3431 4327 3452 4362 ε
3485 4309 3532 4364 Δ

252 4395 409 4451 ὥστε
438 4401 539 4454 τὸν
574 4400 704 4452 Υίδν
731 4399 898 4453 αὐτοῦ
933 4398 1031 4450 τὸν
1060 4401 1320 4468 μονογενῆ
1369 4397 1587 4462 ἔδωκεν,
1636 4398 1722 4451 ἴνα
1754 4400 1862 4461 πᾶς

1966 4397 2130 4452 Patre
2182 4398 2327 4452 exivi
2370 4406 2425 4454 et
2465 4400 2626 4456 venio
2647 4400 2689 4432 ³¹
2726 4417 2740 4454 :
2781 4417 2800 4452 ι
2859 4399 2952 4470 qui
2985 4400 3114 4455 item
3165 4399 3346 4456 dicit:
3385 4418 3404 4451 ι
3442 4398 3532 4454 Sic

251 4489 290 4541 ὁ
327 4492 616 4544 πιστεύων
665 4493 745 4556 είς
795 4491 964 4543 αὐτὸν
1016 4489 1128 4560 (95)
1172 4489 1247 4562 μὴ
1287 4489 1573 4560 ἀπόληται,
1617 4489 1732 4542 ἀλλ’
1765 4489 1863 4559 ἔχῃ

1966 4488 2110 4544 enim
2142 4486 2289 4543 Deus
2319 4487 2517 4545 dilexit
2555 4489 2844 4550 mundum.
2874 4495 2935 4544 ut
2967 4487 3166 4545 Filium
3198 4505 3358 4545 suum
3405 4489 3531 4545 uni-

256 4579 417 4652 ζωὴν
445 4583 695 4638 αἰώνιον·
725 4602 744 4635 ι
791 4585 822 4636 6
852 4582 1035 4650 λέγων
1055 4598 1068 4611 °
1103 4598 1121 4631 ι
1159 4581 1526 4651 Καταεέϐηκα
1564 4584 1629 4635 ἐκ
1656 4581 1750 4635 τοῦ
1777 4582 1864 4634 οὒ-

1967 4583 2210 4650 ιετιὶιιιιη
2245 4580 2402 4638 daret
2437 4600 2452 4637 ι
2485 4589 2546 4636 ιιι
2572 4581 2754 4637 omnis
2781 4582 2875 4652 qui
2925 4582 3104 4638 credit
3153 4583 3207 4638 in
3246 4597 3391 4642 eum.
3423 4596 3532 4640 non

263 4674 462 4738 ρανοῦ,
494 4675 595 4745 οὐχ
612 4675 700 4728 ἶνα
729 4673 869 4728 ποιῶ
889 4672 970 4745 τὸΔ
987 4670 1199 4742 θέλημα
1217 4671 1352 4740 (95⁸)
1378 4672 1438 4724 τὸ
1471 4670 1626 4741 ἐμὸν,
1646 4670 1780 4724 ἀλλὰ
1805 4672 1863 4724 τὸ

1968 4678 2176 4742 pereat,
2198 4671 2291 4727 sed
2323 4672 2521 4729 habeat
2540 4673 2705 4728 vitam
2739 4680 2997 4728 aeternam
3015 4673 3083 4738 3’;
3111 4691 3131 4726 ι
3149 4673 3242 4741 qui
3259 4673 3422 4728 etiam
3445 4671 3531 4726 di-

259 4762 494 4836 θέλημα
530 4741 625 4820 τοῦ
677 4741 1002 4836 πέμψαντός
1041 4741 1128 4834 με.
1161 4782 1181 4815 ι
1227 4761 1364 4815 Ἀλλ’
1398 4765 1446 4815 εί
1494 4762 1666 4825 θέλεις
1717 4761 1863 4831 αὐτῷ

1969 4741 2047 4816 cit
2081 4779 2094 4814 :
2135 4780 2153 4812 ι
2183 4761 2448 4819 Descendi
2465 4762 2535 4819 de
2563 4763 2724 4828 coelo,
2767 4779 2879 4818 non
2930 4770 2990 4820 ut
3033 4763 3230 4820 faciam
3283 4763 3532 4816 volunta-

359 4991 406 5020 “
444 4992 606 5047 Joan.
641 5009 774 5052 vm,
811 4991 905 5047 16.
1013 4989 1060 5020 ³⁸
1100 4985 1229 5042 ibid.
1271 4987 1356 5051 Π,
1390 4987 1481 5042 18.
1571 4986 1618 5018 ’⁸
1683 4985 1863 5039 Matth.

1963 5001 2007 5048 ι,
2048 4984 2147 5050 ΓΙ;
2187 4998 2333 5042 xvtt.
2369 4982 2450 5052 5.7
2525 4983 2573 5015 ³⁷
2609 4979 2804 5052 Matth,
2838 4982 2929 5047 αι’,
2962 4977 3188 5034 25-27.
3289 4977 3340 5008 ³⁸
3374 4975 3530 5031 Joan.

273 5071 390 5123 ιη,
422 5046 503 5116 9(
557 5065 602 5095 ³⁹
639 5046 985 5133 Philipps",
1022 5058 1078 5114 6.
1153 5058 1198 5089 ⁸ο
1235 5046 1394 5114 JOan.
1429 5073 1548 5121 vm,
1584 5057 1671 5112 18.
1745 5055 1788 5085 ³¹
1827 5053 1863 5108 ,ιι

1963 5046 2144 5119 (xw,
2170 5053 2260 5107 28.
2338 5052 2383 5084 ⁸³
2421 5051 2580 5106 Joan.
2615 5067 2712 5116 ιιι,
2750 5051 2829 5106 16.

1970 5205 2290 5278 τὺνῇῐςῦριονλ
2303 5206 2460 5278 ἡμῶν
2491 5204 2970 5278 Ἰησοῦν-Χριστόνς
2997 5201 3092 5278 καὶ
3112 5199 3282 5278 οὕτως
3301 5199 3402 5278 τὰς
3425 5199 3536 5278 ᾷιΰρ,

2043 5269 2566 5342 (95Υϐοιιῐὲνίιιηιιέ
2600 5283 2654 5329 et
2693 5269 3002 5330 Fe'lcktnan.
3026 5271 3079 5336 1,
3125 5269 3207 5342 τῷ
3238 5271 3378 5342 Θεῷ,
3419 5269 3536 5324 ἀλλ’

1971 5347 2001 5400 ὁ
2028 5347 2091 5398 ἐκ
2117 5345 2231 5411 τοῦ,
2257 5347 2478 5402 omissis
2507 5345 2719 5400 mediis.

2048 5414 2158 5494 ($4)
2192 5410 2355 5494 Dasil.
2388 5414 2731 5494 etASgguern
2761 5410 2942 5494 φύσιν,
2969 5411 3046 5477 ὡς
3075 5411 3170 5466 καλ⁵
3207 5411 3538 5494 {ream-pa-

2048 5430 2158 5486 (θα)
2192 5430 2355 5470 uas”.
2388 5430 2440 5470 et
2480 5430 2728 5485 begtter.,
2761 5430 2942 5480 φυσιν,
2969 5430 3046 5477 ως
3075 5430 3170 5466 και
3207 5430 3538 5536 uagae-pa-

1973 5485 2139 5556 θητὴς
2177 5487 2213 5556 νὸ
2260 5485 2376 5556 τῶν
2415 5485 2582 5556 ἐθνῶν
2625 5482 2939 5556 διδάσκαλος
3000 5484 3262 5555 μαρτυρεῖ
3357 5495 3538 5541 αυλος,

1972 5553 2039 5609 οὗ
2073 5553 2318 5626 περὶ-τῆς
2352 5553 2808 5626 ὲνανορωπήσεως
2826 5553 3028 5626 λέγων.
3080 5553 3102 5619 ί

2043 5622 2154 5695 (95)
2183 5622 2408 5694 Seguer.
2439 5622 2622 5684 habet,
2650 5622 2742 5675 ἐπ’
2780 5622 2960 5676 αὐτόν.

2045 5676 2182 5785 ὶὸεί)
2203 5676 2303 5768 εἷς
2334 5676 2621 5768 sanans:
2649 5711 2877 5781 chuer.
2912 5721 2966 5769 et
2988 5710 3209 5768 Graecus
3243 5676 3542 5778 Scriptura:

261 5217 268 5237 τ
330 5214 470 5288 ’(90)
505 5218 842 5288 Basiliensis,
871 5217 943 5288 τῇ
979 5217 1176 5284 νομικῇ
1212 5216 1381 5284 φωνῇ.
1419 5210 1586 5288 Infra,
1622 5210 1702 5282 τῷ
1732 5210 1867 5288 ςιμε-

284 5283 462 5356 ςέρῳ,
485 5289 538 5344 in
576 5288 763 5344 Graeco
811 5283 1121 5356 Scriptura:
1162 5283 1414 5350 tettu,"et
1448 5283 1502 5356 in
1535 5283 1868 5356 Segueriano

287 5349 506 5424 legitur,
535 5371 586 5414 at
614 5363 666 5414 in
689 5371 878 5415 ceter.
907 5349 1072 5410 codd.
1105 5363 1159 5424 et
1178 5349 1446 5409 edithon
1475 5349 1724 5410 habetur.
1801 5420 1812 5424 _
1901 5410 1903 5412 .

365 5420 500 5505 φιλ
525 5431 795 5505 Seguer.,_
826 5426 971 5482 Θεοῦ
1022 5421 1255 5505 ’ξε-εἷναι
1295 5423 1588 5505 μονογενὴς

293 5489 412 5573 μοι
455 5489 635 5568 Basili,
674 5501 1006 5554 διείλεκται.
1038 5493 1181 5550 Editi
1217 5489 1346 5551 vero
1393 5489 1446 5550 et
1495 5489 1699 5561 caeteri,
1747 5495 1866 5566 διή-

294 5577 491 5623 Αεκτζι.

299 5701 322 5714 ,
363 5637 468 5716 βξ)
504 5639 576 5716 [lg
604 5643 866 5716 Seguer.,
912 5646 1085 5694 recte.
1137 5634 1280 5716 Editi
1319 5652 1468 5716 vero.
1512 5639 1562 5691 οἱ
1598 5638 1702 5716 τῶν
1741 5640 1867 5693 Ἴου-

293 5707 468 5763 δαίων.
518 5707 654 5770 Ιιῖῖη
674 5707 916 5770 "omnes
976 5707 1367 5778 manuscripti,
1421 5711 1869 5782 ἀντιπράττοντες
