4048 6406
1656 304 1713 356 5.
1754 293 2222 353 ATHANASIUS.
2265 323 2337 336 --
2371 291 2608 351 DUBIA.

490 308 591 363 1οἹ
1656 304 1713 356 5.
1754 295 2080 353 ΑΤΠΑΝΑΞ

2182 294 2222 351 5.
2265 323 2337 336 --
2371 291 2608 351 DUBIA.
3651 289 3751 347 103

489 428 633 484 Deus
655 446 668 481 :
693 427 1041 490 existimasti,
1066 426 1273 494 iniquo,
1294 421 1437 489 quod
1474 420 1614 474 Deus
1647 418 1749 472 erit
1779 416 1876 469 tibi
1907 414 2064 470 simi—

2182 413 2477 484 σωματικὰ,
2528 412 2602 483 μὴ
2639 411 2917 481 σαρκικῶς
2961 410 3099 464 νόει·
3153 411 3289 465 ἀλλὰ
3339 411 3407 464 δι’
3439 412 3759 481 ὀμοιότητοῖ

489 520 604 576 lis?
651 518 803 574 Licet
853 519 1044 573 oculos
1088 515 1179 569 Dei
1212 513 1471 572 audieris,
1502 525 1536 564 ο
1566 510 1751 572 homo,
1785 507 1915 561 licet
1959 506 2063 558 alia

2182 505 2282 558 τῶν
2320 505 2650 577 σωματικῶν
2673 504 2843 557 ἐννόει
2875 501 2937 557 τδ
2968 503 3276 573 ἀσώματον.
3313 504 3423 559 Καὶ
3459 504 3571 577 γὰρ
3602 503 3754 577 εἴρη-

490 610 739 683 corporis
776 610 1044 671 membra,
1080 622 1149 662 ne
1197 602 1492 657 carnaliter
1551 597 1683 653 illud
1743 595 2063 664 intelligas:

2182 597 2266 650 ταί
2316 614 2429 651 σοι·
2486 595 2712 665 Πνεῦμα
2748 598 2777 649 6
2825 594 2990 659 Θεόςο
3025 594 3166 649 οὕτω
3217 597 3311 649 καὶ
3357 598 3387 649 6
3434 595 3608 665 Λόγος
3659 596 3756 650 οὐκ

490 680 607 759 διξὰῂ
644 716 740 772 per
789 699 1154 770 corporalium
1193 693 1604 750 similitudinem
1628 731 1642 751 ,
1680 689 2064 755 incorporeum

2182 686 2537 758 ἀνθρώπινος.
2571 685 2690 739 οὐδὲ
2723 680 2835 748 οἷος
2864 687 2893 739 6
2921 684 3044 747 σός·
3069 684 3201 748 Θεὸς
3222 683 3331 756 γάρ
3366 685 3505 747 ἐστι,
3541 685 3648 739 κᾶν
3684 688 3755 757 μή

490 789 981 862 intellige.Etenim
1013 788 1111 843 tibi
1142 786 1349 841 dictum
1377 790 1497 838 est:
1532 780 1772 851 Spiritus
1794 784 1878 831 est
1899 774 2065 839 Deus;

2182 791 2257 832 σοι
2284 777 2438 849 δοκῇ,
2473 778 2570 831 καὶ
2600 778 2699 831 οὒκ
2733 777 2841 831 εἰσί
2877 776 2972 830 δύο
3002 774 3146 841 Θεοὶ,
3178 778 3260 830 ὃτι
3293 776 3430 849 μηδὲ
3455 775 3550 830 δύο
3581 776 3756 830 Πατέ-

491 887 573 940 sic
597 892 652 939 et
672 881 910 938 Verbum
942 878 1095 943 illud,
1129 891 1238 931 non
1276 874 1578 929 humanum
1612 880 1697 925 est
1722 912 1737 936 ,
1772 882 1873 921 nec
1904 865 2067 935 quale

2182 884 2289 938 ρες,
2312 870 2445 941 μηδὲ
2461 869 2768 942 ἐτερούσιος
2790 869 2883 923 τοῦ
2900 870 3261 941 γεννήσαντος
3288 872 3317 923 6
3340 870 3755 943 γεγεννημένος.

491 990 686 1036 tuum:
720 974 860 1030 Deus
887 972 1034 1027 enim
1064 982 1182 1036 est,
1213 970 1340 1025 licet
1388 967 1439 1023 id
1475 967 1571 1021 tibi
1602 964 1826 1019 minime
1872 959 2128 1014 videatur
2154 976 2172 1015 :
2196 979 2297 1019 nec
2313 965 2423 1020 duo
2452 964 2536 1021 Dii
2562 973 2712 1030 sunt,
2763 966 2906 1022 sicut
2962 982 3065 1023 nec
3128 966 3239 1022 duo
3298 965 3524 1024 Patres:
3583 982 3759 1038 neque

489 1072 720 1127 diversa:
747 1067 1068 1123 substantiae
1097 1074 1181 1121 est
1206 1064 1425 1135 genitus
1456 1077 1486 1115 a
1511 1064 1828 1133 generante.

556 1213 612 1268 6.
646 1212 750 1280 Qui
776 1211 923 1267 enim
950 1210 1060 1265 duo
1091 1208 1360 1281 principia
1405 1205 1638 1272 inducit,
1662 1204 1711 1260 is
1734 1201 1873 1257 duos
1921 1199 2064 1254 Deos

484 1302 937 1377 pmdicat.'Ha:c
964 1310 1050 1358 est
1096 1300 1392 1355 Marcionis
1446 1298 1720 1367 impietas,
1753 1294 1848 1365 qui
1890 1291 2061 1346 Deum

484 1402 694 1468 justum
745 1395 952 1468 proprii
994 1393 1197 1450 Christi
1240 1392 1477 1456 Patrem,
1513 1396 1569 1446 et
1613 1389 1843 1443 alterum
1893 1383 2063 1439 Deum

488 1492 691 1546 bonum
716 1488 921 1561 proprii
953 1486 1157 1544 Christi
1193 1484 1411 1539 Patrem
1444 1481 1700 1537 allirmat.
1734 1477 1951 1533 Rursus
1970 1475 2063 1546 qui

488 1583 661 1640 Deum
692 1598 803 1637 non
836 1574 1064 1644 factum,
1101 1579 1267 1632 alium
1307 1591 1439 1631 vero
1465 1573 1633 1629 Deum
1666 1571 1870 1626 factum
1904 1567 2062 1630 dicit,

490 1671 632 1727 duos
657 1680 712 1725 et
743 1670 859 1740 ipse
887 1668 1031 1724 Deos
1060 1665 1578 1734 admittit,‘propter
1605 1655 1932 1714 substantia:
1959 1652 2067 1708 dif-

2239 1200 2292 1256 ο.
2311 1201 2369 1255 '0
2388 1201 2487 1270 μὲν
2500 1200 2610 1274 γὰρ
2625 1200 2799 1273 ἀρχὰς
2813 1201 3047 1270 εἰσάγων
3060 1200 3172 1263 δύο,
3190 1200 3284 1255 δύο
3297 1200 3556 1274 κηρύττει
3571 1202 3755 1270 Θεούς.

2168 1286 2314 1357 Αῦτη
2360 1289 2681 1359 Μαρκίωνος
2716 1289 2752 1360 ή
2779 1288 3083 1354 δυσσέϐεια,
3116 1289 3250 1344 Θεὸν
3275 1288 3524 1360 λέγοντος
3554 1290 3759 1347 δίκαιον

2174 1380 2303 1434 ἰδίου
2322 1380 2558 1451 Χριστοῦ
2588 1382 2827 1453 Πατέρα,
2864 1384 2959 1437 καὶ
2988 1371 3119 1438 Θέὂν
3152 1384 3340 1457 ἕτερον
3383 1384 3588 1454 ἀγαθὸν
3633 1385 3757 1442 ἰδίου

2170 1473 2409 1547 Χριστοῦ
2438 1475 2675 1546 Πατέρα.
2701 1476 2871 1531 Πάλιν
2900 1478 2928 1530 6
2948 1474 3081 1531 Θεὸν
3104 1477 3367 1548 ἀγένητον
3397 1475 3536 1532 εἶναι
3563 1479 3758 1549 λέγων,

2171 1568 2329 1622 ἄλλον
2351 1569 2408 1623 δὲ
2436 1569 2567 1623 Θεὸν
2586 1570 2696 1641 (11)
2714 1572 2959 1643 γενητὸν,
2984 1570 3077 1625 δύο
3098 1572 3193 1625 καὶ
3218 1571 3381 1637 αὐτὸς
3401 1572 3550 1642 λέγει
3570 1572 3760 1640 Θεοὺς,

2172 1660 2262 1715 διὰ
2287 1660 2386 1733 τὴν
2438 1662 2540 1734 τῆς
2583 1662 2771 1727 οὐσίας
2820 1662 3104 1735 διασορὰν,
3152 1664 3220 1735 ήν
3268 1663 3604 1736 βλασφήμως
3648 1668 3758 1720 εἰσ-

491 1761 819 1827 fercntiam,
872 1772 1036 1829 quam
1103 1750 1533 1826 blasphemando
1587 1747 1907 1805 introducit.
1962 1741 2065 1799 Ubi

2182 1753 2312 1821 ἰγει.
2349 1753 2525 1808 Ὅπου
2556 1753 2616 1807 δὲ
2648 1754 2748 1826 μία
2792 1755 2891 1826 μὲν
2931 1756 2965 1826 ή
3008 1756 3175 1828 ἀρχὴ,
3206 1755 3265 1808 ἓν
3296 1756 3354 1809 δὲ
3379 1755 3440 1810 τὸ
3487 1755 3548 1822 ἐξ
3594 1757 3762 1829 αὐτῆς

490 1870 622 1912 vero
651 1852 874 1908 unicum
896 1858 981 1907 est
1010 1847 1365 1920 principium,
1402 1860 1468 1900 ac
1500 1845 1664 1898 unica
1704 1840 1826 1910 ejus
1859 1837 2064 1910 proles,

492 1944 567 2001 ibi
598 1942 1009 2000 absolutissima
1051 1955 1116 1995 ac
1160 1937 1429 1993 naturalis
1469 1937 1671 2004 imago,
1702 1932 1831 2003 quia
1872 1945 1937 1985 ex
1976 1929 2069 1983 illo

492 2038 673 2110 genita
700 2046 785 2092 est
819 2055 832 2091 :
868 2034 941 2091 ibi
986 2043 1039 2089 et
1079 2047 1221 2087 unus
1276 2029 1457 2094 Deus;
1494 2029 1570 2082 ita
1612 2035 1673 2081 ut
1722 2023 1962 2098 perfecta
2014 2019 2071 2076 in

492 2127 657 2185 Patre
689 2126 867 2183 deitas
917 2124 1276 2193 intelligatur,
1307 2120 1551 2193 perfecta
1582 2133 1801 2189 quoque
1833 2113 2073 2170 -in‘Filio

494 2231 723 2293 paterna
755 2218 931 2274 deitas
958 2216 1211 2273 exsistat.
1232 2214 1503 2269 Czeterum
1526 2211 1655 2282 quia
1681 2224 1747 2264 ex
1775 2223 1946 2278 parvo
1969 2207 2074 2262 hoc

492 2312 744 2384 exemplo
770 2310 938 2384 (quod
962 2310 1147 2365 divina
1179 2306 1466 2378 Scriptura
1497 2303 1747 2376 protulit.
1777 2317 1902 2357 cum
1931 2301 2074 2356 ima-

494 2405 673 2477 ginem
711 2402 804 2459 Dei
837 2402 1131 2458 invisibilis
1167 2399 1449 2455 Christum
1490 2395 1799 2466 nuncupat)
1824 2407 2077 2461 compre-

493 2494 737 2552 bcndere
758 2495 906 2551 vales
927 2492 1072 2565 quod
1105 2493 1315 2547 dictum
1345 2499 1462 2555 est;
1486 2489 1579 2544 hic
1606 2489 1801 2543 iterum
1833 2486 2078 2542 dissimi-

495 2588 781 2645 lltudinem
836 2601 959 2657 qua!
1006 2585 1060 2641 in
1103 2584 1352 2654 exemplo
1398 2590 1484 2639 est
1536 2581 1832 2652 fugiamus,
1882 2593 2078 2649 nempe

493 2680 644 2752 quod
682 2679 778 2735 Dei
815 2679 1017 2749 imago.
1054 2684 1173 2732 arte
1202 2677 1347 2731 facta
1395 2682 1450 2730 et
1491 2674 1722 2728 alterius
1752 2672 2080 2727 substantiae

497 2773 567 2826 sit
600 2791 613 2826 :
641 2771 880 2843 genitam
916 2780 1098 2826 autem
1129 2781 1182 2823 ct
1221 2765 1753 2824 consubstantialem
1798 2778 1918 2819 eam
1956 2776 2079 2818 esse

497 2864 879 2922 conﬁteamur.
921 2866 1175 2918 Attamen
1230 2861 1323 2933 qui
1381 2861 1527 2932 regis
1571 2858 1867 2929 imaginem
1909 2855 2077 2921 videt,

495 2974 680 3031 regem
710 2959 895 3025 videt;
926 2965 982 3013 et
1021 2957 1133 3011 ait:
1175 2954 1337 3015 Ecce.
1379 2954 1469 3009 hic
1498 2968 1597 3008 rex
1649 2959 1754 3016 est,
1793 2964 1897 3005 nec
1943 2948 2081 3004 duos

498 3066 657 3122 rcges
681 3050 993 3114 constituit,
1036 3063 1211 3120 neque
1244 3055 1449 3118 partem
1492 3045 1636 3115 regis
1665 3042 1957 3113 imaginem
1990 3039 2078 3094 di-

498 3141 598 3206 cit,
622 3155 725 3210 nec
756 3140 1010 3210 imaginis
1040 3152 1244 3208 regem.
1272 3135 1364 3191 Sic
1410 3134 1579 3205 igitur
1621 3149 1766 3189 unus
1804 3139 1890 3188 est
1934 3130 2078 3187 Deus

497 3227 683 3294 Pater,
707 3237 763 3284 et
783 3243 889 3283 una
908 3228 1166 3283 divinitas
1179 3224 1361 3281 Patris
1380 3235 1435 3280 et
1452 3222 1597 3279 Filii.
1630 3224 1723 3284 At,
1752 3231 1811 3277 ut
1842 3233 1897 3278 tu
1918 3222 2079 3288 dicis,

496 3335 646 3376 unus
680 3320 807 3386 erit,
843 3319 1183 3390 compositus
1225 3334 1292 3374 ex
1340 3319 1557 3374 duabus
1592 3316 1842 3388 partibus
1881 3317 2084 3387 imper-

499 3415 680 3472 fectis.
716 3413 824 3471 Sed
857 3415 926 3470 ad
961 3415 1105 3469 banc
1135 3414 1474 3485 impietatem
1499 3427 1662 3468 aures
1685 3410 1996 3475 occludere,
2027 3416 2084 3466 et

500 3506 742 3561 animam
786 3506 1009 3561 abluere
1040 3506 1299 3560 convenit
1332 3502 1466 3575 :qui
1495 3502 1642 3558 enim
1691 3500 1807 3556 haec
1853 3499 2084 3555 commi-

499 3601 759 3665 niscitur,
783 3614 887 3655 nec
908 3596 1105 3653 Filium
1138 3611 1240 3653 nec
1261 3595 1480 3652 Patrem
1499 3595 1830 3651 conﬁtetur:
1854 3608 1979 3649 nam
1995 3607 2087 3649 ne-

500 3708 610 3762 que
638 3689 802 3747 Pater
828 3705 1005 3761 neque
1025 3688 1199 3744 Filius
1220 3686 1576 3760 imperfectus
1614 3685 1842 3758 intelligi
1881 3692 2082 3757 potest.

567 3830 626 3884 7.
652 3829 817 3899 Atqui
848 3828 1054 3883 dictum
1081 3834 1163 3882 est
1182 3867 1196 3891 ,
1223 3826 1299 3880 ait
1329 3844 1345 3881 :
1376 3846 1396 3878 ι
1435 3825 1575 3892 Quia
1601 3840 1703 3892 ego
1728 3825 1781 3878 in
1813 3822 1995 3887 Patre,
2027 3832 2083 3879 et

501 3919 666 3974 Pater
696 3922 750 3974 in
776 3935 861 3973 me
891 3927 979 3975 est
1002 3919 1046 3951 “
1080 3937 1094 3973 :
1130 3937 1147 3970 ι
1172 3933 1280 3972 non
1317 3924 1402 3973 est
1436 3928 1618 3972 autem
1648 3915 1813 3971 Pater
1843 3914 2084 3971 Verbum

502 4016 560 4067 in
590 4012 756 4067 corde
777 4010 939 4066 Filii:
969 4026 1099 4081 ergo
1118 4024 1220 4064 nec
1247 4006 1422 4063 Filius
1446 4015 1532 4062 est
1564 4005 1802 4062 Verbum
1831 4008 1887 4060 in
1919 4004 2087 4061 corde

502 4102 714 4169 Patris;
740 4102 836 4157 sed
862 4109 947 4157 est
976 4099 1216 4156 Verbum
1246 4102 1437 4156 vivens
1463 4100 1726 4156 avivente
1752 4097 1919 4154 Patre
1948 4098 2081 4163 Deo,

504 4193 653 4262 quod
692 4204 896 4248 aeterna
941 4193 1298 4265 generatione
1348 4191 1558 4247 editum
1613 4201 1719 4254 est,
1769 4198 1824 4246 et
1883 4190 2089 4261 absque

505 4286 667 4339 initio
698 4282 849 4338 Patri
886 4284 1175 4339 coexsistit
1198 4284 1309 4357 :ita
1337 4290 1396 4337 ut
1428 4280 1591 4336 Pater
1613 4296 1894 4351 nunquam
1937 4282 2089 4337 solus

507 4376 839 4448 cogitandus
869 4375 962 4431 sit.
996 4373 1224 4446 Semper
1254 4375 1400 4430 enim
1431 4372 1676 4428 Trinitas
1699 4379 1785 4428 est
1812 4371 2084 4436 Trinitas,

2166 1846 2435 1918 γέννημα,
2476 1843 2642 1899 εἰκὼν
2673 1845 3044 1918 ἀκριϐεστάτη
3083 1847 3178 1901 καὶ
3211 1849 3414 1920 φυσική
3438 1865 3451 1879 ο
3491 1847 3627 1902 διότι
3669 1848 3762 1902 καὶ

2168 1938 2401 2009 γεννητὴ
2434 1936 2493 2003 ἐξ
2514 1936 2679 1992 αὑτοῦ
2702 1954 2713 1967 ⁸
2741 1932 2823 2002 εἷς
2844 1938 2996 2003 Θεὸς,
3024 1938 3232 2004 τελείας
3257 1940 3356 2011 μὲν
3384 1941 3442 1994 ἐν
3472 1940 3650 2011 Πατρί
3668 1939 3763 2012 τῆς

2171 2028 2423 2100 θεότητος
2443 2029 2764 2102 νοουμένης,
2791 2029 3004 2095 τελείας
3029 2031 3086 2085 δὲ
3117 2032 3210 2085 καὶ
3231 2033 3289 2086 ὲν
3315 2030 3429 2103 Υίῷ
3450 2032 3550 2105 τῆς
3571 2048 3765 2105 πατρι-

2171 2121 2274 2192 κῆς
2304 2119 2556 2191 θεότητος
2592 2122 2967 2194 ὑπαρχούσης.
3014 2122 3170 2176 Ἐπεὶ
3194 2123 3289 2177 καὶ
3319 2123 3409 2177 διὰ
3438 2123 3535 2177 τοῦ
3566 2121 3764 2198 μικροῦ

2171 2212 2365 2268 τούτου
2393 2214 2858 2287 παραδείγματος,
2908 2215 3046 2286 ὅπερ
3078 2216 3111 2288 ή
3142 2214 3265 2269 θεία
3299 2214 3493 2289 Γραφὴ
3537 2216 3766 2289 δεδήλω·

2173 2322 2271 2359 κεν
2303 2304 2488 2359 εἰκόνα
2528 2305 2623 2360 τοῦ
2655 2304 2789 2360 Θεοῦ
2828 2304 2925 2360 τοῦ
2966 2305 3201 2379 ἀοράτου
3236 2306 3326 2362 τὸν
3379 2307 3615 2380 Χριστὸν
3652 2309 3767 2363 ὀνο-

2166 2398 2420 2471 μάσασα,
2445 2398 2669 2452 δύνασαι
2690 2399 3021 2454 καταλαϐεῖν
3052 2401 3116 2454 τὸ
3146 2400 3438 2472 λεγόμενον
3464 2420 3478 2432 ·
3506 2400 3768 2472 φύγωμεν

2176 2489 2342 2545 πάλιν
2369 2492 2465 2546 καὶ
2518 2490 2753 2545 ἐνταῦθα
2798 2492 2860 2545 τὸ
2891 2492 3143 2564 ἀνόμοιον
3173 2492 3235 2546 1:6
3290 2494 3347 2547 ἐν
3379 2492 3460 2565 τῷ
3508 2491 3768 2565 παραδεί-

2175 2600 2371 2655 γματι,
2401 2584 2461 2637 τὸ
2485 2584 2736 2656 τεχνίτην
2764 2584 2875 2656 (12)
2904 2586 2999 2639 καὶ
3024 2585 3331 2661 ἑτερούσιον
3363 2582 3502 2639 εἶναι
3541 2585 3645 2657 τὴν
3675 2583 3770 2640 τοῦ

2178 2674 2317 2728 Θεοῦ
2344 2675 2546 2740 εἰκόνα,
2580 2676 2847 2748 γεννητὴν
2876 2677 2938 2730 δὲ
2958 2679 3051 2731 καὶ
3078 2678 3366 2749 όμοούσιον
3392 2676 3766 2750 ὁμολογῶμεν.

2183 2764 2373 2837 Ὅμως
2400 2766 2465 2839 δὴ
2494 2762 2586 2821 οὖν
2619 2766 2730 2840 (15)
2762 2769 2791 2821 6
2831 2766 2932 2841 τὴν
2967 2770 3153 2824 εἰκόνα
3185 2769 3280 2824 τοῦ
3329 2769 3596 2839 βασιλέως
3628 2770 3775 2842 ὁρῶν

2181 2858 2272 2913 τὸν
2299 2859 2522 2931 βασιλέα
2536 2861 2658 2932 ὁρᾷ,
2695 2860 2791 2915 καί
2824 2879 2992 2934 φησιν
3014 2878 3028 2893 ·
3062 2862 3218 2927 Ἰδοὺ,
3250 2856 3405 2928 οὗτος
3440 2866 3470 2918 6
3491 2863 3771 2934 βασιλεὺς,

2181 2952 2280 3006 καὶ
2313 2952 2375 3005 οὐ
2402 2951 2496 3007 δύο
2538 2951 2810 3024 πεποίηκε
2852 2953 3111 3025 βασιλεῖς,
3139 2954 3262 3008 οὐδὲ
3303 2954 3469 3027 μέρος
3493 2955 3587 3009 τοῦ
3623 2954 3774 3026 βασι-

2107 3084 2152 3145 c
2184 3042 2450 3145 λέωςτὴν
2496 3045 2704 3113 εἰκόνα,
2739 3046 2775 3118 ἢ
2806 3046 2910 3117 τῆς
2944 3046 3152 3111 εἰκόνος
3194 3045 3290 3101 τὸν
3341 3046 3585 3118 βασιλέα,
3617 3045 3777 3101 Οὕτω

2182 3135 2360 3190 τοίνυν
2391 3130 2473 3200 εἷς
2499 3136 2632 3202 Θεδς
2656 3138 2686 3191 6
2724 3137 2935 3210 Πατὴρ,
2970 3141 3066 3192 καὶ
3096 3139 3196 3209 μία
3225 3138 3416 3211 θεότης
3435 3139 3653 3213 Πατρὸς
3681 3140 3774 3195 καὶ

2185 3226 2340 3282 Υἰοῦ.
2387 3229 2476 3293 Ὠς
2512 3228 2570 3283 δδ
2613 3230 2678 3284 σὺ
2709 3229 2912 3301 λέγεις,
2958 3229 3040 3296 εἷς
3080 3232 3233 3288 ἔσται
3276 3233 3534 3298 σύνθετος
3570 3236 3638 3289 ἐκ
3682 3234 3779 3290 δύο

2187 3320 2369 3394 μερῶν
2407 3320 2633 3377 ἀτελῶν.
2679 3322 2824 3397 Πρὸς
2852 3323 2908 3379 δὲ
2956 3324 3161 3398 ταύτην
3199 3325 3300 3398 τὴν
3345 3326 3600 3382 ἀσέϐειαν
3649 3328 3777 3382 ἀπο-

2184 3412 2395 3466 κλεῖσαι
2442 3413 2606 3467 καλδν
2636 3412 2735 3479 τὰς
2764 3416 2956 3480 ἀκοὰς,
2997 3418 3092 3470 κα)⁸
3121 3416 3237 3488 (14)
3269 3417 3637 3488 ἀπονίψασθαι
3678 3420 3777 3491 τήν

2184 3502 2363 3575 ψυχήν
2384 3520 2397 3535 ’
2429 3502 2552 3558 οὔτε
2594 3505 2706 3577 γὰρ
2733 3506 2863 3561 Υἰὸν
2906 3506 3031 3561 οὔτε
3069 3508 3290 3581 Πατέρα
3331 3512 3361 3563 6
3382 3508 3542 3564 τοῦτο
3576 3527 3778 3581 φαντα-

2187 3596 2411 3667 ζόμενος
2455 3598 2741 3669 ὁμολογεῖν
2795 3598 2919 3654 ἐπεὶ
2972 3600 3111 3672 μήτε
3167 3601 3411 3675 Πατέρα,
3464 3603 3604 3674 μήτε
3651 3602 3781 3658 Tib»

2185 3688 2353 3762 ἀτελῆ
2386 3693 2530 3745 νοεῖν
2560 3692 2814 3765 ἐγχωρεῖ.

2261 3826 2314 3880 7.
2361 3824 2501 3880 Ἀλλ’
2529 3826 2767 3899 ετρηται,
2811 3826 3005 3899 φησιν’
3047 3844 3068 3878 ι
3107 3826 3231 3881 ὀτι
3256 3824 3369 3896 ἐγὼ
3400 3827 3459 3880 ὲν
3476 3825 3556 3897 τῷ
3578 3826 3776 3898 Πατρὶ.

2187 3918 2284 3972 καὶ
2313 3920 2343 3972 6
2369 3918 2561 3990 Πατήρ
2597 3920 2656 3973 ἑν
2683 3919 2835 3991 ἐμοί·
2873 3939 2893 3972 ι
2919 3920 3022 3973 οὐκ
3049 3920 3166 3974 ἔστι
3205 3919 3263 3973 δὲ
3292 3921 3465 3990 Λόγος
3488 3921 3549 3974 ὲν
3583 3918 3782 3993 καρδίᾳ

2188 4008 2284 4062 τοῦ
2315 4008 2445 4063 Υίοῦ
2471 4012 2501 4064 6
2533 4011 2758 4082 Πατήρο
2793 4012 2854 4065 οὐ
2884 4011 3066 4065 τοίνυν
3096 4010 3218 4066 οὐδὲ
3245 4014 3274 4066 6
3299 4012 3412 4084 (15)
3447 4012 3577 4076 Υἱὸς
3607 4012 3782 4080 Λόγος

2190 4103 2250 4155 ὲν
2278 4101 2476 4175 καρδία
2501 4101 2596 4157 τοῦ
2638 4102 2875 4173 Πατρὸς,
2909 4100 3047 4155 ἁλλά
3086 4102 3259 4171 Λόγος
3298 4101 3406 4166 ζῶν
3428 4102 3537 4156 ἀπὸ
3579 4100 3782 4166 ζῶντος

2190 4195 2406 4268 Πατρὸς
2441 4194 2600 4260 Θεοῦ,
2642 4194 2799 4266 ἀϊδίῳ
2827 4196 3081 4267 γεννήσει
3108 4194 3388 4267 πεφηνὼς,
3429 4195 3679 4265 ἁνάρχως
3705 4192 3784 4264 τῷ
3896 4216 3903 4229 ο

2191 4286 2368 4358 Πατρὶ
2418 4284 2592 4340 συνών
2613 4303 2628 4319 ο
2667 4286 2742 4349 ὡς
2794 4285 3065 4357 μηδέποτε
3116 4287 3275 4358 μόνον
3323 4285 3657 4340 ἐπινοεῖσθαι
3690 4283 3783 4338 τὸν

2193 4376 2438 4448 Πατέρα.
2484 4377 2599 4430 Ἀεὶ
2641 4378 2751 4448 γὰρ
2800 4377 2973 4450 Τριάς
3004 4378 3038 4448 ἠ
3081 4377 3273 4450 Τριάς,
3318 4377 3412 4430 καὶ
3466 4376 3786 4448 προσθήκην

505 4444 612 4529 nec
676 4481 919 4536 unquam
989 4444 1423 4522 additamentum
1486 4463 1793 4520 divinitatis
1861 4462 2079 4534 accipit.

2195 4444 2450 4542 θεότητος
2477 4470 2538 4522 οὐ
2564 4444 2864 4542 λαμὸἀνει.⁷
2888 4472 3011 4526 Οὐδ’
3026 4444 3068 4526 V6
3095 4444 3169 4543 μή
3201 4468 3464 4541 πρότερον
3489 4444 3567 4521 ὧν
3591 4444 3788 4537 σὺν

505 4565 694 4637 Neque
725 4563 901 4622 Filius
941 4577 1067 4618 cum
1121 4561 1274 4632 prius
1307 4576 1418 4615 non
1466 4567 1615 4616 esset
1645 4572 1771 4613 cum
1798 4557 1980 4622 Patre,
2034 4558 2091 4614 in

507 4668 787 4730 posterum
816 4660 867 4713 ei
901 4652 1160 4720 additur;
1188 4668 1364 4723 neque
1404 4650 1544 4708 Filio
1591 4651 1832 4723 Spiritus
1867 4658 2099 4708 sanctus

510 4751 742 4805 accedit.
772 4749 907 4817 Quae
950 4747 1101 4807 enim
1128 4761 1161 4801 a
1191 4746 1426 4816 quodam
1458 4746 1731 4816 principio
1754 4746 1899 4807 facta
1938 4753 2088 4811 sunt,

507 4848 564 4895 et
593 4841 810 4911 opiﬁcia
832 4849 980 4910 sunt,
1008 4851 1062 4897 et
1093 4836 1339 4901 subdita,
1370 4845 1425 4893 et
1452 4836 1711 4892 Trinitati
1750 4838 1902 4892 nullo
1925 4837 2088 4893 modo

507 4942 960 4991 annumerantur.
1005 4932 1163 4998 Nam,
1198 4954 1218 4987 ι
1267 4938 1486 4992 euntes,
1522 4948 1543 4981 ι
1594 4929 1796 5001 inquit,
1838 4948 1857 4981 ι
1898 4927 2092 4985 docete

506 5038 699 5081 omnes
733 5035 941 5096 gentes,
964 5026 1308 5098 baptizantes
1327 5037 1451 5089 cos,
1476 5021 1532 5075 in
1554 5023 1777 5076 nomine
1795 5019 2001 5087 Ρίιῑτὶεν
2032 5029 2096 5078 οι

508 5117 654 5184 Filii,
684 5129 738 5177 et
765 5120 1004 5192 Spiritus
1026 5122 1294 5182 sancti“.
1335 5142 1357 5176 ι
1389 5119 1616 5179 Nullum
1652 5130 1836 5177 autem
1887 5121 2095 5193 princi-

583 5348 628 5381 “
664 5349 821 5405 Joan.
861 5368 971 5420 xw,
1008 5353 1091 5410 1ο.
1172 5352 1218 5382 ⁸⁸
1257 5350 1447 5406 Matth.
1484 5360 1623 5406 xvtit
1650 5386 1666 5409 .
1708 5347 1802 5403 19.

582 5526 602 5609 ς
612 5528 692 5598 11)
738 5527 962 5609 segucr:
987 5529 1227 5609 _(§obler.
1262 5540 1318 5587 et
1352 5529 1507 5609 ῐδθιίιε.⁸
1539 5546 1577 5594 ι,
1610 5520 2091 5609 γεννητόνηξηαές,

506 5590 728 5719 Ρὲἷοτὲξε
744 5590 882 5719 6duo
925 5599 1060 5655 ibid.
1102 5601 1361 5657 omittunt
1408 5590 1572 5655 Θεὸν.⁷
1624 5590 1789 5654 Βοεὶὶ.
1845 5592 1953 5646 ibid
1999 5590 2092 5643 δύο

513 5686 552 5719 υ.
584 5686 610 5719 9
641 5686 740 5719 αυτ
775 5687 822 5719 ε.

511 5670 610 5737 μὲν
641 5670 822 5732 αὑτός.

580 5738 689 5809 (12)
724 5735 907 5805 Forte,
935 5741 1220 5811 τεχνητήν.

2197 4563 2377 4634 Πατρὶ
2421 4562 2772 4634 προστίθεται
2801 4562 3025 4635 ὕστερον
3065 4562 3096 4614 6
3137 4561 3283 4625 Υἱὸς,
3313 4559 3438 4636 οὐδε
3473 4559 3553 4630 τῷ
3578 4558 3696 4631 Υἰῷ
3724 4555 3790 4610 τδ

2198 4652 2426 4725 Πνεῦμα
2466 4651 2787 4723 ἐπιγίνεται.
2820 4653 2901 4707 Τὰ
2937 4652 3048 4723 γὰρ
3086 4650 3195 4706 ἀπό
3230 4666 3375 4713 τινος
3409 4648 3592 4721 ἀρχῆς
3626 4661 3788 4717 γεγε-

2198 4747 2413 4819 νημένα
2436 4745 2549 4819 (16)
2588 4748 2683 4800 καὶ
2726 4745 3007 4817 ποιήματά
3045 4745 3165 4797 ἐστι
3204 4742 3299 4796 καὶ
3329 4739 3515 4805 δοῦλα,
3565 4737 3663 4792 καὶ
3718 4737 3788 4806 τῇ

2199 4841 2395 4916 Τριάδι
2420 4838 2833 4913 συναριθμεῖται
2861 4835 3112 4908 οὐδαμῶς
3130 4852 3145 4867 ·
3178 4854 3197 4887 ι
3225 4832 3589 4908 Πορευθέντες
3610 4829 3743 4904 γὰρ,
3764 4848 3786 4884 ι

2202 4936 2359 5008 φησὶ,
2387 4955 2406 4989 ι
2439 4933 2818 5007 μαθητεύσατε
2847 4933 3024 4987 πάντα
3042 4931 3113 4985 τὰ
3141 4930 3291 5001 ἔθνη,
3315 4927 3670 5000 βαπτίζοντες
3688 4925 3793 4980 αὑ-

2198 5029 2329 5093 τοὺς
2353 5029 2435 5092 είς
2460 5025 2524 5080 τὸ
2552 5025 2724 5097 ὄνομα
2752 5022 2849 5079 τοῦ
2872 5023 3108 5094 Πατρδς,
3136 5020 3232 5076 καὶ
3262 5018 3359 5074 τοῦ
3389 5018 3546 5083 Υίοῦ,
3577 5016 3674 5072 καὶ
3694 5013 3794 5068 τοῦ

2200 5125 2360 5195 ἀγίου
2393 5119 2729 5193 Πνεύματος.
2759 5136 2779 5170 ι
2824 5114 3023 5188 ’Δρχήν
3053 5113 3112 5168 δὲ
3139 5111 3264 5168 οὔτε
3299 5112 3452 5184 μίαν,
3472 5109 3600 5165 οὔτε
3639 5108 3796 5174 ἕξου-

2272 5517 2384 5586 (15)
2424 5514 2810 5585 Seguerianus,
2851 5515 2895 5569 δ’
2933 5511 3046 5568 οῦν.

2273 5585 2386 5656 (11)
2428 5586 2536 5640 Καί
2560 5586 2714 5656 deest
2745 5588 2800 5640 in
2839 5585 3095 5640 omnibus
3126 5598 3261 5656 mss.

2274 5653 2385 5729 (15)
2416 5655 2887 5729 δίο-δεευειξὶοιι..
2922 5657 2951 5708 ὀ
2975 5656 3131 5729 deest
3163 5653 3438 5729 ineditis.

2274 5662 2366 5729 (15
2419 5662 2512 5712 Sic
2544 5662 2887 5727 Seguerian..
2922 5662 2951 5708 6
2980 5662 3131 5707 deem
3163 5662 3216 5706 in
3252 5662 3438 5709 editis.

2260 5662 2385 5800 ’(16)
2398 5728 2490 5782 Sic
2508 5726 2696 5795 Basil.,
2712 5725 2955 5792 Gobler.,
2972 5721 3096 5795 Seg.
3113 5719 3173 5777 ln
3184 5724 3368 5789 editis,
3386 5718 3799 5800 yaysqutva,
