4048 6406
275 252 355 306 ίθθ
1480 254 1762 314 CONTRA
1803 253 2295 314 SABELLIANOS.

279 372 398 434 τίαν,
432 370 561 424 οὗτε
616 371 862 444 δύναμιν
910 372 1350 444 συνηρίθμησιν’
1399 373 1558 444 ἀϊδίῳ
1597 371 1714 444 (i7)
1762 373 1862 447 γὰρ

1977 384 2182 445 patum,
2205 389 2378 444 neque
2397 381 2720 445 potestatem
2734 417 2746 433 .
2762 391 2939 445 neque
2951 375 3208 431 virtutem
3225 390 3556 432 annumera-

278 463 334 516 τὰ
350 463 423 532 μὴ
453 463 608 516 ἀίδια
634 465 1103 536 συναριθμεῖσθαι
1129 465 1408 527 ἀδύνατον,
1443 467 1536 518 καὶ
1558 468 1622 536 τῇ
1651 465 1866 538 θεότητι

282 556 337 608 τὰ
365 556 436 625 μὴ
465 554 784 626 μετέχοντα
825 559 928 628 τῆς
966 557 1213 625 θεότητος
1241 557 1302 608 οὑ
1337 557 1708 610 συντάττεται.
1740 556 1867 619 Πῶς

283 642 358 700 οὖν
382 648 438 698 tv
463 645 543 717 τῷ
590 649 958 718 γεγεννηκότι
995 651 1025 702 6
1065 648 1492 718 γεγεννημένοςς
1525 647 1618 700 καὶ
1649 647 1812 701 πάλιν
1838 650 1868 700 6

285 741 538 810 γεννήτωρ
589 741 650 794 tv
703 740 790 812 τῷ
829 742 1163 812 γεννήματι;
1201 739 1317 804 πῶς
1350 735 1506 802 οῦτος
1539 741 1596 794 ὲν
1651 739 1864 809 ἐκείνῳ,

289 834 516 894 γακείνος
540 833 600 883 ὲν
618 831 837 902 τούτῳ;
877 834 1000 885 Ὀτι
1023 833 1116 886 καὶ
1140 832 1302 894 αὐτὸς
1317 829 1553 894 τοιοῦτός
1576 832 1724 884 ἐστιν
1754 823 1867 893 οἷος

283 925 540 986 κάκεῖνος,
570 924 836 986 κάκεῖνος
874 919 988 987 οἷος
1017 918 1191 985 οὗτος.
1227 922 1382 976 Οὑτω
1423 922 1515 975 καὶ
1545 921 1604 974 ἓν
1656 921 1724 974 τὰ
1748 922 1864 984 δύο,

279 1014 345 1083 τῷ
375 1014 447 1083 μὴ
495 1013 846 1067 διαλλάττειν
887 1015 1024 1082 (18),
1077 1015 1210 1086 μηδὲ
1255 1014 1686 1085 άπεσχοινίσθαι,
1729 1015 1865 1086 μηδὲ

279 1104 382 1156 καθ’
416 1104 610 1176 ἓτερον
646 1102 791 1169 εἶδος
836 1108 934 1160 καὶ
959 1105 1106 1171 ξένον
1143 1108 1464 1179 χαρακτῆρα
1508 1107 1746 1161 νοεῖσθαι
1774 1109 1866 1161 τὸν

282 1195 412 1258 Υἰδν,
454 1196 576 1248 ἀλλ’
621 1191 763 1250 εἶναι
808 1195 968 1261 Θεὸν,
1023 1196 1211 1268 ὥσπερ
1255 1198 1349 1250 καὶ
1389 1201 1416 1252 ὁ
1449 1199 1662 1270 Πατήρ.
1713 1201 1866 1254 Ἐπεὶ

280 1288 360 1340 καὶ
381 1288 633 1351 εἰπόντος
656 1287 826 1340 αὑτοῦ
846 1305 864 1321 ·
903 1306 923 1340 ι
977 1287 1114 1356 Ἐγὼ
1138 1290 1229 1342 καὶ
1265 1291 1294 1342 ὀ
1314 1291 1508 1363 Πατὴρ
1538 1291 1594 1344 ἓν
1620 1295 1808 1364 ἐσμεν,
1840 1317 1859 1348 ι

279 1377 613 1446 ὴγανάκτουν
641 1381 690 1432 οἰ
734 1379 983 1434 Ἰουδαῖοι
1010 1380 1280 1449 λέγοντες,
1314 1400 1332 1433 ι
1369 1383 1492 1435 Ὅτι
1537 1384 1623 1446 σὺ,
1655 1384 1866 1456 ἄνθρω-

279 1488 366 1534 πος
403 1471 504 1540 ὢν,
554 1474 734 1536 ποιεῖς
765 1473 994 1527 σεαυτὸν
1035 1473 1187 1528 Θεόν.
1227 1493 1246 1526 ι
1279 1476 1388 1528 Καὶ
1427 1478 1455 1528 ὁ
1499 1475 1691 1548 Σωτὴρ
1727 1478 1867 1531 άπε-

278 1565 485 1634 κρίνατο
538 1565 654 1636 (19)
701 1565 943 1636 βεϐαιῶν
997 1565 1056 1619 τὸ
1107 1567 1394 1637 εἰρημένον
1426 1567 1515 1620 ὑπ’
1544 1568 1746 1633 αὑτῶν,
1789 1569 1864 1632 ὼς

278 1655 412 1708 οὐδὲν
467 1655 602 1711 ἄλλο
656 1658 690 1728 ἢ
749 1658 916 1711 τοῦτο
974 1656 1289 1728 δεδηλωκὼς
1343 1660 1401 1712 tv
1456 1659 1534 1730 τῷ
1595 1661 1824 1730 φάσκειν
1846 1677 1860 1690 ·

1978 470 2073 529 vit.
2110 467 2253 536 quod
2279 467 2615 536 impossibile
2658 467 2730 522 sit
2759 474 2964 520 aeterna
2996 482 3106 520 non
3129 467 3350 522 aeternis
3375 482 3555 521 annu-

1975 561 2172 613 merari
2199 579 2212 614 :
2239 561 2319 614 vel
2347 575 2467 629 qua:
2489 575 2613 613 cum
2635 559 2837 615 deitate
2853 559 2991 613 nihil
3017 574 3310 614 commune
3332 559 3556 623 habent,

1973 666 2097 704 cum
2130 650 2332 706 deitate
2378 651 2642 706 ordinari.
2680 649 2968 717 Quomodo
3012 650 3179 719 igitur
3213 650 3266 703 in
3312 650 3560 720 genitore

1973 745 2192 813 genitus
2219 763 2232 798 ε
2257 750 2350 796 aut
2380 759 2576 798 rursus
2599 745 2814 814 genitor
2845 743 2899 798 in
2951 743 3170 812 genito?
3199 759 3308 813 qua
3343 743 3560 798 ratione

1975 836 2064 888 hic
2092 836 2147 888 in
2191 835 2304 895 illo,
2333 835 2422 888 ille
2449 835 2503 888 in
2532 835 2673 890 isto?
2705 834 2845 902 Quia
2890 843 2944 889 et
2975 835 3064 888 hic
3106 835 3233 889 talis
3261 842 3346 889 est
3376 833 3559 904 qualis

1974 927 2157 987 ille.et
2186 927 2275 980 ille
2304 927 2485 996 qualis
2509 927 2618 980 hic.
2645 927 2822 997 Atque
2850 928 2922 980 ita
2953 927 3011 980 lit
3041 934 3098 979 ut
3129 927 3238 980 duo
3263 927 3353 979 illa
3385 941 3555 979 unum

1973 1019 2121 1082 sint;
2164 1035 2229 1072 eo
2260 1017 2404 1086 quod
2453 1035 2631 1088 neque
2672 1019 2949 1082 differant,
2999 1035 3175 1088 neque
3207 1025 3554 1088 separentur,

1974 1125 2152 1179 neque
2181 1110 2285 1164 sub
2321 1111 2427 1163 alia
2452 1113 2657 1180 specie,
2681 1123 2775 1165 aut
2795 1113 2900 1167 sub
2931 1113 3037 1165 alia
3077 1112 3244 1182 ﬁgura
3276 1109 3448 1166 Filius
3472 1113 3557 1165 ina

1974 1202 2250 1272 telligatur
2291 1220 2304 1256 :
2344 1202 2436 1256 sed
2477 1201 2620 1258 Deus
2653 1202 2744 1267 sit,
2789 1203 3246 1273 quemadmodum
3279 1212 3331 1257 et
3370 1202 3553 1256 Pater.

1972 1297 2107 1347 Cum
2142 1295 2290 1348 enim
2326 1293 2420 1347 illo
2458 1293 2676 1348 dicente
2719 1312 2732 1348 :
2773 1311 2792 1345 ι
2841 1292 2952 1364 Ego
2980 1303 3031 1346 et
3063 1292 3225 1348 Pater
3255 1309 3423 1348 unum
3468 1309 3556 1346 su-

1974 1401 2097 1441 mus
2125 1386 2194 1451 ",
2254 1404 2275 1438 ι
2324 1385 2744 1456 indignarentur
2786 1383 2992 1449 Judaai,
3019 1385 3124 1455 33
3156 1401 3220 1440 ac
3264 1385 3551 1440 dicerent:

1978 1495 1997 1528 ι
2021 1475 2161 1542 Quia
2191 1483 2250 1529 tu
2285 1473 2446 1528 homo
2477 1489 2602 1529 cum
2643 1475 2742 1538 sis,
2779 1473 2915 1528 facis
2951 1475 3183 1544 teipsutn
3223 1473 3390 1528 Deum
3422 1473 3492 1540 ⁸⁸,
3529 1491 3547 1524 ι

1973 1567 2256 1636 respondit
2307 1565 2580 1630 Salvator,
2612 1565 2756 1636 quod
2800 1564 2876 1618 ilii
2905 1564 3156 1618 dixerant
3194 1563 3552 1628 confirmans,

1970 1659 2129 1728 quasi
2159 1657 2296 1712 nihil
2325 1657 2471 1712 aliud
2509 1657 2622 1725 ipse
2649 1655 3148 1720 declarasset,dum
3181 1653 3317 1710 dixit
3345 1672 3357 1708 :
3393 1674 3411 1707 ι
3444 1654 3555 1725 Ego

283 1767 297 1798 ι
334 1747 470 1815 Ἐγὼ
504 1749 603 1802 καὶ
646 1751 676 1802 6
705 1751 904 1822 Πατὴρ
935 1752 994 1804 ἓν
1037 1753 1226 1820 ἐσμεν,
1268 1770 1287 1804 ι
1313 1751 1374 1805 τὸ
1408 1747 1548 1806 εἶναι
1578 1754 1673 1807 καὶ
1701 1754 1862 1810 αὑτὸν

1969 1759 2024 1804 et
2052 1747 2214 1802 Pater
2247 1763 2414 1802 unum
2465 1762 2702 1811 sumus;
2743 1765 2761 1797 ι
2807 1762 2968 1817 quam
3013 1762 3071 1800 se
3113 1761 3332 1816 quoque
3382 1743 3554 1800 Deum

279 1839 395 1892 Θεὸν
421 1840 551 1892 Υίὺν
574 1840 710 1894 ὄντα
735 1841 876 1894 Θεοῦ
898 1859 912 1872 ·
951 1860 971 1894 ι
1005 1842 1067 1894 Εἰ
1091 1842 1332 1906 ἐκείνους
1365 1842 1520 1907 θεοὺς
1551 1840 1692 1911 εἷπε,
1733 1846 1870 1918 πρὸς

279 1930 360 1994 οὓς
385 1932 412 1982 6
437 1931 618 2000 Λόγος
645 1931 741 1986 τοῦ
771 1933 914 1986 Θεοῦ
963 1934 1196 2004 ἐγένετο,
1230 1937 1327 1990 καὶ
1354 1936 1414 1989 οὑ
1447 1935 1669 1991 δύναται
1712 1937 1871 2010 λυθῆ-

281 2024 404 2094 ναιὴ
433 2023 630 2095 Γραφή
649 2040 664 2054 ’
693 2022 758 2077 ὃν
787 2025 818 2077 6
846 2025 1039 2098 Πατὴρ
1067 2027 1282 2096 ἡγίασε,
1316 2028 1410 2080 καὶ
1443 2027 1760 2083 ἀπέστειλεν
1787 2031 1867 2094 είς

281 2115 358 2167 τὸν
386 2115 617 2185 κόσμον,
644 2116 808 2186 ὑμεῖς
837 2115 1048 2185 λέγετε,
1067 2118 1188 2170 Ὅτι
1209 2116 1566 2188 βλασφημεῖς
1587 2119 1670 2172 ὃτι
1691 2115 1864 2184 εἷπον,

281 2208 349 2258 ὅτι
373 2206 504 2270 Υἱὸς
550 2207 692 2260 Θεοῦ
727 2209 884 2278 είμι;
917 2211 968 2262 εί
1003 2211 1062 2263 οὑ
1089 2211 1225 2264 ποιῶ
1261 2211 1332 2265 τὰ
1363 2212 1502 2284 ἔργα
1523 2211 1618 2265 τοῦ
1654 2212 1868 2285 Πατρός

285 2314 391 2366 μου,
424 2296 498 2368 μὴ
539 2297 838 2352 πιστεύετέ
873 2316 996 2370 μοι·
1021 2302 1070 2353 εί
1105 2301 1162 2354 δὲ
1192 2300 1352 2366 ποιῶ,
1389 2302 1491 2355 κᾶν
1519 2302 1644 2373 ἐμοὶ
1673 2302 1748 2374 μὴ
1787 2301 1869 2354 θέο

280 2388 526 2461 intuiti)
561 2389 874 2452 πιστεύειν,
923 2392 1038 2454 τοῖς
1088 2392 1269 2462 ἔργοις
1320 2391 1636 2446 πιστεύετε*
1679 2392 1746 2445 ἵν’
1798 2393 1868 2446 ει.

278 2481 410 2560 δῇτε,
441 2483 540 2536 καὶ
565 2482 908 2552 γινώσκητε,
937 2483 1019 2537 δτι
1050 2485 1160 2553 ἐγὼ
1185 2486 1242 2537 tv
1267 2483 1344 2555 τῷ
1366 2485 1562 2556 Πατρὶ,
1595 2485 1689 2539 καὶ
1710 2485 1739 2537 ὁ
1761 2485 1869 2537 Παο

279 2574 370 2644 τηρ
390 2577 446 2626 tv
491 2574 642 2645 ἐμοί.
677 2591 698 2626 s
739 2573 958 2628 Οὑκοῦν
996 2575 1056 2628 tv
1095 2575 1174 2646 τῷ
1214 2576 1391 2646 Πατρὶ
1425 2575 1518 2630 τὸν
1552 2575 1678 2629 Υίὸν
1704 2571 1864 2644 εἶναι,

279 2666 363 2718 καὶ
407 2665 500 2720 τὸν
528 2666 756 2738 Πατέρα
803 2669 866 2721 tv
907 2667 988 2739 τῷ
1033 2667 1166 2739 Υίῷ,
1201 2667 1359 2721 τοῦτό
1415 2670 1533 2722 ἐστι
1578 2669 1672 2723 καὶ
1715 2669 1866 2722 οὐδὲν

278 2757 469 2826 ἓτερον,
504 2757 600 2810 τὸν
630 2755 760 2812 Υίδν
792 2753 938 2812 εἶναι
965 2757 1100 2811 Θεοῦ
1131 2757 1245 2828 (21)
1277 2759 1368 2812 τὸν
1405 2761 1470 2813 ὲκ
1499 2759 1591 2814 τοῦ
1621 2759 1758 2813 Θεοῦ
1783 2777 1868 2830 γε·

277 2851 622 2922 γεννημένον,
666 2849 802 2903 Θεὸν
833 2850 968 2904 ὅντα
1014 2851 1156 2904 κατὰ
1189 2852 1290 2923 τὴν
1327 2851 1510 2921 φύσιν,
1546 2853 1684 2924 ὅπερ
1711 2855 1740 2906 6
1762 2853 1868 2906 Πα-

275 2943 387 3012 τὴρ,
419 2941 518 2995 καὶ
561 2941 858 2995 δεικνύντα
886 2940 950 2993 τὸ
999 2941 1251 3013 πατρῷον
1277 2937 1416 3005 εἶδος
1454 2943 1512 2995 tv
1539 2942 1739 3014 ἐαυτῷ,
1771 2943 1865 2997 καὶ

273 3033 617 3104 δεικνύμενον
647 3035 743 3088 ἐπὶ
768 3035 872 3106 τῆς
900 3034 1174 3105 πατρικῆς
1201 3036 1570 3099 ὑποστάσεως.

1969 1855 2115 1904 esse,
2144 1855 2272 1895 eum
2316 1838 2490 1894 Filius
2517 1839 2610 1894 Dei
2652 1838 2724 1894 sit
2761 1856 2774 1894 :
2814 1857 2832 1891 ι
2877 1837 2933 1892 Si
2962 1839 3087 1894 illos
3117 1837 3258 1892 dixit
3282 1837 3438 1903 deos,
3485 1839 3550 1892 ad

1970 1948 2110 2002 quos
2129 1947 2312 1987 sermo
2335 1930 2429 1985 Dei
2460 1931 2639 1986 factus
2667 1919 2858 1994 est,'et
2882 1948 2991 1986 non
3027 1937 3207 2003 potest
3234 1930 3372 1986 solvi
3409 1929 3559 1986 Scri-

1970 2033 2173 2095 ptura:
2214 2038 2377 2094 quem
2407 2020 2569 2077 Pater
2607 2023 2996 2086 sanctilieavit,
3022 2030 3077 2076 et
3111 2021 3262 2077 misit
3298 2021 3354 2076 in
3400 2039 3560 2076 mun-

1969 2117 2121 2182 dum,
2144 2130 2242 2170 vos
2273 2114 2482 2180 dicitis,
2535 2115 2664 2185 quia
2711 2114 3061 2184 blasphemas
3095 2132 3108 2168 :
3139 2113 3266 2184 quia
3303 2113 3441 2179 dixi,
3476 2111 3561 2167 Fi-

1971 2203 2077 2259 lius
2101 2201 2196 2258 Dei
2227 2203 2388 2256 sum?
2411 2201 2468 2256 Si
2505 2218 2615 2257 non
2647 2202 2790 2256 facio
2809 2217 2990 2272 'opera
3015 2199 3198 2258 Patris
3222 2203 3350 2267 mei,
3385 2202 3560 2257 nolite

1968 2297 2194 2350 credere
2232 2294 2364 2349 mibi
2393 2311 2408 2348 :
2443 2293 2491 2350 si
2535 2303 2717 2349 autem
2739 2293 2921 2356 -l'acio,
2949 2301 3003 2348 et
3031 2293 3076 2346 si
3103 2293 3234 2348 mibi
3265 2292 3556 2348 nolueritis

1969 2389 2216 2452 credere,
2250 2386 2512 2459 operibus
2548 2386 2794 2442 credite:
2821 2393 2880 2440 ut
2921 2384 3133 2452 sciatis,
3166 2392 3221 2439 et
3251 2398 3559 2455 cognosca-

1968 2481 2062 2543 tis,
2097 2479 2224 2550 quia
2265 2495 2368 2550 ego
2398 2479 2454 2534 in
2481 2476 2665 2541 Patre,
2693 2485 2748 2531 et
2773 2475 2935 2530 Pater
2965 2476 3018 2530 in
3039 2490 3127 2529 me
3157 2473 3225 2527 ".
3249 2494 3268 2527 ι
3301 2473 3473 2544 Igitur
3498 2473 3556 2528 in

1967 2571 2131 2628 Patre
2183 2570 2384 2628 Filium
2444 2586 2590 2635 esse,
2622 2578 2677 2626 et
2728 2566 2944 2623 Patrem
2971 2568 3024 2622 in
3057 2564 3217 2628 Filio,
3263 2566 3366 2620 hoc
3413 2563 3555 2619 nihil

1967 2665 2118 2728 aliud
2161 2672 2268 2731 est,
2311 2679 2474 2732 quam
2517 2678 2642 2716 eum
2682 2662 2775 2732 qui
2821 2677 2887 2716 ex
2929 2659 3040 2716 Deo
3087 2659 3304 2729 genitus
3335 2668 3420 2715 est
3458 2657 3555 2712 Det

1971 2757 2173 2811 Filium
2205 2771 2330 2811 esse
2363 2773 2376 2808 :
2411 2769 2475 2810 ac
2519 2754 2688 2808 Deum
2733 2749 3037 2807 secundum
3069 2759 3346 2812 naturam,
3378 2756 3438 2803 ut
3467 2756 3555 2802 est

1968 2848 2154 2912 Pater,
2185 2856 2350 2918 atque
2383 2847 2436 2901 in
2469 2847 2652 2916 seipso
2688 2853 2976 2917 paternam
3011 2843 3242 2898 formam
3266 2841 3551 2906 exhibere,

1969 2942 2259 3011 ipsumque
2285 2947 2476 2994 mutuo
2500 2941 2554 2993 in
2589 2946 2820 3009 paterna
2845 2934 3155 2992 substantia
3181 2933 3453 2989 exhiberi.

332 3127 382 3182 8.
413 3095 510 3191 Ei;
542 3123 661 3191 οῦν,
691 3127 789 3181 καί⁵
825 3095 937 3190 εἷς,
969 3095 1063 3179 καὶ
1091 3095 1303 3197 {suam
1334 3127 1396 3180 οὑ
1443 3095 1770 3200 μεμέρισται
1797 3131 1862 3201 τῇ

2039 3107 2094 3160 8.
2128 3102 2282 3160 Unus
2325 3104 2512 3174 igitur,
2554 3109 2610 3157 et
2639 3117 2805 3165 unus,
2857 3109 2915 3156 et
2945 3098 3185 3154 dualitas
3215 3110 3325 3151 non
3369 3095 3551 3150 divisa

270 3216 441 3284 φύσει,
477 3216 740 3289 ἀνενδεὴς
764 3213 907 3270 οὖσα
924 3219 990 3286 τῇ
1021 3216 1339 3288 τελειότητι,
1361 3217 1482 3272 ὅλον
1523 3219 1622 3290 μὲν
1648 3218 1709 3272 τὸ
1731 3218 1866 3290 πλή-

269 3327 423 3380 ρωμα
466 3309 570 3380 τῆς
603 3309 862 3379 θεότητος
895 3310 924 3362 6
949 3309 1160 3381 Πατὴρ,
1193 3308 1268 3372 ὡς
1305 3309 1514 3382 Πατὴρ,
1547 3309 1667 3363 ὅλον
1714 3310 1773 3363 δὲ
1802 3311 1866 3364 τὸ

268 3400 537 3472 πλήρωμα
567 3401 672 3472 τῆς
692 3400 953 3470 θεότητος
981 3402 1010 3454 6
1043 3401 1190 3464 Υἱὸς,
1225 3401 1300 3464 ὡς
1331 3401 1477 3465 Υίός.
1497 3403 1714 3474 Ἐπειδὴ
1747 3402 1862 3474 (22)

264 3491 324 3544 δι’
352 3493 693 3564 ἀμφοτέρων
733 3493 794 3546 ἓν
823 3488 966 3555 εἶδος
1003 3496 1225 3555 νοεῖται,
1257 3492 1565 3564 ὁλοκλήρως
1597 3496 1654 3547 tv
1687 3495 1864 3565 ἀμφο-

267 3578 437 3650 τέροις
488 3579 874 3650 δεικνύμενον.
930 3578 1136 3650 Μηδεὶς
1179 3578 1449 3650 ἀρνείσθω
1481 3579 1580 3650 τὴν
1612 3596 1862 3652 φανερω-

268 3670 445 3724 θεῖσαν
474 3673 536 3724 tv
557 3669 642 3742 τῷ
670 3672 865 3742 κόσμῳ
895 3669 1040 3743 ζωήν
1059 3689 1072 3702 ·
1100 3671 1292 3734 ι’Ἡτις
1318 3665 1408 3742 ἧν,
1448 3690 1467 3724 ι
1503 3671 1657 3742 φησὶ,
1680 3688 1698 3720 ι
1726 3671 1862 3741 πρὸς

266 3763 356 3816 τὸν
380 3765 626 3837 Πατέρα,
657 3766 753 3818 καὶ
779 3761 1102 3835 ἐφανερώθη
1125 3765 1278 3834 ἡμῖν.
1305 3782 1324 3814 ι
1362 3761 1472 3816 Καὶ
1495 3763 1604 3834 πρὸ
1633 3761 1735 3832 τῆς
1759 3777 1863 3830 φα-

265 3856 550 3927 νερώσεως
589 3857 752 3911 τοῦτο
792 3855 975 3922 ἔδοξεν
1020 3851 1180 3919 εἶναι,
1235 3855 1400 3926 ἡνίκα
1451 3853 1858 3926 πεφανέρωται.

268 3949 593 4020 Γεγέννηται
627 3949 742 4020 γὰρ
774 3948 986 4012 ἁῖδίως,
1022 3950 1116 4002 καὶ
1147 3950 1382 4020 ὑπάρχει
1415 3947 1553 4018 μετὰ
1595 3948 1689 4001 τοῦ
1728 3947 1859 4001 ἰδίου

268 4040 494 4112 Πατρός.
529 4039 740 4110 Μηδεὶς
767 4037 1104 4111 ἀρνούμενος
1135 4038 1202 4092 τὰ
1233 4038 1360 4108 τρία
1391 4037 1491 4108 τὴν
1528 4036 1730 4108 μονάδα
1771 4038 1861 4090 εὑ-

274 4137 472 4206 ρίσκειν
523 4133 832 4208 νομιζέτω·
873 4133 1073 4188 ἀλλ’ὲν
1119 4137 1188 4210 τῇ
1219 4132 1409 4204 Τριάδι
1451 4131 1642 4185 νοείτω
1673 4130 1737 4184 τὸ
1778 4130 1856 4195 tv,

272 4227 401 4295 ἱχων
426 4227 490 4281 τὸ
530 4227 835 4296 κεφάλαιον
867 4224 972 4293 τῆς
1019 4223 1253 4288 πίστεως
1287 4226 1346 4278 tv
1375 4222 1454 4294 τῷ
1499 4221 1856 4292 βαπτίσματι,

271 4318 358 4372 καὶ
384 4319 444 4371 tv
487 4319 606 4387 (23)
647 4319 770 4381 ταῖς
803 4299 988 4388 τρισίν
1016 4314 1201 4384 ἁγίαις
1229 4316 1512 4386 σφραγῖσι,
1547 4313 1616 4365 δι’
1655 4306 1730 4365 ὧν
1779 4314 1858 4375 είς

269 4411 540 4483 σωτηρίαν
569 4408 1036 4478 ἀναγεγὲννηται,
1080 4406 1426 4476 μεμνημένος
1470 4403 1564 4456 τοῦ
1605 4402 1856 4455 Ἀποστό-

1967 3209 2052 3257 est
2083 3211 2275 3254 natura
2301 3214 2423 3254 sua.
2447 3212 2570 3252 cum
2595 3195 2744 3250 nullo
2770 3192 3010 3264 indigeat
3031 3190 3099 3246 ad
3129 3205 3285 3245 suam
3321 3187 3552 3260 integri-

1968 3301 2156 3346 tatem.
2211 3289 2477 3344 Universa
2513 3287 2733 3358 quidem
2779 3285 3060 3357 plenitudo
3110 3280 3418 3338 divinitatis
3463 3289 3554 3335 est

1966 3384 2149 3448 Pater,
2209 3389 2483 3454 quatenus
2532 3379 2712 3434 Pater.
2765 3376 3032 3432 Universa
3089 3376 3217 3430 item
3266 3372 3552 3444 plenitudo

1964 3475 2268 3532 divinitatis
2282 3483 2366 3530 est
2380 3472 2574 3536 Filius,
2590 3479 2864 3543 quatenus
2880 3468 3071 3523 Filius.
3092 3465 3550 3536 Quandoquidem

1965 3586 2063 3640 per
2096 3578 2391 3638 utrumque
2431 3578 2540 3619 una
2583 3564 2756 3619 forma
2798 3561 3142 3631 intelligitur,
3185 3574 3310 3629 quae
3337 3559 3552 3627 integro

1965 3663 2019 3715 in
2076 3669 2309 3730 utroque
2346 3657 2657 3714 exhibetur.
2701 3653 2875 3709 Nemo
2903 3654 3072 3706 vitam
3128 3659 3287 3720 neget
3322 3663 3447 3719 qua)
3490 3663 3551 3702 In

1965 3751 2170 3806 mundo
2203 3749 2456 3820 apparuit
2487 3765 2502 3800 :
2541 3765 2559 3798 ι
2591 3745 2725 3812 Qua:
2749 3754 2889 3806 erat,
2929 3763 2948 3794 ι
2979 3742 3176 3811 inquit,
3213 3760 3231 3792 ι
3267 3739 3410 3810 apud
3444 3737 3550 3791 Pa-

1963 3855 2124 3908 trem,
2155 3852 2208 3898 ct
2231 3840 2485 3913 apparuit
2509 3837 2669 3893 nobis
2699 3837 2766 3891 ".
2809 3857 2828 3888 ι
2861 3835 3036 3888 Etiam
3061 3843 3350 3903 antequam
3375 3845 3546 3900 appa-

1964 3935 2109 3984 reret
2151 3928 2204 3983 id
2235 3928 2414 3999 ipsum
2450 3926 2568 3981 visa
2607 3933 2693 3980 est
2733 3939 2876 3988 esse,
2909 3923 3054 3994 quod
3100 3937 3224 3977 cum
3267 3921 3542 3990 apparuit.

1961 4019 2097 4075 Nam
2141 4021 2210 4073 ab
2250 4025 2460 4073 aeterno
2495 4017 2714 4087 genitus
2742 4022 2848 4076 est.
2880 4023 2935 4070 et
2965 4029 3092 4067 cum
3130 4013 3354 4083 proprio
3381 4008 3550 4065 Patro

1961 4110 2199 4168 exsistit.
2237 4109 2406 4166 Nemo
2429 4111 2535 4164 tria
2568 4125 2690 4164 esse
2731 4123 2962 4178 negans,
2991 4105 3256 4160 unitatem
3292 4118 3352 4160 se
3393 4101 3548 4158 inve.

1963 4206 2081 4258 nire
2111 4217 2273 4271 posse
2303 4199 2581 4255 existimet
2614 4217 2626 4252 :
2654 4197 2751 4254 sed
2787 4199 2840 4251 in
2884 4195 3154 4250 Trinitate
3186 4208 3357 4248 unum
3396 4191 3552 4261 cogi-

1963 4305 2058 4359 tet,
2091 4309 2216 4349 cum
2244 4293 2369 4349 lidei
2399 4305 2692 4354 summam,
2719 4297 2831 4343 tam
2875 4289 2932 4342 in
2976 4287 3298 4357 baptismate
3327 4282 3545 4344 habeat,

1962 4401 2125 4457 quam
2157 4386 2211 4440 in
2239 4385 2418 4439 tribus
2445 4382 2745 4455 signaculis
2778 4380 3004 4443 sanctis,
3045 4394 3140 4448 per
3167 4392 3288 4450 qua:
3318 4374 3373 4429 in
3397 4372 3548 4429 salu-

268 4500 353 4554 λου
396 4465 651 4573 λέγοντος
671 4465 703 4532 ·.
726 4465 770 4554 ι’
786 4495 883 4563 Εἷς
902 4465 1045 4561 ’Θεὸς
1137 4465 1347 4568 Πατξρ,
1379 4465 1440 4560 ἐξ
1463 4488 1525 4548 οὗ
1566 4493 1632 4548 τὰ
1659 4493 1860 4557 πάντα,

1967 4491 2074 4534 tem
2126 4484 2480 4548 regeneratus
2532 4483 2655 4541 est,
2697 4485 2910 4527 memor
2955 4467 3203 4540 Apostoli
3244 4465 3483 4521 dicentis
3529 4479 3548 4518 :

268 4596 356 4648 καὶ
389 4590 472 4658 εἷς
502 4595 713 4666 Κύριος
755 4589 968 4664 Ἰησοῦς
995 4589 1250 4660 Χριστὸς,
1283 4588 1351 4641 δι’
1371 4582 1433 4642 οὑ
1479 4585 1552 4640 τὰ
1585 4585 1792 4640 πάντα·
1830 4604 1850 4639 ι

272 4687 619 4758 μεμνημένος
653 4684 746 4740 τοῦ
767 4684 1021 4754 λέγοντος
1050 4681 1288 4753 Πατρός*
1313 4699 1333 4732 ι
1356 4679 1453 4733 Ἐκ
1484 4677 1722 4751 γαστρὸς
1750 4676 1857 4748 πρὸ

271 4777 542 4852 ἑωσφόρον)
579 4777 860 4848 ὲγὲννησά
889 4791 972 4838 σε,
1001 4793 1021 4826 ι
1048 4773 1144 4826 τοῦ
1173 4790 1233 4826 τε
1266 4771 1396 4825 Υίοῦ
1430 4769 1856 4844 μαρτυροῦντος,

273 4869 346 4926 ὅτι
393 4868 460 4944 ἦν
493 4871 606 4944 πρὸ
639 4869 736 4924 τοῦ
779 4868 992 4939 κόσμου
1035 4865 1186 4937 παρᾶ
1219 4863 1300 4935 τῷ
1331 4863 1529 4935 Πατρὶ,
1567 4862 1668 4934 τὴν
1701 4860 1857 4926 δόξαν

275 4959 399 5030 ῑχων
422 4962 522 5036 τὴν
560 4963 664 5033 τῆς
705 4959 964 5028 θεότητος
986 4971 999 4984 ·
1034 4973 1052 5007 ι
1082 4953 1315 5020 Δόξασόν
1355 4971 1423 5026 με
1457 4951 1587 5024 γὰρ,
1621 4971 1641 5004 ι
1687 4951 1847 5022 φησὶ,

333 5120 376 5150 ⁸⁷
408 5119 570 5177 Joan.
607 5136 642 5176 Χ
666 5158 684 5183 ,
719 5117 814 5172 30.
894 5113 940 5146 ⁸⁸
977 5113 1105 5169 ibid.
1143 5111 1234 5168 53.
1311 5108 1358 5144 δ’
1394 5107 1529 5166 ibid.
1565 5104 1757 5164 '56-'58.
1847 5107 1862 5138 '

1983 5101 2145 5158 Joan.
2185 5118 2201 5158 ι
2223 5141 2238 5166 ,
2268 5099 2323 5156 2.

331 5274 437 5347 (Π)
467 5272 800 5347 Goblerian.
837 5276 894 5324 et
920 5266 1068 5347 fele.
1098 5285 1136 5334 ι,

327 5334 433 5418 (18)
470 5344 808 5418 Goblerian.
841 5348 894 5394 et
920 5336 1067 5418 Felc.
1091 5354 1132 5403 ι,
1158 5337 1336 5418 τδςμὴ
1362 5334 1499 5417 διαὶ.

325 5402 430 5490 (19}
465 5414 862 5490 Sicr_$eg_uer.
893 5410 982 5490 _At
1013 5409 1070 5490 in
1113 5402 1277 5463 editis
1319 5402 1582 5490 omissum
1623 5402 1856 5490 ᾲπεκρί-

260 5478 554 5554 νιὲο,’ἱιεω
580 5478 731 5540 illud
758 5483 822 5535 tv
847 5478 1378 5554 τῷΔφάσκεινκηυῳ
1413 5487 1594 5554 tamen
1624 5488 1690 5528 ex
1719 5489 1856 5554 cono

255 5545 393 5613 textu
424 5575 551 5616 esse
590 5545 1338 5611 videnturfCOmineliniahi
1385 5545 1518 5602 nihil
1563 5553 1850 5616 innatant.

315 5613 732 5702 (ἐπεξῄει,
763 5619 992 5702 Gobler.
1013 5626 1081 5702 ἐι
1098 5617 1242 5674 Felc.
1256 5635 1312 5702 τι,
1331 5617 1534 5702 θέλετε.

254 5682 562 5770 ini—57316;
577 5682 746 5761 hac;
786 5690 887 5744 καὶ
908 5687 1229 5758 γινώσκητε,
1256 5682 1526 5744 habentur
1549 5687 1604 5740 in
1629 5682 1852 5740 Gobler.

1969 4593 1987 4628 ι
2029 4571 2182 4629 Unus
2213 4570 2356 4626 Deus
2386 4568 2568 4635 Pater,
2595 4584 2663 4624 ex
2689 4581 2800 4638 quo
2829 4566 3012 4620 omnia
3047 4583 3061 4619 :
3097 4570 3150 4618 ct
3180 4577 3326 4616 unus
3360 4559 3552 4614 Domia

1963 4683 2069 4721 nus
2097 4663 2260 4720 Jesus
2289 4662 2571 4725 Christus,
2622 4675 2718 4730 per
2749 4673 2911 4729 quem
2949 4656 3134 4710 omnia
3165 4655 3234 4709 ".
3283 4672 3303 4706 ι
3337 4651 3548 4707 Memor

1962 4759 2034 4813 sit
2050 4770 2267 4828 quoque
2283 4753 2464 4808 Patris
2482 4751 2715 4806 dicentis
2737 4768 2752 4805 :
2780 4768 2799 4800 ι
2825 4747 2902 4803 Ex
2927 4755 3085 4803 utero
3101 4754 3228 4802 ante
3254 4743 3544 4800 luciferum

1960 4851 2122 4923 genui
2177 4861 2228 4904 te
2267 4848 2356 4899 "z
2394 4867 2412 4898 ι
2462 4845 2588 4900 item
2633 4841 2758 4896 Filii
2805 4841 2901 4911 qui
2945 4847 3180 4895 testatur
3243 4849 3304 4892 se
3375 4833 3550 4888 fuisse

1959 4953 2086 5000 ante
2122 4940 2387 4999 mundum
2417 4935 2561 5007 apud
2590 4933 2829 4999 Patrem,
2868 4932 3210 5007 gloriamque
3240 4923 3550 4982 divinitatis

2435 5100 2481 5132 ³¹
2523 5097 2542 5153 1
2575 5097 2706 5155 Cor.
2739 5113 2874 5159 vui.
2909 5095 2964 5150 6.
3065 5093 3112 5125 "
3148 5086 3295 5145 Psal.
3327 5101 3420 5144 eix
3443 5127 3464 5154 ,
3495 5088 3549 5144 5.

1961 5259 2112 5314 Felc.
2145 5273 2185 5322 I,
2214 5256 2467 5327 Seguer.,
2499 5255 2595 5310 sed
2619 5253 2820 5308 desunt
2859 5251 2915 5305 in
2938 5247 3102 5303 editis
3141 5252 3195 5300 et
3225 5246 3280 5299 in
3310 5243 3544 5316 quibus-

1959 5330 2085 5384 dam
2109 5327 2524 5398 Inanuscriptis.
2633 5393 2644 5398 _
2711 5389 2735 5398 _
2864 5390 2896 5398 Α
2967 5385 2992 5398 ,

2032 5399 2147 5468 (Si)
2180 5389 2660 5468 Segueri'anus,_16
2684 5389 3018 5468 εἶναι’-Θεοῦ.

2033 5457 2147 5539 (εεδ
2173 5457 2542 5539 Sie'Basilaet
2567 5464 2790 5539 seguer.
2824 5459 2991 5539 Editi,
3015 5457 3163 5539 taret.
3228 5525 3268 5539 η
3501 5525 3514 5538 ο

2029 5525 2271 5610 Ἐν
2290 5538 2445 5610 dee_st
2467 5537 2523 5590 in
2552 5525 2736 5610 editis,
2768 5531 2864 5588 sed
2898 5530 3131 5610 habetur
3152 5530 3205 5583 in
3228 5525 3538 5610 basiliensi.

1958 5597 2083 5665 mox
2123 5597 2325 5673 Basil.,
2367 5605 2776 5674 Seguerianus,
2802 5598 3148 5674 μεμνημένῳ
3177 5597 3270 5652 τοῦ
3301 5598 3544 5668 κήρυκοςι

1951 5685 2056 5750 ,τῆς
2078 5670 2333 5749 ἀληθείας
2369 5670 2691 5733 Ἀποστόλου
2723 5670 2971 5742 λέγοντος
3005 5670 3156 5740 ἡμῖν.
