4048 6406
442 273 541 326 ΐῖῚ

1613 249 1670 302 S.
1713 239 2173 299 ATHANASIUS.
2201 271 2271 282 ——-
2290 236 2518 296 DUBIA.

3605 222 3710 278 il!

440 382 745 443 habuisse:
781 395 931 441 nam,
979 394 998 427 ι
1030 373 1284 429 Gioril'lca
1337 384 1441 435 me,
1478 386 1496 418 ι
1533 363 1729 433 inquit,
1784 377 1803 411 ι
1840 359 2025 419 Pater,

2148 377 2155 409 l
2193 358 2396 427 Πάτερ,
2424 351 2577 424 παρὰ
2608 348 2818 418 σεαυτῷ
2841 350 2905 417 τῇ
2932 345 3060 418 δόξῃ
3161 340 3326 415 εἶχον,
3361 338 3468 413 πρδ
3498 337 3592 392 τοῦ
3619 336 3711 392 τὸν

443 476 588 549 apud
604 473 975 542 temetipsum,
995 467 1165 540 gloria
1182 479 1343 534 quam
1360 458 1548 523 habui,
1568 465 1858 524 antequam
1876 467 2028 506 mun-

443 577 549 631 dus
582 579 749 633 esset,
780 566 923 638 apud
952 574 1005 620 te
1032 564 1097 617 ⁵³.
1127 582 1146 613 ›
1180 559 1423 615 Gloriam
1448 553 1670 626 quidem
1691 564 1811 621 quae
1828 563 2027 603 secun-

443 670 575 722 dum
623 660 902 717 hominem
946 665 1030 712 est
1060 651 1326 725 postulat,
1363 662 1481 703 eam
1528 659 1658 699 vero
1689 655 1810 711 qua:
1834 653 2031 694 secun-

443 758 573 811 dum
604 753 776 808 Deum
809 758 912 813 est,
939 760 1063 801 ante
1091 741 1278 798 mundi
1311 737 1644 795 creationem
1681 748 1740 787 Se
1762 729 2025 785 habuisse

442 856 695 902 testatur.
723 839 923 894 Habuit
947 844 1126 891 autem
1145 832 1372 905 gloriam
1391 842 1515 883 cum
1541 831 1687 880 esset
1716 830 1770 878 et
1792 820 2025 877 exsiste-

443 945 530 990 ret
568 954 581 989 :
616 946 794 1003 neque
824 929 993 992 enim,
1045 924 1140 997 qui
1198 938 1306 978 non
1342 927 1450 984 est,
1484 922 1665 989 potest
1712 909 2028 984 gloriﬁcari.

444 1027 602 1094 Quod
634 1026 681 1082 si
712 1031 853 1085 erat,
884 1035 1013 1091 ergo
1044 1017 1262 1091 genitus
1309 1014 1488 1068 fuerat
1514 1029 1529 1064 :
1554 1024 1662 1064 non
1706 1006 1851 1061 enim
1883 1004 2030 1058 ﬁlius

444 1130 553 1186 est,
587 1118 679 1190 qui
731 1131 840 1171 non
875 1113 947 1170 sit
973 1113 1210 1184 genitus.
1250 1106 1357 1163 Sed
1395 1106 1442 1162 si
1478 1102 1693 1175 genitus
1714 1106 1821 1162 est,
1851 1098 2029 1160 aiunt,

446 1185 923 1281 extra-genitorem
940 1201 1179 1265 exsistit,
1207 1206 1262 1254 et
1284 1198 1354 1252 ab
1382 1210 1448 1251 eo
1472 1193 1685 1249 divisus
1711 1196 1798 1244 est
1832 1205 1846 1241 :
1876 1185 2031 1257 atqui

446 1275 661 1374 Oportet
696 1297 990 1355 indivisum
1024 1308 1054 1347 a
1079 1291 1191 1347 Deo
1219 1304 1343 1346 esse
1375 1284 1613 1341 Verbum
1644 1280 1791 1352 quod
1821 1279 1878 1331 in
1920 1275 2032 1329 Deo

447 1368 686 1457 exsistit,
715 1398 772 1448 et
806 1398 962 1446 extra
1004 1385 1173 1441 Deum
1210 1397 1318 1438 non
1349 1385 1595 1451 apparet.
1642 1372 1764 1441 Quo
1788 1369 1934 1427 enim
1976 1368 2031 1421 in

2129 448 2333 518 κόσμον
2367 441 2526 505 εἶναι,
2576 440 2728 513 παρὰ
2756 439 2871 491 σοί·
2901 456 2921 489 ι
2982 437 3079 507 τὴν
3117 437 3215 506 μὲν
3250 433 3390 487 κατὰ
3423 430 3713 501 ἄνθριυηον

2127 540 2288 607 δόξαν
2319 537 2510 599 αἰτῶν,
2560 534 2657 607 τὴν
2684 534 2743 587 δὲ
2795 530 2940 585 κατὰ
2966 530 3100 583 θεὸν
3150 528 3287 597 ἔχων
3323 525 3435 597 (24)
3472 525 3579 594 πρὸ
3616 522 3712 576 τοῦ

2128 633 2339 703 κόσμου
2374 628 2688 702 μαρτυρῶν.
2729 622 2857 695 Εἶχε
2895 624 2953 677 δὲ
2993 620 3094 691 τὴν
3121 621 3278 685 δόξαν
3314 620 3392 671 ὣν
3422 618 3517 671 καὶ
3548 615 3715 685 ὑπάρ-

2126 742 2273 796 χωνο
2322 725 2443 777 οὐδὲ
2475 722 2585 793 γὰρ
2617 724 2647 775 6
2694 720 2771 792 μὴ
2802 717 2879 772 ὢν
2923 715 3257 779 δεδόξασται.
3304 713 3368 765 Εἰ
3401 711 3459 764 δὲ
3501 705 3592 781 ἦν,
3623 709 3719 762 καὶ

2130 816 2459 887 γεγέννηται
2517 816 2579 867 οὺ
2630 813 2739 882 γάρ
2799 813 2946 864 ἐστιν
2994 808 3108 871 υἱὸς
3155 806 3231 878 μὴ
3284 802 3715 873 γεγεννημένος’

2131 910 2245 963 ἀλλ’
2275 912 2324 962 εί
2354 908 2698 977 γεγέννηται,
2729 905 2916 975 φησὶν,
2955 900 3113 964 ἐκτός
3140 901 3258 953 ἐστι
3304 896 3398 951 τοῦ
3424 895 3722 965 γεννήσαν-

2128 1020 2245 1068 τος,
2297 1001 2392 1056 ml.
2436 1000 2725 1071 διῄρηταιο
2785 995 3089 1066 ἀδιαίρετον
3133 993 3190 1045 δὲ
3230 989 3336 1062 χρὴ
3378 985 3518 1041 εἶναι
3550 985 3721 1052 Λόγον

2132 1094 2262 1147 ὄντα
2290 1095 2347 1145 ὲν
2381 1091 2522 1162 Θεῷ,
2554 1090 2647 1145 καὶ
2679 1088 2754 1161 μὴ
2794 1088 3120 1158 φαινόμενον
3145 1085 3252 1152 ἔξω
3304 1082 3397 1135 τοῦ
3428 1079 3583 1135 Θεοῦ.
3608 1075 3720 1131 Ποῦ

2133 1184 2243 1257 γάρ
2273 1183 2338 1237 ἂν
2369 1184 2462 1237 καὶ
2489 1182 2682 1252 φανείη
2714 1179 2893 1243 ἐκτὸς,
2927 1178 3109 1232 πάντα
3140 1175 3235 1229 τοῦ
3261 1173 3395 1228 Θεοῦ
3426 1170 3722 1240 πεπληρω-

2138 1273 2312 1337 κότος,
2337 1271 2478 1326 κατὰ
2510 1271 2572 1324 τδ
2598 1269 2982 1341 γεγραμμένον
3002 1284 3015 1297 ·
3069 1285 3085 1317 ι
3124 1266 3227 1318 Τὸν
3248 1262 3473 1334 οὐρανὸν
3505 1260 3599 1313 καὶ
3623 1259 3723 1328 τὴν

2138 1368 2242 1438 γῆν
2268 1366 2379 1436 ἐγὼ
2408 1366 2621 1437 πληρῶ,
2644 1364 2794 1434 λέγει
2827 1363 3067 1435 Κύριος;
3105 1382 3124 1415 ι

448 1494 571 1547 loco
608 1496 764 1546 extra
793 1501 918 1542 eum
949 1479 1288 1553 apparuerit,
1338 1450 1464 1532 cum
1501 1473 1644 1529 Deus
1691 1468 1877 1525 omnia
1927 1463 2167 1534 impleat,
2202 1472 2259 1516 ut
2297 1463 2564 1534 scriptum
2608 1469 2695 1517 est
2735 1479 2750 1516 :
2792 1479 2810 1511 ι
2857 1460 3068 1515 Caelum
3120 1466 3179 1512 et
3224 1464 3429 1512 terram
3480 1467 3584 1524 ego
3616 1450 3723 1503 im-

452 1588 599 1658 pleo,
635 1583 770 1639 dicit
809 1580 1073 1635 Dominus
1102 1575 1189 1630 “'2
1228 1594 1250 1628 ι

521 1681 578 1735 9.
630 1674 957 1749 liujusmodi
1014 1669 1362 1732 commentis,
1422 1663 1548 1719 Filii
1602 1657 2031 1733 generationem,

2207 1646 2260 1701 9.
2294 1643 2583 1707 Τοιαύταις
2615 1643 2940 1713 φαντασίαις
2983 1642 3233 1713 ἀναιρεῖν
3258 1639 3595 1713 ἐπιχειροῦσι
3624 1642 3727 1713 τὴν

452 1747 822 1839 aeternamque
868 1764 989 1836 ejus
1036 1778 1068 1818 a
1115 1759 1280 1815 Patre
1320 1753 1755 1828 proccssionem,
1808 1747 2038 1817 ejusque

454 1879 578 1921 cum
602 1862 764 1916 Patre
794 1854 1171 1915 exsistentiam
1202 1850 1268 1906 de
1296 1846 1477 1903 medio
1498 1845 1688 1900 tollere
1719 1845 1990 1895 conantur
2019 1849 2033 1886 :

455 1957 608 2011 illam
639 1965 860 2024 quoque
902 1942 1233 2003 sententiam
1260 1944 1505 1995 evertere
1535 1939 1813 2002 satagunt,
1845 1939 2041 1995 nempe

455 2015 673 2100 Patren;
709 2015 947 2113 perfecte
976 2029 1276 2090 secundum
1308 2042 1368 2082 se
1394 2022 1714 2084 subsistere,
1743 2033 1807 2072 ac
1841 2015 2038 2069 Filium

454 2150 675 2208 quoque
710 2108 1030 2188 secundum
1062 2139 1123 2179 se
1174 2118 1414 2193 perfecte
1459 2113 1782 2171 subsistere.
1818 2108 2041 2162 Discant

453 2204 641 2303 igitur,
680 2240 739 2280 se
772 2238 881 2278 non
912 2217 1234 2287 intelligere,
1274 2230 1293 2263 ι
1329 2224 1508 2281 neque
1553 2220 1675 2277 quae
1710 2204 2035 2273 loquuntur,

455 2292 633 2391 uveque
661 2318 730 2372 de
748 2313 949 2386 quibus
970 2308 1243 2364 aﬂirmant
1266 2302 1335 2369 θ’,
1369 2321 1389 2356 ι
1417 2301 1546 2356 dum
1578 2296 1747 2353 Deum
1791 2295 1912 2348 loco
1933 2292 2044 2347 cir-

455 2383 836 2468 cumscribunt
859 2422 874 2460 :
897 2402 1209 2471 Filiumque
1237 2410 1433 2452 rursus
1465 2391 1573 2446 alio
1608 2390 1662 2443 in
1698 2388 1822 2441 loco
1849 2383 2043 2454 imagi-

455 2505 681 2559 nantur,
711 2508 775 2548 ac
805 2491 1014 2546 divisos
1039 2489 1162 2541 illus
1192 2499 1336 2549 esse,
1362 2482 1529 2536 alium
1562 2478 1674 2541 bic,
1708 2476 1875 2529 alium
1907 2474 2040 2536 illic,

456 2590 772 2645 existimant
804 2603 819 2641 :
847 2580 1119 2653 siquidem
1146 2576 1347 2631 Filium
1396 2572 1540 2645 apud
1576 2586 1636 2626 se
1666 2577 1720 2625 et
1746 2578 1899 2624 extra
1938 2564 2045 2619 Pa-

458 2694 595 2738 trem
649 2680 893 2753 genitum
944 2675 1138 2740 fuisse,
1187 2681 1242 2727 et
1290 2666 1611 2740 apparuisse
1653 2664 2040 2718 conﬁteantur.

464 2790 483 2820 ι
525 2748 675 2836 ρυῑέ
704 2768 857 2821 locus
896 2758 1254 2832 requietionis
1285 2753 1457 2810 meae?
1486 2771 1506 2805 ι
1545 2751 1619 2804 ait
1650 2748 1915 2804 Dominus
1949 2762 2045 2817 per

459 2857 790 2929 Prophetam
828 2853 896 2909 ⁸⁸.
959 2870 979 2905 ‹
1007 2851 1219 2906 leum
1260 2855 1315 2902 et
1348 2844 1549 2900 coelum
1577 2842 1725 2905 cmli,
1756 2855 1865 2895 non
1900 2836 2046 2894 sufﬁ-

462 2953 608 3008 cient
639 2950 760 3013 tibi,
803 2968 820 3001 ι
862 2947 939 3001 ait
987 2944 1247 2999 Salomon
1291 2941 1358 2995 ad
1396 2937 1569 2994 Deum
1600 2937 1671 2991 ⁸⁷.
1703 2933 1900 3005 Magno
1941 2933 2046 2988 hoc

2137 1740 2392 1809 γέννησιν
2425 1736 2518 1789 τοῦ
2550 1734 2704 1801 Υἱοῦ,
2749 1735 2843 1789 καὶ
2871 1734 2968 1806 τὴν
2999 1733 3109 1787 ἀπὸ
3164 1733 3260 1787 τοῦ
3309 1734 3523 1804 Πατρὸς
3555 1733 3729 1788 ἀΐδιον
3800 1785 3813 1795 ,

2139 1830 2385 1903 πρόοδον,
2427 1830 2521 1883 καὶ
2550 1829 2648 1897 τὴν
2687 1828 2826 1899 μετὰ
2858 1827 2952 1880 τοῦ
2990 1826 3205 1898 Πατρός
3246 1825 3499 1892 ὕπαρξιν,
3539 1828 3636 1881 καὶ
3667 1826 3731 1881 τὸ

2138 1924 2360 1986 τελείως
2385 1922 2483 1994 μὲν
2514 1921 2814 1991 ὑφεστάναι
2846 1920 3070 1992 Πατέρα
3100 1920 3224 1973 καθ’
3254 1921 3466 1984 ἑαυτὸν,
3502 1919 3728 1985 τελείως
3828 1916 3831 1921 ’

2139 2016 2236 2070 καὶ
2253 2015 2346 2068 τὸν
2371 2012 2499 2067 Υἱὸν
2528 2011 2651 2066 καθ’
2683 2011 2877 2066 ἑαυτὸν
2908 2011 3224 2081 ὑφεστάναι.
3254 2010 3591 2065 Μαθέτωσαν
3611 2007 3727 2073 οὖν,

2139 2108 2221 2161 ὅτι
2256 2106 2330 2179 μὴ
2360 2105 2560 2172 νοοῦσι,
2584 2123 2604 2156 ι
2636 2107 2772 2177 μήτε
2792 2104 2828 2158 ἃ
2855 2103 3094 2173 λέγουσι,
3133 2105 3269 2175 μήτε
3299 2103 3427 2175 περὶ
3449 2096 3525 2156 ὧν
3551 2102 3705 2157 διαὸε
3723 2129 3734 2140 ο

2139 2198 2438 2281 δαιοῦνται,
2461 2216 2480 2250 ι
2538 2198 2686 2268 τόπῳ
2714 2196 2849 2250 θεὸν
2877 2196 3329 2266 περιγράφοντες,
3355 2194 3449 2248 καὶ
3480 2194 3571 2247 τὸν
3602 2193 3734 2246 re»

2141 2288 2208 2347 αὖ
2246 2291 2406 2346 πάλιν
2439 2293 2496 2344 ἐν
2544 2289 2716 2361 ἑτέρῳ
2758 2288 3157 2358 φανταζόμενοι
3206 2288 3377 2358 τόπῳ,
3428 2286 3524 2339 καὶ
3556 2302 3730 2356 μεμε-

2144 2382 2349 2455 ρίσθαι,
2379 2382 2469 2435 τὸν
2504 2382 2601 2453 μὲν
2634 2381 2773 2441 ἐκεῖ,
2812 2378 2907 2432 τὸν
2950 2377 3008 2429 δὲ
3050 2375 3236 2430 ἐνθάδε
3269 2373 3604 2445 νομίζοντες,
3637 2373 3739 2426 ἐὰν

2139 2473 2538 2545 γεγεννημένος
2570 2471 2681 2543 (ἳῦ)
2710 2471 2807 2526 καὶ
2831 2466 3089 2540 πεφηνὼς
3114 2466 3233 2520 καθ’
3269 2465 3457 2520 ἑαυτὸν
3491 2465 3602 2519 ἀπὸ
3636 2464 3734 2518 τοῦ

2142 2569 2357 2640 Πατρος
2403 2568 2431 2619 6
2461 2566 2591 2629 Υἱὸς
2618 2564 2968 2636 ὁμολογῆται.
3033 2582 3051 2613 ι
3093 2561 3190 2624 Τίς
3219 2561 3384 2623 τόπος
3413 2560 3513 2629 τῆς
3565 2576 3735 2613 κατα-

2143 2658 2397 2724 παύσεώς
2427 2674 2563 2731 μους
2599 2676 2618 2710 ι
2645 2656 2808 2728 φησὶν
2829 2659 2858 2710 ὁ
2883 2655 3014 2719 Θεὸς
3039 2654 3127 2708 διά
3158 2653 3252 2706 τοῦ
3286 2653 3585 2725 προφήτου.
3623 2671 3641 2702 ε
3678 2651 3735 2702 ’0

2142 2753 2370 2826 οὐρανὸς
2416 2754 2511 2806 καὶ⁸
2562 2753 2591 2804 6
2627 2749 2857 2822 οὐρανὸς
2887 2747 2982 2802 τοῦ
3027 2747 3255 2820 οὐρανοῦ
3298 2746 3397 2798 οὐκ
3440 2742 3743 2817 ἀρκέσουσι

2147 2863 2252 2912 σοι,
2295 2865 2313 2898 ι
2347 2843 2597 2916 Σολομὼν
2624 2843 2774 2912 λέγει
2821 2842 2960 2915 πρὸς
2988 2841 3078 2894 τὸν
3119 2839 3285 2892 Θεόν·
3320 2838 3609 2910 τεκμηρίῳ
3640 2854 3737 2909 με·

2146 2940 2320 3011 γίστῳ
2352 2939 2558 2992 πείθων
2608 2938 2734 3000 τοὺς
2772 2933 3094 3005 ἀνθρώπους
3145 2933 3174 2983 6
3217 2932 3373 2997 Θεὶς,
3429 2932 3510 2986 ὅτι
3547 2930 3739 3001 μηδεὶς

462 3047 786 3113 argumento
827 3035 1079 3091 homines
1124 3032 1315 3087 edocet
1372 3027 1559 3082 Deus:
1596 3026 1811 3079 nullum
1860 3024 2042 3077 locum

2150 3031 2314 3087 αὑτοῦ
2338 3031 2504 3094 τόπος
2528 3029 2793 3092 δεκτικός.
2818 3048 2837 3081 ι
2860 3030 2923 3082 Ἠ
2935 3028 3043 3101 γὰρ
3057 3027 3179 3101 χείρ
3204 3044 3329 3098 μου,
3364 3045 3383 3077 ι
3410 3024 3579 3094 φησὶν
3596 3022 3734 3089 (26).

461 3107 552 3181 sua7
570 3139 826 3197 capacem
849 3137 991 3177 esse.
1024 3139 1043 3172 ι
1074 3119 1267 3173 Manus
1292 3130 1433 3179 mea,
1463 3133 1481 3166 ι
1507 3112 1702 3182 inquit,
1725 3108 1836 3182 3!.
1866 3128 1884 3159 ε
1919 3107 2049 3162 fecit

460 3220 578 3275 haec
605 3217 793 3272 omnia
818 3215 885 3271 ³⁸,
920 3234 939 3265 ι
976 3211 1097 3266 Νοη
1142 3210 1308 3283 igitur
1350 3219 1514 3279 Opera
1572 3202 1823 3275 opificem
1872 3201 2051 3255 conti-

464 3316 616 3373 nent,
656 3304 748 3378 qui
785 3313 838 3361 et
888 3313 1016 3358 ante
1064 3303 1155 3357 illa
1202 3307 1341 3364 erat,
1398 3298 1643 3369 ipsisque
1673 3292 2051 3350 exsistentiam

464 3402 690 3473 praebet,
719 3414 784 3454 ac
814 3399 937 3469 ipsa
962 3396 1174 3468 opiﬁcis
1199 3400 1465 3465 potestate
1514 3391 1608 3446 illa
1644 3387 1873 3444 stabilit.
1905 3384 2054 3452 Qua-

465 3503 687 3567 propter
726 3492 803 3546 ait
826 3489 1030 3546 Paulus
1064 3506 1078 3543 :
1118 3506 1137 3539 ‹
1173 3487 1249 3542 Ex
1292 3500 1403 3557 quo
1441 3484 1646 3546 omnia,
1676 3489 1730 3536 et
1765 3496 1863 3551 per
1889 3492 2052 3549 quem

465 3588 672 3650 emuia,
706 3591 761 3638 et
788 3584 846 3638 in
875 3598 983 3653 quo
1022 3582 1205 3635 omnia
1240 3577 1307 3642 ⁵³,
1344 3597 1363 3629 ι
1397 3585 1451 3632 et
1481 3588 1702 3630 rursum
1735 3591 1749 3628 :
1785 3590 1804 3624 ι
1842 3570 1902 3626 ln
1933 3571 2054 3641 ipso

466 3682 613 3736 enim
645 3678 905 3742 vivimus,
943 3682 996 3730 et
1024 3686 1329 3735 movemur,
1356 3677 1411 3725 et
1441 3683 1632 3726 sumus
1660 3666 1727 3721 “.
1764 3684 1784 3717 ι

537 3773 625 3826 10.
666 3770 839 3824 Aufer
888 3782 1018 3838 ergo
1068 3764 1203 3820 milii
1246 3762 1403 3829 illud,
1444 3762 1500 3815 in
1554 3762 1676 3815 loco
1703 3758 1872 3812 situm
1903 3769 2050 3818 esse,

468 3880 594 3920 cum
633 3862 701 3918 de
732 3860 863 3928 Deo,
898 3859 966 3914 de
988 3856 1189 3920 Verbo,
1228 3863 1283 3910 et
1317 3853 1385 3908 de
1434 3851 1643 3923 Spiritu
1681 3858 1874 3904 sancto
1903 3846 2057 3915 cogi-

467 3956 672 4021 tareris
710 3970 723 4006 :
766 3952 919 4007 aufer
951 3951 1156 4006 locales
1191 3945 1588 4018 separationes,
1615 3952 1670 3998 et
1710 3958 1779 3996 ne
1810 3940 2057 4010 suspice-

471 4050 551 4104 ris
590 4045 721 4102 alibi
741 4044 959 4098 Patrem
976 4058 1120 4104 esse,
1141 4041 1381 4108 alibique
1404 4036 1601 4090 Filium
1632 4036 1902 4099 emittere,
1927 4048 2053 4087 cum

472 4138 645 4211 gignit
671 4137 849 4192 illum.
879 4132 1206 4203 Hujusmodi
1232 4132 1377 4186 enim
1403 4128 1719 4190 mendaces,
1742 4125 1853 4180 imo
1875 4125 2059 4195 potius

474 4231 656 4301 impiae
693 4225 1164 4287 ratiocinationes,
1197 4222 1297 4277 tibi
1345 4222 1493 4277 circa
1522 4218 1647 4273 Filii
1694 4216 2057 4281 substantiam

2157 3139 2178 3173 ι
2220 3120 2442 3191 ἐποίησε
2489 3119 2663 3172 ταῦτα
2713 3118 2910 3172 πάντα.
2967 3136 2985 3169 ι
3034 3117 3109 3170 Οὐ
3149 3116 3330 3167 τοίνυν
3374 3111 3620 3182 περιέχει
3669 3107 3741 3161 τὰ

2153 3213 2433 3283 ποιήματα
2459 3210 2554 3263 τὸν
2582 3207 3009 3280 πεποιηκότα,ὃς
3031 3207 3126 3259 καὶ
3156 3205 3262 3277 πρὸ
3285 3202 3492 3256 τούτων
3522 3197 3611 3272 ἦν.
3645 3199 3739 3253 καὶ

2152 3301 2361 3365 τούτοις
2385 3301 2615 3373 παρέχει
2639 3299 2700 3353 τὸ
2722 3295 2883 3365 εἶναι,
2900 3299 2995 3352 καὶ
3020 3297 3157 3368 αὐτῇ
3188 3297 3254 3366 τῇ
3277 3294 3504 3363 δυνάμει
3523 3292 3617 3345 τοῦ
3641 3306 3742 3343 πε-

2154 3393 2443 3463 ποιηκότος
2489 3390 2926 3461 ἐπιστηρίζεται.
2994 3386 3087 3441 Διό
3139 3402 3271 3457 φησι
3332 3383 3545 3445 Παῦλος
3593 3380 3749 3449 (ἵησ-

2160 3505 2180 3537 ι
2204 3486 2294 3550 Ἐξ
2316 3476 2376 3537 οῦ
2406 3484 2471 3536 τὰ
2497 3482 2696 3545 πάντα,
2731 3482 2826 3534 καὶ
2845 3479 2912 3533 δι’
2946 3472 3008 3533 οῦ
3031 3478 3101 3532 τὰ
3132 3479 3332 3541 πάντα,
3355 3476 3450 3528 καὶ
3478 3476 3557 3537 είς
3593 3472 3650 3524 ὃν
3670 3470 3743 3524 τά

2157 3579 2336 3631 πάντα
2355 3593 2370 3607 ⁸
2399 3596 2417 3626 ι
2460 3576 2554 3629 καὶ
2589 3575 2751 3628 πάλιν
2769 3590 2783 3604 σ
2822 3592 2841 3624 ι
2867 3573 2955 3626 Ἐν
2988 3572 3137 3643 αὐτῷ
3166 3570 3277 3641 γὰρ
3304 3568 3507 3640 ζῶμεν,
3530 3568 3625 3622 καὶ
3652 3583 3742 3620 κι-

2155 3670 2417 3741 νούμεθα,
2454 3670 2547 3724 καὶ
2581 3669 2767 3740 ἐσμέν.
2799 3688 2818 3719 ι

2230 3762 2318 3816 10.
2353 3760 2543 3814 Ἀνελε
2584 3761 2645 3831 δή
2683 3775 2773 3831 μοι
2802 3758 2895 3812 τὸν
2932 3759 2990 3811 ὲν
3014 3757 3166 3828 τόπῳ
3203 3752 3621 3826 ὲστηριγμένον,
3652 3750 3743 3804 ὅτι

2156 3856 2341 3927 διανοῇ
2372 3855 2498 3925 περὶ
2517 3853 2672 3915 Θεοῦ,
2697 3851 2789 3903 καὶ
2818 3849 2914 3903 τοῦ
2936 3850 3133 3918 Λόγου,
3150 3846 3247 3901 καὶ
3274 3844 3368 3899 τοῦ
3395 3843 3739 3914 Πνεύμαλτηςθ

2160 3947 2316 4003 ἄνελε
2350 3944 2608 4007 τοπικοὺς
2635 3942 2967 4014 χωρισμοὺς,
3006 3940 3102 3994 καὶ
3142 3939 3217 4011 μὴ
3253 3936 3488 4009 ἀλλαχοῦ
3514 3935 3607 3988 τὸν
3626 3935 3746 3988 Πα-

2159 4039 2295 4110 τέρα
2322 4038 2470 4099 ὅντα,
2514 4032 2748 4105 ἀλλαχοῦ
2795 4032 2905 4103 (28)
2939 4031 2998 4085 δὲ
3043 4031 3136 4086 τὸν
3162 4030 3294 4084 Υίὸν
3327 4028 3634 4097 ἐκπέμπειν
3680 4027 3747 4078 ὲκ

2159 4129 2256 4182 τοῦ
2285 4130 2479 4200 γεννᾷν
2512 4126 2877 4200 ὑποπτεύσῃς.
2900 4120 3059 4179 Οὗτοι
3084 4123 3193 4195 γὰρ
3214 4126 3264 4177 οἱ
3284 4122 3521 4193 ψευδεῖς,
3548 4118 3748 4191 μᾶλλον

2161 4221 2219 4275 δὲ
2254 4222 2347 4276 καὶ
2375 4220 2523 4275 ἄθεοι
2548 4219 2821 4289 λογισμοὶ,
2848 4217 2979 4289 περὶ
3006 4217 3105 4287 τὴν
3135 4215 3371 4296 ὕπαρξιν
3397 4212 3491 4266 τοῦ
3526 4211 3656 4265 Υἰοῦ
3686 4225 3747 4263 σι

476 4320 808 4383 oﬂendieulo
844 4324 994 4375 sunt.
1037 4313 1161 4370 Una
1204 4328 1327 4368 cum
1359 4310 1500 4366 Filio
1548 4318 1750 4372 autem,
1790 4307 2042 4378 Spiritum

2165 4311 2598 4378 σκανδαλίζουσι.
2643 4309 3039 4381 Συνεξὴρνηται
3072 4307 3129 4362 δέ
3171 4324 3253 4362 σοι
3314 4305 3454 4378 μετὰ
3483 4304 3580 4359 τοῦ
3614 4301 3747 4356 Υἱοῦ

476 4428 698 4485 qunque
728 4419 979 4468 sanctum
1014 4408 1257 4478 abnegas
1290 4425 1303 4461 :
1342 4405 1473 4460 dum
1516 4419 1545 4457 a
1589 4402 1707 4458 solo
1739 4399 1900 4455 Patre
1938 4415 2042 4454 om‘

2165 4408 2260 4461 καὶ
2292 4407 2353 4459 τὸ
2394 4402 2618 4474 Πνεῦμα
2661 4403 2722 4456 τὺ
2748 4403 2924 4470 ἅγιον,
2949 4401 3039 4454 διὰ
3063 4399 3157 4454 τοῦ
3197 4398 3308 4472 (29)
3343 4400 3432 4468 ὑφ’
3458 4398 3578 4461 ἑνὸς
3611 4413 3748 4470 προ·

479 4507 571 4562 nia
600 4511 980 4575 praeoccupata
1002 4500 1307 4556 existimas.
1333 4497 1694 4571 Ne‘quazratis
1720 4495 1824 4550 loci
1849 4495 2062 4565 magni-

2167 4497 2492 4569 κατέχεσθαι
2526 4497 2704 4550 πάντα
2736 4494 2835 4548 τοῦ
2874 4493 3108 4565 Πατρός,
3147 4492 3238 4560 Μὴ
3269 4492 3483 4563 ζητεῖτε
3519 4490 3749 4560 μέγεθος

481 4598 727 4653 tudinem
757 4604 990 4660 tantam,
1028 4604 1088 4649 ut
1131 4607 1251 4663 qua:
1289 4591 1465 4661 possit
1499 4589 1594 4644 Dei
1629 4588 2042 4660 magnitudineu

2167 4592 2333 4645 τόπου
2361 4587 2634 4653 τοσοῦτον,
2650 4588 2711 4651 ὃς
2738 4588 3026 4658 δυνήσεται
3053 4586 3299 4657 χωρῆσαι
3331 4584 3559 4655 μέγεθος
3579 4580 3747 4636 Θεοῦο

481 4705 699 4763 capere.
730 4687 853 4744 Non
885 4688 1031 4745 enim
1069 4686 1394 4741 immensum
1440 4684 1499 4738 in
1545 4697 1733 4737 menso
1783 4691 1868 4738 est
1907 4699 1920 4735 :
1969 4696 2042 4736 sel

2170 4683 2231 4737 οὐ
2267 4682 2377 4753 γάρ
2430 4682 2546 4734 ἐστι
2578 4678 2640 4735 τὸ
2686 4680 2995 4753 ἀμέτρητον
3051 4680 3144 4732 ἐπὶ
3200 4678 3280 4749 τῷ
3328 4674 3752 4747 μεμετρημένῳ,

481 4785 665 4855 palmo
692 4783 910 4853 quidem
952 4796 1054 4838 suo
1079 4780 1278 4835 cmlum
1319 4778 1560 4841 metitur,
1619 4782 1678 4830 ut
1711 4789 1806 4847 per
1841 4789 2042 4843 compa

2172 4775 2308 4829 ἀλλὰ
2343 4773 2590 4845 σπιθαμῇ
2631 4773 2728 4844 μὲν
2769 4772 2934 4825 αὑτοῦ
2969 4774 3158 4845 μετρεῖ
3204 4769 3296 4823 τὸν
3321 4768 3571 4842 οὐρανὸν,
3603 4767 3680 4829 ὡς
3727 4766 3756 4818 6

481 4877 749 4930 rationem
769 4874 1031 4946 prepbeta
1045 4872 1281 4943 explicat
1302 4889 1315 4925 :
1336 4886 1499 4926 manu
1522 4876 1707 4925 autem
1737 4882 1837 4923 sua
1861 4882 2042 4937 aquau

2177 4868 2458 4939 προφήτης
2487 4864 2872 4934 παραϐολικῶς
2893 4862 3211 4935 ἑρμηνεύειο
3245 4860 3563 4932 μεμέτρηκε
3590 4854 3758 4911 δὲκαὶ

556 5102 799 5156 In".loan.
827 5117 962 5168 xvu,
1005 5099 1097 5168 5.,
1136 5097 1183 5168 ‘3
1224 5094 1424 5151 εἶθνειη·
1457 5109 1630 5168 FW!)
1664 5086 1755 5168 2““
1857 5093 1903 5124 η
1944 5089 2042 5168 l-T-

2160 5096 2243 5157 ’1,
2293 5091 2342 5148 7.
2440 5089 2489 5122 “
2529 5089 2842 5153 lsa.1.xrt-,
2897 5090 2947 5146 1.

485 5173 531 5204 η
556 5102 799 5156 In".loan.
827 5117 962 5168 xvu,
1005 5099 1059 5154 5.
1136 5097 1183 5184 ⁸]
1224 5094 1424 5151 Jerem.
1460 5109 1630 5154 xxm,
1664 5086 1755 5147 24.
1857 5093 1903 5124 ⁸⁵
1944 5093 1962 5146 1
1999 5089 2165 5148 Tim.’
2194 5110 2243 5157 ι,
2293 5091 2342 5148 7.
2440 5089 2489 5122 “
2529 5089 2634 5145 lsa.
2668 5103 2842 5153 1.3m,
2897 5090 2947 5146 1.
3077 5090 3123 5124 ⁵⁷
3175 5089 3242 5145 ιιι
3305 5088 3438 5162 Reg.
3495 5105 3625 5153 vm,
3664 5082 3756 5136 27.

549 5172 651 5228 lsa.
686 5188 830 5237 uri,
868 5172 922 5227 2.
998 5171 1044 5202 ⁵⁸
1084 5167 1257 5222 lber.
1297 5182 1412 5230 rm,
1447 5163 1502 5218 6.
1578 5164 1623 5195 “
1657 5162 1779 5215 Act.
1814 5178 1945 5226 xvn,
1978 5162 2068 5216 ‘28.

2189 5288 2530 5412 Ξλξέῗὶὲόὲἒ..
2546 5287 2791 5342 Commel
2820 5285 3013 5354 ,Basil.
3032 5299 3086 5344 et
3108 5288 3233 5362 Seg.
3248 5289 3531 5363 ἀλλαχόσε⁷
3551 5293 3757 5382 πηγαί,

2177 5373 2410 5429 ἀλλαχου
2452 5373 2530 5413 οε.
3634 5373 3643 5382 ·
3666 5412 3669 5417 ι

2248 5428 2362 5500 (29)
2405 5428 3253 5512 segnem“6:&_:6,'recte_;_alii
3280 5435 3598 5512 cum_editi,
3646 5444 3758 5488 tum

2184 5501 2846 5583 nuntiuscripti,61.6506.
2877 5503 3164 5583 gfosncditi
3202 5514 3255 5559 et
3298 5506 3520 5574 quidam
3566 5518 3761 5559 mauu-

2178 5573 2375 5654 scripti
2396 5613 2412 5634 ,
2447 5572 2814 5654 auriﬁcem.
2842 5645 2854 5654 _
2874 5574 3211 5654 Basiliensis,
3237 5572 3759 5654 _ni&axaréxsoeat.

2188 5646 2312 5712 ὅγε.
2347 5644 2571 5709 rectius,
2615 5644 3071 5716 προκατέχεσθαι.
3113 5645 3306 5716 Statim
3341 5644 3500 5715 ‘Segq
3538 5647 3761 5715 ζητῆτε,

2186 5724 2239 5769 et
2278 5722 2402 5783 post
2446 5728 2640 5783 pauca,
2681 5715 3017 5783 Basiliensis,
3050 5715 3077 5767 6
3118 5715 3423 5782 δυνήσεται,
3458 5732 3568 5771 non
3598 5718 3759 5769 male.

562 5304 672 5385 ρει)
705 5303 967 5385 ὃεςυετη,
983 5303 1147 5374 ἔχειν.
1172 5297 1346 5385 Paulo
1366 5309 1490 5370 post
1514 5299 1681 5366 idem,
1711 5297 1772 5351 οὐ
1796 5295 1948 5366 γάρὸ
1970 5297 2071 5365 μή,

491 5370 804 5446 ιιιῑιοίιίρευξ
837 5370 1172 5445 φασίνξρτυ,
1209 5370 1396 5442 φησίν.

496 5548 501 5551 .
563 5490 687 5562 (25)·
700 5471 1088 5560 Βοέυοιῆυιιιιε,
1108 5463 1506 5554 γεγενημένος.

500 5616 505 5619 »
568 5582 681 5652 (26)
715 5580 807 5636 Sic
828 5578 1154 5650 Seguerian.
1181 5575 1324 5629 Editi
1345 5574 1629 5645 vermium

499 5743 533 5797 λ
571 5673 682 5744 (9.7)
716 5672 878 5726 Basil.
920 5678 974 5725 et
1008 5667 1234 5739 Segucr.
1268 5667 1359 5719 Διό
1379 5682 1544 5737 φησιν
1576 5660 1642 5719 αὖ
1685 5664 1844 5720 πάλιν
1876 5666 1905 5717 ὁ
1934 5662 2079 5717 Παῦ-

533 5761 609 5797 ος.
