4048 6406
240 556 347 632 ἰιδ

1469 574 1751 632 comm
1797 542 2299 628 SABELLlANOS.
2374 560 2379 569 '

3422 564 3529 620 ηδ

256 689 308 744 τδ
338 687 484 759 ὕδωρ
515 691 587 761 τῇ
645 690 833 761 χειρὶ,
892 691 984 744 καὶ
1031 691 1127 762 τὴν
1170 692 1274 761 γῆν
1325 696 1504 747 πᾶσαν
1555 689 1736 762 δρακῖ.
1770 684 1838 759 ᾫ

1943 704 2164 743 mensus
2192 697 2295 749 est,
2325 702 2387 741 ac
2415 694 2581 740 totam
2615 692 2816 739 terram
2852 672 3053 754 pugillo
3077 681 3143 735 “.
3172 678 3341 747 Quod“
3359 680 3404 735 si
3432 693 3529 734 ea-

258 782 295 834 δ’
316 780 491 844 οὕτως
515 780 632 850 ('50)
661 781 928 853 ἐλάχιστα
958 784 1154 846 πάντα,
1172 782 1249 847 ὡς
1270 785 1303 857 ἡ
1332 781 1641 856 προφητικὴ
1670 799 1846 854 παρα-

261 873 378 945 ϐολὴ
410 873 655 944 μετρίως
680 874 1050 938 ὑποδείκνυσι,
1070 875 1187 939 πῶς
1209 875 1275 930 ἂν
1303 879 1373 947 τῇ
1399 876 1569 948 μικρᾷ
1601 875 1695 929 καὶ
1719 873 1844 927 ἐλα-

258 967 406 1038 χίστῃ
452 966 633 1019 κτίσει
686 968 1252 1039 συμπαρεκτείνεσθαι
1290 967 1521 1035 δόξειεν;
1584 969 1660 1023 Οὐ
1704 985 1843 1039 συμ-

257 1055 757 1126 παρεκτεινόμενος
792 1059 907 1121 τοῖς
947 1058 1079 1111 πᾶσι
1121 1057 1449 1129 πεπλήρωκε
1496 1057 1565 1112 τὰ
1616 1057 1791 1112 πάντα
1816 1060 1846 1111 6

253 1143 376 1207 ϐιός
393 1160 410 1174 ο
442 1143 770 1214 σωματικὸν
791 1144 905 1216 γὰρ
937 1144 1110 1207 τοῦτο,
1138 1143 1327 1217 ὥσπερ
1353 1145 1401 1197 εἰ
1428 1143 1520 1197 τὸν
1551 1143 1690 1213 ἀέρα
1711 1143 1842 1214 φαίη

255 1235 672 1308 πεπληρωκέναι
707 1254 799 1302 τις
822 1239 918 1291 τὸν
946 1237 1146 1309 μεταξῦ
1184 1238 1289 1308 γῆς
1317 1237 1410 1292 καὶ
1431 1234 1663 1308 οὐρανοῦ
1682 1251 1697 1265 ·
1728 1233 1846 1288 ἀλλ’

253 1330 321 1392 ὼς
350 1329 587 1401 δύναμις
621 1330 846 1401 συνέχει
883 1332 953 1384 τὰ
987 1333 1190 1386 πάντα*
1218 1331 1448 1403 δύναμις
1482 1330 1591 1403 γὰρ
1620 1328 1846 1401 ἀσώμα-

254 1437 358 1485 τος,
390 1421 654 1493 ἀόρατος,
682 1422 746 1475 οὐ
776 1421 1073 1487 κυκλοῦσα,
1103 1423 1163 1476 οὖ
1195 1422 1558 1494 κυκλουμένη.
1607 1421 1683 1475 T6
1712 1419 1847 1475 αὒτδ

254 1511 418 1565 δὲκαὶ
450 1513 587 1584 ’περὶ
613 1512 730 1584 (3|)
758 1513 859 1566 τοῦ
893 1511 1046 1575 Υἱοῦ,
1080 1515 1177 1567 καὶ
1209 1513 1339 1585 περὶ
1370 1513 1464 1567 τοῦ
1496 1513 1652 1581 ἁγίου
1675 1510 1847 1566 Ilvati-

259 1619 452 1673 ματοςο
490 1603 586 1657 διὰ
635 1604 748 1673 γὰρ
801 1604 935 1658 Υἱοῦ
966 1606 1059 1658 καὶ⁵
1096 1606 1155 1657 ὲν
1188 1605 1465 1677 Πνεύματι
1509 1604 1581 1658 τὰ
1613 1604 1790 1658 πάντα
1815 1606 1846 1659 6

255 1696 376 1759 Θεὸς
418 1697 518 1749 καὶ
575 1697 969 1768 συνεστήσατο,
1023 1696 1118 1750 καὶ¹
1173 1697 1414 1767 συνέχων
1469 1695 1841 1764 διαφυλάττει.

268 1786 478 1850 ’Δσεϐὲς
491 1786 682 1839 τοίνυν
710 1786 810 1839 καί⁵
827 1785 1011 1857 ζητεῖν
1036 1785 1131 1839 καὶ
1162 1786 1364 1839 ὲννοεῖν
1387 1785 1447 1839 τὸ
1480 1784 1583 1839 ποῦ
1609 1784 1719 1857 (52)
1747 1802 1845 1837 πο-

254 1878 309 1931 τέ
337 1879 486 1931 ἔστιν
519 1880 550 1931 ό
577 1877 736 1941 Θεὸς,
778 1877 811 1948 ἢ
844 1879 874 1930 6
913 1876 1083 1946 Λόγος
1109 1877 1230 1930 τίνα
1258 1877 1422 1930 τόπον
1451 1876 1687 1947 εἴληχεν,
1719 1874 1752 1947 ἦ
1783 1874 1845 1929 τὸ

258 1967 469 2039 Πνεῦμα
495 1968 622 2023 τίνα
653 1968 878 2040 οἴκησιν
901 1968 1265 2039 ἐκληρώσατο.
1286 1968 1347 2021 Εἰ
1371 1967 1429 2021 δὲ
1454 1968 1542 2021 διὰ
1571 1966 1728 2020 τοῦτο
1751 1967 1843 2019 τὸν

1947 778 2069 833 dem
2098 779 2309 832 ratione
2333 777 2556 830 minima
2582 784 2711 831 sunt
2735 775 2942 837 omnia,
2973 780 3034 825 ut
3057 771 3338 843 propheta:
3366 784 3528 841 para-

1948 870 2070 924 llola
2111 870 2245 923 satis
2276 867 2507 931 indicat;
2540 867 2631 936 qui
2664 867 2911 929 modicae,
2949 879 3014 919 ac
3042 864 3280 918 minimae
3308 868 3527 917 creatu-

1946 974 2130 1014 rarum
2162 957 2530 1017 universitati,
2553 955 2721 1011 Deum
2751 954 3058 1011 comntetiri
3085 961 3337 1024 oportere
3371 960 3529 1022 puta~

1945 1050 2138 1104 hitur?
2168 1048 2287 1103 Non
2318 1050 2463 1104 enim
2497 1064 2564 1103 eo
2590 1047 2733 1103 Deus
2761 1047 2945 1102 omnia
2985 1045 3249 1116 implevit,
3282 1045 3429 1116 quod
3462 1043 3529 1098 ad

1945 1141 2189 1196 0n.nium
2217 1141 2395 1211 spatia
2419 1139 2764 1202 extendatur,
2796 1153 2921 1192 nam
2953 1137 3087 1192 illud
3109 1137 3327 1206 corpori
3352 1135 3529 1191 solum

1946 1234 2209 1304 competit
2248 1251 2263 1288 :
2297 1240 2356 1287 ut
2390 1232 2437 1288 si
2468 1232 2593 1303 quis
2642 1245 2846 1295 aerem,
2887 1230 3119 1301 exempli
3161 1238 3356 1293 causa,
3386 1228 3530 1281 dicat

1947 1331 2118 1379 totum
2147 1324 2374 1393 implere
2399 1323 2658 1392 spatium,
2678 1321 2824 1392 quod
2849 1321 3046 1376 catlum
3072 1321 3214 1375 inter
3237 1325 3295 1375 et
3331 1328 3529 1373 terram

1946 1412 2275 1479 intercedit;
2309 1411 2403 1468 sed
2447 1411 2605 1482 quasi
2631 1411 2715 1467 vis
2737 1410 2984 1481 quaedam
3025 1410 3208 1464 omnia
3236 1407 3484 1464 continet
3514 1425 3527 1461 :

1944 1506 2029 1561 vis
2060 1507 2207 1560 enim
2238 1505 2583 1574 incorporea,
2610 1503 2909 1559 invisibilis
2937 1509 3041 1569 est,
3065 1516 3176 1557 non
3201 1498 3531 1561 circumdat,

1945 1613 2048 1654 nec
2070 1598 2474 1654 circumdatur.
2508 1597 2751 1669 ldipsum
2787 1604 2972 1652 autem
3004 1604 3060 1650 et
3086 1595 3156 1651 de
3187 1593 3350 1660 Filio,
3380 1602 3436 1650 et
3463 1591 3533 1646 de

1947 1690 2157 1762 Spiritu
2188 1700 2382 1748 saneto
2424 1692 2717 1746 dicendum
2748 1707 2763 1745 :
2797 1705 2893 1761 per
2921 1689 3117 1743 Filium
3158 1688 3324 1750 enim,
3372 1694 3428 1741 et
3472 1686 3526 1739 iu

1944 1779 2153 1851 Spiritu
2183 1788 2396 1847 sancto,
2425 1779 2570 1838 Deus
2585 1780 2770 1835 omnia
2795 1788 2851 1835 et
2871 1778 3143 1843 condidit,
3162 1786 3216 1834 et
3237 1777 3530 1834 continens

1943 1883 2251 1929 conservat.
2274 1872 2504 1943 lmpium
2531 1873 2701 1945 igitur
2713 1888 2980 1947 quaerere,
3013 1880 3108 1926 aut
3129 1872 3390 1943 cogitare,
3409 1870 3533 1926 ubi-

1945 1981 2067 2021 nam
2084 1965 2231 2021 Deus
2246 1966 2345 2021 sit:
2362 1973 2456 2020 aut
2477 1979 2770 2036 quemnam
2788 1965 2971 2019 locum
2993 1964 3240 2020 obtineat
3251 1962 3493 2018 Verbum
3514 1981 3529 2017 :

260 2059 375 2113 Υίδν
416 2061 523 2114 οὐκ
552 2056 699 2114 εἷναί
731 2077 820 2123 τις
854 2060 975 2113 οὐδὲ
1003 2059 1359 2131 γεγεννῆσθαι
1399 2059 1511 2129 (⁸55)
1549 2058 1719 2127 λέγοι,
1758 2059 1839 2112 ὅτι

1946 2067 2040 2112 aut
2061 2073 2226 2128 quam
2250 2057 2641 2113 habitationem
2671 2055 2910 2127 Spiritus
2936 2063 3163 2112 sanctus
3180 2056 3409 2110 sortitus
3439 2054 3530 2110 sit.

259 2150 404 2213 τόπος
432 2148 607 2203 αὑτοῦ
630 2149 735 2219 τῆς
764 2147 959 2211 οὐσίας
987 2147 1339 2219 ἀνεπινόητος
1365 2150 1460 2202 καὶ
1482 2148 1842 2220 ἀνεύρητος.ὁ

260 2239 486 2303 τοιοῦτος
529 2239 656 2293 οὐδὲ
686 2239 784 2293 τὸν
818 2239 1044 2311 Πατέρα
1075 2239 1208 2311 φαίη
1238 2234 1379 2293 εἷναι
1429 2239 1703 2306 καθάπαξ,
1733 2239 1842 2293 οὐδ’

261 2329 512 2402 ὑπάρχειν
541 2330 679 2385 Θεόν
702 2348 714 2361 ·
749 2331 878 2385 ἐπεὶ
903 2331 1036 2401 μηδὲ
1051 2331 1214 2396 τόπος
1240 2348 1325 2395 τις
1348 2332 1659 2405 εὑρίσκεται
1682 2331 1839 2385 Θεοῦ.

265 2416 460 2475 ιΕἷτεν
505 2423 703 2493 ἄφρων
753 2423 815 2475 ὲν
860 2421 1058 2493 καρδία
1088 2420 1283 2475 αὐτοῦ’
1334 2422 1450 2475 Οὐκ
1490 2420 1606 2474 ἐστι
1640 2421 1789 2485 Θεός.
1817 2441 1836 2474 ι

263 2515 517 2586 ’Δφρονες
544 2517 625 2579 ὡς
661 2514 890 2586 ἀληθῶς
922 2515 973 2567 οι
1011 2513 1261 2579 τοιοῦτοι,
1309 2517 1493 2578 κεναῖς
1521 2514 1842 2583 φαντασίαις

259 2606 471 2670 ἑαυτοὺς
520 2605 1064 2677 παραλογιζόμενον
1110 2604 1321 2676 νηπίων
1349 2606 1445 2658 καὶ
1498 2605 1842 2661 παντάπασιν

251 2696 488 2767 ἀνοήτων
568 2696 641 2749 τὰ
713 2698 973 2768 ῥήματα,
1037 2694 1299 2767 ὀφθαλμῷ
1351 2696 1720 2765 λαμϐάνεσθαι
1779 2699 1841 2752 τὸ

259 2787 536 2859 ἀσώματον
582 2789 682 2843 καὶ
740 2788 900 2861 τόπῳ
942 2787 1446 2860 περιλαμϐάνεσθαι
1500 2788 1610 2860 (δι)
1655 2788 1843 2860 βουλο-

259 2880 442 2949 μένων.

312 3058 399 3116 ﬂ.
423 3060 627 3132 Δῶμεν
686 3060 747 3114 δὲ
796 3061 988 3125 αὐτοῖς
1027 3058 1285 3133 βραχείας
1314 3058 1469 3124 τινὰς
1514 3061 1728 3126 εἰκόνας
1773 3064 1839 3118 ὲκ

251 3149 351 3204 τῶν
378 3151 756 3223 ἐνδεχομένων
808 3152 1144 3223 ἀσωμάτων,
1202 3152 1363 3207 τινῶν
1415 3155 1839 3227 ἐπιμνησθέντες

253 3245 610 3317 πραγμάτων,
660 3245 695 3299 ἃ
730 3245 794 3317 δὴ
826 3245 952 3300 καθ’
981 3247 1129 3318 ἡμᾶς
1155 3246 1305 3311 ὄντα,
1347 3247 1442 3299 καὶ
1466 3246 1558 3301 ἐπὶ
1594 3248 1695 3318 τῆς
1720 3247 1837 3301 κτί-

1942 2148 2101 2216 Quod
2149 2149 2197 2204 si
2231 2148 2357 2219 quis
2402 2148 2526 2204 ideo
2566 2146 2763 2202 Filium
2815 2162 2916 2204 nec
2949 2164 3094 2215 esse,
3138 2165 3241 2205 nec
3288 2150 3532 2220 genitum

1945 2240 2114 2294 fuisse
2143 2238 2391 2303 aﬂirmet,
2430 2238 2576 2310 quod
2613 2239 2766 2293 locus
2791 2252 2893 2308 pro
2920 2238 3042 2307 ejus
3075 2239 3386 2294 substantia
3430 2254 3535 2293 nec

1941 2332 2266 2403 excogitari,
2297 2346 2400 2387 nec
2435 2331 2671 2387 inveniri
2701 2332 2907 2402 possit,
2947 2332 2995 2386 is
3034 2346 3136 2387 nec
3162 2329 3379 2386 Patrem
3409 2331 3534 2400 qui-

1942 2423 2066 2479 dem
2092 2438 2334 2494 unquam
2353 2423 2655 2486 exstitisse,
2678 2437 2781 2478 nec
2799 2422 2976 2493 ipsum
3002 2421 3172 2478 Deum
3201 2438 3347 2490 esse,
3375 2422 3531 2477 dixe-

1938 2518 2015 2570 rit
2041 2531 2054 2567 :
2080 2515 2523 2586 quandoquidem
2558 2530 2661 2571 nec
2692 2515 2987 2587 quisquam
3015 2515 3172 2570 locus
3216 2513 3313 2569 Dei
3346 2529 3523 2585 capax

1942 2606 2242 2661 invenitur.
2284 2624 2303 2658 ο
2346 2605 2493 2662 Dixit
2526 2606 2794 2677 insipiens
2832 2606 2891 2661 in
2928 2605 3096 2662 corde
3142 2621 3267 2673 suo,
3297 2604 3418 2661 Non
3442 2614 3531 2662 est

1940 2698 2087 2756 Deus
2114 2702 2181 2757 ⁸³.
2222 2720 2244 2754 ι
2277 2699 2604 2772 lnsipientes
2661 2715 2853 2757 revera
2904 2700 2986 2755 illi
3040 2710 3192 2765 sunt,
3223 2701 3318 2771 qui
3369 2701 3529 2756 vanis

1938 2792 2269 2849 commentis
2294 2807 2415 2849 sese
2437 2792 2716 2863 decipiunt
2740 2811 2755 2848 :
2778 2793 2963 2850 stolidi
2990 2807 3057 2848 ac
3083 2807 3318 2864 prorsus
3345 2793 3529 2849 insani

1941 2890 2095 2948 sunt,
2139 2883 2232 2953 qui
2262 2884 2649 2954 incorporeum
2691 2884 2854 2939 oculo
2883 2885 3112 2955 percipi,
3158 2899 3224 2939 ac
3254 2886 3378 2939 loco
3413 2884 3526 2939 cir—

1939 2975 2239 3030 aumserihi
2270 2977 2481 3032 volunt.

2014 3068 2102 3122 Η.
2144 3065 2346 3124 Demus
2387 3068 2556 3139 igitur
2587 3068 2699 3125 illis
2727 3068 2955 3139 pusillas
2982 3068 3191 3139 aliquot
3237 3067 3526 3138 imagines,

1937 3159 2377 3230 exincorporeis
2410 3174 2554 3231 saepe
2575 3162 3019 3227 occurrentibus,
3066 3175 3130 3215 ac
3176 3160 3245 3217 de
3292 3160 3524 3231 quihus-

1938 3251 2065 3306 dam
2089 3251 2423 3307 mentionem
2449 3252 2737 3319 faciamus,
2758 3268 2881 3325 quaa
2908 3252 3052 3324 apud
3074 3268 3175 3308 nos
3196 3252 3525 3312 habeantur.

251 3351 380 3401 σεως
410 3336 695 3407 φαίνεται,
730 3338 788 3391 εί
815 3355 938 3403 πως
965 3338 1238 3410 δυνηθεῖεν
1269 3338 1358 3393 διὰ
1387 3340 1591 3394 τούτων
1615 3340 1840 3395 ἀναϐαί-

1939 3341 2068 3410 etjn
2084 3356 2270 3396 rerum
2301 3348 2499 3398 natura
2523 3351 2877 3414 compareant
2902 3362 2917 3399 :
2943 3343 2990 3398 si
3016 3358 3126 3414 quo
3141 3342 3303 3398 modo
3330 3357 3522 3398 earum

250 3446 421 3496 νοντας
472 3431 734 3503 ἐννοῆσαί
770 3449 892 3496 πως
937 3431 1000 3485 τὸ
1031 3431 1320 3505 ἀσώματον
1351 3434 1443 3486 τοῦ
1474 3433 1708 3505 Πατρός,
1743 3434 1841 3489 καὶ

248 3521 335 3576 τοῦ
362 3522 520 3587 Υῖοῦ,
539 3523 642 3577 καὶ
669 3522 765 3577 τοῦ
786 3523 948 3593 ἁγίου
978 3522 1295 3595 Πνεῦματος
1315 3540 1327 3553 ·
1354 3523 1450 3578 καὶ
1478 3524 1675 3596 μηκέτι
1705 3542 1841 3595 φαν-

245 3613 498 3678 τάξεσθαι
529 3614 735 3679 τόπους
758 3615 967 3679 αὐτῶν,
988 3614 1124 3686 μηδὲ
1152 3615 1385 3679 τοπικὰς
1420 3616 1713 3688 διαιρέσεις
1737 3618 1840 3689 τῆς

248 3702 467 3774 Τριάὂος
498 3704 616 3776 (35)
653 3706 917 3759 ἐπινοεῖν.
985 3702 1298 3775 ’Δσώματος
1328 3705 1423 3758 καὶ
1468 3706 1840 3777 πνευματικὸς

246 3791 319 3846 ὢν
343 3797 375 3849 6
411 3795 610 3866 νόμος,
650 3795 800 3851 ἐστιν
832 3797 894 3850 ὲν
923 3797 991 3867 τῇ
1026 3794 1121 3849 τοῦ
1177 3794 1524 3868 νομομαθοῦς
1554 3798 1665 3871 (36)
1721 3800 1841 3854 δια·-

249 3884 392 3956 νοίᾳ·
420 3887 480 3940 ἐν
510 3890 582 3959 τῇ
617 3888 762 3959 αὐτῇ
795 3887 855 3941 δὲ
874 3886 972 3940 καὶ
997 3886 1048 3939 oi
1079 3887 1378 3958 προφῆται,
1406 3888 1716 3959 Εὐαγγὲλια
1742 3890 1841 3946 καὶ

249 3977 564 4033 ἀπόστολοι·
601 3979 704 4034 καὶ
754 3981 978 4053 εἴρηται
1010 3979 1269 4053 περὶτῶν
1309 3979 1552 4050 νομικῶν
1583 3980 1679 4034 καὶ
1704 3998 1839 4054 προ·

252 4071 485 4139 φητικῶν
532 4072 714 4140 λόγων
775 4090 796 4125 ι
827 4072 1054 4143 Ἔχουσι
1076 4070 1315 4126 Μωῦσέα
1343 4071 1439 4127 καὶ
1474 4073 1602 4138 τοὺς
1624 4076 1839 4146 προφή-
1867 4108 1875 4116 .

251 4174 372 4225 ur
397 4182 419 4215 ι
465 4164 566 4217 καὶ
596 4166 628 4217 6
655 4162 852 4235 Σωτὴρ
906 4162 999 4216 τὸν
1030 4162 1222 4234 ἔχοντα
1277 4163 1484 4218 παλαιὰ
1538 4165 1636 4219 καὶ
1673 4166 1835 4221 καινὰ

257 4252 465 4324 ῥήματα
494 4255 594 4309 ἐπὶ
629 4254 734 4326 τῆς
765 4253 965 4310 ἑαυτοῦ
996 4253 1234 4319 διανοίας
1265 4255 1499 4309 ἐοικέναι
1543 4257 1707 4326 φησιν
1743 4258 1836 4311 ἀν-

248 4340 444 4417 θριὶιπῳ
470 4346 852 4418 οἰκοδεσπότῃ,
883 4346 1036 4409 ὅστις
1060 4346 1326 4418 προφέρει
1349 4347 1416 4400 ὲκ
1435 4346 1529 4401 τοῦ
1559 4346 1836 4420 θησαυροῦ

252 4432 406 4489 αὐτοῦ
429 4436 599 4491 καινὰ
619 4437 718 4491 καὶ
738 4436 968 4491 παλαιά.
999 4435 1243 4507 Ἐδέχετο
1269 4437 1327 4491 δὲ
1355 4440 1385 4492 ό
1400 4439 1682 4502 Μωῦσέως
1709 4440 1835 4505 νοῦς

255 4526 435 4595 σοφίαν
461 4546 524 4583 τε
559 4530 747 4584 πᾶσαν
777 4526 1182 4600 Αἰγυπτιακὴν,
1229 4527 1325 4581 καὶ
1357 4527 1456 4601 τὴν
1487 4528 1555 4583 ὲκ
1575 4528 1670 4583 τοῦ
1696 4529 1835 4584 Θεοῦ

253 4615 484 4674 δοθεῖσαν
508 4621 686 4692 αὐτῷ.
720 4623 834 4676 Καὶ
864 4620 1088 4693 Δανιὴλ,
1115 4621 1329 4675 σύνεσιν
1352 4622 1533 4675 πᾶσαν
1567 4621 1668 4693 τὴν
1689 4622 1835 4676 Χαλ-

1941 3444 2106 3501 opera
2130 3430 2354 3498 emersi,
2386 3430 2771 3502 incorporeum
2800 3448 2926 3489 esse
2950 3431 3192 3500 Patrem,
3214 3438 3269 3488 et
3299 3431 3520 3495 Filium,

1934 3528 1996 3576 et
2028 3520 2291 3591 Spiritum
2316 3530 2591 3588 sanctum,
2621 3523 2926 3595 intelligere
2954 3524 3173 3579 valeant
3202 3539 3221 3590 ;
3245 3538 3346 3578 nec
3380 3525 3523 3578 ultra

1939 3625 2129 3676 eorum
2158 3609 2279 3665 loca
2312 3598 2828 3677 comminiscantur,
2861 3614 2947 3669 vel
2992 3614 3196 3670 locales
3223 3614 3521 3668 divisiones

1939 3703 1997 3758 in
2022 3700 2292 3761 Trinitate
2331 3701 2664 3772 excogitent.
2708 3700 3080 3772 lncorporalis
3119 3711 3174 3757 et
3216 3703 3521 3773 Spiritualis

1939 3807 2064 3848 cum
2105 3795 2181 3850 sit
2207 3795 2317 3858 les,
2352 3797 2409 3847 in
2437 3792 2574 3864 legis
2596 3792 2759 3863 periti
2783 3803 2966 3849 mente
2993 3793 3210 3849 exsistit
3241 3813 3254 3847 :
3290 3795 3366 3848 ibi
3389 3809 3521 3864 quo-

1938 3901 2046 3956 que
2088 3895 2218 3942 sunt
2252 3884 2549 3957 prophetae,
2579 3882 2874 3955 Evangelia
2900 3891 2955 3940 et
2985 3885 3218 3954 apostoli
3256 3903 3272 3940 :
3305 3885 3515 3941 dictum

1936 3978 2246 4051 quippe'est
2271 3976 2340 4034 de
2362 3977 2628 4050 legalibus
2660 3985 2716 4034 et
2742 3978 3081 4049 prOpheticis
3101 3979 3323 4036 verbis:
3349 3999 3368 4032 ι
3407 3979 3519 4035 Ha-

1937 4070 2068 4126 bent
2110 4069 2333 4142 Moysen
2378 4077 2433 4125 et
2489 4069 2787 4141 prophetas
2816 4070 2882 4123 ⁸³.
2923 4090 2944 4124 ι
2997 4069 3065 4126 Et
3112 4071 3366 4127 Salvator
3392 4088 3518 4128 eum

1936 4162 2029 4233 qui
2059 4176 2202 4218 nova
2230 4168 2287 4219 et
2334 4172 2522 4218 vetera
2570 4162 2734 4219 verba
2781 4162 2838 4218 in
2893 4171 3078 4219 mente
3115 4177 3216 4220 sua
3249 4164 3519 4227 continet,

1936 4254 2173 4311 similem
2256 4253 2393 4309 dicit
2472 4254 2684 4310 homini
2750 4255 3133 4327 patrifamilias
3215 4257 3310 4327 qui
3389 4272 3520 4327 pro-

1936 4344 2043 4402 fert
2092 4345 2163 4401 de
2209 4345 2473 4401 thesauro
2528 4362 2667 4413 suo,
2712 4362 2856 4403 nova
2905 4354 2959 4403 et
3000 4356 3207 4404 vetera.
3265 4347 3521 4420 Suscepit

1935 4452 2155 4510 quoque
2204 4437 2408 4510 Moysis
2462 4438 2798 4508 intellectus,
2846 4455 2972 4497 cum
3025 4441 3350 4511 sapientiam
3398 4458 3521 4501 om-

1935 4545 2062 4585 nem
2130 4529 2553 4602 Egyptiacam,
2619 4539 2735 4587 tum
2804 4548 2926 4589 eam
2984 4548 3108 4605 qua:
3163 4533 3270 4590 sibi
3319 4547 3353 4589 ι
3407 4532 3520 4590 Deo

1936 4621 2065 4678 data
2096 4622 2295 4681 fuerat.
2326 4622 2394 4678 Et
2423 4623 2615 4681 Daniel
2651 4633 2907 4697 suscepta
2956 4626 3104 4682 omni
3137 4625 3516 4683 Chaldaeorum

253 4707 401 4765 δαίων
439 4714 845 4787 ὑποδεξάμενος
869 4714 1008 4785 (37),
1036 4713 1228 4786 ἐχώρει
1256 4715 1351 4767 καὶ
1381 4715 1450 4768 τὰ
1488 4714 1707 4768 ποικίλα
1733 4717 1834 4787 τῆς

1939 4714 2205 4785 sapientia
2231 4755 2247 4780 ,
2275 4716 2427 4771 varia
2457 4724 2641 4773 tamen
2671 4719 2871 4774 divina:
2902 4719 3184 4791 sapientiae
3205 4736 3365 4776 sensa
3392 4735 3519 4790 per-

258 4799 392 4868 θείας
414 4807 609 4875 σοφίας
641 4808 917 4879 νοήματα,
953 4807 1091 4877 ὅπερ
1125 4806 1380 4877 σημαίνει
1409 4806 1478 4861 δι’
1521 4806 1779 4879 ἰεζεχιὴλ
1803 4808 1833 4862 6

257 4889 401 4959 Θεόςσ
429 4915 448 4947 ι
464 4898 557 4969 Μὴ
577 4898 647 4951 σὺ
671 4896 988 4969 σοφώτερος
1009 4892 1059 4949 εἰ
1083 4895 1179 4950 τοῦ
1203 4895 1437 4968 Δανιήλς
1472 4897 1585 4951 πᾶν
1602 4896 1832 4968 κρύφιον

258 4985 344 5055 οὐχ
375 4990 666 5063 ὑπεδείχθη
723 5007 828 5043 σοι.
871 5008 891 5042 ι
936 4988 1331 5060 Ἀναρίθμητος
1372 4988 1429 5042 δὲ
1460 4991 1494 5059 ή
1535 4990 1630 5043 τοῦ
1669 4989 1831 5043 Σολο-

262 5075 542 5153 μῶωςίόὃ)
569 5082 865 5155 φρόνησις,
889 5080 987 5135 καὶ
1013 5080 1075 5134 τὸ
1099 5080 1165 5152 χύ
1174 5099 1250 5152 μα
1264 5080 1365 5152 τῆς
1386 5081 1613 5152 καρδίας
1638 5080 1828 5144 αὐτοῦ,

323 5196 358 5228 ’¹
394 5198 495 5256 lsa.
528 5219 632 5261 ιι.
671 5201 766 5258 12.
847 5201 896 5232 ⁸⁸
935 5197 1083 5255 Psal.
1118 5216 1251 5267 ιιιι,
1288 5201 1339 5256 1.
1381 5199 1429 5232 ⁸³
1466 5199 1599 5257 Luc.
1638 5218 1765 5288 art,
1798 5201 1893 5258 29.

319 5307 418 5385 (30)
443 5315 566 5387 Seg.
595 5315 784 5378 solus,
806 5313 875 5367 Εί
891 5311 1160 5387 ᾅὲλοῦτως.
1178 5312 1326 5387 Mox,
1346 5311 1588 5387 Gohler.,
1615 5312 1761 5370 Felc.
1787 5332 1829 5381 ι,

258 5374 364 5450 Seg.
398 5374 457 5457 ut
502 5374 558 5441 in
600 5374 792 5441 textu.
817 5383 977 5457 Δ113(ιίῑί
1012 5391 1067 5457 et
1100 5374 1322 5453 quidam
1349 5399 1486 5457 mss.
1516 5374 1592 5449 ὡς
1631 5388 1664 5457 η
1700 5374 1833 5457 προί

254 5455 434 5528 φητικὴ
482 5453 849 5530 παραϐολικὴ
906 5453 1140 5525 μετρίως
1191 5453 1601 5526 παραδείκνυσι,
1649 5453 1835 5512 minus

446 5598 585 5673 Περί
628 5597 804 5653 deest
865 5593 925 5647 in
959 5594 1157 5661 editis;
1193 5608 1259 5648 ex
1302 5591 1531 5666 Seguer.
1589 5597 1843 5652 restitui-

238 5677 397 5809 m'llgé)
430 5740 522 5797 Sic
569 5740 853 5812 Seguetu,
883 5731 1043 5788 Gobl.
1078 5732 1222 5791 Felc.
1253 5750 1304 5802 I;
1339 5735 1394 5790 itt
1424 5734 1602 5802 editis,
1641 5737 1831 5802 τόπου,

228 5820 517 5874 perperam.

287 5881 393 5952 (35)
426 5880 858 5952 Segueriartus,
883 5874 1227 5952 ἶεγενῇσθαι.

284 5943 389 6023 «34)
430 5943 986 6023 Πέριλαμϐᾴνεσθειι
1009 5944 1214 6023 _deerat_
1244 5947 1297 5999 in
1349 5946 1513 6000 editis
1539 5962 1591 6002 et
1620 5946 1672 6002 in
1704 5946 1824 6018 qui-

226 6013 435 6078 husdam
463 6013 781 6088 m'ss.,'sed
803 6031 878 6072 ex
899 6013 1065 6069 Basil.
1092 6016 1401 6071 restitutum
1433 6024 1539 6072 est.

1933 4806 2191 4878 cipiebat,
2223 4817 2286 4863 ut
2316 4825 2414 4880 per
2442 4808 2778 4865 Ezecliielem
2816 4811 3022 4867 indicat
3052 4811 3196 4867 Deus
3245 4829 3265 4865 :
3310 4829 3329 4862 ι
3365 4810 3517 4864 Νυηη

1933 4898 2065 4970 quid
2108 4898 2217 4970 35
2251 4902 2550 4971 sapientior
2574 4918 2636 4958 es
2661 4910 2718 4957 tu
2750 4904 3008 4958 Daniele?
3039 4919 3201 4959 omne
3244 4911 3517 4959 secretum

1933 5005 2043 5045 non
2068 4999 2350 5047 ostensum
2390 5002 2474 5048 est
2522 4993 2620 5049 tibi
2647 4994 2714 5050 “.
2775 5012 2796 5048 ι
2832 4994 3251 5050 lnnumerahilis
3297 5007 3517 5063 quoque

1934 5081 2039 5138 fuit
2064 5081 2378 5143 Salomonis
2415 5086 2719 5157 sapientia,
2766 5095 2823 5142 et
2876 5086 3107 5141 latitudo
3157 5084 3340 5140 cordis
3393 5083 3516 5155 ejus

1992 5204 2040 5237 “
2077 5204 2278 5262 Ezech.
2311 5222 2518 5275 xxvm,
2550 5206 2607 5263 5.

2006 5315 2121 5403 (g5)
2148 5318 2283 5403 'S‘cg.
2337 5320 2513 5388 solus,
2558 5318 2660 5390 τῆς
2687 5317 2937 5391 Τριάδος,
2985 5316 3076 5371 alii
3112 5331 3255 5399 [vero
3296 5332 3517 5382 omnes,

1932 5389 1999 5459 τῇ
2026 5389 2253 5515 istast:
2619 5389 2624 5390 7
2739 5389 2749 5391 ’
2782 5457 2809 5469 ⁸
3112 5396 3117 5399 ’
3468 5458 3489 5466 _

2007 5461 2025 5529 (
2101 5462 2119 5531 )
2154 5460 2323 5527 Editi,
2359 5462 2461 5534 τῆς
2499 5459 2867 5531 νομομαθους,
2891 5457 3173 5513 mendose.
3208 5456 3359 5529 Seg.,
3398 5474 3515 5518 του,

1929 5538 2119 5671 refigi)
2151 5601 2479 5671 ln_editione
2500 5599 2765 5656 Commel.
2797 5556 2970 5666 deest,
2996 5597 3414 5671 owegdpevoq.
3456 5597 3512 5647 lu

1933 5667 2175 5725 editione
2204 5669 2385 5727 Paris.
2419 5670 2541 5738 ejus
2572 5670 2694 5723 loco
2739 5670 2937 5739 legitur
2980 5667 3401 5737 ἀποδεξάμενος.
3441 5671 3507 5718 At

1936 5754 2127 5821 omnes
2155 5756 2285 5821 mss.
2319 5739 2713 5821 6.7:.obaﬁdpsvo-q
2737 5741 2954 5821 habent.
3210 5807 3222 5821 ἱ
3334 5804 3359 5815 _
3388 5804 3422 5821 ε
3456 5802 3473 5821 ε

2007 5809 2119 5881 (58)
2174 5811 2230 5864 In
2279 5810 2441 5865 editis
2480 5804 2903 5879 et'quihusdam
2946 5825 3107 5871 mss.,
3137 5807 3232 5861 καὶ
3268 5804 3363 5857 τοῦ
3386 5804 3504 5855 Σολ.

2007 5880 2128 5942 ιδεμ,
2162 5880 2408 5942 Golden,
2431 5878 2686 5942 Seguer.,
2702 5881 2736 5942 ἡ
2756 5879 2850 5932 τοῦ
2882 5881 3025 5942 So)",
3059 5886 3224 5932 recte.
3244 5874 3364 5929 Mox
3386 5878 3509 5942 post

1934 5877 2128 5943 BasiIJ,
2162 5880 2408 5943 Golden,
2431 5877 2736 5949 Seguerqﬁ
2756 5879 2850 5932 τοῦ
2882 5881 3025 5945 So)",

1931 5950 2137 6020 ἄμμος,
2172 5952 2397 6021 Seguer.
2434 5950 2587 6005 addit
2618 5944 2800 6019 φησίν.
2838 6014 2842 6019 _
