4002 6564
515 589 623 651 HS

1651 596 1710 651 ι.
1752 590 2213 649 ATHANASIUS.
2252 622 2325 634 —-
2360 591 2589 650 DUBIA.

3691 602 3798 659 "6

512 707 662 764 sicut
689 723 880 776 arena,
901 725 1023 782 qua
1043 717 1130 768 est
1160 711 1320 782 juxta
1348 726 1503 768 mare
1521 711 1588 768 ".
1619 711 1759 768 Dum
1785 711 2097 786 hancigitui

2210 705 2285 772 ὡς
2336 709 2541 782 ἀμμος,
2576 710 2610 781 ή
2641 709 2790 781 παρὰ
2836 710 2936 782 τὴν
2977 712 3273 769 θαλασσαν.
3326 715 3401 769 Τὸ
3440 717 3496 770 δὲ
3543 717 3802 774 τοσοῦτον

513 808 727 857 tantam
774 802 1172 874 sapientiarum
1222 804 1631 860 multitudinem
1683 805 1738 859 ln
1774 821 1882 860 una
1923 815 2105 862 mente

512 895 887 966 conspiciunt,
919 895 977 950 in
1011 896 1133 952 loco
1169 903 1355 952 tamen
1398 896 1525 952 illas
1559 911 1671 952 non
1701 912 1826 952 esse
1857 898 2106 952 animad-

511 993 751 1040 vertant.
786 982 922 1050 Quis
973 986 1122 1040 enim
1165 986 1330 1042 homo
1364 994 1532 1042 tanta:
1569 987 1964 1059 magnitudinis
1990 987 2104 1043 fue-

509 1077 603 1141 rit,
628 1083 688 1131 ut
715 1076 788 1132 sit
821 1076 1052 1134 idoneus
1071 1076 1140 1133 ad
1169 1085 1251 1133 tot
1284 1078 1586 1149 sapientias
1616 1078 1971 1149 excipiendas
1995 1119 2011 1143 ,
2057 1080 2104 1132 si

509 1167 703 1224 divisis
762 1169 819 1225 in
880 1170 1018 1227 locis
1076 1171 1322 1242 singulas
1371 1173 1778 1242 speculatioues
1813 1172 2107 1228 habuerit?

508 1259 647 1314 Cum
679 1259 846 1332 igitur
891 1261 1201 1332 spiritualia
1223 1278 1346 1332 qua:
1369 1262 1461 1318 hic
1499 1270 1650 1327 sunt,
1685 1263 1918 1334 plurima
1975 1263 2104 1318 licet

507 1351 660 1417 sint,
715 1353 968 1424 plurimis
1004 1363 1190 1409 tamen
1232 1355 1368 1410 locis
1420 1371 1530 1410 non
1564 1355 1866 1427 indigeant,
1918 1355 2014 1411 sed
2047 1357 2100 1410 in

509 1461 622 1501 uno
649 1449 952 1519 eodemque
981 1447 1260 1503 intellectu
1290 1458 1609 1516 versentur;
1643 1450 2013 1520 intelligamus
2039 1463 2102 1504 ea

509 1553 634 1607 qua:
664 1553 832 1610 supra
864 1554 989 1604 nos,
1025 1554 1090 1593 ac
1132 1539 1435 1594 secundum
1471 1555 1530 1596 se
1564 1540 1892 1610 incorporea
1933 1546 2062 1595 sunt
2084 1579 2100 1603 ,

509 1629 728 1688 Patrem
761 1647 976 1703 nempe,
1018 1629 1242 1694 Filium.
1277 1641 1331 1686 et
1367 1631 1635 1703 Spiritum
1666 1643 1918 1688 sanctum
1943 1672 1958 1699 ,
1998 1647 2101 1687 nec

509 1722 650 1778 locis
696 1722 960 1794 indigere,
1011 1738 1113 1779 nec
1147 1723 1284 1778 locis
1345 1725 1626 1795 separari;
1664 1741 1767 1780 nec
1793 1725 1919 1795 quis
1979 1723 2102 1779 ideo

508 1815 726 1886 opinari
763 1815 964 1871 audeat
990 1814 1230 1878 Patrem,
1263 1824 1356 1870 aut
1403 1814 1635 1880 Filium,
1687 1825 1783 1872 aut
1834 1815 2100 1888 Spiritum

511 1914 764 1961 sanctum
794 1922 904 1960 non
940 1906 1226 1970 exsistere,
1258 1904 1405 1976 quod
1436 1907 1670 1978 singulis
1700 1908 1854 1962 locus
1883 1905 2099 1962 deﬁniri

508 2006 564 2052 et
592 1999 794 2060 ascribi
818 2005 1072 2069 nequeat.
1125 1997 1230 2053 Sed
1262 1996 1425 2054 Pater
1441 1999 1662 2070 quidem
1685 1998 1777 2069 qui
1800 1997 2100 2070 perfectam

2211 800 2418 870 πλῆθος
2437 801 2548 854 τῶν
2579 802 2780 870 σοφιῶν
2813 801 2923 874 (39)
2953 804 3081 875 περὶ
3115 804 3244 877 μίαν
3275 807 3508 880 ὁρῶντες
3537 809 3800 876 διάνοιαν,

2210 891 2656 963 ἑνθυμείσθωσαν
2677 891 2849 957 αὐτὰς
2873 894 2973 947 οὐκ
3002 893 3168 960 οὔσας
3193 897 3249 951 ὲν
3269 898 3439 971 τόπῳ.
3474 901 3647 966 Πόσος
3688 904 3803 975 γὰρ

2209 983 2277 1038 ἂν
2326 984 2404 1056 τῷ
2436 984 2655 1057 μεγέθει
2706 985 2996 1057 γενόμενος
3045 987 3352 1061 ἄνθρωπος,
3377 992 3674 1064 ἐξήρκεσεν
3718 997 3804 1059 είς

2207 1079 2306 1151 τὴν
2337 1077 2608 1130 τοσούτων
2637 1078 2928 1149 ὑποδοχὴν,
2956 1081 3005 1132 εί
3035 1080 3218 1144 τόποις
3236 1083 3658 1154 μεμερισμένοις
3687 1087 3803 1140 τῶν

2209 1169 2582 1240 θεωρημάτων
2625 1170 2834 1224 ἕκαστα
2889 1167 3066 1242 εἷχεν;
3116 1173 3286 1227 Ὅταν
3327 1170 3420 1228 οὖν
3457 1175 3527 1229 τὰ
3563 1175 3802 1231 ἐνταῦθα

2207 1264 2555 1336 πνευματικά
2587 1264 2662 1338 μὴ
2677 1265 2864 1336 δέηται
2889 1265 3150 1322 πλειόνων
3180 1268 3361 1323 τόπων
3393 1269 3612 1323 πλείονα
3646 1271 3798 1338 εντα,

2205 1354 2342 1408 ἀλλά
2368 1357 2497 1428 περὶ
2518 1356 2609 1409 τὸν
2643 1357 2738 1410 ἕνα
2770 1358 2866 1410 καὶ
2891 1357 2983 1412 τὸν
3012 1359 3174 1414 αὐτὸν
3197 1361 3496 1435 στρέφηται
3513 1363 3623 1433 (ιο)
3646 1363 3798 1427 νοῦν,

2205 1445 2550 1516 ἐννοήσωμεν
2583 1448 2678 1500 καὶ
2704 1447 2773 1501 τά
2805 1449 2942 1523 ὑπὲρ
2974 1451 3144 1520 ἡμᾶς,
3179 1451 3275 1503 καὶ
3310 1453 3432 1506 καθ’
3465 1455 3635 1510 ἑαυτά
3666 1455 3800 1509 ὅντα

2205 1535 2493 1608 ἀσώματα,
2541 1539 2632 1592 τὸν
2655 1540 2874 1612 Πατέρα
2923 1543 3018 1596 καὶ
3061 1543 3152 1596 τὸν
3185 1543 3313 1597 Υἱὸν
3343 1545 3435 1598 καὶ
3477 1546 3538 1598 τὸ
3571 1546 3798 1618 Πνεῦμα

2207 1627 2283 1700 μὴ
2309 1628 2491 1682 τόπων
2547 1629 2777 1701 δεόμενα
2799 1673 2815 1697 ,
2861 1633 2996 1704 μηδὲ
3033 1635 3220 1698 τόποις
3260 1635 3612 1708 διαιρούμενα
3637 1654 3653 1669 ο
3701 1640 3795 1692 καὶ

2206 1719 2282 1791 μὴ
2314 1719 2404 1773 διὰ
2435 1720 2593 1774 τοῦτο
2622 1723 2970 1795 ἀνύπαρκτον
3003 1725 3035 1796 ἢ
3079 1727 3170 1779 τὸν
3224 1728 3442 1799 Πατέρα
3477 1745 3583 1793 τις,
3628 1729 3662 1800 ἢ
3698 1730 3796 1784 τὸν

2202 1809 2352 1873 Υἱὺν,
2383 1811 2417 1882 ἢ
2448 1811 2509 1865 τὸ
2542 1811 2766 1883 Πνεῦμα
2810 1814 2872 1868 τὸ
2903 1815 3056 1884 ἅγιον
3111 1817 3463 1872 ὑποτίθεσθαι
3504 1817 3790 1890 τολμάτω*

2201 1903 2284 1957 ὅτι
2321 1903 2457 1974 μηδὲ
2471 1903 2586 1958 ἐστι
2607 1905 2770 1959 τόπον
2788 1906 3066 1976 ἀφορίζειν
3083 1909 3176 1960 καὶ
3199 1910 3529 1981 κατανέμειν
3553 1912 3790 1983 ἑκάστῳ.

2217 1994 2356 2048 Ἀλλ’
2404 1995 2520 2050 ἔστι
2569 1997 2667 2066 μὲν
2712 1999 2741 2051 6
2787 1999 2978 2070 Πατὴρ
3017 1999 3220 2054 τέλειον
3268 2000 3406 2070 ἔχων
3444 2002 3506 2055 τὸ
3529 1998 3667 2056 εἶναι
3695 2004 3793 2058 καὶ

507 2093 812 2148 essentiam
851 2092 1110 2162 omnique
1141 2091 1357 2147 defectu
1382 2098 1662 2147 carentem
1688 2091 1890 2156 habet,
1943 2090 2097 2146 radix

2201 2087 2504 2152 ἀνελλιπὲς,
2532 2089 2656 2158 ῥίζα
2692 2089 2786 2142 xa‘t
2813 2090 2962 2160 πηγὴ
2992 2090 3087 2143 τοῦ
3114 2091 3244 2144 Υίοῦ
3278 2094 3372 2146 καὶ
3403 2092 3496 2146 τοῦ
3536 2094 3794 2166 Πνεύμα-

509 2193 566 2239 et
600 2183 725 2240 fons
753 2192 837 2239 est
864 2181 990 2237 Filii
1034 2199 1098 2238 ac
1127 2182 1368 2253 Spiritus
1397 2183 1574 2239 sancti
1605 2202 1619 2238 :
1661 2189 1747 2238 est
1776 2189 1957 2237 autem
2009 2180 2099 2236 Fi-

511 2277 620 2332 lius
650 2276 706 2331 in
755 2277 915 2348 plena
961 2275 1265 2338 divinitate.
1300 2275 1538 2331 Verbum
1568 2275 1783 2339 vivens,
1814 2289 1880 2330 ac
1917 2273 2099 2344 proles

508 2365 692 2424 Patris
729 2383 851 2440 quae
883 2368 1034 2423 nullo
1071 2367 1297 2439 indiget.
1330 2367 1534 2423 Plenus
1560 2383 1777 2438 quoque
1808 2375 1892 2422 est
1923 2366 2099 2437 Spiri-

510 2467 603 2515 tus
633 2469 860 2516 sanctus
888 2459 1048 2528 Filio,
1095 2476 1208 2515 non
1249 2476 1378 2531 pars
1413 2461 1663 2522 alterius,
1700 2459 1797 2514 sed
1827 2461 1880 2514 in
1917 2459 2100 2530 seipso

507 2552 742 2622 integer.
789 2552 968 2622 Atque
1013 2555 1090 2606 ita
1129 2550 1408 2614 Trinitas,
1458 2567 1580 2622 qua:
1611 2565 1798 2607 revera
1847 2550 2095 2615 exsistit,

507 2643 802 2714 conjuncta
827 2651 911 2699 est
934 2643 1139 2713 absque
1180 2643 1292 2697 ulla
1327 2641 1754 2712 intercapedine.
1784 2641 1930 2697 Nihil
1953 2646 2098 2698 enim

508 2744 594 2792 est
625 2737 769 2806 quod
793 2735 1161 2800 disterminet,
1193 2751 1301 2789 una
1337 2737 1500 2791 simul
1522 2737 1740 2792 exsistit
1766 2737 1834 2791 ab
1857 2744 2096 2803 aeterno;

505 2829 721 2884 nullum
750 2829 894 2884 enim
911 2844 1087 2884 rerum
1110 2829 1419 2884 intercedit.
1452 2827 1705 2883 Formam
1725 2835 1906 2884 autem
1933 2844 2097 2884 unam

505 2921 867 2991 eamdemque
893 2921 1011 2992 ipsa
1038 2919 1280 2992 prafert,
1315 2935 1438 2975 cum
1472 2918 1638 2974 Pater
1665 2919 1884 2990 quidem
1921 2919 1977 2974 in
2003 2919 2098 2974 Fi-

506 3014 586 3070 lio
613 3013 1020 3084 conspiciatur,
1074 3013 1246 3068 Filius
1277 3028 1406 3068 vero
1440 3011 1494 3067 in
1533 3010 1743 3082 Spiritu
1795 3023 1988 3068 sancto
2045 3025 2100 3068 et

503 3103 881 3176 Intelligatur,
940 3116 993 3161 et
1039 3106 1314 3163 hominem
1363 3104 1449 3160 sui
1505 3105 1825 3176 participem
1877 3103 2093 3159 habeat.

508 3215 534 3248 4
571 3197 682 3253 Nos
708 3200 852 3254 enim
877 3239 894 3262 ,
948 3199 1147 3268 inquit,
1180 3213 1372 3255 omnes
1406 3200 1646 3256 revelata
1674 3197 1814 3252 facie
1866 3197 2096 3268 gloriam

507 3284 725 3342 Domini
749 3289 1117 3358 speculantes,
1144 3289 1198 3343 in
1221 3291 1470 3344 eamdem
1500 3289 1792 3360 imaginem
1821 3286 2095 3344 transfero

505 3392 726 3434 mamur
764 3395 795 3434 a
838 3381 1009 3450 gloria
1063 3380 1122 3437 in
1166 3381 1395 3451 gloriam
1422 3421 1436 3445 ,
1489 3389 1750 3452 tanquam
1800 3395 1831 3434 a
1878 3379 2093 3436 Domini

507 3471 708 3542 spiritu
734 3473 802 3528 “.
831 3491 851 3526 ι

583 3561 673 3617 12.
710 3561 789 3620 Ne
817 3563 984 3636 igitur
1013 3566 1173 3638 quasi
1199 3565 1254 3620 in
1287 3580 1520 3637 corpore
1546 3565 1650 3620 tria
1678 3564 1920 3621 membra
1949 3565 2100 3620 indi-

503 3653 1038 3726 visaimaginemur.
1076 3657 1246 3727 lmpia
1302 3658 1449 3714 enim
1498 3665 1582 3713 est
1629 3656 1745 3711 haec
1799 3657 2096 3728 cogitatio,

504 3747 796 3819 alienaque
841 3747 911 3804 ab
965 3750 1306 3821 incorporeis
1356 3748 1635 3821 perfectis.
1671 3747 1966 3805 lndivisam
1997 3750 2096 3805 ad-

508 3841 793 3897 mittamus
821 3842 1269 3899 coexsistentiam
1301 3858 1512 3907 eorum,
1553 3842 1647 3914 qui
1683 3842 1736 3896 in
1769 3857 1829 3897 se
1862 3849 2054 3897 mutuo
2078 3882 2095 3905 ,

511 3933 719 4005 absque
749 3935 860 3989 ulla
889 3935 1152 3991 distantia
1200 3936 1580 3992 coexsistunt:
1617 3944 1672 3991 et
1707 3951 1832 3990 cum
1870 3945 1982 3992 tres
2010 3951 2098 3992 re—

505 4041 636 4079 vera
666 4027 994 4090 subsistant,
1027 4042 1191 4081 unam
1216 4025 1447 4080 formam
1487 4026 1876 4096 intelligamus,
1913 4042 2034 4096 qua:
2065 4041 2097 4080 a

509 4114 670 4172 Patre
685 4115 906 4187 quidem
939 4116 1224 4188 incipit,in
1239 4115 1380 4170 Filio
1406 4114 1744 4184 resplendet,
1775 4122 1832 4170 ct
1853 4129 1951 4184 per
1974 4115 2094 4185 Spi-

508 4208 672 4263 ritum
700 4220 949 4265 sanctum
973 4211 1380 4265 manifestatur.
1427 4206 1772 4276 Quapropter
1791 4209 1885 4278 qui
1923 4206 2096 4278 Spiri-

505 4307 623 4354 tum
678 4299 899 4366 ferunt,
948 4300 1228 4356 Christum
1257 4314 1475 4370 quoque
1521 4297 1744 4353 ferunt:
1785 4314 1933 4363 nam,
1974 4317 1993 4350 ι
2037 4298 2095 4354 Si

502 4391 652 4462 quis,
681 4393 879 4464 inquit,
912 4391 1175 4463 Spiritum
1200 4391 1410 4446 Christi
1445 4405 1555 4444 non
1609 4389 1804 4454 habet,
1855 4389 1946 4444 hic
1985 4405 2095 4444 non

503 4492 592 4542 est
619 4487 760 4555 ejus.
811 4484 871 4541 Si
913 4494 1092 4541 autem
1125 4483 1382 4540 Christus
1425 4484 1481 4538 in
1529 4481 1686 4537 vobis
1712 4491 1840 4538 est:
1893 4497 2095 4553 corpus

502 4578 728 4650 quidem
760 4585 1036 4633 mortuum
1074 4584 1160 4633 est
1203 4586 1430 4646 propter
1483 4582 1768 4646 peccatum
1812 4575 1878 4636 ⁸⁷,
1918 4593 1937 4626 ι
1984 4582 2091 4630 etc.

505 4671 577 4725 Et
604 4669 844 4726 Joannes
874 4689 888 4726 :
931 4689 950 4722 ι
985 4669 1063 4724 Ex
1117 4669 1220 4724 hoc
1257 4669 1644 4740 cognoscimus
1669 4708 1685 4731 ,
1735 4665 1996 4737 quoniam
2039 4669 2094 4722 in

2199 2195 2292 2243 τος
2311 2196 2323 2208 ·
2355 2179 2471 2232 ἔστι
2497 2180 2552 2232 δὲ
2574 2182 2604 2234 6
2637 2180 2759 2243 Υἱὸς
2787 2183 2844 2233 ἐν
2876 2179 3072 2254 πλήρει
3095 2186 3162 2254 τῇ
3194 2183 3427 2256 θεότητι,
3463 2185 3572 2250 ζῶν
3596 2187 3789 2255 Λόγος,

2201 2272 2296 2323 καὶ
2326 2271 2572 2342 γέννημα
2597 2270 2694 2324 τοῦ
2720 2273 2934 2345 Πατρὸς
2957 2275 3230 2340 ἀνενδεές·
3266 2278 3472 2349 πλῆρες
3505 2278 3562 2332 δὲ
3597 2279 3692 2332 καὶ
3729 2279 3793 2333 τδ

2201 2363 2427 2434 Πνεῦμα
2456 2365 2550 2418 τοῦ
2607 2365 2759 2428 Υἱοῦ,
2793 2365 2855 2418 οὑ
2891 2367 3056 2439 μέρος
3082 2369 3289 2440 ἐτέρου,
3339 2370 3454 2423 ἀλλ’
3498 2371 3792 2442 ὁλόκληρον
3858 2401 3873 2416 ο

2165 2454 2286 2522 ’ἐφ’
2321 2453 2538 2508 ἑαυτοῦ.
2589 2456 2702 2510 Καὶ
2756 2457 2932 2522 οὕτως
2976 2460 3010 2530 ἡ
3059 2459 3252 2531 Τριάς,
3305 2461 3575 2532 ἀληθινῶς
3630 2459 3788 2527 οὖσα,

2204 2547 2474 2617 συνῆπται
2533 2549 2630 2618 μὲν
2675 2549 3031 2614 ἀδιαστάτως.
3073 2553 3146 2606 Τὸ
3191 2553 3300 2625 γὰρ
3351 2553 3583 2626 διορίζον
3611 2557 3788 2617 οὐδὲν.

2202 2640 2418 2691 σύνεστι
2451 2639 2506 2691 δὲ
2538 2640 2721 2704 ἀῖδίως
2745 2659 2759 2672 ·
2793 2640 2927 2696 αἰὼν
2952 2642 3060 2715 γὰρ
3116 2643 3292 2708 οὐδεὶς
3335 2646 3540 2717 μεταξὺ
3574 2664 3790 2718 παρεμ-

2199 2728 2409 2782 πίπτει.
2444 2732 2675 2803 Μορφὴν
2729 2733 2786 2786 δὲ
2835 2736 3124 2806 προφαίνει
3179 2738 3306 2808 μίαν
3354 2739 3448 2792 καὶ
3469 2738 3567 2810 τὴν
3596 2740 3786 2810 αὐτὴν,

2200 2823 2414 2895 Πατρδς
2447 2825 2546 2896 μὲν
2585 2828 2641 2879 ὲν
2693 2826 2808 2898 Υἱῷ
2838 2827 3236 2900 θεωρουμένου,
3279 2829 3411 2885 Υίοῦ
3441 2831 3498 2886 δὲ
3527 2832 3589 2885 ἐν
3616 2833 3790 2887 Πνεύ-

2203 2930 2334 2984 ματι
2360 2915 2456 2967 καὶ
2489 2914 2782 2986 νοουμένου
2819 2918 2915 2971 καὶ
2953 2919 3315 2991 μετεχομένου
3347 2921 3449 2974 ὑπὸ
3477 2922 3782 2995 ἀνθρώπου.

2203 3023 2224 3058 ι
2274 3007 2464 3078 Ἡμεῖς
2513 3009 2643 3080 γὰρ,
2680 3029 2698 3061 ι
2735 3009 2889 3081 φησὶ,
2947 3028 2967 3061 ι
3033 3011 3234 3076 πάντες
3287 3013 3792 3086 ἀνακεκαλυμμένῳ

2202 3097 2480 3170 προσώπῳ
2495 3099 2591 3171 τὴν
2615 3099 2773 3164 δόξαν
2789 3101 2994 3174 Κυρίου
3023 3104 3534 3175 κατοπτριζόμενοι,
3554 3106 3656 3176 τὴν
3672 3104 3754 3173 (ιι
3766 3120 3790 3176 )

2198 3188 2371 3259 αὐτὴν
2408 3190 2591 3244 εἰκόνα
2627 3191 3128 3262 μεταμορφούμεθα
3179 3193 3287 3247 ἀπὸ
3316 3193 3474 3266 δόξης
3496 3195 3576 3258 είς
3607 3194 3786 3260 δόξαν,

2197 3279 2452 3353 καθάπερ
2486 3282 2594 3335 ἀπὸ
2623 3283 2830 3355 Κυρίου
2856 3283 3186 3354 πνεύματος.
3221 3298 3242 3337 t

2275 3569 2362 3624 12.
2393 3571 2486 3640 Μὴ
2519 3572 2698 3624 τοίνυν
2723 3572 2799 3635 ὼς
2830 3570 3122 3643 ἐνσώματα
3155 3574 3438 3648 ἀδιαίρετα
3479 3575 3619 3648 μέρη
3649 3593 3790 3646 φαν-

2197 3659 2492 3732 ταζώμεθα
2526 3663 2672 3733 τρία.
2699 3663 2978 3735 Δυσσεὸὴς
3011 3665 3122 3738 γὰρ
3164 3669 3192 3720 ό
3210 3667 3488 3738 λογισμὸς,
3511 3668 3791 3742 ἀλλότριος

2197 3753 2504 3824 ἀσωμάτων
2532 3756 2773 3810 τελείων.
2817 3756 3142 3828 ’Δδιαίρετον
3170 3759 3455 3832 δεχώμεθα
3502 3763 3792 3817 συνουσίαν

2199 3844 2466 3898 συνόντων
2520 3846 2769 3916 ἀλλήλοις
2830 3846 2942 3917 (ιε)
2973 3847 3330 3912 ἀδιαστάτως,
3373 3851 3468 3904 καὶ
3512 3851 3679 3923 τριῶν
3721 3867 3787 3920 γι

2197 3933 2342 3986 κατά
2382 3933 2639 4003 ἀλήθειαν
2695 3935 3044 4004 ὑφεστώτων,
3102 3935 3160 3991 ἒν
3199 3938 3259 3989 τὸ
3297 3934 3435 4002 εἶδος
3492 3941 3786 4012 ἐννοῶμεν,

2196 4025 2499 4096 ἀρχόμενον
2523 4025 2634 4096 (45)
2668 4027 2768 4096 μὲν
2802 4030 2864 4080 ἐκ
2884 4029 3118 4100 Πατρὸς,
3140 4029 3360 4100 λάμῷαν
3373 4030 3432 4083 δὲ
3449 4030 3509 4083 ἐν
3532 4031 3666 4102 Υίῷ,
3695 4035 3789 4086 καὶ

2155 4151 2159 4156 -
2198 4117 2603 4187 φανερούμενον
2634 4119 2724 4171 διὰ
2775 4120 3113 4190 Πνεύματος.
3157 4121 3258 4174 Διά
3299 4122 3456 4176 τοῦτο
3506 4125 3602 4178 καὶ
3644 4128 3693 4180 oi
3725 4127 3786 4180 τὸ

2198 4204 2424 4275 Πνεῦμα
2455 4206 2744 4277 φοροῦντες
2770 4208 2993 4281 φοροῦσι
3032 4211 3267 4281 Χριστόν
3292 4227 3306 4242 ο
3351 4229 3368 4262 ι
3403 4213 3466 4265 Ei
3499 4215 3608 4286 γάρ
3629 4232 3733 4278 τις,
3764 4235 3780 4266 ι

2198 4297 2352 4367 φησὶ,
2395 4316 2414 4348 ι
2449 4299 2671 4367 Πνεῦμα
2726 4300 2963 4370 Χριστοῦ
3011 4301 3112 4355 οὐκ
3144 4301 3279 4371 ἔχει,
3319 4298 3476 4366 οὗτος
3505 4305 3606 4356 οὐκ
3639 4304 3786 4358 ἐστιν

2197 4388 2383 4442 αὐτοῦ.
2441 4390 2504 4443 Εἰ
2553 4391 2785 4460 Χριστὸς
2841 4393 2901 4444 ὲν
2924 4392 3074 4460 ὑμῖν,
3138 4393 3202 4447 τὸ
3246 4395 3346 4464 μὲν
3385 4394 3544 4465 σῶμα
3591 4397 3785 4466 νεκρὸν

2197 4479 2284 4532 διὰ
2330 4481 2624 4552 ἁμαρτίαν,
2654 4501 2673 4535 ι
2711 4483 2806 4535 καὶ
2832 4483 2899 4536 τὰ
2932 4483 3075 4554 ἑξῆς.
3101 4485 3207 4538 Καὶ
3236 4487 3265 4539 6
3312 4485 3596 4556 Ἰωάννηςο
3634 4507 3654 4537 ι
3690 4488 3785 4543 Ἐκ

2197 4569 2386 4625 τούτου
2436 4572 2798 4646 γινώσκομεν,
2830 4575 2912 4628 ὅτι
2961 4577 3018 4628 ὲν
3041 4578 3170 4647 ἡμῖν
3200 4577 3366 4642 ἔστιν,
3401 4580 3465 4631 ὲκ
3487 4578 3582 4632 τοῦ
3617 4581 3788 4633 Πνεύ-

2202 4681 2390 4734 ματος,
2423 4658 2484 4719 οῦ
2513 4665 2712 4720 ἔδωκεν
2741 4669 2894 4738 ἡμῖν.
2923 4688 2944 4718 ι
2983 4669 3094 4721 Καὶ
3128 4668 3256 4722 ναὸν
3292 4670 3390 4740 μὲν
3422 4670 3579 4738 ἁγίου
3615 4671 3785 4724 Πνεύ-

506 4763 668 4818 nobis
697 4770 822 4824 est,
854 4777 920 4816 ex
961 4759 1169 4833 Spiritu
1223 4776 1385 4832 quem
1437 4759 1588 4815 dedit
1633 4759 1795 4815 nobis
1835 4759 1901 4814 ⁸⁸.
1945 4777 1963 4809 ι
2029 4757 2096 4812 Ει

2203 4771 2371 4823 ματος
2397 4755 2464 4808 τὰ
2500 4754 2726 4826 σώματα
2754 4755 2909 4827 ἡμῶν
2943 4757 2972 4809 6
2997 4756 3209 4820 Παῦλος
3237 4757 3514 4828 ὀνομάζει,
3549 4760 3785 4831 Χριστὸν

495 4851 712 4936 :Paulus
755 4853 976 4922 quidem
1023 4867 1255 4922 corpora
1297 4859 1486 4907 nostra
1547 4850 1806 4921 templum
1854 4848 2093 4920 Spiritus

497 4945 686 5002 ‘sancti
736 4945 1003 5011 nominat,
1029 4943 1308 5000 Christum
1338 4954 1524 4999 autem
1577 4943 1631 4998 in
1664 4943 1822 4998 nobis
1854 4958 1976 4999 esse
2012 4943 2095 4998 di-

2199 4843 2257 4896 δὲ
2280 4846 2338 4897 ἐν
2363 4846 2496 4915 ἡμῖν
2524 4841 2662 4899 εἷναι
2706 4844 2872 4914 λέγει.
2905 4845 3146 4918 Χριστοῦ
3185 4845 3243 4900 δὲ
3273 4846 3550 4912 οἰκοῦντος
3586 4851 3665 4912 είς
3691 4850 3784 4903 τὸν

2197 4937 2305 4992 ἔσω
2367 4938 2526 5009 ἡμῶν
2577 4939 2884 5011 ἄνθρωπον,
2919 4939 3062 4993 κατά
3091 4939 3153 4994 τὸ
3192 4942 3598 5014 γεγραμμένον,
3650 4943 3783 5009 Θεός

498 5033 873 5100 ;cit:Christo
922 5044 1106 5089 autem
1161 5034 1441 5090 habitante
1487 5035 1545 5089 in
1591 5034 1854 5089 interiore
1901 5041 2092 5088 nostro

2201 5031 2343 5084 ἐστιν
2364 5033 2421 5084 ὲν
2451 5032 2580 5101 ἡμῖν
2613 5031 2884 5086 κατοικῶν
2905 5049 2918 5062 ·
2955 5052 2974 5084 ι
3011 5033 3124 5086 Οὐκ
3163 5033 3362 5097 οἴδατε,
3412 5034 3556 5106 γὰρ,
3596 5038 3779 5105 φησὶν,

497 5120 748 5191 ἷΙιοιιιίιιο,
773 5133 835 5182 ut
863 5126 1128 5198 scriptum
1158 5136 1263 5189 est,
1297 5126 1441 5182 Deus
1468 5136 1554 5183 est
1585 5127 1680 5198 qui
1728 5129 1783 5182 in
1816 5127 1972 5183 nobis
2007 5129 2092 5183 in-

2201 5123 2276 5177 ’ότι
2305 5124 2430 5188 ναὸς
2469 5123 2606 5177 Θεοῦ
2653 5126 2775 5178 ἐστε
2797 5167 2812 5190 ,
2857 5125 2949 5180 καὶ
2995 5127 3057 5180 τὸ
3090 5127 3316 5198 Πνεῦμα
3357 5129 3452 5181 τοῦ
3480 5127 3616 5181 Θεοῦ
3643 5132 3784 5182 οἰκεῖ

503 5218 761 5274 habitat:
795 5235 944 5283 nam,
999 5238 1019 5271 ι
1070 5217 1344 5278 Nescitis,
1395 5218 1605 5287 inquit,
1650 5218 1776 5289 quia
1829 5220 2090 5289 templum

2201 5219 2256 5269 ὲν
2297 5217 2443 5285 ὑμῖν.
2479 5237 2497 5268 ι
2541 5216 2726 5281 Οῦτως
2773 5235 2864 5290 μοι.
2908 5219 2972 5272 τὸ
3015 5220 3118 5290 τῆς
3175 5220 3425 5292 θεότητος
3478 5221 3783 5293 ἀδιαίρετον

507 5310 600 5364 Dei
648 5311 805 5375 estis,
836 5319 890 5367 et
925 5310 1165 5382 Spiritus
1209 5309 1302 5364 Dei
1355 5310 1566 5364 habitat
1625 5311 1677 5364 in
1740 5310 1896 5366 vobis
1947 5311 2013 5367 °’.
2067 5331 2086 5364 ι

2201 5309 2438 5372 εὐσεϐῶς
2471 5311 2536 5362 ὲκ
2567 5309 2674 5363 τῶν
2696 5310 2854 5364 θείων
2881 5311 3056 5380 λόγων
3079 5312 3479 5384 καταμάνθανε,
3513 5315 3572 5367 ἐν
3605 5317 3783 5386 τρισὶν

503 5403 694 5472 Itaque
749 5403 1086 5458 divinitatem
1121 5402 1508 5458 iudivisibilem
1547 5417 1711 5466 esse,
1765 5417 1830 5456 ex
1891 5402 2092 5457 divinis

2201 5403 2259 5455 ἒν
2303 5397 2441 5466 εἶδος
2482 5402 2778 5469 κατανοῶν,
2819 5404 2920 5475 οὐχ
2970 5403 3029 5458 ἓν
3072 5405 3137 5458 ἐκ
3189 5403 3355 5476 τριῶν
3403 5405 3636 5476 πρᾶγμα
3669 5404 3782 5476 (ιι)

574 5558 622 5589 ⁸⁸
662 5555 730 5611 ill
768 5555 903 5629 Reg.
939 5574 1014 5624 tv,
1045 5556 1138 5615 29.
1214 5559 1260 5590 ⁶⁶
1301 5556 1342 5610 ll
1374 5556 1503 5613 Cor.
1543 5573 1641 5622 ιιι,
1681 5555 1770 5612 18.
1848 5556 1893 5587 ⁸⁷
1932 5555 2092 5612 Rom.

2201 5574 2262 5623 ιι,
2299 5557 2462 5625 9,10.
2543 5556 2627 5611 ⁸⁸1
2665 5557 2825 5615 Joau.
2865 5577 2937 5626 tv,
2976 5560 3064 5614 15.
3141 5558 3186 5590 ⁶⁹
3225 5557 3404 5614 lCor.
3443 5574 3545 5625 ιιι,
3583 5557 3673 5614 16.

575 5712 693 5784 (59)
727 5709 784 5766 In
815 5710 985 5784 editis
1027 5728 1310 5783 perperam
1358 5713 1557 5783 legitur
1600 5713 1802 5783 σοφῶν,
1858 5727 1982 5768 cum
2019 5712 2092 5766 sit

2201 5711 2393 5783 chu.,
2425 5713 2697 5784 ἀλλήλοις,
2733 5716 2906 5768 multo
2931 5715 3147 5768 melius.

496 5782 794 5859 legendum
828 5782 1049 5859 σοφιῶν,
1079 5786 1155 5836 uti
1188 5782 1428 5859 Srguer.
1458 5784 1641 5838 habet.
1683 5782 1686 5783 ⁷

2267 5782 2379 5850 (45)
2417 5782 2582 5849 Editi,
2632 5786 2961 5857 ἀρχομένου,
3014 5785 3296 5840 mendose.
3345 5782 3782 5859 Seguer.,&px6-

577 5853 688 5923 (40)
727 5854 1098 5924 Seguerianus
1121 5855 1432 5921 στρέφεται.
1568 5923 1571 5924 ν
2197 5871 2375 5924 μενον.

576 5922 886 6002 (MLEditi,
909 5926 991 6002 εἰς
1010 5924 1132 6002 τήν,
1165 5925 1260 5978 ιιι-ιι
1287 5927 1365 5987 εἰς
1391 5925 1542 5979 deest
1563 5923 1618 5978 in
1661 5924 1919 5980 omnibus
1949 5938 2083 5980 mss.

2201 5922 2229 6002 Vn
2267 5922 2377 5996 (44)
2404 5923 2545 5980 Editi
2573 5933 2628 6002 et
2651 5924 2871 6002 quidam
2895 5925 3265 6002 manuscripti
3284 5925 3486 5991 habent
3530 5926 3777 6002 Πνεῦμα,

504 6004 563 6052 et
589 5993 872 6068 inﬁgere
908 5993 1205 6068 Scriptum
1236 6003 1418 6068 textu;
1657 6064 1668 6068 _
1781 6062 1810 6068 _
1852 6064 1866 6068 _
1889 6065 1903 6068 _
1974 6065 1985 6068 _
2197 5993 2450 6067 Segucr.,
2486 5993 2739 6068 πρᾶγμα,
2773 5996 3022 6050 ultimum
3056 5993 3412 6066 praeferimus.

584 6065 694 6140 (42)
721 6065 883 6134 Editi,
924 6062 1202 6138 ἀλλήλους,
1249 6065 1339 6123 sed
1381 6063 1724 6125 Basiliensis.
1770 6062 2084 6123 Goblerian.
