4002 6538
339 473 433 530 ll‘l

1557 464 1840 524 CONTRA
1881 465 2374 524 SABELLIANOS.

3499 475 3600 532 ll8

334 586 614 652 συντιθείς.
658 587 966 658 ’Δχώριστα
1007 587 1064 642 δέ
1121 589 1215 642 καὶ
1257 590 1338 653 είς
1381 589 1451 642 τά
1489 587 1590 659 τῆς
1633 589 1900 660 ἐνεργείας

2016 587 2202 645 verbis
2245 587 2502 658 religiose
2551 587 2784 657 discito,
2833 605 2901 646 ac
2943 591 3000 646 in
3057 589 3232 646 tribus
3276 608 3440 647 uaam
3493 594 3607 652 lor-

331 679 694 753 θεωροὺμενα,
752 680 1045 746 ἀκούοντες
1097 681 1192 735 τοῦ
1249 680 1573 734 Ἀποστόλου
1625 696 1915 752 μυσταγωά

331 769 545 842 γοῦντος
584 771 680 826 καὶ
709 771 1014 840 φάσκοντος
1033 789 1048 803 ·
1087 791 1106 824 ι
1137 772 1440 845 Διαιρέσεις
1474 771 1530 826 δέ
1558 772 1914 844 χαρισμάτων

327 863 448 928 τισὶ,
475 864 540 916 τὸ
577 863 644 936 δὴ
680 864 816 918 αὑτὸ
852 865 1112 936 Πνεῦμαο
1159 865 1254 918 καὶ
1295 864 1588 938 διαιρέσεις
1629 863 1913 918 διακονιῶν

326 956 455 1020 εἰσὶ,
489 955 588 1010 καὶ
619 957 651 1008 6
696 956 860 1019 αὐτὸς
895 955 1127 1028 Κύριος·
1155 957 1250 1010 καὶ
1281 956 1578 1028 διαιρέσεις
1608 957 1914 1029 ἐνεργημά-

323 1065 425 1102 των
457 1046 572 1118 (45)
609 1047 773 1111 εἰσὶν,
802 1051 832 1101 6
863 1048 921 1102 δὲ
947 1048 1110 1112 αὑτὸς
1137 1048 1271 1114 Θεὸς
1299 1051 1328 1102 6
1364 1047 1603 1120 ἐνεργῶν
1631 1048 1699 1104 τὰ
1737 1049 1912 1102 πάντα

321 1142 377 1192 ἐν
418 1141 581 1194 πᾶσι.
618 1160 638 1192 ι
671 1141 783 1194 Καὶ
814 1139 1118 1206 καταλέξας
1150 1140 1217 1193 τά
1265 1140 1583 1212 χαρίσματα
1626 1139 1910 1212 ἐπιφέρει·

323 1250 344 1282 ι
378 1231 566 1286 Πάντα
595 1233 656 1286 δέ
683 1232 861 1287 ταῦτα
885 1235 1098 1305 ἐνεργεῖ
1125 1233 1184 1286 τὸ
1209 1232 1267 1286 ἓν
1298 1234 1393 1287 καὶ
1417 1233 1479 1286 τὸ
1508 1233 1639 1288 αὐτὸ
1662 1233 1910 1314 Πνεῦμα,

319 1323 561 1396 διαιροῦν
599 1325 708 1398 ἰδίᾳ
742 1325 981 1396 ἑκάστῳ,
1006 1324 1188 1389 καθὼς
1219 1325 1488 1396 βούλεται.
1522 1344 1542 1377 ι
1570 1325 1740 1380 Ὅταν
1763 1324 1820 1379 δέ
1845 1324 1913 1378 τά

315 1419 493 1472 πάντα
530 1417 826 1490 ἐνεργῆται
859 1417 974 1487 (46)
1014 1416 1120 1470 ὑπὸ
1161 1415 1257 1469 τοῦ
1286 1415 1422 1470 Θεοῦ
1461 1415 1551 1470 διὰ
1581 1415 1818 1490 Χριστοῦ
1853 1417 1912 1470 ἐν

315 1511 453 1583 ἀγίῳ
483 1511 790 1582 Πνεῦματι.
814 1511 1117 1582 ἀχώριστον
1136 1510 1248 1582 όρῶ
1265 1512 1546 1584 ἐνέργειαν
1561 1511 1654 1565 τοῦ
1674 1511 1910 1584 Πατρὸς,

316 1603 523 1658 καὶτοῦ
553 1604 711 1670 Υἱοῦ,
744 1603 956 1659 καὶτοῦ
983 1603 1141 1672 ἁγίου
1164 1603 1305 1657 Πνεύ
1314 1621 1502 1674 ματος.

381 1885 466 1939 l3.
523 1883 670 1936 Ἀλλ’
701 1884 763 1936 οὑ
796 1882 887 1936 διά
933 1881 1094 1936 τοῦτο
1135 1881 1450 1954 συμπλέξας
1490 1881 1550 1934 τὸ
1581 1880 1649 1944 ἐξ
1684 1876 1778 1944 οὗ,
1815 1881 1910 1934 καὶ

2017 691 2166 732 mam
2203 678 2502 748 intelligas,
2537 693 2717 750 neque
2753 688 2939 736 tamen
2978 696 3139 736 unam
3173 697 3241 736 ex
3275 683 3453 738 tribus
3489 700 3606 742 rem

2017 782 2338 839 componas.
2374 767 2742 826 lndivisibiles
2775 781 2960 828 autem
2992 790 3115 831 esse
3145 790 3415 844 personas
3439 777 3605 834 etiam

2019 863 2074 917 in
2109 863 2450 934 operatione,
2475 881 2543 920 ex
2563 865 2852 936 Apostolo,
2881 865 2970 922 his
2999 869 3178 924 verbis
3200 869 3313 924 haec
3344 867 3608 941 mysteria

2017 954 2270 1016 docente,
2306 955 2495 1010 audire
2531 955 2697 1011 licet:
2738 975 2757 1009 ι
2795 954 3103 1014 Divisiones
3142 973 3273 1014 vero
3303 961 3606 1031 gratiarum

2017 1054 2170 1112 sunt,
2205 1047 2350 1102 idem
2389 1057 2570 1102 autem
2607 1046 2879 1116 Spiritus:
2907 1058 2962 1105 et
2990 1050 3296 1108 divisiones
3327 1054 3610 1109 ministra-

2016 1138 2228 1194 tionum
2258 1147 2410 1206 sunt,
2439 1138 2582 1194 idem
2628 1148 2810 1197 autem
2853 1141 3166 1200 Dominus:
3215 1159 3267 1202 et
3310 1147 3611 1204 divisiones

2015 1231 2395 1301 operationum
2427 1241 2584 1298 sunt,
2628 1232 2772 1289 idem
2811 1250 2936 1291 vero
2986 1235 3130 1294 Deus
3155 1277 3170 1301 ,
3202 1239 3296 1309 qui
3348 1251 3611 1310 operatur

2015 1321 2199 1375 omnia
2235 1321 2291 1376 in
2316 1321 2573 1378 omnibus
2596 1323 2667 1380 "°.
2709 1343 2728 1376 ι
2763 1325 2842 1380 Ac
2874 1336 3160 1397 postquam
3192 1329 3397 1399 gratias
3420 1345 3610 1386 recen-

2015 1414 2162 1480 suit,
2198 1413 2386 1472 subdit
2418 1435 2432 1470 :
2471 1435 2491 1468 ι
2528 1415 2656 1473 Ηεο
2711 1427 2893 1473 autem
2944 1420 3128 1474 omnia
3176 1431 3436 1492 operatur
3463 1439 3608 1479 unus

2015 1514 2181 1576 atque
2213 1506 2354 1562 idem
2375 1507 2638 1578 Spiritus,
2658 1509 2910 1566 dividens
2931 1512 3161 1582 singulis
3184 1524 3345 1583 prout
3367 1517 3480 1569 vult
3500 1517 3566 1570 τί.
3583 1536 3603 1567 ι

2015 1596 2150 1651 Cum
2185 1607 2368 1653 autem
2399 1600 2586 1654 omnia
2618 1608 2853 1671 agantur
2885 1616 2916 1654 a
2946 1600 3057 1656 Deo
3096 1618 3194 1672 per
3231 1594 3509 1660 Christum
3551 1607 3608 1660 in

2017 1687 2225 1759 Spiritu
2255 1699 2471 1758 sancto,
2503 1691 2795 1748 iudivisam
2825 1693 2984 1748 video
3009 1696 3384 1764 Operationem
3402 1696 3604 1764 Patris,

2012 1787 2068 1834 et
2103 1779 2250 1846 Filii,
2285 1791 2340 1838 et
2373 1781 2615 1854 Spiritus
2639 1786 2837 1842 sancti.

2084 1872 2195 1945 36
2229 1873 2316 1928 l5.
2346 1874 2460 1932 Nec
2489 1884 2670 1931 tamen
2697 1877 2821 1932 ideo
2851 1877 2906 1932 in
2934 1894 3105 1932 unum
3136 1878 3227 1934 illa
3255 1879 3420 1935 verba
3453 1895 3607 1936 com-

310 1977 382 2032 er
411 1971 509 2042 οὗ,
529 1977 628 2030 καὶ
647 1976 719 2029 ἐν
741 1969 810 2042 ᾧ,
837 1974 1094 2046 βιάζομαι
1121 1944 1220 2047 τὴν
1245 1944 1450 2046 Τριάδα
1476 1974 1680 2045 μονάδα
1713 1975 1900 2026 ποιεῖν·

2014 1944 2182 2036 plico,
2229 1983 2294 2022 ea:
2327 1985 2451 2039 quo,
2481 1977 2536 2026 et
2573 1988 2668 2041 per
2697 1988 2870 2041 quem,
2911 1983 2963 2028 et
3001 1974 3056 2028 in
3088 1991 3212 2045 quo,
3264 1984 3323 2028 ut
3368 1973 3612 2030 Trinita-

309 2065 427 2119 οὐδὲ
461 2065 755 2137 ἄνθρωπον
779 2066 844 2118 ἐκ
858 2065 1028 2137 τριῶν
1045 2065 1290 2119 ὑπονοῶν
1311 2065 1423 2136 (47)
1449 2063 1722 2128 σύνθετον,
1744 2063 1909 2118 πνεύ-

315 2176 514 2230 ματος,
559 2159 776 2229 ψυχῆς,
823 2141 1110 2230 σώματος,
1144 2158 1290 2212 οῦτω
1327 2158 1422 2213 καὶ
1452 2157 1619 2222 Θεὸν,
1657 2156 1910 2228 καθάπερ

311 2253 556 2306 κάκεῖνοι
603 2249 898 2320 τολμῶσιν,
933 2251 1054 2304 οὑδέ
1102 2251 1197 2307 ἐπὶ
1242 2251 1342 2322 τῆς
1383 2248 1641 2320 τοιαύτης
1679 2248 1910 2313 ἀσεὸοῦς

309 2343 570 2406 ὑπονοίας
615 2343 883 2412 προῖεμαι
913 2341 976 2394 τὸ
1008 2340 1334 2413 ἀχώριστον.
1375 2341 1509 2395 Οὐδὲ
1541 2341 1591 2392 εί
1612 2339 1759 2408 λέγοι
1795 2338 1906 2412 (48)

309 2452 391 2499 τις
439 2435 520 2499 ὡς
567 2435 664 2488 τὸν
723 2433 1027 2488 ἐνδιάθετον
1065 2434 1259 2503 λόγον,
1297 2434 1330 2504 ἢ
1370 2431 1462 2488 τὸν
1518 2435 1579 2487 ὲν
1619 2435 1772 2503 φωνῇ
1811 2430 1906 2486 τοῦ

309 2529 560 2594 νοοῦντος
593 2530 689 2583 καὶ
723 2529 1013 2593 λαλοῦντος
1043 2527 1369 2599 ἀχώριστον,
1401 2527 1546 2582 οὕτω
1571 2525 1663 2581 τοῦ
1689 2525 1906 2597 Πατρὸς

309 2621 396 2674 τὸν
428 2620 563 2674 Υίὸν
598 2619 696 2674 καὶ
725 2619 787 2672 τὸ
809 2619 1053 2691 Πνεῦμα.
1081 2619 1164 2673 Τά
1193 2620 1303 2691 γάρ
1327 2618 1420 2673 τοῦ
1456 2618 1710 2672 συνθέτου
1741 2617 1902 2689 μέρη,

309 2714 400 2766 καὶ
426 2713 498 2766 τά
530 2712 628 2767 τοῦ
652 2713 972 2784 κινουμένου
993 2715 1292 2786 κινήματα,
1323 2713 1459 2786 πρὸς
1483 2712 1581 2784 τὴν
1595 2708 1904 2766 ’ἀσύνθετον

309 2808 398 2860 καὶ
467 2808 834 2862 ἀναλλοίωτον
894 2807 1056 2878 ςρῦσιν
1122 2807 1379 2879 οὐδεμίαν
1429 2807 1540 2877 ἔχει
1591 2803 1898 2860 κοινωνίαν.

320 2898 468 2952 Ἐπεὶ
499 2899 598 2952 καὶ
624 2899 743 2963 πῶς
773 2899 1094 2954 ἀποστέλλει
1123 2900 1184 2954 τὸ
1223 2900 1389 2970 μέρος
1415 2898 1448 2970 ἢ
1474 2897 1536 2951 τὸ
1570 2897 1778 2969 κίνημα
1800 2897 1904 2951 αὑ-

306 2989 394 3044 τοῦ
419 2993 448 3045 6
481 2991 700 3062 Πατὴρ,
734 2991 1083 3046 ἀποστέλλων
1110 2991 1201 3045 τὸν
1226 2991 1386 3056 Υἱόν;
1423 2989 1456 3060 ἢ
1489 2989 1551 3042 τὸ
1586 2990 1810 3059 Πνεῦμα
1841 2988 1902 3042 τὸ

305 3084 458 3152 άγιον
508 3087 538 3138 6
584 3084 720 3148 Υἱὸς
761 3085 1064 3156 ἐκπέμπων
1119 3087 1200 3149 εἰς
1258 3084 1350 3138 τὸν
1403 3085 1644 3154 κόσμονς
1683 3083 1754 3136 Ἢ
1801 3082 1901 3136 οὑκ

303 3175 586 3246 ἀπεστάλη
619 3177 718 3248 μὲν
741 3176 846 3229 ὑπὸ
869 3175 962 3229 τοῦ
986 3175 1200 3248 Πατρὸς
1221 3177 1252 3228 6
1271 3175 1430 3240 Υἱός;
1458 3171 1900 3244 Διαμαρτύρεται

303 3269 608 3341 πανταχοῦ,
632 3269 728 3322 καὶ
758 3267 1111 3322 ἀποστέλλειν
1136 3266 1246 3338 (49)
1284 3267 1345 3320 τὸ
1377 3266 1603 3336 Πνεῦμα
1627 3265 1688 3318 τὸ
1722 3263 1904 3336 παρά·
1928 3293 1972 3352 C

301 3363 501 3433 κλητον
546 3361 979 3432 ἐπαγγέλλεται,
1016 3362 1110 3415 καὶ
1154 3359 1220 3432 δὴ
1270 3359 1364 3413 καὶ
1408 3358 1726 3414 ἀποστέλλει
1759 3356 1902 3411 κατά

297 3454 395 3525 τὴν
427 3453 750 3523 ὑπόσχεσιν.
789 3451 928 3505 Ἀλλ’
950 3453 1001 3504 ot
1023 3451 1120 3522 τὴν
1145 3449 1351 3522 Τριάδα
1387 3448 1587 3521 μονάδα
1616 3447 1900 3512 ποιοῦντες

298 3543 540 3597 νοθεύειν
597 3544 690 3596 καὶ
746 3542 846 3614 τὴν
885 3541 1210 3613 ἀποστολὴν,
1251 3539 1441 3612 ὥσπερ
1482 3539 1583 3611 τὴν
1621 3539 1896 3610 γέννησιν,

298 3634 695 3707 ἐπιχειροῦσιν.
727 3635 874 3688 Εἵσω
925 3633 1034 3704 γὰρ
1074 3633 1201 3686 ὂντα
1238 3633 1372 3702 φασὶ
1415 3631 1510 3684 τοῦ
1555 3631 1766 3704 Πατρὸς
1806 3631 1898 3684 τὸν

297 3726 428 3780 Υἰὸν
453 3727 726 3797 άγιασμὸν
746 3725 1035 3798 ἀνθρώπου
1069 3724 1400 3796 ἐργάζεσθαι
1431 3722 1566 3796 (50),
1597 3723 1896 3784 τουτέστιν.

299 3821 463 3874 αὑτὸν
491 3821 587 3873 τὸν
616 3820 712 3873 ἕνα
743 3819 839 3873 καὶ
870 3819 1030 3891 μόνον
1062 3813 1218 3883 Θεὸν,
1241 3816 1414 3881 οὕτως
1443 3815 1779 3872 ἀπεστάλθαι
1807 3814 1898 3869 τὸν

296 3910 614 3983 ἄνθρωπον,
650 3912 718 3964 οὑ
749 3908 883 3964 Θεὸν
937 3908 1090 3980 παρὰ
1137 3907 1293 3962 Θεοῦ.
1339 3906 1466 3971 Πῶς
1511 3907 1621 3978 γὰρ
1661 3906 1756 3960 καὶ
1793 3907 1900 3959 ἀπ·-

296 4002 597 4067 έσταλται,
634 4001 822 4071 φασὶν,
866 4003 895 4054 6
942 4002 1141 4070 Λόγος,
1184 4000 1258 4072 μὴ
1303 3999 1710 4072 διαιρούμενος,
1764 3997 1899 4070 μηδέ

295 4093 692 4166 χωριζόμενος,
723 4089 784 4148 οὗ
814 4095 989 4162 Λόγος
1010 4094 1194 4161 ἐστίν;
1226 4093 1349 4148 Ὅτι
1373 4093 1470 4164 μὲν
1499 4089 1592 4146 οῦν
1621 4091 1898 4164 σάρκωσις

291 4186 388 4241 τοῦ
431 4187 614 4254 Λόγου
655 4187 1015 4258 κεκήρυκται,
1045 4186 1131 4251 τίς
1171 4185 1454 4252 ἀντείποι;
1491 4183 1585 4239 τοῦ
1614 4182 1900 4253 εὐαγγελι-

294 4278 423 4332 στοῦ
458 4279 693 4348 βοῶντος
732 4278 872 4349 (51)⁶
918 4297 936 4330 ι
989 4279 1048 4332 Ὀ
1089 4277 1260 4348 Λόγος
1306 4277 1443 4349 σάρξ
1480 4277 1716 4346 ἐγένετο,
1749 4295 1768 4328 ι
1800 4287 1898 4340 κα)⁸

292 4371 375 4424 ὅτι
421 4369 804 4441 καταϐέϐηκεν
855 4370 914 4437 ἐξ
955 4369 1188 4442 οὐρανοῦ
1226 4371 1560 4444 κεκραγότος
1592 4371 1758 4426 αὑτοῦ
1798 4370 1895 4425 τοῦ

289 4461 576 4533 Σωτῆρος,
631 4463 730 4532 οὐχ
777 4463 944 4528 ἅπαξ,
997 4463 1135 4516 ἀλλά
1168 4463 1263 4516 καὶ⁵
1305 4463 1565 4528 πολλάκις
1602 4463 1753 4536 (52);
1787 4465 1896 4518 Καὶ

293 4551 402 4622 μὴν
427 4553 513 4604 ὅτι
555 4552 656 4604 οὐκ
701 4551 985 4624 ἄνθρωπος
1024 4553 1053 4604 ό
1097 4552 1301 4624 Κύριος
1322 4551 1478 4624 ήμῶν
1520 4553 1728 4622 Ἰησοῦς
1757 4555 1894 4625 Χρι-

2014 2065 2121 2112 tem
2155 2060 2302 2114 nitar
2330 2063 2596 2117 unitatem
2620 2062 2833 2120 edicere
2865 2079 2878 2116 :
2907 2080 3084 2134 neque
3113 2066 3386 2121 hominem
3411 2082 3478 2121 ex
3509 2066 3610 2120 tri-

2011 2147 2118 2206 bus
2137 2153 2503 2222 compositum
2532 2153 2866 2224 intelligens,
2907 2156 3106 2224 spiritu
3147 2171 3364 2227 nempe,
3399 2157 3608 2224 anima,

2011 2248 2065 2294 et
2095 2255 2360 2312 corpore;
2385 2241 2466 2296 sic
2487 2249 2543 2298 et
2573 2241 2744 2297 Deum
2777 2244 3060 2311 existimo,
3091 2254 3150 2299 ut
3187 2247 3264 2299 illi
3295 2246 3477 2302 facere
3505 2263 3608 2300 au-

2009 2332 2143 2386 dent
2171 2353 2184 2388 :
2215 2350 2394 2406 neque
2437 2335 2618 2406 impia:
2664 2335 2936 2406 ejusmodi
2975 2338 3254 2409 opinionis
3303 2354 3492 2405 causa,
3530 2341 3608 2392 in-

2009 2426 2442 2482 divisibilitatem
2476 2441 2744 2499 propono.
2780 2427 2896 2484 Nec
2941 2429 2987 2486 si
3019 2430 3145 2501 quis
3175 2431 3398 2495 dixerit,
3431 2433 3607 2486 inter-

2009 2533 2141 2572 num
2184 2523 2412 2574 verbum
2446 2557 2462 2583 ,
2520 2526 2616 2572 aut
2657 2519 2886 2575 verbum
2931 2535 3064 2577 voce
3106 2523 3544 2592 pronuntiatum,
3571 2537 3606 2577 τι

2007 2610 2285 2682 cogitante
2313 2618 2367 2666 et
2416 2611 2672 2681 loquente
2701 2612 3067 2684 inseparabile
3089 2629 3244 2680 esse,
3273 2616 3348 2670 ita
3383 2631 3607 2686 quoque

2006 2707 2275 2759 continuo
2316 2704 2384 2761 de
2424 2703 2607 2762 Patris
2648 2705 2788 2763 Filio
2825 2716 2879 2763 et
2920 2707 3129 2779 Spiritu
3167 2712 3602 2783 intelligendum.

2007 2794 2144 2850 Nam
2179 2797 2471 2869 compositi
2494 2806 2700 2870 partes,
2724 2808 2778 2855 et
2803 2801 2944 2871 ejus,
2972 2803 3064 2873 qui
3090 2812 3362 2869 movetur,
3395 2811 3602 2869 motus.

2004 2904 2130 2945 cum
2178 2898 2378 2946 natura
2433 2907 2545 2947 non
2609 2895 2913 2964 composita
2970 2911 3036 2950 ac
3081 2897 3409 2952 immutabili
3460 2898 3602 2956 nihil

2004 2997 2298 3039 commune
2325 2983 2548 3040 habent.
2585 2984 2797 3042 Etenim
2836 2988 3112 3058 quomodo
3142 2988 3338 3057 Pater,
3388 3001 3602 3062 partem

2004 3091 2198 3142 suam,
2247 3086 2341 3132 aut
2371 3090 2576 3136 motum
2611 3098 2771 3136 suum
2806 3083 2976 3136 mittit
3017 3083 3072 3136 in
3129 3084 3432 3150 mundum,
3466 3085 3601 3142 dum

2003 3166 2202 3224 Filium
2235 3172 2440 3227 mittit?
2484 3180 2578 3227 aut
2630 3173 2817 3230 itidem
2868 3174 2996 3230 dum
3035 3175 3298 3246 Spiritum
3346 3185 3600 3232 sanctum

2004 3258 2179 3318 Filius
2209 3263 2408 3318 emittit
2445 3265 2501 3320 in
2543 3267 2852 3322 mundum?
2892 3268 2975 3322 An
3009 3266 3182 3324 Filius
3213 3266 3434 3336 aIPatre
3468 3270 3602 3324 mis-

2006 3368 2102 3409 sus
2124 3370 2232 3410 non
2255 3357 2376 3411 est?
2402 3355 2518 3414 Hoc
2550 3359 2643 3414 ille
2690 3360 2892 3431 ubique
2946 3368 3201 3428 testatur,
3237 3376 3302 3416 ac
3331 3359 3600 3432 Spiritum

2003 3464 2065 3504 se
2110 3449 2407 3506 missurum
2456 3453 2768 3523 pollicetur,
2799 3455 3062 3524 illumque
3085 3455 3240 3524 juxta
3276 3454 3600 3525 promissio-

2004 3553 2130 3594 nem
2164 3554 2356 3596 revera
2383 3541 2572 3597 mittit.
2597 3541 2665 3598 At
2695 3545 2790 3616 qui
2822 3543 3146 3600 Trinitatem
3177 3545 3445 3600 unitatem
3484 3544 3599 3599 em-

2002 3631 2191 3698 ciunt,
2228 3634 2570 3700 missionem,
2613 3648 2673 3692 ut
2707 3643 2764 3692 ct
2799 3637 3236 3708 generationem,
3283 3637 3601 3694 adulteram

2001 3725 2274 3780 nituntur.
2319 3725 2523 3782 Filium
2566 3729 2714 3784 enim
2760 3731 2907 3785 intra
2954 3728 3175 3786 Patrem
3214 3731 3595 3796 exsistentem,

2002 3816 2056 3872 id
2088 3827 2194 3884 est,
2221 3818 2401 3890 ipsum
2435 3836 2604 3875 unum
2625 3832 2680 3877 et
2707 3822 2885 3877 solum
2905 3821 3074 3877 Deum
3098 3823 3594 3878 sanctilicatiimem

2001 3908 2242 3965 hominis
2271 3911 2488 3981 operari
2521 3911 2675 3967 aiunt
2704 3931 2717 3968 :
2751 3920 2916 3984 atque
2943 3928 3068 3968 eum
3121 3914 3216 3984 qui
3265 3914 3341 3968 ita
3387 3914 3595 3969 missus

2000 4007 2086 4056 est
2120 4000 2419 4068 hominem,
2442 4009 2497 4059 et
2527 4019 2636 4059 non
2659 4003 2830 4060 Deum
2855 4006 2920 4062 de
2950 4005 3058 4060 Deo
3080 4006 3271 4064 fuisse.
3306 4005 3594 4076 Quomodo

2000 4093 2169 4160 enim,
2209 4095 2384 4162 aiunt,
2419 4097 2650 4152 missum
2687 4096 2850 4152 fuerit
2884 4096 3144 4162 Verbum,
3170 4114 3295 4155 cum
3328 4115 3429 4154 nec
3452 4099 3593 4154 divi-

2000 4199 2145 4248 sum.
2182 4200 2284 4242 nec
2323 4196 2636 4258 separatum
2683 4191 2756 4244 sit
2793 4191 2863 4244 ab
2895 4207 2961 4246 eo
2994 4191 3154 4262 cujus
3197 4199 3282 4247 est
3320 4192 3593 4248 Verbum!

2000 4277 2158 4344 Quod
2186 4278 2407 4349 quidem
2456 4279 2619 4336 Verbi
2665 4281 2976 4337 incarnatio
3024 4285 3318 4354 praedicata
3361 4285 3432 4340 sit
3466 4286 3590 4354 quis

2001 4369 2247 4438 negarit,
2302 4370 2636 4440 evangelista
2671 4371 2879 4442 liquido
2929 4373 3238 4429 clamante:
3287 4390 3306 4423 ι
3349 4371 3590 4429 νει-ιηιηι

1999 4473 2130 4512 caro
2159 4457 2362 4512 factum
2386 4468 2472 4514 cst
2501 4461 2582 4527 ";
2616 4479 2634 4511 ι
2679 4471 2884 4517 cumet.
2921 4463 3038 4532 ipse
3080 4461 3331 4517 Salvator
3377 4481 3407 4520 e
3447 4464 3591 4520 coelo

1999 4564 2059 4604 se
2085 4549 2437 4606 descendisse
2477 4567 2588 4605 non
2628 4552 2819 4617 semel,
2849 4553 2944 4607 sed
2973 4565 3027 4608 et
3055 4556 3261 4625 pluries
3297 4555 3592 4614 clamando

295 4642 441 4706 στὸς,
470 4641 499 4692 ό
526 4642 824 4706 ἀπόστολος
868 4641 1080 4707 Παῦλος
1123 4644 1259 4715 πρὸς
1288 4644 1533 4708 Γαλάτας
1561 4644 1889 4716 διισχυρίζε-

2007 4640 2382 4696 Illirmaverit?
2411 4641 2477 4696 Et
2524 4644 2743 4714 quidem
2777 4645 2923 4716 quod
2956 4661 3067 4701 non
3097 4649 3275 4702 solum
3314 4649 3478 4703 homo
3516 4651 3588 4705 sit

291 4752 404 4791 ται.
448 4735 593 4788 Ἀλλ’
627 4737 676 4788 εἰ
707 4737 803 4790 καὶ
829 4736 1117 4808 ἄνθρωπος
1140 4736 1430 4808 ὁμώνυμος
1463 4739 1616 4809 ἡμῖν,
1637 4737 1886 4808 δεύτερος

291 4827 581 4897 ἄνθρωπος
605 4868 619 4890 ,
651 4829 744 4880 καὶ
763 4827 861 4899 οὐχ
895 4822 1005 4892 οἷος
1036 4830 1065 4882 6
1087 4829 1350 4900 πρότερος
1370 4829 1481 4898 (55)
1506 4829 1767 4902 γηγενὴς,
1791 4830 1888 4882 καὶ

289 4920 318 4970 6
339 4918 441 4987 μὲν
472 4918 620 4990 ψυχὴ
646 4918 794 4982 ζῶσα
815 4959 828 4983 ,
864 4920 893 4970 6
923 4918 980 4972 δὲ
1021 4918 1246 4990 Πνεῦμα
1273 4920 1596 4984 ζωοποιοῦν.

359 5245 407 5274 ’⁸
441 5242 462 5296 ι
493 5243 625 5298 Cor.
654 5260 754 5308 xu,
778 5245 889 5300 ιϐ.
969 5246 1012 5276 ⁷⁸
1042 5244 1176 5299 ibid.
1210 5245 1298 5300 ll.
1377 5247 1422 5277 "
1447 5244 1610 5301 Joan.
1643 5262 1682 5310 ι,
1719 5245 1806 5300 id.

365 5383 472 5452 (t5)
507 5383 599 5438 Sic
626 5381 969 5446 Basiliensis,
1000 5381 1226 5452 Seguer.
1253 5391 1307 5438 et
1327 5382 1552 5439 Graecus
1583 5380 1883 5452 Scriptura

365 5400 472 5452 μδ)
507 5400 599 5438 me
628 5400 969 5446 nasuiensm,
1001 5400 1226 5508 Segner.
1253 5400 1307 5438 et
1327 5400 1552 5439 urmcus
1583 5400 1876 5452 Scriptura:

288 5463 492 5508 textus.
528 5454 694 5518 Editi,
723 5453 1035 5525 ἐνεργειῶν.
1103 5456 1253 5508 ‘anlo
1295 5463 1450 5524 post,
1488 5452 1876 5525 Seguerianus,

287 5526 656 5595 Goblerianus
674 5532 726 5578 ct
751 5523 895 5579 Felc.
915 5540 950 5586 ι,
971 5525 1067 5576 καὶ
1095 5523 1435 5590 καταλλάξας
1460 5523 1526 5575 τὰ
1545 5525 1876 5595 χαρίσματα.

364 5595 476 5665 (ιδ)
505 5593 881 5666 _Gob|erianus
909 5604 964 5649 et
995 5595 1141 5649 Felc.
1173 5611 1210 5658 ι,
1238 5593 1560 5666 ἐνεργείτγαιι

359 5663 474 5744 μῖ)
504 5664 697 5732 Basi|.,
721 5667 969 5730 Goblcr.,
998 5666 1253 5738 Seguer.,
1287 5663 1518 5719 ὑπονοῶ.
1553 5663 1716 5729 Editi,
1743 5663 1879 5716 ὑπο-

285 5752 447 5789 νεων.
989 5767 994 5771 ”

359 5806 471 5880 (.58)
506 5806 898 5880 Seguerianus,
921 5807 1096 5880 λέγει.

357 5874 473 5944 (49)
512 5874 688 5948 Editi,
724 5874 1082 5933 ἐπιστέλλειν.
1123 5876 1472 5948 Seguerian.,
1508 5874 1876 5941 ἀποστέλλειν,

285 5949 510 6004 melius.

1990 4729 2258 4787 Dominus
2288 4743 2475 4788 noster
2494 4732 2657 4791 .Iesus
2679 4734 2956 4806 Christus,
2979 4740 3260 4808 apostolus
3281 4740 3487 4799 Paulus
3516 4745 3583 4796 ad

1987 4821 2234 4892 Galatas,
2270 4824 2556 4882 confirmat
2591 4846 2604 4882 :
2632 4828 2729 4884 sed
2763 4829 2866 4884 etsi
2900 4830 3063 4885 homo
3096 4832 3169 4886 sit
3190 4833 3350 4887 nobis
3381 4848 3585 4904 cnguo-

1986 4917 2184 4983 minis,
2224 4918 2502 4975 secundus
2535 4921 2742 4976 homo:
2786 4930 2842 4976 at
2870 4937 2979 4977 non
3019 4925 3196 4993 qualis
3232 4924 3323 4979 ille
3370 4925 3582 4994 primus

1986 5015 2261 5074 terrenus,
2295 5027 2422 5065 nam
2465 5012 2556 5068 ille
2584 5012 2804 5084 quidem
2857 5024 2940 5070 est
2989 5017 3170 5071 anima
3211 5018 3432 5085 vivens,
3490 5020 3580 5075 hic

1983 5115 2118 5154 vero
2151 5101 2364 5172 Spiritu
2393 5103 2709 5162 vivilicans-

2205 5380 2985 5458 ξεενιιοτίαηιιεεὲργάσασθαι.

2057 5451 2171 5532 )
2205 5451 2554 5532 ξξςιὲίῇοηεὶε,
2585 5451 2934 5532 Se'gueriEIi”
2971 5455 3200 5527 βοῶντος
3237 5463 3447 5532 σαφῶς.

2053 5521 2166 5641 (ὶ52)
2204 5525 2295 5578 Sic
2332 5521 2760 5596 Segueriaant
2803 5521 3142 5593 Goble'rian.,
3182 5521 3274 5585 τοῦ
3320 5521 3572 5608 Σωτῆρος

2053 5592 2266 5641 “Muta-
2311 5597 2534 5641 nrniccig
2584 5599 2946 5641 inlornneitie
2992 5599 3133 5641 Eiliti
3197 5603 3288 5641 φίλη
3317 5606 3572 5641 Videant-

1983 5592 2268 5678 πολλάκις,
2305 5592 2534 5678 omissis
2583 5599 2949 5668 interpositis.
2989 5592 3166 5669 Editi,
3197 5603 3288 5656 τοῦ
3316 5592 3572 5678 Σωτῆρος

1981 5663 2273 5738 οὐχ,,ᾇπαξο
2293 5668 2414 5738 Καὶ
2442 5669 2568 5738 μήν·
2729 5663 2748 5668 -
3153 5663 3164 5669 ⁷
3460 5663 3489 5678 ”
3549 5663 3580 5738 ’.

2056 5735 2166 5819 ςᾷὃ)
2202 5737 2380 5819 Go‘blg
2405 5735 2459 5819 ei.
2500 5735 2644 5819 Fele.
2686 5757 2733 5807 ι,
2765 5743 2794 5796 6
2821 5743 3112 5819 πρότερον.
3144 5745 3290 5819 ibid.
3324 5746 3566 5819 Seguer.

1982 5803 2229 5888 Goble'nrz
2245 5814 2301 5860 et
2342 5805 2488 5888 _Felc.
2521 5826 2573 5879 ι,
2607 5815 2636 5865 6
2673 5803 2934 5888 γὴγενής.
2974 5803 3096 5872 Mox
3139 5818 3192 5871 iu
3233 5803 3450 5884 iisdeni',
3483 5803 3584 5886 τες,

1982 5885 2108 5946 post
2146 5875 2284 5944 θεῖα,
2322 5878 2493 5936 dccst.
2558 5875 2568 5879 ⁷
2868 5875 2910 5888 ’⁷
3438 5875 3448 5884 ’
3551 5875 3575 5900 ⁷
