4048 6406
431 388 549 455 Ιίσ

1574 390 1634 448 s.
1675 391 2148 451 ATHANASlUS.
2192 419 2268 441 ..ι
2295 364 2531 455 suum.

3600 397 3714 457 ηε

501 508 589 564 16.
631 506 758 565 Hec
789 509 935 567 enim
961 514 1089 569 sunt
1114 510 1299 569 divina
1324 517 1379 567 et
1409 513 1711 583 apostolica
1738 514 1927 579 verba,
1960 523 2009 573 et

2193 518 2280 575 ﬂ.
2303 520 2490 575 Ταῦτα
2526 520 2637 594 γὰρ
2669 519 2791 576 θεϊά
2812 537 2872 575 τε
2908 522 3003 577 καὶ
3027 520 3360 579 ἀποστολικά
3388 520 3611 595 ῥήματά
3643 538 3708 577 τε

426 603 682 675 dogmata
712 621 728 659 ι
764 603 899 675 quin
944 614 1001 661 et
1048 604 1167 676 ipsa
1207 618 1375 675 opera
1412 605 1602 661 deitati
1640 607 2017 664 testimonium

425 693 735 765 perhibent,
765 709 889 766 qua
908 710 1032 750 cum
1058 703 1329 767 potestate
1349 696 1562 753 coalesti
1589 696 1722 754 ﬁunt
1750 717 1763 754 :
1801 707 1864 754 ut
1890 713 2017 754 cum

430 784 660 856 imperat
711 786 1021 854 elementis,
1073 794 1269 846 ventos
1332 788 1610 860 increpat,
1665 790 1871 847 virtute
1917 806 2018 848 sua

430 876 619 932 mutila
648 892 878 948 corpora
926 887 1221 949 restaurat,
1253 895 1319 935 ac
1338 881 1623 938 voluntate
1667 883 1891 939 morbos
1927 898 2021 939 sa-

426 975 541 1031 nat,
571 984 839 1041 suamque
882 977 1211 1041 potestatem
1262 971 1571 1043 proﬁtetur,
1606 987 1708 1029 nec
1755 988 1878 1029 eam
1923 990 2020 1030 oc-

421 1060 633 1116 cititat:
668 1075 735 1116 ac
758 1077 855 1132 per
892 1078 1017 1117 eum
1051 1077 1204 1119 mors
1236 1064 1508 1131 aboletur,
1542 1064 1652 1120 vita
1683 1073 1738 1121 et
1767 1065 2019 1122 incorru-

419 1152 541 1222 ptio
582 1151 921 1224 resplendet,
954 1163 1219 1226 corrupta
1258 1155 1545 1212 hominum
1590 1164 1791 1212 natura
1834 1157 2019 1214 denuo

417 1251 662 1308 creatur,
688 1244 931 1299 mundus
949 1244 1071 1315 ejus
1094 1246 1384 1317 praesentia
1413 1257 1730 1312 renovatur,
1764 1262 2019 1320 novaque

417 1341 676 1390 creatura
708 1344 959 1406 apparet,
989 1352 1088 1407 per
1116 1336 1322 1391 Christi
1357 1338 1843 1403 resurrectionem,
1884 1337 2015 1393 dum

414 1425 852 1482 trausformatur
902 1428 1125 1498 quidem
1167 1445 1371 1501 corpus
1411 1430 1739 1487 humilitatis
1778 1431 1834 1486 in
1882 1447 2017 1487 con-

419 1519 753 1575 torruitatem
784 1522 1036 1592 corporis
1064 1523 1336 1582 claritatis
1377 1541 1493 1581 suae
1521 1525 1569 1559 "
1602 1546 1616 1582 :
1652 1541 1718 1582 ac
1757 1527 2018 1585 universa

414 1621 672 1666 creatura
693 1626 723 1665 a
752 1615 1019 1670 servitute
1048 1617 1422 1688 corruptionis
1458 1618 1744 1684 liberatur,
1768 1617 1824 1673 in
1850 1618 2018 1675 liber-

417 1713 581 1761 tatem
604 1706 792 1777 gloria
824 1706 1061 1763 ﬁliorum
1099 1708 1293 1765 Dei-7‘.
1325 1710 1500 1767 Porro
1525 1712 1873 1768 incarnatum
1905 1711 2015 1769 Do-

412 1795 626 1850 :uinum
658 1812 725 1852 ac
753 1797 930 1854 Deum
980 1808 1234 1856 nostrum
1268 1800 1458 1859 Jesum
1508 1804 1792 1860 Christum
1817 1846 1837 1873 ,
1904 1819 2015 1861 non

2116 612 2219 667 ’καὶ
2243 611 2511 684 δόγματα,
2538 613 2635 668 καὶ
2664 611 2734 669 τά
2758 610 2991 688 ἔργαπῇ
3024 614 3241 687 θεότητι
3273 616 3548 687 μαρτυρεῖ
3586 614 3707 687 μετ’

2121 703 2370 771 ἐξουσίας
2404 705 2656 778 οὐρανίου
2684 707 3052 780 πραττόμενα,
3074 709 3165 762 ὅτε
3192 706 3405 762 κελεύει
3437 706 3536 778 μὲν
3564 722 3708 762 στοι-

2119 797 2321 867 χείοις,
2367 797 2600 871 ἐπιτιμᾷ
2626 798 2685 852 δὲ
2740 796 3036 870 πνεύμασι,
3064 797 3292 870 δυνάμει
3325 799 3386 853 δὲ
3424 798 3708 870 πηρώσεις

2119 888 2544 963 ἀποκαθίστησι,
2575 889 2670 947 καὶ
2697 888 2964 963 θελήματι
2991 891 3177 956 νόσους
3207 893 3374 956 ἰᾶται,
3421 893 3519 946 καὶ
3557 890 3707 960 λέγει

2117 981 2220 1054 τὴν
2245 980 2517 1047 ἐξουσίαν,
2533 982 2629 1037 καὶ
2645 982 2748 1037 οὐκ
2773 981 3213 1056 ἀποκρύπτεται,
3229 984 3325 1038 καὶ
3345 987 3707 1056 καταργεῖται
3739 984 3748 1036 l

2118 1071 2187 1125 δι’
2213 1073 2376 1127 αὐτοῦ
2422 1073 2673 1137 θάνατος,
2716 1073 3008 1143 φωτίζεται
3039 1073 3098 1127 δὲ
3128 1073 3243 1146 ζωὴ
3282 1072 3381 1128 καὶ
3403 1071 3705 1145 ἀφθαρσία,

2119 1164 2216 1219 καὶ
2231 1164 2648 1238 δημιουργεῖται
2685 1165 2939 1238 δεύτερον
2976 1168 3011 1237 ἡ
3046 1164 3318 1238 φθαρεῖσα
3352 1164 3463 1220 τῶν
3494 1162 3710 1238 ἀνθρώ-

2117 1275 2238 1311 πων
2270 1257 2454 1327 φύσις,
2480 1259 2575 1312 καὶ
2612 1258 2819 1330 κόσμος
2842 1258 3235 1313 ἀνακαινοῦται
3261 1257 3351 1312 διὰ
3379 1259 3480 1330 τῆς
3496 1273 3709 1331 παρου-

2118 1349 2241 1415 σίας
2288 1349 2479 1417 αὑτοῦ,
2520 1353 2613 1407 καὶ
2662 1352 2840 1415 κτίσις
2886 1352 3242 1424 ἀναφαίνεται
3289 1353 3452 1425 καινὴ
3482 1352 3573 1406 διὰ
3607 1350 3711 1422 τὴν

2116 1442 2416 1497 ἀνάστασιν
2436 1440 2535 1497 τοῦ
2592 1441 2856 1514 Χριστοῦ,
2908 1441 3432 1516 μεταμορφουμένου
3475 1440 3574 1513 μὲν
3610 1439 3712 1493 τοῦ

2119 1532 2370 1605 σώματος
2389 1535 2489 1608 τῆς
2516 1532 2902 1595 ταπεινώσεως
2928 1534 3089 1604 ἡμῶν
3120 1536 3203 1599 είς
3228 1533 3584 1617 συμμορφίαν
3612 1528 3709 1586 τοῦ

2120 1626 2374 1700 σώματος
2395 1628 2495 1701 τῆς
2518 1628 2677 1702 δόξης
2706 1629 2875 1685 αὐτοῦ
2900 1648 2914 1662 ·
2945 1631 3049 1700 τῆς
3068 1629 3127 1683 δὲ
3150 1627 3381 1691 κτίσεως
3408 1626 3538 1698 ὅλης
3558 1625 3712 1680 ὲλευ-

2118 1720 2454 1794 θερουμὲνης
2506 1722 2615 1776 ἀπὸ
2672 1723 2772 1793 τῆς
2814 1723 3058 1787 δουλείας
3106 1722 3207 1793 τῆς
3250 1721 3458 1792 φθορᾶς
3495 1721 3578 1784 είς
3609 1718 3713 1789 τὴν

2119 1810 2432 1882 ἐλευθερίαν
2462 1812 2562 1882 τῆς
2608 1810 2768 1883 δόξης
2793 1812 2906 1865 τῶν
2939 1810 3146 1865 τέκνων
3175 1808 3272 1862 τοῦ
3297 1806 3454 1860 Θεοῦ.
3493 1807 3619 1859 Ὅτι
3652 1804 3715 1857 δὲ

413 1905 541 1947 esse
572 1890 814 1957 Patrem,
842 1909 1047 1966 neque,
1080 1905 1139 1950 ut
1172 1895 1251 1950 illi
1273 1896 1450 1965 aiunt,
1473 1898 1652 1953 solum
1672 1898 1868 1965 Deum,
1894 1914 2009 1956 om-

2114 1904 2144 1957 ὁ
2166 1904 2471 1977 σαρκωθεὶς
2513 1903 2721 1975 Κύριος
2749 1906 2844 1959 καὶ
2878 1904 3011 1969 Θεὸς
3034 1902 3193 1975 ἡμῶν
3242 1899 3451 1972 Ἰησοῦς
3471 1897 3710 1971 Χριστὸς

415 1997 518 2038 nes
547 1981 749 2039 divinae
774 1982 1073 2056 Scriptura:
1092 1993 1389 2051 testantur,
1418 1989 1711 2058 quzeillum
1736 1989 1830 2060 qui
1852 1989 2019 2045 adve-

416 2075 521 2139 nit,
552 2073 750 2131 Filium
781 2076 876 2132 Dei
901 2077 1224 2148 praedicant,
1251 2090 1307 2134 et
1328 2079 1397 2134 de
1431 2078 1596 2136 Patre
1626 2096 1843 2151 semper
1870 2082 2018 2137 edis-

412 2176 688 2225 serentem
711 2169 1013 2226 ostendunt
1034 2209 1051 2235 ,
1083 2186 1147 2226 ac
1178 2171 1475 2238 dicentem,
1501 2190 1562 2229 se
1596 2189 1627 2228 a
1651 2173 1815 2231 Patre
1844 2175 2016 2232 exiis-

415 2276 499 2328 σε,
528 2268 583 2316 et
630 2262 699 2317 ad
741 2261 964 2317 Patrem
1006 2263 1208 2319 redire.
1243 2263 1502 2335 Nihilque
1526 2281 1667 2336 opus
1689 2274 1776 2324 est
1808 2266 1865 2322 in
1894 2266 2018 2324 atie-

414 2351 603 2407 rendis
645 2352 982 2410 testimoniis
1038 2353 1361 2420 immorari,
1416 2370 1543 2411 cum
1593 2356 1800 2422 omnia,
1829 2365 1889 2412 ut
1940 2360 2015 2411 ita

415 2442 620 2505 dicam,
656 2441 976 2515 Evangelia,
1031 2454 1087 2501 et
1107 2446 1483 2518 apostolorum
1505 2448 1791 2519 scripturae
1816 2450 1885 2505 ad
1909 2450 2016 2505 hoe

414 2534 598 2609 ipsum
626 2537 981 2595 contendant.

491 2741 579 2800 l5.
615 2740 769 2799 Alias
795 2758 1017 2815 quoque
1032 2743 1110 2799 illi
1132 2744 1293 2801 nobis
1305 2744 1592 2816 gentilium
1605 2746 2016 2805 controversias

417 2835 681 2903 excitant,
710 2833 1028 2891 Judaeorum
1055 2836 1427 2908 blasphemias
1466 2847 1781 2906 assumunt,
1810 2850 2009 2911 myste-

415 2925 671 2997 riumque
695 2926 980 2983 missionis
1001 2935 1056 2982 et
1076 2928 1477 2985 incarnationis
1491 2928 1654 2985 Verbi
1677 2930 1929 2987 irrident.
1954 2930 2014 2988 Si

414 3018 561 3073 enim
586 3020 824 3075 mittitur
842 3028 897 3075 et
916 3020 1227 3086 descendit,
1254 3021 1444 3089 aiunt,
1473 3036 1585 3077 non
1607 3023 1714 3079 erit
1736 3038 1863 3078 cum
1885 3025 2017 3080 mit-

415 3116 584 3175 tente,
607 3128 785 3184 neque
807 3113 857 3169 ei
880 3114 974 3184 qui
993 3129 1213 3169 sursum
1238 3122 1424 3170 manet
1444 3115 1762 3171 cohaerebit.
1787 3115 2016 3172 Discant

415 3202 574 3267 illud,
593 3219 839 3268 sursum,
862 3213 916 3261 et
937 3206 991 3260 in
1011 3206 1203 3273 altum,
1224 3222 1333 3262 non
1359 3209 1723 3279 corporaliter
1743 3209 2014 3264 duntaxat

417 3293 772 3360 audiendum,
794 3295 888 3352 sed
912 3297 1095 3367 potius
1126 3298 1251 3352 novi
1282 3298 1561 3370 quidpiam
1588 3299 2006 3372 intelligendum

413 3394 559 3442 esse.
575 3384 709 3441 Nam
723 3386 880 3443 illud:
902 3405 921 3440 ι
947 3387 1212 3446 Excelsus
1229 3406 1395 3461 super
1409 3407 1603 3448 omnes
1619 3399 1811 3464 gentes
1829 3391 2008 3449 Domi-

414 3493 521 3534 nus
536 3479 583 3511 ⁷⁸
606 3480 768 3551 ηδτ
782 3488 837 3536 et
858 3496 877 3532 ι
897 3499 915 3531 ι
942 3480 1209 3537 Exaltabo
1232 3491 1306 3548 te,
1323 3482 1555 3540 Domine
1573 3484 1651 3553 ";
1679 3492 1760 3540 iet
1783 3504 1795 3540 :
1818 3505 1838 3538 ι
1860 3484 2008 3540 Lau-

413 3570 615 3628 dabilis
657 3581 711 3628 et
744 3575 1261 3644 superexaltatusin
1281 3578 1483 3631 saecula
1504 3577 1587 3642 ";
1622 3595 1642 3630 ι
1673 3593 1786 3633 non
1808 3578 2006 3635 inloco

413 3662 674 3733 quodam,
705 3673 759 3720 et
784 3666 838 3720 in
870 3667 1095 3722 sublimi
1127 3667 1421 3723 Dominum
1444 3686 1569 3727 esse
1592 3671 1841 3727 declarat
1866 3688 2006 3729 :nec

411 3752 487 3807 ab
515 3752 854 3820 hominibus,
877 3755 964 3811 vel
995 3755 1065 3810 ab
1097 3757 1221 3813 aliis
1253 3758 1347 3828 qui
1378 3772 1505 3814 eum
1536 3760 1795 3817 laudibus
1823 3763 2004 3818 extol-

411 3843 535 3900 lunt
572 3846 745 3904 Deum
785 3849 1020 3905 exaltari
1059 3851 1353 3923 designat;
1395 3852 1490 3908 sed
1530 3854 2004 3925 magniﬁcentiam

410 3938 710 3998 invisibilis
746 3942 989 4009 deitatis,
1018 3944 1364 4001 altitudinem
1396 3954 1574 4002 vocat.
1602 3946 1667 4003 Et
1702 3950 1798 4020 qui
1829 3950 1999 4006 dicit:

418 4046 440 4082 ι
468 4032 681 4086 Caelum
728 4035 852 4088 emli
901 4033 1157 4101 Domino,
1208 4046 1414 4093 terram
1460 4045 1644 4096 autem
1680 4041 1832 4098 dedit
1874 4042 2003 4098 ﬁliis

414 4119 699 4176 hominum
722 4123 770 4158 "
796 4142 814 4177 :
845 4142 865 4175 ι
890 4140 1004 4179 non
1045 4140 1147 4195 pro
1189 4126 1549 4184 habitationis
1588 4129 1713 4183 loco
1738 4170 1752 4192 ,
1800 4132 2002 4186 cmlum

414 4210 547 4276 Deo,
580 4211 905 4271 hominibus
924 4223 1131 4271 terram
1167 4218 1454 4289 assignat;
1491 4221 1588 4276 sed
1615 4224 2002 4279 excellentiam

413 4304 513 4359 Dei
563 4306 796 4377 ejusque
840 4309 1302 4380 magniﬁcentiam
1345 4313 1607 4369 ostendit.
1654 4316 1792 4370 Cum
1832 4316 2004 4388 igitur

415 4395 693 4467 majestas,
721 4406 776 4455 et
791 4401 1220 4473 magniﬁcentia,
1246 4404 1491 4461 caelestis
1517 4407 1845 4477 appelletur,
1868 4423 2005 4463 con-

413 4498 497 4544 tra
523 4506 657 4547 vero
686 4492 972 4549 humilitas
994 4493 1114 4564 ejus
1135 4503 1356 4551 terreno
1383 4498 1568 4563 modo,
1599 4514 1663 4554 ac
1694 4514 1862 4571 super
1888 4508 2003 4555 ter-

2116 1998 2148 2051 ό
2180 1998 2372 2068 Πατὴρ
2411 1995 2514 2051 οὐκ
2541 1996 2710 2062 ἐστιν,
2750 1997 2882 2062 οὐδ’,
2912 1996 2990 2061 ὡς
3051 1998 3252 2049 ἐκεῖνοι
3291 1996 3448 2062 φαῖεν
3495 1991 3641 2064 (54),
3679 1993 3710 2044 ὁ

2119 2090 2283 2163 μόνος
2310 2089 2463 2154 Θεὸς,
2501 2089 2711 2144 ἅπασαι
2750 2087 3121 2163 μαρτυροῦσιν
3167 2088 3225 2141 αί
3268 2086 3409 2141 θεῖαι
3458 2082 3708 2155 Γραφαὶ,

2118 2181 2250 2237 Υίὸν
2281 2180 2378 2235 τοῦ
2409 2180 2547 2235 Θεοῦ
2600 2179 2695 2234 τὸν
2739 2180 3156 2253 παραγεγονότα
3200 2176 3590 2249 κηρύττουσαι,
3612 2173 3713 2228 καὶ

2117 2274 2248 2348 περ)⁵
2278 2272 2495 2345 Πατρὸς
2530 2272 2620 2327 ἀεὶ
2638 2272 3021 2345 διαλεγόμενον
3053 2271 3514 2333 ὲπιδεικνύουσαι,
3556 2264 3712 2339 παρὰ

2117 2367 2333 2440 Πατρὸς
2350 2365 2671 2439 ἐληλυθέναι
2705 2367 2984 2437 φάσκοντα
3012 2365 3147 2437 (55),
3183 2365 3278 2419 καὶ
3309 2361 3447 2435 πρὸς
3484 2359 3708 2431 Πατέρα

2115 2460 2356 2515 ἀπιέναι.
2382 2460 2493 2514 Καὶ
2514 2458 2665 2512 οὐδὲν
2697 2458 2780 2513 δεῖ
2808 2456 3069 2530 μηκύνειν
3100 2453 3532 2528 παρατιθέμενον
3564 2469 3711 2524 μαρ-

2115 2552 2310 2624 τυρίας
2329 2569 2343 2583 ·
2381 2550 2562 2607 πάντα
2592 2551 2722 2625 γὰρ,
2747 2550 2824 2614 ὡς
2851 2551 3048 2614 εἰπεῖν,
3077 2548 3148 2603 τὰ
3163 2545 3497 2617 Εὐαγγέλια,
3529 2543 3626 2598 καὶ
3650 2545 3709 2599 αί

2115 2644 2226 2697 τῶν
2255 2642 2573 2698 ἀποστόλων
2595 2642 2808 2714 γραφαὶ
2839 2643 2923 2706 είς
2941 2640 3102 2694 τοῦτο
3135 2637 3522 2692 συντείνουσιν.

2188 2758 2277 2813 15.
2313 2756 2517 2821 Ἀλλας
2539 2773 2601 2809 τε
2629 2753 2950 2828 Ἑλληνικὰς
2970 2755 3103 2826 ἡμῖν
3129 2750 3441 2821 ἀντιλογίας
3467 2745 3705 2813 κινοῦσι,

2115 2846 2330 2912 καὶτὰς
2365 2846 2425 2912 ἐξ
2463 2845 2736 2899 Ἰουδαίων
2761 2843 3111 2917 βλασφημίας
3142 2840 3484 2913 ἐπιφέρουσι,
3523 2837 3710 2910 χλευά-

2115 2938 2301 3004 ζοντες
2332 2936 2393 2991 τὸ
2443 2936 2747 3009 μυστήριον
2774 2935 2877 3006 τῆς
2901 2929 3207 3003 ἀποστολῆς
3254 2928 3351 2982 τοῦ
3393 2928 3568 2995 Λόγου
3611 2927 3708 2980 καὶ

2118 3029 2473 3104 σαρκώσεως.
2508 3028 2573 3081 Εἰ
2601 3027 2711 3100 γὰρ
2762 3024 3173 3089 ἀποστέλλεται,
3217 3022 3313 3077 καὶ
3361 3019 3707 3082 καταϐαίνει,

2117 3122 2306 3193 φασὶν,
2339 3124 2443 3175 οὐκ
2471 3121 2627 3175 ἔσται
2672 3117 2813 3191 μετὰ
2844 3116 2956 3190 (56)
2978 3114 3071 3170 τοῦ
3113 3111 3558 3175 ἀποστέλλοντος,
3586 3108 3710 3162 οὐδὲ

2114 3214 2195 3286 τῷ
2223 3213 2338 3268 ἀνω
2368 3213 2587 3286 μένοντι
2618 3210 2860 3265 σύνεστι.
2899 3207 3238 3264 Μαθέτωσαν
3277 3204 3343 3275 δὴ
3379 3202 3442 3257 τὸ
3469 3201 3583 3257 ἀνω
3613 3197 3711 3254 καὶ

2115 3309 2178 3363 τὸ
2207 3309 2266 3363 ὲν
2293 3307 2419 3379 ὕψει
2449 3307 2525 3380 μὴ
2557 3303 2889 3378 σωματικῶς
2933 3300 3154 3357 ἀκούειν
3182 3298 3364 3371 μόνον,
3397 3294 3535 3351 ἀλλά
3560 3294 3625 3366 δή
3651 3310 3711 3347 τι

2108 3403 2421 3474 καινότερον
2442 3395 2981 3475 ὲνθυμείσθωσαν.Τὸ
2994 3396 3123 3468 γὰρ,
3134 3413 3154 3446 ι
3176 3391 3409 3464 ’Υψηλὸς
3425 3391 3518 3444 ἐπὶ
3531 3388 3711 3444 πάντα

2107 3491 2178 3547 τὰ
2203 3491 2332 3564 ἔθνη
2351 3493 2380 3546 δ
2412 3489 2637 3565 Κύριος,
2673 3508 2693 3542 ι
2732 3488 2828 3542 καὶ
2842 3486 2957 3553 τὸ,ι
2979 3483 3213 3556 ’Υψώσω
3241 3479 3536 3553 σε,Κύριε,
3568 3496 3588 3531 ι
3614 3479 3711 3533 καὶ

2107 3587 2189 3651 τὸ,
2221 3605 2240 3639 ι
2276 3583 2500 3648 Αἰνετὸς
2530 3582 2625 3637 καὶ
2675 3580 3125 3653 ύπερυψούμενος
3150 3579 3232 3642 εἰς
3262 3575 3391 3639 τοὺς
3418 3572 3646 3638 αἰῶνας,
3684 3591 3704 3624 ι

2106 3680 2207 3733 ούκ
2239 3679 2298 3731 ὲν
2325 3677 2476 3747 τόπῳ
2499 3675 2608 3729 τιν).
2637 3673 2731 3728 καὶ
2758 3670 3020 3744 μετεώρῳ
3042 3670 3136 3724 τὸν
3167 3668 3372 3740 Κύριον
3396 3667 3528 3721 ὅντα
3566 3681 3712 3736 παρ-

2110 3770 2340 3842 ίστησιν,
2366 3768 2476 3824 οὐδ’
2503 3768 2608 3821 ὑπὸ
2644 3763 2948 3838 ἀνθρώπιον
2971 3760 3435 3835 μετεωριζόμενον
3460 3756 3712 3829 ὑπογρά-

2104 3882 2199 3935 φει
2230 3862 2322 3917 τὸν
2343 3860 2498 3927 Θεὸν,
2524 3859 2634 3913 οὐδ’
2663 3858 2768 3912 ὑπὸ
2792 3855 3104 3922 τῶνῖάλλων
3123 3854 3234 3907 τῶν
3254 3851 3570 3925 ὑμνούντων
3603 3850 3706 3904 αύ-

2104 3956 2218 4019 τὸν,
2271 3953 2408 4007 ἀλλά
2455 3952 2517 4006 τὸ
2574 3948 2994 4024 μεγαλοπρεπὲς
3045 3948 3146 4020 τῆς
3186 3945 3423 4018 ἀοράτου
3450 3942 3708 4013 θεότητος

2107 4048 2242 4119 ὕψος
2277 4047 2454 4101 καλεῖ.
2490 4044 2603 4098 Καὶ
2635 4045 2664 4097 ὁ
2698 4041 2873 4113 λέγων
2895 4059 2908 4073 ·
2955 4061 2972 4093 ι
3005 4041 3064 4094 '0
3091 4038 3319 4112 οὐρανὸς
3348 4035 3442 4090 τοῦ
3468 4033 3697 4107 ούρανοῦ

2103 4138 2182 4211 τῷ
2216 4138 2427 4209 Κυρίῳ,
2446 4136 2546 4208 τὴν
2577 4134 2635 4189 δὲ
2650 4134 2756 4205 γῆν
2785 4134 2956 4188 ἔδωκε
3002 4134 3119 4197 τοϊς
3150 4133 3287 4196 υἱοῖς
3330 4130 3440 4185 τῶν
3483 4129 3705 4202 ἀνθρώ-’

2105 4250 2246 4297 πων,
2287 4250 2309 4285 ι
2339 4230 2401 4284 οὐ
2429 4228 2595 4283 τόπον
2626 4229 2897 4300 οἰκήσεως
2924 4225 3230 4297 ἀποκληροῖ
3261 4223 3340 4296 τῷ
3368 4225 3560 4297 Κυρίῳ
3587 4222 3702 4294 (57)

2104 4323 2200 4377 τὸν
2229 4320 2483 4394 οὐρανὸν,
2513 4317 2825 4392 ἀνθρώποις
2856 4317 2913 4370 δὲ
2932 4316 3034 4390 τὴν
3057 4319 3161 4389 γῆν
3180 4334 3194 4347 ·
3221 4314 3360 4370 ἀλλά
3390 4314 3490 4386 τὴν
3534 4314 3705 4385 ὑπερ-

2103 4414 2233 4486 οχὴν
2287 4412 2384 4467 τοῦ
2448 4412 2585 4467 Θεοῦ
2642 4412 2739 4466 καὶ
2788 4410 3266 4482 μεγαλοπρέπειαν
3313 4407 3705 4462 ἐπιδείκνυσιν.

2108 4508 2279 4560 Ὅταν
2309 4501 2402 4560 οῦν
2434 4505 2498 4558 τὸ
2524 4505 2622 4578 μὲν
2647 4503 2846 4576 σεμνὸν
2889 4503 2985 4557 καὶ
3017 4500 3434 4575 μεγαλοπρεπὲς
3464 4497 3704 4571 ἐπουρά-

414 4596 533 4637 ram
574 4599 698 4641 esse
727 4586 979 4654 dicatur;
1007 4588 1121 4643 illic
1158 4588 1318 4645 Verbi
1351 4592 1654 4650 descensus
1700 4594 1998 4663 reperitur,

2113 4617 2215 4653 νιον
2241 4595 2377 4653 εἶναι
2401 4597 2652 4670 λέγηται,
2677 4595 2852 4668 τούτῳ
2883 4596 2941 4649 δὲ
2994 4595 3388 4666 ἀντικειμένως
3416 4590 3477 4646 τὸ
3510 4606 3702 4645 ταπει-

409 4689 610 4748 nempe
639 4679 912 4736 transitus
934 4681 1024 4736 ille
1043 4697 1154 4751 quo
1181 4699 1246 4738 ex
1284 4684 1613 4758 incorporea
1638 4689 1998 4758 magniﬁcen-

408 4768 484 4824 tia
505 4768 575 4824 ad
595 4785 919 4841 corpoream
938 4773 1199 4829 vilitatem
1234 4791 1356 4833 sese
1378 4779 1624 4843 tradidit,
1647 4779 1862 4843 ‘cumis,
1887 4794 1988 4849 pro

408 4871 532 4933 pter
568 4878 735 4920 suum
763 4881 892 4938 erga
924 4866 1224 4923 humanum
1254 4885 1429 4942 genus
1475 4886 1740 4934 amorem,
1772 4882 1826 4927 et
1863 4888 1997 4943 pro-

406 4963 531 5024 pter
579 4958 880 5015 salutarem
929 4975 1059 5032 erga
1104 4961 1425 5017 universum
1462 4961 1887 5034 providentiam,
1927 4961 1998 5017 ad

405 5063 729 5120 corpoream
778 5051 1012 5107 formam
1072 5055 1417 5110 subeundam
1457 5069 1582 5110 sese
1633 5053 1870 5109 dederit.
1916 5052 1997 5109 Ac

407 5142 712 5197 secundum
759 5144 862 5199 hoc
896 5144 1100 5201 missus
1133 5147 1472 5218 intelligetur
1496 5166 1509 5201 ε
1535 5144 1684 5217 quod
1727 5145 1996 5201 ineﬁ‘abili

391 5234 717 5306 'incorporei
752 5234 934 5295 Patris
964 5240 1202 5294 consilio
1232 5240 1474 5310 seipsum
1503 5239 1724 5310 corpori
1757 5239 1998 5296 tradide-

2107 4692 2198 4742 νὸν
2218 4688 2422 4761 γηΐνως
2448 4705 2508 4742 τε
2539 4688 2632 4741 καὶ
2676 4686 2769 4741 ἐπὶ
2800 4687 2904 4756 γῆς
2938 4680 3077 4738 εἶναι
3114 4684 3341 4757 λέγηται
3368 4681 3504 4755 (58),
3530 4684 3702 4738 κατά-

2104 4782 2263 4845 ϐασις
2295 4780 2610 4853 εὑρίσκεται
2639 4779 2734 4833 τοῦ
2768 4779 2940 4849 Λόγου
2971 4781 3004 4850 ἡ
3048 4780 3113 4831 ἐκ
3152 4778 3254 4848 τῆς
3283 4776 3575 4848 ἀσωμάτου
3605 4784 3704 4849 μεέ

2104 4872 2510 4946 γαλοπρεπείας
2560 4874 2639 4937 εἰς
2671 4872 2734 4926 τὸ
2767 4871 2860 4925 τοῦ
2896 4869 3147 4942 σώματος
3188 4869 3405 4933 εὐτελὲς
3435 4867 3698 4932 ἐπίδοσις,

2105 4962 2491 5025 ὲπιδεδωκότος
2547 4963 2741 5016 ἑαυτὸν
2789 4963 2871 5024 εἰς
2917 4960 3238 5032 σωματικὴν
3290 4954 3571 5031 μόρφωσιν
3607 4957 3701 5013 διὰ

2107 5054 2522 5127 φιλανθρωπίαν
2540 5054 2747 5125 καὶτὴν
2768 5054 2864 5107 τοῦ
2890 5053 3091 5116 παντὸς
3118 5053 3386 5125 σωτήριον
3418 5050 3696 5126 πρόνοιαν.

2115 5148 2548 5219 Ἀπεσταλμένος
2603 5165 2662 5201 τε
2715 5146 2858 5201 κατά
2891 5146 3047 5201 τοῦτο
3084 5145 3440 5217 νοηθήσεται,
3474 5147 3559 5200 ὅτι
3599 5147 3700 5216 ἀρ-

2105 5243 2255 5313 ρήτῳ
2292 5241 2542 5313 βουλήσει
2574 5239 2675 5293 τοῦ
2712 5240 3009 5310 ἀσωμάτου
3039 5240 3255 5313 Πατρὸς
3283 5241 3497 5312 σώματι
3544 5240 3701 5294 δέδω-

435 5411 515 5476 ,η
550 5410 793 5489 Philipp.
826 5415 1016 5480 tum.
1092 5419 1142 5451 τι
1180 5417 1348 5473 Rom.
1378 5434 1500 5483 vtu,
1534 5417 1631 5474 9.1.
1713 5418 1759 5450 ⁷⁸
1798 5417 1951 5476 Psal.
1981 5434 2009 5476 (ε

2113 5462 2116 5480 ,
2154 5420 2209 5476 4.
2284 5418 2333 5454 ⁷⁸
2371 5419 2519 5475 Psal.
2555 5435 2688 5474 xxxx
2712 5460 2727 5487 ,
2768 5420 2818 5476 1.
2893 5420 2939 5451 ⁷⁷
2982 5417 3118 5474 Dan.
3162 5432 3261 5484 ιιι,
3300 5418 3389 5473 52.
3465 5417 3513 5455 ’⁸
3542 5414 3699 5489 PSJL

399 5494 542 5543 (:qu
563 5521 583 5550 ,
620 5484 711 5540 16.

498 5638 590 5711 54)
622 5638 1011 5711 Seguerianus,
1043 5641 1120 5706 ὡς
1151 5642 1220 5701 ἂν
1248 5642 1471 5703 ἐκεῖνοι.

620 5710 1011 5799 Cpblerianus,
1062 5714 1386 5799 φάσκοντες,
1422 5714 1594 5777 Paulo
1620 5721 1748 5784 post
1772 5714 1828 5773 in
1854 5714 1989 5771 edit.

408 5778 585 5836 Paris.
611 5783 728 5837 sola
750 5782 1028 5844 mendose,
1056 5778 1131 5846 ὡς
1160 5779 1332 5838 εἶπον.

479 5851 596 5922 (56)
626 5852 782 5906 Μετά
812 5853 967 5907 deest
1016 5854 1073 5907 in
1105 5852 1290 5919 editis,
1316 5855 1409 5910 sed
1444 5855 1676 5912 habetur
1707 5856 1761 5911 in
1789 5856 1993 5927 Segne-

2100 5644 2283 5704 riano,
2310 5650 2363 5698 et
2389 5646 2588 5699 lectum
2622 5653 2703 5700 est
2722 5658 2753 5697 a
2780 5643 3017 5699 Nannio.

2173 5714 2285 5786 (57)
2318 5715 2722 5786 ὃθειιρινηθεῷ.
3027 5782 3064 5786 _
3086 5783 3120 5786 __
3157 5783 3167 5786 _
3216 5781 3229 5786 _
3262 5782 3273 5786 _
3706 5736 3742 5750 ολ

2174 5785 2285 5856 (58)
2321 5781 2715 5858 8οξςυω·ἱοιιυὲ,
2740 5786 2986 5857 λέγηται.
3026 5782 3193 5851 Editi,
3215 5781 3460 5854 λέγεται.
