4048 6406
182 459 268 514 121
1349 446 1539 517 QUOD
1578 446 1771 505 UNL’S
1810 446 1923 505 SlT
1956 446 2336 506 CIIRlSTCS.
3364 444 3473 506 .122

182 592 260 629 ειεν
278 571 488 627 ἑαυτόν.
522 570 625 642 Μὴ
657 569 864 625 τοίνυν
889 569 945 625 αἱ
964 568 1270 642 σωματικαὶ
1293 571 1487 639 φωναὶ,
1511 569 1780 623 τουτέστιν

1890 571 1985 625 rit.
2011 571 2088 626 Ne
2117 571 2291 641 igitur
2312 584 2477 624 voces
2501 584 2622 639 qua:
2643 562 2709 625 de
2730 584 2960 640 corpore
2984 568 3256 632 feruntur,
3280 578 3473 640 ncm‘pe

166 670 205 736 ιι)
230 663 530 727 κατάϐασίς
551 681 619 716 τε
666 665 779 717 καὶ
806 656 1245 745 ἀποστολὴπρδς
1271 663 1498 734 ἄρνησιν
1520 663 1622 733 τῆς
1654 681 1764 736 σαρ

1888 662 2193 717 descensus
2225 669 2281 715 et
2310 660 2525 724 missio,
2553 660 2621 714 ad
2652 652 2955 730 negandum
2985 660 3105 730 ejus
3134 661 3472 715 incarnatio-

176 758 376 821 ώσεως
394 756 571 810 αὑτοῦ
603 742 1101 827 προσαγέσθωσαν
1132 754 1379 825 (59).,ὅτι
1416 755 1490 827 μὴ
1520 756 1774 809 καταϐαί·

1886 753 2012 807 n'em
2049 750 2426 821 proferantur,
2475 752 2603 821 quia
2645 750 2790 807 Deus
2834 752 2996 807 locati
3032 752 3197 807 modo
3236 767 3338 807 nec
3377 742 3473 807 dc-

175 866 243 903 νει
269 845 513 909 τοπικῶς
563 846 725 917 μηδὲ
780 844 1171 900 ἀποστέλλεται
1210 844 1342 908 Θεός
1363 860 1378 876 ο
1431 844 1548 897 ἀλλ’
1590 846 1773 899 ἀκουέ-

1884 844 2121 908 scendit,
2153 857 2260 897 nec
2290 842 2564 909 mittitur;
2607 843 2701 899 sed
2733 843 2958 898 audiant
2989 843 3310 913 Apostolum
3339 844 3471 899 illud

168 955 329 993 τωσαν
373 936 471 989 τοῦ
514 936 885 990 Ἀποστόλου
944 936 1241 1008 φράζοντος
1292 935 1354 988 τὸ
1400 937 1657 1007 πρᾶγμα,
1693 937 1766 991 καὶ

1890 938 2257 1011 explicantem
2309 951 2419 991 una
2466 951 2590 990 cum
2633 936 2947 1006 hujusmodi
2992 926 3471 1002 similitudinibus.

170 1031 270 1100 ἅμα
297 1029 403 1082 τῶν
417 1028 711 1081 τοιούτων
738 1026 1083 1099 ὀμοιὼσεων,
1100 1030 1186 1081 ὅτε
1203 1028 1387 1098 φησιν·
1411 1046 1430 1079 ‹
1462 1030 1559 1091 Ὃς
1574 1030 1630 1080 ἐν
1653 1046 1768 1100 μορ·

1886 1047 2012 1085 cum
2047 1031 2124 1084 ait
2157 1049 2172 1085 :
2209 1049 2228 1080 ι
2261 1028 2365 1097 Qui
2392 1044 2517 1082 cum
2551 1029 2607 1082 in
2636 1029 2810 1083 forma
2840 1028 2934 1082 Dei
2977 1020 3144 1093 esset,
3179 1039 3290 1083 non
3318 1030 3471 1098 rapi-

171 1124 231 1193 φῇ
248 1118 372 1174 Θεοῦ
399 1120 721 1191 ὑπάρχων,
737 1122 847 1191 οὐχ
874 1120 1165 1191 ἁρπαγμὸν
1185 1121 1430 1191 ἡγήσατο
1452 1119 1513 1172 τὸ
1528 1115 1669 1173 εἶναι
1696 1120 1769 1174 iac

1884 1138 2014 1177 nam
2047 1121 2352 1177 arbitratus
2396 1126 2481 1174 est
2511 1135 2633 1174 esse
2678 1119 3027 1189 se'mqualem
3070 1119 3182 1174 Deo
3207 1139 3220 1174 :
3246 1118 3342 1175 sed
3382 1134 3470 1174 se-

166 1214 285 1281 Θεῷ,
314 1212 428 1266 ἀλλ’
459 1212 683 1266 ἑαυτὸν
729 1212 1003 1275 ἑκένωσε,
1038 1210 1250 1284 μορφὴν
1277 1212 1463 1267 δούλου
1493 1212 1696 1277 λαϐὼν,
1728 1214 1764 1265 ὲκ

1886 1215 2182 1283 mctipsum
2227 1210 2553 1275 exinanivit,
2594 1209 2826 1265 formam
2874 1212 3017 1265 servi
3059 1212 3358 1282 accipiens,
3414 1212 3469 1265 in

162 1303 449 1375 ὁμοιώματι
462 1303 569 1358 ἀνθ
576 1303 818 1377 ρώπων
834 1304 1143 1374 γενόμενος.
1171 1323 1189 1356 ›
1210 1304 1381 1359 Τοῦτο
1391 1301 1459 1378 ἦν
1473 1305 1534 1359 τὸ
1552 1306 1760 1377 καταεῆ

1889 1306 2311 1363 similitudinem
2367 1305 2655 1360 hominum
2697 1304 2877 1360 factus
2896 1306 2963 1361 τ’.
2992 1325 3012 1358 ι
3064 1304 3180 1360 Hoc
3226 1314 3347 1360 erat
3374 1306 3466 1361 de-

162 1412 259 1460 ναι,
275 1396 428 1451 τοῦτο
441 1397 506 1450 τὸ
521 1398 942 1469 ἀποσταλῆναι
959 1399 1037 1461 εἰς
1051 1395 1255 1470 ἔνδυμα
1275 1399 1561 1454 ταπεινότε
1571 1416 1661 1470 ρον
1684 1400 1752 1471 τῆ

1891 1400 2178 1461 scenderc,
2210 1398 2317 1452 hoc
2347 1397 2511 1464 mitti,
2549 1404 2608 1451 ut
2645 1398 3027 1453 indumentum
3064 1398 3330 1468 dignitate
3371 1407 3472 1453 sua

165 1489 303 1555 ἀξίας
314 1489 502 1555 αὐτοῦ,
525 1491 842 1555 ύπόϐασις
857 1493 891 1563 ἡ
906 1492 1005 1563 τῆς
1023 1491 1368 1565 ἀνθρωπίνης
1381 1493 1594 1564 μορφῆς
1612 1495 1763 1565 ὲπαμ

1888 1492 2151 1546 humilius
2198 1499 2525 1545 assumeret.
2570 1489 2708 1544 Illud
2759 1498 2846 1546 est
2887 1489 3243 1555 descendere,
3287 1491 3477 1546 huma-

165 1581 345 1647 φίασις,
374 1582 529 1634 κατὰ
562 1581 644 1635 τὸ
689 1580 965 1652 βούλημα
989 1581 1084 1636 τοῦ
1099 1583 1319 1656 Πατρὸς
1369 1583 1763 1656 ἐπιτελουμένη

1880 1599 2018 1638 nam
2043 1582 2279 1637 formam
2302 1583 2459 1651 juxta
2483 1579 2666 1636 Patris
2686 1582 3026 1637 voluntatem
3046 1582 3293 1639 induere.
3318 1582 3476 1649 Quod

166 1672 221 1726 Et
246 1673 299 1727 δὲ
325 1674 482 1745 τόπῳ
534 1675 651 1729 καὶ
715 1674 952 1746 σώματι
980 1675 1010 1728 ὁ
1040 1674 1213 1743 Λόγος
1254 1674 1328 1746 μὴ
1362 1675 1762 1747 περιγράφεται

1889 1676 1935 1731 si
1966 1676 2087 1730 loco
2105 1681 2161 1730 et
2188 1690 2421 1745 corpore
2442 1673 2681 1730 Verbum
2711 1691 2819 1730 non
2841 1676 3341 1743 circumscribitur,
3364 1694 3477 1734 non

162 1765 248 1820 οὐκ
288 1767 835 1838 ἀποσπασθήσεται
889 1767 982 1822 τοῦ
1022 1768 1315 1839 ἀσωμάτου
1339 1769 1554 1840 Πατρὸς
1578 1769 1668 1822 διὰ
1687 1769 1760 1840 τὴ

1888 1769 2156 1823 avelletur
2182 1767 2251 1821 ab
2307 1767 2636 1834 incorporeo
2666 1765 2852 1831 Patre,
2884 1776 3109 1838 prOpter
3141 1783 3297 1822 suam
3350 1784 3476 1825 etim

163 1853 280 1926 πρὸς
310 1855 471 1926 σῶμα
507 1856 870 1928 ἀνάκρασιν
895 1873 910 1887 ο
937 1856 1182 1910 δέδεκται
1210 1856 1318 1928 γὰρ
1342 1858 1504 1911 αὑτὸν
1526 1857 1588 1910 τὺ
1625 1858 1761 1929 σῶμ(

1892 1873 2131 1929 corpore
2164 1859 2728 1929 contemperationem
2755 1877 2769 1912 :
2795 1873 2921 1912 nam
2968 1873 3173 1929 corpus
3206 1860 3476 1915 volentem

164 1944 489 2016 βουληθέντα,
521 1946 614 2011 ὡς
648 1946 923 2017 πεφύκει
955 1949 988 2019 ἡ
1019 1949 1247 2020 σαρκινη
1293 1948 1456 2018 φύσις
1484 1948 1619 2003 Θεὸν
1657 1950 1762 2002 ὑπο

1889 1951 2069 2021 ipsum
2101 1951 2342 2021 excepit,
2374 1959 2648 2020 quatenus
2684 1950 2883 2005 idonea
2908 1956 2994 2005 est
3019 1951 3262 2006 carnalis
3282 1958 3480 2004 natura

161 2036 409 2104 δέξασθαι.
474 2039 680 2096 Μένει
731 2039 804 2091 δὲ
859 2038 1013 2092 οὐδὲν
1050 2039 1270 2094 ἔλαττον
1322 2041 1414 2094 ἐπὶ
1457 2039 1556 2111 τῆς
1588 2038 1759 2093 ἑαυτοὶ

1889 2042 2060 2099 Deum
2095 2043 2399 2113 suscipere.
2445 2042 2627 2097 Manet
2668 2042 3030 2099 nihilominus
3073 2044 3131 2097 in
3175 2060 3275 2099 sua
3307 2043 3479 2114 ipsius

152 2128 368 2197 φύσεως,
401 2131 435 2202 ἢ
469 2132 575 2185 καὶ
603 2131 739 2204 πρὸ
771 2131 884 2201 τῆς
907 2130 1251 2202 σαρκώσεως.
1276 2133 1438 2185 ’Ὥστε
1467 2135 1499 2202 ἠ
1532 2131 1591 2197 ἐξ
1620 2133 1750 2205 οὐρα

1889 2144 2110 2201 natura,
2134 2151 2299 2206 quam
2327 2142 2454 2190 ante
2483 2136 2918 2192 incarnationem
2946 2138 3158 2193 habuit.
3194 2135 3267 2191 Ita
3296 2144 3356 2191 ut
3381 2138 3478 2190 de-

162 2225 240 2277 νοῦ
266 2226 584 2290 κατάϐασις
607 2225 741 2296 (60)
766 2226 881 2278 οὐκ
905 2219 974 2294 ἦν
999 2224 1295 2295 μετάϐασις
1315 2224 1373 2289 ἐξ
1393 2223 1644 2295 ούρανοῦ,
1661 2224 1760 2277 οὐδὲ

1891 2244 2122 2284 scensus
2157 2246 2223 2283 ex
2254 2231 2416 2296 caelo,
2446 2245 2556 2284 non
2587 2229 2751 2285 fuerit
2774 2231 3192 2298 transmigratio
3214 2247 3282 2285 ex
3306 2226 3474 2287 curto:

152 2316 192 2384 ἠ
217 2317 480 2391 ἀποστολὴ
517 2317 859 2391 χωρισμὸς
891 2315 999 2370 ἀπὸ
1030 2315 1123 2369 τοῦ
1152 2316 1460 2389 πέμποντος
1490 2316 1724 2389 Πατρός.

1599 2316 1724 2389 τρόςο
1808 2378 1832 2389 ί
1895 2337 2075 2392 neque
2098 2322 2313 2387 missio,
2358 2339 2388 2376 a
2420 2320 2586 2378 Patre
2619 2324 2874 2378 mittente
2902 2324 3197 2395 separatio.

218 2520 259 2554 π
290 2520 531 2595 Philipp.
582 2539 631 2578 ιι
656 2563 677 2588 ,
724 2521 791 2588 6,
832 2521 893 2577 7.

217 2679 318 2753 (59)
352 2680 812 2754 Seguenanus,
851 2679 1299 2753 προαγέσθωσαν.
1736 2714 1741 2720 -

1962 2680 2074 2754 (60)
2102 2679 2438 2749 Κατάϐασις,
2463 2681 2616 2737 deest
2638 2681 2696 2737 in
2724 2680 2973 2747 Gobler.,
3002 2679 3150 2737 Felc.
3178 2697 3217 2747 ι,
3252 2680 3478 2752 Seguer.

3351 2875 3468 2890 .—

1017 3025 1101 3086 1N
1143 3022 1637 3086 ORATIONEM
1695 3006 2182 3096 SEQUENTEM
2238 3020 2648 3086 MONITUM.

146 3242 157 3265 ιν
214 3188 320 3248 lem
342 3195 572 3263 pridem
606 3189 982 3251 eruditorum
1013 3188 1116 3259 fuit
1139 3188 1340 3259 opinio,
1365 3157 1505 3242 hunc
1533 3187 1731 3242 librum
1753 3203 2085 3258 nequaquam
2125 3185 2293 3241 videri
2313 3185 2775 3249 Athanasianum,
2808 3185 2931 3240 licet
2959 3184 3165 3256 antiqui
3198 3181 3479 3253 cujusdam

148 3294 191 3339 et
213 3285 405 3342 eruditi
430 3286 549 3342 uiri
595 3298 755 3355 opus
789 3296 915 3336 esse
945 3280 1127 3349 palam
1188 3281 1282 3336 sit.
1321 3278 1406 3334 Ea
1443 3278 1508 3335 de
1527 3296 1582 3334 re
1617 3277 1741 3333 libet
1779 3276 2057 3334 Petavium
2087 3278 2275 3333 audire
2305 3277 2740 3351 Theologicorum
2779 3278 3087 3349 dogmatum
3115 3277 3179 3333 de
3215 3277 3480 3332 Trinitate

152 3376 267 3434 tibro
284 3395 356 3446 tv,
388 3397 448 3452 p.
484 3379 640 3436 315.
668 3373 890 3446 Neque
929 3389 1059 3430 vero
1089 3372 1382 3429 Athanasii
1402 3372 1627 3428 videtur
1655 3386 1780 3428 esse
1806 3389 1822 3427 :
1848 3372 1995 3441 quod
2025 3388 2094 3428 ex
2121 3372 2266 3444 stylo
2299 3372 2652 3441 conjicitnus,
2682 3371 2776 3443 qui
2801 3379 2855 3426 et
2883 3369 3135 3425 diffusior
3153 3379 3256 3437 est,
3291 3377 3345 3425 et
3374 3370 3480 3426 mi-

149 3492 238 3534 aus
262 3477 709 3553 simplicitatis,
750 3470 1246 3542 aﬂ'ectationisque
1278 3471 1405 3542 plus
1440 3469 1629 3534 habet,
1662 3482 1826 3538 quam
1858 3469 1953 3539 qui
1983 3468 2277 3525 Athanasii
2318 3483 2620 3540 germanus
2661 3474 2769 3531 est,
2799 3466 2959 3536 cujus
2990 3466 3230 3521 nativam
3258 3465 3481 3535 elegan_

150 3571 288 3635 tiam,
320 3588 385 3629 ac
417 3581 648 3644 sponte
679 3565 994 3629 ﬂuentem,
1022 3564 1174 3619 nulla
1196 3570 1381 3634 potest
1411 3563 1649 3618 imitatio
1680 3562 1967 3632 consequi.
2006 3560 2146 3616 Tum
2177 3578 2244 3617 ex
2280 3578 2348 3618 eo
2381 3562 2526 3634 quod
2556 3561 2873 3617 Marcellum
2896 3560 3247 3631 Ancyranum
3289 3560 3476 3613 statim

150 3674 260 3718 Cum
300 3661 478 3719 Paulo
512 3662 963 3719 Samosateno,
999 3660 1260 3724 tanquam
1301 3661 1517 3709 certum
1570 3660 1626 3708 et
1665 3653 1982 3710 confessum
2022 3652 2344 3708 haereticum
2391 3652 2717 3722 conjungit;
2753 3667 2876 3707 cum
2914 3659 3091 3705 tamen
3121 3651 3188 3705 de
3220 3649 3481 3704 Marcello

151 3767 249 3807 non
277 3762 389 3807 tam
422 3753 687 3810 sinistre
719 3744 1008 3819 judicarit
1034 3743 1390 3799 Athanasius.
1428 3741 1530 3798 His
1566 3760 1600 3797 a
1628 3742 1850 3797 Patavio
1883 3743 2150 3814 sagaciter
2180 3752 2230 3797 et
2258 3744 2467 3798 erudite
2501 3744 2815 3808 observatis,
2846 3741 3118 3804 addimus,
3143 3757 3259 3795 cum
3295 3740 3483 3794 adver—

150 3859 228 3898 su
246 3844 535 3901 heretica;
570 3843 678 3898 hic
716 3846 956 3910 agatur,
980 3837 1071 3906 qui
1096 3835 1233 3891 duas
1262 3837 1318 3890 in
1351 3835 1564 3891 Christo
1590 3851 1845 3906 personas
1879 3851 1992 3891 esse
2028 3844 2323 3900 tuerentur,
2366 3852 2430 3891 ea
2468 3838 2593 3891 item
2636 3836 2701 3892 de
2729 3852 2893 3891 causa
2923 3834 3090 3890 videri
3125 3834 3224 3888 hoc
3254 3849 3481 3903 opuscu-

151 3935 246 3990 lum
259 3938 576 3993 Athanasio
606 3927 1098 4003 abjudicandum,
1134 3928 1226 4000 qui
1246 3929 1301 3983 in
1318 3927 1466 3983 nullo
1489 3943 1704 3997 operum
1729 3944 1947 3982 suorum
1976 3926 2134 3995 hujus
2164 3927 2421 3982 hereseos
2455 3928 2714 3986 meminit.
2745 3928 2928 4000 Neque
2956 3936 3174 3997 putatur
3196 3926 3482 3982 Athanasii

152 4030 377 4086 claude
405 4029 642 4085 duabus
686 4027 759 4080 in
791 4020 1016 4079 Christo
1042 4020 1284 4091 personis
1325 4023 1531 4092 agitata
1547 4021 1793 4093 quaestio.
1829 4020 2082 4076 Attamen
2120 4021 2176 4075 in
2211 4021 2605 4093 antiquioribus
2647 4032 2827 4100 exstat
2850 4021 3151 4100 codicibus,
3181 4022 3487 4091 videturque

151 4124 327 4182 ιιι-κιο
352 4126 555 4198 quinto
587 4121 859 4183 editum,
882 4131 987 4188 quo
1018 4114 1219 4199 cigehat
1247 4114 1577 4197 h’estoriana
1600 4115 1838 4172 hwresis.

1305 4369 1448 4426 -ΤΟΥ
1482 4372 1577 4425 ΕΝ
1605 4372 1833 4426 ΔΓῙΟῘΣ
1855 4372 2128 4427 ΠΑΤΡΟΣ
2163 4371 2365 4427 HMQN

1532 4531 2173 4627 ἉΘΑΝΑΣΙΟΥ

1405 4719 1525 4773 οτι
1562 4718 1693 4771 ΕΙΣ
1727 4719 1769 4769 o
1805 4719 2118 4772 ΧΡΙΣΤΟΣ
2148 4717 2281 4792 (61).

1834 4856 1917 4880 δι’.

1210 4988 1307 5078 5.
1383 4990 1491 5079 Ρ.
1574 4991 1696 5079 Ν.
1774 4988 2427 5080 ATHANASII

1281 5180 1505 5258 QUOD
1549 5178 1760 5246 UNUS
1785 5182 1934 5244 SIT:
1964 5180 2395 5245 CHRISTUS.

217 5491 272 5541 i.
290 5488 447 5545 Ἔδει
468 5487 578 5560 μὲν
609 5483 763 5545 τοὺς
781 5477 943 5543 ἅπαξ
957 5478 1418 5552 ἀποπηδήσαντας
1443 5482 1545 5555 τῆς
1559 5484 1803 5553 Ἐλληνι-

1960 5485 2096 5571 .38
2130 5500 2181 5541 ι.
2230 5486 2466 5541 decebat
2495 5501 2591 5541 eos
2619 5485 2712 5555 qui
2742 5485 2910 5540 semel
2933 5498 2963 5539 a
2991 5482 3275 5557 gentilium
3306 5499 3498 5540 errore

153 5577 251 5650 τῆς
285 5580 529 5649 πλάνης,
566 5578 679 5632 καὶ
722 5569 1064 5639 ὲπιγνόντας
1094 5571 1185 5628 τὸν
1217 5573 1313 5628 ’ἐνα
1356 5576 1448 5641 καὶ
1477 5575 1638 5647 μόνον
1667 5576 1751 5630 ἁλι

1909 5569 2246 5636 resilicrant,
2299 5591 2365 5629 ac
2415 5590 2583 5629 unum
2625 5589 2860 5643 vereque
2897 5575 3075 5630 solum
3107 5574 3497 5631 universorum

151 5669 397 5734 θῶςτιῖιν
428 5674 720 5728 ἁπάντων
757 5663 927 5727 Θεὸν,
972 5664 1167 5736 μηκέτι
1203 5668 1482 5737 προσεῖναι
1509 5670 1575 5739 τῇ
1601 5668 1749 5722 κτίσε

1970 5682 2082 5723 eum
2134 5672 2494 5736 agnoverant,
2548 5679 2659 5717 non
2711 5665 2948 5732 amplius
2986 5672 3252 5720 creatura:
3303 5662 3501 5732 adjici.
3564 5736 3568 5744 '

222 5827 345 5895 (61)
394 5829 531 5884 Post
579 5829 613 5880 ὁ
675 5816 977 5895 Χριστός.
1031 5817 1328 5895 Parisiens.
1375 5821 1485 5875 edit
1517 5890 1546 5895 η
1574 5820 1785 5895 addunt

1911 5821 2140 5895 Lucam,
2175 5819 2323 5895 Ἔδει
2356 5820 2412 5895 δῖε
2444 5820 2570 5895 tota;
2594 5818 2761 5885 ἅπαξ,
2788 5820 2944 5889 quasi
2971 5816 3313 5890 pra'missum
3338 5816 3508 5886 quid»

159 5890 367 5966 M764}
395 5900 449 5956 id
473 5909 591 5963 est,
625 5890 801 5959 liber,
838 5904 963 5959 quae
986 5904 1083 5944 vox
1111 5891 1264 5947 deest
1291 5892 1344 5946 in
1374 5907 1476 5948 ms.
1507 5890 1712 5947 Catena
1740 5893 1794 5946 in
1911 5893 2059 5963 piam
2094 5891 2280 5957 fuerit,
2305 5891 2400 5947 sed
2439 5890 2601 5945 male.
