4048 6406
598 390 706 485 ηε

1739 427 1798 484 8.
1843 428 2309 487 ATHANASIUS.
2348 460 2416 472 -—-
2454 431 2682 488 DUBIA.

3763 425 3858 480 tu

593 559 699 601 nec
751 551 1061 600 creaturam
1097 559 1195 614 pro
1236 543 1349 599 Deo
1395 545 1597 600 habere
1641 553 1698 599 et
1734 547 1939 615 colere,
1987 547 2179 603 relicto

2292 547 2424 621 μηδὲ
2457 549 2723 602 θεοποιεῖν
2774 546 2870 601 καὶ
2912 543 3193 618 λατρεύειν
3243 545 3311 616 τῇ
3363 542 3558 606 κτίσει,
3591 538 3745 613 παρὰ
3769 538 3860 593 τὸν

595 636 880 699 Creatore,
912 654 932 686 ι
960 636 1055 706 qui
1076 643 1162 693 est
1184 633 1506 690 benedictus
1528 635 1583 689 in
1610 635 1831 691 sarcula.
1861 635 2035 693 Amen
2051 636 2121 693 ”.
2150 655 2170 690 ι

594 724 789 783 Itidem
832 727 869 782 ii
913 729 1009 798 qui
1061 742 1093 782 a
1123 725 1354 782 Iudaica
1390 726 1777 784 incredulitate
1808 737 2173 794 recesserant,

594 821 803 891 quique
819 817 1064 883 Iudaeos,
1096 829 1156 875 ut
1185 828 1435 876 amentes
1468 828 1523 876 et
1555 822 1804 891 ingratos
1823 822 2173 887 damnarant,

591 922 646 965 et
678 909 735 964 iu
775 907 1072 964 Dominum
1103 917 1355 966 nostrum
1386 908 1575 966 Jesum
1613 911 1896 967 Christum
1927 912 2179 968 credide-

592 1010 742 1068 rant,
772 1018 839 1057 ac
876 1002 1279 1065 intellexerant,
1312 1002 1436 1072 ejus
1467 1002 1810 1060 divinitatem
1849 1004 2178 1061 testimoniis

595 1093 840 1163 undique
864 1095 1236 1164 comprobari,
1264 1101 1318 1150 et
1343 1110 1411 1150 ex
1447 1102 1741 1165 potestate,
1772 1096 1969 1168 signis,
2006 1105 2063 1152 et
2088 1096 2177 1152 di-

595 1185 739 1241 vinis
784 1187 1068 1256 operibus,
1125 1201 1337 1242 necnon
1396 1203 1463 1242 ex
1519 1189 1847 1244 auctoritate
1897 1187 2179 1244 Dominica

596 1272 767 1331 Deum
815 1277 1093 1345 diguosci;
1146 1293 1257 1333 non
1297 1278 1541 1336 debuere
1586 1295 1685 1350 per
1730 1288 2014 1336 externam
2063 1295 2181 1350 spe-

596 1368 738 1425 ciem
762 1385 827 1424 eo
856 1368 1047 1432 dilabi,
1097 1379 1156 1424 ut
1193 1387 1539 1427 communem
1568 1379 1622 1426 et
1668 1374 1874 1427 nudum
1903 1372 2178 1427 hominem

597 1474 724 1515 eum
782 1459 1201 1527 existimarent;
1250 1470 1345 1517 aut
1391 1461 1694 1517 secundum
1749 1462 2017 1517 visibilem
2070 1461 2182 1516 for-

598 1567 765 1618 mam,
797 1551 918 1621 ejus
940 1552 1268 1607 invisibilem
1300 1562 1549 1607 naturam
1578 1552 1906 1609 delinirent:
1929 1563 2023 1607 aut
2047 1568 2180 1623 pro-

599 1653 724 1718 pter
756 1661 981 1717 corpus,
1013 1654 1068 1700 et
1093 1661 1387 1716 corporeas
1413 1646 1723 1716 passiones,
1752 1646 1959 1700 nudum
1998 1644 2181 1700 homi~

598 1751 750 1803 nem,
790 1752 855 1793 ac
889 1745 950 1792 ut
979 1754 1146 1793 unum
1184 1753 1254 1793 ex
1302 1737 1461 1793 nobis
1512 1737 1827 1808 passibilem
1866 1736 2020 1791 illum
2059 1752 2184 1793 esse

600 1837 879 1900 putarent.
918 1829 1042 1886 llaec
1072 1830 1218 1886 enim
1245 1830 1399 1886 fuere
1423 1828 1737 1885 Iudaeorum
1766 1830 1909 1885 mala
1937 1850 1950 1886 :
1981 1830 2096 1885 haec
2120 1829 2185 1884 il-

2277 639 2557 705 κτίσαντα,
2601 658 2621 692 ι
2670 640 2730 704 ὅς
2790 641 2937 693 ἐστιν
2985 635 3276 707 εὐλογητὸς
3331 636 3412 701 είς
3457 635 3584 699 τοὺς
3623 633 3864 703 αίῶνας,

2277 730 2425 801 ἀμήν
2447 729 2582 804 (62).
2606 749 2626 783 ι
2672 729 2901 802 ὐμοίως
2926 728 2983 782 δὲ
3016 728 3115 783 καὶ
3144 729 3273 792 τοὺς
3322 725 3620 796 Ἰουδαϊκῆς
3653 727 3864 798 ἀναχω-

2280 824 2556 895 ρήσαντας
2613 822 2902 887 ἀπιστίας,
2957 821 3053 876 καὶ
3097 820 3466 888 καταγνόντας
3515 818 3740 873 ἐκείνων
3787 816 3865 884 ὡς

2279 911 2533 983 ἀφρόνων
2584 912 2678 966 καὶ
2736 911 3070 985 ἀχαρίστων,
3113 910 3207 965 καὶ
3244 910 3641 975 πιστεύσαντας
3669 911 3751 975 είς
3772 908 3867 964 τόν

2279 1002 2485 1073 Κύριον
2521 1002 2680 1074 ἡμῶν
2739 1001 2947 1074 Ἰησοῦν
3002 1001 3258 1074 Χριστὸν,
3320 1002 3413 1056 καὶ
3450 1001 3733 1065 συνιέντας
3754 999 3866 1074 (65)

2281 1094 2446 1149 αὑτὸν
2476 1094 2607 1148 Θεὸν
2645 1094 3094 1167 μαρτυρούμενον
3129 1093 3431 1159 πάντοθεν,
3469 1094 3564 1149 καὶ
3604 1093 3869 1163 ὲπιγινωι

2283 1186 2547 1256 σκόμενον
2572 1187 2637 1240 ἐκ
2675 1187 2774 1257 τῆς
2819 1185 3089 1251 ἐξουσίας,
3131 1186 3226 1239 καὶ
3246 1186 3311 1239 ὲκ
3334 1185 3444 1241 τῶν
3485 1185 3749 1257 σημείων,
3776 1182 3873 1240 καὶ

2282 1275 2482 1331 θεῖκῶν
2539 1277 2738 1351 ἔργων,
2770 1279 2866 1332 κα)⁵
2906 1280 3004 1350 τῆς
3030 1278 3318 1348 Κυριακῆς
3366 1279 3692 1341 ἐπιστασίας
3733 1274 3869 1349 (64).

2284 1370 2483 1440 μηκέτι
2528 1368 2893 1424 καταπίπτειν
2930 1371 3009 1434 εἰς
3036 1368 3213 1422 κοινὸν
3248 1371 3343 1423 καὶ
3385 1367 3540 1438 ψιλὸν
3579 1366 3867 1439 ἄνθρωπον

2281 1459 2373 1515 διά
2389 1461 2490 1533 τῆς
2506 1459 2704 1527 ἔξωθεν
2725 1460 2899 1531 ὅψεως
2917 1477 2931 1491 ·
2956 1460 3091 1531 μηδὲ
3114 1459 3256 1513 κατὰ
3286 1458 3348 1514 τὸ
3371 1459 3647 1532 ὁρώμενον
3659 1457 3866 1529 σχῆμα,

2284 1555 2379 1608 κα).
2427 1552 2528 1625 τὴν
2577 1553 2809 1626 ἀόρατον
2838 1551 3004 1606 αὑτοῦ
3046 1550 3209 1621 φύσιν
3237 1550 3439 1623 ὁρίζειν
3465 1568 3480 1582 ·
3515 1550 3650 1622 μηδὲ
3692 1549 3784 1604 διά
3808 1548 3872 1604 τὸ

2286 1644 2468 1718 σῶμα,
2493 1646 2673 1700 καὶτὰ
2698 1644 2990 1717 σωματικά
3003 1643 3177 1716 πάθη,
3202 1644 3356 1716 ψιλὸν
3391 1644 3552 1700 αὑτὸν
3583 1643 3871 1716 ἄνθρωπον

2284 1734 2424 1792 εἶναι
2453 1736 2714 1810 νομίζειν,
2757 1738 2853 1792 καὶ
2882 1736 2958 1801 ὠς
2998 1736 3095 1790 ἕνα
3121 1735 3232 1791 τῶν
3266 1735 3388 1791 καθ’
3422 1736 3570 1808 ἡμᾶς
3605 1734 3872 1806 παθητόν.

2285 1830 2473 1884 Ταῦτα
2499 1830 2610 1903 γὰρ
2641 1826 2710 1902 ἦν
2737 1830 2810 1885 τά
2843 1830 3112 1885 Ἰουδαίων
3144 1830 3311 1885 κακά.
3348 1828 3535 1884 Ταῦτα
3564 1828 3667 1898 τὴν
3690 1827 3872 1881 πίστιν

599 1920 778 1976 lorum
806 1930 1052 1978 evertere
1082 1923 1266 1987 (idem,
1310 1937 1376 1976 ac
1409 1921 1614 1977 Christi
1659 1921 1851 1977 hostes
1883 1923 2034 1992 ipsos
2059 1937 2183 1978 esse

2292 1921 2509 1976 ἐκείνων
2531 1921 2802 1992 ἀεξείλετο,
2827 1921 2923 1977 καὶ
2949 1922 3253 1993 θεημάχους
3272 1918 3525 1986 ἀπέδειξε
3544 1920 3749 1974 ’ταῦτα
3775 1918 3873 1974 καὶ

599 2013 1035 2084 comprobarunt
1067 2036 1079 2071 :
1108 2015 1223 2069 haec
1251 2014 1369 2084 ipsa
1394 2013 1507 2082 jam
1539 2014 1796 2068 nonnulli
1830 2013 2180 2078 aemulantur,

599 2105 695 2175 qui
730 2106 916 2175 gentili
949 2114 1003 2161 et
1048 2103 1277 2160 Judaico
1308 2106 1502 2160 morbo
1533 2105 1812 2169 laborant,
1844 2119 1948 2160 nec
1993 2103 2186 2158 admit-

600 2203 749 2260 tunt,
764 2210 862 2252 nec
882 2196 1156 2253 ullatenus
1168 2196 1405 2252 credunt
1426 2198 1773 2251 incarnatum
1792 2196 1962 2252 fuisse
1979 2195 2181 2264 Deum;

600 2285 699 2343 sed
766 2287 1027 2343 humanis
1099 2289 1408 2346 ratiociniis
1457 2289 2070 2359 disputationibusque,
2120 2303 2186 2342 ac

598 2375 804 2434 Graeca:
829 2379 1189 2451 phil050phim
1213 2398 1314 2451 ope
1340 2397 1536 2452 magna
1570 2389 1625 2436 et
1660 2379 2187 2450 incomprehensibi-

598 2469 672 2525 lia
716 2486 1049 2543 agnoscere,
1096 2473 1208 2527 imo
1251 2473 1717 2543 comprehendere
1768 2471 1956 2527 volunt
1991 2489 2006 2526 :
2044 2486 2185 2541 quo-

600 2561 766 2617 modo
815 2579 1011 2634 nempe
1059 2565 1303 2636 gignitur
1352 2564 1919 2636 incorporeum:qua
1972 2566 2188 2621 ratione

598 2654 870 2725 procedit,
912 2664 967 2711 et
1002 2656 1225 2712 ubinam
1249 2664 1334 2713 est
1356 2658 1449 2727 qui
1474 2658 1676 2729 ubique
1701 2667 1806 2720 est,
1841 2657 2025 2712 omnia
2061 2672 2190 2711 con-

600 2742 763 2807 tinet,
805 2754 860 2799 et
888 2745 1072 2800 omnia
1106 2746 1316 2816 implet.
1362 2747 1540 2817 Atque
1568 2762 1665 2817 per
1696 2746 1852 2812 illud,
1887 2746 2184 2816 quomodo,

599 2824 785 2901 etqu'a
835 2837 1068 2900 ratione,
1114 2837 1169 2892 in
1221 2837 1599 2893 inﬁdelitatem
1638 2838 1845 2904 abiere,
1883 2846 1938 2894 et
1967 2853 2190 2910 genera-

600 2927 771 2982 tionis
801 2927 945 2992 loco,
979 2927 1248 2986 facturam
1283 2932 1578 2986 commenti
1625 2939 1775 2996 sunt,
1807 2947 1872 2986 ac
1903 2932 2023 2987 vice
2062 2947 2189 3002 pro-

600 3018 900 3086 cessionis,
930 3021 1271 3076 creationem
1319 3029 1374 3076 et
1421 3024 1722 3077 transitum
1755 3023 2185 3081 constituerunt.
2236 3006 2243 3017 ’

672 3107 731 3166 2.
774 3108 852 3164 Ita
872 3126 1092 3166 rursum
1116 3111 1184 3167 de
1207 3112 1592 3169 incarnatione
1609 3122 1891 3183 quaerunt:
1913 3114 2188 3186 quomodo

599 3199 928 3255 incarnatur
957 3199 1124 3263 Deus,
1154 3217 1263 3272 qua
1292 3204 1511 3257 ratione
1549 3218 1753 3274 corpus
1791 3205 2044 3269 assumit,
2077 3220 2189 3276 quo

601 3300 769 3364 pacto
810 3307 934 3346 cum
970 3308 1140 3363 parvo
1190 3309 1421 3366 corpore
1462 3295 1724 3351 coalescit
1771 3296 1866 3368 qui
1915 3298 2186 3353 contineri
2215 3272 2257 3330 (ἶ

603 3384 799 3455 nequit
825 3402 841 3439 :
871 3385 1147 3454 quomodo
1176 3384 1479 3441 iucreatum
1522 3394 1710 3442 creato
1738 3386 2010 3458 jungitur.
2037 3397 2091 3443 et
2110 3390 2189 3442 in.

602 3476 1083 3545 circumscriptum
1128 3477 1551 3551 circumscripto
1595 3498 1609 3535 :
1645 3479 1737 3549 qui
1786 3493 2018 3549 magnus
2071 3478 2184 3544 ille,

603 3567 931 3631 immensus,
973 3567 1267 3635 iudivisus,
1296 3586 1396 3642 pro
1425 3580 1580 3643 parte
1616 3571 1853 3642 quadam
1902 3571 2187 3628 habeatur.

601 3657 715 3710 Aut
739 3658 886 3712 enim
919 3674 1178 3729 maguum
1213 3661 1268 3716 in
1315 3678 1485 3733 parvo
1525 3673 1871 3719 contractum
1912 3672 1998 3720 est
2040 3666 2184 3731 loco,

604 3757 699 3803 aut
732 3765 960 3820 parvqu
991 3756 1313 3825 prtegrande
1357 3756 1562 3811 factum
1593 3764 1700 3821 est,
1742 3768 2024 3829 partemve
2051 3761 2188 3815 divi.

601 3841 819 3905 uitatis,
861 3849 917 3897 et
970 3859 1081 3899 non
1128 3852 1304 3900 totum
1354 3849 1584 3918 recepit,
1631 3849 1777 3920 quod
1833 3850 2060 3922 impium
2104 3861 2190 3908 est

604 3933 874 4005 proferre.
924 3934 993 3990 Et
1020 3954 1089 3993 ex
1131 3939 1246 4004 illo,
1282 3942 1582 4010 quomodo,
1623 3958 1732 4012 qua
1764 3943 2002 4009 ratione,
2039 3945 2186 4016 quali

604 4029 1025 4097 consequentia,
1057 4029 1113 4084 in
1149 4031 1522 4087 inﬁdelitatem
1557 4032 1614 4087 hi
1637 4050 1857 4105 quoque
1884 4037 2188 4101 abiere,ac

606 4115 1065 4173 inhabitationem
1118 4136 1217 4190 pro
1260 4121 1641 4178 incarnatione
1687 4125 2063 4180 constituere:
2089 4140 2190 4196 pro

606 4212 819 4267 unione
863 4219 920 4267 et
967 4213 1391 4281 compositione,
1443 4215 1741 4271 humanam
1783 4217 1976 4288 agendi
2015 4218 2189 4271 virtu-

606 4312 716 4358 tem
743 4321 758 4370 ;
780 4319 844 4357 ac
868 4319 967 4374 pro
998 4320 1106 4359 una
1134 4305 1416 4376 liypostasi
1443 4306 1658 4362 Domini
1686 4310 1863 4364 nostri
1883 4307 2011 4365 Jesu
2035 4307 2191 4364 Clu-i-

607 4397 701 4459 sti,
749 4395 888 4451 duas
923 4396 1249 4469 hypostases
1279 4408 1334 4454 et
1368 4415 1672 4469 personas;
1701 4409 1754 4456 et
1784 4415 1882 4472 pro
1920 4400 2189 4455 Triuitate

607 4489 1031 4558 quaternitatcm
1065 4489 1322 4545 indecore
1341 4499 1395 4546 et
1418 4491 1583 4563 impie
1611 4494 1892 4559 sentiunt;
1930 4492 2189 4548 indecore

606 4579 849 4652 quidem.
869 4583 996 4652 quia
1014 4581 1125 4637 Deo
1149 4582 1425 4637 hominem
1448 4585 1814 4655 conjungunt,
1845 4600 2063 4641 servum
2079 4583 2187 4638 Do-

606 4676 757 4729 mino
781 4683 1169 4740 annumerant,
1193 4686 1435 4732 creatam
1464 4693 1754 4747 personam
1777 4694 1904 4733 cum
1931 4676 2190 4732 increatis

605 4764 857 4835 personis
885 4765 1192 4833 collocant;
1243 4766 1409 4839 impie
1440 4784 1593 4834 vero,
1645 4769 1774 4839 quia
1819 4784 1984 4823 unam
2013 4768 2187 4840 hypo-

604 4854 781 4911 stasiu
802 4854 940 4911 duas
967 4854 1194 4922 faciunt,
1219 4867 1472 4928 quartam
1505 4860 1822 4931 hypostasin
1844 4860 2187 4930 peregrinam

602 4946 832 5000 omnino
846 4953 901 5000 et
923 4946 1312 5018 alienigenam,
1325 4956 1379 5004 et
1393 4950 1635 5004 omnium
1655 4950 2010 5005 rationalium
2028 4964 2186 5004 crea-

603 5049 850 5091 turarum
867 5039 1138 5103 ultimam,
1152 5047 1456 5094 extremam
1476 5051 1529 5096 et
1548 5041 1854 5105 minimam,
1874 5042 1928 5095 in
1945 5040 2187 5094 Trinita-

602 5138 710 5181 tem
735 5127 1021 5185 inducunt.
1038 5132 1195 5197 Quod
1206 5133 1254 5187 si
1273 5132 1454 5187 denuo
1473 5140 1735 5188 accurate
1752 5131 2184 5193 animadvertas.

675 5287 721 5318 ⁸ο
763 5285 924 5344 liom.
962 5303 1015 5353 ι,
1053 5287 1144 5342 25.

670 5444 785 5521 (62)
815 5445 1129 5521 1n_Catena
1176 5446 1232 5499 in
1279 5444 1506 5521 Lucam,
1540 5444 1634 5521 ubi
1678 5445 1926 5521 qnmdam
1974 5459 2041 5500 cx
2081 5441 2194 5521 hac

602 5512 854 5573 oratione
875 5516 1155 5586 descripta
1199 5525 1350 5578 sunt,
1384 5517 1500 5569 haec
1539 5512 1759 5581 desunt,
1787 5517 1846 5580 ὃς
1865 5517 2012 5568 ἐστιν
2043 5512 2178 5566 εὑλο

603 5589 770 5662 γητρς
798 5590 876 5662 είς
901 5586 1279 5662 τοὺςιαίῶνας,
1300 5587 1467 5662 ἁμήν.

676 5658 789 5729 (63}
823 5657 1219 5729 Seguerianus.
1248 5657 1525 5729 συνέντας.

676 5724 788 5799 (64)
827 5724 938 5782 και
985 5728 1084 5796 τῆς
1130 5728 1402 5797 κυριακῆς
1435 5725 1775 5789 ἐπιστασίας,
1831 5725 1944 5779 haec
1992 5724 2192 5779 desunt

604 5800 661 5857 in
686 5800 915 5853 Catena.

676 5868 787 5940 (65)
830 5865 910 5920 Τά
934 5864 1201 5920 Ἰουδαίων
1234 5865 1380 5921 κακά
1402 5882 1431 5942 χ
1462 5866 1633 5921 ταῦτα
1684 5865 1775 5920 καὶ
1806 5863 1900 5920 νῦν
1942 5862 2059 5936 ζηλ.
2100 5860 2191 5918 Sic

2283 2016 2378 2070 νῦν
2429 2015 2541 2086 (65)
2595 2014 2816 2087 ζηλοῦσί
2870 2031 3015 2079 τινες
3070 2013 3387 2086 Ἑλληνικὴν
3425 2013 3521 2069 καὶ
3577 2010 3873 2083 Ἰουδαῖκὴν

2282 2107 2438 2161 νόσον
2495 2106 2798 2172 νοσοῦντες,
2851 2107 2947 2162 καὶ
2996 2103 3073 2177 μὴ
3111 2105 3565 2178 παραδεχόμενοι,
3613 2102 3752 2176 μηδὲ
3784 2119 3876 2156 πι-

2286 2198 2569 2264 στεύοντες
2618 2198 2757 2262 ὅλως
2816 2197 3204 2269 σωματοῦσθαι
3233 2197 3387 2262 Θεὸν,
3418 2195 3554 2252 ἀλλά
3591 2195 3875 2266 λογισμοῖς

2283 2290 2665 2363 ἀνθρωπίνοις,
2698 2290 3115 2362 καϊφιλονεικίᾳ
3145 2288 3279 2360 (66),
3306 2290 3402 2343 καὶ
3430 2288 3723 2360 φιλοσοφίᾳ
3758 2287 3875 2341 Ἐλ-

2284 2382 2476 2455 ληνικῇ
2505 2382 2730 2451 γνῶναι,
2756 2384 2850 2437 καὶ
2877 2381 3206 2437 καταλαϐεῖν
3239 2380 3440 2452 μᾶλλον
3466 2379 3783 2451 βουλόμενοι
3805 2379 3877 2435 τὰ

2289 2471 2500 2543 μεγάλα
2526 2472 2620 2524 καὶ
2640 2470 3019 2542 ἀκατάληπτα,
3045 2471 3163 2535 πῶς
3186 2469 3517 2541 γεννᾶταιτδ
3541 2468 3837 2541 ἀσώματον
3854 2483 3872 2498 °

2287 2563 2402 2629 πῶς
2425 2564 2482 2618 δὲ
2512 2564 2606 2618 κα)⁵
2631 2564 2866 2636 πρόεισι,
2885 2564 2979 2617 καὶ
3008 2561 3111 2617 ποῦ
3153 2566 3180 2618 ό
3211 2563 3322 2635 (67)
3356 2562 3634 2633 πανταχοῦ
3657 2561 3757 2626 ὣν,
3779 2561 3879 2616 καὶ

2286 2655 2465 2710 πάντα
2489 2655 2776 2729 περιέχων,
2801 2655 2896 2710 καὶ
2925 2654 2995 2709 τά
3026 2655 3205 2709 πάντα
3234 2654 3480 2727 πληρῶν.
3521 2655 3631 2708 Καὶ
3673 2655 3741 2708 ὲκ
3778 2650 3879 2708 τοῦ

2285 2745 2427 2810 πῶς,
2483 2746 2578 2801 καὶ
2625 2746 2794 2809 ὅπως,
2830 2748 2911 2809 είς
2958 2744 3216 2800 ἀπιστίαν
3257 2744 3565 2818 ἐχώρησαν,
3608 2745 3704 2799 καὶ
3752 2744 3882 2799 ἀντὶ

2287 2841 2595 2911 γεννήσεως
2618 2838 2925 2893 ὲπλάσαντο
2947 2836 3188 2909 ποίησιν,
3217 2839 3311 2891 καὶ
3335 2838 3458 2892 ἀντὶ
3496 2837 3731 2911 προόδου
3758 2836 3885 2894 κτί-

2290 2949 2373 2986 σιν
2400 2932 2495 2987 καὶ
2527 2930 2761 3004 πάροδον
2788 2929 3218 2985 κατεσκεύασαν.
3582 2908 3597 2923 Ι

2355 3108 2408 3165 2.
2445 3107 2602 3163 Οὑτω
2646 3106 2810 3161 πάλιν
2856 3106 2951 3161 κα)⁸
2977 3104 3071 3161 ἐπὶ
3089 3105 3188 3177 τῆς
3218 3106 3545 3180 σαρκώσεως
3574 3105 3720 3178 (68)·
3752 3102 3880 3173 πῶς

2292 3200 2590 3275 σαρκοῦται
2633 3199 2789 3267 Θεὸς,
2819 3198 2937 3263 πῶς
2975 3197 3340 3270 σωματοῦται,
3390 3198 3509 3263 πῶς
3560 3198 3883 3254 συντίθεται

2290 3295 2428 3368 πρὸς
2468 3294 2627 3365 σῶμα
2680 3293 2855 3368 βραχὺ
2904 3294 2933 3347 ό
2974 3290 3259 3364 ἀχὼρητος
3280 3309 3296 3324 ο
3335 3290 3453 3357 πῶς
3478 3291 3534 3345 δὲ
3567 3291 3784 3347 ἑνοῦται
3817 3291 3892 3347 to

2288 3387 2540 3441 ἀκτιστον
2567 3385 2645 3457 τῷ
2681 3383 2905 3455 κτιστῷ,
2933 3384 3028 3439 καὶ
3049 3383 3129 3455 τῷ
3164 3379 3621 3455 περιγραφομένῳ
3647 3381 3711 3436 τὸ
3746 3383 3891 3436 dm-

2291 3480 2590 3552 ρίγραπτον
2614 3495 2629 3508 ο
2666 3477 2785 3542 πῶς
2826 3477 2886 3530 ὲν
2934 3475 3091 3548 μέρει
3120 3474 3230 3545 (69)
3262 3476 3291 3528 ὁ
3328 3475 3503 3546 μέγας
3546 3474 3758 3538 ἐκεῖνος
3785 3476 3894 3529 καὶ

2288 3570 2613 3643 ἀμέτρητος,
2637 3570 2732 3625 καὶ
2757 3568 3071 3641 ἀμέριστος.
3091 3568 3162 3621 Ἦ
3186 3566 3295 3638 γὰρ
3321 3564 3383 3619 τὸ
3412 3566 3558 3637 μέγα
3577 3567 3658 3629 είς
3684 3565 3891 3639 μικρὸν

2289 3661 2587 3733 συνεστάλη
2638 3660 2857 3732 χωρίον,
2911 3658 2946 3730 ἢ
3013 3657 3075 3711 τὸ
3124 3655 3319 3729 μικρὸν
3385 3658 3574 3725 γέγονε
3626 3657 3796 3727 μέγα,
3849 3655 3886 3730 ἢ

2291 3752 2457 3826 μέρος
2487 3753 2590 3823 τῆς
2631 3751 2908 3822 θεότητος,
2946 3748 3043 3803 καὶ
3073 3748 3134 3802 οὑ
3158 3746 3219 3801 τὸ
3259 3749 3367 3801 πᾶν
3393 3747 3714 3814 ὑπεδέξατο,
3741 3749 3887 3820 ὅπερ

2288 3843 2436 3897 ἐστὶν
2493 3840 2706 3905 ἀσεϐές.
2742 3840 2855 3895 Καὶ
2905 3832 3190 3911 ἐχώρησαν
3219 3837 3283 3890 ὲκ
3314 3834 3410 3889 τοῦ
3436 3835 3576 3900 πῶς,
3606 3836 3702 3889 καὶ
3739 3835 3888 3907 ⁸νεοίη.)

2286 3934 2495 4009 τρόπῳ,
2519 3933 2615 3987 καὶ
2645 3931 2775 4004 ποίᾳ
2815 3931 3128 4003 ἀκολουθίᾳ,
3168 3914 3249 3993 είς
3289 3927 3547 3983 ἀπιστίαν
3572 3926 3670 3980 καὶ
3695 3919 3885 3981 οὗτου

2288 4028 2384 4082 καὶ
2428 4026 2702 4098 ἐνοίκησιν
2757 4025 2879 4078 ἀντὶ
2935 4024 3265 4094 σαρκώσεως
3300 4017 3749 4075 κατεσκεύασαν·
3786 4019 3889 4074 καὶ

2290 4119 2411 4176 ἀντὶ
2441 4116 2687 4182 ἑνώσεως
2724 4118 2820 4171 καὶ
2850 4116 3154 4180 συνθέσεως
3194 4113 3476 4182 ἐνέργειαν
3504 4109 3887 4182 ἀνθρωπίνην,

2289 4212 2386 4266 καὶ
2413 4211 2534 4264 ἀντὶ
2569 4211 2700 4280 μιᾶς
2748 4207 3100 4272 ὑποστάσεως
3128 4204 3223 4260 τοῦ
3272 4203 3480 4278 Κυρίου
3508 4201 3669 4274 ἡμῶν
3705 4201 3890 4273 Ἰησοῦ

2291 4301 2528 4374 Χριστοῦ
2551 4301 2643 4354 δύο
2677 4300 3004 4363 ὑποστάσεις
3036 4299 3130 4352 καὶ
3175 4296 3441 4368 πρόσωπα
3465 4310 3480 4325 ’
3512 4296 3607 4348 καὶ
3632 4294 3756 4348 ἀντὶ
3783 4294 3894 4366 τῆς

2294 4396 2455 4464 ἁγίας
2478 4393 2707 4467 Τριάδος
2729 4392 2961 4464 τετράδα
2985 4389 3249 4463 ἀπρεπῶς
3273 4390 3368 4444 καὶ
3397 4386 3735 4459 παρανόμως
3757 4404 3899 4459 (ppo-

2290 4488 2588 4560 νήσαντεςο
2636 4484 2899 4556 ἀπρεπῶς
2952 4484 3072 4555 μὲν,
3114 4483 3196 4536 ὅτι
3239 4481 3357 4553 Θεῷ
3392 4479 3757 4533 συνάπτουσιν
3796 4478 3898 4533 ἀν-

2291 4577 2532 4648 θρωπον,
2565 4577 2661 4631 καὶ
2681 4576 2867 4631 δοῦλον
2907 4573 3297 4647 συναριθμοῦσι
3341 4569 3614 4646 Δεσπότῃ,
3636 4571 3733 4625 καὶ
3764 4587 3901 4625 κτι-

2300 4670 2424 4724 στδν
2473 4670 2764 4742 πρόσωπον
2811 4667 3088 4730 ἀκτίστοις
3140 4663 3453 4739 προσώποις
3491 4664 3894 4718 συντάττουσιο

2298 4762 2630 4834 παρανόμως
2657 4760 2735 4826 δὲ,
2769 4761 2853 4814 ὅτι
2880 4758 2979 4828 τὴν
3006 4758 3135 4830 μίαν
3174 4758 3468 4812 ὑπόστασιν
3491 4756 3586 4810 δύο
3614 4754 3908 4821 ποιοῦσιν,

2295 4855 2684 4923 ἐπεισάγοντες
2714 4850 3015 4924 τῇ-Τριάδι
3058 4850 3329 4924 τετάρτην
3374 4849 3696 4911 ὑπόστασιν,
3728 4846 3907 4920 ξένην

2296 4947 2616 5001 παντάπασι
2657 4945 2751 4998 καὶ
2777 4941 3092 5011 ἀλλόφυλον,
3127 4944 3221 4996 καὶ
3265 4942 3485 4996 πάντων
3511 4940 3621 4995 τῶν
3650 4940 3914 5009 λογικῶν

2296 5039 2613 5108 κτισμάτων
2641 5034 2702 5088 τὸ
2740 5031 3070 5097 τελευταῖον,
3109 5033 3206 5086 καὶ
3237 5032 3490 5102 ἔσχατον,
3537 5032 3631 5085 καὶ
3665 5032 3911 5101 μικρόν.

2309 5129 2434 5182 Ἐὰν
2464 5129 2520 5181 δὲ
2549 5124 2795 5198 ἀκριϐῶς
2835 5123 2998 5177 πάλιν
3043 5126 3327 5197 ἐννοήσῃς,
3360 5124 3453 5177 καὶ
3481 5122 3561 5193 τῷ
3595 5123 3922 5192 πράγματι

2294 5438 2499 5496 Catena
2526 5437 2745 5493 omissis
2773 5436 2991 5493 mediis.

2368 5508 2486 5578 (66)
2511 5508 2622 5561 Καὶ
2647 5508 2948 5578 φιλονεικίᾳ
2987 5507 3144 5578 deest
3170 5505 3225 5562 in
3253 5504 3541 5578 Basiliensi
3570 5503 3927 5578 et‘chuer.

2295 5588 2350 5629 et
2377 5574 2685 5652 iti_Catena.
2724 5574 2937 5652 ibidem
2993 5576 3186 5652 Βηθὴλ,
3227 5577 3408 5648 σοφίᾳ,
3434 5588 3534 5646 pro
3568 5574 3928 5652 φιλοσοφίᾳ.

2368 5648 2478 5715 (67)
2513 5645 2903 5719 Segucriauus,
2942 5647 3216 5717 πανταχῆ.

2364 5714 2475 5789 (⁷68)
2497 5714 2613 5793 _Si_c'
2624 5719 3018 5788 Segueriauus,
3037 5730 3091 5793 et
3116 5714 3190 5793 ita
3226 5714 3640 5793 legit_Nannius.
3667 5715 3936 5793 Reliqui

2295 5787 2420 5843 cum
2446 5787 2599 5850 editi,
2632 5787 2745 5843 tum
2774 5790 3161 5859 manuscripti,
3200 5787 3425 5859 σαρκός.

2367 5858 2478 5925 (69)
2509 5862 2760 5927 Semen,
2795 5855 3211 5929 dmptypatgsov;
3244 5855 3360 5923 πῶς
3389 5858 3482 5912 καὶ
3515 5858 3574 5912 ὲν
3606 5855 3803 5929 μέρει.

2219 5987 2362 6005 ’κο-λος
