4048 6406
351 488 454 544 125

1528 444 1635 565 ιε.)ῐί
1652 496 1746 554 01)
1784 496 1975 555 UNUS
2016 494 2127 554 SIT
2160 451 2546 559 CHRISTUS:

3571 495 3677 553 186

349 610 651 674 προσεχειν
689 604 977 684 θελήσῃς,
1034 613 1283 687 εὑρήσεις
1325 616 1519 680 αὐτοὺς
1547 614 1654 681 ἔξω
1681 616 1784 687 τῆς
1823 616 1978 686 ἁγίας

2088 627 2143 673 et
2156 617 2287 673 huic
2305 619 2529 689 negotio
2545 618 2791 673 animum
2810 618 3069 674 adhibere
3081 616 3346 680 volucris,
3364 612 3676 686 deprehen-

351 692 586 765 Τριάδος
649 696 984 767 βάλλοντας
1029 704 1120 758 τὸν
1169 705 1372 778 Κύριον
1405 705 1518 777 (70)
1556 707 1719 778 ἡμῶν
1775 706 1984 779 Ἰησοῦν

349 784 614 856 Χριστὸν,
651 787 741 852 ὡς
775 790 1003 857 δοῦλον,
1027 795 1102 859 ὡς
1134 797 1415 868 ἄνθρωπον
1436 796 1869 868 ἀπροσκύνητον,
1891 798 1985 852 τὸν

349 880 754 951 προσκυνητόν
779 898 797 913 ο
841 886 1260 956 προσκυνοῦντα
1284 887 1340 941 δὲ
1367 888 1587 960 μᾶλλον,
1618 891 1713 942 καὶ
1761 888 1987 943 σέϐοντα

352 967 490 1039 μετὰ
529 970 806 1040 πάντων,
852 977 956 1031 καὶ
994 978 1432 1051 ὑποτασσόμενον
1480 983 1547 1052 τῇ
1592 981 1725 1053 ἁγίᾳ
1768 980 1983 1052 Τριὰδι,

346 1060 420 1125 ὡς
460 1062 824 1135 Μάρκελλος
881 1070 984 1123 καὶ
1022 1073 1052 1125 ό
1084 1072 1430 1143 Σαμοσατεὺς
1483 1073 1696 1138 Παῦλος
1740 1072 1985 1145 παρεξη-

347 1152 598 1220 γοῦνται,
643 1157 716 1210 τὸ
754 1158 957 1214 θεῖκὸν
986 1163 1081 1215 καὶ
1112 1162 1468 1217 ἀποστολικδν
1493 1165 1731 1236 γράμμα
1774 1166 1854 1228 είς
1883 1165 1986 1235 τὴν

352 1245 486 1299 ίδέαν
514 1248 720 1302 αὐτῶν
749 1250 1022 1317 ἕλκοντες
1050 1252 1282 1307 ἔννοιαν·
1318 1273 1337 1306 ι
1378 1255 1547 1309 Ὅταν
1600 1274 1619 1306 ι
1657 1254 1789 1325 γὰρ,
1828 1256 1983 1326 φησὶ,

353 1357 373 1390 ι
406 1339 671 1413 ὑποταγῇ
702 1342 872 1414 αὐτῷ
902 1344 979 1399 τὰ
1011 1346 1208 1410 πάντα,
1239 1346 1359 1400 τότε
1389 1346 1484 1400 καὶ
1511 1346 1676 1411 αὐτὸς
1705 1349 1735 1401 ὁ
1769 1346 1916 1411 Υἱὸς,
1960 1366 1979 1398 ι

345 1432 638 1487 τουτέστιν
675 1437 710 1489 ὁ
748 1436 1103 1508 ἀναληφθεὶς
1155 1438 1459 1512 ἄνθρωπος,
1505 1459 1525 1492 ι
1576 1441 1985 1511 ὑποταγήσεται

345 1524 421 1595 τῷ
451 1527 818 1593 ὑποτάξαντι
853 1530 1015 1603 αὐτῷ
1043 1532 1115 1587 τά
1157 1532 1335 1586 πάντα
1373 1533 1507 1604 (7|),
1541 1532 1608 1585 ἵν’
1706 1533 1735 1586 ὁ
1772 1532 1925 1596 Θεὸς,
1960 1552 1978 1583 ι

346 1617 532 1689 φησὶν,
567 1619 654 1684 ὡς
681 1622 791 1675 καὶ
821 1622 938 1693 πρὸ
961 1626 1065 1694 τῆς
1091 1622 1437 1695 σαρκώσεως,
1457 1644 1475 1675 ι
1506 1626 1563 1678 ἐν
1581 1626 1769 1689 πᾶσιν,
1793 1645 1811 1676 ι
1842 1623 1985 1677 ἀσώ-

345 1725 517 1780 ματος
548 1710 659 1775 ὢν,
710 1714 818 1767 καὶ
861 1714 1035 1785 σῶμα
1087 1716 1161 1787 μὴ
1210 1715 1380 1786 ἔχωνο
1419 1716 1513 1771 καὶ
1573 1719 1602 1771 ὁ
1653 1714 1984 1786 ἀναληφθεὶς

339 1799 669 1872 ἄνθρωπος,
714 1803 875 1875 μετά
922 1805 1144 1860 πάντων
1176 1807 1272 1859 καὶ
1301 1808 1413 1871 τοῖς
1449 1808 1583 1861 πᾶσι
1619 1806 1984 1879 συναριθμού-

342 1908 505 1962 μενος
548 1893 853 1963 προσιὼν,
886 1896 1334 1967 ὑποτασσόμενος
1387 1898 1481 1953 καὶ
1523 1897 1802 1970 λατρεύων
1838 1895 1977 1967 Θεῷ.

2089 708 2189 763 des
2222 709 2376 779 ipsos
2415 717 2571 764 extra
2608 718 2857 765 sanctam
2885 709 3214 766 Trinitatem
3256 707 3550 773 Dominum
3576 720 3678 758 no-

2088 808 2261 854 strum
2310 800 2425 871 39
2468 800 2658 856 Jesum
2687 802 2968 858 Christum
3005 802 3315 863 exturbare,
3345 806 3406 854 ut
3432 811 3676 858 servum,

2088 898 2150 944 ut
2176 890 2476 954 hominem,
2510 907 2674 962 quem
2706 892 2935 948 adorare
2990 891 3144 947 nefas
3196 892 3290 954 sit,
3322 904 3445 944 cum
3482 887 3556 942 sit
3590 891 3680 939 ta-

2089 998 2215 1036 men
2278 980 2597 1038 adorandus
2632 1001 2645 1037 :
2678 997 2743 1037 ac
2798 983 2977 1054 ipsum
3034 982 3219 1053 potius
3256 980 3599 1044 adorantem,
3622 984 3677 1032 et

2087 1088 2215 1129 cum
2249 1074 2467 1130 caeteris
2520 1075 2777 1129 omnibus
2807 1075 3100 1139 colentem,
3131 1089 3343 1130 necnon
3391 1072 3675 1127 subditum
3704 1142 3710 1148 .

2088 1171 2293 1220 sancta:
2323 1163 2578 1219 Trinitati
2619 1180 2742 1219 esse
2775 1173 2997 1232 putant;
3030 1173 3090 1219 ut
3116 1163 3425 1229 Marcellus,
3446 1171 3499 1217 et
3525 1161 3673 1218 Pau-

2088 1255 2174 1310 lus
2210 1253 2639 1320 Samosatensis,
2674 1255 2915 1310 divinam
2946 1261 3000 1311 et
3030 1253 3386 1326 apostolicam
3423 1253 3675 1324 Scriptu-

2086 1362 2204 1401 ram
2247 1347 2317 1401 ad
2368 1362 2525 1402 suam
2582 1349 2910 1404 sententiam
2941 1347 3354 1418 detorquentes.
3386 1361 3673 1417 perperam

2084 1440 2366 1511 explicant
2390 1457 2403 1493 :
2432 1456 2582 1503 nam,
2612 1459 2631 1491 ι
2658 1456 2783 1495 cum
2818 1439 3066 1508 subjecta
3094 1438 3293 1495 fuerint
3315 1440 3391 1494 illi
3414 1439 3621 1503 omnia,
3646 1457 3667 1491 ι

2086 1530 2287 1601 inquit,
2312 1548 2333 1581 ι
2373 1539 2503 1585 tunc
2532 1538 2586 1584 et
2610 1532 2728 1601 ipse
2782 1530 2978 1597 Filius,
3018 1549 3037 1583 ι
3073 1531 3128 1585 id
3158 1540 3244 1586 est
3267 1532 3432 1586 homo
3461 1546 3673 1586 assum-

2086 1630 2235 1693 ptus.
2267 1639 2286 1673 ι
2322 1620 2609 1690 subjectus
2643 1623 2747 1676 erit
2774 1622 2848 1684 ei,
2881 1623 2975 1693 qui
3015 1623 3252 1692 subjecit
3282 1623 3333 1678 ei
3370 1624 3577 1685 omnia.
3620 1631 3680 1679 ut

2084 1714 2155 1769 sit
2182 1712 2326 1768 Deus
2345 1714 2413 1775 ⁸⁸,
2427 1714 2654 1783 ιὶηιιιιῖι,
2679 1721 2739 1768 ιιι
2754 1722 2881 1770 ante
2898 1715 3357 1782 incarnationem,
3380 1734 3399 1766 ι
3425 1716 3480 1770 in
3496 1716 3678 1771 omni-

2084 1806 2375 1871 bus,»cum
2395 1805 2467 1862 sit
2488 1806 2605 1876 ipse
2631 1807 3013 1877 incorporeus.
3031 1817 3084 1862 et
3105 1822 3307 1877 corpus
3332 1822 3439 1862 non
3460 1808 3678 1876 habeat;

2083 1897 2251 1953 homo
2289 1906 2474 1952 autem
2530 1906 2853 1968 assumptus
2880 1899 3097 1953 caneris
3126 1899 3383 1953 omnibus
3408 1912 3678 1953 annume-

340 1985 710 2058 Σκοπήσατε,
742 1988 836 2051 εἰς
862 1988 1005 2060 ὅσην
1038 1990 1334 2043 κατέπεσον
1350 1989 1662 2061 ἀφροσύνην
1686 1992 1733 2043 οἱ
1761 1990 1978 2060 δοκησί-

2095 1997 2273 2053 ratus,
2305 1988 2559 2043 subditus
2580 1989 2651 2043 sit
2679 1987 2809 2055 Deo,
2831 1989 3294 2059 ipsumquecolat.
3329 1986 3677 2058 Perpendite,

339 2093 507 2146 πτοι.
546 2081 641 2144 είς
679 2080 834 2152 ὅσην
873 2081 1078 2152 μανίαν
1100 2083 1191 2135 καὶ
1224 2082 1502 2147 ἀπιστίαν,
1533 2083 1629 2137 καὶ
1657 2085 1889 2137 ἐπινοεῖν
1915 2081 1985 2135 τά

338 2168 410 2242 μὴ
430 2169 593 2235 ὄντα,
627 2172 741 2226 καὶ
774 2156 1145 2236 πλάττεσθαι,
1168 2174 1264 2229 κοιλ⁵
1298 2173 1632 2245 μυθολογεῖν.

2090 2094 2303 2151 qua’so,
2341 2079 2397 2133 in
2426 2087 2688 2149 quantam
2721 2083 3015 2134 amentiam
3047 2078 3257 2150 delapsi
3289 2087 3420 2134 sunt
3451 2079 3677 2149 isti,qui

2093 2171 2200 2227 sibi
2230 2170 2369 2241 ipsis
2399 2170 2679 2241 sapientes
2709 2169 2985 2233 videntur,
3019 2170 3073 2224 in
3100 2176 3362 2239 quantam
3396 2172 3675 2224 vesaniam

333 2273 384 2318 et
406 2265 833 2325 infidelitatem
866 2268 1080 2333 abiere,
1105 2279 1163 2324 ut
1193 2272 1505 2342 excogitent
1533 2280 1588 2326 et
1616 2269 2111 2325 comminiscantur
2135 2283 2259 2339 quae
2302 2282 2586 2337 nunquam
2621 2265 2796 2331 fuere,
2830 2282 3122 2337 merasque
3162 2267 3377 2322 fabulas
3392 2275 3673 2322 enarrem.

397 2359 456 2416 5.
482 2361 568 2415 Οὐ
598 2362 793 2434 μόνον
816 2362 880 2416 δὲ
900 2366 973 2436 τῇ
1004 2363 1182 2418 πίστει
1209 2364 1526 2437 προσελθεῖν
1553 2367 1655 2420 οὐκ
1681 2365 1975 2439 ἠθέλησαν,

329 2451 468 2507 ἀλλά
495 2454 605 2508 καὶ
649 2455 904 2520 ἀπάτας
928 2455 1171 2529 ἐξεῦρον,
1208 2460 1304 2511 καὶ
1332 2459 1669 2528 κακουργίας
1707 2460 1980 2529 ἐμηχανή-

331 2562 517 2609 σαντο,
552 2545 909 2600 ἐπλάσαντο
954 2546 1146 2620 μωρὰς
1181 2549 1276 2601 καὶ
1305 2548 1664 2612 ἀπαιδεύτους
1696 2549 1975 2621 ζητήσεις,

330 2640 410 2702 είς
432 2638 667 2711 πλάνην
724 2638 962 2692 πολλῶν
1004 2641 1097 2694 καὶ
1136 2640 1473 2695 ἀποστασίαν
1503 2640 1820 2713 παράνομον
1848 2656 1976 2693 σκο-

334 2726 619 2797 πήσαντες
656 2727 818 2798 (ἹΞ).
857 2730 925 2783 El
948 2730 1060 2801 γὰρ
1089 2729 1429 2801 προσεδόκων
1457 2731 1516 2786 τδ
1535 2731 1749 2803 μέλλον,
1771 2733 1819 2785 εἰ
1841 2730 1976 2785 Θεοῦ

332 2821 643 2893 ἐπιδημίαν
667 2824 781 2876 καὶ
794 2822 991 2895 κρίσιν
1007 2822 1316 2885 ἐπίστευον,
1339 2826 1386 2877 εἰ
1412 2824 1632 2878 κόλασιν
1663 2824 1975 2895 ἐφοϐοῦντο,

333 2912 615 2986 τῇπίστει
657 2916 1088 2985 προσήρχοντο,
1133 2914 1490 2985 Εύαγγελίοις
1533 2915 1834 2980 ἐπείθοντο,
1882 2918 1976 2971 καὶ

335 3005 679 3071 ἀποστόλοις
708 3004 1065 3078 ἠκολούθουν
1100 3006 1297 3078 μᾶλλον
1325 3008 1359 3080 ἢ
1390 3007 1673 3079 λογισμοῖς
1700 3009 1977 3081 ἀνθρωπί-

333 3114 467 3162 νοις.
532 3098 810 3170 Χριστὸν
868 3096 987 3177 γὰρ
1017 3096 1217 3161 εὐθέως
1249 3096 1520 3170 ἐκήρυξαν
1563 3099 1874 3164 ἐξελθόντες
1928 3101 1978 3153 οἱ

338 3191 642 3246 ἀπόστολοι
711 3190 1046 3262 συμφώνως
1097 3191 1191 3242 καὶ
1246 3190 1553 3256 ἀκολούθως
1586 3192 1680 3245 τὸν
1724 3190 1851 3246 Υἰὸν
1881 3190 1976 3245 τοῦ

2153 2363 2209 2418 3.
2254 2360 2376 2417 Non
2412 2363 2589 2418 solum
2623 2370 2804 2417 autem
2837 2362 2960 2417 fidei
2993 2377 3117 2418 sese
3150 2362 3446 2433 adjungere
3478 2363 3675 2418 nolue-

2084 2462 2236 2522 runt,
2267 2454 2364 2510 sed
2398 2463 2453 2509 et
2481 2453 2640 2509 dolos
2667 2452 3092 2516 adinvenerunt,
3126 2452 3458 2523 fraudesque
3497 2454 3674 2508 moliti

2084 2554 2215 2603 sunt
2247 2565 2261 2601 :
2297 2547 2497 2602 stultas
2530 2553 2585 2600 et
2614 2546 2838 2617 ignaras
2871 2547 3208 2615 qumstiones
3257 2547 3572 2609 commenti,
3606 2563 3674 2602 eo

2085 2641 2262 2696 solum
2307 2646 2641 2710 spectantes,
2669 2647 2730 2693 ut
2760 2640 2965 2693 multos
2990 2639 3045 2693 in
3076 2654 3343 2703 errorem,
3373 2645 3426 2693 ct
3470 2638 3524 2691 in
3550 2652 3673 2693 sce-

2084 2735 2315 2789 leratam
2368 2732 2728 2789 defectionem
2777 2732 3121 2787 inducerent.
3165 2730 3223 2787 Si
3288 2732 3432 2787 enim
3484 2731 3672 2788 futura

2083 2835 2488 2897 exspectarent,
2512 2826 2558 2881 si
2608 2825 2701 2880 Dei
2749 2825 3044 2879 adventum
3080 2834 3135 2879 et
3176 2823 3443 2894 judicium
3474 2823 3670 2879 crede-

2082 2927 2227 2980 rent,
2273 2917 2321 2973 si
2371 2916 2702 2988 supplicium
2747 2914 3194 2978 reformidarent,
3234 2913 3300 2967 ad
3338 2914 3496 2967 fidem
3535 2929 3671 2969 sane

2080 3008 2428 3075 accederent,
2463 3007 2773 3074 Evangeliis
2804 3006 3266 3076 obtemperarent,
3301 3012 3354 3060 et
3389 3006 3668 3074 apostolos

2081 3102 2257 3173 magis
2286 3116 2451 3171 quam
2485 3100 2723 3155 humana
2765 3099 3057 3155 ratiocinia
3102 3105 3482 3169 sequerentur.
3512 3096 3669 3152 Chri-

2080 3202 2225 3249 stum
2252 3193 2398 3249 enim
2424 3192 2656 3265 apostoli
2687 3191 2871 3247 statim
2902 3198 3066 3261 atque
3090 3188 3321 3261 profecti
3356 3196 3505 3254 sunt,
3529 3203 3667 3244 voco

336 3284 492 3340 Θεοῦ.
531 3283 765 3341 Τοῦτον
794 3283 894 3336 τὸν
919 3284 979 3335 ἐν
1008 3282 1252 3356 Βηθλεὲμ
1278 3283 1605 3356 γεννηθέντα
1632 3285 1697 3337 ἐκ
1731 3285 1978 3356 σπέρμα-

2085 3300 2325 3341 consona
2372 3293 2426 3340 et
2478 3283 2835 3340 conformiter
2866 3283 3302 3354 przedicaveruut
3342 3280 3537 3336 Filium
3570 3280 3666 3338 Dei

337 3394 427 3443 τος
471 3377 657 3433 Δαδὶδ
699 3374 861 3430 κατά
897 3376 1103 3447 σάρκα,
1145 3376 1236 3430 τὸν
1264 3376 1597 3448 ὁμοιωθέντα
1633 3375 1971 3448 ἀνθρώποις,

340 3468 436 3520 καὶ
461 3465 890 3540 σταυρωθέντα
917 3464 1063 3536 ὑπὲρ
1090 3461 1390 3536 ἀνθρώπων
1427 3464 1523 3517 ἐπὶ
1550 3464 1776 3519 Ποντίου
1806 3463 1975 3518 Πιλά-

342 3574 454 3620 του,
479 3559 659 3612 αὑτὸν
709 3552 883 3611 εἷπον
928 3555 1047 3624 ('73)
1096 3554 1250 3618 Θεὸν,
1295 3556 1457 3610 αὐτὸν
1489 3555 1976 3629 ἀνθρωπον,αύτδν

344 3645 496 3703 εἶπον
524 3650 670 3703 Υἱὸν
699 3646 879 3710 Θεοῦ,
914 3647 1084 3700 αὑτὸν
1113 3647 1239 3701 Υίὸν
1268 3646 1581 3719 ἀνθρώπου,
1610 3647 1772 3703 αὐτὸν
1796 3647 1856 3715 ἐξ
1888 3648 1978 3701 οὑ-

347 3741 533 3814 ρανοῦ,
564 3742 758 3798 αὐτὸν
797 3739 918 3795 ἀπὸ
946 3723 1078 3811 γῆς,
1114 3739 1274 3794 αὐτὸν
1302 3740 1512 3808 ἀπαθῆ,
1531 3740 1693 3794 αὑτὸν
1714 3738 1975 3809 παθητὸν,

344 3838 443 3890 οὐκ
479 3835 675 3901 ἄλλον,
740 3834 813 3891 οὗ
875 3833 1152 3907 πρόσωπα
1200 3833 1312 3898 δύο,
1362 3834 1462 3906 οὐχ
1520 3832 1869 3897 ὑποστάσεις,
1914 3834 1976 3887 οὐ

348 3931 778 4003 προσκυνήσεις
807 3926 929 3981 δύο.
966 3925 1067 3990 Τίς
1097 3927 1252 3999 χρεία
1285 3925 1468 3999 ζητεῖν
1496 3927 1591 3981 καὶ
1613 3927 1976 3998 λογομαχεῖνς

347 4023 639 4079 Πιστεύειν
698 4019 1041 4092 συμφέρει,
1098 4020 1190 4073 καὶ
1240 4019 1454 4083 σέϐειν,
1502 4019 1598 4074 καλ⁸
1652 4020 1980 4090 προσκυνεῖν

347 4118 543 4189 σιωπῇ.
581 4110 734 4169 Οἶδα
765 4111 948 4167 αὐτὸν
968 4108 1103 4163 Θεδν
1140 4109 1356 4182 ἀληθῶς
1398 4109 1456 4177 ἐξ
1488 4110 1719 4184 ούρανοῦ
1754 4108 1975 4181 ἀπαθῆ·

345 4204 454 4263 οἶδα
479 4209 658 4264 αὑτὸν
690 4209 767 4260 ἐκ
812 4203 1142 4274 σπέρματος
1172 4202 1336 4256 Δασὶδ
1359 4201 1499 4257 κατά
1533 4202 1733 4275 σάρκα,
1766 4196 1981 4274 ἀνθρω-

345 4317 439 4355 πον
482 4301 604 4357 ἀπὸ
650 4300 774 4370 γῆς
821 4294 1097 4365 παθητόν.
1136 4294 1210 4347 Ού
1254 4292 1421 4366 ζητῶ,
1450 4294 1568 4360 πῶς
1608 4294 1851 4366 παθητὸς
1887 4295 1983 4349 καί

343 4393 556 4466 ἀπαθὴς
591 4393 626 4446 ὁ
658 4389 871 4452 αὐτὸς,
921 4385 1044 4449 πῶς
1083 4385 1215 4449 Θεὸς
1278 4386 1373 4439 καὶ
1419 4384 1539 4449 πῶς
1566 4383 1872 4458 ἄνθρωπος,
1897 4385 1984 4439 ἴνα

344 4486 435 4559 μὴ,
455 4487 517 4540 τὸ
534 4485 667 4550 πῶς
690 4500 770 4538 πε
781 4476 1218 4554 ριεργαζόμενος
1239 4478 1334 4531 καὶ
1346 4477 1437 4531 τὸν
1452 4476 1653 4549 τρόπον
1674 4475 1981 4547 ἀναζητῶν,

340 4578 556 4633 ἐκπέσω
585 4576 695 4632 τοῦ
727 4569 1124 4646 προκειμένου
1146 4572 1278 4640 ἡμῖν
1306 4567 1532 4638 ἀγαθοῦ.
1568 4568 1855 4622 Πιστεύειν
1874 4568 1984 4640 γὰρ

2078 3390 2222 3433 esse.
2274 3373 2433 3429 Hunc
2479 3374 2538 3429 in
2566 3372 2880 3429 Bethlehem
2916 3380 3107 3427 natum
3142 3386 3209 3427 ex
3250 3370 3460 3427 semine
3494 3369 3665 3426 David

2077 3472 2380 3529 secundum
2435 3484 2682 3533 carnem.
2711 3468 3032 3523 hominibus
3084 3458 3316 3521 similem
3351 3464 3574 3527 factum,
3602 3479 3667 3517 ac

2079 3581 2180 3637 pro
2208 3564 2528 3620 hominibus
2560 3561 2885 3617 cruciﬁxum
2928 3560 3032 3615 sub
3058 3557 3258 3612 Pontio
3289 3556 3485 3623 Pilato,
3508 3571 3665 3610 eum-

2078 3656 2202 3710 dem
2248 3654 2439 3709 dixere
2462 3652 2655 3715 Deum,
2692 3660 2747 3706 et
2783 3650 3091 3716 hominem;
3139 3646 3337 3701 Filium
3370 3645 3462 3701 Dei
3496 3654 3552 3701 et
3581 3641 3669 3699 ιη.

2079 3746 2214 3801 lium
2251 3745 2525 3811 hominis;
2560 3760 2627 3803 ex
2653 3742 2816 3804 coelo,
2841 3750 2896 3795 et
2938 3756 3005 3795 ex
3057 3748 3233 3806 terra;
3273 3737 3666 3808 impassibilem

2079 3846 2135 3893 et
2164 3835 2518 3909 passibilem;
2551 3849 2659 3889 non
2705 3832 2897 3897 alium,
2926 3846 3036 3884 non
3070 3845 3337 3901 personas
3375 3828 3535 3894 duas,
3564 3842 3668 3883 nec

2080 3927 2219 3983 duas
2267 3926 2607 3998 liypostases,
2653 3937 2755 3978 nec
2790 3920 2930 3977 duas
2977 3919 3347 3974 adorationes.
3391 3915 3667 3983 Quorsum

2081 4017 2509 4090 disceptationes
2536 4025 2592 4070 et
2614 4015 2904 4070 verborum
2935 4010 3166 4085 pugnae?
3193 4009 3429 4065 Credere
3472 4023 3670 4064 conveo

2081 4113 2186 4177 nit,
2213 4118 2269 4167 et
2319 4126 2431 4166 una
2478 4110 2696 4170 colere.
2746 4116 2912 4177 atque
2965 4103 3197 4159 adorare
3246 4117 3370 4157 cum
3424 4099 3664 4156 silentio.

2082 4206 2335 4277 Agnosco
2363 4202 2542 4272 ipsum
2572 4214 2760 4254 revera
2786 4196 2951 4252 Deum
2975 4212 3040 4252 ex
3065 4195 3207 4251 ccelo
3234 4192 3664 4265 impassibilem:

2084 4311 2327 4368 agnosco
2349 4294 2529 4365 ipsum
2556 4306 2623 4345 ex
2648 4289 2858 4346 semine
2887 4287 3057 4343 David
3084 4285 3386 4343 secundum
3417 4295 3663 4344 carnem,

2084 4387 2363 4444 hominem
2395 4382 2462 4439 de
2491 4392 2639 4438 terra
2670 4380 3007 4451 passibilcm.
3033 4377 3155 4433 Non
3181 4390 3367 4448 quer
3388 4370 3667 4444 quomodo

2086 4477 2230 4533 idem
2267 4474 2547 4548 passibilis
2580 4480 2634 4527 et
2658 4468 3016 4541 impassibilis
3051 4469 3123 4525 sit
3154 4487 3167 4523 :
3201 4464 3479 4537 quomodo
3520 4461 3666 4517 Deus

2086 4579 2141 4627 et
2169 4571 2369 4635 homo;
2401 4581 2470 4622 ne
2513 4564 2669 4627 illud,
2695 4563 2990 4636 quomodo,
3016 4560 3291 4615 curiosius
3332 4556 3669 4627 investigan-

342 4669 553 4742 πρῶτον
588 4668 739 4743 χρὴ,
781 4641 891 4720 καὶ
914 4658 1184 4725 δοξάζειν,
1235 4660 1331 4713 καὶ
1366 4659 1619 4732 δεύτερον
1648 4658 1856 4714 ἄνωθεν
1879 4659 1978 4731 τὴν

2085 4662 2174 4725 do,
2209 4661 2583 4728 rationemque
2630 4654 3020 4729 perquirendo,
3049 4653 3177 4708 boni
3207 4651 3366 4705 nobis
3398 4646 3667 4719 propositi

340 4764 599 4819 σύστασιν
632 4760 875 4817 ⁸τούτων
933 4752 1230 4817 αἰτεῖσθαι,
1265 4752 1360 4807 καὶ⁵
1392 4751 1467 4824 μὴ
1495 4752 1740 4806 κάτωθεν
1772 4750 1981 4822 ταύτην

338 4856 668 4929 πορίζεσθαι
728 4850 804 4916 ἐξ
849 4847 1100 4919 αἵματος
1140 4844 1235 4898 καὶ
1267 4843 1491 4915 σαρκὸς,
1529 4842 1643 4897 ἀλλ’
1670 4842 1729 4911 ἐξ
1773 4843 1983 4897 ἀποκα-

335 4946 542 5017 λύψεως
600 4943 778 5006 θείας
818 4929 929 4993 καὶ
961 4934 1234 5006 οὐρανίου.
1271 4952 1291 4987 ι
1333 4936 1623 5007 Μακάριος
1657 4952 1676 4986 ι
1716 4932 1826 5005 γάρ
1852 4952 1869 4984 ι
1910 4930 1981 4999 εἴ,

334 5036 512 5108 Σίμων
539 5035 674 5107 Βάρ
726 5027 912 5085 Ἰωνᾶ
933 5023 1072 5097 (τι),
1106 5023 1186 5078 ὃτι
1212 5023 1347 5097 σὰρξ
1380 5025 1474 5078 xui.
1506 5018 1649 5095 αἷμα
1678 5023 1779 5078 οὐκ
1834 5024 1973 5076 ἁπε-

602 5142 727 5189 σοι,
766 5118 905 5175 ἀλλ’
940 5119 973 5171 6
1012 5115 1202 5187 Πατήρ
1224 5133 1324 5188 μου
1354 5118 1383 5171 ὁ
1415 5119 1472 5170 ἐν
1505 5119 1619 5180 τοῖς
1646 5115 1914 5186 οὐρανοῖς·
1955 5135 1976 5169 ι

329 5220 437 5286 καὶ,
475 5240 497 5272 ι
538 5218 622 5273 Σὺ
663 5211 726 5270 εἷ
779 5209 1039 5281 Πέτρος,
1071 5208 1164 5260 καὶ
1209 5207 1303 5260 ἐπὶ
1333 5208 1590 5282 ταύτῃτῇ
1637 5208 1813 5280 πέτρᾳ
1845 5209 1983 5262 οἰκο-

324 5308 547 5383 δομήσω
573 5326 694 5383 μου
720 5305 847 5375 τὴν
888 5296 1247 5367 Ἐκκλησίαν,
1271 5300 1366 5353 καὶ
1400 5300 1565 5353 πύλαι
1591 5298 1717 5371 ᾅδου
1733 5300 1795 5352 οὐ
1826 5315 1980 5353 κατι-

327 5403 629 5473 σχύσουσιν
678 5397 916 5467 αὐτῆς.
963 5410 986 5444 ι
1038 5388 1237 5454 Πιστὸς
1281 5392 1312 5445 ὁ
1341 5391 1522 5461 λόγος,
1555 5393 1652 5446 καὶ
1680 5392 1979 5457 ἀσάλευτος

387 5589 432 5621 ιι
471 5584 496 5641 l
530 5585 686 5643 Cor.
729 5590 847 5637 xv.
885 5570 996 5627 28.
1068 5568 1115 5600 ⁸⁸
1155 5566 1346 5624 Matth.
1382 5585 1505 5635 xvi,
1536 5569 1622 5623 l7.

385 5742 505 5814 (7m
538 5723 1329 5814 Waszbn’fetﬁ‘rz
1343 5723 1577 5814 Emens-

385 5794 504 5886 iiii
534 5812 816 5886 came.
861 5794 1698 5886 (tiﬁkifj'fii'ﬁb33‘???“

320 5864 574 5939 τιὲέᾎὶαἱ
600 5864 648 5934 ῦὸ
676 5873 837 5933 Υιδς
876 5864 1291 5951 ὖποταγήεξεται
1309 5864 1388 5937 τῷ
1416 5866 1610 5984 Περι.
1894 5936 1904 5947 ι
1940 5934 1951 5943 .

390 5954 512 5984 nm
549 5946 720 5984 I1..."
767 5983 775 5984 ,
824 5934 1013 5984 ηοω-
1056 5943 1114 5984 et
1143 5933 1332 5984 δορυ-.
1376 5952 1514 5984 σκο..
1543 5951 1773 5984 .σαντεε.
1815 5934 1951 5984 Edm

390 5933 782 6026 (3233591.,
824 5934 1013 5997 Gobl.
1056 5933 1332 6007 et'Segu.,
1359 5933 1773 6006 ’σκοπήσαντες.
1815 5934 1977 6004 Editi,

2078 4748 2353 4820 jacturam
2403 4747 2621 4801 faciam.
2651 4746 2895 4802 Primum
2924 4746 3069 4799 enim
3105 4742 3330 4798 credere
3360 4748 3573 4810 Oportet
3602 4752 3667 4791 ac

2081 4843 2393 4914 glorificare
2427 4840 2736 4906 :secundo,
2778 4855 2843 4895 ex
2898 4838 3039 4893 etelo
3084 4836 3279 4890 harum
3325 4832 3508 4887 rerum
3533 4844 3668 4884 con-

2084 4933 2425 4991 stitutionem
2454 4940 2660 5002 petere,
2681 4946 2791 4985 non
2822 4940 3004 4985 autem
3024 4928 3091 4983 ab
3114 4930 3224 4982 imo
3248 4925 3393 4980 illam
3417 4939 3482 4978 ex
3500 4936 3667 4977 carne

2083 5031 2137 5079 et
2168 5022 2435 5095 sanguine
2480 5021 2804 5087 desumere;
2835 5020 2931 5075 sed
2988 5035 3052 5075 ex
3107 5017 3292 5072 divina
3346 5020 3399 5066 et
3451 5012 3665 5068 cmlesti

2088 5115 2438 5171 revelatione.
2464 5111 2601 5166 Nam
2643 5131 2661 5163 ι
2700 5110 2900 5167 Beatus
2925 5127 3006 5173 es,
3035 5108 3225 5164 Simon
3259 5104 3512 5174 Barjona,
3537 5105 3666 5176 quia

2087 5221 2218 5263 caro
2244 5213 2299 5261 et
2327 5203 2554 5274 sanguis
2581 5217 2690 5257 non
2722 5202 2985 5257 revelavit
3016 5200 3113 5253 tibi
3144 5218 3157 5254 :
3192 5197 3286 5253 sed
3318 5195 3479 5251 Pater
3510 5212 3669 5253 meus

2087 5298 2181 5371 qui
2205 5298 2260 5353 in
2283 5297 2440 5352 cmlis
2459 5302 2543 5350 est
2560 5294 2607 5326 ⁸¹
2624 5312 2638 5360 ;
2653 5314 2672 5346 ι
2694 5301 2777 5349 et:
2803 5313 2822 5345 ‹
2846 5292 2927 5347 Tu
2952 5308 3013 5348 es
3030 5290 3244 5353 Petrus,
3270 5296 3324 5344 et
3344 5303 3510 5359 super
3527 5289 3670 5343 hanc

2087 5398 2298 5464 petram
2344 5386 2627 5442 aedificabo
2656 5385 2957 5442 Ecclesiam
2987 5397 3185 5447 meam,
3212 5390 3266 5437 et
3296 5390 3470 5454 porte
3508 5379 3670 5437 inferi

2093 5726 2468 5785 σκοπίσαντες.

2164 5797 2276 5865 (75)
2304 5794 2469 5865 Basil,
2500 5789 2870 5865 hic'et_i_nfra,
2906 5785 3085 5865 εἶπαν.

2164 5854 2277 5939 (7t)
2307 5862 2651 5928 Basilicnsis,
2691 5860 2871 5919 Ἰωνᾶ.
2907 5860 3010 5915 am
3040 5867 3092 5915 ct
3123 5854 3277 5924 editi,
3316 5857 3487 5910 Ἴωνα.
