4048 6406
567 468 669 523 127

1687 473 1744 528 S.
1786 473 2250 536 ATliANASiUS.
2290 509 2362 519 —
2396 478 2624 536 DUBIA.

3714 490 3816 543 128

562 598 675 638 non
725 583 1095 654 prevalebunt
1129 586 1393 643 adversus
1416 601 1534 643 eam
1549 588 1616 643 ³⁸.
1649 608 1666 638 ι
1709 587 1910 645 Fidelis
1943 608 2133 658 sermo1

2249 598 2281 668 ἡ
2312 597 2621 669 ὑπόσχεσις,
2671 597 2767 653 καὶ
2812 599 2845 672 ἠ
2906 599 3198 672 Ἐκκλησία
3234 601 3517 673 ἀήττητος,
3551 602 3657 658 κᾶν
3690 603 3818 676 ᾅδου

562 682 618 729 et
643 688 754 728 non
803 674 1067 730 vacillans
1117 676 1407 745 promissio
1439 697 1453 732 :
1493 678 1694 734 invicta
1720 695 1811 736 res
1836 690 1921 737 est
1951 682 2140 737 Eccle-

562 764 666 830 sia,
692 764 906 820 etiamsi
937 764 1117 820 adsint
1146 774 1316 836 portae
1346 767 1525 835 inferi,
1543 772 1794 840 quamvis
1825 787 1950 828 cum
1974 774 2140 831 infer-

560 872 667 912 nus
695 856 834 926 ipse,
866 867 979 911 tum
1026 859 1064 913 ii
1114 860 1207 930 qui
1235 860 1292 915 in
1322 861 1443 932 ipso
1473 870 1603 919 sunt
1640 865 1917 937 principes
1949 869 2138 923 mundi

560 948 914 1004 tenebrarum
942 959 1285 1008 moveantur.
1310 953 1539 1011 Conﬁde
1568 956 1646 1010 illi
1672 958 1763 1027 qui
1794 958 1871 1012 ait
1902 977 1915 1012 :
1953 976 1973 1010 ι
1997 958 2142 1014 Con-

560 1033 730 1102 ﬁdite,
755 1051 855 1106 ego
878 1036 985 1093 vici
1011 1039 1273 1095 mundum
1290 1040 1360 1105 “,
1393 1060 1412 1094 ι
1441 1052 1495 1098 et
1519 1060 1619 1114 per
1640 1047 1928 1115 passiones
1952 1048 2137 1103 itidem

508 1180 515 1183 _
558 1127 664 1181 vici
693 1146 707 1182 :
738 1129 1183 1201 quandoquidem
1235 1135 1330 1205 qui
1379 1133 1495 1190 haec
1540 1138 1847 1206 patiebatur
1884 1139 2141 1196 Ecclesiae

480 1238 511 1278 ·,
564 1215 846 1281 Dominus,
871 1222 1054 1291 potius
1070 1222 1416 1286 vincebat,et
1436 1225 1733 1282 crucifixus
1750 1228 2002 1285 homines
2025 1232 2139 1286 sal-

559 1322 657 1365 vos
707 1309 961 1379 faciebat,
988 1328 1052 1367 ac
1082 1314 1366 1369 moriendo
1388 1316 1718 1374 viviﬁcabat.
1748 1318 1915 1376 Vides
1960 1323 2143 1377 audis-

515 1450 523 1457 .
558 1415 665 1471 que
702 1404 955 1458 eumdem
1004 1420 1114 1459 una
1146 1405 1313 1460 Deum
1338 1416 1392 1461 et
1421 1408 1721 1467 hominem.
1747 1410 1803 1466 Si
1826 1414 1971 1467 enim
1997 1412 2140 1471 Deus

510 1550 515 1553 _
558 1499 772 1547 tantum
827 1504 997 1559 esset,
1047 1498 1322 1566 quomodo
1377 1515 1601 1570 passus,
1655 1504 1931 1573 quomodo
1966 1507 2141 1561 cruci-

558 1580 721 1646 ﬁxus,
751 1591 806 1636 et
833 1593 1084 1640 mortuus
1110 1580 1341 1643 fuisset?
1369 1589 1485 1644 haec
1508 1593 1710 1662 quippe
1745 1608 1775 1647 a
1820 1594 1929 1650 Deo
1962 1597 2138 1652 aliena

559 1682 708 1728 sunt.
742 1673 808 1727 Et
860 1675 907 1729 si
962 1676 1126 1733 homo
1183 1678 1472 1748 duntaxat,
1504 1685 1780 1753 quomodo
1810 1702 1906 1755 per
1937 1690 2142 1758 passio-

557 1778 682 1816 nem
713 1760 952 1828 vicisset,
983 1767 1215 1825 salutem
1233 1777 1285 1823 et
1303 1771 1468 1825 vitam
1500 1775 1947 1832 attulisset?Hazc
1972 1795 2135 1849 supra

561 1852 835 1908 hominem
861 1864 1038 1911 erant.
1074 1857 1222 1913 Idem
1254 1869 1435 1916 autem
1466 1870 1520 1917 et
1543 1866 1748 1933 patitur
1781 1874 1835 1921 et
1862 1878 2063 1933 servat,
2084 1879 2137 1925 et

557 1960 654 2014 per
706 1948 1019 2015 passionem
1059 1951 1250 2010 vincit.
1308 1952 1458 2010 Idem
1507 1955 1676 2022 Deus,
1736 1958 1880 2016 idem
1928 1962 2132 2018 homo:
2170 1940 2210 1988 η

552 2039 714 2092 ambo
749 2046 809 2093 ut
840 2057 1034 2106 unum,
1073 2051 1372 2117 utrumque
1402 2055 1462 2101 ut
1491 2050 1692 2105 solum.

619 2126 730 2199 40
768 2130 825 2186 4.
872 2130 979 2186 Sed
1010 2133 1150 2188 forte
1195 2137 1470 2207 quispiam
1524 2154 1593 2194 ex
1633 2142 2061 2211 sapientioribus
2085 2161 2140 2208 et

548 2221 849 2288 generosis,
872 2222 925 2277 in
957 2225 1192 2280 medium
1224 2229 1507 2298 prodiens,
1542 2244 2142 2314 accuratusqueinqui-

546 2314 683 2365 αξιοι·
703 2332 717 2366 :
739 2312 871 2369 Pars
888 2316 1073 2384 igitur,
1092 2318 1483 2384 dixerit,\’erl)i
1501 2338 1700 2401 Corpus
1715 2342 1893 2395 est,ac
1912 2312 2142 2409 Filii—hy-

548 2412 834 2473 postaseos
863 2411 1343 2481 complementum,
1389 2430 1448 2475 ut
1476 2439 1620 2479 unus
1649 2425 1720 2479 sit
1750 2424 1921 2482 Filius
1953 2428 2043 2483 Dei
2071 2446 2139 2485 ex

548 2496 799 2566 utrisque
813 2506 1097 2571 constans,
1112 2504 1205 2578 qui
1226 2511 1577 2581 imperfectus
1592 2531 1659 2571 ex
1676 2532 1735 2571 se
1750 2518 1842 2582 sit,
1872 2527 1925 2574 et
1941 2535 2138 2592 corpo-

547 2602 609 2642 re
632 2589 699 2642 ad
725 2604 888 2682 suam
914 2598 1302 2667 perfectionem
1330 2603 1592 2675 indigeat.
1622 2608 1838 2680 Alioqui
1867 2589 2139 2682 quomodo

546 2680 736 2743 unus?
765 2695 860 2742 aut
906 2692 1182 2760 quomodo
1221 2709 1329 2748 una
1354 2695 1685 2767 .bypostasis
1725 2708 1780 2756 et
1822 2680 1926 2757 una
1952 2719 2141 2773 perso-

548 2791 620 2831 na
637 2777 873 2849 ?alioqui
889 2796 1130 2847 rursum,
1151 2784 1194 2838 si
1213 2800 1317 2839 una
1333 2787 1405 2840 sit
1426 2786 1589 2843 Verbi
1607 2797 1661 2844 et
1681 2792 1864 2847 carnis
1883 2794 2139 2864 hyposta—

546 2868 645 2931 sis,
660 2872 933 2939 quomodo
951 2873 1067 2943 ipsa
1090 2872 1371 2941 FiliusDei
1399 2880 1516 2934 est?
1537 2878 1679 2937 Caro
1696 2882 1859 2953 igitur
1878 2883 1989 2941 Deo
2004 2901 2138 2941 con-

547 2962 924 3017 substantialis
966 2966 1092 3031 erit,
1136 2968 1282 3038 quod
1312 2969 1558 3039 proferre
1584 2973 1812 3045 impium
1836 2984 1940 3033 est.
1979 2977 2136 3044 Quod

546 3052 594 3108 si
630 3053 733 3108 hoc
761 3053 838 3108 ita
874 3071 934 3111 se
966 3055 1188 3122 habeat,
1220 3076 1399 3130 neque
1422 3060 1659 3119 Verbum
1687 3065 1858 3124 Filius
1890 3070 1995 3125 erit
2028 3071 2137 3126 Deo

544 3144 1060 3214 consubstantialis,
1089 3151 1235 3220 quod
1274 3155 1435 3222 plane
1469 3157 1770 3213 absurdum
1801 3170 1886 3215 est
1918 3180 1931 3217 :
1964 3164 2135 3234 siqui-

548 3235 671 3291 dem
703 3234 945 3292 Verbum
996 3247 1081 3294 est
1117 3241 1440 3311 perfectum,
1487 3251 1980 3320 consubstantiale,
2008 3271 2133 3325 pro-

543 3327 831 3400 priamque
878 3330 1024 3400 apud
1080 3350 1140 3391 se
1195 3336 1356 3393 habet
1414 3354 1631 3410 semper
1674 3342 2017 3414 hypostasin,
2066 3364 2131 3404 ac

550 3417 702 3472 nullo
741 3418 969 3492 indiget.
1000 3422 1270 3487 Caeterum
1300 3429 1394 3496 qui
1425 3432 1499 3483 ita
1526 3442 1783 3504 arguunt,
1822 3453 1977 3493 suam
2012 3454 2132 3494 sen-

542 3509 774 3564 tentiam
812 3528 1000 3583 aperte
1029 3516 1335 3578 declarant.
1365 3537 1556 3593 nempe
1587 3526 1724 3583 duas
1749 3543 1873 3585 esse
1918 3529 2130 3587 Domini

542 3599 719 3654 nostri
753 3598 886 3658 Jesu
919 3603 1124 3660 Christi
1158 3608 1481 3679 hypostases
1510 3632 1522 3667 :
1553 3630 1654 3670 nos
1676 3616 1803 3671 item
1838 3620 2129 3677 calumniis

542 3691 835 3762 impetum,
887 3702 1051 3766 atque
1103 3699 1253 3755 nulla
1298 3718 1407 3758 non
1454 3707 1666 3763 ratione
1705 3717 1962 3782 satagunt
2019 3730 2132 3769 ser-

541 3798 735 3841 mones
755 3793 978 3843 nostros
1003 3789 1070 3844 ad
1096 3792 1302 3863 aliquid
1333 3796 1557 3852 absurdi
1589 3800 1936 3872 detorquere,
1967 3814 2027 3859 ut
2052 3807 2131 3860 di-

538 3887 733 3931 camus
770 3890 995 3947 corpus,
1017 3878 1181 3935 Verbi
1228 3883 1589 3955 hypostaseos
1642 3894 2124 3963 complementum,

540 3974 637 4022 aut
686 3966 796 4023 Deo
843 3971 1317 4030 consubstantiale
1375 3992 1519 4044 esse,
1571 3988 1666 4035 aut
1707 3991 2029 4039 extraneum
2074 3994 2128 4041 et

504 4106 511 4117 ,
537 4058 779 4113 alienum
807 4062 1033 4116 omnino
1064 4077 1094 4115 a
1124 4062 1246 4118 Filii
1282 4066 1586 4138 hypostasi,
1622 4088 1744 4148 qua;
1773 4083 1953 4132 tamen
1980 4078 2129 4148 ipso-

538 4164 664 4206 rum
700 4151 867 4206 verba
916 4161 1087 4209 sunt:
1119 4171 1246 4211 nam
1302 4160 1464 4214 aliam
1509 4142 1950 4237 illi.hyp'ostasin
1976 4142 2129 4224 indu-

536 4249 690 4304 cunt,
723 4244 929 4307 carnis,
964 4246 1080 4301 sive
1118 4258 1177 4303 ut
1222 4249 1327 4320 ipsi
1360 4253 1535 4317 aiunt,
1568 4260 1833 4328 assumpti
1867 4259 2124 4325 hominis,

536 4341 591 4386 et
613 4333 773 4387 aliam
801 4336 1135 4392 assumentis
1161 4338 1256 4394 Dei
1286 4359 1299 4396 :
1330 4341 1491 4397 aliam
1516 4361 1808 4414 personam
1837 4347 1959 4402 Filii
1990 4348 2080 4404 Dei
2108 4390 2122 4410 .

535 4430 593 4479 et
628 4425 791 4479 aliam
821 4442 1111 4495 personam
1146 4429 1272 4486 Filii
1318 4433 1582 4502 hominis,
1612 4454 1682 4493 ex
1715 4440 1924 4495 semine
1954 4439 2124 4495 David

537 4517 838 4572 secundum
873 4535 1114 4578 carnem.
1138 4522 1216 4578 lta
1248 4539 1308 4580 ut
1335 4543 1511 4598 neque
1540 4528 1712 4586 Filius
1743 4530 1837 4586 Dei
1867 4532 2125 4589 sitFilius

537 4607 798 4673 hominis,
830 4626 954 4668 cum
1010 4614 1083 4669 sit
1136 4615 1389 4674 diversus
1421 4635 1450 4673 a
1482 4619 1705 4677 Davidis
1763 4624 2071 4679 substantia
2106 4643 2121 4681 :

494 4744 499 4749 .
536 4716 716 4771 neque
761 4703 854 4772 qui
907 4706 1207 4761 secundum
1250 4723 1472 4765 carnem
1510 4720 1672 4768 natus
1706 4722 1813 4778 est,
1847 4714 2021 4771 Filius
2051 4717 2123 4771 sit
2158 4690 2200 4743 θ

535 4790 654 4856 Dei,
686 4808 812 4848 cum
867 4796 939 4850 sit
987 4799 1216 4856 alterius
1269 4802 1591 4858 substantia:
1617 4820 1648 4856 a
1674 4803 1803 4860 Deo.
1836 4807 1951 4862 Nos
1993 4823 2122 4863 vero

535 4896 704 4936 unum
761 4886 1121 4960 eamdemque
1173 4890 1408 4948 dicimus
1453 4892 1646 4957 Deum,
1678 4893 1896 4963 fratres,
1932 4898 1986 4952 in
2018 4899 2123 4953 hoc

530 4975 839 5045 prophetis,
880 4981 1259 5053 apostolisque
1309 4983 1777 5055 obtemperantes,
1826 5004 1907 5043 ac
1938 4991 2122 5060 potius

530 5069 878 5138 evangelista
930 5073 1228 5138 credimus,
1264 5090 1428 5144 quam
1464 5078 1650 5145 gentili
1688 5080 1968 5150 sapientia:
2006 5083 2126 5136 ani-

535 5170 682 5210 mum
708 5158 1091 5227 adhibeamus,
1128 5174 1221 5218 aut
1251 5166 1507 5221 humanis
1528 5171 1920 5225 conturbemur
1952 5174 2119 5227 ratio-

533 5245 716 5303 ciniis.
767 5250 843 5303 Δί·
895 5260 966 5307 de
1015 5254 1238 5324 propria
1289 5255 1467 5312 salute
1529 5258 1895 5328 decertantes,
1946 5260 2116 5320 Deum

600 5401 648 5434 ⁸³
679 5403 869 5461 Matth.
906 5424 1022 5473 xw,
1061 5408 1150 5464 18.
1225 5410 1273 5443 ⁸⁵
1309 5409 1472 5467 Joan.
1506 5429 1633 5481 xvr,
1671 5415 1760 5470 55.

609 5555 722 5629 (75)
750 5557 911 5637 _Haec,_
956 5560 1060 5637 κᾶν
1110 5561 1239 5637 ᾅδου
1281 5564 1446 5620 πύλαι
1492 5567 1873 5637 ὲπιγένωνται,
1910 5570 1967 5626 in
2000 5572 2121 5626 solo

538 5625 875 5695 Segueriano
899 5625 1192 5696 habentur,
1228 5634 1281 5688 in
1314 5637 1474 5692 editis
1499 5625 1717 5696 desunt.

606 5697 718 5778 (76)
755 5698 945 5778 Basil"
987 5700 1236 5770 Seguer.,
1272 5704 1497 5778 ταύτης,
1557 5718 1611 5764 et
1665 5712 1885 5781 quidem
1945 5719 2113 5767 recte.

534 5764 699 5821 Edltt.
733 5785 927 5823 ταυτα.

531 5836 721 5962 ὀξέι-ἐζ)
763 5839 841 5893 ua
874 5838 1101 5911 segne"
1148 5843 1367 5900 Gobler.
1420 5854 1474 5903 et
1518 5849 1663 5905 Felc.
1703 5867 1739 5906 ι.
1779 5848 1836 5904 ln
1881 5850 2013 5907 edit.
2058 5850 2114 5904 δέ

2239 689 2406 743 πύλαι
2452 690 2809 759 ὲπιγένωνται
2855 692 2993 763 (75),
3036 692 3137 747 κᾶν
3176 693 3205 746 ό
3231 693 3365 765 ᾅδης
3389 694 3551 759 αὑτὸς
3597 695 3815 766 κινηθῇ,

2238 780 2341 834 κᾶν
2377 782 2427 834 οί
2450 782 2680 854 ὲνάὑτῷ
2717 783 3154 857 κοσμοκράτορες
3202 782 3296 838 τοῦ
3333 784 3578 848 σκότους.
3613 784 3821 856 Θάρσει

2239 871 2318 943 τῷ
2336 873 2606 945 εἰρηκότι*
2640 893 2662 926 ο
2688 873 2970 947 Θαρσεῖτε,
2991 873 3102 943 ἐγὼ
3131 875 3390 946 νενίκηκα
3421 874 3511 928 τὸν
3532 875 3759 946 κόσμον,
3796 897 3813 928 ι

2240 961 2338 1017 καὶ
2375 966 2488 1027 τοῖς
2520 963 2838 1035 παθήμασιν
2889 952 3094 1037 ὁμοίως
3150 965 3441 1035 νενίκηκα·
3495 965 3686 1036 ἐπειδὴ
3725 968 3816 1018 καὶ

2245 1056 2275 1108 ό
2326 1054 2530 1126 ταύτης
2568 1054 2677 1127 (76)
2710 1056 3007 1129 Δεσπότης,
3043 1056 3231 1113 παθὼν
3265 1056 3462 1128 μᾶλλον
3491 1057 3669 1120 ἐνίκα,
3727 1057 3817 1111 καῖ

2240 1147 2642 1218 σταυροὺμενος
2693 1147 2900 1215 ἔσωζε,
2950 1149 3045 1202 καὶ
3094 1148 3450 1220 ἀποθνήσκων
3511 1149 3816 1213 ὲζωοποίει.

2251 1237 2417 1312 Ὁρᾷς
2446 1240 2540 1294 καὶ
2563 1239 2781 1305 ἀκούεις
2805 1240 2897 1295 τὸν
2922 1241 3083 1296 αὑτὸν
3108 1242 3223 1313 ἅμα
3241 1242 3372 1297 Θεὸν
3394 1244 3488 1297 καὶ
3508 1243 3816 1316 ἄνθρωπον.

2241 1331 2305 1384 Εί
2324 1331 2434 1403 γὰρ
2457 1330 2590 1395 Θεὸς
2624 1332 2782 1403 μόνον
2805 1328 2894 1404 ἢν,
2920 1332 3039 1396 πῶς
3061 1332 3283 1404 ἔπασχε,
3316 1334 3432 1398 πῶς
3462 1333 3815 1406 ὲσταυροῦτο,

2240 1424 2334 1478 καὶ
2362 1424 2703 1495 ἀπέθνησκεν
2729 1442 2744 1491 ;
2781 1426 3035 1497 ἀλλότρια
3078 1424 3188 1496 γὰρ
3211 1425 3380 1479 ταῦτα
3434 1426 3591 1479 Θεοῦ.
3623 1428 3734 1480 Καὶ
3766 1429 3817 1479 εί

2238 1514 2524 1586 ἄνθρωπος
2571 1516 2749 1587 μόνον,
2801 1516 2918 1580 πῶς
2967 1516 3053 1570 διὰ
3107 1517 3312 1581 πάθους
3364 1517 3540 1580 ἐνίκα,
3590 1517 3813 1583 ἔσωζεν,

2240 1604 2557 1679 ἐζωοποίεις
2603 1604 2772 1657 Ταῦθ’
2804 1606 2946 1677 ὑπὲρ
2994 1606 3277 1679 ἄνθρωπον
3302 1602 3390 1680 ἦν.
3439 1609 3496 1662 'U
3546 1608 3603 1661 δὲ
3655 1608 3819 1671 αὐτὸς

2239 1674 2333 1750 καὶ
2354 1696 2576 1767 πάσχει,
2599 1697 2693 1750 καὶ
2722 1674 3028 1763 σώζει,καὶ
3058 1674 3146 1754 aia;
3176 1698 3267 1752 τοῦ
3303 1674 3507 1763 πάθους
3540 1699 3720 1753 ἐνίκα.
3756 1701 3816 1753 ’0

2238 1788 2399 1853 αὑτὸς
2428 1788 2580 1856 Θεὸς,
2607 1792 2637 1847 ό
2672 1790 2831 1857 αὑτὸς
2871 1794 3175 1866 ἄνθρωπος,
3203 1791 3265 1845 τὸ
3305 1792 3713 1865 συναμφότερον
3740 1793 3815 1855 ὼς

2238 1881 2318 1948 ἓν,
2351 1882 2610 1960 ἑκάτερον
2641 1886 2717 1950 ὡς
2750 1886 2933 1958 μόνον.
3310 1938 3311 1941 η
3534 1967 3543 1979 .
3756 1911 3760 1915 ·

2310 2147 2364 2201 4.
2415 2147 2553 2200 Ἀλλ’
2584 2146 2713 2212 ἴσως
2766 2148 2882 2219 ἐρεῖ
2915 2166 2998 2213 τις
3028 2148 3136 2201 (ῶν
3184 2147 3365 2217 σοφῶν
3407 2148 3500 2202 καὶ
3550 2147 3817 2217 γενναίων

2240 2238 2524 2310 παρελθὼν
2555 2241 2613 2293 ὲν
2670 2240 2820 2312 μέσῳ
2855 2240 3086 2313 ἀκριϐὴς
3111 2240 3370 2313 ζητητής
3398 2239 3580 2312 Μέρος
3599 2235 3693 2293 οὖν
3716 2238 3811 2293 τοῦ

2239 2331 2412 2398 Λόγου
2438 2331 2498 2385 τὸ
2549 2331 2726 2401 σῶμα,
2760 2332 3215 2404 συμπληρωτικὸν
3243 2332 3340 2403 τῆς
3372 2331 3465 2386 τοῦ
3492 2330 3623 2385 Υίοῦ
3684 2333 3817 2385 ὑπο-

2242 2418 2503 2483 στάσεως,
2528 2416 2647 2493 ἴν¹¹ᾖ
2678 2415 2759 2484 εἷς
2792 2421 2918 2485 Υίὺς
2949 2421 3042 2475 τοῦ
3072 2420 3207 2475 Θεοῦ
3243 2421 3302 2489 ἐξ
3336 2421 3660 2495 ἀμφοτέρων
3685 2438 3812 2490 συγ-

2240 2510 2509 2579 κείμενος,
2541 2512 2637 2565 καὶ
2665 2511 2859 2583 ἀτελὴς
2880 2512 2954 2566 ὢν
2986 2512 3107 2567 καθ’
3130 2512 3342 2577 ἑαυτὸν,
3377 2514 3474 2568 καὶ
3503 2513 3596 2567 τοῦ
3629 2511 3820 2584 σώμα-

2237 2618 2328 2666 τος
2362 2605 2441 2667 είς
2483 2604 2761 2658 τελείωσιν
2806 2605 3221 2677 προσδεόμενος.
3268 2606 3421 2661 Ἐπεὶ
3468 2607 3587 2672 πῶς
3620 2601 3737 2671 εἷς,
3778 2607 3812 2679 ἦ

2240 2695 2357 2759 πῶς
2387 2696 2485 2766 μία
2537 2697 2834 2761 ὑπόστασις
2868 2699 2963 2752 καὶ
3004 2698 3061 2750 ἓν
3092 2697 3412 2770 πρόσωπον;
3458 2699 3581 2753 ἐπεὶ
3629 2698 3817 2763 πάλιν,

2238 2788 2287 2839 εί
2319 2787 2415 2858 μία
2448 2787 2746 2853 ὑπόστασις
2798 2788 2891 2842 τοῦ
2944 2789 3119 2859 Λόγου
3166 2790 3259 2844 καὶ
3300 2792 3401 2861 τῆς
3442 2791 3666 2864 σαρκὸς,
3698 2792 3818 2856 πῶς

2237 2879 2293 2934 δὲ
2321 2879 2432 2950 (77)
2468 2879 2597 2943 Υίδς
2625 2880 2761 2953 αὕτη
2795 2881 2889 2935 τοῦ
2914 2881 3084 2948 Θεοῦ;
3137 2883 3452 2954 ὐμοοὺσιος
3501 2883 3612 2956 ἄρα
3661 2884 3814 2939 ἔσται

2237 2971 2332 3026 καὶ
2362 2973 2394 3043 ὴ
2424 2972 2557 3043 σάρξ
2578 2972 2656 3043 τῷ
2688 2973 2827 3044 Θεῷ,
2856 2975 2994 3046 ὅπερ
3024 2975 3175 3029 ἐστὶν
3213 2974 3428 3040 ἀσεϐές.
3464 2977 3526 3030 Ei
3555 2976 3613 3030 δὲ
3634 2975 3819 3039 τοῦτο,

2238 3064 2359 3118 οὐδὲ
2397 3065 2425 3116 ό
2453 3064 2625 3133 Λόγος
2653 3064 2783 3130 Υἱὸς
2811 3065 2963 3121 ἔσται
3012 3065 3297 3140 όμοοὺσιος
3333 3067 3427 3121 τοῦ
3471 3066 3630 3130 Θεοῦ,
3680 3070 3818 3140 ὅπερ

2239 3158 2389 3211 ἐστὶν
2414 3157 2616 3212 ἄτοπον
2639 3174 2653 3189 ’
2678 3158 2708 3211 ό
2726 3158 2897 3228 Λόγος
2916 3159 3025 3233 γὰρ
3044 3160 3245 3226 τέλειος
3265 3161 3360 3214 καὶ
3391 3161 3697 3231 όμοοὺσιος,
3721 3162 3818 3216 καὶ

2244 3248 2377 3302 ἰδίαν
2430 3248 2555 3302 καθ’
2588 3247 2778 3303 ἑαυτὸν
2819 3249 2959 3322 ἔχων
2992 3251 3290 3305 ὑπόστασιν
3323 3251 3430 3317 ἀεὶ,
3466 3251 3561 3306 καὶ
3588 3252 3820 3325 μηδενὸς

2238 3342 2648 3414 προσδεόμενος.
2685 3342 2747 3397 Οἱ
2771 3341 2946 3397 ταῦτα
2995 3342 3425 3416 κατηγοροῦντες
3472 3344 3571 3416 τὴν
3607 3345 3818 3399 ἑαυτῶν

2235 3431 2459 3504 γνώμην
2520 3436 2760 3508 φανερὰν
2817 3436 3167 3503 καθιστῶσιν,
3227 3441 3310 3493 ὅτι
3345 3437 3437 3492 δύο
3489 3439 3819 3502 ὑποστάσεις

2234 3525 2329 3578 τοῦ
2372 3526 2576 3600 Κυρίου
2607 3528 2765 3599 ἡμῶν
2804 3529 2980 3601 Ἰησοῦ
3026 3529 3285 3602 Χριστοῦ,
3320 3530 3414 3583 καὶ
3459 3530 3607 3600 ἡμᾶς
3662 3544 3821 3582 συκο-

2236 3618 2518 3687 φαντοῦσι,
2553 3621 2648 3673 καὶ
2674 3621 2971 3692 πειρῶνται
2993 3623 3108 3695 ἅμα
3133 3622 3471 3694 πανταχόθεν
3497 3623 3576 3686 είς
3607 3620 3666 3675 ἒν
3692 3620 3819 3675 ἀτό-

2237 3728 2354 3765 πων
2380 3712 2664 3783 περιάγειν
2688 3713 2815 3777 τοὺς
2852 3714 3155 3787 ἡμετέρους
3208 3715 3419 3783 λόγους,
3477 3712 3816 3784 συμπληρω-

2232 3802 2386 3856 τικὸν
2433 3804 2609 3857 εἰπεῖν
2648 3805 2748 3874 τῆς
2803 3804 3156 3871 ὑποστάσεως
3201 3804 3295 3859 τοῦ
3328 3804 3504 3872 Λόγου
3536 3801 3596 3856 τὸ
3628 3802 3813 3873 σῶμα,

2233 3895 2266 3966 ἦ
2319 3893 2602 3965 όμοούσιον
2647 3894 2760 3967 (78)
2789 3895 2867 3966 τῷ
2912 3894 3052 3968 Θεῷ,
3098 3895 3131 3967 ἢ
3181 3894 3330 3961 ξένον
3384 3892 3478 3949 καὶ
3534 3892 3819 3963 ἀλλότριον

2235 3983 2549 4039 παντάπασι
2573 3984 2674 4055 τῆς
2696 3986 3048 4052 ὑποστάσεως
3073 3986 3165 4041 τοῦ
3200 3985 3352 4050 Υίοῦ,
3379 3986 3514 4058 ὅπερ
3545 3986 3701 4039 αὐτοὶ
3729 3984 3820 4038 λέ-

2232 4092 2439 4143 γουσιν,
2489 4076 2656 4147 ἄλλην
2719 4078 3018 4134 ὑπόστασιν
3074 4081 3385 4149 εἰσάγοντες
3433 4078 3535 4148 τῆς
3589 4078 3813 4150 σαρκὸς,

2233 4170 2350 4241 ἦτοι
2381 4167 2475 4222 τοῦ
2523 4168 2923 4238 ἀναληφθέντος
2957 4167 3277 4243 ἀνθρώπου,
3323 4170 3399 4234 ὡς
3447 4166 3600 4223 αὐτοί
3655 4185 3812 4237 φασι,

2234 4258 2329 4311 καὶ
2395 4258 2562 4331 ἄλλην
2632 4258 2725 4312 τοῦ
2790 4259 3155 4324 ἀναλαϐόντος
3215 4257 3372 4319 Θεοῦ,
3448 4257 3575 4314 ἄλλο
3641 4258 3813 4329 πρόσ-

2232 4369 2380 4405 ωπον
2411 4351 2505 4405 τοῦ
2538 4350 2668 4406 Υἱοῦ
2706 4350 2801 4406 τοῦ
2849 4351 3006 4416 Θεοῦ,
3067 4353 3161 4406 καὶ
3220 4350 3347 4405 ἄλλο
3386 4349 3678 4422 πρόσωπον
3717 4348 3813 4402 τοῦ

2232 4442 2363 4497 Υίοῦ
2391 4443 2483 4497 τοῦ
2540 4443 2848 4516 ἀνθρώπου,
2900 4444 2993 4498 τοῦ
3036 4447 3103 4499 ὲκ
3131 4444 3442 4514 σπέρματος
3473 4441 3638 4495 Δαιῖὶδ
3670 4443 3815 4494 κατὰ

2233 4529 2431 4600 σάρκα.
2468 4529 2630 4583 ’Ὥστε
2685 4532 2820 4602 μήτε
2866 4530 2956 4585 τὸν
3001 4530 3129 4585 Υἱὸν
3180 4530 3272 4584 τοῦ
3316 4529 3450 4601 Θεοῦ
3499 4524 3638 4584 εἶναι
3684 4530 3818 4582 Υίδν

2231 4621 2515 4693 ἀνθρώπου
2564 4622 2866 4695 ἐτεροὺσιον
2911 4624 3037 4677 ὄντα
3099 4623 3192 4677 τοῦ
3251 4623 3451 4676 Δαϐἰδο
3519 4624 3655 4695 μήτε
3721 4624 3818 4677 τὸν

2228 4713 2372 4767 κατά
2421 4713 2600 4785 σάρκα
2637 4715 2965 4785 γεννηθέντα
3012 4711 3150 4768 εἶναι
3201 4715 3328 4768 Υἰὸν
3376 4714 3467 4768 τοῦ
3502 4714 3636 4767 Θεοῦ
3674 4716 3813 4787 (79),

2227 4802 2533 4875 ἐτεροὺσιον
2562 4804 2691 4859 ὄντα
2722 4805 2815 4860 τοῦ
2845 4805 3002 4859 Θεοῦ.
3041 4806 3229 4876 Ἡμεῖς
3261 4806 3315 4859 δὲ
3346 4806 3440 4859 ἕνα
3472 4805 3567 4859 καὶ
3598 4806 3692 4860 τὸν
3717 4808 3817 4860 ab-

2227 4895 2319 4950 τὸν
2350 4895 2579 4968 λέγομεν
2601 4896 2753 4961 Θεὸν,
2780 4896 3017 4965 ἀδελφοὶ,
3041 4900 3346 4968 προφήταις
3372 4901 3464 4952 καὶ
3491 4899 3819 4963 ἀποστόλοις

2232 4988 2565 5058 πειθόμενοι,
2605 4988 2699 5042 καὶ
2751 4987 2828 5059 τῷ
2881 4989 3198 5061 Εὑαγγελίῳ
3224 4992 3571 5056 πιστεύοντες
3608 4994 3814 5063 μᾶλλον

2228 5080 2262 5150 ἦ
2322 5080 2485 5152 σοφίᾳ
2516 5079 2800 5152 Ἑλληνικῇ
2854 5081 3231 5152 προσέχοντες,
3272 5086 3365 5137 καὶ
3407 5084 3692 5157 λογισμοῖς
3716 5090 3845 5141 ἀν-’

2228 5171 2521 5243 Ορωπίνοις
2562 5172 2974 5243 ταραττόμενοι,
3009 5175 3103 5227 καὶ
3146 5175 3274 5248 περὶ
3301 5176 3403 5245 τῆς
3433 5176 3569 5239 ἰδίας
3597 5177 3816 5249 διακρι-

2225 5265 2440 5335 νόμενοι
2476 5263 2769 5334 σωτηρίας,
2800 5264 2932 5319 Θεὸν
2964 5266 3062 5320 ἕνα
3107 5250 3476 5337 ὁμολογοῦμεν
3505 5268 3567 5320 τὸ
3609 5286 3819 5338 συναίτ-

2298 5572 2411 5648 (Ζξ)
2446 5572 2852 5648 Easilicnsis,_ﬁ
2884 5576 2980 5648 καὶ
3001 5577 3302 5648 όμοοόσιον.

2298 5640 2551 5723 (179)..ᾟῴ
2584 5640 2851 5723 ίᾴθοεικίιὶ
2900 5640 3076 5723 Segu.
3121 5648 3275 5723 Mox.
3312 5648 3502 5723 Baisil.,
3528 5651 3677 5723 μόντα
3723 5651 3807 5723 τῷ

2225 5711 2363 5784 Θεῷ.
2403 5713 2537 5784 Ibid.
2583 5714 2732 5783 Seg..
2762 5717 2856 5768 ἕνα
2889 5711 2996 5770 καῖ
3029 5717 3120 5771 τὸν
3148 5718 3329 5773 αὑτόν.
3374 5722 3431 5773 lu
3475 5711 3664 5784 editis,
3710 5711 3810 5777 καί

2224 5781 2408 5866 deest;
2425 5782 2592 5866 Paulo
2610 5781 2737 5866 post
2766 5788 3013 5866 §eguer.,
3037 5788 3131 5841 καὶ
3170 5790 3488 5855 ἀποστόλοις
3521 5781 3809 5864 ἑπόμενοι,

2224 5854 2315 5904 καὶ
2342 5852 2417 5924 τῷ
2447 5852 2823 5927 εὐαγγελιστῇ.
