  <div class='ocr_page' id='page_1' title='image "/cluster/home/n/w/nwhite01/storage/ocr_20150623/28/hvd.32044019207737/071.png"; bbox 0 0 4048 6406; ppageno 0'>
   <div class='ocr_carea' id='block_1_1' title="bbox 541 247 3790 314">
    <p class='ocr_par' dir='ltr' id='par_1_1' title="bbox 541 247 3790 314">
     <span class='ocr_line' id='line_1_1' title="bbox 541 247 3790 314; baseline -0.003 -2"><span class='ocrx_word' id='word_1_1' title='bbox 541 259 631 314; x_wconf 65' lang='grc' dir='ltr'>ιδι</span> <span class='ocrx_word' id='word_1_2' title='bbox 1691 252 1751 310; x_wconf 89' lang='lat' dir='ltr'><strong>S.</strong></span> <span class='ocrx_word' id='word_1_3' title='bbox 1789 249 2256 307; x_wconf 75' lang='lat' dir='ltr'><strong>ATHANASIUS.</strong></span> <span class='ocrx_word' id='word_1_4' title='bbox 2300 277 2370 291; x_wconf 87' lang='lat'><strong>--</strong></span> <span class='ocrx_word' id='word_1_5' title='bbox 2407 247 2637 303; x_wconf 73' lang='lat' dir='ltr'><strong>DUBIA.</strong></span> <span class='ocrx_word' id='word_1_6' title='bbox 3685 248 3790 302; x_wconf 70' lang='lat'><strong>£3!</strong></span> 
     </span>
    </p>
   </div>
   <div class='ocr_carea' id='block_1_2' title="bbox 537 362 2165 445">
    <p class='ocr_par' dir='ltr' id='par_1_2' title="bbox 537 370 2165 445">
     <span class='ocr_line' id='line_1_2' title="bbox 537 370 2165 445; baseline -0.004 -15"><span class='ocrx_word' id='word_1_7' title='bbox 537 384 592 430; x_wconf 78' lang='lat' dir='ltr'><strong>at</strong></span> <span class='ocrx_word' id='word_1_8' title='bbox 632 389 742 445; x_wconf 59' lang='lat' dir='ltr'><strong>prie</strong></span> <span class='ocrx_word' id='word_1_9' title='bbox 771 390 830 429; x_wconf 86' lang='lat' dir='ltr'><strong>se</strong></span> <span class='ocrx_word' id='word_1_10' title='bbox 878 374 1084 430; x_wconf 80' lang='lat' dir='ltr'><strong>ferebat</strong></span> <span class='ocrx_word' id='word_1_11' title='bbox 1118 374 1437 444; x_wconf 79' lang='lat' dir='ltr'><strong>angelorum</strong></span> <span class='ocrx_word' id='word_1_12' title='bbox 1460 371 1720 443; x_wconf 76' lang='lat' dir='ltr'><strong>gaudium</strong></span> <span class='ocrx_word' id='word_1_13' title='bbox 1753 370 2057 426; x_wconf 73' lang='lat' dir='ltr'><strong>dicentium</strong></span> <span class='ocrx_word' id='word_1_14' title='bbox 2087 389 2099 424; x_wconf 90' lang='lat'>:</span> <span class='ocrx_word' id='word_1_15' title='bbox 2132 383 2165 440; x_wconf 68' lang='grc' dir='ltr'><strong><em>Α</em></strong></span> 
     </span>
    </p>
   </div>
   <div class='ocr_carea' id='block_1_3' title="bbox 2212 362 3787 445">
    <p class='ocr_par' dir='ltr' id='par_1_3' title="bbox 2212 362 3787 440">
     <span class='ocr_line' id='line_1_3' title="bbox 2212 362 3787 440; baseline -0.004 -17"><span class='ocrx_word' id='word_1_16' title='bbox 2212 367 2530 440; x_wconf 72' lang='grc' dir='ltr'>ἀνθρώποις.</span> <span class='ocrx_word' id='word_1_17' title='bbox 2571 387 2591 418; x_wconf 77' lang='grc' dir='ltr'><strong>ι</strong></span> <span class='ocrx_word' id='word_1_18' title='bbox 2638 366 2931 437; x_wconf 84' lang='grc' dir='ltr'>Χαίροντες</span> <span class='ocrx_word' id='word_1_19' title='bbox 2961 362 3052 421; x_wconf 76' lang='grc' dir='ltr'><strong>οὖν</strong></span> <span class='ocrx_word' id='word_1_20' title='bbox 3085 369 3177 420; x_wconf 75' lang='grc' dir='ltr'>ἐπὶ</span> <span class='ocrx_word' id='word_1_21' title='bbox 3215 369 3283 438; x_wconf 76' lang='grc' dir='ltr'>τῇ</span> <span class='ocrx_word' id='word_1_22' title='bbox 3324 364 3562 438; x_wconf 77' lang='grc' dir='ltr'><strong>Χριστοῦ</strong></span> <span class='ocrx_word' id='word_1_23' title='bbox 3595 365 3787 436; x_wconf 80' lang='grc' dir='ltr'>γεννή-</span> 
     </span>
    </p>
   </div>
   <div class='ocr_carea' id='block_1_4' title="bbox 537 451 2165 531">
    <p class='ocr_par' dir='ltr' id='par_1_4' title="bbox 537 461 2104 531">
     <span class='ocr_line' id='line_1_4' title="bbox 537 461 2104 531; baseline -0.001 -15"><span class='ocrx_word' id='word_1_24' title='bbox 537 483 556 516; x_wconf 80' lang='lat' dir='ltr'><strong>s</strong></span> <span class='ocrx_word' id='word_1_25' title='bbox 596 461 780 518; x_wconf 81' lang='lat' dir='ltr'><strong>Gloria</strong></span> <span class='ocrx_word' id='word_1_26' title='bbox 816 464 870 518; x_wconf 92' lang='lat' dir='ltr'><strong>in</strong></span> <span class='ocrx_word' id='word_1_27' title='bbox 895 464 1128 518; x_wconf 78' lang='lat' dir='ltr'><strong>excelsis</strong></span> <span class='ocrx_word' id='word_1_28' title='bbox 1178 465 1314 526; x_wconf 86' lang='lat' dir='ltr'><strong>Deo,</strong></span> <span class='ocrx_word' id='word_1_29' title='bbox 1338 473 1394 518; x_wconf 86' lang='lat' dir='ltr'><strong>et</strong></span> <span class='ocrx_word' id='word_1_30' title='bbox 1441 462 1496 516; x_wconf 91' lang='lat' dir='ltr'><strong>in</strong></span> <span class='ocrx_word' id='word_1_31' title='bbox 1529 471 1675 515; x_wconf 87' lang='lat' dir='ltr'><strong>terra</strong></span> <span class='ocrx_word' id='word_1_32' title='bbox 1707 477 1810 531; x_wconf 79' lang='lat' dir='ltr'><strong>pax</strong></span> <span class='ocrx_word' id='word_1_33' title='bbox 1867 461 2104 516; x_wconf 88' lang='lat' dir='ltr'><strong>homini-</strong></span> 
     </span>
    </p>
   </div>
   <div class='ocr_carea' id='block_1_5' title="bbox 2212 451 3787 531">
    <p class='ocr_par' dir='ltr' id='par_1_5' title="bbox 2212 451 3787 529">
     <span class='ocr_line' id='line_1_5' title="bbox 2212 451 3787 529; baseline -0.003 -15"><span class='ocrx_word' id='word_1_34' title='bbox 2212 477 2311 523; x_wconf 86' lang='grc' dir='ltr'>σει,</span> <span class='ocrx_word' id='word_1_35' title='bbox 2343 460 2442 513; x_wconf 75' lang='grc' dir='ltr'>οὐκ</span> <span class='ocrx_word' id='word_1_36' title='bbox 2484 457 2829 529; x_wconf 79' lang='grc' dir='ltr'>ἀνθρωπίνην</span> <span class='ocrx_word' id='word_1_37' title='bbox 2863 456 3037 528; x_wconf 69' lang='grc' dir='ltr'>χαρὰν</span> <span class='ocrx_word' id='word_1_38' title='bbox 3070 457 3369 528; x_wconf 78' lang='grc' dir='ltr'>χαίροντες,</span> <span class='ocrx_word' id='word_1_39' title='bbox 3411 451 3522 510; x_wconf 72' lang='grc' dir='ltr'>οἷον</span> <span class='ocrx_word' id='word_1_40' title='bbox 3553 455 3664 526; x_wconf 84' lang='grc'><strong>(86)</strong></span> <span class='ocrx_word' id='word_1_41' title='bbox 3693 456 3787 509; x_wconf 73' lang='grc' dir='ltr'><strong>ἐπὶ</strong></span> 
     </span>
    </p>
   </div>
   <div class='ocr_carea' id='block_1_6' title="bbox 530 546 2165 626">
    <p class='ocr_par' dir='ltr' id='par_1_6' title="bbox 530 549 2102 626">
     <span class='ocr_line' id='line_1_6' title="bbox 530 549 2102 626; baseline -0.001 -16"><span class='ocrx_word' id='word_1_42' title='bbox 530 549 658 612; x_wconf 82' lang='lat' dir='ltr'><strong>bus.</strong></span> <span class='ocrx_word' id='word_1_43' title='bbox 683 557 767 608; x_wconf 72' lang='lat' dir='ltr'><strong>“D</strong></span> <span class='ocrx_word' id='word_1_44' title='bbox 802 554 1117 612; x_wconf 84' lang='lat' dir='ltr'><strong>Gaudenles</strong></span> <span class='ocrx_word' id='word_1_45' title='bbox 1137 557 1303 626; x_wconf 85' lang='lat' dir='ltr'><strong>igitur</strong></span> <span class='ocrx_word' id='word_1_46' title='bbox 1325 557 1379 610; x_wconf 89' lang='lat' dir='ltr'><strong>in</strong></span> <span class='ocrx_word' id='word_1_47' title='bbox 1409 554 1613 610; x_wconf 83' lang='lat' dir='ltr'><strong>Christi</strong></span> <span class='ocrx_word' id='word_1_48' title='bbox 1653 553 1959 620; x_wconf 85' lang='lat' dir='ltr'><strong>nativitate,</strong></span> <span class='ocrx_word' id='word_1_49' title='bbox 1993 569 2102 608; x_wconf 90' lang='lat' dir='ltr'><strong>non</strong></span> 
     </span>
    </p>
   </div>
   <div class='ocr_carea' id='block_1_7' title="bbox 2212 546 3790 626">
    <p class='ocr_par' dir='ltr' id='par_1_7' title="bbox 2212 546 3790 622">
     <span class='ocr_line' id='line_1_7' title="bbox 2212 546 3790 622; baseline -0.003 -18"><span class='ocrx_word' id='word_1_50' title='bbox 2212 550 2528 622; x_wconf 80' lang='grc' dir='ltr'>γεννωμένῳ</span> <span class='ocrx_word' id='word_1_51' title='bbox 2553 549 2749 620; x_wconf 85' lang='grc' dir='ltr'>παιδίῳ</span> <span class='ocrx_word' id='word_1_52' title='bbox 2777 549 3056 620; x_wconf 74' lang='grc' dir='ltr'><strong>χαίρουσιν</strong></span> <span class='ocrx_word' id='word_1_53' title='bbox 3085 549 3382 620; x_wconf 79' lang='grc' dir='ltr'>ἄνθρωποι,</span> <span class='ocrx_word' id='word_1_54' title='bbox 3411 549 3504 602; x_wconf 67' lang='grc' dir='ltr'>καὶ</span> <span class='ocrx_word' id='word_1_55' title='bbox 3525 546 3790 616; x_wconf 82' lang='grc' dir='ltr'>γενεσίων</span> 
     </span>
    </p>
   </div>
   <div class='ocr_carea' id='block_1_8' title="bbox 532 637 2165 718">
    <p class='ocr_par' dir='ltr' id='par_1_8' title="bbox 532 646 2105 718">
     <span class='ocr_line' id='line_1_8' title="bbox 532 646 2105 718; baseline -0.001 -18"><span class='ocrx_word' id='word_1_56' title='bbox 532 647 775 701; x_wconf 86' lang='lat' dir='ltr'><strong>humano</strong></span> <span class='ocrx_word' id='word_1_57' title='bbox 800 647 1017 716; x_wconf 85' lang='lat' dir='ltr'><strong>gaudio,</strong></span> <span class='ocrx_word' id='word_1_58' title='bbox 1045 648 1204 718; x_wconf 84' lang='lat' dir='ltr'><strong>quale</strong></span> <span class='ocrx_word' id='word_1_59' title='bbox 1243 657 1328 701; x_wconf 92' lang='lat' dir='ltr'><strong>est</strong></span> <span class='ocrx_word' id='word_1_60' title='bbox 1370 647 1626 717; x_wconf 78' lang='lat' dir='ltr'><strong>gaudium</strong></span> <span class='ocrx_word' id='word_1_61' title='bbox 1685 647 1987 710; x_wconf 84' lang='lat' dir='ltr'><strong>hominum,</strong></span> <span class='ocrx_word' id='word_1_62' title='bbox 2050 646 2105 699; x_wconf 91' lang='lat' dir='ltr'><strong>in</strong></span> 
     </span>
    </p>
   </div>
   <div class='ocr_carea' id='block_1_9' title="bbox 2212 637 3790 718">
    <p class='ocr_par' dir='ltr' id='par_1_9' title="bbox 2212 637 3790 713">
     <span class='ocr_line' id='line_1_9' title="bbox 2212 637 3790 713; baseline -0.004 -17"><span class='ocrx_word' id='word_1_63' title='bbox 2212 641 2542 696; x_wconf 65' lang='grc' dir='ltr'><strong>ἐπιτελοῦσιν</strong></span> <span class='ocrx_word' id='word_1_64' title='bbox 2578 642 2800 713; x_wconf 80' lang='grc' dir='ltr'>ἑορτήν·</span> <span class='ocrx_word' id='word_1_65' title='bbox 2841 640 2954 694; x_wconf 81' lang='grc' dir='ltr'>ἀλλ’</span> <span class='ocrx_word' id='word_1_66' title='bbox 2989 639 3280 710; x_wconf 63' lang='grc' dir='ltr'>ἐπιφανείᾳ</span> <span class='ocrx_word' id='word_1_67' title='bbox 3311 638 3550 710; x_wconf 79' lang='grc' dir='ltr'>Χριστοῦ</span> <span class='ocrx_word' id='word_1_68' title='bbox 3582 637 3790 709; x_wconf 80' lang='grc' dir='ltr'>χαίρω-</span> 
     </span>
    </p>
   </div>
   <div class='ocr_carea' id='block_1_10' title="bbox 533 737 2104 809">
    <p class='ocr_par' dir='ltr' id='par_1_10' title="bbox 533 737 2104 809">
     <span class='ocr_line' id='line_1_10' title="bbox 533 737 2104 809; baseline -0.001 -16"><span class='ocrx_word' id='word_1_69' title='bbox 533 739 819 793; x_wconf 87' lang='lat' dir='ltr'><strong>nativitate</strong></span> <span class='ocrx_word' id='word_1_70' title='bbox 862 739 1014 808; x_wconf 86' lang='lat' dir='ltr'><strong>pueri</strong></span> <span class='ocrx_word' id='word_1_71' title='bbox 1059 739 1390 809; x_wconf 85' lang='lat' dir='ltr'><strong>cujuspiam,</strong></span> <span class='ocrx_word' id='word_1_72' title='bbox 1427 740 1517 794; x_wconf 93' lang='lat' dir='ltr'><strong>ubi</strong></span> <span class='ocrx_word' id='word_1_73' title='bbox 1561 747 1616 794; x_wconf 91' lang='lat' dir='ltr'><strong>et</strong></span> <span class='ocrx_word' id='word_1_74' title='bbox 1653 738 1920 792; x_wconf 76' lang='lat' dir='ltr'><strong>natalium</strong></span> <span class='ocrx_word' id='word_1_75' title='bbox 1959 737 2104 792; x_wconf 82' lang='lat' dir='ltr'><strong>cele-</strong></span> 
     </span>
    </p>
   </div>
   <div class='ocr_carea' id='block_1_11' title="bbox 533 826 2102 897">
    <p class='ocr_par' dir='ltr' id='par_1_11' title="bbox 533 826 2102 897">
     <span class='ocr_line' id='line_1_11' title="bbox 533 826 2102 897; baseline 0 -17"><span class='ocrx_word' id='word_1_76' title='bbox 533 828 787 881; x_wconf 67' lang='lat' dir='ltr'><strong>britatem</strong></span> <span class='ocrx_word' id='word_1_77' title='bbox 813 834 1000 897; x_wconf 87' lang='lat' dir='ltr'><strong>agunt.</strong></span> <span class='ocrx_word' id='word_1_78' title='bbox 1027 826 1131 882; x_wconf 82' lang='lat' dir='ltr'><strong>Sed</strong></span> <span class='ocrx_word' id='word_1_79' title='bbox 1161 829 1228 882; x_wconf 83' lang='lat' dir='ltr'><strong>de</strong></span> <span class='ocrx_word' id='word_1_80' title='bbox 1258 827 1463 883; x_wconf 88' lang='lat' dir='ltr'><strong>Christi</strong></span> <span class='ocrx_word' id='word_1_81' title='bbox 1494 829 1726 882; x_wconf 85' lang='lat' dir='ltr'><strong>adventu</strong></span> <span class='ocrx_word' id='word_1_82' title='bbox 1747 827 2102 896; x_wconf 81' lang='lat' dir='ltr'><strong>gaudeamus,</strong></span> 
     </span>
    </p>
   </div>
   <div class='ocr_carea' id='block_1_12' title="bbox 531 918 2106 988">
    <p class='ocr_par' dir='ltr' id='par_1_12' title="bbox 531 918 2106 988">
     <span class='ocr_line' id='line_1_12' title="bbox 531 918 2106 988; baseline -0.001 -17"><span class='ocrx_word' id='word_1_83' title='bbox 531 927 588 971; x_wconf 84' lang='lat' dir='ltr'><strong>et</strong></span> <span class='ocrx_word' id='word_1_84' title='bbox 617 918 686 973; x_wconf 86' lang='lat' dir='ltr'><strong>de</strong></span> <span class='ocrx_word' id='word_1_85' title='bbox 708 918 902 972; x_wconf 66' lang='lat' dir='ltr'><strong>divinae</strong></span> <span class='ocrx_word' id='word_1_86' title='bbox 934 919 1070 973; x_wconf 89' lang='lat' dir='ltr'><strong>lucis</strong></span> <span class='ocrx_word' id='word_1_87' title='bbox 1108 919 1474 974; x_wconf 87' lang='lat' dir='ltr'><strong>illustratione</strong></span> <span class='ocrx_word' id='word_1_88' title='bbox 1507 938 1520 972; x_wconf 91' lang='lat'>:</span> <span class='ocrx_word' id='word_1_89' title='bbox 1563 935 1669 972; x_wconf 88' lang='lat' dir='ltr'><strong>non</strong></span> <span class='ocrx_word' id='word_1_90' title='bbox 1700 918 1845 988; x_wconf 88' lang='lat' dir='ltr'><strong>quod</strong></span> <span class='ocrx_word' id='word_1_91' title='bbox 1877 918 2106 987; x_wconf 80' lang='lat' dir='ltr'><strong>captivi-</strong></span> 
     </span>
    </p>
   </div>
   <div class='ocr_carea' id='block_1_13' title="bbox 533 1010 2109 1081">
    <p class='ocr_par' dir='ltr' id='par_1_13' title="bbox 533 1010 2109 1081">
     <span class='ocr_line' id='line_1_13' title="bbox 533 1010 2109 1081; baseline 0.001 -17"><span class='ocrx_word' id='word_1_92' title='bbox 533 1013 663 1068; x_wconf 75' lang='lat' dir='ltr'><strong>tatis</strong></span> <span class='ocrx_word' id='word_1_93' title='bbox 700 1021 1007 1066; x_wconf 87' lang='lat' dir='ltr'><strong>consortem</strong></span> <span class='ocrx_word' id='word_1_94' title='bbox 1053 1013 1369 1074; x_wconf 84' lang='lat' dir='ltr'><strong>habeamus,</strong></span> <span class='ocrx_word' id='word_1_95' title='bbox 1399 1011 1496 1067; x_wconf 87' lang='lat' dir='ltr'><strong>sed</strong></span> <span class='ocrx_word' id='word_1_96' title='bbox 1551 1010 1989 1081; x_wconf 81' lang='lat' dir='ltr'><strong>Redemptorem,</strong></span> <span class='ocrx_word' id='word_1_97' title='bbox 2022 1025 2109 1065; x_wconf 85' lang='lat' dir='ltr'><strong>se-</strong></span> 
     </span>
    </p>
   </div>
   <div class='ocr_carea' id='block_1_14' title="bbox 531 1101 2106 1173">
    <p class='ocr_par' dir='ltr' id='par_1_14' title="bbox 531 1101 2106 1173">
     <span class='ocr_line' id='line_1_14' title="bbox 531 1101 2106 1173; baseline 0.002 -19"><span class='ocrx_word' id='word_1_98' title='bbox 531 1103 768 1156; x_wconf 89' lang='lat' dir='ltr'><strong>cundum</strong></span> <span class='ocrx_word' id='word_1_99' title='bbox 792 1103 1139 1172; x_wconf 75' lang='lat' dir='ltr'><strong>Apostolum.</strong></span> <span class='ocrx_word' id='word_1_100' title='bbox 1173 1101 1317 1168; x_wconf 85' lang='lat' dir='ltr'><strong>Quid</strong></span> <span class='ocrx_word' id='word_1_101' title='bbox 1343 1112 1524 1157; x_wconf 88' lang='lat' dir='ltr'><strong>autem</strong></span> <span class='ocrx_word' id='word_1_102' title='bbox 1554 1113 1817 1173; x_wconf 72' lang='lat' dir='ltr'><strong>praetcrea</strong></span> <span class='ocrx_word' id='word_1_103' title='bbox 1843 1104 1946 1156; x_wconf 84' lang='lat' dir='ltr'><strong>hac</strong></span> <span class='ocrx_word' id='word_1_104' title='bbox 1975 1103 2028 1156; x_wconf 88' lang='lat' dir='ltr'><strong>in</strong></span> <span class='ocrx_word' id='word_1_105' title='bbox 2049 1118 2106 1158; x_wconf 92' lang='lat' dir='ltr'><strong>re</strong></span> 
     </span>
    </p>
   </div>
   <div class='ocr_carea' id='block_1_15' title="bbox 529 1193 2106 1266">
    <p class='ocr_par' dir='ltr' id='par_1_15' title="bbox 529 1193 2106 1266">
     <span class='ocr_line' id='line_1_15' title="bbox 529 1193 2106 1266; baseline 0 -19"><span class='ocrx_word' id='word_1_106' title='bbox 529 1195 740 1248; x_wconf 79' lang='lat' dir='ltr'><strong>adfuit?</strong></span> <span class='ocrx_word' id='word_1_107' title='bbox 787 1193 1000 1258; x_wconf 86' lang='lat' dir='ltr'><strong>llnctio,</strong></span> <span class='ocrx_word' id='word_1_108' title='bbox 1035 1210 1141 1264; x_wconf 82' lang='lat' dir='ltr'><strong>qua</strong></span> <span class='ocrx_word' id='word_1_109' title='bbox 1188 1196 1399 1250; x_wconf 85' lang='lat' dir='ltr'><strong>scilicet</strong></span> <span class='ocrx_word' id='word_1_110' title='bbox 1429 1196 1698 1250; x_wconf 85' lang='lat' dir='ltr'><strong>diviniore</strong></span> <span class='ocrx_word' id='word_1_111' title='bbox 1734 1212 1896 1266; x_wconf 87' lang='lat' dir='ltr'><strong>quam</strong></span> <span class='ocrx_word' id='word_1_112' title='bbox 1928 1195 2106 1249; x_wconf 83' lang='lat' dir='ltr'><strong>homi-</strong></span> 
     </span>
    </p>
   </div>
   <div class='ocr_carea' id='block_1_16' title="bbox 531 1285 2107 1358">
    <p class='ocr_par' dir='ltr' id='par_1_16' title="bbox 531 1285 2107 1358">
     <span class='ocr_line' id='line_1_16' title="bbox 531 1285 2107 1358; baseline 0.001 -22"><span class='ocrx_word' id='word_1_113' title='bbox 531 1300 630 1339; x_wconf 90' lang='lat' dir='ltr'><strong>nes</strong></span> <span class='ocrx_word' id='word_1_114' title='bbox 647 1287 807 1339; x_wconf 89' lang='lat' dir='ltr'><strong>modo</strong></span> <span class='ocrx_word' id='word_1_115' title='bbox 828 1296 993 1340; x_wconf 89' lang='lat' dir='ltr'><strong>natus</strong></span> <span class='ocrx_word' id='word_1_116' title='bbox 1029 1295 1132 1347; x_wconf 87' lang='lat' dir='ltr'><strong>est,</strong></span> <span class='ocrx_word' id='word_1_117' title='bbox 1165 1286 1433 1341; x_wconf 83' lang='lat' dir='ltr'><strong>diviniore</strong></span> <span class='ocrx_word' id='word_1_118' title='bbox 1456 1287 1584 1342; x_wconf 83' lang='lat' dir='ltr'><strong>item</strong></span> <span class='ocrx_word' id='word_1_119' title='bbox 1615 1303 1778 1358; x_wconf 87' lang='lat' dir='ltr'><strong>quam</strong></span> <span class='ocrx_word' id='word_1_120' title='bbox 1812 1302 1912 1342; x_wconf 89' lang='lat' dir='ltr'><strong>nos</strong></span> <span class='ocrx_word' id='word_1_121' title='bbox 1945 1285 2107 1339; x_wconf 83' lang='lat' dir='ltr'><strong>modo</strong></span> 
     </span>
    </p>
   </div>
   <div class='ocr_carea' id='block_1_17' title="bbox 530 1375 2105 1447">
    <p class='ocr_par' dir='ltr' id='par_1_17' title="bbox 530 1375 2105 1447">
     <span class='ocr_line' id='line_1_17' title="bbox 530 1375 2105 1447; baseline 0 -17"><span class='ocrx_word' id='word_1_122' title='bbox 530 1376 796 1432; x_wconf 81' lang='lat' dir='ltr'><strong>educatus</strong></span> <span class='ocrx_word' id='word_1_123' title='bbox 825 1388 910 1432; x_wconf 88' lang='lat' dir='ltr'><strong>est</strong></span> <span class='ocrx_word' id='word_1_124' title='bbox 937 1377 1212 1432; x_wconf 83' lang='lat' dir='ltr'><strong>Christus.</strong></span> <span class='ocrx_word' id='word_1_125' title='bbox 1244 1375 1440 1430; x_wconf 87' lang='lat' dir='ltr'><strong>Forma</strong></span> <span class='ocrx_word' id='word_1_126' title='bbox 1464 1378 1647 1447; x_wconf 88' lang='lat' dir='ltr'><strong>itaque</strong></span> <span class='ocrx_word' id='word_1_127' title='bbox 1675 1393 1772 1433; x_wconf 88' lang='lat' dir='ltr'><strong>sua</strong></span> <span class='ocrx_word' id='word_1_128' title='bbox 1803 1378 2105 1433; x_wconf 86' lang='lat' dir='ltr'><strong>secundum</strong></span> 
     </span>
    </p>
   </div>
   <div class='ocr_carea' id='block_1_18' title="bbox 531 1467 2109 1525">
    <p class='ocr_par' dir='ltr' id='par_1_18' title="bbox 531 1467 2109 1525">
     <span class='ocr_line' id='line_1_18' title="bbox 531 1467 2109 1525; baseline 0 -3"><span class='ocrx_word' id='word_1_129' title='bbox 531 1485 753 1523; x_wconf 85' lang='lat' dir='ltr'><strong>carnem</strong></span> <span class='ocrx_word' id='word_1_130' title='bbox 802 1471 962 1524; x_wconf 88' lang='lat' dir='ltr'><strong>undis</strong></span> <span class='ocrx_word' id='word_1_131' title='bbox 997 1470 1241 1524; x_wconf 85' lang='lat' dir='ltr'><strong>abluitur</strong></span> <span class='ocrx_word' id='word_1_132' title='bbox 1285 1486 1410 1524; x_wconf 88' lang='lat' dir='ltr'><strong>cum</strong></span> <span class='ocrx_word' id='word_1_133' title='bbox 1460 1467 1683 1525; x_wconf 68' lang='lat' dir='ltr'><strong>Judaeis.</strong></span> <span class='ocrx_word' id='word_1_134' title='bbox 1719 1467 1958 1524; x_wconf 85' lang='lat' dir='ltr'><strong>Joannes</strong></span> <span class='ocrx_word' id='word_1_135' title='bbox 2011 1469 2109 1522; x_wconf 88' lang='lat' dir='ltr'><strong>ba-</strong></span> 
     </span>
    </p>
   </div>
   <div class='ocr_carea' id='block_1_19' title="bbox 532 1558 2103 1630">
    <p class='ocr_par' dir='ltr' id='par_1_19' title="bbox 532 1558 2103 1630">
     <span class='ocr_line' id='line_1_19' title="bbox 532 1558 2103 1630; baseline 0.002 -19"><span class='ocrx_word' id='word_1_136' title='bbox 532 1560 794 1629; x_wconf 87' lang='lat' dir='ltr'><strong>ptizavit,</strong></span> <span class='ocrx_word' id='word_1_137' title='bbox 823 1560 1021 1614; x_wconf 83' lang='lat' dir='ltr'><strong>ﬂuvius</strong></span> <span class='ocrx_word' id='word_1_138' title='bbox 1064 1558 1320 1615; x_wconf 83' lang='lat' dir='ltr'><strong>Jordanis</strong></span> <span class='ocrx_word' id='word_1_139' title='bbox 1367 1560 1537 1615; x_wconf 90' lang='lat' dir='ltr'><strong>abluit</strong></span> <span class='ocrx_word' id='word_1_140' title='bbox 1567 1560 1809 1614; x_wconf 83' lang='lat' dir='ltr'><strong>divinum</strong></span> <span class='ocrx_word' id='word_1_141' title='bbox 1857 1575 2058 1630; x_wconf 83' lang='lat' dir='ltr'><strong>corpus</strong></span> <span class='ocrx_word' id='word_1_142' title='bbox 2081 1577 2103 1614; x_wconf 89' lang='lat'><strong>-:</strong></span> 
     </span>
    </p>
   </div>
   <div class='ocr_carea' id='block_1_20' title="bbox 532 1650 2109 1722">
    <p class='ocr_par' dir='ltr' id='par_1_20' title="bbox 532 1650 2109 1722">
     <span class='ocr_line' id='line_1_20' title="bbox 532 1650 2109 1722; baseline -0.002 -16"><span class='ocrx_word' id='word_1_143' title='bbox 532 1660 666 1706; x_wconf 85' lang='lat' dir='ltr'><strong>tunc</strong></span> <span class='ocrx_word' id='word_1_144' title='bbox 701 1651 939 1722; x_wconf 86' lang='lat' dir='ltr'><strong>Spiritus</strong></span> <span class='ocrx_word' id='word_1_145' title='bbox 965 1653 1139 1707; x_wconf 89' lang='lat' dir='ltr'><strong>sancti</strong></span> <span class='ocrx_word' id='word_1_146' title='bbox 1179 1653 1232 1706; x_wconf 92' lang='lat' dir='ltr'><strong>in</strong></span> <span class='ocrx_word' id='word_1_147' title='bbox 1277 1667 1474 1721; x_wconf 89' lang='lat' dir='ltr'><strong>purum</strong></span> <span class='ocrx_word' id='word_1_148' title='bbox 1515 1650 1721 1707; x_wconf 89' lang='lat' dir='ltr'><strong>Christi</strong></span> <span class='ocrx_word' id='word_1_149' title='bbox 1755 1667 1957 1721; x_wconf 92' lang='lat' dir='ltr'><strong>corpus</strong></span> <span class='ocrx_word' id='word_1_150' title='bbox 1995 1651 2109 1704; x_wconf 81' lang='lat' dir='ltr'><strong>ad-</strong></span> 
     </span>
    </p>
   </div>
   <div class='ocr_carea' id='block_1_21' title="bbox 2210 729 3790 809">
    <p class='ocr_par' dir='ltr' id='par_1_21' title="bbox 2210 729 3790 809">
     <span class='ocr_line' id='line_1_21' title="bbox 2210 729 3790 809; baseline -0.008 -18"><span class='ocrx_word' id='word_1_151' title='bbox 2210 734 2307 809; x_wconf 82' lang='grc' dir='ltr'>μεν</span> <span class='ocrx_word' id='word_1_152' title='bbox 2339 736 2471 808; x_wconf 81' lang='lat'><strong>(87),</strong></span> <span class='ocrx_word' id='word_1_153' title='bbox 2517 737 2610 790; x_wconf 74' lang='grc' dir='ltr'><strong>καὶ</strong></span> <span class='ocrx_word' id='word_1_154' title='bbox 2643 735 2820 802; x_wconf 81' lang='grc' dir='ltr'>φωτὸς</span> <span class='ocrx_word' id='word_1_155' title='bbox 2857 733 3152 802; x_wconf 74' lang='grc' dir='ltr'>ὲπιλάμψει</span> <span class='ocrx_word' id='word_1_156' title='bbox 3195 731 3398 797; x_wconf 79' lang='grc' dir='ltr'>θεῖκοῦ,</span> <span class='ocrx_word' id='word_1_157' title='bbox 3431 732 3494 786; x_wconf 81' lang='grc' dir='ltr'><strong>οὐ</strong></span> <span class='ocrx_word' id='word_1_158' title='bbox 3535 729 3790 784; x_wconf 82' lang='grc' dir='ltr'>κοινωνὸν</span> 
     </span>
    </p>
   </div>
   <div class='ocr_carea' id='block_1_22' title="bbox 2208 821 3791 899">
    <p class='ocr_par' dir='ltr' id='par_1_22' title="bbox 2208 821 3791 899">
     <span class='ocr_line' id='line_1_22' title="bbox 2208 821 3791 899; baseline -0.006 -16"><span class='ocrx_word' id='word_1_159' title='bbox 2208 831 2422 899; x_wconf 75' lang='grc' dir='ltr'>ἔχοντες</span> <span class='ocrx_word' id='word_1_160' title='bbox 2461 830 2559 899; x_wconf 80' lang='grc' dir='ltr'><strong>τῆς</strong></span> <span class='ocrx_word' id='word_1_161' title='bbox 2593 825 2987 898; x_wconf 82' lang='grc' dir='ltr'>αἰχμαλωσίας,</span> <span class='ocrx_word' id='word_1_162' title='bbox 3023 824 3158 877; x_wconf 74' lang='grc' dir='ltr'><strong>ἀλλὰ</strong></span> <span class='ocrx_word' id='word_1_163' title='bbox 3199 823 3478 895; x_wconf 78' lang='grc' dir='ltr'>λυτρωτὴν</span> <span class='ocrx_word' id='word_1_164' title='bbox 3521 822 3663 876; x_wconf 78' lang='grc' dir='ltr'>κατὰ</span> <span class='ocrx_word' id='word_1_165' title='bbox 3697 821 3791 874; x_wconf 83' lang='grc' dir='ltr'><strong>τὸν</strong></span> 
     </span>
    </p>
   </div>
   <div class='ocr_carea' id='block_1_23' title="bbox 2221 908 3792 989">
    <p class='ocr_par' dir='ltr' id='par_1_23' title="bbox 2221 908 3792 989">
     <span class='ocr_line' id='line_1_23' title="bbox 2221 908 3792 989; baseline -0.008 -14"><span class='ocrx_word' id='word_1_166' title='bbox 2221 921 2560 974; x_wconf 78' lang='grc' dir='ltr'>Ἀπόστολον.</span> <span class='ocrx_word' id='word_1_167' title='bbox 2593 920 2658 972; x_wconf 86' lang='grc' dir='ltr'>Τί</span> <span class='ocrx_word' id='word_1_168' title='bbox 2697 919 2754 972; x_wconf 81' lang='grc' dir='ltr'><strong>δὲ</strong></span> <span class='ocrx_word' id='word_1_169' title='bbox 2791 914 2860 989; x_wconf 83' lang='grc' dir='ltr'>ἧν</span> <span class='ocrx_word' id='word_1_170' title='bbox 2893 917 2985 969; x_wconf 73' lang='grc' dir='ltr'><strong>ἐπὶ</strong></span> <span class='ocrx_word' id='word_1_171' title='bbox 3028 915 3274 978; x_wconf 62' lang='lat' dir='ltr'><strong>toﬁ-mg;</strong></span> <span class='ocrx_word' id='word_1_172' title='bbox 3323 915 3388 967; x_wconf 89' lang='grc' dir='ltr'>Ἡ</span> <span class='ocrx_word' id='word_1_173' title='bbox 3421 913 3623 984; x_wconf 85' lang='grc' dir='ltr'>χρίσις,</span> <span class='ocrx_word' id='word_1_174' title='bbox 3666 908 3792 965; x_wconf 81' lang='grc' dir='ltr'>καθ’</span> 
     </span>
    </p>
   </div>
   <div class='ocr_carea' id='block_1_24' title="bbox 2207 1003 3789 1083">
    <p class='ocr_par' dir='ltr' id='par_1_24' title="bbox 2207 1003 3789 1083">
     <span class='ocr_line' id='line_1_24' title="bbox 2207 1003 3789 1083; baseline -0.006 -18"><span class='ocrx_word' id='word_1_175' title='bbox 2207 1013 2272 1083; x_wconf 74' lang='grc' dir='ltr'>ἣν</span> <span class='ocrx_word' id='word_1_176' title='bbox 2295 1011 2630 1082; x_wconf 81' lang='grc' dir='ltr'>γεννώμενος</span> <span class='ocrx_word' id='word_1_177' title='bbox 2660 1010 2934 1081; x_wconf 73' lang='grc' dir='ltr'>θειότερον</span> <span class='ocrx_word' id='word_1_178' title='bbox 2957 1008 2990 1080; x_wconf 77' lang='grc' dir='ltr'>ἣ</span> <span class='ocrx_word' id='word_1_179' title='bbox 3017 1008 3137 1061; x_wconf 72' lang='grc' dir='ltr'>κατ’</span> <span class='ocrx_word' id='word_1_180' title='bbox 3167 1005 3506 1076; x_wconf 76' lang='grc' dir='ltr'>ἀνθρώπους,</span> <span class='ocrx_word' id='word_1_181' title='bbox 3535 1003 3632 1058; x_wconf 80' lang='grc' dir='ltr'>καὶ</span> <span class='ocrx_word' id='word_1_182' title='bbox 3656 1021 3789 1076; x_wconf 81' lang='grc' dir='ltr'>τρα-</span> 
     </span>
    </p>
   </div>
   <div class='ocr_carea' id='block_1_25' title="bbox 2209 1091 3792 1173">
    <p class='ocr_par' dir='ltr' id='par_1_25' title="bbox 2209 1091 3792 1173">
     <span class='ocr_line' id='line_1_25' title="bbox 2209 1091 3792 1173; baseline -0.004 -19"><span class='ocrx_word' id='word_1_183' title='bbox 2209 1104 2329 1172; x_wconf 72' lang='grc' dir='ltr'>φεὶς</span> <span class='ocrx_word' id='word_1_184' title='bbox 2374 1102 2724 1173; x_wconf 77' lang='grc' dir='ltr'>θειοτέρωςῆ</span> <span class='ocrx_word' id='word_1_185' title='bbox 2773 1101 2892 1154; x_wconf 81' lang='grc' dir='ltr'>καθ’</span> <span class='ocrx_word' id='word_1_186' title='bbox 2944 1101 3092 1172; x_wconf 76' lang='grc' dir='ltr'><strong>ἡμᾶς</strong></span> <span class='ocrx_word' id='word_1_187' title='bbox 3139 1097 3392 1169; x_wconf 81' lang='grc' dir='ltr'>Χριστός.</span> <span class='ocrx_word' id='word_1_188' title='bbox 3435 1097 3507 1149; x_wconf 85' lang='grc' dir='ltr'><strong>Τὸ</strong></span> <span class='ocrx_word' id='word_1_189' title='bbox 3554 1097 3653 1167; x_wconf 82' lang='grc' dir='ltr'>μὲν</span> <span class='ocrx_word' id='word_1_190' title='bbox 3699 1091 3792 1150; x_wconf 81' lang='grc' dir='ltr'><strong>οὖν</strong></span> 
     </span>
    </p>
   </div>
   <div class='ocr_carea' id='block_1_26' title="bbox 2211 1186 3795 1264">
    <p class='ocr_par' dir='ltr' id='par_1_26' title="bbox 2211 1186 3795 1264">
     <span class='ocr_line' id='line_1_26' title="bbox 2211 1186 3795 1264; baseline -0.002 -19"><span class='ocrx_word' id='word_1_191' title='bbox 2211 1195 2396 1264; x_wconf 79' lang='grc' dir='ltr'>σχῆμα</span> <span class='ocrx_word' id='word_1_192' title='bbox 2437 1193 2575 1245; x_wconf 75' lang='grc' dir='ltr'>κατὰ</span> <span class='ocrx_word' id='word_1_193' title='bbox 2611 1193 2708 1263; x_wconf 78' lang='grc' dir='ltr'>τὴν</span> <span class='ocrx_word' id='word_1_194' title='bbox 2754 1193 2933 1264; x_wconf 81' lang='grc' dir='ltr'>σάρκα</span> <span class='ocrx_word' id='word_1_195' title='bbox 2975 1192 3032 1244; x_wconf 79' lang='grc' dir='ltr'>ἐν</span> <span class='ocrx_word' id='word_1_196' title='bbox 3075 1190 3227 1244; x_wconf 80' lang='grc' dir='ltr'>ὕδατι</span> <span class='ocrx_word' id='word_1_197' title='bbox 3281 1187 3599 1258; x_wconf 78' lang='grc' dir='ltr'>βαπτίζεται</span> <span class='ocrx_word' id='word_1_198' title='bbox 3655 1186 3795 1258; x_wconf 80' lang='grc' dir='ltr'>μετὰ</span> 
     </span>
    </p>
   </div>
   <div class='ocr_carea' id='block_1_27' title="bbox 2221 1279 3795 1353">
    <p class='ocr_par' dir='ltr' id='par_1_27' title="bbox 2221 1279 3795 1353">
     <span class='ocr_line' id='line_1_27' title="bbox 2221 1279 3795 1353; baseline -0.005 -13"><span class='ocrx_word' id='word_1_199' title='bbox 2221 1285 2507 1340; x_wconf 80' lang='grc' dir='ltr'>Ἰουδαίων.</span> <span class='ocrx_word' id='word_1_200' title='bbox 2556 1285 2666 1338; x_wconf 75' lang='grc' dir='ltr'>Καὶ</span> <span class='ocrx_word' id='word_1_201' title='bbox 2701 1284 2956 1353; x_wconf 78' lang='grc' dir='ltr'>Ἰωάννης</span> <span class='ocrx_word' id='word_1_202' title='bbox 3001 1285 3028 1336; x_wconf 88' lang='grc' dir='ltr'>ὁ</span> <span class='ocrx_word' id='word_1_203' title='bbox 3064 1280 3363 1352; x_wconf 72' lang='grc' dir='ltr'>βαπτίζων,</span> <span class='ocrx_word' id='word_1_204' title='bbox 3412 1279 3504 1333; x_wconf 77' lang='grc' dir='ltr'><strong>καὶ</strong></span> <span class='ocrx_word' id='word_1_205' title='bbox 3549 1279 3795 1350; x_wconf 81' lang='grc' dir='ltr'>ποταμὸς</span> 
     </span>
    </p>
   </div>
   <div class='ocr_carea' id='block_1_28' title="bbox 2221 1369 3795 1448">
    <p class='ocr_par' dir='ltr' id='par_1_28' title="bbox 2221 1369 3795 1448">
     <span class='ocr_line' id='line_1_28' title="bbox 2221 1369 3795 1448; baseline -0.005 -18"><span class='ocrx_word' id='word_1_206' title='bbox 2221 1377 2488 1448; x_wconf 74' lang='grc' dir='ltr'>Ἰορδάνης</span> <span class='ocrx_word' id='word_1_207' title='bbox 2532 1377 2561 1428; x_wconf 82' lang='grc' dir='ltr'>ὁ</span> <span class='ocrx_word' id='word_1_208' title='bbox 2607 1374 2778 1427; x_wconf 77' lang='grc' dir='ltr'>λούων</span> <span class='ocrx_word' id='word_1_209' title='bbox 2811 1373 2971 1444; x_wconf 85' lang='grc' dir='ltr'>σῶμα</span> <span class='ocrx_word' id='word_1_210' title='bbox 3015 1371 3076 1424; x_wconf 76' lang='grc' dir='ltr'>τὸ</span> <span class='ocrx_word' id='word_1_211' title='bbox 3121 1371 3282 1433; x_wconf 84' lang='grc' dir='ltr'>θεῖον,</span> <span class='ocrx_word' id='word_1_212' title='bbox 3336 1371 3429 1423; x_wconf 74' lang='grc' dir='ltr'>καὶ</span> <span class='ocrx_word' id='word_1_213' title='bbox 3475 1369 3795 1440; x_wconf 69' lang='grc' dir='ltr'>Πνεῦματος</span> 
     </span>
    </p>
   </div>
   <div class='ocr_carea' id='block_1_29' title="bbox 2209 1461 3796 1539">
    <p class='ocr_par' dir='ltr' id='par_1_29' title="bbox 2209 1461 3796 1539">
     <span class='ocr_line' id='line_1_29' title="bbox 2209 1461 3796 1539; baseline -0.006 -16"><span class='ocrx_word' id='word_1_214' title='bbox 2209 1469 2394 1539; x_wconf 70' lang='grc' dir='ltr'>ἔφοδος</span> <span class='ocrx_word' id='word_1_215' title='bbox 2429 1467 2488 1534; x_wconf 77' lang='grc' dir='ltr'>ἐξ</span> <span class='ocrx_word' id='word_1_216' title='bbox 2528 1465 2759 1539; x_wconf 65' lang='grc' dir='ltr'>οὐρανοῦ</span> <span class='ocrx_word' id='word_1_217' title='bbox 2812 1468 2892 1529; x_wconf 83' lang='grc' dir='ltr'>εἰς</span> <span class='ocrx_word' id='word_1_218' title='bbox 2931 1464 2992 1518; x_wconf 75' lang='grc' dir='ltr'>τὸ</span> <span class='ocrx_word' id='word_1_219' title='bbox 3044 1463 3282 1534; x_wconf 77' lang='grc' dir='ltr'>καθαρὸν</span> <span class='ocrx_word' id='word_1_220' title='bbox 3327 1463 3487 1533; x_wconf 84' lang='grc' dir='ltr'>σῶμα</span> <span class='ocrx_word' id='word_1_221' title='bbox 3530 1461 3626 1515; x_wconf 84' lang='grc' dir='ltr'>τοῦ</span> <span class='ocrx_word' id='word_1_222' title='bbox 3659 1463 3796 1534; x_wconf 85' lang='grc' dir='ltr'>Χρι-</span> 
     </span>
    </p>
   </div>
   <div class='ocr_carea' id='block_1_30' title="bbox 2211 1554 3792 1628">
    <p class='ocr_par' dir='ltr' id='par_1_30' title="bbox 2211 1554 3792 1628">
     <span class='ocr_line' id='line_1_30' title="bbox 2211 1554 3792 1628; baseline -0.006 -14"><span class='ocrx_word' id='word_1_223' title='bbox 2211 1560 2360 1624; x_wconf 82' lang='grc' dir='ltr'>στοῦ,</span> <span class='ocrx_word' id='word_1_224' title='bbox 2401 1560 2460 1625; x_wconf 80' lang='grc' dir='ltr'>ἐξ</span> <span class='ocrx_word' id='word_1_225' title='bbox 2493 1554 2555 1615; x_wconf 72' lang='grc' dir='ltr'>οὗ</span> <span class='ocrx_word' id='word_1_226' title='bbox 2597 1560 2692 1612; x_wconf 73' lang='grc' dir='ltr'>καὶ</span> <span class='ocrx_word' id='word_1_227' title='bbox 2736 1560 2815 1618; x_wconf 85' lang='grc' dir='ltr'><strong>είς</strong></span> <span class='ocrx_word' id='word_1_228' title='bbox 2849 1559 2996 1628; x_wconf 77' lang='grc' dir='ltr'><strong>ἡμᾶς</strong></span> <span class='ocrx_word' id='word_1_229' title='bbox 3031 1556 3296 1610; x_wconf 80' lang='grc' dir='ltr'>διαϐαίνει</span> <span class='ocrx_word' id='word_1_230' title='bbox 3323 1555 3443 1610; x_wconf 78' lang='grc' dir='ltr'>καθ’</span> <span class='ocrx_word' id='word_1_231' title='bbox 3477 1555 3792 1627; x_wconf 76' lang='grc' dir='ltr'>ὀμοίωσινὴ</span> 
     </span>
    </p>
   </div>
   <div class='ocr_carea' id='block_1_31' title="bbox 2209 1645 3796 1724">
    <p class='ocr_par' dir='ltr' id='par_1_31' title="bbox 2209 1645 3796 1724">
     <span class='ocr_line' id='line_1_31' title="bbox 2209 1645 3796 1724; baseline -0.006 -16"><span class='ocrx_word' id='word_1_232' title='bbox 2209 1654 2476 1724; x_wconf 76' lang='grc' dir='ltr'>κάθαρσις</span> <span class='ocrx_word' id='word_1_233' title='bbox 2515 1650 2758 1723; x_wconf 85' lang='grc' dir='ltr'><strong>(88),ἱ’να</strong></span> <span class='ocrx_word' id='word_1_234' title='bbox 2804 1651 2898 1704; x_wconf 80' lang='grc' dir='ltr'>καὶ</span> <span class='ocrx_word' id='word_1_235' title='bbox 2938 1651 3099 1720; x_wconf 78' lang='grc' dir='ltr'>ἡμεῖς</span> <span class='ocrx_word' id='word_1_236' title='bbox 3143 1648 3596 1721; x_wconf 82' lang='grc' dir='ltr'>ἀκολουθήσωμεν</span> <span class='ocrx_word' id='word_1_237' title='bbox 3645 1645 3796 1716; x_wconf 77' lang='grc' dir='ltr'>αὐτῷ</span> 
     </span>
    </p>
   </div>
   <div class='ocr_carea' id='block_1_32' title="bbox 533 1740 2165 1820">
    <p class='ocr_par' dir='ltr' id='par_1_32' title="bbox 533 1744 2165 1820">
     <span class='ocr_line' id='line_1_32' title="bbox 533 1744 2165 1820; baseline -0.002 -22"><span class='ocrx_word' id='word_1_238' title='bbox 533 1754 730 1798; x_wconf 79' lang='lat' dir='ltr'><strong>ventus</strong></span> <span class='ocrx_word' id='word_1_239' title='bbox 764 1745 886 1804; x_wconf 82' lang='lat' dir='ltr'><strong>fuit,</strong></span> <span class='ocrx_word' id='word_1_240' title='bbox 913 1759 943 1797; x_wconf 90' lang='lat' dir='ltr'><strong>a</strong></span> <span class='ocrx_word' id='word_1_241' title='bbox 983 1759 1092 1815; x_wconf 93' lang='lat' dir='ltr'><strong>quo</strong></span> <span class='ocrx_word' id='word_1_242' title='bbox 1145 1744 1200 1798; x_wconf 91' lang='lat' dir='ltr'><strong>in</strong></span> <span class='ocrx_word' id='word_1_243' title='bbox 1233 1759 1337 1799; x_wconf 87' lang='lat' dir='ltr'><strong>nos</strong></span> <span class='ocrx_word' id='word_1_244' title='bbox 1378 1744 1632 1813; x_wconf 80' lang='lat' dir='ltr'><strong>purgatio</strong></span> <span class='ocrx_word' id='word_1_245' title='bbox 1662 1751 1965 1798; x_wconf 86' lang='lat' dir='ltr'><strong>transmeat</strong></span> <span class='ocrx_word' id='word_1_246' title='bbox 2009 1757 2106 1812; x_wconf 90' lang='lat' dir='ltr'><strong>per</strong></span> <span class='ocrx_word' id='word_1_247' title='bbox 2138 1766 2165 1820; x_wconf 65' lang='grc' dir='ltr'>ι]</span> 
     </span>
    </p>
   </div>
   <div class='ocr_carea' id='block_1_33' title="bbox 2212 1740 3796 1820">
    <p class='ocr_par' dir='ltr' id='par_1_33' title="bbox 2212 1740 3796 1817">
     <span class='ocr_line' id='line_1_33' title="bbox 2212 1740 3796 1817; baseline -0.003 -19"><span class='ocrx_word' id='word_1_248' title='bbox 2212 1743 2543 1817; x_wconf 78' lang='grc' dir='ltr'>πληροῦντες</span> <span class='ocrx_word' id='word_1_249' title='bbox 2589 1745 2767 1797; x_wconf 78' lang='grc' dir='ltr'>πᾶσαν</span> <span class='ocrx_word' id='word_1_250' title='bbox 2821 1742 3190 1812; x_wconf 73' lang='grc' dir='ltr'>δικαιοσύνην,</span> <span class='ocrx_word' id='word_1_251' title='bbox 3245 1743 3339 1796; x_wconf 65' lang='grc' dir='ltr'><strong>καὶ⁵</strong></span> <span class='ocrx_word' id='word_1_252' title='bbox 3404 1740 3796 1812; x_wconf 80' lang='grc' dir='ltr'>καθαιρόμενοι</span> 
     </span>
    </p>
   </div>
   <div class='ocr_carea' id='block_1_34' title="bbox 534 1834 2103 1905">
    <p class='ocr_par' dir='ltr' id='par_1_34' title="bbox 534 1834 2103 1905">
     <span class='ocr_line' id='line_1_34' title="bbox 534 1834 2103 1905; baseline -0.002 -15"><span class='ocrx_word' id='word_1_253' title='bbox 534 1834 985 1900; x_wconf 81' lang='lat' dir='ltr'><strong>similitudinem;</strong></span> <span class='ocrx_word' id='word_1_254' title='bbox 1022 1843 1082 1888; x_wconf 91' lang='lat' dir='ltr'><strong>ut</strong></span> <span class='ocrx_word' id='word_1_255' title='bbox 1113 1835 1290 1905; x_wconf 87' lang='lat' dir='ltr'><strong>ipsum</strong></span> <span class='ocrx_word' id='word_1_256' title='bbox 1318 1849 1636 1904; x_wconf 89' lang='lat' dir='ltr'><strong>sequamur,</strong></span> <span class='ocrx_word' id='word_1_257' title='bbox 1667 1834 2103 1903; x_wconf 89' lang='lat' dir='ltr'><strong>impleamusque</strong></span> 
     </span>
    </p>
   </div>
   <div class='ocr_carea' id='block_1_35' title="bbox 534 1923 2104 1997">
    <p class='ocr_par' dir='ltr' id='par_1_35' title="bbox 534 1923 2104 1997">
     <span class='ocr_line' id='line_1_35' title="bbox 534 1923 2104 1997; baseline -0.003 -17"><span class='ocrx_word' id='word_1_258' title='bbox 534 1941 751 1982; x_wconf 82' lang='lat' dir='ltr'><strong>onmem</strong></span> <span class='ocrx_word' id='word_1_259' title='bbox 789 1926 1081 1995; x_wconf 86' lang='lat' dir='ltr'><strong>justitiam,</strong></span> <span class='ocrx_word' id='word_1_260' title='bbox 1107 1927 1320 1996; x_wconf 78' lang='lat' dir='ltr'><strong>purgati</strong></span> <span class='ocrx_word' id='word_1_261' title='bbox 1358 1927 1414 1981; x_wconf 91' lang='lat' dir='ltr'><strong>in</strong></span> <span class='ocrx_word' id='word_1_262' title='bbox 1444 1926 1564 1997; x_wconf 91' lang='lat' dir='ltr'><strong>ipso</strong></span> <span class='ocrx_word' id='word_1_263' title='bbox 1589 1923 1839 1990; x_wconf 90' lang='lat' dir='ltr'><strong>Domino,</strong></span> <span class='ocrx_word' id='word_1_264' title='bbox 1869 1923 1960 1979; x_wconf 89' lang='lat' dir='ltr'><strong>cui</strong></span> <span class='ocrx_word' id='word_1_265' title='bbox 1987 1923 2104 1994; x_wconf 82' lang='lat' dir='ltr'><strong>glo—</strong></span> 
     </span>
    </p>
   </div>
   <div class='ocr_carea' id='block_1_36' title="bbox 2209 1828 3793 1906">
    <p class='ocr_par' dir='ltr' id='par_1_36' title="bbox 2209 1828 3793 1906">
     <span class='ocr_line' id='line_1_36' title="bbox 2209 1828 3793 1906; baseline -0.001 -16"><span class='ocrx_word' id='word_1_266' title='bbox 2209 1839 2265 1890; x_wconf 84' lang='grc' dir='ltr'>ὲν</span> <span class='ocrx_word' id='word_1_267' title='bbox 2323 1835 2474 1906; x_wconf 83' lang='grc' dir='ltr'><strong>αὑτῷ</strong></span> <span class='ocrx_word' id='word_1_268' title='bbox 2523 1835 2602 1906; x_wconf 82' lang='grc' dir='ltr'>τῷ</span> <span class='ocrx_word' id='word_1_269' title='bbox 2645 1834 2856 1906; x_wconf 79' lang='grc' dir='ltr'>Κυρίῳ,</span> <span class='ocrx_word' id='word_1_270' title='bbox 2913 1828 2957 1902; x_wconf 79' lang='grc' dir='ltr'>ᾧ</span> <span class='ocrx_word' id='word_1_271' title='bbox 3004 1835 3036 1905; x_wconf 79' lang='grc' dir='ltr'><strong>ἠ</strong></span> <span class='ocrx_word' id='word_1_272' title='bbox 3074 1833 3202 1899; x_wconf 79' lang='grc' dir='ltr'><strong>δόξα</strong></span> <span class='ocrx_word' id='word_1_273' title='bbox 3255 1836 3334 1898; x_wconf 85' lang='grc' dir='ltr'><strong>είς</strong></span> <span class='ocrx_word' id='word_1_274' title='bbox 3383 1835 3510 1899; x_wconf 74' lang='grc' dir='ltr'>τοὺς</span> <span class='ocrx_word' id='word_1_275' title='bbox 3570 1835 3793 1898; x_wconf 84' lang='grc' dir='ltr'>αίῶνας.</span> 
     </span>
    </p>
   </div>
   <div class='ocr_carea' id='block_1_37' title="bbox 2223 1926 2558 1998">
    <p class='ocr_par' dir='ltr' id='par_1_37' title="bbox 2223 1926 2558 1998">
     <span class='ocr_line' id='line_1_37' title="bbox 2223 1926 2558 1998; baseline 0 -18"><span class='ocrx_word' id='word_1_276' title='bbox 2223 1927 2394 1997; x_wconf 82' lang='grc' dir='ltr'><strong>Ἀμήν</strong></span> <span class='ocrx_word' id='word_1_277' title='bbox 2427 1926 2558 1998; x_wconf 81' lang='grc'><strong>(89).</strong></span> 
     </span>
    </p>
   </div>
   <div class='ocr_carea' id='block_1_38' title="bbox 535 2016 1188 2075">
    <p class='ocr_par' dir='ltr' id='par_1_38' title="bbox 535 2016 1188 2075">
     <span class='ocr_line' id='line_1_38' title="bbox 535 2016 1188 2075; baseline 0.008 -5"><span class='ocrx_word' id='word_1_278' title='bbox 535 2016 616 2071; x_wconf 87' lang='lat' dir='ltr'><strong>ria</strong></span> <span class='ocrx_word' id='word_1_279' title='bbox 642 2017 698 2072; x_wconf 89' lang='lat' dir='ltr'><strong>in</strong></span> <span class='ocrx_word' id='word_1_280' title='bbox 732 2017 952 2072; x_wconf 65' lang='lat' dir='ltr'><strong>saecula.</strong></span> <span class='ocrx_word' id='word_1_281' title='bbox 988 2017 1188 2075; x_wconf 81' lang='lat' dir='ltr'><strong>Amen.</strong></span> 
     </span>
    </p>
   </div>
   <div class='ocr_carea' id='block_1_39' title="bbox 496 2209 1060 2284">
    <p class='ocr_par' dir='ltr' id='par_1_39' title="bbox 496 2209 1060 2284">
     <span class='ocr_line' id='line_1_39' title="bbox 496 2209 1060 2284; baseline 0.005 -13"><span class='ocrx_word' id='word_1_282' title='bbox 496 2209 505 2271; x_wconf 66' lang='grc' dir='ltr'><strong>ἐ</strong></span> <span class='ocrx_word' id='word_1_283' title='bbox 605 2216 652 2250; x_wconf 83' lang='grc'>⁸⁸</span> <span class='ocrx_word' id='word_1_284' title='bbox 682 2217 818 2273; x_wconf 86' lang='lat' dir='ltr'><strong>an.</strong></span> <span class='ocrx_word' id='word_1_285' title='bbox 858 2233 937 2284; x_wconf 79' lang='grc' dir='ltr'><strong>ιι,</strong></span> <span class='ocrx_word' id='word_1_286' title='bbox 972 2218 1060 2274; x_wconf 71' lang='grc' dir='ltr'><strong>Η.</strong></span> 
     </span>
    </p>
   </div>
   <div class='ocr_carea' id='block_1_40' title="bbox 607 2373 1312 2438">
    <p class='ocr_par' dir='ltr' id='par_1_40' title="bbox 607 2373 1312 2438">
     <span class='ocr_line' id='line_1_40' title="bbox 607 2373 1312 2438; baseline -0.006 -9"><span class='ocrx_word' id='word_1_287' title='bbox 607 2373 717 2438; x_wconf 75' lang='lat'><strong>(86)</strong></span> <span class='ocrx_word' id='word_1_288' title='bbox 753 2373 1139 2438; x_wconf 85' lang='lat' dir='ltr'><strong>Seguerianus,</strong></span> <span class='ocrx_word' id='word_1_289' title='bbox 1175 2373 1312 2427; x_wconf 77' lang='grc' dir='ltr'>οἵαν.</span> 
     </span>
    </p>
   </div>
   <div class='ocr_carea' id='block_1_41' title="bbox 607 2438 2106 2515">
    <p class='ocr_par' dir='ltr' id='par_1_41' title="bbox 607 2438 2106 2515">
     <span class='ocr_line' id='line_1_41' title="bbox 607 2438 2106 2515; baseline -0.005 -16"><span class='ocrx_word' id='word_1_290' title='bbox 607 2443 716 2515; x_wconf 83' lang='grc'><strong>(87)</strong></span> <span class='ocrx_word' id='word_1_291' title='bbox 752 2438 996 2508; x_wconf 80' lang='lat' dir='ltr'><strong>Gobler.,</strong></span> <span class='ocrx_word' id='word_1_292' title='bbox 1040 2442 1186 2498; x_wconf 85' lang='lat' dir='ltr'><strong>Felc.</strong></span> <span class='ocrx_word' id='word_1_293' title='bbox 1244 2458 1309 2506; x_wconf 88' lang='lat' dir='ltr'><strong>I.,</strong></span> <span class='ocrx_word' id='word_1_294' title='bbox 1363 2440 1614 2513; x_wconf 82' lang='lat' dir='ltr'><strong>Seguer.,</strong></span> <span class='ocrx_word' id='word_1_295' title='bbox 1641 2438 1925 2512; x_wconf 77' lang='grc' dir='ltr'>χαίρομεν.</span> <span class='ocrx_word' id='word_1_296' title='bbox 1969 2438 2106 2507; x_wconf 74' lang='lat' dir='ltr'><strong>Mox</strong></span> 
     </span>
    </p>
   </div>
   <div class='ocr_carea' id='block_1_42' title="bbox 536 2513 1404 2586">
    <p class='ocr_par' dir='ltr' id='par_1_42' title="bbox 536 2513 1404 2586">
     <span class='ocr_line' id='line_1_42' title="bbox 536 2513 1404 2586; baseline 0 -19"><span class='ocrx_word' id='word_1_297' title='bbox 536 2513 750 2584; x_wconf 80' lang='grc' dir='ltr'>ῐχοντες</span> <span class='ocrx_word' id='word_1_298' title='bbox 776 2515 928 2571; x_wconf 86' lang='lat' dir='ltr'><strong>deest</strong></span> <span class='ocrx_word' id='word_1_299' title='bbox 962 2516 1017 2569; x_wconf 89' lang='lat' dir='ltr'><strong>in</strong></span> <span class='ocrx_word' id='word_1_300' title='bbox 1050 2515 1404 2586; x_wconf 73' lang='lat' dir='ltr'><strong>Segueriano.</strong></span> 
     </span>
    </p>
   </div>
   <div class='ocr_carea' id='block_1_43' title="bbox 2311 2365 3538 2449">
    <p class='ocr_par' dir='ltr' id='par_1_43' title="bbox 2311 2365 3538 2449">
     <span class='ocr_line' id='line_1_43' title="bbox 2311 2365 3538 2449; baseline 0.002 -29"><span class='ocrx_word' id='word_1_301' title='bbox 2431 2366 2754 2449; x_wconf 53' lang='lat' dir='ltr'><strong>basiliensis</strong></span> <span class='ocrx_word' id='word_1_302' title='bbox 2779 2375 2845 2449; x_wconf 38' lang='lat' dir='ltr'><strong>‘et</strong></span> <span class='ocrx_word' id='word_1_303' title='bbox 2869 2365 3134 2449; x_wconf 49' lang='lat' dir='ltr'><strong>Sgguer,</strong></span> <span class='ocrx_word' id='word_1_304' title='bbox 3151 2369 3186 2438; x_wconf 86' lang='grc' dir='ltr'>ἠ</span> <span class='ocrx_word' id='word_1_305' title='bbox 3206 2367 3538 2449; x_wconf 42' lang='grc' dir='ltr'>,σάρκωσιςη</span> 
     </span>
    </p>
   </div>
   <div class='ocr_carea' id='block_1_44' title="bbox 2309 2435 3796 2509">
    <p class='ocr_par' dir='ltr' id='par_1_44' title="bbox 2309 2435 3796 2509">
     <span class='ocr_line' id='line_1_44' title="bbox 2309 2435 3796 2509; baseline 0.001 -19"><span class='ocrx_word' id='word_1_306' title='bbox 2309 2438 2400 2508; x_wconf 87' lang='lat'><strong>89)</strong></span> <span class='ocrx_word' id='word_1_307' title='bbox 2438 2437 2584 2509; x_wconf 52' lang='lat' dir='ltr'><strong>Haec.</strong></span> <span class='ocrx_word' id='word_1_308' title='bbox 2607 2440 2684 2502; x_wconf 82' lang='grc' dir='ltr'><strong>είς</strong></span> <span class='ocrx_word' id='word_1_309' title='bbox 2713 2439 2839 2502; x_wconf 77' lang='grc' dir='ltr'>τοὺς</span> <span class='ocrx_word' id='word_1_310' title='bbox 2861 2435 3083 2502; x_wconf 82' lang='grc' dir='ltr'>αίῶνας,</span> <span class='ocrx_word' id='word_1_311' title='bbox 3112 2435 3500 2509; x_wconf 39' lang='lat' dir='ltr'><strong>utinm-glesum</strong></span> <span class='ocrx_word' id='word_1_312' title='bbox 3526 2437 3579 2492; x_wconf 83' lang='lat' dir='ltr'><strong>in</strong></span> <span class='ocrx_word' id='word_1_313' title='bbox 3600 2435 3796 2492; x_wconf 68' lang='grc' dir='ltr'><strong>θυωθ-</strong></span> 
     </span>
    </p>
   </div>
   <div class='ocr_carea' id='block_1_45' title="bbox 2216 2505 3506 2574">
    <p class='ocr_par' dir='ltr' id='par_1_45' title="bbox 2216 2505 3506 2574">
     <span class='ocr_line' id='line_1_45' title="bbox 2216 2505 3506 2574; baseline 0.001 -12"><span class='ocrx_word' id='word_1_314' title='bbox 2216 2505 2392 2564; x_wconf 72' lang='grc' dir='ltr'>τὶιιήο</span> <span class='ocrx_word' id='word_1_315' title='bbox 2412 2517 2468 2563; x_wconf 86' lang='lat' dir='ltr'><strong>et</strong></span> <span class='ocrx_word' id='word_1_316' title='bbox 2500 2507 2647 2563; x_wconf 86' lang='lat' dir='ltr'><strong>Felc.</strong></span> <span class='ocrx_word' id='word_1_317' title='bbox 2683 2523 2722 2574; x_wconf 90' lang='grc' dir='ltr'><strong>ι,</strong></span> <span class='ocrx_word' id='word_1_318' title='bbox 2760 2524 2860 2564; x_wconf 89' lang='lat' dir='ltr'><strong>nec</strong></span> <span class='ocrx_word' id='word_1_319' title='bbox 2887 2509 3023 2563; x_wconf 88' lang='lat' dir='ltr'><strong>lecta</strong></span> <span class='ocrx_word' id='word_1_320' title='bbox 3055 2505 3185 2563; x_wconf 82' lang='lat' dir='ltr'><strong>sunt</strong></span> <span class='ocrx_word' id='word_1_321' title='bbox 3208 2505 3238 2561; x_wconf 68' lang='grc' dir='ltr'>ἐι</span> <span class='ocrx_word' id='word_1_322' title='bbox 3269 2505 3506 2563; x_wconf 50' lang='lat' dir='ltr'><strong>Ninnio.</strong></span> 
     </span>
    </p>
   </div>
   <div class='ocr_carea' id='block_1_46' title="bbox 1393 2917 2950 2994">
    <p class='ocr_par' dir='ltr' id='par_1_46' title="bbox 1393 2917 2950 2994">
     <span class='ocr_line' id='line_1_46' title="bbox 1393 2917 2950 2994; baseline -0.001 -12"><span class='ocrx_word' id='word_1_323' title='bbox 1393 2920 1469 2983; x_wconf 65' lang='lat' dir='ltr'><strong>IN</strong></span> <span class='ocrx_word' id='word_1_324' title='bbox 1525 2919 1880 2994; x_wconf 75' lang='lat' dir='ltr'><strong>SEQUENS</strong></span> <span class='ocrx_word' id='word_1_325' title='bbox 1928 2917 2394 2980; x_wconf 85' lang='lat' dir='ltr'><strong>OPUSCULUM</strong></span> <span class='ocrx_word' id='word_1_326' title='bbox 2451 2918 2950 2994; x_wconf 78' lang='lat' dir='ltr'><strong>ADMONITIO.,</strong></span> 
     </span>
    </p>
   </div>
   <div class='ocr_carea' id='block_1_47' title="bbox 603 3122 3806 3198">
    <p class='ocr_par' dir='ltr' id='par_1_47' title="bbox 603 3122 3806 3198">
     <span class='ocr_line' id='line_1_47' title="bbox 603 3122 3806 3198; baseline 0.002 -16"><span class='ocrx_word' id='word_1_327' title='bbox 603 3126 647 3186; x_wconf 93' lang='grc' dir='ltr'>ι.</span> <span class='ocrx_word' id='word_1_328' title='bbox 692 3128 851 3182; x_wconf 85' lang='lat' dir='ltr'><strong>Vetus</strong></span> <span class='ocrx_word' id='word_1_329' title='bbox 876 3142 1023 3181; x_wconf 89' lang='lat' dir='ltr'><strong>error</strong></span> <span class='ocrx_word' id='word_1_330' title='bbox 1053 3126 1289 3180; x_wconf 86' lang='lat' dir='ltr'><strong>omnium</strong></span> <span class='ocrx_word' id='word_1_331' title='bbox 1317 3123 1549 3196; x_wconf 72' lang='lat' dir='ltr'><strong>(excepto</strong></span> <span class='ocrx_word' id='word_1_332' title='bbox 1575 3122 1890 3193; x_wconf 87' lang='lat' dir='ltr'><strong>Basiliensi)</strong></span> <span class='ocrx_word' id='word_1_333' title='bbox 1924 3125 2406 3192; x_wconf 87' lang='lat' dir='ltr'><strong>manuscriptorum</strong></span> <span class='ocrx_word' id='word_1_334' title='bbox 2438 3133 2537 3186; x_wconf 89' lang='lat' dir='ltr'><strong>est,</strong></span> <span class='ocrx_word' id='word_1_335' title='bbox 2563 3133 2623 3178; x_wconf 90' lang='lat' dir='ltr'><strong>ut</strong></span> <span class='ocrx_word' id='word_1_336' title='bbox 2651 3125 2750 3180; x_wconf 87' lang='lat' dir='ltr'><strong>hoc</strong></span> <span class='ocrx_word' id='word_1_337' title='bbox 2793 3126 3100 3194; x_wconf 76' lang='lat' dir='ltr'><strong>opusculum</strong></span> <span class='ocrx_word' id='word_1_338' title='bbox 3143 3143 3262 3180; x_wconf 87' lang='lat' dir='ltr'><strong>curn</strong></span> <span class='ocrx_word' id='word_1_339' title='bbox 3289 3130 3614 3198; x_wconf 70' lang='lat' dir='ltr'><strong>expositione</strong></span> <span class='ocrx_word' id='word_1_340' title='bbox 3653 3133 3806 3190; x_wconf 76' lang='lat' dir='ltr'><strong>illius</strong></span> 
     </span>
    </p>
   </div>
   <div class='ocr_carea' id='block_1_48' title="bbox 535 3212 3806 3289">
    <p class='ocr_par' dir='ltr' id='par_1_48' title="bbox 535 3212 3806 3289">
     <span class='ocr_line' id='line_1_48' title="bbox 535 3212 3806 3289; baseline -0.001 -13"><span class='ocrx_word' id='word_1_341' title='bbox 535 3222 666 3277; x_wconf 83' lang='lat' dir='ltr'><strong>dicti</strong></span> <span class='ocrx_word' id='word_1_342' title='bbox 693 3236 712 3275; x_wconf 91' lang='lat'><strong><em>:</em></strong></span> <span class='ocrx_word' id='word_1_343' title='bbox 742 3219 938 3276; x_wconf 86' lang='lat' dir='ltr'><strong>Omnia</strong></span> <span class='ocrx_word' id='word_1_344' title='bbox 975 3217 1108 3271; x_wconf 88' lang='lat' dir='ltr'><strong>mihi</strong></span> <span class='ocrx_word' id='word_1_345' title='bbox 1137 3216 1335 3270; x_wconf 89' lang='lat' dir='ltr'><strong>tradita</strong></span> <span class='ocrx_word' id='word_1_346' title='bbox 1367 3225 1495 3270; x_wconf 88' lang='lat' dir='ltr'><strong>sunt</strong></span> <span class='ocrx_word' id='word_1_347' title='bbox 1531 3231 1562 3268; x_wconf 91' lang='lat' dir='ltr'><strong>a</strong></span> <span class='ocrx_word' id='word_1_348' title='bbox 1592 3215 1773 3278; x_wconf 85' lang='lat' dir='ltr'><strong>Patre,</strong></span> <span class='ocrx_word' id='word_1_349' title='bbox 1803 3213 1899 3268; x_wconf 91' lang='lat' dir='ltr'><strong>sub</strong></span> <span class='ocrx_word' id='word_1_350' title='bbox 1926 3231 2030 3268; x_wconf 86' lang='lat' dir='ltr'><strong>uno</strong></span> <span class='ocrx_word' id='word_1_351' title='bbox 2083 3212 2365 3283; x_wconf 83' lang='lat' dir='ltr'><strong>eodemque</strong></span> <span class='ocrx_word' id='word_1_352' title='bbox 2396 3215 2552 3267; x_wconf 90' lang='lat' dir='ltr'><strong>titulo</strong></span> <span class='ocrx_word' id='word_1_353' title='bbox 2582 3215 2880 3285; x_wconf 74' lang='lat' dir='ltr'><strong>jungatur:</strong></span> <span class='ocrx_word' id='word_1_354' title='bbox 2915 3215 3011 3267; x_wconf 85' lang='lat' dir='ltr'><strong>hoc</strong></span> <span class='ocrx_word' id='word_1_355' title='bbox 3047 3215 3245 3272; x_wconf 76' lang='lat' dir='ltr'><strong>scilicet</strong></span> <span class='ocrx_word' id='word_1_356' title='bbox 3275 3219 3479 3284; x_wconf 89' lang='lat' dir='ltr'><strong>ordine,</strong></span> <span class='ocrx_word' id='word_1_357' title='bbox 3523 3233 3582 3274; x_wconf 84' lang='lat' dir='ltr'><strong>ut</strong></span> <span class='ocrx_word' id='word_1_358' title='bbox 3629 3223 3806 3289; x_wconf 87' lang='lat' dir='ltr'><strong>primo</strong></span> 
     </span>
    </p>
   </div>
   <div class='ocr_carea' id='block_1_49' title="bbox 535 3305 3806 3385">
    <p class='ocr_par' dir='ltr' id='par_1_49' title="bbox 535 3305 3806 3385">
     <span class='ocr_line' id='line_1_49' title="bbox 535 3305 3806 3385; baseline 0.001 -16"><span class='ocrx_word' id='word_1_359' title='bbox 535 3325 769 3385; x_wconf 89' lang='lat' dir='ltr'><strong>ponatur</strong></span> <span class='ocrx_word' id='word_1_360' title='bbox 803 3312 1109 3374; x_wconf 82' lang='lat' dir='ltr'><strong>Tractatus,</strong></span> <span class='ocrx_word' id='word_1_361' title='bbox 1140 3310 1194 3362; x_wconf 89' lang='lat' dir='ltr'><strong>in</strong></span> <span class='ocrx_word' id='word_1_362' title='bbox 1219 3307 1355 3361; x_wconf 90' lang='lat' dir='ltr'><strong>illud</strong></span> <span class='ocrx_word' id='word_1_363' title='bbox 1388 3323 1406 3361; x_wconf 91' lang='lat'><strong><em>:</em></strong></span> <span class='ocrx_word' id='word_1_364' title='bbox 1435 3307 1632 3362; x_wconf 87' lang='lat' dir='ltr'><strong>Omnia</strong></span> <span class='ocrx_word' id='word_1_365' title='bbox 1678 3307 1814 3361; x_wconf 83' lang='lat' dir='ltr'><strong>mihi</strong></span> <span class='ocrx_word' id='word_1_366' title='bbox 1862 3306 2065 3360; x_wconf 85' lang='lat' dir='ltr'><strong>tradita</strong></span> <span class='ocrx_word' id='word_1_367' title='bbox 2118 3314 2268 3370; x_wconf 85' lang='lat' dir='ltr'><strong>sunt,</strong></span> <span class='ocrx_word' id='word_1_368' title='bbox 2303 3317 2410 3360; x_wconf 85' lang='lat' dir='ltr'><strong>etc.</strong></span> <span class='ocrx_word' id='word_1_369' title='bbox 2443 3305 2706 3370; x_wconf 85' lang='lat' dir='ltr'><strong>Secundo,</strong></span> <span class='ocrx_word' id='word_1_370' title='bbox 2737 3307 3090 3375; x_wconf 88' lang='lat' dir='ltr'><strong>fragmentum</strong></span> <span class='ocrx_word' id='word_1_371' title='bbox 3146 3325 3211 3363; x_wconf 78' lang='lat' dir='ltr'><strong>ea:</strong></span> <span class='ocrx_word' id='word_1_372' title='bbox 3265 3310 3399 3366; x_wconf 90' lang='lat' dir='ltr'><strong>libro</strong></span> <span class='ocrx_word' id='word_1_373' title='bbox 3448 3313 3513 3367; x_wconf 89' lang='lat' dir='ltr'><strong>de</strong></span> <span class='ocrx_word' id='word_1_374' title='bbox 3562 3313 3806 3373; x_wconf 79' lang='lat' dir='ltr'><strong>Nictenis</strong></span> 
     </span>
    </p>
   </div>
   <div class='ocr_carea' id='block_1_50' title="bbox 536 3405 2165 3483">
    <p class='ocr_par' dir='ltr' id='par_1_50' title="bbox 536 3405 2165 3483">
     <span class='ocr_line' id='line_1_50' title="bbox 536 3405 2165 3483; baseline -0.004 -15"><span class='ocrx_word' id='word_1_375' title='bbox 536 3413 782 3476; x_wconf 86' lang='lat' dir='ltr'><strong>decretis,</strong></span> <span class='ocrx_word' id='word_1_376' title='bbox 809 3429 862 3483; x_wconf 92' lang='lat' dir='ltr'><strong>p.</strong></span> <span class='ocrx_word' id='word_1_377' title='bbox 899 3411 1024 3475; x_wconf 74' lang='lat' dir='ltr'><strong>2H,</strong></span> <span class='ocrx_word' id='word_1_378' title='bbox 1052 3408 1222 3464; x_wconf 78' lang='grc' dir='ltr'>Τοῦτό</span> <span class='ocrx_word' id='word_1_379' title='bbox 1248 3409 1396 3462; x_wconf 74' lang='grc' dir='ltr'>ἐστιν</span> <span class='ocrx_word' id='word_1_380' title='bbox 1423 3408 1637 3481; x_wconf 77' lang='grc' dir='ltr'>ἀληθῶς</span> <span class='ocrx_word' id='word_1_381' title='bbox 1665 3408 1987 3462; x_wconf 78' lang='grc' dir='ltr'>διδασκαλία</span> <span class='ocrx_word' id='word_1_382' title='bbox 2013 3425 2026 3459; x_wconf 83' lang='grc' dir='ltr'><strong>ι</strong></span> <span class='ocrx_word' id='word_1_383' title='bbox 2054 3405 2165 3462; x_wconf 70' lang='lat' dir='ltr'><strong>Hau</strong></span> 
     </span>
    </p>
   </div>
   <div class='ocr_carea' id='block_1_51' title="bbox 2212 3405 3808 3483">
    <p class='ocr_par' dir='ltr' id='par_1_51' title="bbox 2215 3406 3808 3480">
     <span class='ocr_line' id='line_1_51' title="bbox 2215 3406 3808 3480; baseline 0.003 -17"><span class='ocrx_word' id='word_1_384' title='bbox 2215 3416 2300 3464; x_wconf 87' lang='lat' dir='ltr'><strong>est</strong></span> <span class='ocrx_word' id='word_1_385' title='bbox 2321 3423 2450 3464; x_wconf 86' lang='lat' dir='ltr'><strong>vera</strong></span> <span class='ocrx_word' id='word_1_386' title='bbox 2484 3408 2757 3473; x_wconf 84' lang='lat' dir='ltr'><strong>doctrina,</strong></span> <span class='ocrx_word' id='word_1_387' title='bbox 2787 3418 2895 3463; x_wconf 91' lang='lat' dir='ltr'><strong>etc.</strong></span> <span class='ocrx_word' id='word_1_388' title='bbox 2922 3408 3017 3463; x_wconf 90' lang='lat' dir='ltr'><strong>sub</strong></span> <span class='ocrx_word' id='word_1_389' title='bbox 3047 3406 3228 3465; x_wconf 89' lang='lat' dir='ltr'><strong>eodem</strong></span> <span class='ocrx_word' id='word_1_390' title='bbox 3258 3409 3430 3473; x_wconf 83' lang='lat' dir='ltr'><strong>titulo,</strong></span> <span class='ocrx_word' id='word_1_391' title='bbox 3467 3413 3653 3480; x_wconf 79' lang='lat' dir='ltr'><strong>paucis</strong></span> <span class='ocrx_word' id='word_1_392' title='bbox 3681 3423 3808 3468; x_wconf 89' lang='lat' dir='ltr'><strong>tan-</strong></span> 
     </span>
    </p>
   </div>
   <div class='ocr_carea' id='block_1_52' title="bbox 541 3502 3809 3578">
    <p class='ocr_par' dir='ltr' id='par_1_52' title="bbox 541 3502 3809 3578">
     <span class='ocr_line' id='line_1_52' title="bbox 541 3502 3809 3578; baseline 0.001 -17"><span class='ocrx_word' id='word_1_393' title='bbox 541 3516 651 3561; x_wconf 83' lang='lat' dir='ltr'><strong>tum</strong></span> <span class='ocrx_word' id='word_1_394' title='bbox 685 3505 904 3559; x_wconf 84' lang='lat' dir='ltr'><strong>mutatis</strong></span> <span class='ocrx_word' id='word_1_395' title='bbox 931 3502 1117 3558; x_wconf 83' lang='lat' dir='ltr'><strong>verbis.</strong></span> <span class='ocrx_word' id='word_1_396' title='bbox 1151 3502 1328 3558; x_wconf 87' lang='lat' dir='ltr'><strong>Tertio</strong></span> <span class='ocrx_word' id='word_1_397' title='bbox 1357 3505 1440 3559; x_wconf 86' lang='lat' dir='ltr'><strong>hic</strong></span> <span class='ocrx_word' id='word_1_398' title='bbox 1467 3505 1677 3560; x_wconf 81' lang='lat' dir='ltr'><strong>libellus</strong></span> <span class='ocrx_word' id='word_1_399' title='bbox 1709 3505 1774 3559; x_wconf 91' lang='lat' dir='ltr'><strong>de</strong></span> <span class='ocrx_word' id='word_1_400' title='bbox 1806 3504 2060 3559; x_wconf 88' lang='lat' dir='ltr'><strong>Sabbatis</strong></span> <span class='ocrx_word' id='word_1_401' title='bbox 2093 3515 2467 3575; x_wconf 83' lang='lat' dir='ltr'><strong>consequenter</strong></span> <span class='ocrx_word' id='word_1_402' title='bbox 2490 3506 2778 3576; x_wconf 84' lang='lat' dir='ltr'><strong>eademque</strong></span> <span class='ocrx_word' id='word_1_403' title='bbox 2818 3507 3019 3575; x_wconf 89' lang='lat' dir='ltr'><strong>pariter</strong></span> <span class='ocrx_word' id='word_1_404' title='bbox 3045 3507 3407 3578; x_wconf 81' lang='lat' dir='ltr'><strong>inscriptione.</strong></span> <span class='ocrx_word' id='word_1_405' title='bbox 3443 3509 3624 3578; x_wconf 85' lang='lat' dir='ltr'><strong>quue</strong></span> <span class='ocrx_word' id='word_1_406' title='bbox 3645 3526 3809 3578; x_wconf 81' lang='lat' dir='ltr'><strong>pror-</strong></span> 
     </span>
    </p>
   </div>
   <div class='ocr_carea' id='block_1_53' title="bbox 537 3596 3805 3672">
    <p class='ocr_par' dir='ltr' id='par_1_53' title="bbox 537 3596 3805 3672">
     <span class='ocr_line' id='line_1_53' title="bbox 537 3596 3805 3672; baseline 0.002 -19"><span class='ocrx_word' id='word_1_407' title='bbox 537 3616 628 3654; x_wconf 86' lang='lat' dir='ltr'><strong>sus</strong></span> <span class='ocrx_word' id='word_1_408' title='bbox 659 3599 812 3652; x_wconf 88' lang='lat' dir='ltr'><strong>modo</strong></span> <span class='ocrx_word' id='word_1_409' title='bbox 827 3597 1006 3667; x_wconf 83' lang='lat' dir='ltr'><strong>jaceat</strong></span> <span class='ocrx_word' id='word_1_410' title='bbox 1031 3600 1082 3651; x_wconf 89' lang='lat' dir='ltr'><strong>in</strong></span> <span class='ocrx_word' id='word_1_411' title='bbox 1118 3596 1274 3652; x_wconf 85' lang='lat' dir='ltr'><strong>editis</strong></span> <span class='ocrx_word' id='word_1_412' title='bbox 1311 3599 1555 3653; x_wconf 89' lang='lat' dir='ltr'><strong>omnibus</strong></span> <span class='ocrx_word' id='word_1_413' title='bbox 1587 3599 1794 3653; x_wconf 87' lang='lat' dir='ltr'><strong>Latinis</strong></span> <span class='ocrx_word' id='word_1_414' title='bbox 1853 3600 2139 3653; x_wconf 81' lang='lat' dir='ltr'><strong>Athanasii</strong></span> <span class='ocrx_word' id='word_1_415' title='bbox 2164 3616 2229 3653; x_wconf 76' lang='lat' dir='ltr'><strong>ea:</strong></span> <span class='ocrx_word' id='word_1_416' title='bbox 2261 3599 2466 3655; x_wconf 70' lang='grc' dir='ltr'><strong>Ναπητξὶ</strong></span> <span class='ocrx_word' id='word_1_417' title='bbox 2492 3603 2745 3657; x_wconf 74' lang='lat' dir='ltr'><strong>versione.</strong></span> <span class='ocrx_word' id='word_1_418' title='bbox 2774 3601 2890 3668; x_wconf 86' lang='lat' dir='ltr'><strong>Quo</strong></span> <span class='ocrx_word' id='word_1_419' title='bbox 2925 3611 3100 3657; x_wconf 85' lang='lat' dir='ltr'><strong>autem</strong></span> <span class='ocrx_word' id='word_1_420' title='bbox 3127 3617 3254 3654; x_wconf 86' lang='lat' dir='ltr'><strong>casu</strong></span> <span class='ocrx_word' id='word_1_421' title='bbox 3282 3618 3363 3655; x_wconf 84' lang='lat' dir='ltr'><strong>res</strong></span> <span class='ocrx_word' id='word_1_422' title='bbox 3387 3603 3464 3656; x_wconf 88' lang='lat' dir='ltr'><strong>ita</strong></span> <span class='ocrx_word' id='word_1_423' title='bbox 3483 3603 3805 3672; x_wconf 77' lang='lat' dir='ltr'><strong>disparatte,</strong></span> 
     </span>
    </p>
   </div>
   <div class='ocr_carea' id='block_1_54' title="bbox 536 3689 3810 3766">
    <p class='ocr_par' dir='ltr' id='par_1_54' title="bbox 536 3689 3810 3766">
     <span class='ocr_line' id='line_1_54' title="bbox 536 3689 3810 3766; baseline 0.002 -22"><span class='ocrx_word' id='word_1_424' title='bbox 536 3699 909 3761; x_wconf 82' lang='lat' dir='ltr'><strong>consequenter</strong></span> <span class='ocrx_word' id='word_1_425' title='bbox 926 3699 976 3744; x_wconf 89' lang='lat' dir='ltr'><strong>et</strong></span> <span class='ocrx_word' id='word_1_426' title='bbox 1000 3690 1094 3744; x_wconf 89' lang='lat' dir='ltr'><strong>sub</strong></span> <span class='ocrx_word' id='word_1_427' title='bbox 1123 3689 1302 3743; x_wconf 87' lang='lat' dir='ltr'><strong>eodem</strong></span> <span class='ocrx_word' id='word_1_428' title='bbox 1327 3690 1483 3744; x_wconf 77' lang='lat' dir='ltr'><strong>titulo</strong></span> <span class='ocrx_word' id='word_1_429' title='bbox 1517 3693 1708 3759; x_wconf 84' lang='lat' dir='ltr'><strong>posita:</strong></span> <span class='ocrx_word' id='word_1_430' title='bbox 1738 3690 1959 3760; x_wconf 77' lang='lat' dir='ltr'><strong>fuerint,</strong></span> <span class='ocrx_word' id='word_1_431' title='bbox 1993 3693 2111 3762; x_wconf 85' lang='lat' dir='ltr'><strong>quis</strong></span> <span class='ocrx_word' id='word_1_432' title='bbox 2149 3693 2408 3761; x_wconf 86' lang='lat' dir='ltr'><strong>augurari</strong></span> <span class='ocrx_word' id='word_1_433' title='bbox 2440 3693 2611 3747; x_wconf 80' lang='lat' dir='ltr'><strong>valeat</strong></span> <span class='ocrx_word' id='word_1_434' title='bbox 2637 3697 2662 3749; x_wconf 72' lang='grc'><em>2</em></span> <span class='ocrx_word' id='word_1_435' title='bbox 2715 3692 2844 3748; x_wconf 73' lang='grc' dir='ltr'><strong>Ηωσ</strong></span> <span class='ocrx_word' id='word_1_436' title='bbox 2896 3695 3151 3762; x_wconf 89' lang='lat' dir='ltr'><strong>opuscula</strong></span> <span class='ocrx_word' id='word_1_437' title='bbox 3193 3713 3283 3750; x_wconf 87' lang='lat' dir='ltr'><strong>seu</strong></span> <span class='ocrx_word' id='word_1_438' title='bbox 3329 3698 3632 3766; x_wconf 84' lang='lat' dir='ltr'><strong>fragmenta</strong></span> <span class='ocrx_word' id='word_1_439' title='bbox 3666 3708 3810 3752; x_wconf 79' lang='lat' dir='ltr'><strong>recte</strong></span> 
     </span>
    </p>
   </div>
   <div class='ocr_carea' id='block_1_55' title="bbox 538 3784 3807 3859">
    <p class='ocr_par' dir='ltr' id='par_1_55' title="bbox 538 3784 3807 3859">
     <span class='ocr_line' id='line_1_55' title="bbox 538 3784 3807 3859; baseline 0 -20"><span class='ocrx_word' id='word_1_440' title='bbox 538 3787 748 3842; x_wconf 88' lang='lat' dir='ltr'><strong>demum</strong></span> <span class='ocrx_word' id='word_1_441' title='bbox 781 3788 950 3841; x_wconf 82' lang='lat' dir='ltr'><strong>divisa</strong></span> <span class='ocrx_word' id='word_1_442' title='bbox 973 3787 1189 3854; x_wconf 83' lang='lat' dir='ltr'><strong>fuerunt</strong></span> <span class='ocrx_word' id='word_1_443' title='bbox 1221 3803 1254 3839; x_wconf 88' lang='lat' dir='ltr'><strong>a</strong></span> <span class='ocrx_word' id='word_1_444' title='bbox 1279 3784 1712 3841; x_wconf 85' lang='lat' dir='ltr'><strong>Commelinianis</strong></span> <span class='ocrx_word' id='word_1_445' title='bbox 1741 3787 2058 3853; x_wconf 82' lang='lat' dir='ltr'><strong>editoribus,</strong></span> <span class='ocrx_word' id='word_1_446' title='bbox 2100 3804 2231 3859; x_wconf 90' lang='lat' dir='ltr'><strong>quos</strong></span> <span class='ocrx_word' id='word_1_447' title='bbox 2267 3791 2432 3842; x_wconf 86' lang='lat' dir='ltr'><strong>secuti</strong></span> <span class='ocrx_word' id='word_1_448' title='bbox 2457 3789 2534 3843; x_wconf 89' lang='lat' dir='ltr'><strong>ita</strong></span> <span class='ocrx_word' id='word_1_449' title='bbox 2563 3799 2682 3843; x_wconf 88' lang='lat' dir='ltr'><strong>sunt</strong></span> <span class='ocrx_word' id='word_1_450' title='bbox 2717 3788 3069 3852; x_wconf 82' lang='lat' dir='ltr'><strong>Parisienses.</strong></span> <span class='ocrx_word' id='word_1_451' title='bbox 3128 3796 3185 3841; x_wconf 87' lang='lat' dir='ltr'><strong>ut</strong></span> <span class='ocrx_word' id='word_1_452' title='bbox 3236 3798 3515 3858; x_wconf 86' lang='lat' dir='ltr'><strong>postquam</strong></span> <span class='ocrx_word' id='word_1_453' title='bbox 3546 3797 3649 3842; x_wconf 89' lang='lat' dir='ltr'><strong>tres</strong></span> <span class='ocrx_word' id='word_1_454' title='bbox 3679 3788 3807 3842; x_wconf 85' lang='lat' dir='ltr'><strong>illos</strong></span> 
     </span>
    </p>
   </div>
   <div class='ocr_carea' id='block_1_56' title="bbox 541 3877 3811 3953">
    <p class='ocr_par' dir='ltr' id='par_1_56' title="bbox 541 3877 3811 3953">
     <span class='ocr_line' id='line_1_56' title="bbox 541 3877 3811 3953; baseline 0 -20"><span class='ocrx_word' id='word_1_455' title='bbox 541 3889 801 3933; x_wconf 82' lang='lat' dir='ltr'><strong>tracmtus</strong></span> <span class='ocrx_word' id='word_1_456' title='bbox 845 3881 897 3932; x_wconf 83' lang='lat' dir='ltr'><strong>in</strong></span> <span class='ocrx_word' id='word_1_457' title='bbox 942 3879 1117 3947; x_wconf 89' lang='lat' dir='ltr'><strong>priore</strong></span> <span class='ocrx_word' id='word_1_458' title='bbox 1152 3889 1292 3932; x_wconf 79' lang='lat' dir='ltr'><strong>torno</strong></span> <span class='ocrx_word' id='word_1_459' title='bbox 1321 3877 1532 3932; x_wconf 83' lang='lat' dir='ltr'><strong>dioisim</strong></span> <span class='ocrx_word' id='word_1_460' title='bbox 1572 3879 1904 3946; x_wconf 81' lang='lat' dir='ltr'><strong>retulissent,</strong></span> <span class='ocrx_word' id='word_1_461' title='bbox 1946 3888 2003 3932; x_wconf 90' lang='lat' dir='ltr'><strong>ut</strong></span> <span class='ocrx_word' id='word_1_462' title='bbox 2034 3895 2114 3934; x_wconf 90' lang='lat' dir='ltr'><strong>res</strong></span> <span class='ocrx_word' id='word_1_463' title='bbox 2159 3880 2503 3949; x_wconf 85' lang='lat' dir='ltr'><strong>postulabat;</strong></span> <span class='ocrx_word' id='word_1_464' title='bbox 2535 3879 2766 3935; x_wconf 88' lang='lat' dir='ltr'><strong>secundo</strong></span> <span class='ocrx_word' id='word_1_465' title='bbox 2796 3881 2986 3935; x_wconf 80' lang='lat' dir='ltr'><strong>iterum</strong></span> <span class='ocrx_word' id='word_1_466' title='bbox 3042 3891 3204 3946; x_wconf 81' lang='lat' dir='ltr'><strong>torno,</strong></span> <span class='ocrx_word' id='word_1_467' title='bbox 3235 3897 3286 3953; x_wconf 92' lang='lat' dir='ltr'><strong>p.</strong></span> <span class='ocrx_word' id='word_1_468' title='bbox 3325 3879 3415 3943; x_wconf 70' lang='grc'>64,</span> <span class='ocrx_word' id='word_1_469' title='bbox 3444 3881 3811 3951; x_wconf 76' lang='lat' dir='ltr'><strong>fragmentum</strong></span> 
     </span>
    </p>
   </div>
   <div class='ocr_carea' id='block_1_57' title="bbox 541 3954 3811 4049">
    <p class='ocr_par' dir='ltr' id='par_1_57' title="bbox 541 3954 3811 4049">
     <span class='ocr_line' id='line_1_57' title="bbox 541 3954 3811 4049; baseline -0.002 -19"><span class='ocrx_word' id='word_1_470' title='bbox 541 3954 863 4045; x_wconf 64' lang='lat' dir='ltr'><strong>&quot;posuerint</strong></span> <span class='ocrx_word' id='word_1_471' title='bbox 895 3991 915 4029; x_wconf 89' lang='lat'><strong><em>:</em></strong></span> <span class='ocrx_word' id='word_1_472' title='bbox 946 3975 1072 4030; x_wconf 70' lang='lat' dir='ltr'><strong>l-lwc</strong></span> <span class='ocrx_word' id='word_1_473' title='bbox 1107 3985 1192 4030; x_wconf 90' lang='lat' dir='ltr'><strong>cst</strong></span> <span class='ocrx_word' id='word_1_474' title='bbox 1219 3977 1367 4030; x_wconf 90' lang='lat' dir='ltr'><strong>enim</strong></span> <span class='ocrx_word' id='word_1_475' title='bbox 1393 3992 1522 4031; x_wconf 74' lang='lat' dir='ltr'><strong>vera</strong></span> <span class='ocrx_word' id='word_1_476' title='bbox 1553 3977 1826 4038; x_wconf 87' lang='lat' dir='ltr'><strong>doctrina,</strong></span> <span class='ocrx_word' id='word_1_477' title='bbox 1862 3987 1913 4031; x_wconf 91' lang='lat' dir='ltr'><strong>et</strong></span> <span class='ocrx_word' id='word_1_478' title='bbox 1947 3989 2322 4049; x_wconf 86' lang='lat' dir='ltr'><strong>consequenter</strong></span> <span class='ocrx_word' id='word_1_479' title='bbox 2346 3978 2442 4032; x_wconf 88' lang='lat' dir='ltr'><strong>hoc</strong></span> <span class='ocrx_word' id='word_1_480' title='bbox 2475 3977 2539 4031; x_wconf 88' lang='lat' dir='ltr'><strong>de</strong></span> <span class='ocrx_word' id='word_1_481' title='bbox 2571 3977 2825 4032; x_wconf 89' lang='lat' dir='ltr'><strong>Sabbatis</strong></span> <span class='ocrx_word' id='word_1_482' title='bbox 2861 3977 3190 4047; x_wconf 83' lang='lat' dir='ltr'><strong>opusculum.</strong></span> <span class='ocrx_word' id='word_1_483' title='bbox 3243 3973 3460 4030; x_wconf 79' lang='lat' dir='ltr'><strong>Primus</strong></span> <span class='ocrx_word' id='word_1_484' title='bbox 3495 3989 3655 4042; x_wconf 86' lang='lat' dir='ltr'><strong>porro</strong></span> <span class='ocrx_word' id='word_1_485' title='bbox 3691 3982 3811 4026; x_wconf 83' lang='lat' dir='ltr'><strong>tra-</strong></span> 
     </span>
    </p>
   </div>
   <div class='ocr_carea' id='block_1_58' title="bbox 541 4064 3812 4138">
    <p class='ocr_par' dir='ltr' id='par_1_58' title="bbox 541 4064 3812 4138">
     <span class='ocr_line' id='line_1_58' title="bbox 541 4064 3812 4138; baseline -0.001 -15"><span class='ocrx_word' id='word_1_486' title='bbox 541 4080 737 4136; x_wconf 89' lang='lat' dir='ltr'><strong>ctatus,</strong></span> <span class='ocrx_word' id='word_1_487' title='bbox 770 4084 947 4138; x_wconf 86' lang='lat' dir='ltr'><strong>nempe</strong></span> <span class='ocrx_word' id='word_1_488' title='bbox 975 4068 1028 4121; x_wconf 91' lang='lat' dir='ltr'><strong>in</strong></span> <span class='ocrx_word' id='word_1_489' title='bbox 1059 4067 1192 4121; x_wconf 88' lang='lat' dir='ltr'><strong>illud</strong></span> <span class='ocrx_word' id='word_1_490' title='bbox 1225 4079 1244 4119; x_wconf 91' lang='lat'><strong><em>:</em></strong></span> <span class='ocrx_word' id='word_1_491' title='bbox 1277 4064 1470 4120; x_wconf 83' lang='lat' dir='ltr'><strong>Omnia</strong></span> <span class='ocrx_word' id='word_1_492' title='bbox 1497 4066 1631 4119; x_wconf 91' lang='lat' dir='ltr'><strong>mihi</strong></span> <span class='ocrx_word' id='word_1_493' title='bbox 1659 4066 1864 4120; x_wconf 74' lang='lat' dir='ltr'><strong>tradita</strong></span> <span class='ocrx_word' id='word_1_494' title='bbox 1890 4074 2040 4129; x_wconf 88' lang='lat' dir='ltr'><strong>sunt,</strong></span> <span class='ocrx_word' id='word_1_495' title='bbox 2073 4077 2207 4130; x_wconf 89' lang='lat' dir='ltr'><strong>etc.,</strong></span> <span class='ocrx_word' id='word_1_496' title='bbox 2234 4068 2346 4122; x_wconf 89' lang='lat' dir='ltr'><strong>suis</strong></span> <span class='ocrx_word' id='word_1_497' title='bbox 2374 4083 2485 4121; x_wconf 88' lang='lat' dir='ltr'><strong>sese</strong></span> <span class='ocrx_word' id='word_1_498' title='bbox 2521 4069 2660 4121; x_wconf 89' lang='lat' dir='ltr'><strong>nolis</strong></span> <span class='ocrx_word' id='word_1_499' title='bbox 2681 4068 2864 4138; x_wconf 78' lang='lat' dir='ltr'><strong>prodit</strong></span> <span class='ocrx_word' id='word_1_500' title='bbox 2892 4085 3004 4122; x_wconf 83' lang='lat' dir='ltr'><strong>esse</strong></span> <span class='ocrx_word' id='word_1_501' title='bbox 3037 4067 3488 4121; x_wconf 80' lang='lat' dir='ltr'><strong>Athanasianum.</strong></span> <span class='ocrx_word' id='word_1_502' title='bbox 3532 4064 3663 4119; x_wconf 75' lang='lat' dir='ltr'><strong>Vide</strong></span> <span class='ocrx_word' id='word_1_503' title='bbox 3693 4066 3812 4134; x_wconf 82' lang='lat' dir='ltr'><strong>pri-</strong></span> 
     </span>
    </p>
   </div>
   <div class='ocr_carea' id='block_1_59' title="bbox 541 4159 3808 4234">
    <p class='ocr_par' dir='ltr' id='par_1_59' title="bbox 541 4159 3808 4234">
     <span class='ocr_line' id='line_1_59' title="bbox 541 4159 3808 4234; baseline -0.002 -18"><span class='ocrx_word' id='word_1_504' title='bbox 541 4180 629 4217; x_wconf 89' lang='lat' dir='ltr'><strong>mo</strong></span> <span class='ocrx_word' id='word_1_505' title='bbox 667 4173 805 4217; x_wconf 85' lang='lat' dir='ltr'><strong>torno</strong></span> <span class='ocrx_word' id='word_1_506' title='bbox 839 4180 892 4234; x_wconf 93' lang='lat' dir='ltr'><strong>p.</strong></span> <span class='ocrx_word' id='word_1_507' title='bbox 935 4163 1024 4218; x_wconf 90' lang='lat' dir='ltr'><strong>8l.</strong></span> <span class='ocrx_word' id='word_1_508' title='bbox 1063 4161 1443 4232; x_wconf 84' lang='lat' dir='ltr'><strong>Fragmentum</strong></span> <span class='ocrx_word' id='word_1_509' title='bbox 1469 4177 1588 4215; x_wconf 79' lang='lat' dir='ltr'><strong>vero</strong></span> <span class='ocrx_word' id='word_1_510' title='bbox 1623 4177 1642 4215; x_wconf 90' lang='lat'><strong><em>:</em></strong></span> <span class='ocrx_word' id='word_1_511' title='bbox 1675 4160 1803 4218; x_wconf 71' lang='lat' dir='ltr'><strong>Haec</strong></span> <span class='ocrx_word' id='word_1_512' title='bbox 1823 4171 1906 4216; x_wconf 92' lang='lat' dir='ltr'><strong>est</strong></span> <span class='ocrx_word' id='word_1_513' title='bbox 1933 4163 2079 4217; x_wconf 84' lang='lat' dir='ltr'><strong>enim</strong></span> <span class='ocrx_word' id='word_1_514' title='bbox 2113 4179 2240 4218; x_wconf 73' lang='lat' dir='ltr'><strong>vera</strong></span> <span class='ocrx_word' id='word_1_515' title='bbox 2273 4163 2548 4229; x_wconf 85' lang='lat' dir='ltr'><strong>doctrina,</strong></span> <span class='ocrx_word' id='word_1_516' title='bbox 2579 4165 2813 4219; x_wconf 72' lang='lat' dir='ltr'><strong>diximus</strong></span> <span class='ocrx_word' id='word_1_517' title='bbox 2834 4181 2900 4218; x_wconf 79' lang='lat' dir='ltr'><strong>ea:</strong></span> <span class='ocrx_word' id='word_1_518' title='bbox 2936 4165 3070 4219; x_wconf 84' lang='lat' dir='ltr'><strong>libro</strong></span> <span class='ocrx_word' id='word_1_519' title='bbox 3094 4162 3157 4217; x_wconf 89' lang='lat' dir='ltr'><strong>de</strong></span> <span class='ocrx_word' id='word_1_520' title='bbox 3198 4161 3434 4215; x_wconf 74' lang='lat' dir='ltr'><strong>Nicwnis</strong></span> <span class='ocrx_word' id='word_1_521' title='bbox 3461 4159 3686 4213; x_wconf 88' lang='lat' dir='ltr'><strong>decretis</strong></span> <span class='ocrx_word' id='word_1_522' title='bbox 3708 4173 3808 4212; x_wconf 78' lang='lat' dir='ltr'><strong>ea:-</strong></span> 
     </span>
    </p>
   </div>
   <div class='ocr_carea' id='block_1_60' title="bbox 541 4249 3813 4326">
    <p class='ocr_par' dir='ltr' id='par_1_60' title="bbox 541 4249 3813 4326">
     <span class='ocr_line' id='line_1_60' title="bbox 541 4249 3813 4326; baseline -0.002 -16"><span class='ocrx_word' id='word_1_523' title='bbox 541 4267 774 4324; x_wconf 89' lang='lat' dir='ltr'><strong>cerptum</strong></span> <span class='ocrx_word' id='word_1_524' title='bbox 796 4256 979 4326; x_wconf 77' lang='lat' dir='ltr'><strong>fuisse.</strong></span> <span class='ocrx_word' id='word_1_525' title='bbox 1016 4254 1170 4309; x_wconf 85' lang='lat' dir='ltr'><strong>Hunc</strong></span> <span class='ocrx_word' id='word_1_526' title='bbox 1198 4267 1314 4308; x_wconf 83' lang='lat' dir='ltr'><strong>vero</strong></span> <span class='ocrx_word' id='word_1_527' title='bbox 1345 4260 1632 4303; x_wconf 77' lang='lat' dir='ltr'><strong>tractatum</strong></span> <span class='ocrx_word' id='word_1_528' title='bbox 1656 4249 1796 4321; x_wconf 85' lang='lat' dir='ltr'><strong>quod</strong></span> <span class='ocrx_word' id='word_1_529' title='bbox 1818 4259 2045 4320; x_wconf 87' lang='lat' dir='ltr'><strong>spectat,</strong></span> <span class='ocrx_word' id='word_1_530' title='bbox 2080 4267 2148 4303; x_wconf 89' lang='lat' dir='ltr'><strong>an</strong></span> <span class='ocrx_word' id='word_1_531' title='bbox 2181 4251 2466 4306; x_wconf 80' lang='lat' dir='ltr'><strong>Athanasii</strong></span> <span class='ocrx_word' id='word_1_532' title='bbox 2499 4254 2566 4307; x_wconf 89' lang='lat' dir='ltr'><strong>sit</strong></span> <span class='ocrx_word' id='word_1_533' title='bbox 2601 4271 2780 4316; x_wconf 89' lang='lat' dir='ltr'><strong>necne,</strong></span> <span class='ocrx_word' id='word_1_534' title='bbox 2811 4259 2899 4309; x_wconf 78' lang='lat' dir='ltr'><strong>via:</strong></span> <span class='ocrx_word' id='word_1_535' title='bbox 2927 4253 3237 4324; x_wconf 69' lang='lat' dir='ltr'><strong>deprehendi</strong></span> <span class='ocrx_word' id='word_1_536' title='bbox 3267 4261 3458 4321; x_wconf 85' lang='lat' dir='ltr'><strong>potest,</strong></span> <span class='ocrx_word' id='word_1_537' title='bbox 3490 4267 3610 4304; x_wconf 90' lang='lat' dir='ltr'><strong>cum</strong></span> <span class='ocrx_word' id='word_1_538' title='bbox 3653 4251 3813 4305; x_wconf 86' lang='lat' dir='ltr'><strong>nulla</strong></span> 
     </span>
    </p>
   </div>
   <div class='ocr_carea' id='block_1_61' title="bbox 541 4340 3813 4417">
    <p class='ocr_par' dir='ltr' id='par_1_61' title="bbox 541 4340 3813 4417">
     <span class='ocr_line' id='line_1_61' title="bbox 541 4340 3813 4417; baseline -0.001 -16"><span class='ocrx_word' id='word_1_539' title='bbox 541 4350 748 4417; x_wconf 84' lang='lat' dir='ltr'><strong>uspiam</strong></span> <span class='ocrx_word' id='word_1_540' title='bbox 782 4349 859 4401; x_wconf 87' lang='lat' dir='ltr'><strong>vel</strong></span> <span class='ocrx_word' id='word_1_541' title='bbox 889 4347 1098 4409; x_wconf 77' lang='grc' dir='ltr'>νοθείας</span> <span class='ocrx_word' id='word_1_542' title='bbox 1137 4347 1214 4399; x_wconf 79' lang='lat' dir='ltr'><strong>cel</strong></span> <span class='ocrx_word' id='word_1_543' title='bbox 1239 4340 1592 4414; x_wconf 79' lang='grc' dir='ltr'>γνησιότητος</span> <span class='ocrx_word' id='word_1_544' title='bbox 1627 4351 1753 4395; x_wconf 90' lang='lat' dir='ltr'><strong>nota</strong></span> <span class='ocrx_word' id='word_1_545' title='bbox 1804 4350 2109 4411; x_wconf 88' lang='lat' dir='ltr'><strong>compareat</strong></span> <span class='ocrx_word' id='word_1_546' title='bbox 2135 4357 2154 4394; x_wconf 92' lang='lat'><strong><em>:</em></strong></span> <span class='ocrx_word' id='word_1_547' title='bbox 2178 4342 2411 4396; x_wconf 79' lang='lat' dir='ltr'><strong>Itomilin:</strong></span> <span class='ocrx_word' id='word_1_548' title='bbox 2435 4361 2658 4414; x_wconf 86' lang='lat' dir='ltr'><strong>namque</strong></span> <span class='ocrx_word' id='word_1_549' title='bbox 2695 4346 2918 4416; x_wconf 86' lang='lat' dir='ltr'><strong>speciem</strong></span> <span class='ocrx_word' id='word_1_550' title='bbox 2946 4347 3300 4417; x_wconf 79' lang='lat' dir='ltr'><strong>prtcfert,quo</strong></span> <span class='ocrx_word' id='word_1_551' title='bbox 3330 4345 3596 4400; x_wconf 76' lang='lat' dir='ltr'><strong>scribendi</strong></span> <span class='ocrx_word' id='word_1_552' title='bbox 3620 4361 3813 4416; x_wconf 76' lang='lat' dir='ltr'><strong>genere</strong></span> 
     </span>
    </p>
   </div>
   <div class='ocr_carea' id='block_1_62' title="bbox 543 4437 3816 4516">
    <p class='ocr_par' dir='ltr' id='par_1_62' title="bbox 543 4437 3816 4516">
     <span class='ocr_line' id='line_1_62' title="bbox 543 4437 3816 4516; baseline 0.001 -24"><span class='ocrx_word' id='word_1_553' title='bbox 543 4439 675 4492; x_wconf 84' lang='lat' dir='ltr'><strong>nihil</strong></span> <span class='ocrx_word' id='word_1_554' title='bbox 729 4438 894 4492; x_wconf 85' lang='lat' dir='ltr'><strong>edidit</strong></span> <span class='ocrx_word' id='word_1_555' title='bbox 945 4437 1300 4505; x_wconf 82' lang='lat' dir='ltr'><strong>Athanasius,</strong></span> <span class='ocrx_word' id='word_1_556' title='bbox 1349 4437 1486 4509; x_wconf 90' lang='lat' dir='ltr'><strong>quod</strong></span> <span class='ocrx_word' id='word_1_557' title='bbox 1535 4437 1604 4492; x_wconf 90' lang='lat' dir='ltr'><strong>ad</strong></span> <span class='ocrx_word' id='word_1_558' title='bbox 1643 4456 1738 4493; x_wconf 86' lang='lat' dir='ltr'><strong>nos</strong></span> <span class='ocrx_word' id='word_1_559' title='bbox 1781 4455 1942 4510; x_wconf 88' lang='lat' dir='ltr'><strong>usque</strong></span> <span class='ocrx_word' id='word_1_560' title='bbox 1990 4440 2287 4508; x_wconf 81' lang='lat' dir='ltr'><strong>pervenerit</strong></span> <span class='ocrx_word' id='word_1_561' title='bbox 2318 4456 2337 4494; x_wconf 91' lang='lat'><strong><em>:</em></strong></span> <span class='ocrx_word' id='word_1_562' title='bbox 2387 4443 2524 4495; x_wconf 89' lang='lat' dir='ltr'><strong>unde</strong></span> <span class='ocrx_word' id='word_1_563' title='bbox 2591 4444 2678 4497; x_wconf 72' lang='lat' dir='ltr'><strong>vix</strong></span> <span class='ocrx_word' id='word_1_564' title='bbox 2733 4458 2799 4496; x_wconf 73' lang='lat' dir='ltr'><strong>ea:</strong></span> <span class='ocrx_word' id='word_1_565' title='bbox 2826 4445 2966 4516; x_wconf 86' lang='lat' dir='ltr'><strong>stylo</strong></span> <span class='ocrx_word' id='word_1_566' title='bbox 3017 4444 3221 4515; x_wconf 82' lang='lat' dir='ltr'><strong>aliquid</strong></span> <span class='ocrx_word' id='word_1_567' title='bbox 3264 4443 3472 4498; x_wconf 82' lang='lat' dir='ltr'><strong>decerni</strong></span> <span class='ocrx_word' id='word_1_568' title='bbox 3524 4456 3680 4513; x_wconf 83' lang='lat' dir='ltr'><strong>posse</strong></span> <span class='ocrx_word' id='word_1_569' title='bbox 3735 4443 3816 4495; x_wconf 77' lang='lat' dir='ltr'><strong>oi-</strong></span> 
     </span>
    </p>
   </div>
   <div class='ocr_carea' id='block_1_63' title="bbox 539 4531 716 4586">
    <p class='ocr_par' dir='ltr' id='par_1_63' title="bbox 539 4531 716 4586">
     <span class='ocr_line' id='line_1_63' title="bbox 539 4531 716 4586; baseline 0 -3"><span class='ocrx_word' id='word_1_570' title='bbox 539 4531 716 4586; x_wconf 85' lang='lat' dir='ltr'><strong>detur.</strong></span> 
     </span>
    </p>
   </div>
   <div class='ocr_carea' id='block_1_64' title="bbox 613 4643 3814 4718">
    <p class='ocr_par' dir='ltr' id='par_1_64' title="bbox 613 4643 3814 4718">
     <span class='ocr_line' id='line_1_64' title="bbox 613 4643 3814 4718; baseline 0.002 -20"><span class='ocrx_word' id='word_1_571' title='bbox 613 4644 679 4702; x_wconf 82' lang='grc' dir='ltr'><strong>ΙΙ.</strong></span> <span class='ocrx_word' id='word_1_572' title='bbox 707 4644 894 4716; x_wconf 83' lang='lat' dir='ltr'><strong>Agitur</strong></span> <span class='ocrx_word' id='word_1_573' title='bbox 922 4645 1006 4700; x_wconf 76' lang='lat' dir='ltr'><strong>hic</strong></span> <span class='ocrx_word' id='word_1_574' title='bbox 1026 4645 1090 4700; x_wconf 88' lang='lat' dir='ltr'><strong>de</strong></span> <span class='ocrx_word' id='word_1_575' title='bbox 1121 4644 1378 4708; x_wconf 85' lang='lat' dir='ltr'><strong>Sabbato,</strong></span> <span class='ocrx_word' id='word_1_576' title='bbox 1411 4645 1550 4716; x_wconf 89' lang='lat' dir='ltr'><strong>quod</strong></span> <span class='ocrx_word' id='word_1_577' title='bbox 1585 4662 1688 4698; x_wconf 90' lang='lat' dir='ltr'><strong>non</strong></span> <span class='ocrx_word' id='word_1_578' title='bbox 1717 4645 1835 4708; x_wconf 90' lang='lat' dir='ltr'><strong>otii,</strong></span> <span class='ocrx_word' id='word_1_579' title='bbox 1873 4651 1960 4697; x_wconf 86' lang='lat' dir='ltr'><strong>sed</strong></span> <span class='ocrx_word' id='word_1_580' title='bbox 1989 4643 2085 4697; x_wconf 88' lang='lat' dir='ltr'><strong>Dei</strong></span> <span class='ocrx_word' id='word_1_581' title='bbox 2115 4645 2466 4713; x_wconf 79' lang='lat' dir='ltr'><strong>cognoscendi</strong></span> <span class='ocrx_word' id='word_1_582' title='bbox 2494 4661 2662 4700; x_wconf 88' lang='lat' dir='ltr'><strong>causa</strong></span> <span class='ocrx_word' id='word_1_583' title='bbox 2694 4645 2879 4701; x_wconf 88' lang='lat' dir='ltr'><strong>datum</strong></span> <span class='ocrx_word' id='word_1_584' title='bbox 2903 4646 3223 4718; x_wconf 79' lang='lat' dir='ltr'><strong>defenditur,</strong></span> <span class='ocrx_word' id='word_1_585' title='bbox 3251 4649 3315 4704; x_wconf 90' lang='lat' dir='ltr'><strong>de</strong></span> <span class='ocrx_word' id='word_1_586' title='bbox 3347 4648 3630 4704; x_wconf 86' lang='lat' dir='ltr'><strong>Dominica</strong></span> <span class='ocrx_word' id='word_1_587' title='bbox 3652 4649 3814 4714; x_wconf 83' lang='lat' dir='ltr'><strong>item,</strong></span> 
     </span>
    </p>
   </div>
   <div class='ocr_carea' id='block_1_65' title="bbox 539 4738 3814 4820">
    <p class='ocr_par' dir='ltr' id='par_1_65' title="bbox 539 4738 3814 4820">
     <span class='ocr_line' id='line_1_65' title="bbox 539 4738 3814 4820; baseline 0.002 -28"><span class='ocrx_word' id='word_1_588' title='bbox 539 4740 605 4795; x_wconf 86' lang='lat' dir='ltr'><strong>de</strong></span> <span class='ocrx_word' id='word_1_589' title='bbox 633 4741 1028 4797; x_wconf 82' lang='lat' dir='ltr'><strong>circumcisione</strong></span> <span class='ocrx_word' id='word_1_590' title='bbox 1065 4751 1114 4796; x_wconf 87' lang='lat' dir='ltr'><strong>et</strong></span> <span class='ocrx_word' id='word_1_591' title='bbox 1149 4740 1591 4820; x_wconf 81' lang='lat' dir='ltr'><strong>baptismate._Et</strong></span> <span class='ocrx_word' id='word_1_592' title='bbox 1636 4757 1764 4794; x_wconf 83' lang='lat' dir='ltr'><strong>sane</strong></span> <span class='ocrx_word' id='word_1_593' title='bbox 1796 4738 2088 4810; x_wconf 84' lang='lat' dir='ltr'><strong>quamdam</strong></span> <span class='ocrx_word' id='word_1_594' title='bbox 2139 4739 2421 4810; x_wconf 87' lang='lat' dir='ltr'><strong>dignitatis</strong></span> <span class='ocrx_word' id='word_1_595' title='bbox 2460 4745 2688 4811; x_wconf 85' lang='lat' dir='ltr'><strong>speciem</strong></span> <span class='ocrx_word' id='word_1_596' title='bbox 2741 4743 2954 4813; x_wconf 76' lang='lat' dir='ltr'><strong>prwfert</strong></span> <span class='ocrx_word' id='word_1_597' title='bbox 3004 4744 3101 4798; x_wconf 82' lang='lat' dir='ltr'><strong>hoc</strong></span> <span class='ocrx_word' id='word_1_598' title='bbox 3134 4743 3468 4812; x_wconf 87' lang='lat' dir='ltr'><strong>opusculum,</strong></span> <span class='ocrx_word' id='word_1_599' title='bbox 3504 4751 3562 4796; x_wconf 89' lang='lat' dir='ltr'><strong>ut</strong></span> <span class='ocrx_word' id='word_1_600' title='bbox 3600 4743 3650 4795; x_wconf 89' lang='lat' dir='ltr'><strong>si</strong></span> <span class='ocrx_word' id='word_1_601' title='bbox 3701 4759 3814 4798; x_wconf 86' lang='lat' dir='ltr'><strong>non</strong></span> 
     </span>
    </p>
   </div>
   <div class='ocr_carea' id='block_1_66' title="bbox 538 4832 3819 4910">
    <p class='ocr_par' dir='ltr' id='par_1_66' title="bbox 538 4832 3819 4910">
     <span class='ocr_line' id='line_1_66' title="bbox 538 4832 3819 4910; baseline 0.002 -24"><span class='ocrx_word' id='word_1_602' title='bbox 538 4832 825 4888; x_wconf 74' lang='lat' dir='ltr'><strong>Athanasii</strong></span> <span class='ocrx_word' id='word_1_603' title='bbox 852 4835 922 4889; x_wconf 90' lang='lat' dir='ltr'><strong>sit</strong></span> <span class='ocrx_word' id='word_1_604' title='bbox 947 4873 962 4896; x_wconf 91' lang='lat'><strong>,</strong></span> <span class='ocrx_word' id='word_1_605' title='bbox 1004 4836 1234 4906; x_wconf 86' lang='lat' dir='ltr'><strong>alicujus</strong></span> <span class='ocrx_word' id='word_1_606' title='bbox 1266 4839 1455 4893; x_wconf 87' lang='lat' dir='ltr'><strong>saltem</strong></span> <span class='ocrx_word' id='word_1_607' title='bbox 1485 4839 1558 4905; x_wconf 89' lang='lat' dir='ltr'><strong>pii</strong></span> <span class='ocrx_word' id='word_1_608' title='bbox 1578 4838 1820 4908; x_wconf 88' lang='lat' dir='ltr'><strong>doctique</strong></span> <span class='ocrx_word' id='word_1_609' title='bbox 1857 4837 1907 4890; x_wconf 84' lang='lat' dir='ltr'><strong>vi</strong></span> <span class='ocrx_word' id='word_1_610' title='bbox 1924 4837 1972 4890; x_wconf 89' lang='lat' dir='ltr'><strong>ri</strong></span> <span class='ocrx_word' id='word_1_611' title='bbox 2003 4853 2134 4906; x_wconf 90' lang='lat' dir='ltr'><strong>opus</strong></span> <span class='ocrx_word' id='word_1_612' title='bbox 2164 4853 2278 4892; x_wconf 84' lang='lat' dir='ltr'><strong>esse</strong></span> <span class='ocrx_word' id='word_1_613' title='bbox 2307 4846 2549 4906; x_wconf 86' lang='lat' dir='ltr'><strong>putetur.</strong></span> <span class='ocrx_word' id='word_1_614' title='bbox 2589 4837 2915 4893; x_wconf 75' lang='lat' dir='ltr'><strong>Monendum</strong></span> <span class='ocrx_word' id='word_1_615' title='bbox 2939 4837 3158 4910; x_wconf 87' lang='lat' dir='ltr'><strong>denique</strong></span> <span class='ocrx_word' id='word_1_616' title='bbox 3191 4841 3462 4900; x_wconf 72' lang='lat' dir='ltr'><strong>duximus,</strong></span> <span class='ocrx_word' id='word_1_617' title='bbox 3489 4837 3560 4894; x_wconf 86' lang='lat' dir='ltr'><strong>ad</strong></span> <span class='ocrx_word' id='word_1_618' title='bbox 3583 4839 3819 4893; x_wconf 84' lang='lat' dir='ltr'><strong>oratio-</strong></span> 
     </span>
    </p>
   </div>
   <div class='ocr_carea' id='block_1_67' title="bbox 539 4927 3823 5000">
    <p class='ocr_par' dir='ltr' id='par_1_67' title="bbox 539 4927 3823 5000">
     <span class='ocr_line' id='line_1_67' title="bbox 539 4927 3823 5000; baseline 0.001 -21"><span class='ocrx_word' id='word_1_619' title='bbox 539 4939 658 4979; x_wconf 83' lang='lat' dir='ltr'><strong>nem</strong></span> <span class='ocrx_word' id='word_1_620' title='bbox 672 4935 920 4994; x_wconf 86' lang='lat' dir='ltr'><strong>quartam</strong></span> <span class='ocrx_word' id='word_1_621' title='bbox 934 4938 1122 4983; x_wconf 86' lang='lat' dir='ltr'><strong>contra</strong></span> <span class='ocrx_word' id='word_1_622' title='bbox 1148 4929 1400 4994; x_wconf 82' lang='lat' dir='ltr'><strong>Arianos,</strong></span> <span class='ocrx_word' id='word_1_623' title='bbox 1428 4939 1561 4984; x_wconf 90' lang='lat' dir='ltr'><strong>tom.</strong></span> <span class='ocrx_word' id='word_1_624' title='bbox 1585 4927 1652 4992; x_wconf 90' lang='lat' dir='ltr'><strong>ll,</strong></span> <span class='ocrx_word' id='word_1_625' title='bbox 1681 4944 1734 4998; x_wconf 93' lang='lat' dir='ltr'><strong>p.</strong></span> <span class='ocrx_word' id='word_1_626' title='bbox 1769 4927 1896 4990; x_wconf 69' lang='lat'><strong>496,</strong></span> <span class='ocrx_word' id='word_1_627' title='bbox 1934 4929 1988 4982; x_wconf 89' lang='lat' dir='ltr'><strong>in</strong></span> <span class='ocrx_word' id='word_1_628' title='bbox 2022 4931 2256 4999; x_wconf 87' lang='lat' dir='ltr'><strong>margine</strong></span> <span class='ocrx_word' id='word_1_629' title='bbox 2282 4927 2519 4982; x_wconf 88' lang='lat' dir='ltr'><strong>codicum</strong></span> <span class='ocrx_word' id='word_1_630' title='bbox 2554 4928 2751 4991; x_wconf 86' lang='lat' dir='ltr'><strong>Basil.,</strong></span> <span class='ocrx_word' id='word_1_631' title='bbox 2779 4929 2984 4986; x_wconf 85' lang='lat' dir='ltr'><strong>Gobler.</strong></span> <span class='ocrx_word' id='word_1_632' title='bbox 3006 4940 3054 4985; x_wconf 92' lang='lat' dir='ltr'><strong>et</strong></span> <span class='ocrx_word' id='word_1_633' title='bbox 3078 4928 3311 4986; x_wconf 77' lang='lat' dir='ltr'><strong>Felcltm.</strong></span> <span class='ocrx_word' id='word_1_634' title='bbox 3342 4930 3395 4995; x_wconf 78' lang='lat' dir='ltr'><strong>l,</strong></span> <span class='ocrx_word' id='word_1_635' title='bbox 3416 4928 3529 4984; x_wconf 62' lang='lat' dir='ltr'><strong>haec</strong></span> <span class='ocrx_word' id='word_1_636' title='bbox 3559 4929 3700 5000; x_wconf 90' lang='lat' dir='ltr'><strong>legi:</strong></span> <span class='ocrx_word' id='word_1_637' title='bbox 3729 4929 3823 4983; x_wconf 72' lang='grc' dir='ltr'>Τὰ</span> 
     </span>
    </p>
   </div>
   <div class='ocr_carea' id='block_1_68' title="bbox 540 5015 2165 5096">
    <p class='ocr_par' dir='ltr' id='par_1_68' title="bbox 540 5015 2165 5093">
     <span class='ocr_line' id='line_1_68' title="bbox 540 5015 2165 5093; baseline 0.006 -25"><span class='ocrx_word' id='word_1_638' title='bbox 540 5016 670 5087; x_wconf 76' lang='grc' dir='ltr'>περὶ</span> <span class='ocrx_word' id='word_1_639' title='bbox 697 5016 985 5074; x_wconf 79' lang='grc' dir='ltr'>σαϐϐάτων</span> <span class='ocrx_word' id='word_1_640' title='bbox 1034 5021 1128 5074; x_wconf 78' lang='grc' dir='ltr'>καὶ</span> <span class='ocrx_word' id='word_1_641' title='bbox 1169 5022 1470 5093; x_wconf 80' lang='grc' dir='ltr'>περιτομῆς</span> <span class='ocrx_word' id='word_1_642' title='bbox 1499 5015 1600 5076; x_wconf 81' lang='grc' dir='ltr'><strong>ὧδε</strong></span> <span class='ocrx_word' id='word_1_643' title='bbox 1631 5021 1859 5074; x_wconf 71' lang='grc' dir='ltr'>ἔκειντο.</span> <span class='ocrx_word' id='word_1_644' title='bbox 1888 5019 2165 5091; x_wconf 86' lang='lat' dir='ltr'><strong>Opusculu</strong></span> 
     </span>
    </p>
   </div>
   <div class='ocr_carea' id='block_1_69' title="bbox 2212 5015 3817 5096">
    <p class='ocr_par' dir='ltr' id='par_1_69' title="bbox 2212 5021 3817 5096">
     <span class='ocr_line' id='line_1_69' title="bbox 2212 5021 3817 5096; baseline 0.002 -21"><span class='ocrx_word' id='word_1_645' title='bbox 2212 5038 2227 5075; x_wconf 81' lang='grc' dir='ltr'><strong>ι</strong></span> <span class='ocrx_word' id='word_1_646' title='bbox 2259 5022 2327 5078; x_wconf 78' lang='lat' dir='ltr'><strong>de</strong></span> <span class='ocrx_word' id='word_1_647' title='bbox 2371 5021 2629 5077; x_wconf 85' lang='lat' dir='ltr'><strong>Sabbatis</strong></span> <span class='ocrx_word' id='word_1_648' title='bbox 2659 5031 2714 5078; x_wconf 89' lang='lat' dir='ltr'><strong>et</strong></span> <span class='ocrx_word' id='word_1_649' title='bbox 2758 5025 3202 5091; x_wconf 90' lang='lat' dir='ltr'><strong>circumcisione,</strong></span> <span class='ocrx_word' id='word_1_650' title='bbox 3239 5027 3328 5082; x_wconf 86' lang='lat' dir='ltr'><strong>hic</strong></span> <span class='ocrx_word' id='word_1_651' title='bbox 3360 5025 3600 5096; x_wconf 90' lang='lat' dir='ltr'><strong>positum</strong></span> <span class='ocrx_word' id='word_1_652' title='bbox 3635 5031 3762 5078; x_wconf 71' lang='lat' dir='ltr'><strong>erat</strong></span> <span class='ocrx_word' id='word_1_653' title='bbox 3800 5043 3817 5079; x_wconf 87' lang='lat'><strong>:</strong></span> 
     </span>
    </p>
   </div>
   <div class='ocr_carea' id='block_1_70' title="bbox 491 5099 3820 5201">
    <p class='ocr_par' dir='ltr' id='par_1_70' title="bbox 539 5099 3820 5201">
     <span class='ocr_line' id='line_1_70' title="bbox 539 5099 3820 5201; baseline 0.004 -42"><span class='ocrx_word' id='word_1_654' title='bbox 539 5107 667 5177; x_wconf 86' lang='lat' dir='ltr'><strong>quid</strong></span> <span class='ocrx_word' id='word_1_655' title='bbox 692 5125 869 5166; x_wconf 80' lang='lat' dir='ltr'><strong>causte</strong></span> <span class='ocrx_word' id='word_1_656' title='bbox 897 5129 1016 5168; x_wconf 81' lang='lat' dir='ltr'><strong>vero</strong></span> <span class='ocrx_word' id='word_1_657' title='bbox 1037 5116 1108 5170; x_wconf 89' lang='lat' dir='ltr'><strong>sit</strong></span> <span class='ocrx_word' id='word_1_658' title='bbox 1131 5114 1270 5186; x_wconf 87' lang='lat' dir='ltr'><strong>quod</strong></span> <span class='ocrx_word' id='word_1_659' title='bbox 1297 5131 1357 5173; x_wconf 90' lang='lat' dir='ltr'><strong>co</strong></span> <span class='ocrx_word' id='word_1_660' title='bbox 1393 5116 1496 5171; x_wconf 85' lang='lat' dir='ltr'><strong>loci</strong></span> <span class='ocrx_word' id='word_1_661' title='bbox 1531 5116 1857 5170; x_wconf 86' lang='lat' dir='ltr'><strong>translatum</strong></span> <span class='ocrx_word' id='word_1_662' title='bbox 1892 5117 2090 5199; x_wconf 50' lang='lat' dir='ltr'><strong>fuerit,</strong></span> <span class='ocrx_word' id='word_1_663' title='bbox 2121 5134 2187 5172; x_wconf 90' lang='lat' dir='ltr'><strong>ne</strong></span> <span class='ocrx_word' id='word_1_664' title='bbox 2226 5099 2527 5184; x_wconf 50' lang='lat' dir='ltr'><strong>conjectare</strong></span> <span class='ocrx_word' id='word_1_665' title='bbox 2559 5118 2771 5174; x_wconf 80' lang='lat' dir='ltr'><strong>cuidem</strong></span> <span class='ocrx_word' id='word_1_666' title='bbox 2827 5121 2981 5188; x_wconf 80' lang='lat' dir='ltr'><strong>licet;</strong></span> <span class='ocrx_word' id='word_1_667' title='bbox 3012 5139 3136 5201; x_wconf 61' lang='lat' dir='ltr'><strong>cunt</strong></span> <span class='ocrx_word' id='word_1_668' title='bbox 3175 5124 3240 5180; x_wconf 87' lang='lat' dir='ltr'><strong>de</strong></span> <span class='ocrx_word' id='word_1_669' title='bbox 3294 5122 3447 5178; x_wconf 87' lang='lat' dir='ltr'><strong>rebus</strong></span> <span class='ocrx_word' id='word_1_670' title='bbox 3489 5120 3606 5176; x_wconf 75' lang='lat' dir='ltr'><strong>illis</strong></span> <span class='ocrx_word' id='word_1_671' title='bbox 3652 5120 3820 5186; x_wconf 70' lang='lat' dir='ltr'><strong>longe</strong></span> 
     </span>
    </p>
   </div>
   <div class='ocr_carea' id='block_1_71' title="bbox 541 5191 3136 5278">
    <p class='ocr_par' dir='ltr' id='par_1_71' title="bbox 541 5191 3136 5278">
     <span class='ocr_line' id='line_1_71' title="bbox 541 5191 3136 5278; baseline 0.002 -23"><span class='ocrx_word' id='word_1_672' title='bbox 541 5201 842 5270; x_wconf 80' lang='lat' dir='ltr'><strong>disparibus</strong></span> <span class='ocrx_word' id='word_1_673' title='bbox 875 5217 1084 5278; x_wconf 86' lang='lat' dir='ltr'><strong>agatur.</strong></span> <span class='ocrx_word' id='word_1_674' title='bbox 2083 5191 2090 5199; x_wconf 59' lang='grc'><em>’</em></span> <span class='ocrx_word' id='word_1_675' title='bbox 2999 5197 3017 5205; x_wconf 70' lang='grc'><strong>’</strong></span> <span class='ocrx_word' id='word_1_676' title='bbox 3062 5196 3071 5204; x_wconf 70' lang='grc'><strong>’</strong></span> <span class='ocrx_word' id='word_1_677' title='bbox 3121 5191 3136 5203; x_wconf 65' lang='grc'><strong>’</strong></span> 
     </span>
    </p>
   </div>
  </div>
