4048 6406
517 369 646 438 ’139
1707 377 1772 432 S.
1819 374 2118 431 ATHANAE

2225 374 2281 432 S.
2325 409 2395 418 —
2433 374 2664 434 DUBIA.
3693 377 3793 430 HO

535 495 721 552 solvit.
755 491 1117 560 Quamobrem
1140 481 1310 544 sexta
1341 487 1430 543 die
1465 503 1630 560 Opera
1657 489 1899 560 perfecta
1937 501 2108 548 sunt:

2225 493 2386 558 οὕτως
2417 493 2516 566 τὴν
2541 496 2826 568 Κυριακήν
2857 495 3125 567 τιμῶμεν,
3163 496 3380 566 μνήμην
3426 487 3593 547 οὖσαν
3621 492 3796 565 ἀρχῆς

540 588 774 658 septima
803 599 935 640 vero
974 583 1241 654 requievit
1272 583 1340 636 ab
1385 580 1640 636 omnibus
1673 599 1688 636 :
1726 582 1782 636 in
1821 582 2112 655 Evangelio

2225 586 2471 657 Βευτέρας
2508 588 2861 653 ἀνακτίσεως.
2887 589 2962 642 Οὐ
2989 587 3098 659 γὰρ
3124 587 3289 658 ἄλλην
3329 585 3632 645 ἐπέκτισεν,
3660 583 3798 638 ἀλλά

521 687 721 733 ιευιεηι
767 675 1004 731 Verbum
1052 673 1196 745 quod
1248 671 1466 726 advenit
1524 672 1752 741 inquit:
1790 692 1810 725 ι
1839 673 1999 741 Veni,
2051 684 2112 730 ut

2225 678 2312 750 τὴν
2360 680 2596 734 παλαιὰν
2648 681 2976 744 ἀνεκαίνισε,
3013 680 3107 733 καὶ
3137 680 3204 749 ἣν
3246 677 3448 749 ήρξατο
3479 679 3652 730 ποιεῖν
3683 677 3799 728 ἐτε-

537 767 814 838 perﬁciam
833 781 970 836 opus
1003 766 1044 818 ³.
1078 783 1096 816 ι
1130 762 1233 830 Qui
1261 763 1408 817 enim
1428 762 1497 817 ab
1512 765 1767 820 omnibus
1794 767 2111 836 requiescit,

2225 771 2424 824 λείωσε.
2457 774 2554 826 Δια
2589 773 2744 827 τοῦτο
2773 777 2830 828 ἐν
2860 774 2958 845 μὲν
2982 775 3048 844 τῇ
3082 772 3215 842 ἕκτῃ
3239 771 3304 823 τά
3338 769 3611 840 γενόμενα
3670 784 3798 821 συν-

537 858 807 929 signiﬁcat
853 854 1098 924 quadam
1145 854 1616 908 consummatione
1666 854 1944 925 indigere,
1994 873 2116 926 qua:

2225 861 2493 934 ετελέσθη,
2517 865 2611 917 καὶ
2643 867 2706 935 τῇ
2749 864 2948 934 ἐϐδόμῃ
2985 862 3093 933 (Η)
3129 861 3474 915 κατέπαυσεν
3512 857 3620 912 ἀπὸ
3659 857 3796 911 πάν-

536 949 656 1020 ipse
691 946 916 1003 veniens
968 945 1202 1000 absolvit
1237 963 1250 998 :
1284 944 1360 998 ait
1392 945 1538 999 enim
1587 946 1641 999 in
1674 945 1903 1002 Joannis
1936 947 2114 1003 Evan-

2225 971 2356 1007 των“
2392 957 2450 1008 ὲν
2499 955 2554 1009 δὲ
2607 956 2686 1027 τῷ
2725 955 3039 1026 Εὐαγγελίῳ
3089 952 3256 1007 ἐλθὼν
3303 955 3331 1006 6
3369 951 3541 1021 Λόγος
3601 951 3798 1020 φησίν·

534 1041 677 1110 gelio
712 1059 724 1093 :
769 1057 788 1089 ι
818 1038 993 1107 Opera
1018 1052 1141 1108 quae
1174 1036 1322 1128 dedit
1352 1036 1484 1090 mihi
1523 1035 1705 1103 Pater,
1742 1047 1802 1092 ut
1830 1039 2110 1108 perﬁciam

2225 1063 2240 1097 ι
2279 1043 2481 1101 Ἦλθον
2508 1049 2791 1102 τελειῶσαι
2830 1048 2890 1101 τὸ
2923 1047 3100 1119 ἔργον.
3143 1065 3161 1097 ι
3212 1047 3270 1098 '0
3314 1043 3422 1116 γὰρ
3451 1044 3558 1096 ἀπὸ
3587 1042 3804 1094 πάντων

519 1147 629 1196 ea;
664 1133 782 1201 ipsa
807 1143 993 1200 opera,
1029 1145 1151 1200 quae
1185 1145 1284 1199 ego
1310 1129 1474 1193 facio,
1514 1131 1892 1185 testimonium
1927 1132 2112 1203 perhi-

2225 1138 2571 1202 καταπαύων,
2594 1141 2848 1210 σημαίνει
2879 1137 3001 1190 τινά
3023 1135 3231 1190 δεῖσθαι
3249 1136 3454 1197 τέλους,
3469 1135 3610 1203 ἆπερ
3634 1131 3803 1184 ἐλθὼν

532 1224 663 1279 bent
689 1223 757 1277 de
779 1236 866 1276 me
887 1221 930 1276 ⁸.
957 1239 976 1273 ›

2225 1229 2590 1285 ἑπετελείωσε.
2641 1229 2780 1300 Φησὶ
2818 1229 2927 1301 γὰρ
2975 1227 3085 1299 (19.)
3117 1229 3174 1280 ὲν
3215 1225 3294 1296 τῷ
3324 1225 3464 1280 κατά
3507 1223 3800 1291 Ἰωάννην·

536 1333 556 1365 α
616 1313 697 1368 Τὰ
748 1315 883 1387 ἔργα
931 1315 968 1369 ἃ
1007 1313 1206 1368 δέδωκέ
1248 1330 1337 1384 μοι
1390 1314 1419 1367 6
1462 1313 1674 1385 Πατὴρ,
1744 1313 1834 1366 ἵνα
1885 1312 2155 1368 τελειώσω
2193 1319 2332 1374 αὑτά
2369 1337 2381 1349 ·
2418 1319 2557 1374 αύτά
2603 1318 2673 1371 τὰ
2723 1317 2882 1390 ἔργα,
2930 1317 2966 1372 ἃ
3019 1315 3129 1385 ἐγὼ
3176 1315 3337 1380 ποιῶ,
3376 1313 3645 1386 μαρτυρεῖ
3673 1310 3802 1379 περὶ

530 1405 688 1478 ἐμοῦ.
735 1425 756 1458 ι
1429 1475 1432 1478 ξ

602 1498 654 1551 5.
691 1495 1073 1568 Imperfectum
1110 1496 1253 1551 enim
1291 1502 1438 1552 esset
1463 1481 1708 1568 opus,'si
1753 1495 1961 1552 Adamo
1989 1511 2117 1567 pec-

2286 1493 2337 1548 5.
2392 1493 2604 1558 Ἀτελὲς
2659 1496 2755 1565 μὲν
2786 1494 2896 1566 γὰρ
2925 1489 2993 1564 ἦν
3025 1492 3085 1546 τὸ
3118 1491 3300 1563 ἔργον,
3333 1492 3402 1555 εἰ,
3449 1489 3802 1562 ἁμαρτήσαν-

530 1601 692 1646 cante
740 1599 990 1646 mortuus
1054 1589 1248 1646 fuiSset
1310 1589 1476 1644 homo
1518 1608 1534 1646 :
1580 1590 1883 1660 perfectum
1933 1598 2116 1646 autem

2225 1605 2306 1652 ro;
2333 1587 2427 1641 τοῦ
2470 1589 2660 1660 Ἀδὰμ,
2697 1587 3040 1660 ἀπέθνησκεν
3082 1589 3111 1641 6
3143 1586 3463 1659 ἄνθρωπος’
3506 1583 3710 1638 τέλειον
3745 1583 3802 1638 δὲ

532 1681 737 1736 factum
774 1691 878 1748 est,
909 1681 998 1736 ubi
1033 1682 1148 1752 ipse
1180 1680 1488 1736 viviﬁcatus
1518 1690 1623 1738 est.
1654 1680 1924 1748 Quocirca
1964 1696 2118 1736 crea-

2225 1684 2427 1752 7é7ovs,
2461 1682 2884 1754 ζωοποιηθέντος
2923 1681 3106 1734 αὐτοῦ.
3142 1680 3241 1733 Διά
3287 1679 3467 1742 τοῦτο,
3501 1678 3602 1750 τὴν
3637 1680 3694 1730 ὲν
3740 1677 3798 1743 ἓξ

530 1775 736 1828 tionem
785 1789 878 1828 sex
920 1774 1114 1830 diebus
1167 1775 1367 1828 factam
1419 1791 1542 1829 cum
1592 1783 1931 1838 renovasset,
1973 1775 2118 1830 diem

2225 1775 2454 1847 ἡμέραις
2487 1775 2663 1828 κτίσιν
2698 1775 3070 1838 ἀνακαινίσας,
3102 1773 3314 1844 ἡμέραν
3345 1771 3527 1842 τίθησι
3557 1773 3624 1842 τῇ
3673 1771 3804 1823 ἀναο

531 1865 878 1920 renovationi
952 1866 1195 1937 assignat
1229 1881 1434 1937 :quam
1494 1866 1551 1920 in
1606 1867 1816 1936 psalmo
1877 1865 2115 1937 Spiritus

2225 1867 2472 1929 καινίσει,
2508 1867 2574 1936 ἦν
2614 1864 2703 1919 διὰ
2735 1865 2828 1919 τοῦ
2861 1864 3078 1936 ψαλμοῦ
3127 1865 3512 1936 προαναφωνεί
3548 1861 3707 1930 λέγον
3743 1860 3805 1914 τὺ

531 1958 861 2029 praenuntiat
891 1958 977 2013 his
1007 1961 1191 2016 verbis
1221 1979 1234 2014 :
1269 1978 1288 2010 ι
1320 1959 1446 2014 Haec
1491 1959 1609 2014 dies
1646 1975 1809 2030 quam
1845 1959 1971 2015 fecit
2009 1960 2116 2015 Do-

2225 1959 2476 2031 Πνεῦμαο
2515 1978 2532 2010 ‹
2597 1957 2746 2030 Αὕτη
2791 1958 2973 2031 ἡμέρα
3029 1958 3096 2029 ἥν
3143 1955 3394 2028 ἐποίησεν
3441 1956 3470 2008 6
3512 1953 3736 2026 Κύριος.
3781 1972 3798 2003 ι

521 2049 718 2105 minus
745 2048 787 2104 '.
825 2068 844 2100 ι
882 2048 1026 2104 Solis
1054 2052 1200 2104 enim
1244 2051 1418 2105 instar
1447 2049 1592 2104 Deus
1629 2051 1895 2113 exoritur,
1929 2049 2116 2120 singu-

524 2139 821 2210 lorumque
851 2142 1088 2196 illustrat
1117 2141 1329 2196 animas
1365 2159 1378 2197 :
1415 2140 1621 2195 idcirco
1656 2141 1710 2194 in
1739 2141 1966 2196 salutari
1991 2157 2118 2211 pas-

527 2233 688 2288 sione
721 2233 802 2287 sol
835 2248 946 2287 non
969 2233 1242 2303 apparuit,
1271 2233 1589 2304 signiﬁcans
1615 2247 1740 2286 cum
1775 2231 1934 2287 ﬁnem
1967 2235 2115 2303 prio-

531 2326 610 2380 ris
636 2323 951 2389 creationis,
992 2334 1103 2377 tum
1137 2325 1369 2379 alterius
1400 2325 1638 2388 initium,
1671 2340 1792 2394 qua:
1824 2340 1891 2380 ex
1931 2323 2118 2380 Salva-

530 2424 650 2471 tore
683 2416 962 2470 oriebatur
1011 2434 1024 2472 :
1083 2431 1246 2486 quam
1287 2416 1379 2472 ubi
1421 2417 1556 2471 vidit
1601 2418 1887 2487 propheta,
1931 2417 2112 2472 dixit:

537 2528 556 2560 ι
588 2507 729 2563 Ecce
753 2507 838 2561 vir
864 2505 1093 2562 :Oriens
1118 2523 1316 2563 nomen
1347 2507 1523 2578 ejus“.
1555 2528 1573 2560 ι
1607 2507 1669 2561 Et
1697 2509 1894 2563 iterum
1927 2525 1941 2563 :
1973 2528 1990 2558 ε
2010 2507 2118 2563 Vo-

528 2600 618 2656 bis
640 2601 960 2656 timentibus
979 2617 1104 2656 eum
1129 2601 1339 2656 orietur
1361 2602 1440 2656 sol
1462 2601 1692 2672 justitia:
1711 2602 1754 2658 ⁷.
1782 2621 1800 2654 ι
1827 2600 1945 2658 Νοη
1971 2603 2115 2658 enim

528 2681 776 2747 omnium
812 2701 897 2748 est
930 2693 1044 2747 haec
1078 2693 1218 2755 dies,
1255 2693 1351 2748 sed
1380 2708 1570 2748 eorum
1607 2695 1698 2763 qui
1743 2694 1942 2747 mortui
1989 2701 2116 2748 sunt

530 2793 781 2855 peccato,
817 2792 873 2840 et
916 2785 1105 2838 vivunt
1150 2783 1402 2839 Domino.
1455 2782 1583 2839 ldeo
1622 2785 1765 2840 enim
1795 2794 1989 2838 octavo
2030 2785 2117 2840 dic

526 2877 856 2933 circumcidi
891 2877 974 2932 lex
1001 2877 1170 2946 jussit
1207 2884 1300 2931 :et
1332 2877 1649 2930 mandatum
1683 2883 1801 2930 erat
1836 2891 2114 2945 nunquam

525 2969 873 3032 violandum,
904 2986 1014 3040 quo
1041 2969 1477 3039 signiﬁcabatur,
1505 2976 1628 3037 post
1655 2969 1941 3038 septimam
1973 2969 2115 3022 diem

528 3061 778 3115 omnium
815 3060 933 3115 fore
962 3059 1449 3130 regenerationem.
1479 3058 1623 3112 Nihil
1655 3059 1798 3112 enim
1832 3059 1978 3111 aliud
2006 3060 2116 3113 cir-

2231 2050 2370 2102 Ἀνθ’
2421 2050 2574 2122 ἡλίου
2621 2050 2730 2122 γὰρ
2776 2050 2909 2113 Θεὸς
2956 2049 3267 2112 ἀνατέλλει,
3326 2047 3689 2116 καταυγάζων
3737 2048 3802 2116 τῇ

2219 2143 2448 2197 ἑκάστου
2479 2143 2622 2213 ψυχῇ
2644 2161 2657 2174 ο
2691 2142 2776 2196 διὰ
2802 2142 2960 2196 τοῦτο
2996 2142 3092 2196 καὶ
3124 2144 3182 2195 ὲν
3215 2140 3364 2211 αὐτῷ
3394 2140 3503 2211 (15)
3525 2139 3604 2210 τῷ
3634 2155 3807 2208 σωτη-

2223 2233 2320 2304 ρίῳ
2367 2234 2529 2287 πάθει
2574 2235 2674 2288 οὐκ
2707 2235 2904 2303 ἔφανεν
2935 2234 3108 2305 ἥλιος,
3169 2233 3452 2304 σημαίνων
3480 2231 3648 2295 ¹τέλος
3707 2230 3806 2301 μὲν

2217 2326 2317 2396 τῆς
2351 2327 2620 2398 προτέρας
2655 2326 2905 2391 κτίσεως.
2931 2325 3106 2398 ἀρχὴν
3136 2326 3191 2379 δὲ
3232 2325 3444 2394 ἑτέρας,
3481 2323 3580 2395 τὴν
3613 2323 3680 2374 ἐκ
3710 2319 3806 2373 τοῦ

2219 2421 2471 2491 Σωτῆρος
2499 2417 2895 2472 ἀνατέλλουσαν
2918 2435 2930 2448 ·
2962 2420 3027 2489 ἣν
3057 2416 3314 2490 ἑωρακὼς
3342 2419 3370 2471 6
3393 2416 3678 2488 προφήτης
3705 2431 3809 2486 φη-

2221 2510 2304 2564 σίν
2337 2510 2481 2583 (14)·
2519 2529 2538 2563 ι
2591 2511 2720 2563 Ἰδοὺ
2751 2510 2909 2581 ἀνὴρ,
2957 2509 3214 2578 Ἀνατολὴ
3241 2508 3411 2579 ὄνομα
3442 2506 3624 2576 αὐτῷ’
3663 2525 3682 2557 ›
3714 2507 3808 2559 καὶ

2220 2601 2412 2654 πάλιν·
2457 2618 2475 2651 ι
2525 2600 2684 2671 Ὑμῖν
2725 2599 2782 2653 δὲ
2813 2602 2927 2663 τοῖς
2971 2599 3325 2670 φοϐουμένοις
3364 2597 3524 2652 αὐτὸν
3557 2596 3810 2650 ἀνατελεῖ

2217 2691 2367 2761 ἥλιος
2411 2691 2777 2762 δικαιοσύνης.
2840 2710 2858 2743 ι
2897 2692 2970 2745 Οὐ
3012 2691 3119 2763 γὰρ
3156 2690 3373 2744 πάντων
3420 2690 3601 2761 ήμέρα
3644 2688 3806 2759 αὕτη,

2219 2784 2354 2837 ἀλλά
2381 2785 2490 2838 τῶν
2530 2784 2910 2838 ἀποθανόντων
2953 2787 3020 2856 τῇ
3069 2783 3333 2855 ἁμαρτίᾳ,
3375 2781 3594 2846 ζώντων
3623 2781 3682 2834 δὲ
3729 2778 3810 2851 τῷ

2219 2877 2426 2948 Κυρίῳ.
2469 2877 2568 2930 Διά
2599 2878 2755 2931 τοῦτο
2783 2877 2892 2950 γὰρ
2937 2879 3031 2931 καὶ
3075 2879 3140 2948 τῇ
3178 2877 3340 2949 ὀγδόῃ
3367 2875 3553 2947 ἡμέρᾳ
3585 2874 3810 2946 περιτέ-

2223 2969 2448 3040 μνεσθαι
2488 2969 2774 3024 ἐκέλευσεν
2821 2973 2850 3024 6
2893 2970 3092 3041 νόμος’
3137 2971 3229 3024 καὶ
3263 2967 3619 3040 ἀπαράϐατος
3667 2963 3738 3039 ἦν
3772 2969 3808 3039 ή

2218 3061 2426 3132 ἐντολὴ,
2460 3061 2799 3132 σημαίνουσα
2831 3061 2930 3132 τὴν
2957 3061 3094 3132 μετά
3119 3060 3216 3132 τὴν
3247 3059 3479 3130 ἑϐδόμην
3510 3057 3811 3128 ἀναγέννη-

532 3153 806 3208 cumcisio
840 3153 1140 3216 indicabat,
1174 3166 1338 3222 quam
1370 3159 1616 3206 nostram
1650 3168 1750 3206 nos
1784 3168 1984 3207 exuere
2013 3168 2114 3205 na-

2225 3170 2304 3205 σιν
2331 3153 2571 3206 πάντων.
2613 3153 2678 3206 Ἠ
2712 3153 2821 3224 γὰρ
2857 3155 3128 3224 περιτομὴ
3179 3151 3334 3204 οὐδὲν
3375 3149 3502 3203 ἄλλο
3547 3149 3740 3222 ἐδήλου
3774 3149 3810 3220 ἢ

516 3245 805 3300 -t.ivitatem
843 3261 856 3298 :
888 3259 1010 3299 eum
1064 3244 1211 3297 enim
1259 3242 1354 3313 qui
1389 3250 1545 3298 sexto
1586 3244 1675 3300 die
1735 3254 1987 3298 mortuus
2021 3254 2118 3300 .est

529 3339 809 3403 exuimus,
844 3345 899 3392 et
948 3351 1278 3391 renovamur
1311 3334 1594 3390 Dominica
1631 3354 1644 3390 :
1675 3352 1782 3408 qua
1833 3337 1920 3390 die
1970 3337 2116 3390 anti-

535 3445 681 3502 quus
717 3429 808 3483 ille
859 3427 1058 3490 exitus,
1120 3441 1216 3498 per
1265 3427 1729 3481 resurrectionem
1764 3434 2118 3498 regeneratus

531 3529 640 3576 est.
678 3518 792 3574 Hoc
815 3519 962 3573 enim
993 3516 1197 3572 Paulus
1223 3532 1444 3588 quoque
1475 3517 1530 3572 in
1556 3517 1796 3587 Epistola
1826 3518 1892 3571 ad
1923 3517 2114 3572 Colos-

534 3629 729 3670 senses
765 3612 842 3666 ait
880 3630 892 3665 :
934 3609 1032 3666 «In
1065 3627 1175 3683 quo
1217 3623 1271 3668 et
1297 3611 1612 3667 circumcisi
1657 3612 1791 3666 estis
1823 3610 2118 3664 circumci-

536 3706 694 3760 sione
744 3719 856 3758 non
912 3704 1250 3770 manufacta,
1302 3703 1359 3758 in
1411 3703 1810 3774 exspoliatione
1867 3703 2117 3772 corporis

535 3797 742 3861 carnis,
795 3797 852 3850 in
905 3796 1325 3852 circumcisione
1358 3795 1564 3852 Christi
1598 3815 1610 3850 :
1638 3795 1944 3866 consepulti
1977 3797 2025 3850 ei
2061 3796 2117 3850 in

536 3886 836 3955 baptismo,
864 3885 920 3939 in
954 3885 1253 3949 infernum,
1288 3886 1343 3940 in
1375 3901 1484 3956 quo
1511 3893 1564 3941 et
1594 3886 1977 3940 resurrexistis
2009 3885 2050 3940 ⁸.
2094 3903 2114 3938 ι

530 3968 675 4026 Nam
704 3971 1122 4040 exspoliationis
1168 3987 1268 4041 per
1298 3973 1632 4043 baptismum
1666 3975 1839 4043 ﬁgura
1870 3981 1990 4029 erat
2015 3972 2122 4028 cir-

535 4061 831 4126 cumcisio,
886 4076 1049 4130 quam
1103 4063 1160 4115 in
1214 4062 1325 4118 illis
1361 4064 1625 4120 membris
1676 4064 1790 4120 ﬁeri
1839 4065 2120 4136 praecepit,

531 4153 742 4222 quibus
767 4169 967 4224 corpus
990 4163 1283 4224 generatur
1312 4175 1326 4211 :
1365 4162 1422 4210 ut
1451 4157 1546 4226 qui
1587 4157 2124 4213 circumcidebantur

541 4245 912 4310 adverterent,
957 4247 1090 4302 illud
1120 4262 1243 4303 esse
1270 4249 1532 4304 emendae
1557 4252 1845 4307 vetustatis
1881 4252 2121 4322 signum.

537 4335 817 4390 Abraham
850 4338 994 4391 enim
1025 4354 1152 4394 cum
1199 4339 1541 4406 credidisset,
1579 4345 1790 4414 accepit
1832 4343 2125 4398 circumci-

535 4425 776 4490 sionem,
807 4442 932 4496 quae
969 4429 1183 4499 signum
1210 4438 1327 4485 erat
1349 4434 1779 4502 regenerationis
1810 4449 1909 4505 per
1942 4434 2123 4504 bapti-

2220 3244 2318 3314 τὴν
2365 3243 2465 3314 τῆς
2492 3244 2756 3312 γενέσεως
2795 3243 3122 3298 ἀπέκδυσιν·
3158 3243 3250 3296 τὸν
3279 3242 3386 3314 γάρ
3415 3245 3480 3314 τῇ
3515 3243 3650 3313 ἕκτῃ
3679 3242 3814 3294 ἀπο-

2220 3335 2446 3388 θανόντα
2499 3333 3005 3404 ἀπεκδιδυσκόμεθα
3039 3322 3175 3403 (15Ϊ,
3224 3335 3318 3388 καὶ
3368 3333 3812 3403 ἀνακαινούμεθα

2218 3432 2284 3500 τῇ
2333 3430 2608 3500 κυριακῇ,
2639 3428 2726 3481 ὅτε
2760 3429 2789 3479 6
2823 3425 3073 3490 παλαιὸς,
3109 3427 3454 3491 ἀπεκδυθεὶς,
3479 3426 3814 3499 ἀνεγεννήθη

2219 3525 2285 3593 τῇ
2309 3521 2621 3574 ἀναστάσει.
2657 3520 2701 3572 Τ
2704 3518 2829 3574 ούτο
2861 3518 2970 3590 γὰρ
2998 3519 3093 3572 καὶ
3130 3523 3158 3573 6
3190 3519 3396 3583 Παῦλός
3423 3535 3587 3590 φησιν
3613 3519 3725 3587 (16)
3755 3520 3815 3572 ἐν

2215 3615 2284 3684 τῇ
2316 3613 2451 3684 πρὸς
2476 3611 2837 3676 Κολοσσαεῖς·
2881 3630 2900 3663 ι
2959 3611 3046 3664 Ἐν
3068 3604 3112 3679 ᾧ
3141 3613 3236 3664 καὶ
3264 3609 3671 3682 περιετμήθητε
3712 3626 3816 3662 πε-

2219 3708 2413 3776 ριτομῇ
2453 3704 2872 3776 ἀχειροποιήτῳ,
2902 3704 2960 3757 ἐν
2991 3705 3055 3774 τῇ
3100 3701 3396 3756 ἀπεκδύσει
3430 3700 3524 3755 τοῦ
3559 3699 3815 3771 σώματος

2218 3798 2320 3869 τῆς
2351 3798 2573 3870 σαρκὸς,
2607 3799 2665 3851 ἐν
2689 3799 2756 3868 τῇ
2788 3798 3057 3867 περιτομῇ
3107 3794 3201 3848 τοῦ
3225 3793 3486 3866 Χριστοῦ,
3515 3793 3818 3862 συνταφέν-

2220 3903 2311 3949 τες
2340 3885 2487 3955 αὐτῷ
2534 3887 2591 3938 ὲν
2631 3883 2709 3955 τῷ
2762 3884 3098 3955 βαπτίσματι
3123 3886 3202 3947 είς
3234 3884 3324 3937 τὸν
3357 3883 3511 3956 ᾷδην,
3549 3885 3609 3937 ἒν
3645 3877 3692 3952 ᾧ
3721 3884 3817 3937 καὶ

2224 3977 2612 4049 συνηγέρθητε.
2651 3997 2670 4028 ι
2710 3977 2820 4048 Τῆς
2851 3978 2960 4048 γὰρ
2988 3977 3077 4031 διὰ
3109 3977 3201 4030 τοῦ
3236 3976 3611 4047 βαπτίσματος
3636 3977 3818 4029 ἀπεκο

2220 4071 2426 4132 δύσεως
2467 4068 2636 4132 τύπος
2667 4064 2734 4140 ἦν
2783 4070 2816 4138 ἡ
2874 4070 3178 4139 περιτομή·
3211 4068 3278 4138 ἢν
3327 4067 3439 4138 (17)
3493 4069 3550 4119 ὲν
3583 4066 3819 4129 ἐκείνοις

2222 4165 2334 4225 τοῖς
2376 4161 2591 4232 μέλεσιν
2619 4159 2920 4214 ἐνετείλατο
2945 4159 3214 4228 γίνεσθαι,
3238 4158 3306 4212 δι’
3335 4155 3409 4212 ὧν
3432 4159 3528 4212 καὶ
3558 4159 3819 4228 γεννᾶται

2221 4255 2284 4308 τὸ
2319 4254 2494 4326 σῶμα,
2530 4253 2596 4307 ἵν’
2630 4252 2820 4305 είδοίεν
2851 4253 2902 4306 οἱ
2935 4251 3410 4323 περιτεμνόμενοι,
3447 4252 3529 4304 ὅτι
3573 4252 3821 4306 ἀπεκδύ-

2223 4364 2362 4411 σεως
2413 4345 2772 4414 παλαιότητος
2839 4345 2957 4397 ἐστι
3020 4347 3264 4414 σημεῖον.
3337 4342 3647 4407 Πιστεύσας
3702 4344 3820 4416 γὰρ

2235 4438 2487 4510 Ἁϐραάμ
2516 4436 2678 4490 έλαδε
2717 4437 2817 4508 τὴν
2865 4436 3184 4508 περιτομὴν,
3238 4438 3464 4507 σημεῖον
3511 4432 3680 4490 οὖσαν
3711 4436 3821 4506 τῆς

542 4533 744 4574 smum.
769 4517 1113 4592 Quapropter
1137 4525 1388 4582 veniente
1408 4527 1734 4598 signiﬁcato,
1761 4529 1976 4598 signum
2003 4542 2118 4583 ces-

2225 4531 2314 4585 διά
2335 4531 2427 4583 τοῦ
2461 4529 2835 4601 βαπτίσματος
2860 4529 3290 4598 ἀναγεννήσεως.
3319 4527 3417 4580 Διά
3439 4527 3600 4581 τοῦτο
3631 4527 3823 4581 ἐλθόν-

537 4609 684 4664 .savit
717 4628 730 4664 :
761 4627 887 4665 nam
920 4613 1268 4670 circumcisio
1296 4617 1516 4688 quidem
1547 4620 1764 4691 signum
1797 4627 1948 4686 erat;
1980 4620 2123 4672 lava-

534 4716 698 4756 crum
728 4719 855 4758 vero
885 4708 1332 4777 regenerationis,
1354 4726 1443 4768 res
1475 4719 1560 4768 est
1588 4712 1918 4783 signiﬁcata.
1941 4713 2121 4766 Exuto

2226 4638 2317 4683 τος
2345 4618 2436 4673 τοῦ
2473 4618 2893 4690 σημαινομένου,
2931 4618 3202 4672 πέπαυται
3240 4617 3301 4670 τὸ
3326 4619 3570 4688 σημεῖον.
3614 4618 3680 4672 Ἡ
3714 4619 3826 4688 μὲν

2228 4711 2338 4783 γὰρ
2367 4711 2635 4782 περιτομὴ
2665 4713 2888 4782 σημεῖον
2917 4705 3006 4781 ἦν,
3034 4712 3094 4764 τὸ
3126 4709 3184 4763 δέ
3212 4709 3322 4780 (18)
3352 4727 3414 4778 γε
3458 4709 3684 4782 λουτρὸν
3713 4711 3828 4777 τῆς

615 4862 637 4890 ¹
670 4857 952 4930 Joanqv,
989 4863 1078 4918 54.
1156 4863 1180 4894 ⁸
1212 4863 1372 4930 Joan,
1407 4883 1460 4930 v,
1496 4866 1585 4924 56.
1662 4867 1684 4898 ⁸
1725 4864 1870 4923 Psal.
1904 4880 2083 4930 cxvu,

2225 4905 2230 4920 .
2307 4867 2328 4897 ‘
2370 4864 2602 4918 Zachar.
2640 4881 2728 4930 vi,
2768 4865 2858 4920 12.
2935 4865 2954 4895 ⁷
2997 4863 3226 4920 Malach.
3271 4881 3362 4929 iv,
3397 4865 3453 4920 2.
3532 4866 3554 4896 ⁸
3593 4865 3828 4925 Coloss-

527 4945 581 4984 -ιι
606 4970 621 4994 ,
665 4929 891 4996 11,12.

611 5042 656 5116 _(_l
671 5039 722 5116 _l)
739 5075 742 5077 -
759 5038 961 5116 Regius
984 5040 1309 5116 et‘ﬁeguer.
1331 5042 1540 5116 xa‘tgﬁ
1567 5041 1751 5116 ἡμέρᾳ
1796 5044 1862 5116 τῇ
1886 5042 2118 5116 ,ἑϐδόμη

542 5097 717 5184 nam;
756 5097 874 5184 καῖ
878 5117 945 5184 τῇ
984 5097 1213 5183 εσδόεῖῃ.
1248 5109 1406 5184 iiox,
1439 5097 1755 5184 οιὶὺιςὶῇηἳι
1806 5097 1952 5168 rae.
1992 5097 2034 5178 ιζ
2065 5097 2122 5167 ἓν

541 5178 961 5253 τῷ-Ε-ύαγγελίῷ
991 5178 1213 5253 φησιίό
1246 5183 1513 5253 Χριστός-ο
1544 5178 1775 5253 ίτΗλθον.

615 5249 1101 5324 (ίὲλξὶοῆρςἱιιε,
1133 5249 1358 5324 Segue'r.
1383 5261 1438 5305 et
1457 5251 1613 5324 Gobl.
1634 5251 1782 5324 Editi
1805 5268 1954 5316 vero,
1977 5253 2122 5324 Ἔφη

584 5320 677 5394 ἀρ..
723 5320 855 5394 lbid_.
891 5320 1092 5394 illud,
1127 5323 1184 5394 ὲν
1213 5320 1310 5394 ’τῷ
1351 5321 1802 5394 κατὰξίωάννην,
1861 5324 2015 5379 deest
2060 5320 2122 5377 iii

593 5390 701 5445 obl.
733 5401 784 5462 et
814 5390 958 5446 Felc.
992 5409 1028 5446 ι.
1053 5391 1194 5462 Ibid:
1238 5390 1372 5450 haec.
1399 5391 1468 5445 τὰ
1501 5391 1656 5462 ἔργα,
1693 5390 1894 5448 desunt
1923 5395 1977 5448 in
2005 5393 2123 5448 edi-

545 5461 638 5522 tis.
671 5461 1042 5534 sedleguntur
1072 5463 1126 5515 in
1159 5461 1330 5534 Regio
1349 5469 1404 5516 et
1433 5461 1662 5534 Seguer.
1686 5465 1739 5534 in
1763 5463 2122 5534 quibussolis

545 5547 672 5584 mox
727 5532 870 5585 αὑτά
917 5534 1199 5601 repetitur.
1250 5533 1308 5586 In
1357 5533 1570 5598 iisdem,
1620 5532 1733 5601 ἐγώ
1763 5532 1934 5590 deest.
1976 5533 2122 5598 Mox,

544 5601 652 5672 γάρ
700 5608 824 5670 post
872 5601 970 5672 μέν
998 5601 1150 5656 deest
1181 5603 1234 5656 in
1264 5601 1480 5657 Gobler.
1504 5613 1557 5658 et
1587 5602 1735 5661 Felc.
1765 5622 1803 5660 I.

546 5675 556 5704 ί
615 5670 728 5742 (Ιὸι
759 5670 918 5741 Αὐτῷ
943 5671 1097 5727 deest
1125 5672 1434 5728 in‘Gobler.
1468 5682 1523 5728 et
1555 5673 1702 5731 Felc.
1741 5693 1779 5741 ι,
1814 5682 1874 5729 ιιι
1922 5681 1977 5729 et
2015 5671 2118 5743 μέν

546 5756 801 5797 εειιιιθιιε.

621 5760 840 5884 διῗῖἳία
873 5811 1076 5885 Regius
1102 5819 1156 5869 et
1195 5810 1420 5884 Seguer.
1473 5812 1616 5871 Editi
1658 5824 1714 5871 et
1753 5814 1959 5880 caeteri,
1994 5811 2119 5883 ἔφη.

2228 5043 2371 5123 {de},
2415 5045 2636 5123 Regius,
2694 5047 3011 5123 Seguerian.
3059 5031 3602 5123 gt_G_obler.,6voua
3642 5057 3838 5123 αὐτῷ.
3901 5115 3904 5120 ,

2229 5115 2398 5197 Egit,
2453 5114 2624 5189 ὄνομα
2673 5114 2858 5174 αὐτοῦ.
2887 5118 3010 5173 Mox
3057 5117 3295 5174 Felckm.
3345 5137 3383 5186 ι,
3418 5114 3641 5178 πάντων
3676 5114 3846 5198 ήμέ;

2437 5255 2672 5330 Ιιίῐβθε.
2698 5266 2752 5314 et
2791 5259 3108 5330 Seguerian.
3137 5263 3279 5318 Editi
3305 5255 3437 5317 vero
3453 5264 3618 5328 male,
3637 5266 3849 5323 ἀπεκ-

2227 5325 2614 5396 δεδυοκόμεθα.

2571 5397 2778 5477 Regius
2797 5407 2852 5456 et
2883 5401 3203 5477 ﬁeguerian.
3250 5403 3574 5477 Editi_vero,
3609 5404 3746 5477 ἔφη.

2303 5467 2434 5545 (HL
2459 5467 2568 5545 Ἐν,
2613 5465 2857 5545 etinfra,
2889 5465 3226 5545 divjidesunt
3283 5476 3340 5529 in
3395 5465 3571 5529 Felcﬂ
3611 5465 3852 5545 primo-

2231 5535 2372 5658 gssit,
2397 5535 2597 5609 Regius
2617 5551 2674 5595 et
2716 5540 2940 5612 Seguer.
2967 5544 3143 5602 είδεῖν.
3175 5545 3317 5600 Editi
3347 5559 3496 5614 vero,
3528 5552 3584 5599 et
3607 5535 3858 5619 caeteri;

2364 5624 2438 5660 εν.

2235 5677 2512 5817 εεεέιξὲΐίέ
2548 5682 2700 5741 deest
2756 5686 2810 5739 in
2849 5683 3031 5749 editis,
3063 5684 3158 5740 sed
3205 5685 3402 5757 legitur
3459 5686 3518 5744 in
3553 5687 3734 5763 Regio
3767 5704 3869 5752 et
