4002 6508
154 5264 177 5301 Ι

1296 383 1388 441 DE
1418 385 1759 445 SABBA'I‘IS
1792 388 1883 445 ET
1917 389 2473 453 ClRCUIlClSlONE.

3408 403 3512 459 με

253 496 675 568 παλιγγενεσίας
714 500 777 555 τὸ
807 500 1224 574 σημαινόμενον.
1257 502 1420 557 Ὀλου
1452 503 1562 577 γὰρ
1606 504 1700 560 τοῦ
1732 525 1816 561 πα·

1937 512 2083 565 enim
2113 520 2239 575 toto,
2260 522 2445 573 vetere
2472 516 2712 583 homine,
2742 518 3021 589 superflua
3052 529 3137 576 est
3174 520 3267 577 illa
3294 536 3416 592 qua:
3441 539 3511 581 ex

253 586 399 641 λαιοῦ
443 589 1000 660 άπεκδιδυσκομένου,
1032 591 1261 664 περιττὴ
1308 593 1342 663 ἡ
1370 592 1457 648 διά
1500 594 1596 648 τοῦ
1632 595 1834 667 μέρους

255 680 518 750 σημασία.
557 681 670 734 Καὶ
722 681 913 754 ὥσπερ
941 684 974 753 ἡ
1005 683 1258 756 Κυριακὴ
1291 684 1434 756 ἀρχὴ
1464 685 1565 756 τῆς
1607 687 1836 753 κτίσεώς

253 771 383 831 ἐστι,
416 772 517 825 καὶ
543 772 710 826 παύει
751 773 813 828 τὸ
837 758 1114 827 Σάϐϐατον
1133 792 1149 807 ·
1178 774 1352 840 οὓτως
1375 780 1408 849 ἡ
1442 762 1579 850 αὕτη
1607 781 1837 850 ἀναγεν·

251 859 461 928 νήσασα
506 860 603 914 τὸν
633 861 921 933 ἄνθρωπον
951 863 1157 918 ἔπαυσε
1204 866 1305 939 τὴν
1337 869 1660 942 περιτομήν.
1706 871 1838 943 ’Δμ-

252 950 456 1022 φότερα
488 952 600 1022 γάρ
633 955 693 1007 ἐν
729 957 797 1025 τῇ
841 955 1004 1028 ὀγδόῃ
1049 955 1431 1029 κατώρθωται,
1483 961 1577 1015 καὶ
1606 964 1640 1032 ἡ
1691 963 1834 1035 ἀρχὴ

252 1042 341 1113 τῆς
378 1046 638 1112 κτίσεως,
675 1049 769 1102 καὶ
806 1052 840 1120 ἡ
871 1050 1229 1121 ἁναγέννησις
1273 1055 1367 1107 τοῦ
1393 1053 1702 1126 ἀνθρώπου.
1735 1057 1836 1111 Διὰ

248 1132 402 1188 τοῦτο
425 1136 461 1205 ἡ
492 1137 654 1210 ὀγδόη
691 1148 752 1193 το
782 1140 1057 1207 Σάϐϐατον
1099 1141 1277 1208 έλυσε,
1312 1144 1407 1198 καὶ
1437 1145 1499 1198 οὐ
1532 1146 1594 1199 τὸ
1620 1146 1833 1201 Σάϐϐα·-

246 1242 337 1279 τον
360 1228 462 1299 τὴν
490 1230 708 1302 ὀγδόην.
752 1232 840 1285 Ἐν
872 1234 972 1303 μὲν
1009 1233 1119 1305 γὰρ
1155 1234 1419 1307 Σαϐϐάτῳ
1452 1237 1835 1311 περιετέμνετο

248 1317 275 1369 ό
297 1316 591 1388 ἄνθρωπος
611 1336 627 1349 °
664 1321 724 1374 ὲν
751 1321 810 1374 δὲ
835 1321 913 1393 τῷ
937 1322 1203 1395 Σαὸσάτῳ
1225 1324 1325 1378 οὐκ
1356 1326 1518 1397 ἡργει
1543 1328 1577 1398 ἡ
1599 1325 1713 1397 (19)
1739 1345 1835 1382 πε-

247 1410 466 1480 ριτομή.
512 1411 578 1465 Ἠ
611 1411 720 1484 γὰρ
762 1413 946 1485 ὀγδόη,
993 1416 1136 1488 ἀρχὴ
1180 1412 1317 1471 οὖσα
1346 1417 1447 1488 τῆς
1474 1419 1828 1485 ὰνακτίσεως,

245 1502 555 1556 κατέπαυσε
583 1504 681 1577 τὴν
704 1505 950 1579 πρώτην.

311 1594 366 1649 6.
420 1597 695 1669 Ἠγοῦμαι
726 1599 782 1653 δὲ
808 1601 901 1654 καὶ
924 1600 1016 1654 διὰ
1038 1601 1195 1656 τοῦτο
1224 1602 1323 1674 τὴν
1357 1603 1659 1676 περιτομὴν
1691 1604 1833 1660 δεδό-

247 1684 389 1741 σθαι.
422 1688 535 1742 Τοῦ
578 1691 689 1762 γὰρ
731 1690 899 1764 Ἀδὰμ
930 1692 1262 1759 ἀκούσαντος
1284 1706 1300 1725 ⁸
1334 1714 1354 1748 ι
1408 1697 1482 1768 Γῆ
1516 1693 1589 1761 εἴ,
1629 1699 1723 1752 καὶ
1750 1701 1832 1764 εἰς

240 1779 341 1849 γῆν
368 1778 673 1852 άπελεύσῃ,
720 1801 739 1833 ι
774 1781 1026 1854 ἓθνησκε,
1062 1785 1155 1838 καὶ
1183 1784 1514 1859 διεφθείρετο
1543 1789 1606 1842 τὸ
1632 1789 1820 1862 σῶμαο

1934 610 2092 671 parte
2135 611 2222 659 est
2269 606 2619 678 signiﬁcatio.
2661 606 2729 662 Et
2780 610 2924 665 sicut
2976 608 3258 667 Dominica
3294 610 3510 666 initium

1932 702 2020 749 est
2051 698 2370 767 creationis,
2418 708 2474 755 et
2511 698 2735 755 Sabbati
2761 700 2922 756 linem
2959 701 3091 757 facit
3132 721 3148 758 :
3190 702 3270 760 sic
3297 717 3363 758 ea
3390 703 3512 774 ipsa

1933 797 2252 856 regenerato
2269 788 2486 845 homine
2508 789 2668 847 linem
2681 791 2831 848 dedit
2847 793 3273 850 circumcisioni.
3295 792 3512 850 Utrum-

1934 890 2041 945 que
2064 879 2208 932 enim
2230 888 2427 935 octavo
2445 881 2535 937 die
2560 880 2857 953 perfectum
2887 882 3008 946 fuit,
3032 896 3089 939 et
3113 885 3326 941 initium
3356 901 3511 943 crea-

1933 965 2101 1022 tionis
2121 973 2176 1022 et
2205 966 2444 1024 hominis
2475 973 2835 1041 regeneratio.
2861 970 2988 1030 ldeo
3010 984 3203 1030 octava
3227 977 3344 1034 dies
3371 976 3512 1035 Sab-

1934 1056 2121 1113 batum
2148 1057 2419 1125 dissolvit,
2456 1077 2563 1117 non
2604 1062 2903 1121 Sabbatum
2936 1074 3189 1123 octavam
3236 1069 3401 1126 diem.
3447 1070 3508 1125 ln

1935 1149 2175 1221 Sabbato
2202 1151 2348 1207 enim
2382 1153 2879 1212 circumcidebatur
2905 1157 3089 1221 homo,
3123 1175 3223 1215 nec
3269 1159 3514 1218 Sabbato

1933 1242 2184 1298 cessabat
2220 1242 2574 1302 circumcisio
2609 1266 2623 1301 :
2660 1262 2787 1302 nam
2819 1258 3012 1307 octava
3048 1265 3172 1321 qua
3225 1260 3345 1309 erat
3400 1255 3510 1313 ini-

1932 1333 2070 1390 tium
2094 1335 2459 1406 reparationis
2475 1378 2492 1405 ,
2520 1337 2694 1410 priori
2722 1337 2886 1396 linem
2913 1341 3115 1397 attulit.

2002 1602 2058 1661 6.
2083 1604 2335 1661 Arbitror
2369 1615 2550 1662 autem
2594 1607 2699 1664 hac
2725 1608 2796 1665 de
2824 1625 2992 1675 causa
3031 1611 3506 1672 circumcisionem

1930 1696 2112 1751 datam
2141 1696 2329 1753 fuisse.
2358 1695 2495 1752 Cum
2521 1699 2768 1756 audisset
2807 1701 2981 1757 Adam
3017 1718 3033 1756 :
3070 1721 3090 1755 ι
3125 1702 3295 1760 Terra
3322 1721 3404 1776 es,
3448 1714 3507 1763 et

1931 1788 1987 1842 in
2020 1798 2219 1844 terram
2236 1791 2527 1847 reverteris
2542 1791 2585 1857 ’,
2610 1810 2630 1844 ι
2654 1801 2903 1851 mortuus
2927 1803 3033 1860 εει,
3055 1811 3363 1868 corpusque
3382 1813 3506 1854 cor-

239 1869 358 1924 ὂθεν
385 1871 561 1942 μέρος
592 1889 646 1925 τι
676 1872 770 1927 τοῦ
803 1872 1077 1945 σώματος,
1105 1876 1200 1931 καὶ
1231 1878 1391 1932 τοῦτο
1424 1880 1535 1951 (20)
1563 1882 1626 1936 τὸ
1654 1883 1816 1938 αἴτιοι

1930 1889 2151 1951 ruptum
2184 1880 2293 1953 55
2328 1889 2413 1938 est
2451 1902 2465 1937 :
2494 1883 2641 1939 unde
2670 1892 2878 1954 partem
2909 1885 3203 1955 quamdam
3233 1890 3504 1959 corporis,

237 1964 335 2033 τῆς
376 1966 473 2020 τοῦ
526 1966 781 2037 σώματος
825 1968 1093 2037 γενέσεως
1138 1971 1591 2044 προσετάχθησαν
1647 1974 1828 2030 ἐκτιν-

237 2056 406 2121 νύειν,
438 2059 930 2131 προδιδασκόμενοι
956 2061 1057 2133 τὴν
1099 2060 1194 2114 τοῦ
1234 2062 1357 2117 ὅλου
1385 2064 1706 2130 ἁπέκδυσιν,
1735 2067 1823 2132 ἶν’,

238 2149 427 2221 ὥσπερ
458 2151 809 2215 ἀποδιδόντες
829 2152 889 2205 τὸ
922 2153 1275 2225 κατακριθὲν,
1306 2154 1642 2227 διασωθῆναι
1669 2157 1829 2230 δυνη-

239 2240 395 2296 θῶσι.
424 2242 539 2295 Καὶ
559 2242 750 2314 ὥσπερ
768 2244 824 2296 αί
846 2241 1028 2296 θυσίαι
1051 2245 1200 2298 σκιαὶ
1222 2241 1362 2317 ἦσαν
1377 2246 1488 2300 τῶν
1500 2246 1822 2319 μελλόντων,

236 2336 405 2400 οὕτως
436 2336 533 2390 καὶ
565 2338 600 2408 ἡ
630 2338 696 2390 ὲκ
729 2337 927 2409 μέρους
957 2339 1227 2411 περιτομὴ
1254 2339 1350 2393 τοῦ
1391 2340 1516 2394 ὅλου
1558 2337 1629 2413 ἦν
1672 2342 1819 2396 σκιά.

237 2428 408 2482 Τοῦτο
430 2428 491 2482 δὲ
525 2429 623 2481 καὶ
644 2430 703 2481 ὲν
717 2427 796 2500 τῷ
829 2429 1003 2500 Ἰησοῦ
1024 2430 1103 2502 τῷ
1130 2430 1223 2484 τοῦ
1258 2429 1417 2503 Ναυῆ
1436 2432 1549 2503 (21)
1572 2436 1825 2506 φανερῶς

237 2520 436 2589 ὀλόγος
461 2519 720 2591 σημαίνει
740 2537 753 2549 ·
776 2520 870 2574 τοῦ
897 2521 1007 2593 γὰρ
1037 2521 1209 2593 Ἰησοῦ
1243 2511 1385 2577 κατὰ
1410 2524 1706 2596 πρόσταξιν
1726 2527 1820 2581 τοῦ

237 2612 368 2667 Θεοῦ
423 2613 851 2685 περιτέμνοντος
886 2613 978 2668 τὸν
1008 2613 1138 2668 λαὸν
1186 2617 1245 2671 ὲν
1294 2615 1595 2685 Γαλγάλοις
1644 2619 1822 2692 πέραν

236 2704 328 2759 τοῦ
391 2706 686 2776 Ἰορδάνου,
721 2700 842 2759 εἷπε
891 2705 1098 2778 Κύριος
1137 2706 1216 2779 τῷ
1255 2708 1433 2779 Ἰησοῦ
1473 2710 1576 2782 υἱῷ
1619 2712 1778 2784 Ναυῆ
1801 2728 1819 2746 ο

247 2813 267 2844 ι
309 2795 398 2847 Ἐν
426 2798 497 2866 τῇ
527 2796 770 2867 σήμερον
804 2795 918 2869 (22)
949 2797 1133 2870 ἡμέρᾳ
1155 2798 1374 2867 ἀφεῖλον
1397 2799 1489 2853 τὸν
1518 2801 1821 2873 ὀνειδισμὸν

235 2882 507 2950 Αἰγύπτου
543 2885 638 2953 ἀφ’
688 2884 864 2956 ὑμῶν.
931 2886 1044 2940 Καὶ
1103 2887 1355 2954 ἐκάλεσα,
1388 2892 1600 2961 φησιν,
1650 2892 1820 2965 ὄνομα

233 2972 321 3026 τοῦ
350 2975 521 3027 τόπου
562 2976 775 3029 ἐκείνου
819 2976 1094 3046 Γάλγαλα.
1129 2998 1149 3032 ι
1196 2979 1262 3034 El
1312 2981 1424 3054 γὰρ
1474 2983 1508 3054 ἡ
1545 2986 1815 3058 περιτομὴ

232 3064 520 3137 ἁφαίρεσίς
560 3067 678 3119 ἐστι
720 3066 822 3137 τῆς
858 3068 917 3120 ἐν
962 3068 1225 3142 Αἰγύπτῳ
1253 3071 1542 3140 γενέσεως,
1572 3073 1836 3144 δηλονότιο

232 3159 266 3228 ἡ
300 3158 674 3229 ἀκροϐυστία,
710 3160 1090 3234 Αἰγυπτιακῆς
1135 3162 1374 3233 σχέσεως
1417 3166 1512 3218 καὶ
1548 3165 1815 3234 γενέσεως
1838 3212 1883 3269 C

229 3250 521 3323 γνώρισμά
553 3253 692 3305 ἐστι.
722 3251 893 3305 Τοῦτο
910 3252 974 3334 ,δὲ
1003 3253 1220 3323 ἀφεῖλεν
1244 3256 1273 3307 ὀ
1294 3253 1446 3319 Θεὸς,
1481 3256 1568 3309 ἵνα
1614 3258 1813 3328 μηκέτι

227 3341 298 3406 ὡς
323 3346 382 3396 ὲν
409 3342 680 3414 Αἰγύπτῳ
704 3343 1055 3417 γεννηθέντες
1106 3338 1263 3407 ὦσιν,
1311 3345 1448 3400 ἀλλὰ
1497 3348 1597 3419 τῆς
1643 3350 1815 3418 ἐπαγ-

226 3434 428 3503 γελίας,
462 3437 544 3499 είς
571 3434 638 3506 ἢν
672 3433 886 3506 εἰσῆξεν
923 3437 1119 3501 αὐτοὺς
1152 3439 1181 3491 ό
1209 3437 1433 3510 Κύριος,
1468 3438 1635 3493 τέκνα
1667 3440 1814 3509 λογί-

227 3524 454 3591 ζωνται.
492 3526 716 3580 Τούτων
743 3526 801 3579 δὲ
847 3526 1020 3592 οὕτως
1049 3527 1238 3593 ὄντων,
1294 3529 1542 3598 φαίνεται
1576 3531 1810 3586 καθόλου

227 3620 262 3690 ἡ
290 3618 565 3691 περιτομὴ
594 3618 807 3673 δοθεῖσα
855 3620 990 3691 (23),
1027 3620 1093 3673 ἵν’
1136 3622 1406 3694 ἀφαιρεθῇ
1450 3625 1478 3677 ὀ
1510 3622 1813 3695 ὀνειδισμὸς

224 3711 322 3781 τῆς
355 3710 556 3782 γηῒνης
611 3710 879 3779 γενέσεως
927 3712 1036 3766 ἀπὸ
1087 3713 1195 3767 τῶν
1248 3714 1623 3786 Ἀϐραμιαίων
1654 3755 1668 3779 ,
1720 3717 1811 3769 καὶ

224 3805 424 3874 μηκέτι
461 3803 751 3857 ὑπεύθυνοι
778 3798 930 3874 ὦμεν
962 3803 1067 3875 τῷ·
1122 3824 1142 3857 ι
1181 3807 1255 3879 Γῆ
1289 3802 1342 3861 εἴ
1368 3848 1383 3868 ,
1435 3808 1529 3861 καὶ
1578 3810 1658 3872 είς
1706 3808 1809 3880 γῆν

219 3898 521 3969 άπελεῠσῃ.
559 3918 578 3950 ι
626 3897 906 3969 Ἀφῃρέθη
940 3898 1049 3971 γὰρ
1083 3901 1111 3952 ὀ
1156 3899 1459 3972 ὀνειδισμὸς
1501 3900 1595 3954 τοῦ
1633 3919 1810 3972 παρα-

216 3989 536 4061 πτώματος.
574 3989 746 4043 Τοῦτο
781 3990 838 4043 δὲ
872 3992 1087 4059 ἐγένετο
1119 3992 1240 4045 τότε
1293 3995 1374 4056 είς
1401 3992 1571 4048 τύπον
1600 3992 1692 4056 τοῦ
1720 3993 1810 4047 διὰ

215 4080 459 4152 Χριστοῦ
514 4079 912 4152 βαπτίσματος.
961 4082 1095 4134 Τότε
1151 4082 1260 4154 γὰρ
1312 4085 1375 4136 ὲκ
1431 4084 1632 4156 μέρους
1687 4085 1809 4154 ἐγέ-

215 4191 332 4227 νετο
373 4173 516 4245 (24),
547 4173 624 4237 ὡς
658 4176 717 4227 ὲν
746 4176 895 4245 σκιᾷ,
935 4174 1030 4230 νῦν
1058 4174 1134 4238 δὲ,
1174 4174 1362 4247 ὥσπερ
1395 4171 1548 4229 εἶπεν
1580 4179 1608 4230 ὁ
1654 4177 1808 4230 Ἀπό-

216 4263 422 4326 στολος,
460 4263 593 4335 ὅλην
634 4264 733 4334 τὴν
777 4265 971 4336 γηῖνην
1015 4264 1228 4333 γένεσιν
1271 4264 1802 4338 ἀπεκδιδυσκόμεθα,

212 4352 298 4406 διὰ
315 4351 416 4407 τοῦ
448 4351 681 4424 λουτροῦ
712 4353 1166 4426 άναγεννώμενοι,
1198 4356 1286 4409 ἵνα
1314 4355 1510 4426 μηκέτι
1537 4356 1680 4410 κατὰ
1704 4357 1804 4429 τὴν

213 4443 444 4514 πρώτην
479 4444 698 4514 γένεσιν
726 4445 1189 4520 ἀποθνήσκωμεν,
1234 4446 1370 4501 ἀλλὰ
1407 4446 1551 4500 κατὰ
1576 4446 1676 4519 τὴν
1707 4464 1804 4501 πε·-

1929 1987 2047 2027 eam
2077 1987 2270 2042 nempe
2285 1988 2405 2044 quae
2425 1988 2591 2030 causa
2615 1975 2694 2029 illi
2709 1983 2793 2032 est
2814 1977 3205 2047 generationis,
3227 1981 3506 2037 exsolvere

1924 2062 2066 2134 jussi
2090 2072 2221 2118 sunt
2253 2083 2267 2118 :
2297 2072 2353 2119 et
2378 2064 2493 2134 jam
2532 2072 2692 2119 antea
2719 2065 3033 2122 didicerunt
3058 2108 3075 2134 ,
3100 2075 3277 2124 totum
3302 2085 3505 2142 corpus

1925 2154 2235 2210 exuendum
2275 2171 2420 2221 esse,
2463 2165 2544 2225 ut,
2578 2172 2644 2213 ac
2694 2158 2743 2214 si
2787 2159 2932 2230 quod
2966 2159 3284 2216 damnatum
3327 2162 3503 2218 fuerat

1927 2246 2303 2313 tradidissent,
2327 2249 2561 2305 salutem
2585 2251 2849 2321 consequi
2877 2262 3125 2322 possent.
3144 2253 3211 2309 Et
3240 2255 3385 2311 sicut
3413 2270 3505 2312 sa-

1925 2336 2131 2391 crillcia
2199 2339 2408 2393 umbra:
2447 2337 2760 2395 futurorum
2798 2350 2993 2408 erant,
3028 2343 3111 2399 sic
3153 2345 3505 2404 circumcisio

1920 2430 2160 2500 alicujus
2192 2430 2401 2501 partis,
2436 2432 2608 2489 totius
2654 2434 3083 2492 circumcidendi
3116 2437 3312 2492 umbra
3358 2447 3500 2494 erat.

1923 2517 2040 2576 Hoc
2065 2528 2245 2577 autem
2281 2523 2339 2577 in
2367 2520 2499 2579 Jcsu
2532 2522 2673 2579 Filio
2710 2522 2858 2582 Nave
2908 2527 3059 2584 clare
3103 2537 3504 2587 commonstrat

1924 2609 2210 2682 Scriptura
2240 2631 2254 2669 :
2288 2610 2420 2669 Jesu
2451 2613 2595 2669 enim
2639 2629 2706 2670 ex
2738 2612 2833 2671 Dei
2863 2615 3027 2685 jussu
3083 2619 3344 2690 populum
3390 2620 3506 2677 cir-

1920 2704 2268 2759 cumcidente
2289 2705 2346 2759 in
2369 2703 2641 2777 Galgalis,
2666 2714 2821 2762 trans
2849 2705 3169 2773 Iordanem,
3194 2710 3334 2765 dixit
3356 2709 3502 2770 Deus

1917 2791 2047 2849 Jesu
2081 2792 2222 2850 Filio
2256 2793 2403 2850 Nave
2443 2811 2458 2850 :
2497 2814 2516 2847 ι
2555 2793 2727 2852 Hodie
2775 2797 2977 2853 abstuli
3008 2800 3361 2870 opprobrium
3401 2801 3503 2859 E-

1917 2879 2068 2951 gypti
2121 2894 2153 2934 a
2193 2881 2370 2938 vobis.
2422 2880 2490 2935 Et
2540 2884 2782 2949 vocavi,
2840 2886 3061 2957 inquit,
3124 2903 3325 2945 nomen
3392 2891 3498 2946 loci

1918 2970 2065 3026 illius
2096 2969 2317 3043 Galgala
2345 2972 2409 3027 ¹⁹.
2433 2992 2453 3026 ι
2479 2972 2536 3028 Si
2558 2989 2793 3046 namque
2814 2976 3159 3033 circumcisio
3187 2982 3497 3049 generatio-

1916 3077 2041 3117 nem
2074 3061 2454 3136 Egyptiacam
2508 3065 2688 3123 aufert
2737 3082 2751 3120 :
2799 3083 2932 3140 ergo
2969 3072 3295 3141 praeputium
3327 3072 3498 3146 Egy-

1917 3156 2079 3226 ptiaci
2122 3157 2343 3214 habitus
2377 3174 2439 3215 ac
2485 3162 2861 3233 generationis,
2903 3162 3168 3218 indicium
3224 3172 3328 3220 est.
3382 3164 3497 3220 Hoc

1916 3257 2099 3304 autem
2130 3251 2359 3306 abstulit
2390 3251 2554 3319 Deus,
2591 3260 2652 3308 ut
2676 3271 2785 3309 non
2814 3255 2959 3310 ultra
2988 3255 3145 3327 quasi
3174 3256 3231 3311 in
3256 3256 3497 3332 Egypto

1914 3339 2029 3393 nali
2061 3339 2414 3410 haberentur,
2461 3342 2555 3398 sed
2601 3344 3006 3414 promissionis,
3062 3345 3118 3399 in
3167 3362 3331 3417 quam
3372 3348 3496 3402 illos

1914 3429 2130 3485 induxit
2159 3431 2445 3495 Dominus,
2470 3435 2566 3489 lilii
2607 3435 3074 3491 existimarentur.
3112 3432 3239 3491 Hzec
3264 3452 3388 3492 cum
3419 3438 3495 3492 ita

1913 3537 1971 3578 se
2000 3522 2257 3592 habeant,
2279 3526 2500 3581 videtur
2520 3541 2749 3598 prorsus
2778 3527 3127 3584 circumcisio
3147 3528 3275 3584 data
3297 3529 3491 3591 fuisse.

1912 3621 1972 3667 ut
1996 3615 2352 3685 opprobrium
2374 3624 2609 3673 terrenae
2628 3618 2997 3689 generationis
3022 3619 3091 3673 ab
3118 3619 3494 3676 Abrahamitis

1910 3705 2216 3770 tolleretur,
2261 3716 2317 3761 et
2370 3723 2480 3762 non
2527 3709 2762 3780 amplius
2799 3709 3023 3764 obnoxii
3070 3725 3321 3767 essemus
3363 3712 3493 3767 huic

1910 3796 2202 3851 maledicto
2234 3816 2249 3852 :
2283 3815 2303 3849 ι
2345 3796 2512 3852 Terra
2555 3814 2638 3862 es,
2696 3807 2750 3854 et
2798 3799 2851 3853 in
2886 3806 3087 3854 terram
3116 3800 3431 3857 reverteris.
3464 3820 3486 3854 ι

1908 3885 2162 3940 Ablatum
2185 3897 2269 3945 est
2294 3892 2438 3945 enim
2467 3889 2819 3960 opprobrium
2848 3887 3056 3945 delicti.
3075 3888 3132 3944 ld
3156 3898 3333 3945 autem
3356 3896 3492 3947 tunc

1909 3980 2113 4035 factum
2131 3992 2215 4037 est
2236 3983 2291 4037 in
2316 3982 2540 4054 figuram
2562 3981 2908 4053 baptismatis
2935 3996 3031 4051 per
3044 3981 3329 4036 Christum
3351 3982 3488 4039 dati.

1909 4074 2063 4130 Tunc
2085 4077 2230 4130 enim
2257 4090 2323 4130 ex
2352 4082 2506 4146 parte
2536 4089 2623 4131 res
2648 4074 2938 4146 gerebatur
2968 4074 3127 4145 quasi
3170 4074 3224 4128 in
3254 4075 3487 4140 umbra;

1907 4184 2054 4223 nunc
2084 4176 2290 4232 autem,
2326 4176 2386 4222 ut
2432 4167 2568 4222 dixit
2615 4166 2931 4238 Apostolus,
2984 4177 3156 4224 totam
3210 4174 3487 4223 terrenam

1907 4261 2315 4332 generationem
2341 4261 2615 4324 exuimus,
2644 4276 2742 4330 per
2770 4260 3046 4316 lavacrum
3076 4259 3405 4332 regenerati,
3430 4265 3490 4312 ut

1904 4370 2016 4409 non
2043 4354 2277 4424 amplius
2302 4352 2603 4409 secundum
2647 4352 2884 4423 priorem
2921 4350 3327 4424 generationem
3369 4365 3491 4404 mo-

1905 4445 2134 4509 riamur,
2177 4444 2275 4500 sed
2328 4442 2633 4499 secundum
2669 4434 3177 4508 circumcisionem,
3223 4457 3334 4514 qua
3364 4455 3490 4497 cor-

214 4539 447 4608 ριτομὴν
476 4535 580 4605 τῆς
605 4535 955 4601 άπεκδύσεως
995 4536 1089 4590 τοῦ
1144 4535 1416 4609 σώματος,
1465 4537 1535 4610 ἢν
1584 4536 1671 4591 διὰ
1702 4536 1796 4591 τοῦ

1920 4552 2007 4605 >ιιε
2038 4536 2280 4601 exuitur,
2306 4551 2472 4607 quam
2504 4550 2603 4617 per
2646 4535 2925 4591 lavacrum
2975 4550 3078 4590 nos
3104 4534 3379 4600 exuimus,
3408 4534 3490 4589 vi-

210 4626 441 4700 λουτροῦ
465 4628 995 4701 ἀπεκδιδυσκόμεθα,
1022 4628 1297 4700 ζήσωμεν.
1323 4631 1534 4700 ’Ὥσπερ
1564 4629 1620 4683 δὲ
1646 4625 1798 4684 εἶπεν

208 4719 238 4771 ὀ
268 4718 481 4790 Κύριος
510 4717 591 4789 τῷ
632 4717 808 4791 Ἰησοῦ
835 4734 848 4748 ·
895 4737 915 4771 ‹
956 4718 1201 4788 ’Δφεῖλον
1240 4718 1333 4772 τὸν
1362 4717 1664 4790 ὀνειδισμὸν
1700 4719 1797 4773 Αί-

207 4808 422 4878 γύπτου
469 4811 531 4862 ὲν
561 4811 630 4881 τῇ
665 4810 903 4882 σήμερον
950 4811 1135 4884 ἡμέρᾳ
1172 4811 1268 4880 ἀφ’
1317 4810 1472 4883 ὑμῶν
1499 4826 1514 4841 ⁸
1552 4830 1571 4862 ι
1624 4810 1796 4875 οὕτως

208 4901 390 4972 πολλῷ
421 4900 583 4955 πλέον
608 4900 826 4973 λεχθείη
852 4902 919 4955 ἂν
935 4902 1150 4975 ἑκάστῳ
1176 4902 1286 4956 τῶν
1317 4902 1412 4958 νῦν
1444 4902 1577 4973 (24⁸)
1611 4901 1800 4973 βαπτι-

210 4992 458 5065 ζομένων
480 5006 496 5021 ’
545 4993 636 5047 Ἐν
678 4996 745 5065 τῇ
790 4994 972 5067 ἡμέρᾳ
1009 4994 1182 5066 ταύτῃ
1213 4994 1433 5066 ἀφεῖλον
1478 4994 1571 5049 τὸν
1604 4994 1797 5048 ὀνειδι-

210 5086 343 5156 σμὸν
367 5085 473 5157 τῆς
516 5085 715 5158 γηῒνης
747 5086 1030 5155 γενέσεως,
1063 5086 1158 5140 καὶ
1198 5086 1291 5140 τὸν
1321 5085 1649 5157 ὀνειδισμὸν⁸
1691 5085 1791 5157 τῆς

206 5176 296 5231 τοῦ
321 5178 560 5232 θανάτου
599 5176 809 5250 φθορᾶς
839 5177 947 5231 ἀπὸ
970 5177 1086 5242 σοῦ,
1121 5180 1180 5231 ὲν
1210 5181 1277 5250 τῇ
1314 5179 1555 5251 σήμερον
1586 5176 1786 5250 ἡμέρᾳ.

305 5301 329 5332 ⁹
365 5297 509 5355 Gen.
552 5312 655 5365 nl,
693 5297 783 5353 l9.
860 5297 903 5329 ⁸⁸
939 5295 1055 5354 Jos.
1101 5315 1154 5362 v,
1191 5298 1248 5355 9.
1329 5298 1372 5330 "
1414 5295 1572 5352 Rom.
1609 5313 1695 5359 vi,
1729 5296 1846 5352 ιοτ.

271 5420 387 5493 (l9)
406 5418 577 5493 B_as_il_.
596 5418 782 5490 ἡρκει.
805 5416 950 5481 Mox,
976 5417 1112 5493 Reg.
1144 5418 1301 5493 Gobl.
1328 5427 1383 5475 et
1402 5415 1551 5493 Felc.
1579 5432 1622 5481 ι,
1645 5434 1782 5493 κατα

204 5486 393 5547 ίπὰυέ.
428 5489 575 5561 Editj
611 5486 828 5561 v'ero_et_
843 5486 1609 5561 gagteriL_ptqvértauc_s._MQx,
1645 5486 1778 5561 lleg.

227 5565 429 5626 ieguer.
459 5569 517 5615 et
537 5558 727 5622 Gobl.,
746 5555 1174 5615 656650at.Editi
1200 5573 1351 5626 vero,
1377 5558 1635 5613 δίδοσθαι.

288 5627 383 5699 ΞΟ)
416 5629 648 5699 Regius,
675 5627 884 5699 τούτου.

288 5695 383 5769 21)
417 5695 660 5769 ϐοὒιενζ
675 5707 729 5753 ει
759 5695 905 5752 Felc.
942 5713 982 5764 ι,
1006 5698 1102 5769 και
1126 5700 1184 5769 ὲν
1212 5696 1496 5769 τῷίΝαυῇ.

288 5706 383 5769 21)
417 5706 645 5755 Gobler.
675 5707 729 5753 et
759 5706 905 5752 Felc.
942 5713 982 5764 ι,
1006 5706 1102 5752 καὶ
1126 5706 1184 5752 ὲν
1212 5706 1292 5768 τῷ
1317 5706 1496 5769 Nam.

260 5706 374 5844 ἑῇ)
406 5769 570 5844 Gobl.
608 5764 765 5822 εἶπεν
798 5769 1005 5844 impio;
1042 5767 1223 5844 agrip-
1273 5768 1362 5822 ’Ev
1396 5770 1465 5839 τῇ
1501 5767 1645 5844 σηειεὶ
1690 5763 1781 5821 In.

201 5836 300 5913 ira,
332 5836 471 5915 Reg.
512 5842 744 5911 Seguer.
789 5836 948 5898 Golil.
992 5847 1048 5897 et
1080 5836 1229 5898 Felc.
1257 5854 1297 5909 ι,
1332 5836 1465 5911 post
1492 5836 1775 5916 fuisse,

1908 4641 2099 4681 vamus
2124 4625 2187 4681 ιι.
2221 4622 2293 4680 Ut
2345 4634 2526 4680 autem
2555 4624 2694 4681 dixit
2739 4623 3000 4680 Dominus
3043 4624 3173 4681 Jesu
3203 4644 3216 4680 :
3259 4644 3278 4677 ι
3312 4624 3488 4683 Hodie

1905 4718 2107 4774 abstuli
2154 4718 2506 4790 opprobrium
2546 4716 2769 4790 Egypti
2819 4732 2850 4771 a
2895 4717 3091 4785 vobis;
3137 4736 3157 4771 ι
3194 4718 3277 4773 sic
3314 4717 3488 4772 multo

1903 4811 2079 4882 magis
2107 4808 2215 4865 dici
2246 4809 2447 4880 poterit
2475 4811 2775 4882 unicuique
2802 4825 3016 4876 eorum,
3056 4810 3152 4881 qui
3198 4824 3347 4865 nunc
3385 4808 3486 4866 bas»

1902 4903 2179 4972 ptizantur
2207 4921 2221 4958 :
2249 4901 2363 4959 Hac
2388 4901 2477 4959 die
2507 4903 2709 4958 abstuli
2746 4903 3102 4975 opprobrium
3135 4909 3364 4956 terrenae
3388 4913 3483 4971 ge-

1903 4993 2227 5058 nerationis,
2253 5001 2308 5049 et
2332 4995 2689 5066 opprobrium
2719 4993 3098 5066 corruptionis
3126 4991 3324 5047 mortis
3358 5005 3390 5044 a
3422 5000 3480 5048 te

1900 5089 2006 5146 hoc
2032 5090 2154 5161 ipso
2180 5087 2289 5146 die.

1889 5414 2095 5470 habent
2221 5412 2296 5466 σί.
2351 5419 2495 5467 nam
2547 5423 2696 5475 vero,
2746 5425 2874 5480 εφη.
2928 5413 3077 5473 Mox,
3150 5408 3375 5465 Gobler.
3415 5416 3476 5470 et

1890 5482 2038 5535 Felc.
2065 5500 2106 5535 ι.
2133 5429 2315 5535 ἕῖιοῦν
2343 5482 2376 5535 ἡ
2406 5498 2589 5535 πεοιτ.

1890 5477 2315 5554 Felc.},AEloﬁv
2343 5482 2378 5552 ἡ
2406 5498 2589 5554 περιτ.
2745 5477 2850 5554 -χς
2934 5547 2964 5554 _
3068 5548 3069 5551 η

1946 5546 2200 5634 -(f25).;$ic
2217 5546 2389 5634 “Reg;
2408 5561 2462 5607 et
2482 5546 2711 5634 Βεερεχ·ζ
2744 5547 2892 5606 Edit.
2922 5547 3137 5634 Comm.
3176 5546 3473 5613 δοθεῐσθαιν

1888 5620 2207 5695 male_.'H_inc
2217 5620 2578 5695 Parisiepsrs,
2592 5620 2834 5695 δοθῆναι.
2853 5635 2963 5695 suo
2974 5628 3145 5695 marte
3160 5634 3471 5695 correxere.

1958 5693 2072 5766 (ει)
2104 5690 2306 5766 Regius
2329 5699 2384 5747 et
2416 5692 2642 5766 §eguer.
2673 5686 2902 5766 εγενετο.
2944 5690 3093 5756 Mox,
3142 5686 3296 5745 εἶπεν
3321 5690 3474 5747 deest

1887 5765 1943 5821 in
1968 5760 2314 5833 fGohleri’ano
2345 5769 2399 5817 et
2425 5760 2570 5833 Felc.
2611 5760 2809 5833 primo.

1954 5831 2093 5907 (εν)
2118 5832 2232 5890 Νῦν
2259 5834 2409 5890 deest
2433 5833 2484 5888 in
2515 5830 2843 5892 Gohlcriano
2870 5841 2923 5890 et
2948 5830 3100 5901 Felc.
3128 5845 3173 5888 ι.
