4048 6406
491 351 493 354 ·
520 335 546 388 1
559 333 630 390 83
1677 334 1740 390 S.
1783 335 2122 392 ATHANAS]

2193 337 2247 395 ε.
2287 369 2358 383 ..-
2395 313 2637 395 βυθιλί

3665 343 3772 400 HI

524 507 3742 543 *Μ

1309 659 1392 718 ΙΝ
1434 657 1855 719 HOMILIAM
1889 659 1997 719 DE
2055 658 2433 722 SEMENTE
2489 662 2976 725 ADMONITIO.

591 825 887 883 Romilium
918 822 984 877 de
1009 821 1248 878 Semente
1283 821 1649 892 subjungimus
1693 819 1944 875 Homilies
1971 819 2036 874 de
2067 821 2300 876 Sabbato
2343 833 2394 877 et
2425 823 2862 895 Circumcisione,
2887 826 3027 899 quod
3057 827 3121 883 de
3153 845 3210 884 re
3240 829 3423 886 eadem
3461 832 3636 888 amba:
3661 847 3779 904 per-

521 933 768 990 tractent,
797 937 976 988 nempe
1006 919 1070 974 de
1100 917 1356 978 Sabbato,
1387 929 1478 968 seu
1505 911 1570 966 de
1595 913 1702 965 ritu
1723 911 1966 965 servandi
1993 909 2236 968 Sabbati.
2264 912 2394 968 Hazc
2424 918 2693 983 posterior
2717 928 2892 972 autem
2916 918 3092 987 plures
3121 937 3278 991 quam
3306 923 3606 990 praecedens
3633 942 3776 995 prw-

520 1023 621 1091 fert
656 1017 934 1074 dubitandi
962 1028 1189 1077 causas;
1230 1027 1334 1065 non
1365 1016 1630 1077 comparet
1675 1008 1814 1061 enim
1855 1008 1910 1060 in
1936 1007 2167 1077 antiquis
2199 1007 2483 1064 Athanasii
2527 1028 2742 1081 operum
2785 1013 3202 1079 collectionibus,
3253 1030 3344 1069 nec
3377 1017 3482 1070 nisi
3514 1022 3568 1070 in
3600 1019 3779 1074 codice

516 1113 810 1183 Anglicano
832 1110 1077 1163 hactenus
1105 1116 1310 1177 reperta
1329 1107 1452 1177 fuit.
1484 1105 1565 1158 Ad
1591 1105 1701 1160 ha3c
1722 1105 1979 1159 nonnulla
2012 1115 2134 1159 sunt
2161 1105 2244 1158 hic
2262 1106 2508 1178 loquendi
2527 1127 2736 1180 genera,
2762 1128 2878 1181 quia
2904 1113 3076 1165 minus
3096 1112 3323 1180 peritum
3353 1114 3663 1180 scriptorem
3688 1133 3778 1170 ar-

515 1213 681 1277 guant
711 1201 892 1258 :ltaud
916 1199 1074 1256 semel
1106 1200 1243 1253 enim
1273 1199 1514 1269 legimus,
1539 1196 1732 1270 κρύϐει
1770 1213 1866 1266 pro
1894 1195 2148 1268 κρύπτει,
2182 1197 2238 1249 in
2270 1199 2540 1266 praesenti,
2572 1209 2622 1252 et
2654 1200 2873 1254 similia.
2905 1201 3139 1274 Suntque
3169 1205 3281 1259 alia
3327 1208 3496 1261 multa
3525 1227 3642 1280 qua:
3678 1212 3800 1278 mi-_

521 1316 619 1354 nus
649 1295 933 1351 Athanasii
952 1293 1150 1362 stylum
1179 1291 1454 1360 referunt:
1483 1289 1768 1356 implicata:
1803 1287 2003 1341 scilicet
2039 1285 2242 1356 periodi
2275 1287 2600 1358 frequentes,
2635 1291 2867 1344 maxime
2907 1291 3002 1345 sub
3023 1293 3204 1361 ﬁnem,
3244 1312 3368 1349 nam
3406 1314 3552 1353 secus
3588 1281 3801 1385 initio;x

516 1407 636 1443 cum
657 1398 843 1443 contra
874 1383 1160 1440 Athanasii
1190 1398 1362 1437 sermo
1385 1398 1503 1436 cum
1537 1380 1752 1434 lenitate
1777 1379 2010 1448 quadam
2043 1377 2293 1448 wquabili
2323 1377 2515 1448 ubique
2543 1380 2802 1449 proﬂuat,
2831 1390 2882 1436 et
2918 1383 3144 1438 multum
3175 1387 3459 1444 abhorreat
3492 1391 3555 1444 ab
3589 1377 3777 1446 obscu:

515 1483 589 1535 ris
618 1479 863 1550 loquendi
891 1475 1184 1548 generibus.
1221 1472 1413 1538 Porro,
1442 1475 1560 1526 licet
1594 1470 1777 1525 allatis
1802 1469 1864 1523 de
1899 1469 2073 1522 causis
2107 1467 2388 1522 admodum
2411 1480 2653 1538 suspecta
2682 1471 2830 1527 nobis
2854 1474 2922 1527 sit
2957 1474 3067 1529 lucc
3096 1475 3356 1546 Homilia,
3393 1498 3499 1535 non
3519 1483 3778 1539 indiserta

519 1586 715 1640 tamen,
749 1591 840 1629 nec
869 1573 1089 1644 indigna
1118 1587 1233 1641 quae
1269 1570 1494 1641 legatur.
1523 1567 1591 1622 In
1622 1585 1684 1621 ea
1716 1567 1902 1638 quippe
1924 1575 2006 1618 sat
2037 1564 2202 1633 lepide
2229 1566 2472 1635 arguitur
2497 1583 2632 1621 vana
2652 1566 2967 1624 Iudaeorum
2989 1572 3045 1625 in
3077 1575 3336 1629 seruando
3364 1574 3601 1630 Sabbato
3625 1593 3776 1631 scru-

515 1669 814 1740 pulositas:
847 1665 1015 1721 multa
1036 1680 1238 1738 quoque
1259 1663 1380 1716 istic
1407 1660 1470 1715 de
1510 1661 1748 1715 oratione
1771 1667 1821 1713 et
1861 1659 2211 1726 eleemosyna,
2253 1657 2480 1727 aliisque
2508 1660 2609 1728 piis
2641 1661 2884 1730 operibus
2913 1662 3179 1735 feruntur,
3209 1683 3326 1737 qua
3356 1668 3539 1723 lectori
3566 1684 3659 1722 nec
3694 1670 3776 1723 in-

508 1764 749 1833 jucunda
777 1779 868 1819 nec
892 1763 1105 1818 inutilia
1129 1761 1242 1829 fore
1271 1758 1621 1813 arbitramur.

1618 2022 1756 2076 ΤΟΥ
1786 2022 1874 2075 ΕΝ
1907 2021 2132 2075 ΑΓΙΟΙΣ
2168 2022 2440 2077 ΠΑΤΡΟΣ
2471 2023 2670 2080 ΗΜΩΝ

1826 2188 2465 2278 ΑΘΑΝΑΣΙΟΥ

1683 2373 1942 2426 ΟΜΙΛΙΑ
1972 2373 2099 2427 ΕΙΣ
2143 2373 2284 2427 ΤΟΝ
2307 2375 2607 2432 ΣΠΟΡΟΝ.

1524 2677 1618 2766 s.
1695 2679 1802 2766 P.
1899 2679 2018 2766 N.
2094 2617 2751 2768 ATHANASII

1621 2871 1994 2936 HOMILIA
2054 2873 2168 2933 DE
2207 2872 2639 2935 SEMENTE.

2110 3043 2178 3058 -ν-

584 3175 638 3228 l.
677 3172 738 3227 In
766 3169 854 3226 die
900 3165 1126 3224 Sabbati
1175 3163 1488 3236 congregati
1518 3180 1753 3220 sumus:
1785 3182 1895 3221 non
1941 3167 2085 3236 quod
2119 3225 2122 3234 η

2263 3169 2315 3222 1.
2371 3169 2458 3221 Ἐν
2485 3169 2671 3240 ἡμέρᾳ
2711 3167 2991 3222 Σαϐϐάτου
3039 3168 3402 3241 συνήχθημεν,
3447 3169 3509 3222 ού
3558 3168 3774 3227 νοσοῦν-

493 3263 778 3322 Judaismi
825 3261 1017 3316 morbo
1049 3258 1362 3314 laboremus
1392 3273 1710 3327 :nunquam
1755 3258 1902 3313 enim
1948 3257 2087 3314 falsa

516 3357 756 3412 Sabbata
781 3353 867 3409 vel
895 3351 1265 3422 attigerimus;
1300 3347 1396 3404 sed
1427 3347 1496 3403 ad
1523 3347 1820 3403 Sabbatum
1852 3351 2090 3405 accessi-

513 3465 658 3515 mus,
682 3445 970 3502 Dominum
1000 3441 1222 3497 Sabbati
1239 3439 1424 3496 Jesum
1448 3438 1750 3495 adoraturi.
1783 3438 1923 3495 Olim
1942 3449 2090 3495 certe

513 3541 715 3612 priscis
748 3536 1065 3592 boniinibus
1089 3533 1144 3588 in
1177 3533 1356 3604 pretio
1392 3530 1690 3587 Sabbatum
1728 3531 1832 3586 fuit
1855 3551 1867 3586 :
1894 3539 1949 3586 at
1983 3531 2091 3586 Do-

510 3635 698 3689 minus
734 3631 878 3686 diem
909 3627 1134 3684 Sabbati
1168 3625 1451 3682 transtulit
1487 3625 1542 3679 in
1574 3623 1915 3679 Dominicam
1949 3644 1963 3680 :
1994 3641 2090 3680 ne-

511 3741 620 3796 que
646 3738 748 3779 nos
772 3721 1099 3778 auctoritate
1125 3726 1317 3774 nostra
1343 3715 1643 3771 Sabbatum
1667 3717 1757 3771 vili
1766 3718 2085 3787 pendimus;

513 3813 609 3871 sed
637 3810 750 3883 46
772 3811 1036 3880 propheta
1083 3815 1188 3874 est,
1224 3806 1320 3876 qui
1365 3805 1500 3860 illud
1556 3805 1734 3874 rejicit
1786 3819 1850 3858 ac
1907 3805 2083 3859 dicit:

516 3922 537 3956 ι
566 3901 894 3959 Neomenias
912 3909 1126 3956 vestras
1149 3906 1204 3953 et
1223 3897 1460 3952 Sabbata
1486 3897 1602 3951 odit
1624 3897 1807 3950 anima
1831 3912 1950 3951 mea
1972 3899 2037 3952 η.
2065 3917 2084 3950 ι

511 3994 768 4063 Quandiu
796 3992 942 4046 enim
992 4006 1055 4046 ea
1090 3991 1414 4062 agebantur,
1464 4005 1583 4058 quas
1618 3991 1735 4059 lege
1775 3991 1899 4043 (lata
1926 3988 2089 4060 digna

511 4095 672 4144 erant
700 4105 714 4141 :
739 4094 832 4139 aut
857 4084 1103 4155 quandiu
1132 4099 1241 4137 non
1267 4083 1564 4136 advenerat
1596 4081 1875 4152 Magister,
1911 4085 2092 4153 parda-

514 4181 636 4250 gogi
680 4179 826 4248 leges
856 4177 967 4232 vim
1010 4175 1332 4231 obtinebant
1359 4192 1371 4227 :
1401 4182 1456 4227 at
1496 4173 1588 4228 ubi
1631 4173 1893 4245 Magister
1927 4173 2091 4230 adve-

513 4271 616 4335 nit,
653 4268 817 4324 desiit
847 4267 1173 4338 pmdagogus
1199 4282 1214 4319 :
1244 4272 1298 4320 et
1327 4273 1518 4320 exorto
1548 4265 1685 4330 sole,
1719 4265 1944 4320 candela
1972 4281 2092 4322 ces-

513 4362 676 4417 savit.
726 4358 1046 4431 Opportuna
1093 4359 1261 4430 igitur
1311 4359 1469 4414 nobis
1518 4359 1679 4414 lectio
1726 4359 1794 4414 de
1853 4357 2090 4415 Sabbato

513 4461 916 4526 consequenter
943 4454 1127 4508 habita
1175 4459 1280 4508 est.
1313 4451 1546 4524 Jamjam
1587 4453 1731 4508 enim
1779 4452 2090 4508 audivimus

2192 3277 2282 3323 τες
2318 3259 2430 3330 (25)
2467 3259 2797 3331 Ἰουδαῖσμὸν
2820 3277 2831 3291 ·
2874 3262 2934 3314 ού
2967 3258 3077 3332 γὰρ
3107 3260 3459 3331 ἑφαπτόμεθα
3486 3261 3776 3316 Σαϐϐάτων

2192 3351 2404 3419 ψευδῶν
2429 3367 2444 3382 '
2495 3355 2953 3423 παραγεγόναμεν
2991 3352 3048 3406 δὲ
3089 3354 3146 3406 ὲν
3195 3352 3462 3424 Σαϐϐάτῳ
3487 3393 3501 3419 ,
3533 3353 3628 3408 τὸν
3662 3352 3774 3408 Κύ-

2194 3462 2308 3515 ριον
2345 3443 2440 3497 τοῦ
2475 3444 2754 3497 Σαϐϐάτου
2800 3444 3006 3516 Ἰησοῦν
3055 3445 3546 3516 προσκυνήσοντες.
3603 3445 3775 3500 Πάλαι

2196 3537 2293 3606 μὲν
2335 3536 2444 3608 γὰρ
2483 3531 2551 3608 ἦν
2599 3537 2655 3589 ὲν
2701 3539 2817 3600 τοῖς
2857 3537 3106 3609 ἀρχαίοις
3147 3539 3209 3592 τὸ
3245 3541 3427 3610 τίμιον
3461 3537 3775 3592 Σάϐϐατον·

2197 3629 2462 3700 μετέθηκε
2491 3630 2547 3683 δὲ
2573 3633 2601 3683 ὁ
2635 3630 2839 3702 Κύριος
2867 3631 2963 3702 τὴν
2991 3631 3086 3684 τοῦ
3121 3633 3400 3688 Σαϐϐάτου
3431 3631 3648 3704 ἡμέραν
3701 3632 3776 3695 εἰς

2195 3722 2478 3792 Κυριακήν
2505 3740 2518 3752 ·
2561 3723 2656 3775 καὶ
2683 3724 2782 3792 οὐχ
2817 3724 2976 3794 ἡμεῖς
3009 3726 3176 3794 ὲσμεν
3223 3727 3271 3776 οἱ
3304 3725 3394 3794 ἀφ’
3445 3723 3656 3776 ἑαυτῶν
3683 3722 3776 3776 τοῧ

2193 3813 2472 3866 Σαϐϐάτου
2520 3815 3054 3886 καταφρονήσαντες,
3103 3814 3219 3867 ἀλλ’
3251 3815 3277 3866 ὁ
3314 3815 3601 3885 προφήτης
3633 3814 3777 3868 ἐστὶν

2192 3907 2220 3957 ὁ
2253 3903 2542 3958 ἀποϐαλὼν
2593 3906 2688 3957 καὶ
2723 3905 2892 3958 εἰπών
2919 3921 2934 3937 ο
2993 3924 3011 3955 t
3037 3905 3152 3969 Τὰς
3175 3904 3467 3976 νεομηνίας
3497 3905 3652 3976 ὑμῶν
3687 3908 3782 3959 καὶ

2191 3996 2261 4050 τὰ
2310 3996 2562 4051 Σάϐϐατα
2593 4000 2740 4068 μισεῖ
2782 3999 2815 4068 ἡ
2866 3997 3012 4068 ψυχή
3066 4015 3188 4068 μου.
3223 4016 3242 4048 ι
3281 3998 3460 4068 Μέχρι
3517 3998 3615 4068 μὲν
3671 3996 3782 4069 γὰρ

2191 4090 2280 4142 ὅτε
2311 4088 2437 4154 ἄξια
2467 4088 2771 4160 ἐπράττετο
2791 4089 2901 4141 τῶν
2928 4090 3271 4160 πραγμάτων
3302 4091 3402 4160 τῆς
3431 4089 3781 4159 νομοθεσίας,

2191 4180 2224 4250 ἢ
2251 4180 2442 4251 μέχρις
2469 4181 2557 4233 ὅτε
2599 4181 2709 4251 (26)
2746 4180 2820 4252 μὴ
2854 4177 2922 4253 ἦν
2962 4181 3404 4254 παραγενόμενος
3448 4182 3476 4233 ὁ
3512 4182 3785 4237 Διδάσκα-

2191 4273 2302 4337 λος,
2341 4275 2562 4344 ἐνήργει
2599 4273 2668 4327 τὰ
2699 4275 2794 4327 τοῦ
2849 4275 3202 4345 παιδαγωγοῦ
3229 4293 3242 4306 ⁶
3292 4275 3534 4339 ἐλθόντος
3580 4275 3640 4329 δὲ
3685 4275 3782 4330 τοῦ

2191 4364 2545 4427 Διδασκάλου,
2589 4365 2912 4438 κατηργὴθη
2968 4368 2996 4419 ὁ
3047 4364 3394 4434 παιδαγωγὸς
3425 4403 3440 4428 ,
3481 4365 3576 4418 καὶ
3627 4364 3783 4437 ἡλίου

2192 4456 2592 4519 ἀνατείλαντος.
2642 4457 2670 4508 ὁ
2704 4454 2900 4526 λύχνος
2935 4457 3231 4510 ἐπαύσατο.
3267 4455 3534 4526 Εὔκαιρος
3564 4455 3621 4509 δὲ
3647 4458 3784 4528 ἡμῖν

512 4547 787 4617 quomodo
825 4545 984 4602 Jesus
1014 4546 1126 4602 ibat
1160 4560 1257 4616 per
1293 4552 1434 4609 sata,
1479 4552 1534 4600 et
1568 4546 1844 4616 quomodo
1879 4545 2087 4600 aridam

2193 4547 2380 4616 γέγονε
2416 4548 2510 4601 καὶ
2559 4550 2590 4618 ἡ
2644 4548 2952 4616 ἀνάγνωσις
2979 4591 2994 4612 ,
3047 4548 3188 4601 κατὰ
3226 4546 3546 4603 ἀκολουθίαν
3582 4588 3596 4611 ,
3648 4549 3783 4618 περὶ

511 4655 736 4693 manum
781 4638 1059 4695 sanaverit
1102 4658 1114 4692 :
1154 4647 1316 4708 atque
1369 4653 1548 4709 operae
1591 4642 1826 4710 pretium
1871 4639 2089 4693 videtur

512 4731 666 4797 mihi,
701 4747 875 4804 pauca
910 4733 965 4787 in
995 4732 1285 4787 lectionem
1313 4729 1594 4802 Evangelii
1640 4731 1936 4788 disserere.
1967 4731 2088 4785 Sal-

510 4832 668 4880 vator
704 4831 893 4879 noster
923 4839 1022 4894 per
1050 4829 1169 4878 sata
1211 4823 1344 4889 ibat,
1388 4824 1680 4894 ipsumque
1711 4824 1968 4895 discipuli
2000 4839 2088 4880 se-

509 4916 839 4985 quebantur,
884 4925 938 4972 et
973 4916 1236 4971 vellentes
1281 4915 1462 4986 spicas
1515 4916 1876 4971 comedebant
1921 4935 1935 4971 :
1971 4924 2086 4970 tum

510 5004 682 5059 Judaei
715 5006 1074 5076 increpabant
1109 5005 1254 5071 illos,
1295 5005 1539 5061 dicentes
1570 5024 1585 5060 :
1621 5023 1641 5056 ί
1673 5004 1792 5061 Non
1823 5007 1949 5060 licet
1979 5006 2085 5060 hoc

511 5094 693 5152 facere
724 5098 779 5150 in
824 5095 1062 5152 Sabbato
1091 5095 1153 5148 ¹³.
1193 5115 1212 5147 ι
1248 5093 1325 5149 Ex
1365 5110 1472 5164 qua
1517 5096 1654 5167 lege,
1699 5111 1733 5150 ο
1759 5094 1975 5149 Judaei?
2005 5093 2082 5148 Ex

511 5202 620 5255 quo
651 5186 853 5258 Moysis
877 5189 1134 5245 decreto?
1160 5186 1241 5242 Ex
1275 5187 1436 5256 cujus
1467 5187 1747 5258 propheta;
1776 5186 2086 5242 sententia?

513 5277 619 5333 Ubi
648 5281 871 5334 vetitum
907 5290 991 5337 est
1034 5281 1106 5335 ali
1146 5279 1513 5334 esurientem?
1537 5277 1773 5332 Ubinam
1813 5280 2080 5349 scriptum

509 5377 618 5438 est,
661 5371 879 5428 inanem
918 5381 1167 5428 ventrem
1219 5386 1333 5424 non
1383 5369 1716 5439 implendum
1769 5371 1931 5426 esse?
1977 5369 2085 5426 Se‘d

511 5463 604 5532 qui
651 5480 803 5522 esum
842 5467 900 5521 in
942 5464 1182 5519 Sabbato
1234 5461 1366 5516 vitio
1415 5469 1675 5530 vertunt,
1727 5463 1928 5522 caedem
1978 5464 2084 5536 ipsi

587 5622 630 5653 “
666 5619 772 5676 lsa.
810 5636 859 5686 ι,
893 5621 981 5675 15.
1058 5618 1102 5651 ¹³
1141 5617 1330 5671 Matth.
1367 5633 1441 5673 xu
1466 5659 1481 5684 ,
1517 5618 1575 5674 2.

589 5781 695 5857 (35)
727 5782 1078 5855 Anglicanus,
1116 5777 1416 5842 νοσοῦντος.

2193 4637 2495 4690 Σαϐϐάτου.
2557 4638 2856 4708 Ἡκούομεν
2890 4637 2999 4708 γὰρ
3043 4635 3274 4707 ἀρτίως,
3309 4636 3458 4699 ὅπως
3489 4637 3518 4688 ὁ
3571 4635 3784 4706 Ἰησοῦς

2194 4727 2487 4798 ἐπορεύετο
2537 4727 2626 4781 διὰ
2669 4727 2778 4780 τῶν
2812 4728 3116 4798 σπορίμων,
3155 4725 3250 4779 καὶ
3291 4726 3440 4788 ὅπως
3472 4724 3571 4794 τὴν
3619 4729 3784 4800 χεῖρα

2192 4820 2290 4893 τὴν
2324 4820 2494 4894 ξηρὰν
2541 4821 2913 4892 ἐθεράπευσεο
2949 4819 3042 4873 καί
3080 4836 3168 4889 μοι
3201 4818 3347 4871 δοκεῖ
3398 4816 3581 4881 καλῶς
3631 4819 3781 4889 ἔχειν

2193 4915 2346 4983 ὀλίγα
2379 4917 2457 4978 είς
2486 4914 2547 4967 τὸ
2585 4913 2921 4984 ἀνάγνωσμα
2955 4912 3047 4965 τοῦ
3081 4910 3416 4980 Εύαγγελίου
3467 4913 3664 4966 εἰπεῖν.
3721 4913 3783 4967 Ὀ

2195 5006 2386 5078 Σωτὴρ
2437 5005 2593 5076 ἡμῶν
2639 5005 2928 5075 ἐπορεύετο
2977 5003 3067 5058 διὰ
3100 5003 3206 5058 τῶν
3243 5003 3548 5074 σπορίμων,
3591 5003 3687 5057 καὶ
3729 5008 3782 5058 οἱ

2199 5095 2436 5168 μαθηταὶ
2485 5095 2632 5167 αὐτῷ
2675 5095 3020 5165 ἠκολούθουν,
3060 5097 3154 5151 καὶ
3192 5097 3431 5166 στάχυας
3478 5094 3780 5160 τίλλοντες,

2195 5187 2377 5259 ἤσθιον
2405 5206 2418 5219 ·
2462 5189 2558 5242 καὶ
2623 5188 2864 5241 Ἰουδαῖοι
2910 5190 3183 5260 ἐπετίμων
3232 5189 3414 5250 αὐτοῖς
3471 5186 3728 5257 λέγοντες
3765 5207 3779 5220 ·

2200 5298 2218 5330 t
2263 5281 2374 5333 Ούκ
2415 5279 2592 5347 ἔξεστι
2651 5280 2808 5335 τοῦτο
2872 5284 3045 5335 ποιεῖν
3093 5282 3150 5334 ὲν
3203 5280 3486 5350 Σαϐϐάτῳ.
3528 5298 3546 5331 ι
3615 5281 3785 5334 Κατὰ

2199 5377 2346 5426 ποῖον
2421 5373 2621 5443 νόμον,
2689 5367 2734 5426 ὧ
2820 5373 3117 5438 ἰουδαῖοι;
3176 5372 3351 5445 Κατὰ.
3421 5372 3582 5427 ποίαν
3643 5373 3818 5448 Μω-¹

2195 5464 2330 5528 σέως
2386 5463 2742 5534 νομοθεσίανς
2776 5465 2932 5518 Κατὰ
2987 5465 3147 5517 ποίαν
3205 5463 3484 5534 προφήτου
3531 5463 3777 5536 φράσιν;

2231 5777 2340 5848 (9.6)
2366 5777 2506 5834 Edit.
2535 5779 2708 5836 Paris.
2735 5780 2840 5834 ὅτιο
2873 5779 3014 5836 Edit.
3043 5779 3308 5838 Commel.
3357 5779 3467 5846 ὅτε,
3501 5779 3733 5837 reclini-
