4002 6532
261 491 356 546 ΗΒ

1490 481 1773 538 HOMILIA
1812 481 1898 536 DE
1935 479 2277 536 SEMENTE.

3389 483 3497 540 ηε

257 606 360 661 Ποῦ
418 604 727 659 κεκώλυται
805 602 1096 675 τρέφεσθαι
1164 602 1256 655 τὸν
1335 600 1641 666 πεινῶντας
1712 596 1820 652 Ποῦ

1927 597 2046 668 ipso
2095 596 2331 652 Sahbato
2383 597 2440 652 in
2486 597 2776 653 Dominum
2815 605 3196 668 perpetrarunt
3213 594 3346 668 (26‘)
3373 617 3386 652 :
3417 598 3494 653 ait

256 700 558 769 γέγραπται
595 697 670 768 μὴ
711 695 1091 767 ἐμπλησθῆναι
1131 693 1375 765 γαστέρα
1421 693 1624 763 κενήν;
1656 691 1718 744 Οἱ
1765 689 1822 742 δὲ

252 790 307 842 τὸ
329 787 630 858 τρέφεσθαι
656 785 1006 851 ὀνειδίζοντες
1050 787 1107 839 ὲν
1135 783 1418 854 Σαϐϐάτῳ,
1454 782 1606 836 αὐτοὶ
1645 780 1824 850 φόνοις

250 883 304 934 ὲν
327 879 595 950 Σαϐϐάτῳ
622 878 762 932 κατά
781 878 875 933 τοῦ
900 877 1276 932 οἰκοδεσπότου
1304 874 1618 946 εἰργάζοντο
1637 890 1650 903 ·
1676 872 1822 938 λέγει

247 969 351 1038 γὰρ
382 969 414 1036 ἡ
444 966 642 1037 Γραφὴ
667 968 725 1020 ὲν
763 966 838 1037 τῷ
866 967 1179 1036 Εὐαγγελίῳ
1209 966 1336 1036 περί
1367 964 1466 1035 τῆς
1521 963 1733 1034 ἡμέρας
1765 963 1823 1015 ὲν

249 1055 326 1130 ᾖὸ
353 1059 494 1122 Θεδς
527 1059 730 1112 ἔπαθεν
751 1076 764 1088 ·
796 1076 814 1108 ι
840 1054 946 1111 Ἦν
981 1059 1037 1112 δὲ
1069 1059 1251 1129 ἡμέρα
1279 1057 1462 1126 ἐκείνη
1488 1053 1696 1126 μεγάλη
1727 1051 1822 1105 τοῦ

248 1148 547 1202 Σαϐϐάτου.
574 1169 594 1199 ι
633 1149 744 1202 Καὶ
788 1149 880 1202 τὸν
917 1149 1012 1218 μὲν
1061 1147 1355 1218 νομοθέτην
1404 1145 1718 1216 ἀναιροῦσιν
1765 1144 1822 1196 ὲν

249 1238 553 1309 Σαϐϐάτῳ,
601 1239 896 1310 τρέφεσθαι
946 1239 1003 1291 δὲ
1057 1237 1305 1308 μαθητάς
1347 1237 1403 1288 ὲν
1447 1234 1708 1304 Σαϐϐάτῳ
1761 1235 1820 1286 οὐ

251 1328 547 1398 βούλονται,
585 1329 684 1382 Διὰ
713 1329 868 1382 τοῦτο
900 1332 928 1382 6
972 1329 1162 1400 Σωτὴρ
1211 1330 1268 1380 ἐν
1316 1330 1428 1389 τοῖς
1461 1326 1663 1399 ἀρτίως
1695 1327 1823 1379 ἀνα-

248 1420 590 1489 γνωσθεῖσιν,
641 1419 830 1490 ἠρώτα
880 1417 1076 1481 αὐτούς
1099 1435 1113 1448 ·
1151 1417 1215 1470 Τί
1244 1415 1453 1480 ἔξεστιν
1503 1413 1727 1483 ποιῆσαι
1764 1415 1824 1465 ὲν

247 1512 318 1582 τῷ
343 1511 646 1582 Σαϐϐάτῳ;
693 1509 1091 1579 ἀγαθοποιῆσαι
1135 1509 1168 1579 ἦ
1213 1505 1608 1575 κακοποιῆσαι;
1646 1504 1821 1574 ψυχὴν

249 1603 434 1667 σῶσαι,
468 1603 503 1672 ἦ
538 1602 840 1667 ἀπολέσαι;
881 1602 942 1654 τὸ
977 1599 1273 1672 τρέφεσθαι
1327 1597 1633 1660 ὀνειδίζετε,
1662 1595 1728 1674 ’τὸ
1763 1594 1821 1647 δὲ

247 1693 498 1762 φονεῦσαι
520 1693 956 1764 κατεργάζεσθε;
993 1693 1106 1744 Ἀεὶ
1132 1689 1242 1762 γὰρ
1265 1691 1313 1742 οἱ
1349 1688 1590 1741 Ἰουδαῖοι
1604 1687 1694 1739 τὸν
1723 1684 1823 1738 κώ-

244 1800 394 1836 νωπα
421 1783 745 1847 διυλίζουσι,
777 1782 874 1852 τὴν
915 1783 971 1835 δὲ
1001 1780 1246 1851 κάμηλον
1278 1778 1664 1833 καταπίνουσιν
1690 1791 1702 1803 ·
1735 1776 1822 1828 ἀεὶ

1924 688 2067 743 enim
2098 686 2382 758 Scriptura
2405 688 2459 743 in
2488 687 2782 758 Evangelio
2804 689 2872 744 de
2885 690 2972 745 die
2994 705 3102 760 qua
3125 703 3322 760 passus
3347 689 3491 756 Deus

1923 790 2007 835 est
2038 799 2050 834 :
2083 798 2102 831 ι
2135 779 2266 835 Erat
2295 788 2477 836 autem
2505 780 2624 837 dies
2652 783 2745 836 illa
2774 797 2970 851 magna
3003 781 3226 838 Sabbati
3247 783 3311 838 “.
3339 801 3360 836 ι
3388 782 3493 840 Le-

1924 872 2236 942 gislatorcm
2274 873 2451 941 ipsum
2485 872 2723 928 Sabbato
2749 874 2816 929 de
2857 873 3040 929 medio
3070 875 3288 940 tollunt,
3325 876 3496 931 disci-

1925 961 2193 1030 pulosque
2211 960 2264 1014 in
2293 961 2532 1017 Sabbato
2553 963 2808 1019 alimenta
2838 979 3056 1019 sumere
3080 964 3294 1020 nolunt.
3313 963 3494 1030 Quare

1923 1051 1979 1105 in
2017 1052 2242 1121 jamjam
2290 1053 2466 1116 lectis,
2517 1055 2712 1124 quaerit
2745 1056 2814 1110 ab
2843 1056 2951 1110 illis
2999 1054 3248 1112 Salvator
3276 1076 3289 1111 :
3317 1055 3492 1123 Quid-

1922 1156 2047 1195 nam
2075 1142 2129 1196 in
2169 1141 2410 1198 Sabbato
2448 1143 2628 1200 facere
2653 1146 2798 1210 licet,
2829 1148 3036 1202 benene
3070 1162 3139 1201 an
3173 1149 3348 1201 male?
3379 1148 3497 1201 ani—

1923 1247 2065 1286 mam
2097 1249 2320 1288 servare
2352 1249 2418 1288 an
2449 1237 2715 1305 perdere?
2743 1237 3002 1293 alimenta
3026 1253 3240 1294 sumere
3273 1238 3494 1292 crimini

1923 1320 2102 1386 datis,
2150 1331 2203 1377 et
2248 1324 2426 1379 caedes
2466 1327 2832 1396 perpetratis?
2867 1326 3091 1398 Semper
3129 1329 3274 1383 enim
3318 1317 3490 1382 Judaei

1922 1413 2153 1468 culicem
2177 1416 2484 1483 percolant,
2513 1429 2566 1472 et
2594 1420 2862 1473 camelum
2892 1418 3197 1490 deglutiunt
3226 1438 3240 1476 :
3275 1433 3492 1489 semper

1922 1511 2176 1558 accurate
2211 1504 2485 1560 decimant
2531 1517 2709 1562 rutam
2749 1517 2804 1564 et
2851 1509 2994 1573 olus,
3017 1518 3071 1564 et
3113 1526 3233 1580 qua:
3273 1519 3400 1565 sunt
3434 1510 3490 1564 in

1922 1593 2038 1662 lege
2064 1596 2312 1663 graviora
2357 1612 2466 1650 non
2512 1598 2828 1655 observant.
2863 1600 2930 1654 Et
2973 1602 3488 1670 pertranseuntibus

1887 1684 2204 1765 .discipulis
2265 1686 2727 1758 indignabantur,
2781 1693 2926 1762 quod
2983 1693 3164 1763 spicas
3233 1691 3488 1747 manibus

1922 1773 2182 1828 vellerent
2221 1785 2275 1830 et
2295 1779 2664 1837 comederent.
2695 1780 2813 1836 Non
2854 1783 2998 1837 ferro
3027 1783 3308 1847 secabant,
3340 1781 3489 1852 quod

245 1875 491 1946 ἀκριϐεῖς
539 1876 647 1927 εἰσι
679 1876 807 1945 περὶ
842 1873 904 1926 τὸ
935 1871 1348 1928 ἀποδεκατῶσαι
1375 1870 1434 1924 τὸ
1464 1871 1704 1939 πήγανον
1729 1867 1820 1918 καὶ

1924 1867 2003 1921 illi
2055 1885 2187 1925 sane
2229 1879 2288 1924 ut
2329 1887 2470 1942 opus
2513 1877 2789 1930 criminati
2841 1877 3112 1932 fuissent:
3140 1892 3317 1948 neque
3363 1878 3490 1933 aliis

243 1937 570 2034 τὸλάχανον
597 1982 613 1997 ο
638 1965 707 2018 τά
739 1937 797 2018 δὲ
829 1965 1102 2036 βαρύτερα
1144 1962 1237 2016 τοῦ
1277 1962 1441 2032 νόμου
1471 1937 1538 2013 οὐ.
1572 1957 1816 2030 τηροῦσι.

1928 1961 2220 2015 utebantur
2267 1964 2674 2031 instrumentis,
2719 1983 2788 2022 ne
2827 1968 3112 2038 culparent
3154 1967 3344 2033 Judaei,
3378 1985 3488 2023 non

243 2057 348 2111 Καὶ
373 2057 856 2128 διαπορευομένων
879 2056 986 2109 τῶν
1036 2054 1313 2127 μαθητῶν,
1347 2051 1709 2122 ⁴ἰγγανόικτουν,
1739 2049 1820 2102 δτι

1926 2050 2069 2118 quod
2113 2053 2371 2107 alimenta
2419 2064 2727 2121 sumerent,
2773 2057 2866 2112 sed
2909 2057 3055 2128 quod
3107 2052 3507 2129 operarenturﬁ'

248 2149 479 2219 στάχυας
513 2148 724 2219 ἕψωχον
755 2151 875 2212 ταῖς
908 2148 1091 2219 χερσὶ,
1129 2147 1222 2201 καὶ
1252 2145 1456 2217 ἢσθιον.
1495 2143 1568 2195 Οὐ
1617 2140 1820 2210 σιδήρῳ

1924 2134 2076 2190 Nunc
2110 2147 2290 2194 autem
2321 2143 2452 2211 quid
2504 2145 2736 2213 culpatis
2773 2145 2916 2215 quod
2958 2161 2988 2200 a
3019 2146 3129 2202 Deo
3161 2147 3219 2201 in
3255 2149 3486 2216 salutem

247 2242 571 2312 ἀπέτεμνον,
614 2241 736 2294 ἐπεὶ
777 2240 1114 2311 κατηγόρουν
1148 2239 1224 2302 ὼς
1259 2237 1420 2310 ἔργου
1448 2253 1461 2266 ·
1498 2233 1617 2286 οὐδὲ
1643 2231 1820 2294 ἄλλοις

1924 2228 2104 2284 datum
2141 2232 2266 2287 est?
2306 2232 2361 2287 Si
2403 2235 2548 2289 enim
2593 2236 2737 2292 Deus
2783 2240 2930 2294 vesci
2976 2255 3086 2294 non
3117 2239 3394 2309 prohibuit
3430 2240 3488 2294 in

248 2334 544 2405 ἐργαλείοις
569 2334 892 2405 ἐχρήσαντο,
919 2333 1004 2385 ἵνα
1029 2331 1103 2402 μὴ
1141 2329 1610 2422 κατηγορησωισιν,
1641 2323 1716 2386 ὼς
1745 2322 1818 2422 [fil

1924 2318 2182 2386 Sabbato,
2217 2325 2350 2394 quid
2389 2325 2524 2382 illud
2560 2336 2618 2383 tu
2650 2331 2952 2400 vituperas,
2983 2330 3129 2402 quod
3177 2345 3286 2386 non
3318 2331 3518 2422 vetuit‘

245 2425 614 2496 τρεφομένων,
641 2424 755 2476 ἀλλ’
791 2422 1192 2493 ἐργαζομένων.
1218 2419 1355 2473 Νυνὶ
1379 2418 1434 2470 δὲ
1457 2417 1509 2470 τί
1541 2411 1818 2487 μέμφεσθε
1921 2409 2108 2467 Deus?

246 2515 314 2585 τῷ
359 2515 470 2567 ὑπὸ
516 2513 615 2566 τοῦ
662 2511 797 2566 Θεοῦ
859 2512 1062 2564 δοθέντι
1113 2513 1192 2572 εἰς
1240 2509 1546 2580 σωτηρίαν;
1606 2508 1670 2559 Εἰ
1721 2503 1828 2574 γάρ
1856 2503 1883 2554 6
1920 2503 2052 2568 Θεὸς
2081 2507 2141 2559 οὐ
2174 2507 2235 2561 τὸ
2267 2511 2560 2582 τρέφεσθαι
2606 2513 2980 2587 ἀπηγόρευσεν
3023 2517 3080 2570 ἐν
3122 2515 3403 2586 Σαϐϐάτῳ,
3435 2516 3488 2570 τί

249 2611 308 2664 σὺ
340 2609 504 2663 τοῦτο
521 2609 821 2673 ὀνειδίζεις,
858 2609 994 2678 ὅπερ
1023 2607 1052 2659 6
1079 2605 1210 2670 Θεὸς
1241 2607 1340 2658 οὐκ
1373 2604 1781 2674 ἀπηγόρευσεν;

309 2702 362 2756 Ξ.
401 2697 768 2770 Διεπορεύετο
787 2698 962 2751 τοίνυν
994 2699 1023 2750 6
1053 2697 1242 2767 Σωτὴρ
1261 2695 1348 2748 διὰ
1378 2694 1484 2748 τῶν
1517 2692 1816 2763 σπορίμων·

249 2796 276 2847 6
305 2792 504 2855 κόκκος
533 2789 632 2843 τοῦ
669 2789 838 2852 σίτου,
884 2788 971 2841 διὰ
1018 2787 1126 2841 τῶν
1175 2787 1457 2859 σπορίμων
1487 2826 1502 2850 ,
1548 2785 1576 2836 6
1631 2782 1822 2852 νοητὸς

249 2885 438 2947 κόκκος
467 2882 564 2936 τοῦ
600 2881 770 2944 σίτου,
804 2883 831 2934 6
874 2879 1053 2933 πεσὼν
1088 2881 1167 2943 εἰς
1209 2879 1306 2931 ἕνα
1340 2878 1524 2943 τόπον,
1555 2877 1649 2928 καί
1693 2875 1822 2926 ἀνα-

253 2977 374 3040 στὰς
417 2974 692 3046 πολύχους
725 2976 804 3037 εἰς
835 2973 932 3044 τὴν
965 2971 1289 3040 οἰκουμένην
1312 2988 1325 3000 ·
1369 2968 1532 3031 αὐτὸς
1561 2967 1670 3038 γὰρ
1694 2967 1821 3036 περὶ

250 3067 435 3122 ἑαυτοῦ
473 3067 698 3134 ἔλεγεν,
745 3066 827 3118 ὅτι
880 3082 898 3114 ι
941 3064 1064 3116 Ἐὰν
1110 3061 1184 3133 μὴ
1220 3063 1248 3114 6
1279 3062 1474 3124 κόκκος
1517 3061 1610 3113 τοῦ
1647 3060 1816 3124 σίτου,

1993 2686 2046 2741 2.
2089 2686 2382 2744 Transibat
2424 2691 2609 2762 itaque
2641 2692 2891 2750 Salvator
2924 2697 3019 2766 per
3068 2705 3182 2754 sata
3213 2716 3227 2752 :
3258 2714 3487 2770 granum

1921 2773 2205 2839 frumenti,
2238 2797 2335 2850 per
2367 2792 2578 2852 segetes
2607 2804 2619 2839 :
2650 2787 2936 2856 Spirituale
2961 2789 3096 2843 illud
3124 2805 3354 2860 granum
3379 2791 3516 2847 [τη-π

1922 2869 2111 2934 menti,
2153 2873 2298 2940 quod
2339 2875 2535 2929 cecidit
2580 2877 2636 2931 in
2679 2893 2847 2933 unum
2885 2881 3086 2944 locum,
3113 2881 3497 2954 fecundusque

1923 2963 2224 3017 resurrexit
2273 2965 2328 3020 in
2364 2968 2552 3022 orbem
2599 2977 2869 3025 terrarum
2899 2971 3002 3027 :de
3039 2988 3100 3029 se
3129 2975 3330 3045 quippe
3373 2977 3490 3045 ipse

1924 3047 2056 3104 dicit
2088 3069 2101 3104 :
2135 3070 2154 3102 ί
2185 3051 2300 3109 Nisi
2337 3071 2568 3124 granum
2621 3059 2878 3115 frumenti
2924 3061 3126 3120 cadens
3185 3066 3242 3120 in
3285 3074 3489 3122 terram

251 3157 421 3212 πεσὼν
472 3160 554 3222 είς
588 3157 688 3227 τὴν
731 3155 856 3226 γῆν,
900 3153 1168 3224 ἀποθάνῃ,
1212 3152 1376 3215 αὐτὸς
1428 3153 1586 3222 μόνος
1623 3151 1815 3221 μένει·

1925 3150 2201 3199 mortuum
2246 3147 2430 3216 fuerit,
2483 3150 2659 3220 ipsum
2703 3153 2878 3207 solum
2923 3165 3133 3223 manet;
3182 3158 3267 3213 sin
3307 3168 3488 3218 autem

248 3251 335 3304 ἐὰν
378 3249 436 3302 δὲ
468 3248 742 3319 ἀποθάνῃ,
775 3247 940 3300 πολὺν
981 3246 1191 3316 καρπὸν
1243 3244 1422 3314 φέρει.
1472 3263 1490 3296 ι
1563 3241 1820 3311 Είπωμεν

247 3341 372 3393 αὐτὸ
401 3339 502 3393 καὶ
537 3338 748 3400 ἄλλως
785 3333 1140 3406 Διεπορεύετο
1173 3333 1350 3386 τοίνυν
1395 3333 1423 3385 6
1486 3329 1693 3402 Ἰησοῦς
1735 3329 1821 3382 διὰ

245 3431 346 3484 τῶν
377 3428 700 3501 σπορίμωνο
748 3427 908 3488 αὐτὸς
955 3423 1062 3497 γὰρ
1113 3424 1282 3476 ἐνίοτε
1342 3423 1440 3494 μὲν
1494 3423 1690 3484 κόκκος
1725 3419 1819 3473 τοῦ

247 3526 386 3576 σίτου
419 3521 673 3576 καλεῖται
704 3519 793 3572 διὰ
817 3518 877 3571 τὸ
923 3515 1231 3589 θρεπτικόνι
1267 3514 1452 3568 ἄλλοτε
1495 3514 1552 3567 δὲ
1589 3513 1820 3584 σπορεύς

243 3617 377 3677 ἐστι,
409 3611 559 3666 κατά
579 3612 640 3665 τὸ
661 3611 950 3682 εἰρημένον
979 3611 1037 3662 ἐν
1065 3611 1175 3671 τοῖς
1203 3607 1556 3675 Εὑαγγελίοις
1584 3623 1598 3637 ο
1634 3624 1653 3657 ι
1691 3607 1819 3658 Ἰδοὺ

243 3704 465 3774 ἐξῆλθεν
492 3704 522 3755 6
556 3701 800 3773 σπείρων
827 3699 920 3754 τοῦ
953 3702 1189 3769 σπεῖραι.
1225 3716 1242 3748 ι
1279 3697 1502 3768 Σπείρει
1551 3698 1648 3766 μὲν
1677 3692 1768 3750 οὖν
1793 3697 1822 3748 6

253 3795 463 3868 Ἰησοῦς
507 3794 749 3863 δαψιλῶς
775 3809 788 3822 ⁸
840 3795 874 3863 ἡ
905 3791 960 3844 δὲ
991 3788 1333 3862 καρποφορία
1353 3787 1562 3858 γίνεται
1591 3787 1726 3858 πρὸς
1761 3785 1822 3838 τὸ

241 3889 606 3957 ὑποκείμενον
632 3902 646 3916 ·
678 3886 812 3938 ὅπου
845 3884 941 3953 μὲν
986 3882 1094 3952 γὰρ
1132 3879 1412 3952 πετρώδης
1443 3881 1476 3950 ὴ
1509 3879 1600 3950 γῆ,
1649 3878 1822 3947 εὐμα-

243 3981 350 4052 ρῶς
397 3979 516 4049 (27)
572 3976 885 4049 ξηραίνεται
918 3975 978 4028 τὸ
1013 3973 1234 4045 σπέρμα
1263 3973 1363 4024 οὐκ
1408 3970 1678 4041 ἀδυναμίᾳ
1727 3968 1818 4023 τοῦ

242 4073 468 4143 σπόρου,
501 4069 639 4123 ἀλλὰ
672 4072 738 4139 τῇ
781 4065 1007 4138 καχεξίᾳ.
1040 4067 1141 4136 τῆς
1174 4066 1276 4135 γῆς
1301 4081 1314 4094 ·
1345 4065 1374 4116 6
1411 4064 1508 4135 μὲν
1533 4063 1644 4134 γὰρ
1689 4064 1821 4116 σπό-

243 4182 328 4234 ρος
359 4163 632 4231 ὲνεργήςο
667 4159 857 4228 ἄγονος
901 4158 957 4210 δὲ
986 4160 1020 4228 ἡ
1067 4158 1136 4228 γῆ
1172 4156 1334 4226 βάθος
1364 4157 1438 4227 μὴ
1486 4156 1816 4226 κεκτημένη.

239 4255 349 4308 Οὔκ
398 4249 742 4321 ἀντεχούσης
779 4249 836 4302 δὲ
897 4249 995 4319 τῆς
1037 4249 1141 4319 γῆς
1191 4249 1328 4318 πρὸς
1365 4246 1628 4317 ὑγρασίαν
1665 4247 1774 4318 (28)
1801 4283 1818 4311 ,

240 4347 420 4399 πλεῖον
454 4347 515 4400 αἰ
563 4343 788 4414 ἠλιακαὶ
833 4343 1048 4406 ἀκτῖνες
1106 4341 1536 4413 προσϐάλλουσαι
1557 4380 1573 4405 ,
1619 4341 1820 4414 ἀναξη-

242 4437 489 4508 ραίνουσι
511 4435 606 4486 τὸν
645 4433 863 4504 σπόρον.
899 4431 1008 4484 Καὶ
1046 4432 1251 4500 γίνεται
1284 4431 1345 4483 τὸ
1378 4431 1548 4484 αἴτιον
1580 4433 1640 4486 οὐ
1672 4433 1821 4502 παρά

1923 3247 2196 3293 mortuum
2239 3241 2421 3307 fuerit,
2461 3245 2690 3299 multum
2738 3245 2976 3302 fructum
3025 3249 3180 3306 affert
3202 3251 3266 3308 ¹⁸.
3295 3272 3314 3304 ι
3352 3253 3488 3310 Rem

1923 3327 2030 3381 alio
2074 3337 2370 3388 tractemus
2418 3335 2599 3390 modo.
2645 3336 2958 3395 Transibat'
2990 3339 3158 3411 igitur
3200 3341 3361 3398 Jesus
3393 3359 3490 3414 per

1923 3423 2039 3468 sata
2071 3433 2086 3469 :
2119 3417 2236 3486 ipse
2281 3421 2481 3492 quippe
2524 3424 2816 3493 aliquando
2844 3443 3072 3498 granum
3108 3429 3389 3496 frumenti,
3419 3434 3490 3487 ob

1920 3507 2028 3560 vim
2062 3511 2416 3567 nutritivam:
2445 3515 2715 3570 interdum
2761 3521 3060 3574 seminator
3099 3529 3203 3588 est,
3234 3531 3395 3592 prout
3435 3523 3494 3579 in

1923 3597 2229 3668 Evangeliis
2269 3603 2510 3660 dicitur:
2544 3625 2562 3657 ι
2591 3606 2728 3662 Ecce
2777 3625 3032 3678 egressus
3077 3620 3163 3667 est
3205 3615 3297 3682 qui
3327 3618 3491 3670 semi-

1922 3699 2017 3744 nat
2049 3691 2118 3745 ad
2153 3695 2534 3751 seminandum
2562 3698 2624 3754 ιθ.
2659 3719 2678 3752 ›
2707 3699 2924 3771 Spargit
2953 3704 3174 3772 quidem
3201 3704 3361 3760 Jesus
3383 3707 3491 3760 lar-

1923 3783 2062 3852 giter
2086 3795 2404 3852 sementem,
2439 3789 2650 3845 fructus
2681 3800 2861 3847 autem
2887 3795 3043 3863 copia
3075 3795 3132 3849 lit
3156 3811 3254 3866 pro
3277 3799 3491 3854 ratione

1923 3873 2218 3928 soliznam
2271 3878 2361 3931 ubi
2419 3889 2636 3949 petrosa
2681 3889 2848 3947 terra,
2897 3883 3057 3941 facile
3090 3889 3360 3943 exarescit
3403 3905 3494 3944 se-

1921 3981 2074 4033 men;
2121 3984 2231 4023 non
2274 3971 2490 4040 quidem
2540 3973 2859 4043 impotentia
2913 3979 3160 4044 seminis,
3207 3983 3302 4037 sed
3355 3984 3494 4038 vitio

1923 4064 2079 4114 terra:
2109 4079 2121 4115 :
2147 4076 2270 4115 cum
2307 4078 2492 4117 semen
2521 4065 2762 4119 vividum
2807 4067 2898 4132 sit,
2933 4076 3078 4124 terra
3105 4079 3285 4126 autem
3322 4074 3489 4128 steri-

1922 4151 2012 4214 lis,
2041 4153 2165 4222 quia
2187 4153 2610 4222 profunditatem
2637 4173 2743 4212 non
2765 4159 2947 4215 habet.
2979 4163 3115 4216 Cum
3138 4171 3316 4218 autem
3341 4173 3488 4220 terra

1922 4258 2031 4297 non
2065 4244 2262 4298 retinet
2293 4246 2600 4312 humorem,
2639 4250 2846 4306 solares
2881 4253 3020 4306 radii
3057 4255 3274 4324 gravius
3310 4255 3487 4326 illapsi

1921 4335 2201 4390 exsiccant
2244 4345 2563 4394 sementem.
2615 4339 2768 4406 Quod
2813 4345 3029 4414 quidem
3081 4347 3346 4417 contingit
3379 4363 3492 4403 non

1921 4425 2294 4484 imbecillitate
2336 4431 2583 4496 seminis,
2617 4433 2712 4488 sed
2745 4434 2878 4489 vitio
2905 4436 3028 4491 soli.
3067 4435 3307 4493 Rursum
3335 4455 3491 4509 spar-v

239 4529 295 4581 τὸ
326 4530 522 4582 ἄτονον
554 4525 646 4578 τοῦ
683 4523 906 4594 σπόρου,
941 4522 1076 4576 ἀλλὰ
1103 4522 1162 4576 τὸ
1183 4521 1381 4594 σαθρὸν
1409 4523 1508 4592 τῆς
1537 4526 1660 4594 γῆς,
1710 4525 1820 4578 Πά.

1925 4519 2074 4590 gitur
2099 4535 2283 4575 semen
2315 4521 2370 4575 in
2399 4523 2675 4592 spinosam
2709 4533 2911 4581 terram
2938 4547 2951 4583 :
2977 4536 3029 4584 et
3063 4537 3246 4584 semen
3268 4531 3492 4601 quidem

239 4619 318 4674 λιν
343 4623 374 4672 6
404 4618 612 4688 σπόρος
638 4615 918 4688 σπείρεται
949 4617 1028 4677 είς
1053 4612 1337 4684 ἀκανθὼδη
1369 4613 1474 4682 γῆν
1500 4630 1514 4644 ·
1544 4616 1636 4667 καὶ
1663 4616 1692 4668 6
1720 4616 1819 4686 μὲν

241 4709 443 4779 σπόρος
478 4706 711 4775 ἐνεργής
730 4723 744 4735 ·
776 4703 1028 4772 πνίγεται
1051 4703 1109 4755 δὲ
1139 4701 1245 4755 ὑπὸ
1277 4702 1384 4755 τῶν
1409 4702 1679 4768 ἀκανθῶν,
1724 4704 1821 4758 καὶ

238 4804 272 4873 ἠ
305 4801 462 4854 ἔνδον
514 4797 855 4867 ἀποκειμένη
891 4796 1142 4867 ἐνέργεια
1173 4797 1234 4849 οὐ
1268 4799 1631 4867 συγχωρεῖται
1681 4814 1819 4869 καρ-

241 4888 555 4960 ποφορῆσαι
607 4884 698 4958 διὰ
744 4887 841 4958 τὴν
893 4885 1090 4952 ἔξωθεν
1126 4884 1367 4956 ὄχλησιν.
1414 4885 1538 4938 Ἐάν
1578 4886 1634 4939 δὲ
1685 4887 1820 4940 ἀπο-

237 4979 415 5050 λαύσῃ
454 4976 558 5045 τῆς
590 4975 820 5043 ἀγαθῆς,
862 4977 1005 5028 ποιεῖ
1041 4974 1201 5027 πάλιν
1232 4975 1329 5044 οὑχ
1355 4976 1538 5046 ὅμοιον
1572 4975 1662 5029 τὸν
1689 4993 1822 5047 καρ-

241 5075 360 5133 πὸν,
397 5069 517 5123 ἀλλ’
552 5069 610 5120 ὲν
650 5067 965 5139 τριάκοντα,
1009 5067 1102 5120 καὶ
1142 5066 1404 5138 ἑξήκοντα
1429 5106 1446 5129 ,
1488 5068 1581 5120 καί¹
1609 5069 1820 5123 ἑκατόν.

240 5159 539 5230 Μονοειδὴς
574 5159 672 5229 μὲν
706 5159 735 5209 6
765 5158 985 5229 σπόρος,
1016 5158 1270 5227 διάφορος
1298 5157 1355 5210 δὲ
1375 5160 1404 5212 6
1441 5159 1651 5230 καρπός
1670 5175 1683 5189 ⁸
1711 5160 1826 5214 διὰ-

245 5271 396 5324 φοροι
423 5251 482 5304 δὲ
516 5250 573 5301 αἱ
596 5247 812 5317 γνῶμαι
837 5246 943 5299 τῶν
967 5245 1383 5316 διδασκομένων.

309 5346 364 5400 5.
416 5340 642 5410 Ἐξῆλθε
671 5338 846 5391 τοίνυν
882 5340 910 5390 6
941 5337 1178 5407 σπείρων
1206 5335 1301 5388 τοῦ
1336 5340 1554 5408 σπεῖραι
1575 5354 1591 5370 ο
1632 5337 1728 5390 καὶ
1756 5336 1825 5392 τὰ

247 5436 340 5506 μὲν
372 5435 442 5487 δι’
476 5429 674 5486 ἑαυτοῦ
703 5428 912 5500 παρὼν,
945 5427 1014 5480 τά
1043 5427 1100 5480 δὲ
1124 5426 1213 5480 διὰ
1234 5427 1344 5479 τῶν
1371 5427 1629 5498 μαθητῶν
1660 5429 1823 5502 ὲνήρ-

243 5547 401 5600 γησε.
432 5527 546 5582 Καὶ
573 5524 721 5596 ἔχεις
749 5525 806 5577 ὲν
833 5525 952 5587 ταῖς
979 5520 1217 5594 Πράξεσι
1246 5520 1354 5574 τῶν
1396 5523 1708 5577 ἀποστόλων
1737 5541 1827 5593 γε·

1924 4611 2162 4665 vividum
2209 4621 2329 4678 est;
2370 4614 2464 4669 sed
2497 4629 2527 4667 a
2563 4617 2735 4686 spinis
2777 4618 3095 4686 suffocatur,
3129 4638 3227 4676 nec
3259 4625 3490 4692 permit-

1925 4703 2060 4757 titur
2092 4704 2176 4760 vis
2210 4706 2301 4760 illa
2332 4706 2559 4762 interior
2586 4708 2936 4778 fructificare,
2965 4714 3034 4768 ob
3062 4717 3387 4771 exteriorem
3419 4718 3490 4772 il-

1927 4794 2034 4848 lam
2062 4796 2388 4851 molestiam.
2418 4797 2572 4864 Quod
2600 4801 2647 4855 si
2688 4817 2874 4857 semen
2911 4802 3110 4858 bonam
3142 4808 3492 4862 nanciscatur

1927 4895 2149 4951 terram,
2181 4903 2289 4943 non
2313 4905 2496 4959 parem
2519 4892 2695 4947 reddit
2725 4892 2983 4961 fructum,
3007 4897 3102 4950 sed
3127 4897 3492 4966 trigesimum,

1927 4981 2012 5035 vel
2042 4983 2460 5052 sexagesimum,
2492 4984 2576 5038 vel
2609 4987 2988 5042 centesimum.
3040 4986 3298 5056 Ejusdem
3337 5003 3495 5043 nam-

1929 5087 2033 5142 que
2081 5075 2296 5144 generis
2349 5091 2533 5132 semen
2586 5086 2690 5142 est,
2735 5077 2987 5135 diversus
3027 5087 3206 5133 autem
3258 5079 3491 5148 fructus,

1927 5163 2267 5237 diversaeque
2291 5182 2480 5222 eorum
2511 5171 2794 5225 sententiae
2821 5171 2914 5242 qui
2938 5170 3282 5225 erudiuntur.

2000 5343 2054 5396 '5.
2093 5341 2236 5396 Exiit
2270 5340 2437 5412 igitur
2474 5342 2569 5412 qui
2612 5341 2846 5396 seminat
2883 5340 3176 5404 seminare,
3214 5347 3268 5396 et
3299 5340 3494 5409 partim

1926 5447 2166 5503 praesens
2187 5448 2284 5503 per
2307 5447 2448 5497 sese,
2479 5432 2675 5502 partim
2705 5447 2803 5502 per
2823 5431 3120 5502 discipulos
3151 5447 3281 5488 suos
3297 5447 3494 5502 cpera-

1923 5535 2014 5581 tus
2045 5533 2150 5582 est.
2188 5525 2255 5580 Et
2295 5525 2530 5582 habetur
2558 5525 2820 5594 scriptum
2862 5525 2917 5580 in
2956 5525 3190 5582 Actibus
3214 5523 3495 5597 apostolo-

315 5684 359 5716 “
395 5680 560 5737 Joan.
593 5694 688 5736 nx
711 5718 726 5743 ,
764 5677 852 5732 3i.
931 5677 974 5709 ¹⁸
1014 5673 1174 5731 Joan.
1207 5691 1317 5742 xu,
1352 5675 1443 5742 24,
1467 5676 1556 5732 25.
1637 5678 1680 5709 ¹⁶
1717 5678 1906 5736 Matth.
1945 5697 2079 5757 mi,
2114 5682 2166 5736 5.

318 5797 456 5868 (26⁸)
485 5795 694 5868 Nullihi
708 5793 918 5868 dicitur
937 5792 1079 5868 diem
1102 5804 1209 5861 qua
1237 5790 1540 5868 crucifixus
1556 5791 1818 5852 Dominus

251 5861 355 5928 est.
385 5869 558 5923 fuisse
594 5865 913 5926 Sabbatum,
945 5861 1040 5918 sed
1072 5861 1466 5930 praecedentem
1491 5862 1654 5922 diem.

325 5937 435 6010 (27)
471 5936 687 6010 Anglic.
720 5935 894 6006 prima
916 5947 1102 6006 manu,
1125 5931 1390 6027 ευμερῶς.

1996 5796 2108 5870 (28)
2147 5796 2475 5870 Πρόςηιιιιιε
2518 5795 2803 5868 ὑγρασίαν,
2834 5795 3078 5852 additum
3132 5803 3218 5854 est
3255 5793 3500 5854 secunda

1929 5869 2097 5926 manu
2119 5871 2176 5926 in
2201 5869 2365 5942 Angl.
2418 5875 2426 5880 '
