4002 6524
477 471 584 528 14⁸1

1632 466 1692 523 S.
1732 465 2197 527 ATHANASIUS.
2237 500 2308 512 —
2344 467 2571 524 DUBIA.

3599 454 3711 512 με

475 605 621 652 rum.
660 595 783 659 post
815 586 1113 658 lapidatum
1142 542 1502 656 Stephanum,
1531 585 1636 651 sic,
1669 586 1922 657 inquam,
1953 587 2050 641 ha-

2154 588 2493 660 γραμμένον,
2517 587 2598 640 ὃτι
2632 584 2769 657 μετὰ
2790 583 2852 636 τδ
2880 579 3287 653 λιθοϐοληθῆναι
3317 579 3406 633 τδν
3437 574 3710 647 Στέφανον

475 681 568 737 bet
601 679 927 750 Scriptura:
959 698 978 731 ι
1006 678 1087 733 llli
1122 680 1304 748 itaque
1353 677 1646 748 dispersi"
1676 697 1695 728 ι
1733 693 1841 732 non
1865 679 2038 735 imbe-

476 773 702 828 cillitate
730 771 837 842 47
868 769 1115 840 dissipati
1140 788 1154 824 :
1185 784 1528 839 nequaquam
1549 769 1695 825 enim
1719 769 1823 825 fide
1854 770 2039 839 sejun-

475 864 550 918 cti
581 871 742 926 sunt,
793 861 887 917 sed
931 861 1184 931 dispersi.
1225 860 1559 917 Seminantis
1611 861 1810 932 quippe
1838 863 1892 916 vi
1929 862 2042 918 fru-

476 961 720 1006 mentum
751 951 948 1015 ell‘ecti,
981 951 1046 1005 ad
1081 967 1273 1020 panem
1305 952 1605 1016 caelestem,
1631 966 1727 1020 per
1771 951 2041 1006 viviticam

473 1057 691 1096 omnem
745 1041 1050 1096 doctrinam
1099 1050 1477 1107 transeuntes,
1527 1043 1869 1112 operationes
1915 1058 2042 1098 suas

475 1128 674 1198 ubique
721 1128 1166 1185 disseminarunt.
1217 1130 1621 1200 Cogitationum
1675 1132 1856 1201 itaque
1895 1140 2045 1186 sator

472 1222 632 1278 Iesus
657 1223 965 1292 unigenitus
991 1223 1162 1279 Filius
1204 1223 1320 1287 Dei,
1355 1225 1624 1279 transibat
1664 1241 1758 1294 per
1786 1237 1924 1284 sata.
1952 1224 2043 1293 qui

475 1331 581 1368 non
615 1315 882 1368 seminum
914 1322 1124 1370 tantum
1177 1325 1262 1370 est
1307 1324 1476 1378 sator,
1505 1315 1600 1370 sed
1648 1317 1811 1370 etiam
1865 1330 2044 1369 rerum

473 1419 635 1457 sensu
669 1403 1038 1471 praeditarum.
1075 1403 1215 1460 Huic
1244 1405 1387 1459 enim
1418 1405 1486 1459 ab
1513 1404 1668 1458 initio
1683 1403 1844 1459 Pater
1864 1404 2002 1457 dixit
2030 1423 2042 1457 :

478 1513 494 1542 ι
537 1493 810 1548 l’roducat
835 1501 979 1550 terra
1007 1496 1227 1552 herbam
1264 1494 1394 1558 feni,
1437 1495 1712 1550 seminans
1736 1508 1918 1547 semen
1961 1507 2050 1547 se-

474 1586 716 1640 cundum
757 1604 930 1657 genus
978 1595 1032 1641 et
1075 1587 1482 1641 similitudinem
1515 1587 1578 1638 ⁸⁸.
1632 1604 1651 1637 ι
1693 1584 1854 1638 Pater
1883 1584 2046 1644 dixit,

478 1677 650 1734 Filius
673 1679 906 1747 perfecit
931 1699 944 1735 :
979 1679 1073 1734 ille
1099 1679 1286 1748 jussit,
1319 1678 1582 1747 bicjussa
1603 1677 1896 1747 complevit
1925 1695 1938 1729 :
1969 1684 2052 1728 at-

477 1784 585 1836 que
616 1770 692 1822 ita
737 1785 801 1825 ex
831 1769 991 1825 Patre
1018 1787 1112 1840 per
1143 1769 1360 1831 Filium,
1395 1769 1691 1839 perfectum
1746 1767 1848 1820 fuit
1881 1781 2049 1835 opus,

481 1875 698 1930 unaque
732 1862 918 1922 mundi
957 1864 1163 1918 ereatio
1191 1877 1289 1932 per
1309 1861 1524 1916 Patrem
1575 1869 1630 1915 et
1663 1858 1857 1913 Filium
1896 1857 2058 1912 abso-

2138 679 2310 742 οὕτως
2341 678 2486 746 λέγει
2513 679 2547 748 ἡ
2571 675 2758 746 Γραφή
2791 689 2806 706 ο
2833 691 2852 724 ι
2888 673 2950 725 Ol
2984 671 3081 743 μὲν
3110 667 3205 724 οὖν
3231 667 3639 740 διασπαρέντες,
3680 685 3703 720 ι

2138 772 2199 824 οὐ
2219 771 2284 824 δι’
2313 770 2592 832 ἀσθενείας
2613 765 3048 838 σκορπισθέντες·
3073 765 3133 817 οὐ
3157 762 3266 834 γὰρ
3295 760 3622 832 διῃρέθησαν
3639 759 3710 829 τῇ

2141 863 2341 917 πίστει·
2369 861 2504 915 ἀλλὰ
2523 859 2927 930 διασπαρέντες.
2961 858 3042 928 Τῇ
3059 854 3166 927 γὰρ
3185 855 3428 926 ἐνεργείᾳ
3442 853 3534 906 τοῦ
3554 850 3711 906 σπεί-

2144 970 2335 1026 ραντος
2356 950 2788 1021 σιτοποιηθέντες
2807 951 2886 1012 εἰς
2906 949 3067 1019 άρτον
3090 949 3219 1000 ἐπου
3228 946 3426 1018 ράνιον,
3449 943 3592 998 κατὰ
3611 942 3717 996 πᾶ-

2145 1062 2242 1098 σαν
2258 1042 2623 1113 διεληλυθότες
2635 1041 2936 1112 ζωοφορίας
2949 1037 3309 1099 διδασκαλίαν,
3323 1035 3717 1106 κατασπείρανο

2144 1154 2233 1200 τες
2248 1137 2610 1207 ἐνεργήματα.
2629 1135 2686 1188 ’0
2706 1133 2882 1186 τοίνυν
2902 1132 2968 1185 τὰ
2988 1132 3233 1201 νοήματα
3250 1129 3486 1202 σπείρων
3511 1127 3716 1198 Ἰησοῦς

2143 1230 2172 1280 6
2189 1227 2478 1297 μονογενὴς
2499 1226 2620 1288 Υἱὸς
2635 1224 2729 1277 τοῦ
2748 1222 2905 1286 Θεοῦ,
2922 1223 3168 1293 διήρχετο
3184 1221 3270 1273 διὰ
3285 1220 3391 1272 τῶν
3409 1219 3712 1288 σπορίμων,

2145 1319 2206 1372 ού
2237 1317 2396 1388 μόνον
2418 1316 2475 1369 δὲ
2507 1315 2614 1368 τῶν
2642 1315 2857 1386 σπόρων
2889 1311 3286 1382 κατασπορεῦς,
3317 1309 3453 1362 ἀλλὰ
3487 1309 3580 1361 καὶ
3606 1307 3722 1361 τῶν

2147 1405 2436 1478 αἰσθητῶν.
2469 1406 2612 1475 Πρὸς
2631 1404 2739 1474 γὰρ
2759 1403 2945 1456 τοῦτον
2971 1401 3151 1470 ἔλεγεν
3179 1399 3237 1466 ἐξ
3261 1400 3433 1470 ἀρχῆς
3451 1400 3479 1450 6
3503 1397 3719 1467 Πατήρ·

2154 1516 2172 1549 ι
2218 1496 2561 1564 Ἐξαγαγέτω
2591 1497 2624 1566 ἡ
2651 1496 2721 1564 γῆ
2756 1495 2985 1565 βοτάνην
3007 1493 3222 1564 χόρτου,
3253 1494 3470 1560 σπεῖρον
3494 1488 3717 1558 σπέρμα

2151 1589 2291 1642 κατὰ
2323 1589 2477 1656 γένος
2506 1587 2600 1641 καὶ
2630 1585 2750 1639 καθ’
2788 1587 3064 1657 ὁμοίωσιν.
3096 1602 3113 1634 ι
3145 1582 3331 1653 Πατὴρ
3359 1582 3562 1648 ἔλεγεν,
3589 1579 3617 1632 λ
3639 1580 3718 1640 to;

2153 1679 2415 1732 ἐπετέλει·
2446 1681 2475 1731 6
2503 1679 2600 1749 μὲν
2632 1677 2944 1736 ἐπέταττεν,
2975 1677 3004 1728 6
3035 1675 3092 1727 δὲ
3123 1677 3202 1737 είς
3231 1674 3404 1744 πέρας
3441 1673 3612 1742 ἤγαγε
3649 1669 3724 1722 τὰ.

2155 1769 2615 1841 προσταττόμενα·
2657 1768 2749 1821 καὶ
2774 1766 2946 1829 οὕτως
2979 1769 3042 1820 ἐκ
3069 1765 3282 1836 Πατρδς
3311 1763 3377 1816 δι’
3411 1761 3539 1815 Υἱοῦ
3574 1762 3630 1814 ἓν
3649 1756 3720 1832 ἦν

2154 1860 2605 1931 τελεσιούργημα,
2645 1858 2781 1931 ’μιᾶς
2833 1858 3185 1928 κοσμοποιίας
3231 1855 3320 1909 διὰ
3367 1854 3579 1925 Πατρδς
3623 1853 3720 1907 καὶ

481 1950 592 2004 luta
610 1925 722 2006 est.
747 1953 850 2018 Qui
876 1968 1006 2024 ergo
1034 1925 1395 2023 cogitationes
1433 1951 1704 2014 seminat,
1751 1958 1806 2002 et
1835 1947 1927 2018 qui
1966 1961 2050 2001 res

2157 1949 2286 2004 Υίοῦ
2315 1925 2883 2021 τελεσιουργουμένης.
2929 1925 2987 2001 "0
3015 1947 3193 2001 τοίνυν
3238 1946 3306 1999 τὰ
3335 1947 3584 2015 νοήματα
3614 1960 3720 1996 κα-

477 2057 644 2096 sensu
688 2043 943 2112 praeditas
984 2053 1119 2099 nutu
1177 2053 1403 2115 paterno
1431 2041 1647 2106 ell‘ecit,
1690 2042 1776 2095 hic
1819 2040 1932 2110 ipse
1961 2053 2058 2107 per

479 2141 596 2187 sata
641 2134 928 2190 transibat.
981 2134 1225 2204 Ingentia
1259 2141 1406 2188 certe
1438 2133 1491 2186 in
1534 2132 1833 2187 seminibus
1888 2129 2055 2182 mira-

480 2225 626 2279 cula.
659 2222 1060 2294 Videamusque
1084 2226 1137 2279 in
1168 2224 1504 2294 temporibus
1534 2222 1814 2281 sementis,
1844 2235 1964 2290 qua:
1985 2218 2051 2270 ad

479 2313 768 2368 seminium
801 2316 1072 2384 pertinent
1113 2333 1126 2368 :
1164 2324 1218 2370 et
1263 2315 1331 2370 de
1381 2323 1540 2369 terra:
1583 2312 1916 2383 germinibus
1971 2309 2054 2362 hi-

480 2403 647 2458 berno
676 2413 919 2476 tempore
961 2407 1337 2462 disseramus:
1394 2421 1501 2460 non
1555 2420 1664 2475 quo
1709 2404 1932 2473 physice
1985 2402 2052 2456 de

477 2491 747 2563 ejusmodi
785 2512 846 2550 re
881 2496 1243 2566 disputemus,
1278 2495 1374 2551 sed
1424 2511 1531 2566 quo
1582 2495 1914 2548 miraliilium
1971 2491 2052 2546 fa-

477 2594 684 2640 ctorem
723 2586 1029 2642 adoremus.
1082 2586 1338 2642 Homines
1363 2597 1508 2641 certe
1551 2585 1604 2639 id
1650 2595 1872 2656 agentes
1905 2584 2050 2655 quod

479 2691 593 2731 suae
618 2676 891 2732 facultatis
919 2685 1023 2741 est,
1043 2677 1250 2745 junctis
1281 2678 1350 2730 ad
1379 2685 1620 2730 aratrum
1653 2677 1826 2732 bobus
1847 2683 2046 2730 terram

477 2767 716 2828 sulcant,
747 2767 1138 2837 emolliuntque
1167 2769 1288 2836 ejus
1322 2768 1688 2837 superficiem,
1723 2773 1781 2819 ut
1827 2781 1896 2819 ne
1927 2766 2051 2835 plu-

477 2860 578 2913 viae
603 2857 986 2928 pragterllnant,
1011 2859 1105 2914 sed
1139 2859 1464 2928 profundius
1492 2863 1838 2927 penetrantes
1861 2854 2049 2924 cupio-

479 2965 600 3003 sum
648 2948 882 3003 fructum
921 2950 1262 3020 germinent:
1323 2952 1530 3004 semina
1563 2963 1691 3002 vero
1747 2947 1798 2999 in
1831 2946 2046 3000 mollem

481 3052 680 3094 terram
707 3039 970 3109 projecta,
1005 3038 1210 3108 duplici
1232 3037 1518 3092 commodo
1552 3036 1841 3107 gaudeant,
1869 3037 2046 3104 primo

481 3130 872 3199 profunditatis
899 3139 953 3185 et
984 3131 1264 3194 mollitiei;
1293 3127 1555 3192 secundo,
1591 3127 1942 3191 latebrarum,
1977 3138 2046 3177 ne

2153 2042 2482 2113 τασπείρων,
2509 2043 2601 2094 καὶ
2632 2041 2701 2093 τὰ
2727 2039 2958 2110 αἰσθητὰ
2987 2039 3214 2108 νεύματι
3240 2037 3451 2108 Πατρὺς
3479 2036 3720 2106 ἐργασά-

2157 2151 2334 2205 μενος,
2360 2129 2511 2197 οὗτος
2532 2133 2760 2186 διέϐαινε
2785 2131 2872 2184 διὰ
2894 2129 3000 2183 τῶν
3023 2130 3326 2202 σπορίμων.
3355 2127 3530 2199 Πολλὴ
3556 2126 3614 2181 δέ
3633 2127 3724 2192 τίς

2154 2228 2298 2280 ἐστιν
2329 2227 2362 2297 ή
2406 2223 2516 2276 τῶν
2559 2223 2774 2294 σπόρων
2806 2221 3244 2293 θαυματουργία.
3281 2221 3390 2274 Kal.
3430 2219 3624 2290 ἴδωμεν
3661 2220 3722 2272 ὲν
3800 2278 3804 2280 Ἴ

2152 2318 2361 2388 καιροῖς
2393 2315 2606 2386 σπόρων
2631 2313 2697 2367 τὰ
2728 2313 2853 2384 περὶ
2887 2313 3122 2383 σπόρων·
3148 2313 3206 2365 ὲν
3229 2309 3522 2384 χειμερίοις
3551 2309 3723 2380 ὥραις

2151 2407 2220 2460 τὰ
2254 2406 2382 2477 περὶ
2419 2407 2516 2475 τῆς
2549 2404 2781 2474 βλάστης
2811 2403 2908 2472 τῆς
2939 2403 3038 2473 γῆς
3069 2402 3458 2472 διαλεγόμενοι,
3500 2399 3596 2470 οὐχ
3635 2400 3723 2452 ἴνα

2150 2497 2624 2568 φυσιολογὴσωμεν
2644 2495 2712 2548 τὰ
2729 2495 2998 2566 ὁρώμενα,
3021 2493 3133 2546 ἀλλ’
3151 2494 3236 2546 ἵνα
3256 2493 3727 2564 προσκυνήσωμεν

2148 2587 2238 2639 τὸν
2269 2583 2684 2655 θαυματοποιόν.
2719 2581 3026 2654 Ἄνθρωποι
3050 2584 3145 2654 μὲν
3170 2582 3278 2653 γὰρ
3302 2581 3369 2634 τὰ
3402 2581 3484 2650 ἐφ’
3514 2581 3724 2643 ἑαυτοῖς

2149 2677 2520 2748 ἐργαζόμενοι,
2555 2674 2840 2739 ζεύξαντες
2879 2674 3004 2743 βοῦς
3036 2675 3328 2745 ἀροτῆρας,
3361 2671 3722 2742 άνατέμνουσι

2146 2767 2242 2838 τὴν
2262 2767 2364 2837 γῆν
2387 2767 2478 2818 καὶ
2500 2763 2830 2818 άπαλύνουσι
2861 2764 2922 2816 τὸ
2942 2765 3229 2836 πρόσωπον
3255 2764 3444 2833 αὐτῆς,
3480 2765 3543 2816 ἵν’
3576 2763 3725 2816 ὑετοὶ

2150 2859 2246 2929 μὲν
2266 2859 2339 2930 μὴ
2357 2857 2770 2928 παραδράμωσι,
2785 2855 2895 2909 ἀλλ’
2915 2857 3334 2928 ὲμϐαθυνόμενοι
3349 2874 3527 2927 καρπο
3539 2857 3728 2928 ,ορίανη

2145 2949 2492 3004 ἁποδόσωσιν·
2522 2949 2571 3000 οἱ
2603 2947 2660 3001 δὲ
2683 2947 2870 3016 σπόροι
2898 2950 2956 3000 ὲν
2983 2947 3243 3018 ἁπλότητι
3269 2949 3367 3018 τῆς
3402 2949 3505 3018 γῆς
3539 2948 3726 3018 ῥιφέν-

2144 3058 2251 3104 τες,
2276 3040 2452 3111 διττὴν
2482 3039 2642 3111 ἔχωσι
2670 3038 2766 3110 τὴν
2784 3039 3103 3092 ἀπόλαυσιν·
3141 3040 3269 3110 μίαν
3295 3041 3390 3112 μὲν
3409 3041 3501 3093 τοῦ
3525 3039 3726 3110 βάθους

2146 3131 2238 3184 καὶ
2258 3130 2355 3199 τῆς
2378 3128 2727 3192 άπαλώσεως,
2750 3128 3006 3200 δευτέραν
3036 3129 3092 3182 δὲ
3121 3129 3214 3182 τοῦ
3238 3129 3591 3200 κρύπτεσθαι,
3627 3130 3726 3181 καὶ

479 3220 548 3272 ab
584 3220 776 3274 avibus
805 3221 1184 3274 absumautur.
1216 3217 1282 3271 Et
1306 3217 1467 3272 homo
1505 3217 1722 3287 quidem
1757 3215 1903 3286 quod
1933 3227 2045 3269 suae

2154 3222 2225 3293 μὴ
2262 3222 2364 3274 ὑπὸ
2389 3221 2588 3293 ὀρνέων
2615 3219 3018 3274 ἀναλίσκεσθαι.
3070 3220 3206 3273 Ἀλλ’
3243 3223 3271 3274 ὁ
3309 3221 3405 3292 μὲν
3441 3219 3724 3294 ἄνθρωπος

481 3309 756 3365 facultatis
785 3319 868 3366 est
915 3311 1059 3381 agit;
1113 3310 1207 3366 sed
1242 3324 1582 3380 nequaquam
1615 3308 1682 3363 ab
1712 3308 1930 3362 homine
1963 3315 2048 3361 est

480 3400 844 3456 fructiﬁcatio.
879 3399 1125 3457 Hominis
1163 3401 1363 3471 quippe
1394 3408 1480 3456 est
1499 3399 1802 3465 seminare;
1833 3399 1926 3453 Dei
1952 3413 2051 3451 au-

481 3502 589 3548 tem
616 3494 1006 3549 incrementum
1043 3495 1194 3549 dare.
1229 3495 1408 3564 Atque
1467 3493 1560 3549 Dei
1612 3494 1840 3564 imperio
1879 3491 2054 3547 nubes

479 3602 548 3642 ex
575 3587 845 3658 profundo
870 3588 1100 3641 marium
1132 3602 1304 3657 aquas
1342 3587 1628 3648 hauriunt,
1677 3586 2055 3658 salseilineque

482 3680 537 3734 in
564 3679 904 3735 dulcedinem
935 3695 1093 3734 versa
1117 3719 1133 3744 ,
1186 3679 1473 3734 eﬂ‘undunt
1513 3678 1733 3749 quidem
1782 3679 1836 3734 in
1865 3696 2057 3751 super-

482 3769 659 3824 ficiem
715 3777 917 3824 terrai:
976 3778 1092 3823 tum
1147 3770 1312 3824 unius
1371 3785 1596 3839 prorsus
1656 3771 1870 3840 generis
1909 3771 2057 3826 deci-

482 3861 619 3917 dens
646 3861 849 3930 pluvia,
897 3861 1048 3913 varia
1079 3859 1334 3929 producit
1365 3861 1632 3915 seminum
1671 3877 1868 3930 genera
1895 3881 1908 3915 :
1943 3861 2056 3916 fru-

482 3963 723 4007 mentum
750 3953 893 4006 enim
933 3952 1114 4018 ellicit,
1148 3953 1350 4015 fabam,
1380 3952 1612 4015 milium,
1638 3968 1810 4007 zeam.
1847 3953 2056 4008 Unum-

482 4061 588 4114 que
617 4053 702 4098 est
732 4044 876 4113 quod
901 4043 1098 4097 decidit
1123 4059 1138 4105 ;
1172 4044 1340 4096 multa
1365 4058 1486 4114 qua:
1511 4046 1817 4112 germinant
1849 4063 1862 4097 :
1895 4051 2057 4112 atque

481 4133 574 4186 illa
615 4131 960 4185 uniformitas
991 4131 1294 4199 pluviarum
1341 4132 1393 4184 in
1424 4131 1778 4200 multiplicem
1827 4130 2057 4185 fructifi-

482 4222 752 4278 cationem
792 4221 942 4283 abit;
978 4229 1035 4274 ut
1064 4223 1421 4285 ostendatur,
1464 4235 1576 4274 non
1611 4221 1932 4275 dexteritate
1971 4237 2058 4277 se-

483 4316 762 4378 minantis,
793 4314 888 4370 sed
937 4313 1031 4370 Dei
1074 4315 1391 4384 operatione
1444 4313 1680 4368 fructum
1713 4314 1928 4384 prodire
1980 4314 2058 4368 Ac

482 4409 749 4477 principio
782 4407 999 4478 quidem
1027 4407 1288 4461 sementis
1319 4406 1483 4461 herba
1515 4405 1762 4476 quaedam
1796 4407 1942 4462 velut
1966 4422 2056 4461 as-

481 4500 679 4570 surgit,
705 4508 759 4554 ct
784 4500 1099 4570 plerumque
1123 4498 1388 4568 contingit
1417 4498 1747 4552 frumentum
1785 4513 1892 4552 una
1931 4514 2054 4552 cum

2155 3320 2296 3370 ποιεῖ
2309 3316 2368 3369 τὸ
2381 3313 2594 3369 ἑαυτοῦ·
2609 3313 2669 3366 ού
2691 3312 2809 3384 μὴή
2828 3313 3167 3384 καρποφορία
3185 3312 3288 3366 ὑπὸ
3301 3312 3396 3366 ἀνθ
3403 3311 3722 3384 ρώπουβθ).

2167 3408 2477 3480 Ἀνθρώπου
2513 3408 2611 3478 μὲν
2642 3407 2751 3478 γὰρ
2776 3405 2837 3458 τὸ
2871 3407 3108 3474 σπεῖραι⁸
3136 3403 3269 3457 Θεοῦ
3290 3404 3346 3457 δὲ
3383 3405 3444 3457 τὸ
3468 3405 3721 3474 αὐξῆσαι.

2153 3501 2264 3554 Καὶ
2292 3499 2672 3572 προστάγματι
2699 3497 2832 3551 θεοῦ
2854 3497 3072 3566 νεφέλαι
3110 3500 3173 3550 ὲκ
3211 3496 3509 3551 θαλαττίων
3547 3496 3726 3567 βυθῶν

2153 3591 2221 3645 τὰ
2257 3592 2424 3646 ὕδατα
2448 3592 2852 3654 ἀνασπάσασαι,
2885 3591 2979 3644 καὶ
3007 3589 3067 3653 ἐξ
3091 3589 3461 3663 ἁλμυρότητος
3485 3591 3565 3652 εἰς
3591 3587 3726 3658 γλυ-

2155 3684 2364 3756 κύτητα
2398 3683 2814 3754 μεταϐαλοῦσαι,
2854 3682 3130 3752 ὲπιχέουσι
3180 3680 3279 3751 μὲν
3325 3681 3416 3733 ἐπὶ
3457 3679 3515 3732 τὸ
3556 3679 3728 3750 πρόσ-

2153 3786 2300 3822 ωπον
2335 3771 2433 3840 τῆς
2475 3770 2596 3841 γῆς·
2624 3769 2896 3841 μονοειδὴς
2926 3769 2982 3822 δὲ
3014 3769 3186 3832 ὑετὸς,
3217 3768 3479 3831 καταϐὰς,
3512 3768 3727 3821 πολυει-

2154 3862 2264 3926 δεῖς
2302 3860 2589 3932 ἐργάζεται
2638 3862 2890 3931 σπόρους.
2945 3861 3056 3914 Kal.
3093 3863 3237 3912 σῖτον
3272 3860 3368 3928 μὲν
3410 3859 3728 3929 ἐργάζεται,

2156 3953 2366 4024 κύαμον
2397 3953 2453 4006 δὲ
2483 3953 2577 4006 καὶ
2603 3953 2833 4024 κέγχρον
2859 3953 2952 4005 καὶ
2979 3952 3195 4022 ὅλυραν.
3231 3952 3326 4002 Ἐν
3351 3950 3448 4020 μὲν
3470 3951 3530 4002 τὸ
3557 3968 3730 4004 κατα-

2157 4045 2278 4107 ϐὰν,
2309 4046 2403 4098 καὶ
2433 4044 2602 4098 πολλὰ
2631 4045 2698 4097 τὰ
2729 4042 3102 4114 βλαστὼμενα·
3125 4043 3219 4096 καὶ
3247 4041 3306 4094 τὸ
3327 4041 3594 4112 μονοειδὲς
3615 4044 3727 4097 τῶν

2158 4137 2327 4190 ὑετῶν
2365 4139 2445 4200 είς
2482 4135 2748 4206 πολύχουν
2784 4135 3161 4206 καρποφορίαν
3202 4133 3596 4205 διασπείρεται·
3641 4137 3734 4189 ἵνα

2155 4227 2360 4299 δειχθῇ,
2405 4228 2479 4299 μὴ
2512 4229 2577 4298 τῇ
2603 4227 2696 4279 τοῦ
2722 4226 3039 4297 σπείραντος
3065 4225 3352 4297 εύμαρείᾳ,
3377 4225 3511 4278 ἀλλὰ
3535 4228 3598 4297 τῇ
3630 4225 3726 4278 τοῦ

2157 4319 2292 4372 Θεοῦ
2337 4318 2585 4391 ἐνεργείᾳ
2631 4317 2878 4386 γίνεσθαι
2925 4317 2986 4370 τὸ
3028 4317 3563 4390 καρποφορούμενον.
3614 4317 3727 4372 Καὶ

2159 4411 2370 4479 πρῶτον
2407 4410 2504 4481 μὲν
2537 4412 2566 4463 6
2596 4410 2794 4479 σπόρος
2815 4409 2944 4479 χλόη
2974 4426 3057 4472 τις
3084 4409 3272 4480 ὥσπερ
3303 4409 3600 4473 ἀναϐαίνει,
3632 4410 3728 4463 καὶ

2161 4500 2418 4563 πολλάκις
2467 4499 2598 4569 σίτῳ
2633 4497 2867 4563 ζιζάνιον
2899 4498 3283 4570 συνέσπαρται·
3320 4502 3353 4570 ἡ
3386 4500 3442 4553 δὲ
3475 4501 3728 4570 ὁμοιότης

481 4592 708 4646 zizaniis
732 4592 988 4648 seminari
1017 4609 1032 4644 :
1085 4606 1261 4661 neque
1294 4590 1415 4645 licet
1443 4605 1540 4660 per
1574 4589 1826 4644 foliorum
1856 4589 2050 4644 simili-

2155 4592 2263 4646 τῶν
2293 4591 2506 4662 φύλλων
2534 4591 2594 4642 οὐ
2629 4593 2900 4662 συγχωρεῖ
2927 4591 3180 4661 φανῆναι,
3203 4592 3253 4644 τί
3279 4591 3378 4662 μὲν
3402 4593 3564 4654 σῖτος,
3595 4591 3728 4644 τίδὲ

481 4682 726 4761 tudinem
777 4682 1168 4747 internoscere,
1197 4681 1327 4753 quid
1357 4682 1711 4742 frumentum,
1741 4681 1869 4752 quid
1906 4681 2052 4734 ziza-

480 4770 571 4826 nia
603 4769 692 4825 sit.
739 4769 875 4826 Cum
919 4778 1100 4827 autem
1154 4772 1210 4825 in
1253 4772 1492 4826 culmqu
1558 4786 1741 4826 semen
1794 4770 2052 4840 assurgit,

478 4863 886 4934 exaltaturque,
935 4878 1002 4918 ex
1062 4863 1213 4934 spica
1257 4863 1699 4934 deprehenditur,
1736 4863 2053 4934 fructusque

480 4953 687 5010 indicat
712 4955 842 5026 quid
867 4955 938 5011 sit
966 4955 1318 5022 frumentum,
1341 4955 1470 5026 quid
1508 4956 1734 5012 zizania.

547 5045 602 5100 4.
644 5044 960 5102 Intellexisti
989 5044 1134 5115 quod
1168 5045 1374 5099 dictum
1400 5045 1641 5116 est,jam
1675 5044 1806 5099 mihi
1841 5043 1907 5098 ad
1938 5060 2054 5100 ma-

479 5139 562 5208 gis
585 5137 884 5208 spiritualia
913 5137 1253 5209 progredere.
1287 5135 1580 5192 Sentium-it
1604 5135 1765 5191 Jesus
1793 5151 1888 5206 per
1919 5151 2052 5205 apo-

479 5228 650 5281 stolos
673 5227 894 5282 verbum
920 5228 1071 5298 regni
1094 5228 1359 5282 caelorum
1382 5243 1476 5297 per
1503 5227 1811 5280 universam
1829 5233 2048 5282 terram.

479 5317 647 5373 Auris
677 5334 803 5374 vero
835 5336 956 5389 quae
982 5319 1422 5390 praedicationem
1474 5318 1713 5386 excepit,
1743 5316 1886 5386 apud
1932 5331 2053 5372 sese

481 5412 627 5464 illam
701 5411 899 5467 retinet
967 5431 980 5467 τ
1024 5420 1078 5468 et
1129 5420 1358 5468 eatenus
1401 5418 1548 5467 certe
1601 5409 2051 5480 germinationem

479 5500 734 5556 foliorum
757 5502 890 5564 edit,
914 5503 1058 5572 quod
1101 5505 1155 5559 in
1199 5503 1439 5558 Ecclesia
1486 5515 1546 5556 se
1573 5499 1882 5570 diligentem
1918 5514 2056 5570 pra:-

478 5595 588 5649 het.
650 5594 1124 5666 Convenimusque
1185 5597 1240 5650 in
1287 5593 1533 5650 eumdem
1583 5593 1762 5648 locum
1799 5601 1908 5646 tam
1941 5593 2055 5645 fru-

478 5690 647 5746 ineuti
689 5691 1009 5761 largitores,
1055 5707 1216 5762 quam
1247 5691 1484 5757 zizania;
1514 5696 1626 5745 tam
1676 5689 1851 5746 ﬁdelis
1887 5702 2052 5760 quam

551 5783 593 5816 "
634 5791 756 5838 Aet.
794 5800 922 5849 vm,
956 5785 1013 5840 ι.
1091 5785 1136 5819 ³⁸
1173 5785 1308 5841 Gen.
1347 5803 1400 5850 ι,
1435 5788 1526 5844 10.

2160 4683 2418 4749 ζιζάνιον.
2461 4685 2626 4738 Ὅταν
2659 4683 2716 4736 δὲ
2752 4685 2780 4736 6
2811 4682 3012 4754 σπόρος
3043 4683 3334 4754 εὐθυτενὴς
3361 4684 3604 4754 γένηται,
3630 4681 3726 4737 καὶ

2158 4778 2238 4839 είς
2264 4774 2398 4846 ὕψος
2426 4776 2672 4847 γένηται,
2709 4776 2737 4827 6
2780 4772 2977 4843 στάχυς
3009 4773 3296 4844 διακρίνει,
3331 4777 3424 4828 καὶ
3455 4778 3487 4847 ἡ
3518 4792 3728 4847 καρπο-

2159 4868 2322 4940 φορία
2349 4867 2586 4922 δείκνυσι
2612 4867 2675 4920 τό
2702 4865 3082 4937 ὑποκείμενον,
3109 4867 3160 4918 τί
3191 4866 3288 4937 μὲν
3313 4869 3473 4931 σῖτος,
3494 4866 3618 4920 τίδὲ
3643 4867 3726 4931 ζι-

2159 4960 2356 5024 ζὰνιον.

2227 5049 2282 5104 4.
2333 5050 2591 5122 Ἐνόησας
2616 5049 2679 5104 τὸ
2711 5051 3025 5122 λεγόμενον,
3057 5049 3178 5103 ἐλθέ
3213 5067 3302 5121 μοι
3327 5048 3510 5102 λοιπὸν
3543 5048 3634 5100 ἐπὶ
3665 5048 3728 5102 τὸ

2162 5139 2692 5211 πνευματικώτερον.
2718 5141 3012 5209 Ἐσπειρεν
3037 5139 3067 5191 6
3105 5138 3312 5208 Ἰησοῦς
3339 5135 3427 5188 διὰ
3454 5135 3560 5186 τῶν
3591 5135 3726 5187 ἁπο-

2161 5231 2358 5284 στόλων
2421 5231 2514 5284 τὸν
2570 5231 2726 5300 λόγον
2795 5233 2895 5302 τῆς
2968 5230 3246 5302 βασιλείας
3305 5228 3411 5281 τῶν
3479 5224 3727 5296 οὐρανῶν

2160 5321 2302 5376 κατὰ
2358 5324 2537 5396 πάσης
2584 5325 2682 5394 τῆς
2733 5323 3074 5394 οἰκουμένης.
3139 5321 3299 5391 ’Δκοὴ
3349 5319 3613 5389 δεξαμένη
3665 5317 3726 5370 τὸ

2161 5415 2420 5485 κήρυγμα
2469 5416 2684 5486 κατέχει
2727 5414 2856 5487 παρ’
2909 5415 3094 5484 ἑαυτῇ·
3143 5413 3235 5465 καὶ
3278 5411 3414 5472 τέως
3455 5409 3554 5478 μὲν
3597 5407 3729 5477 βλά-

2160 5521 2291 5575 στην
2319 5505 2578 5574 φυλλάδος
2610 5506 2898 5578 ἐργάζεται
2931 5505 3166 5575 σπουδὴν
3201 5505 3327 5576 περὶ
3355 5502 3452 5573 τὴν
3494 5500 3725 5571 Ἐκκλη-

2161 5596 2300 5660 σίαν,
2323 5596 2416 5649 καὶ
2441 5597 2778 5670 συναγόμεθα
2805 5598 2944 5652 κατὰ
2968 5597 3029 5652 τὸ
3056 5595 3208 5659 αὐτὸ,
3243 5595 3336 5648 καὶ
3365 5597 3414 5646 οἱ
3437 5591 3723 5657 σιτοδόται,

2159 5692 2256 5745 καὶ⁵
2283 5690 2352 5745 τὰ
2384 5690 2618 5758 ζιζάνια,
2656 5695 2686 5746 6
2718 5693 2926 5757 πιστὸς,
2957 5693 3049 5746 καὶ
3076 5691 3105 5744 6
3128 5689 3445 5762 ὑποκριτὴς,
3477 5687 3563 5740 ἴνα
3591 5683 3727 5754 άληο

555 5876 674 5949 (‘29t
714 5877 837 5934 Haec
867 5897 882 5934 :
913 5878 1054 5933 Ἀλλ’
1091 5883 1116 5935 ί
1157 5883 1253 5952 μὲν
1285 5881 1474 5937 άνθ....
1513 5881 1618 5935 ὑπὸ
1653 5881 1958 5951 ανθρώπου,
1990 5880 2050 5938 de

2154 5888 2215 5938 nt
2249 5882 2304 5938 in
2351 5877 2669 5954 Anglicano,
2701 5881 2800 5936 sed
2839 5877 3020 5934 addita
3043 5887 3171 5936 sunt
3203 5892 3368 5933 manu
3399 5874 3746 5932 recentiore.‘
