4048 6406
272 364 349 421 “9

1559 380 1842 438 HOMILIA
1879 384 1968 440 DE
2007 384 2363 453 SEMENTE..

3438 385 3548 485 ’Ψ

270 485 503 588 θξστεκρον
522 488 808 588 εἴπωμεν
837 494 901 548 τὸ
929 497 1439 570 καταγγελλόμενοψ
1467 502 1515 554 οἱ
1543 502 1598 555 δὲ
1627 508 1841 577 γεωργο

1966 506 2282 579 hypocrita,
2319 518 2381 565 ut
2424 510 2617 567 verius
2661 513 2980 584 eloquamur
3020 516 3161 586 quod
3195 480 3541 588 praedicatur.

270 573 348 668 τῆς
377 575 775 648 Έκκλησίας.
805 583 910 655 τὴν
933 584 1175 640 δίκελλαν
1201 587 1308 641 τῶν
1333 588 1506 659 λόγων
1530 595 1642 657 τοῖς
1666 573 1864 668 ἐσπαρ-

273 666 898 759 μένοιςῗὲπιϐαλόντες,
944 677 1294 749 γεωργοῦμεν
1342 683 1420 746 είς
1463 666 1858 759 καρποφορίαν·

271 753 396 808 οὕπω
414 756 475 811 δὲ
500 759 756 831 οἴδαμεν
784 764 851 817 τὸ
880 764 1252 840 ὑποκείμενονο
1284 773 1316 842 ἡ
1341 771 1448 844 γάρ
1472 774 1573 845 τῆς
1600 753 1863 845 φυλλάδος

271 846 506 919 ὁμοιότης
541 849 757 925 ἀπατᾷ
790 855 1052 921 πολλάκις
1079 859 1203 924 τοὺς
1222 864 1586 931 προεστῶτας.
1616 868 1785 922 Ὅταν
1807 869 1861 923 δὲ

272 937 641 1007 ἠδιδασκαλία
675 946 767 1008 είς
791 946 955 1018 ἔργον
979 953 1329 1026 προχωρήσῃ,
1353 954 1446 1006 καὶ
1474 957 1502 1008 6
1524 956 1737 1027 καρπὸς
1754 957 1861 1011 τῶν

275 1028 427 1099 εργων
470 1035 773 1107 παχυνθῇ,
822 1039 946 1093 τότε
975 1042 1219 1110 φαίνεται
1250 1046 1332 1107 τίς
1362 1046 1460 1117 μὲν
1486 1048 1513 1100 6
1543 1050 1751 1113 πιστὸς,
1777 1052 1860 1115 τίς

243 1184 247 1190 θ
272 1118 317 1172 δὲ
338 1119 364 1170 6
389 1121 744 1195 ὑποκριτής.
783 1129 897 1182 Καὶ
927 1130 1043 1195 πῶς
1067 1133 1158 1185 καὶ
1187 1135 1307 1189 τίνα
1338 1137 1536 1208 τρόπον
1564 1140 1860 1211 παραγίνε-

242 1216 343 1263 iret
391 1212 671 1280 πολλάκις
728 1221 816 1284 είς
864 1222 1015 1276 πόλιν
1069 1226 1208 1298 ἀνὴρ
1250 1227 1544 1298 δυνάμενος
1590 1229 1860 1285 διδάσκειν

283 1304 601 1377 Ἑλληνιστὶ,
644 1310 733 1375 ὃς,
775 1312 882 1385 τὴν
931 1315 1098 1388 ἀκοὴν
1143 1317 1484 1391 θελγόμενος,
1534 1323 1749 1377 σπεύδει
1781 1328 1860 1389 είς

277 1397 359 1468 τὴν
389 1400 763 1473 Ἐκκλησίαν,
787 1406 854 1458 οὐ
877 1408 977 1480 τὴν
1000 1410 1237 1482 ἰατρείαν
1261 1413 1357 1484 τῆς
1376 1413 1570 1486 ψυχῆς,
1596 1416 1731 1471 ἀλλά
1752 1417 1859 1471 τῶν

276 1487 433 1558 λόγων
460 1492 523 1546 τὸ
548 1495 760 1560 κάλλος
795 1499 960 1569 μόνον
993 1502 1257 1573 ἁρπάσαι.
1310 1506 1678 1579 Ἀνεχώρησεν
1709 1511 1738 1562 6
1770 1511 1859 1563 εὖε-

275 1582 515 1650 γλώττως
555 1586 770 1642 λαλῶν·
804 1590 1122 1665 ἀνεχώρησε
1154 1595 1247 1649 καὶ
1287 1596 1389 1668 τῆς
1438 1598 1763 1669 Ἐκκλησίας
1797 1600 1859 1654 τὸ

274 1673 516 1739 ζιζάνιον’
562 1679 629 1732 οὐ
670 1679 786 1752 γὰρ
824 1682 943 1753 ἔχει
974 1686 1035 1738 τὸ
1064 1687 1301 1754 σιτῶδες,
1336 1689 1398 1743 τὸ
1438 1691 1649 1745 πιστόν.
1710 1694 1768 1746 '0
1798 1694 1855 1748 δὲ
1897 1733 1901 1737 ι

274 1770 466 1835 πιστὸς,
501 1771 613 1825 κᾶν
642 1774 976 1843 εὐγλώττως
1002 1776 1130 1850 λέγῃ
1156 1780 1225 1833 τὰ
1252 1780 1540 1853 λεγόμενα,
1566 1786 1853 1853 σπουδάζει

1963 600 2076 659 Nos
2121 612 2302 658 autem
2353 602 2610 660 Ecclesia:
2664 607 2911 676 agricolae
2964 608 3249 666 verborum
3308 609 3541 681 ligonem

1964 709 2063 764 per
2101 703 2217 750 sata
2264 695 2645 764 immittimus,
2701 708 2758 752 ut
2791 716 2978 771 agrum
3022 690 3266 758 colamus
3310 702 3378 758 ad
3424 702 3541 757 fru—

1966 796 2112 843 ctum
2149 788 2468 856 ferendum;
2516 791 2747 845 necdum
2777 799 2953 848 tamen
3002 793 3383 864 cognoscimus
3437 793 3538 850 soli

1964 882 2331 936 conditionem
2361 901 2374 937 :
2406 882 2659 938 foliorum
2702 885 2899 954 quippe
2927 884 3245 952 similitudo,
3278 885 3540 956 praesides

1965 989 2108 1043 saepe.
2143 973 2300 1029 fallit.
2333 974 2535 1029 Verum
2566 975 2655 1030 ubi
2700 976 2946 1031 doctrina
2998 977 3051 1031 in
3084 992 3231 1048 opus.
3252 978 3499 1048 procedit
3523 1018 3538 1041 ,

1964 1064 2324 1134 laborumque
2355 1064 2566 1120 fructus
2600 1065 2899 1130 solidatur,
2919 1073 3034 1120 tum
3073 1075 3300 1137 apparet
3328 1067 3453 1137 quis
3485 1065 3544 1120 fl-

1963 1157 2122 1223 delis,
2151 1158 2275 1229 quis
2305 1158 2587 1229 hypocrita
2614 1157 2701 1213 sit.
2734 1157 2850 1225 Qua
2881 1159 3091 1214 ratione
3117 1159 3173 1214 in
3197 1159 3388 1215 urbem
3423 1159 3542 1231 ple-

1962 1264 2195 1318 rumque
2231 1252 2378 1303 venit
2409 1251 2493 1304 vir
2528 1248 2711 1305 Graece
2738 1251 2962 1306 docendi
3007 1251 3234 1322 peritus,
3267 1266 3539 1321 auresque

1962 1338 2300 1401 demulcens,
2324 1338 2419 1408 qui
2451 1338 2505 1392 in
2536 1337 2836 1393 Ecclesiam
2869 1349 3142 1410 properat,
3174 1356 3281 1394 non
3309 1346 3371 1394 ut
3421 1355 3537 1394 nte-

1961 1427 2197 1483 dicinam
2228 1429 2442 1491 animae,
2466 1429 2558 1484 sed
2583 1436 2641 1482 ut
2670 1428 2957 1483 verborum
2999 1429 3317 1501 elegantiam
3363 1428 3537 1500 perci-

1962 1518 2094 1588 piat.
2129 1515 2351 1572 Rccedit
2375 1516 2463 1571 ille
2494 1516 2764 1571 facundus
2787 1527 2970 1571 orator
2996 1536 3008 1571 :
3042 1518 3246 1572 recedit
3272 1520 3433 1573 etiam
3464 1518 3533 1572 ab

1961 1609 2205 1665 Ecclesia
2239 1609 2543 1676 zizaniam;
2590 1607 2920 1663 frumentum
2963 1608 3163 1679 quippe
3208 1624 3303 1664 seu
3333 1608 3490 1687 ﬁdem
3513 1652 3528 1674 ,

1960 1718 2068 1756 non
2094 1701 2274 1757 habet.
2302 1699 2502 1757 Fidelis
2530 1707 2708 1754 autem
2749 1699 2875 1754 licet
2905 1698 3134 1754 facunde
3162 1699 3307 1770 loqui
3337 1698 3529 1765 soleat,

1960 1792 2204 1847 studiose
2248 1793 2545 1854 auscultat,
2578 1792 2693 1847 sive
2722 1789 2971 1862 Syriace,
3032 1792 3146 1847 sive
3199 1790 3413 1856 Latine,
3439 1797 3534 1845 aut

272 1863 612 1955 κατακούειν,
661 1867 772 1921 κᾶν
810 1870 1057 1941 Συριστὶ,
1103 1870 1205 1926 κᾶν
1249 1872 1568 1946 Ῥωμαϊστὶ,
1607 1877 1710 1932 κᾶν
1733 1878 1841 1933 δια-

1955 1885 2063 1939 alio
2095 1885 2288 1954 quovis
2321 1900 2573 1940 sermone
2602 1885 2728 1955 quis
2760 1894 2961 1941 utatur.
3008 1881 3126 1939 Non
3163 1884 3356 1954 quaerit
3385 1883 3533 1939 enim

272 1954 410 2026 φόρῳ
444 1955 692 2030 γλώττῃ.
728 1961 808 2014 Οὐ
836 1961 950 2033 γὰρ
977 1961 1129 2034 ζητεῖ
1157 1964 1364 2035 λόγους,
1395 1966 1511 2021 ἀλλ’
1540 1967 1696 2041 ἔργα.
1730 1990 1749 2022 ι
1788 1969 1849 2026 Ὀ

269 2048 367 2120 γὰρ
393 2050 557 2119 λόγος
587 2053 752 2124 ἡμῶν
773 2056 875 2108 καὶ
897 2056 959 2109 τὸ
976 2058 1234 2128 κήρυγμα
1257 2059 1412 2130 ήμῶν
1433 2061 1533 2114 οὐκ
1556 2063 1615 2115 ὲν
1644 2063 1851 2128 πειθοῖς

268 2140 609 2214 ἀνθρωπίνης
637 2146 840 2215 σοφίας
871 2146 1070 2215 λόγοις,
1103 2149 1217 2203 ἀλλ’
1238 2150 1296 2203 ὲν
1319 2150 1589 2216 ἀποδείξει
1607 2154 1851 2226 Πνεῦμα-

266 2251 348 2297 τος
371 2236 463 2289 καὶ
486 2235 803 2308 δυνάμεως.
847 2258 868 2290 ι
898 2239 964 2292 Τί
984 2240 1045 2293 τὸ
1071 2240 1280 2310 δφελος,
1309 2241 1405 2295 ἐὰν
1440 2243 1742 2314 Ἑλληνιστὶ
1761 2244 1848 2298 λα-

265 2322 454 2396 λῶμεν,
502 2327 943 2400 μρόαρίζωμεν
986 2331 1042 2384 δὲ
1082 2334 1147 2403 τῇ
1188 2333 1411 2407 γνώμῃ;
1446 2336 1511 2389 Τί
1538 2338 1600 2391 τὸ
1631 2338 1843 2407 ὄφελος,

264 2416 351 2469 ἐὰν
380 2416 709 2482 εὐσύνθετος
743 2419 848 2490 μὲν
878 2422 908 2473 6
938 2420 1115 2490 λόγος,
1148 2424 1541 2489 κακοσύνθετος
1571 2426 1626 2480 δὲ
1657 2430 1685 2480 6
1720 2430 1845 2499 τρό⁴

261 2525 387 2573 ποςς
416 2509 564 2562 Πολὺ
610 2510 839 2564 κάλλιόν
870 2512 989 2565 ἐστι
1028 2513 1167 2583 μήτε
1204 2513 1302 2586 τὴν
1352 2515 1618 2588 Ἐλλήνων
1646 2519 1843 2573 εἰδέναι

260 2603 453 2673 φωνὴν,
476 2604 579 2657 καὶ
605 2604 703 2657 τὸν
731 2603 904 2673 νόμον
928 2604 1020 2658 τοῦ
1043 2604 1176 2658 Θεοῦ
1210 2607 1267 2659 ὲν
1298 2607 1495 2680 καρδίᾳ
1521 2610 1840 2681 κεκτῆσθαι.

256 2693 314 2747 El
343 2696 438 2765 μὲν
464 2693 583 2765 γὰρ
615 2692 882 2763 σοφιστοῦ
921 2693 1290 2750 διδασκαλεῖον
1330 2693 1399 2769 ἦν
1437 2701 1470 2771 ή
1527 2700 1839 2774 Ἐκκλησία,

254 2786 584 2855 εὐγλωττίας
611 2781 684 2857 ἦν
714 2788 744 2839 6
762 2785 980 2857 καιρός·
1013 2786 1197 2859 ἐπειδὴ
1224 2787 1283 2841 δὲ
1309 2789 1524 2860 τρόπων
1554 2792 1721 2861 ἀγὼν,
1747 2795 1841 2847 καὶ

252 2879 598 2949 καρποφορία
631 2878 694 2931 τὺ
732 2877 1119 2949 προκείμενον,
1149 2878 1244 2931 καὶ
1268 2880 1559 2951 προσδοκία
1597 2884 1838 2957 οὐρανῶν

249 2973 306 3026 τὺ
334 2971 818 3045 προσδοκώμενον,
850 2971 927 3044 μὴ
955 2972 1166 3041 γλῶττα
1194 2973 1478 3043 ζητείσθω,
1520 2974 1634 3028 ἀλλ’
1665 2978 1694 3030 6
1715 2976 1839 3047 τρό-

253 3080 345 3127 πος
372 3062 787 3135 κατορθούσθω.
820 3063 994 3116 Πάλιν
1029 3063 1175 3117 ἄλλοι
1208 3062 1452 3117 νοσοῦσιν
1483 3064 1838 3139 ἀνθρωπαρέο

1953 1974 2143 2038 verba,
2180 1974 2273 2029 sed
2310 1983 2463 2045 gesta
2496 1994 2511 2030 :
2547 1993 2566 2026 ι
2611 1974 2803 2031 Sermo
2849 1974 2993 2030 enim
3042 1982 3231 2030 noster
3257 1982 3309 2030 et
3336 1973 3536 2044 praedi-

1953 2066 2098 2121 catio
2130 2075 2338 2131 nostra,
2362 2081 2471 2121 non
2495 2067 2548 2122 in
2571 2067 3023 2137 persuasibilibus
3039 2065 3288 2121 humanae
3313 2058 3547 2136 sapiens

1954 2160 2042 2215 tiae
2065 2161 2265 2226 verbis,
2308 2160 2403 2216 sed
2422 2162 2475 2215 in
2489 2162 2803 2216 ostensione
2833 2160 3072 2232 Spiritus
3092 2168 3145 2217 et
3159 2161 3377 2217 virtutis
3412 2162 3477 2217 ¹⁹.
3504 2179 3545 2214 »ι

1950 2253 2063 2326 48
2096 2251 2227 2318 Qum
2256 2252 2487 2314 utilitas,
2523 2253 2567 2306 si
2622 2250 2807 2307 Graece
2859 2253 3182 2323 loquamur,
3242 2259 3297 2308 et
3351 2263 3541 2307 mente

1951 2344 2168 2399 barbari
2213 2343 2418 2399 simus?
2471 2343 2611 2410 Quid
2666 2343 2888 2414 prodest
2929 2343 2976 2398 si
3025 2343 3364 2412 compositus
3414 2357 3534 2397 ser-

1950 2452 2061 2499 mo,
2095 2444 2150 2491 et
2185 2450 2367 2491 mores
2397 2436 2508 2491 sint
2552 2434 2937 2505 incompositi?
2968 2434 3135 2489 Multo
3180 2435 3529 2505 praestantius

1946 2540 2032 2585 est
2065 2526 2252 2584 Grazce
2282 2528 2497 2598 quidem
2531 2528 2765 2592 nescire,
2810 2528 3088 2598 legemque
3142 2525 3238 2581 Dei
3273 2527 3329 2580 in
3360 2526 3530 2580 corde

1947 2621 2251 2690 possidere.
2283 2619 2417 2674 Nam
2444 2622 2489 2675 si
2518 2618 2761 2676 Ecclesia
2806 2619 3064 2691 sophistae
3113 2619 3298 2675 schola
3339 2627 3525 2683 esset,

1946 2714 2317 2770 consectanda
2349 2712 2489 2769 foret
2517 2713 2866 2784 eloquentia:
2921 2722 2976 2767 at
3025 2726 3150 2767 cum
3194 2710 3262 2767 de
3307 2726 3527 2765 morum

1945 2819 2149 2876 pugna,
2180 2812 2235 2859 et
2259 2803 2326 2859 de
2360 2803 2573 2860 fructus
2611 2804 2766 2873 copia
2795 2812 3021 2874 agatur,
3067 2809 3526 2873 exspecteturque

1942 2897 2179 2962 cmlum;
2222 2910 2290 2950 ne
2341 2895 2524 2966 lingua
2577 2895 2923 2965 requiratur,
2979 2894 3076 2949 sed
3131 2908 3314 2949 mores
3361 2892 3524 2947 insti-

1944 2998 2188 3046 tuantur.
2219 2989 2459 3047 Rursum
2510 2990 2677 3062 aliqui
2735 2991 2984 3045 lahorant
3037 2988 3222 3044 studio
3270 2987 3524 3062 placendi

1943 3083 2291 3147 hominibus,
2338 3091 2393 3139 et
2446 3083 2514 3139 ad
2566 3091 2783 3153 tempus
2841 3081 3189 3138 simulatione
3244 3088 3518 3136 utuntur:

249 3171 432 3207 σκειαν
460 3152 799 3226 ἀνθρώπων,
843 3153 942 3207 καὶ
972 3154 1160 3225 καιρὸν
1192 3153 1698 3227 καθυποκρίνονται·
1734 3156 1836 3211 κᾶν

1944 3176 2086 3246 quod
2119 3175 2168 3231 si
2201 3174 2433 3231 illustris
2462 3152 2696 3246 persona
2723 3173 2808 3229 vel
2839 3188 2905 3228 ex
2932 3172 3153 3244 plateis,
3186 3172 3272 3228 vel
3307 3188 3371 3227 ex
3418 3171 3522 3226 bo-

251 3240 346 3310 μὲν
378 3242 659 3312 ἐπίσημον
686 3241 984 3312 πρόσωπον
1013 3241 1045 3311 ἢ
1081 3242 1146 3295 ὲκ
1173 3242 1440 3296 πλατειῶν
1472 3245 1504 3315 ἢ
1540 3244 1598 3310 ἐξ
1631 3244 1841 3318 ἀνθρώ-

1944 3240 2149 3321 minum
2175 3264 2377 3339 (turba)
2404 3240 2717 3332 accesserit,
2747 3273 2803 3320 et
2840 3240 3320 3318 Christianismum
3355 3261 3520 3332 proli-

245 3347 358 3385 πων
374 3332 777 3404 παραγίνηται,
801 3332 900 3385 καὶ
911 3332 954 3385 Χ
964 3333 1332 3404 ριστιανισμδν
1353 3337 1837 3408 ἐπαγγελλόμενον,

245 3422 528 3493 τρέχουσιν
556 3425 645 3487 εἰς
669 3422 773 3494 τὴν
814 3423 1166 3494 Ἐκκλησίαν,
1200 3425 1285 3478 ἵνα
1318 3427 1588 3499 ἀνθρώπῳ
1626 3429 1838 3496 δείξωσι

245 3509 304 3564 τὺ
347 3514 673 3583 πρόσωπον.
740 3511 995 3581 Ἐξῆλθεν
1031 3514 1060 3565 6
1105 3514 1393 3585 ἐπίσημος,
1448 3518 1767 3589 συνεξῆλθεν
1810 3522 1839 3572 6

246 3601 547 3675 ὑποκριτὴς
572 3644 589 3668 ,
641 3604 740 3657 καὶ
789 3604 986 3673 ἀπέχει
1030 3602 1122 3655 τὸν
1164 3605 1372 3673 μισθόν.
1424 3609 1502 3661 Δι’
1535 3609 1837 3680 ἀνθρώπων

245 3685 425 3763 ἦλθεν,
458 3693 748 3765 ἀνθρώπῳ
777 3695 968 3765 ἤρεσε,
1001 3695 1150 3767 παρὰ
1179 3696 1314 3750 Θεοῦ
1350 3697 1501 3752 οὐδὲν
1534 3699 1745 3754 ἔλαθεν·
1773 3703 1833 3757 οὐ

244 3783 356 3856 γὰρ
375 3786 570 3856 ἐκείνῳ
595 3784 770 3850 ἔδειξε
795 3784 897 3857 τὴν
921 3785 1176 3842 διάνοιαν.
1209 3789 1444 3843 Τοιαῦτα
1466 3791 1567 3862 τῆς
1605 3791 1833 3866 Ἐκκλη-

246 3874 365 3940 da;
394 3876 463 3930 τὰ
498 3876 743 3942 ζιζάνια.

312 3970 368 4025 5.
421 3971 566 4023 Ἀλλ’
596 3970 715 4041 ἔχει
741 3988 795 4024 τι
828 3969 1128 4041 θαυμάσιον
1158 3973 1188 4026 6
1214 3974 1459 4046 γεωργὸς
1482 3975 1580 4046 τῆς
1615 3976 1838 4049 Ἐκκλη-

252 4059 368 4125 ob;
408 4063 610 4131 Λόγος·
659 4063 759 4116 καὶ
806 4063 919 4134 γὰρ
951 4061 1165 4127 ζιζάνια
1208 4068 1485 4130 σιτοποιεῇ
1533 4067 1629 4121 ἐὰν
1678 4068 1825 4142 θέλῃ.

260 4153 475 4232 Ἐπειδὴ
510 4155 628 4226 γὰρ
666 4154 1131 4226 αὑτοπροαίρετος
1154 4157 1187 4228 ὴ
1213 4155 1323 4211 τῶν
1348 4157 1647 4227 ἀνθρώπων
1671 4161 1828 4233 κίνη-

252 4260 349 4313 σις,
400 4248 495 4300 καὶ
545 4245 908 4312 αὐτεξούσιος
951 4246 985 4316 ἡ
1029 4244 1244 4318 γνώμη,
1290 4248 1384 4301 ἐπὶ
1428 4249 1513 4302 σοὶ
1553 4252 1727 4304 κεῖται
1768 4252 1830 4304 τὸ

251 4339 492 4409 πρᾶγμα·
524 4338 576 4390 εί
607 4336 786 4400 θέλεις
820 4334 1062 4400 ζιζάνια,
1108 4333 1161 4390 εἷ
1200 4338 1409 4408 ἀλόγων
1441 4339 1595 4405 ζώων
1630 4346 1834 4415 τροφήν

251 4428 294 4479 εί
319 4426 512 4491 θέλεις,
548 4426 873 4499 μεταϐάλλῃ
913 4425 1007 4479 καὶ
1042 4426 1166 4497 γίνῃ
1209 4429 1374 4492 σῖτος.
1415 4429 1617 4483 Είκόνα
1647 4430 1829 4503 ζητεῖς

1940 3367 2140 3423 teatur,
2168 3368 2398 3413 currunt
2424 3358 2477 3413 in
2509 3357 2829 3422 Ecclesium,
2856 3366 2916 3412 ut
2948 3356 3159 3411 homini
3195 3355 3272 3409 illi
3303 3356 3516 3409 vultum

1938 3449 2233 3506 ostendant
2271 3464 2453 3504 suum.
2497 3447 2786 3519 Egreditur
2812 3447 3042 3518 insignis
3090 3444 3214 3511 ille,
3251 3459 3360 3500 una
3403 3445 3519 3500 exit

1938 3540 2241 3612 hypocrita,
2271 3549 2487 3611 recepta
2513 3537 2761 3595 mercede
2791 3554 2887 3593 sua
2913 3558 2926 3594 :
2960 3537 3199 3595 hominis
3230 3550 3396 3592 causa
3422 3552 3523 3591 ve-

1935 3634 2037 3696 nit,
2063 3632 2267 3687 homini
2288 3632 2515 3703 placuit,
2542 3647 2572 3686 a
2607 3631 2714 3688 Deo
2746 3631 2884 3685 nihil
2911 3630 3142 3701 accepit,
3167 3644 3513 3700 nequaquam

1935 3724 2080 3780 enim
2122 3732 2358 3779 mentem
2409 3739 2565 3780 suam
2602 3724 2682 3778 illi
2731 3722 2994 3779 exhibuit.
3051 3720 3334 3792 Ejusmodi
3382 3727 3513 3776 sunt

1936 3813 2196 3869 Ecclesia:
2221 3813 2452 3869 zizania.

2003 3990 2056 4045 5.
2093 3988 2199 4045 Sed
2231 3988 2509 4061 quidpiam
2544 3991 2743 4044 mirum
2776 3988 2940 4043 habet
2967 3986 3204 4043 Verbum
3251 3967 3539 4040 Ecclesia.

1933 4079 2173 4152 agricola
2202 4099 2215 4136 :
2262 4095 2387 4134 nam
2435 4079 2663 4146 zizania,
2692 4077 2957 4150 siquidem
2991 4078 3080 4132 ille
3105 4075 3359 4139 voluerit,
3389 4074 3533 4130 fru--

1931 4179 2174 4227 mentum
2230 4171 2431 4228 ferunt.
2470 4171 2608 4227 Cum
2644 4172 2788 4228 enim
2821 4171 3087 4227 electione
3136 4169 3358 4240 propria
3412 4167 3511 4224 flat

1932 4264 2212 4320 hominum
2244 4271 2446 4329 motus,
2479 4270 2533 4319 et
2580 4264 2750 4319 libera
2779 4262 2851 4318 sit
2880 4261 3000 4332 ejus
3028 4260 3326 4328 sententia;
3367 4260 3421 4314 in
3450 4266 3533 4315 te?

1929 4369 2019 4410 res
2048 4354 2151 4409 sita
2182 4362 2269 4410 est
2298 4372 2312 4408 :
2344 4356 2393 4409 si
2421 4354 2502 4410 vis
2531 4370 2653 4411 esse
2700 4353 2930 4418 zizania,
2961 4353 3241 4407 brutorum
3293 4350 3506 4404 anima-

1930 4444 2063 4499 lium
2096 4446 2355 4516 pabulum
2377 4462 2438 4503 es
2465 4460 2485 4500 :
2532 4446 2617 4501 sin
2647 4445 2884 4501 volueris
2911 4444 3134 4509 mutari,
3165 4443 3499 4498 frumentum

250 4516 348 4570 τῶν
372 4518 568 4587 λόγων,
603 4517 856 4588 λάμϐανε
888 4517 996 4570 ἀπὸ
1022 4514 1253 4590 δένδρων
1279 4519 1340 4573 τὸ
1368 4520 1713 4593 ζητούμενον.
1760 4523 1824 4577 Ἦ

1944 4538 2046 4595 ies.
2075 4514 2131 4594 Si
2159 4555 2372 4610 quaeras
2403 4540 2629 4611 hujusce
2654 4541 2732 4595 rei
2762 4538 3089 4609 exemplum,
3114 4553 3181 4592 ex
3210 4533 3501 4592 arboribus

250 4606 569 4677 ἀγριέλαιος,
594 4608 1096 4682 ὲπικεντρισθεῖσα,
1123 4610 1460 4675 καλλιέλαιος
1479 4614 1707 4682 γίνεται,
1732 4616 1826 4670 καὶ

250 4697 478 4767 ἄμπελος
519 4701 718 4773 ἀγρία,
755 4702 1125 4771 ἡμερωτάτης
1164 4702 1409 4773 ἀμπέλου
1449 4704 1635 4776 κλῆμα
1673 4705 1826 4772 δεξα-

254 4792 400 4866 μένη,
421 4794 852 4849 ἐπιλανθάνεται
876 4791 977 4863 μὲν
1001 4793 1108 4846 τῶν
1127 4794 1226 4864 τῆς
1250 4794 1405 4866 ῥίζης
1429 4795 1822 4868 παλαιοτήτων,

251 4884 606 4957 ἀπλαμὸἀνει
636 4886 696 4940 δὲ
727 4886 833 4958 τὴν
863 4884 1158 4957 καινότητα
1201 4885 1311 4939 τῶν
1359 4885 1624 4942 παλαιῶν.
1674 4890 1824 4943 Ἐπι-

249 4971 394 5030 λὰθου
413 4981 504 5032 καὶ
529 4979 597 5032 σὺ
625 4977 743 5031 τῶν
768 4974 1032 5049 πρώτων,
1063 4977 1156 5029 καὶ
1178 4977 1414 5031 ἀνάλαϐε
1441 4977 1509 5031 τὰ
1530 4977 1816 5050 λεγόμενα·

252 5068 331 5119 καὶ
360 5071 448 5124 τοῦ
474 5070 727 5137 ζιζανῶυ
760 5068 963 5140 πάρες,
996 5066 1139 5138 τὸδὲ
1174 5069 1394 5134 σιτῶδες
1433 5070 1687 5124 ἀνάλα6ε’
1734 5071 1820 5125 ἵνα

248 5153 455 5232 δυνηθῇς
482 5163 581 5216 καὶ
614 5160 794 5224 αὐτὸς
831 5159 968 5212 εῐσω
1005 5158 1206 5223 ἅλωνος
1241 5160 1698 5234 ὲκκλησιαστικῆς
1727 5178 1821 5232 γε·

244 5249 405 5305 νέσθαι
433 5256 655 5328 νοητῆς.

299 5348 347 5399 (ἱ.
386 5348 568 5404 Ταῦτα
606 5350 668 5404 δὲ
704 5347 901 5402 πάντα
933 5347 1062 5419 ὑμῖν
1094 5351 1307 5423 εἴρηται
1332 5350 1421 5404 διὰ
1445 5350 1507 5405 τδ
1534 5351 1817 5423 εὐαγγελι-

237 5435 317 5490 κὸν
349 5442 710 5514 ἀνάγνωσμα,
752 5440 823 5495 τὺ
864 5441 997 5512 περὶ
1039 5442 1254 5514 σπόρων
1292 5444 1691 5518 διαλεγόμενον,
1726 5447 1814 5503 διὰ

230 5526 308 5583 τὸν
324 5537 792 5610 κατασπείραντα
821 5533 883 5586 ὲν
905 5533 1026 5596 ταῖς
1043 5533 1260 5606 ψυχαῖς,
1277 5534 1387 5589 τῶν
1405 5536 1593 5609 ψυχῶν
1607 5538 1815 5612 λυτρω-

221 5620 308 5695 τὴν
346 5627 571 5701 Ἰησοῦν,
614 5628 722 5683 τὸν
752 5625 1221 5698 διαπορευόμενον
1251 5628 1338 5683 διὰ
1362 5628 1470 5687 τῶν
1505 5632 1805 5705 σπορίμων.

280 5780 323 5815 "
357 5781 533 5844 lCor.
574 5801 656 5853 ιι,
696 5782 760 5839 ι.

1926 4632 2214 4702 quaesitum
2264 4632 2470 4702 accipe.
2517 4629 2764 4687 Oleastcr
2824 4630 3021 4685 insitus
3075 4627 3308 4684 ellicitur
3354 4627 3497 4681 bona

1923 4725 2089 4787 oliva,
2118 4731 2171 4780 et
2204 4725 2329 4780 vitis
2374 4724 2642 4781 silvestris
2666 4762 2684 4788 ,
2733 4723 2918 4779 saliva:
2962 4722 3089 4778 vitis
3124 4726 3346 4791 accepto
3375 4721 3497 4791 pal-

1922 4817 2077 4879 mite.
2107 4815 2453 4871 obliviscitur
2495 4821 2724 4869 vetustae
2756 4812 2959 4868 radicis
2997 4825 3139 4877 suae,
3191 4809 3507 4878 accipitque

1921 4906 2213 4961 novitatem
2246 4905 2501 4959 recentis.
2554 4902 2889 4959 Obliviscere
2919 4910 2973 4957 et
3015 4910 3072 4956 tu
3118 4900 3391 4971 priorum,
3438 4908 3511 4952 et

1921 4998 2109 5069 accipe
2131 4995 2276 5067 quod
2303 4995 2540 5059 dicitur;
2590 4994 2918 5064 omissisque
2946 4992 3199 5056 zizaniis,
3251 4988 3493 5042 frumen-

1919 5095 2034 5143 tum
2062 5088 2248 5159 accipe
2297 5094 2358 5141 ut
2392 5101 2638 5142 mereare
2668 5087 2810 5141 intra
2839 5098 3019 5141 aream
3061 5079 3500 5137 ecclesiasticam

1919 5179 2362 5251 spiritualemque
2387 5175 2578 5248 recipi.

1990 5357 2045 5412 6.
2077 5355 2202 5413 Haec
2245 5371 2408 5429 porro
2430 5355 2612 5412 omnia
2641 5354 2787 5411 dicta
2837 5351 2992 5409 vobis
3018 5358 3167 5417 sunt,
3197 5354 3496 5409 occasione

1918 5448 2171 5505 lectionis
2202 5448 2547 5519 evangelicae,
2571 5460 2679 5517 qua
2713 5445 2783 5501 de
2830 5444 2966 5501 satis
3009 5445 3221 5517 agitur,
3252 5444 3324 5500 ob
3359 5460 3507 5500 eum

1916 5540 2011 5609 qui
2042 5539 2098 5594 in
2118 5538 2401 5595 animabus
2424 5533 3159 5607 seminavit,Redemptorem
3180 5536 3489 5591 animarum

1870 5712 1875 5715 _
1915 5629 2508 5703 Jesum,transeunt‘em
2531 5644 2631 5700 per
2652 5635 2789 5687 sata.
2813 5626 2906 5685 Ille
2926 5636 3106 5686 autem
3127 5627 3195 5684 de
3214 5626 3499 5684 industria.
