4048 6406
502 400 602 458 151

1686 397 1744 450 S.
1782 387 2249 450 ATHANASIUS.
2285 419 2355 430 —
2398 385 2623 444 DUBlA.

3656 344 3765 437 Is"!

503 525 745 582 Sabbato
776 524 1171 596 pertransibat,
1204 523 1504 596 discipulos
1535 539 1633 596 per
1671 531 1791 580 sata
1820 521 2028 577 ducens
2060 538 2074 574 :

2192 514 2251 568 Ὀ
2276 513 2373 586 μὲν
2404 510 2499 567 οὖν
2523 508 2868 583 διεπορεύετο
2891 504 3143 578 ἐπίτηδες
3163 505 3220 559 ὲν
3243 502 3529 575 Σαϐϐάτῳ,

499 617 595 688 qui
616 614 872 687 discipuli
919 616 973 671 in
1000 616 1378 688 praetereundo
1405 617 1588 688 spicas
1617 616 1890 672 vcllebant
1912 655 1927 681 ,
1965 631 2082 671 ma-

499 708 775 781 nibusque
802 709 1193 774 confricantes,
1218 710 1576 767 comedehant
1600 750 1617 776 ,
1672 724 1867 767 novam
1912 709 2083 780 spicis

498 814 707 869 aream,
731 816 928 858 manus
968 802 1178 859 scilicet
1222 817 1375 869 suas,
1401 801 1717 859 allicientes.
1744 800 1918 858 Judaei
1951 816 2082 859 vero

497 891 801 963 discipulos
857 894 1215 964 increpabant
1269 893 1418 966 quod
1452 895 1712 950 alimenta
1758 905 2079 951 sumerent:

498 983 762 1040 adversus
813 983 1131 1056 Magistrum
1199 986 1669 1058 indignabantur:
1706 1004 1726 1039 ι
1765 985 1903 1042 Vide
1951 986 2082 1056 quid

497 1074 704 1130 faciant
733 1075 989 1147 discipuli
1020 1077 1097 1131 tui
1124 1078 1207 1131 '°?
1243 1096 1262 1130 ι
1303 1076 1436 1135 Sese
1464 1078 1838 1133 abalienantes
1870 1093 1899 1132 a
1924 1078 2083 1149 justi-

493 1169 592 1235 tia,
613 1184 956 1239 nequaquam
974 1169 1257 1225 dicebant:
1280 1169 1425 1225 Socii
1455 1180 1769 1226 nostrorum
1784 1170 2082 1240 discipulo-

492 1275 614 1313 rum
633 1277 648 1326 ;
668 1275 789 1315 sese
803 1260 1007 1331 quippe
1022 1275 1053 1315 a
1070 1260 1387 1332 magisterio
1399 1262 1749 1332 expulerant;
1767 1261 1884 1325 sed,
1903 1278 1923 1314 ι
1944 1260 2080 1317 Vide

490 1351 625 1419 quid
668 1350 872 1407 faciant
903 1352 1158 1425 discipuli
1192 1353 1269 1408 tui
1298 1372 1313 1410 :
1354 1373 1374 1407 ›
1409 1369 1501 1410 res
1530 1355 1859 1426 conspicuas
1893 1363 2081 1411 osten.

489 1442 715 1498 debant.
750 1442 1060 1515 Spectatori
1084 1444 1333 1501 cordium
1363 1460 1453 1501 res
1475 1462 1599 1517 quae
1651 1447 1753 1503 sub
1797 1455 2078 1518 aspectum

493 1531 703 1587 cadunt
763 1534 1248 1590 commonstratis?
1306 1533 1499 1592 Nonne
1547 1536 1923 1607 experimento
1974 1537 2082 1608 ple-

495 1637 731 1696 rumque
758 1625 1053 1691 didicistis,
1075 1644 1200 1683 cum
1246 1628 1395 1699 ipsas
1427 1628 1677 1684 cordium
1719 1629 2079 1700 cogitationes

497 1725 813 1787 perspectas
852 1719 1093 1777 habere?
1133 1720 1333 1777 Annon
1363 1720 1453 1777 ille
1493 1729 1579 1777 est
1605 1722 1698 1791 qui
1729 1722 1847 1776 ait:
1880 1740 1899 1773 ι
1936 1721 2078 1788 Quid

496 1810 752 1882 cogitatis
785 1814 927 1868 mala
963 1815 1017 1869 in
1049 1814 1309 1872 cordibus
1339 1815 1537 1871 vestris
1571 1814 1653 1869 “?
1686 1834 1704 1866 ι
1738 1813 1842 1881 Qui
1872 1816 2079 1886 cogita-

496 1905 677 1961 tiones
703 1907 890 1975 novit,
921 1922 992 1963 an
1038 1909 1314 1980 spicarum
1342 1908 1771 1965 confricationes
1820 1923 1929 1963 non
1985 1922 2084 1964 no-

495 1994 729 2049 verit?‘
752 2001 768 2019 ‘
789 2001 804 2019 '

570 2088 620 2141 7.
670 2089 781 2160 (50)
812 2088 998 2147 Novus
1041 2099 1317 2156 mortuus.
1346 2092 1489 2150 inter
1519 2101 1766 2150 mortuos
1795 2094 1953 2151 liber.
1996 2093 2084 2150 Si-

497 2180 717 2250 quidem
747 2183 928 2237 cmteri
951 2184 1149 2239 mortui
1180 2186 1340 2255 quasi
1375 2184 1610 2242 vinculis
1632 2186 1918 2242 constricti
1938 2226 1954 2248 ,
1986 2202 2084 2257 per

497 2280 788 2343 angustam
813 2274 1227 2331 abducebantur
1265 2278 1444 2347 viam;
1495 2276 1656 2337 Jesus
1687 2294 1817 2335 vero
1860 2286 2083 2349 propter

497 2375 600 2415 nos
630 2374 879 2420 mortuus
910 2372 1015 2429 est,
1040 2373 1095 2420 et
1121 2366 1405 2423 descendit
1438 2368 1506 2423 ad
1528 2369 1744 2424 inferna
1773 2370 1917 2426 inter
1936 2385 2083 2425 mor-

497 2463 621 2511 tuos
646 2473 658 2509 :
692 2464 856 2527 atque
882 2458 1027 2514 inter
1055 2469 1304 2516 mortuos
1333 2477 1458 2517 cum
1482 2462 1741 2530 venisset,
1768 2478 1879 2516 non
1919 2461 2083 2519 modo

496 2545 656 2612 liber,
678 2547 773 2603 sed
801 2559 1145 2606 mortuorum
1183 2553 1445 2608 liberator
1472 2563 1609 2609 erat.
1664 2553 1729 2607 Et
1766 2563 1829 2609 ut
1865 2554 2083 2611 ediscas

497 2638 675 2709 ipsum
731 2650 1069 2699 mortuormn
1129 2642 1299 2700 fuisse
1357 2645 1745 2709 liberatorem.
1793 2649 1921 2703 audi
1968 2649 2084 2705 haec

478 2727 917 2802 Evangeliorum
964 2736 1172 2791 verba:
1213 2756 1232 2788 ι
1272 2735 1337 2790 Ει
1383 2738 1553 2792 multa
1585 2753 1815 2809 corpora
1867 2749 2085 2796 sancto-

498 2838 620 2877 rum
667 2824 762 2894 qui
813 2826 1227 2883 obdormierant
1256 2844 1608 2886 resurrexere
1637 2831 1702 2883 ”.
1738 2849 1757 2883 ι
1793 2829 1852 2887 1η
1887 2847 2080 2887 monu-

498 2924 684 2970 mento
737 2918 949 2987 positus
1004 2927 1119 2984 est,
1171 2928 1227 2976 et
1277 2923 1448 2976 multa
1484 2932 1839 2979 monumenta
1895 2936 2083 2996 aperta

501 3004 669 3062 fuere.
698 3004 827 3061 Erat
858 3008 1042 3079 itaque
1073 3010 1120 3066 is
1156 3009 1298 3066 inter
1326 3019 1573 3067 mortuos
1595 3011 1753 3080 liber,
1783 3029 1944 3085 quem
1968 3016 2083 3071 noti

496 3097 875 3168 reliquerant:
929 3102 1006 3155 ait
1053 3117 1287 3172 namque
1340 3102 1729 3174 Evangelium,
1781 3107 2085 3179 discipulos

2182 606 2310 669 τοὺς
2340 602 2591 676 μαθητὰς
2617 600 2706 656 διά
2726 599 2833 655 τῶν
2857 597 3140 670 σπορίμων
3168 598 3330 652 καὶοὶ
3362 594 3603 668 μαθηταὶ
3620 597 3766 667 διερ-

2181 696 2423 768 χόμενοι,
2465 694 2669 749 ἔτιλλον
2708 691 2966 763 στάχυας,
3008 689 3105 743 καὶ
3126 685 3403 760 ψώχοντες
3426 688 3547 751 ταῖς
3574 686 3764 758 χερσὶν

2179 786 2357 842 αὐτῶν
2400 785 2609 858 ἤσθιον,
2656 781 2975 855 καινοτέραν
3021 778 3202 834 ἅλωνα
3241 780 3356 842 τοῖς
3400 778 3629 848 στάχυσι
3666 776 3767 840 τὰς

2180 880 2368 950 χεῖρας
2411 876 2787 948 ἐργαζόμενοι.
2841 874 2904 927 0i
2930 871 3002 931 ,δὲ
3052 869 3295 925 Ἰουδαῖοι
3335 870 3615 940 ἐπετίμων
3656 871 3767 932 τοῖς

2184 967 2455 1039 μαθηταῖς
2486 965 2857 1039 τρεφομένοις,
2885 965 2979 1019 καὶ
3006 963 3142 1036 πρὸς
3163 961 3255 1016 τὸν
3279 960 3599 1015 διδάσκαλον
3623 961 3763 1030 ἀγα-

2179 1056 2487 1113 νακτοῦσιν·
2520 1075 2538 1107 ι
2578 1057 2705 1132 Ἴδε,
2730 1056 2785 1110 τί
2811 1054 3027 1109 ποιοῦσι
3052 1052 3366 1126 οἱέμαθηταί
3393 1070 3487 1107 σου
3507 1070 3522 1118 ;
3545 1073 3565 1105 ι
3606 1053 3766 1106 Ἑαυ-

2181 1149 2307 1212 τοὺς
2334 1146 2873 1219 ἀπαλλοτριῶσαντες
2909 1146 3009 1218 τῆς
3045 1145 3412 1215 δικαιοσύνης,
3447 1143 3549 1196 οὐκ
3581 1140 3765 1207 εἶπαν,

2181 1240 2245 1292 Οἱ
2274 1240 2520 1293 κοινωνοὶ
2568 1238 2678 1292 τῶν
2727 1236 2985 1310 μαθητῶν
3029 1236 3205 1308 ήμῶν·
3246 1236 3475 1299 ἑαυτοὺς
3513 1235 3624 1307 γὰρ
3665 1234 3767 1304 τῆς

2180 1329 2466 1403 μαθήσεως
2493 1329 2775 1401 ἐξώρισαν·
2796 1329 2931 1394 ἀλλ’,
2975 1346 2994 1379 ι
3022 1328 3147 1392 Ἴδε,
3169 1326 3221 1380 τί
3243 1324 3487 1380 ποιοῦσιν
3512 1328 3561 1379 oi
3588 1325 3766 1398 μαθη-

2178 1419 2267 1474 ταί
2302 1438 2417 1476 σου.
2456 1439 2475 1472 I
2510 1421 2825 1474 Δεικνύουσι
2846 1418 2915 1472 τὰ
2941 1417 3258 1489 φαινόμενα.
3291 1416 3382 1488 Τῷ
3411 1415 3629 1491 γνώστῃ
3657 1415 3768 1470 τῶν

2179 1511 2420 1584 καρδιῶν
2449 1512 2721 1566 δεικνύετε
2754 1511 2824 1565 τά
2855 1509 3141 1582 ὀρώμενα;
3176 1510 3291 1565 Οὐκ
3315 1508 3537 1563 ἐλάϐετε
3563 1508 3768 1563 πολλά-

2180 1618 2268 1667 κις
2295 1601 2395 1673 τὴν
2436 1605 2655 1674 πεῖραν,
2694 1602 2777 1655 ὅτι
2809 1596 2917 1653 οἵδε
2954 1599 3047 1653 καὶ
3075 1597 3184 1652 τῶν
3216 1596 3453 1669 καρδιῶν
3494 1596 3595 1661 τάς
3628 1594 3772 1668 γνὼ-

2181 1711 2328 1761 σεις;
2371 1696 2445 1750 Οὐ
2494 1694 2689 1763 λέγων·
2740 1712 2759 1744 ι
2793 1693 2859 1746 Τί
2901 1689 3270 1761 διαλογίζεσθε
3310 1692 3367 1744 ὲν
3413 1692 3628 1754 ἑαυτοῖς
3670 1706 3769 1743 πο-

2182 1786 2357 1859 νηρά;
2396 1805 2415 1838 ι
2457 1787 2487 1839 ὁ
2519 1786 2905 1849 διαλογισμοὺς
2950 1784 3126 1849 εἰδὼς,
3174 1782 3462 1855 ἀσταχύων
3504 1781 3768 1854 ψωχμοὺς

2114 1873 2288 1932 Βούκ
2315 1875 2455 1943 cide;
2491 1882 2597 1902 “'

2253 2099 2306 2153 7.
2346 2099 2672 2171 Καινότερος
2701 2100 2891 2172 νεκρὸς
2906 2099 3188 2171 ἐλεύθερος
3226 2100 3284 2152 ὲν
3305 2100 3539 2168 νεκροῖς.
3567 2098 3634 2152 Ol
3668 2096 3770 2169 μὲν

2183 2189 2333 2244 ἄλλοι
2366 2191 2570 2261 νεκροὶ,
2599 2189 2816 2260 δεσμοῖς
2843 2189 3034 2261 ῶσπερ
3065 2188 3537 2261 περιϐαλλόμενοι,
3566 2190 3626 2242 ὲν
3648 2189 3769 2260 εἱρ-

2184 2284 2283 2354 κτῇ
2308 2284 2374 2353 τῇ
2399 2280 2504 2351 ὀδῷ
2536 2281 2830 2352 ἀπήγοντω
2882 2279 3091 2351 Ἰησοῦς
3112 2280 3168 2334 δὲ
3196 2280 3387 2350 γέγονε
3417 2279 3484 2332 δι’
3518 2281 3667 2350 ἡμᾶς
3689 2295 3771 2333 νεα

2185 2375 2335 2446 κρὸς,
2381 2375 2474 2428 καὶ
2514 2372 2783 2444 κατῆλθεν
2817 2375 2896 2439 είς
2922 2374 2992 2428 τά
3032 2372 3361 2443 καταχθόνια
3409 2371 3608 2443 μεταξὺ
3657 2369 3768 2424 τῶν

2183 2465 2412 2537 νεκρῶν⁸
2441 2467 2536 2519 καὶ
2563 2467 2623 2520 ὲν
2646 2468 2859 2536 νεκροῖς
2882 2465 2980 2535 μὲν
2999 2463 3167 2518 ἐλθὼν
3195 2463 3257 2518 ού
3290 2463 3450 2534 μόνον
3483 2462 3768 2534 ἐλεύθερος

2182 2553 2272 2630 ἦν,
2306 2558 2441 2613 ἀλλά
2473 2556 2568 2611 καὶ
2608 2555 2818 2629 νεκρῶν
2865 2556 3251 2628 ἐλευθερωτής.
3295 2555 3407 2610 Καὶ
3433 2556 3523 2609 ἵνα
3566 2552 3766 2628 μάθῃς,

2184 2651 2267 2703 ὅτι
2319 2651 2412 2703 καὶ
2460 2648 2668 2721 νεκρῶν
2725 2647 3096 2719 ἐλευθερωτής
3141 2647 3383 2716 γέγονεν,
3439 2646 3605 2700 ἄκουε
3659 2642 3770 2697 τῶν

2184 2741 2531 2811 Εὐαγγελίων
2559 2740 2844 2809 λεγόντων·
2878 2759 2896 2791 ι
2926 2741 3036 2793 Kal
3070 2738 3241 2793 πολλὰ
3275 2736 3501 2810 σώματα
3527 2734 3639 2789 τῶν
3675 2751 3770 2789 κε-

2184 2834 2536 2906 κοιμημένων
2559 2835 2731 2904 ἁγίων
2762 2833 3076 2905 ἀνέστησεν.
3112 2852 3131 2884 I
3183 2833 3271 2886 Ἐν
3303 2832 3546 2903 μνήματι
3581 2828 3766 2900 ἐτέθη,

2184 2930 2278 2983 καὶ
2305 2929 2473 2983 πολλά
2506 2930 2764 2999 μνήματα
2797 2924 3171 2997 ἀνεῴχθησαν.
3198 2920 3306 2978 Ἦν
3335 2922 3511 2976 τοίνυν
3539 2924 3568 2975 ὁ
3597 2922 3653 2972 ὲν
3679 2936 3770 2973 νε-

2184 3024 2336 3095 κροῖς
2367 3020 2671 3093 ἐλεύθερος,
2697 3019 2755 3073 ὃν
2785 3018 3073 3073 κατέλιπον
3094 3018 3188 3072 καὶ
3207 3015 3495 3090 γνώριμοι.
3522 3014 3688 3082 Λέγει
3709 3012 3769 3067 δὲ

2182 3114 2244 3168 τὸ
2269 3112 2619 3182 Εὑαγγέλιον,
2639 3112 2724 3165 ὅτι
2748 3111 2948 3176 πάντες
2972 3112 3020 3163 οἱ
3045 3108 3304 3180 μαθηταὶ,
3328 3106 3557 3176 ἀφέντες
3580 3104 3766 3169 αὑτὸν,

496 3206 708 3255 omnes,
740 3193 932 3249 relicto
955 3209 1044 3256 eo,
1078 3194 1356 3266 aufugisse
1390 3198 1456 3254 “.
1493 3197 1732 3270 Fugiunt
1763 3199 1894 3255 dum
1917 3201 2081 3259 vive-

2183 3206 2402 3276 ἔφυγον.
2458 3208 2581 3261 Ἔτι
2604 3205 2783 3271 ζῶντα
2838 3204 3120 3274 φεύγουσι,
3179 3202 3273 3256 καὶ
3336 3198 3764 3271 σταυρωθέντος,

498 3288 617 3337 ret:
644 3289 699 3338 et
730 3299 797 3338 eo
827 3286 1115 3351 crucifixo,
1141 3303 1241 3358 pro
1270 3289 1388 3359 ipso
1423 3302 1654 3347 mortem
1690 3293 1982 3362 subibant;
2016 3310 2083 3350 eo

495 3370 642 3439 quod
676 3371 811 3427 nihil
841 3374 897 3428 in
931 3391 1096 3432 cruce
1128 3380 1495 3446 remanserit,
1550 3391 1606 3437 et
1646 3394 1769 3455 post
1818 3400 2039 3442 crucem
2063 3426 2080 3452 ,

494 3463 665 3518 vitam
696 3470 1095 3539 resumpserit;
1128 3472 1222 3527 sed
1270 3489 1338 3528 ne
1368 3475 1501 3529 mihi
1529 3478 1781 3534 attendas
1819 3479 1943 3545 soli,
1984 3480 2081 3536 sed

497 3554 709 3622 psalmo
758 3555 986 3628 jamjam
1017 3575 1048 3613 a
1082 3578 1169 3618 me
1200 3563 1360 3619 lecto.
1396 3564 1659 3623 Ausculta
1699 3568 1835 3641 dum;
1879 3571 2079 3643 legam,

496 3654 558 3699 tu
585 3647 710 3704 vide
733 3665 802 3706 ex
842 3657 1308 3724 consequentibus
1363 3663 1865 3718 resurrectionem:
1905 3683 1925 3717 ι
1978 3663 2083 3719 Fa-

495 3746 619 3795 ctus
650 3756 772 3796 sum
803 3743 947 3799 sicut
975 3745 1141 3803 homo
1170 3749 1290 3805 sine
1328 3752 1624 3821 adjutorio,
1658 3755 1800 3812 inter
1831 3764 2081 3813 mortuos

492 3829 651 3886 liber.
675 3830 985 3891 Posuerunt
1016 3852 1104 3893 me
1136 3840 1192 3894 in
1234 3840 1355 3894 lacu
1384 3841 1631 3898 inferiori
1654 3844 1722 3909 ",
1755 3865 1774 3897 ›
1805 3846 1884 3899 uti
1914 3861 2079 3917 supra

494 3920 756 3981 diximus.
787 3925 854 3981 Et
883 3937 1007 3998 post
1031 3930 1182 3986 haec:
1218 3952 1239 3984 ι
1280 3932 1393 4005 Ego
1418 3952 1546 3991 vero
1570 3938 1820 3993 oratione
1862 3954 1984 3992 mea
2012 3939 2080 3994 ad

493 4020 581 4079 te,
629 4014 859 4074 Domine
903 4023 971 4076 ³⁸.
1006 4021 1072 4076 Ει
1120 4023 1235 4097 49
1279 4042 1439 4083 mane
1491 4030 1668 4103 oratio
1711 4045 1832 4085 mea
1877 4047 2081 4101 praeve-

494 4104 611 4159 niat
639 4105 706 4161 ".
744 4126 764 4160 ι
802 4107 1122 4169 Mortuusne
1153 4122 1313 4170 orat:
1355 4117 1404 4172 si
1443 4133 1551 4172 non
1584 4122 1970 4186 resurrexerit,
1996 4122 2082 4177 in-

491 4211 679 4265 quam,
710 4203 873 4257 orat?
901 4202 1183 4276 Siquidem
1216 4216 1504 4278 postquam
1541 4212 1879 4282 sepulturam
1904 4222 1961 4270 et
1989 4230 2080 4271 re-

493 4291 891 4350 surrectionem
938 4307 1282 4362 enarrasset,
1336 4307 1469 4354 tunc
1511 4302 1838 4358 memoravit
1885 4306 2082 4362 oratio-

491 4395 618 4437 nem
644 4399 808 4454 quam
840 4386 909 4442 ad
938 4387 1153 4445 Patrem
1181 4390 1392 4445 habuit.

568 4473 622 4530 8.
662 4474 777 4533 Nos
796 4477 966 4550 igitur
995 4479 1337 4537 Dominicam
1366 4483 1714 4544 celebramus
1746 4499 1968 4561 propter
1986 4505 2074 4547 re-

493 4570 893 4626 surrectionem
935 4571 1145 4630 :Judaai
1199 4575 1364 4631 etiam
1414 4593 1563 4633 nunc
1605 4578 1849 4637 Sabbato
1896 4582 2077 4639 adbaa-
2107 4562 2153 4619 Ῑ)

490 4668 638 4731 rent,
671 4672 962 4735 postquam
996 4664 1168 4725 lsaias
1216 4668 1395 4725 dixit:
1436 4688 1456 4722 ι
1495 4669 1561 4725 Et
1613 4671 1855 4731 Sabbata
1891 4681 2075 4729 vestra

490 4754 610 4811 odit
642 4758 824 4812 anima
853 4774 976 4816 mea
996 4760 1062 4814 "’.
1096 4781 1118 4814 ›
1151 4760 1294 4817 Nihil
1317 4765 1450 4819 mihi
1471 4781 1759 4823 commune
1787 4784 1912 4825 cum
1938 4766 2077 4825 Sab-

492 4849 647 4914 lIato,
682 4850 830 4922 quod
881 4851 1147 4910 Dominus
1179 4855 1316 4910 odit.
1357 4855 1478 4913 Non
1522 4859 1720 4930 loquor
1749 4860 1818 4917 de
1859 4860 2073 4917 dierum

492 4943 744 5010 circulis,
790 4946 885 5002 sed
915 4946 985 5003 de
1024 4945 1338 5006 Iudaeorum
1383 4967 1509 5008 usu.
1543 4951 1673 5011 Dies
1716 4956 1863 5010 enim
1895 4956 2074 5013 nullos

492 5044 781 5091 aversatur
810 5035 952 5093 Deus
979 5057 993 5093 :
1024 5038 1122 5094 sed
1154 5055 1251 5096 eos
1281 5040 1375 5111 qui
1420 5042 1476 5097 in
1527 5043 1664 5114 ipsis
1706 5044 1901 5102 diebus
1933 5046 2075 5104 male

493 5134 684 5195 agunt.
720 5126 785 5181 Et
814 5127 928 5197 jam
957 5129 1179 5200 quidem
1212 5129 1452 5187 Sabbato
1492 5134 1799 5189 inhaerent:
1832 5142 2076 5206 tuncque

495 5216 759 5284 temporis
798 5218 964 5273 etiam
996 5218 1338 5276 Salvatorem
1372 5222 1751 5293 increpabant,
1788 5223 2069 5281 dicentes:

500 5326 519 5359 ι
551 5305 688 5362 Vide
721 5310 855 5379 quid
883 5310 1089 5368 faciant
1116 5313 1376 5383 discipuli
1412 5315 1515 5379 tui,
1545 5316 1690 5385 quod
1717 5329 1829 5370 non
1859 5315 1987 5372 licet
2016 5317 2073 5373 in

498 5395 745 5454 Sabbato
776 5399 1034 5460 facere".
1067 5425 1084 5456 ι
1122 5405 1262 5460 Tum
1293 5404 1546 5462 Salvator
1575 5406 1643 5463 ad
1678 5407 1804 5464 illos
1837 5426 1855 5467 :
1882 5407 2079 5465 Nonne

2186 3296 2779 3368 ὑπεραποθνήσκουσιν·
2815 3295 3003 3366 ἐπειδὴ
3029 3294 3087 3347 δὲ
3124 3291 3289 3364 μηδὲν
3326 3290 3680 3360 ὲναπέμεινεν
3706 3289 3764 3340 ἐν

2182 3386 2261 3457 τῷ
2299 3387 2534 3459 σταυρῷ,
2584 3387 2719 3441 ἀλλά
2758 3386 2897 3458 μετά
2932 3385 3024 3438 τὸν
3056 3382 3288 3453 σταυρὸν
3320 3382 3420 3453 τὴν
3448 3379 3593 3454 ζωὴν
3622 3380 3765 3434 ἀπέ-

2182 3480 2332 3535 λαϐε.
2362 3481 2472 3534 Καὶ
2503 3480 2578 3553 μὴ
2604 3481 2726 3551 ἐμοὶ
2756 3479 2913 3551 μόνον
2947 3477 3203 3549 πρόσεχε,
3241 3474 3379 3528 ἀλλά
3405 3472 3484 3544 τῷ
3516 3474 3641 3544 ἐμοὶ
3673 3475 3769 3544 ἀρ-

2181 3572 2313 3636 τίως
2344 3572 2746 3642 ἀναγνωσθέντι
2782 3569 3002 3642 ψαλμῷ.
3054 3570 3299 3641 Πρόσχες
3344 3566 3407 3620 τὸ
3450 3566 3763 3636 λεγόμενον·

2183 3664 2294 3735 ἐγὼ
2319 3663 2698 3734 ἀναγινώσκω,
2750 3665 2814 3717 σὺ
2859 3662 3022 3734 βλέπε
3055 3664 3120 3715 ὲκ
3158 3662 3259 3732 τῆς
3300 3657 3624 3722 ἀκολουθίας
3667 3656 3767 3729 τὴν

2182 3759 2494 3813 ἀνάστασιν.
2537 3778 2556 3810 ι
2580 3755 2874 3827 Ἐγενήθην
2891 3755 3025 3808 ὡσεὶ
3049 3753 3145 3809 ἀνθ
3153 3771 3335 3826 ρωπος
3361 3751 3683 3823 ἀϐοήθητος,
3709 3751 3769 3803 ὲν

2181 3853 2394 3922 νεκροῖς
2419 3849 2721 3922 ἐλεύθερος.
2749 3845 2973 3901 Ἐθεντό
3004 3863 3069 3917 με
3099 3847 3157 3898 έν
3180 3844 3368 3915 λάκκῳ
3396 3841 3717 3912 κατωτάτῳ,
3740 3858 3759 3892 I

2181 3943 2710 4017 καθὼςείρήκαμεν.
2763 3942 2876 3995 Kal
2930 3939 3072 4011 μετά
3116 3938 3311 3993 ταῦτα’
3348 3956 3369 3989 ι
3409 3935 3553 4005 Ἐγὼ
3596 3935 3654 3988 δὲ
3696 3936 3764 4005 τῇ

2182 4038 2457 4108 προσευχῇ
2487 4052 2587 4106 μου
2617 4036 2752 4104 πρὸς
2778 4034 2858 4098 σὲ,
2896 4033 3092 4105 Κύριε,
3127 4032 3221 4085 καὶ
3250 4028 3327 4101 τῷ
3351 4025 3498 4101 πρωῒ
3526 4030 3560 4099 ἡ
3594 4042 3768 4100 προσ-

2181 4127 2311 4197 ευχή
2359 4143 2461 4196 μου
2501 4124 2856 4197 προφθάσειε.
2898 4143 2915 4176 ι
2975 4125 3032 4178 '0
3073 4122 3265 4194 νεκρὸς
3308 4119 3690 4191 προσεύχεται·
3716 4122 3767 4173 εἰ

2185 4216 2259 4288 μὴ
2297 4216 2521 4287 ἀνέστη,
2555 4214 2951 4287 προσεύχεται;
2984 4212 3140 4267 Μετὰ
3175 4212 3285 4283 γὰρ
3310 4210 3372 4264 τὸ
3403 4208 3768 4281 διηγήσασθαι

2180 4308 2279 4378 τὴν
2307 4306 2482 4379 ταφὴν
2515 4306 2612 4359 καὶ
2648 4304 2747 4377 τὴν
2788 4305 3114 4377 νεκρότητα,
3157 4302 3279 4356 τότε
3316 4301 3619 4373 διηγήσατο
3664 4302 3768 4374 τὴν

2181 4398 2488 4471 προσευχὴν
2512 4396 2612 4469 τὴν
2640 4398 2777 4469 πρὸς
2809 4396 2900 4450 τὸν
2928 4395 3151 4467 Πατέρα
3181 4393 3500 4465 γενομένην.

2251 4492 2304 4547 8.
2347 4492 2538 4562 Ἡμεῖς
2574 4491 2672 4561 μὲν
2698 4485 2791 4545 οὖν
2831 4488 3083 4561 τιμῶμεν
3111 4487 3212 4558 τὴν
3251 4486 3538 4558 Κυριακὴν
3560 4483 3649 4538 διά
3666 4484 3766 4556 τὴν

2182 4585 2511 4640 ἀνάστασιν·
2571 4583 2813 4638 Ἰουδαῖοι
2845 4582 2903 4636 δὲ
2950 4581 3029 4635 ἔτι
3081 4580 3179 4634 καὶ
3224 4579 3319 4632 νῦν
3361 4577 3638 4649 ἐξέχονται
3669 4577 3765 4631 τοῦ

2183 4675 2485 4742 Σαϐϐάτου,
2515 4676 2609 4730 καὶ
2638 4673 2778 4745 μετά
2806 4672 2869 4726 τὸ
2899 4673 3072 4725 εἰπεῖν
3097 4670 3188 4724 τὸν
3222 4669 3478 4723 Ἡσαΐαν
3503 4689 3523 4721 ε
3558 4667 3671 4720 Καὶ
3697 4665 3767 4720 τά

2183 4767 2437 4823 Σάϐϐατα
2467 4766 2621 4838 ὑμῶν
2672 4767 2822 4838 μισεῖ
2854 4765 2888 4835 ἡ
2926 4762 3070 4834 ψυχή
3108 4777 3234 4832 μου.
3275 4779 3295 4812 ι
3325 4758 3492 4814 Οὐδέν
3526 4776 3619 4830 μοι
3646 4775 3763 4813 κοι-

2181 4861 2272 4915 νὸν
2303 4861 2441 4932 πρὸς
2466 4859 2529 4912 τὸ
2556 4857 2850 4920 Σάϐϐατον,
2888 4855 2919 4909 ὃ
2952 4857 2981 4908 ὁ
3017 4852 3150 4915 Θεὸς
3184 4851 3464 4923 ἐμίσησεν.
3522 4851 3598 4903 Οὐ
3624 4850 3768 4918 λέγω

2180 4953 2309 5015 τοὺς
2360 4950 2595 5014 κύκλους
2648 4947 2759 5001 τῶν
2806 4943 3052 5017 ἡμερῶν,
3091 4941 3228 4996 ἀλλά
3270 4940 3362 4995 τὸν
3409 4940 3769 5010 νομιζόμενον

2195 5042 2545 5114 Ἱουδαῖσμόν.
2583 5041 2657 5094 Οὐ
2692 5039 2804 5110 γὰρ
2834 5037 2933 5099 τὰς
2963 5035 3176 5107 ἡμέρας
3212 5033 3416 5105 μισεῖὸ
3451 5030 3605 5095 Θεὸς,
3630 5030 3769 5085 ἀλλά
3842 5034 3847 5061 ῖ

2180 5138 2308 5200 τοὺς
2336 5134 2524 5198 κακῶς
2557 5136 2615 5186 ὲν
2645 5134 2765 5194 ταῖς
2793 5127 3031 5200 ἡμέραις
3077 5124 3497 5197 ἐργαζομένους.
3530 5123 3644 5176 Καὶ
3670 5122 3767 5176 νῦν

2184 5228 2286 5300 μὲν
2311 5227 2586 5297 ὲξέχονται
2611 5222 2705 5276 τοῦ
2734 5219 3035 5285 Σαϐϐάτου,
3084 5217 3180 5271 καὶ
3224 5216 3345 5270 τότε
3374 5214 3652 5285 ἐπετίμων
3686 5212 3766 5285 τῷ

2183 5315 2397 5386 Σωτῆρι
2423 5314 2697 5381 λέγοντεςο
2742 5311 2905 5374 «Ἴδε,
2930 5309 2983 5363 τί
3016 5305 3260 5361 ποιοῦσιν
3278 5308 3327 5360 οξ
3375 5304 3615 5378 μαθηταί
3645 5321 3761 5369 σου,

2180 5408 2209 5461 ὃ
2236 5406 2338 5461 οὐκ
2365 5402 2541 5470 ἔξεστι
2571 5408 2745 5460 ποιεῖν
2765 5407 2824 5459 ὲν
2848 5402 3166 5472 Σαϐϐάτῳ.»
3196 5401 3254 5455 '0
3278 5400 3471 5472 Σωτὴρ
3498 5398 3638 5471 πρὸς
3666 5399 3765 5453 αὐ-

569 5552 627 5628 ’ξ
655 5550 845 5628 Matth.
882 5572 995 5621 xu,
1025 5558 1079 5612 2.
1156 5563 1198 5592 ’ί
1244 5560 1433 5619 Matth.
1468 5563 1615 5628 13,4.
1694 5565 1737 5595 ”
1780 5562 1971 5619 Matth.
2006 5578 2191 5627 xxvu,
2225 5560 2315 5616 52.
2392 5561 2448 5595 ²³”
2476 5563 2668 5617 Matth.
2708 5578 2833 5620 xxVI
2857 5601 2873 5625 ,
2905 5562 2993 5620 56.
3072 5560 3118 5594 ”
3154 5557 3301 5617 Psal.
3337 5569 3585 5623 unm.
3612 5550 3675 5625 δι
3704 5548 3762 5613 7-

498 5622 543 5653 “
588 5620 737 5678 Psal.
771 5620 988 5688 LXVIII,
1016 5628 1100 5681 14.

1176 5631 1224 5663 ’⁸
1262 5631 1408 5688 Psal.
1442 5648 1702 5699 Lxxxvn,
1740 5635 1829 5689 M.
1905 5636 1951 5666 ²⁷
1990 5632 2097 5689 lsa.
2133 5648 2150 5687 I
2179 5672 2195 5700 ,
2230 5631 2316 5685 l3.
2395 5634 2443 5666 ³⁸
2478 5633 2670 5690 Matth.
2705 5648 2820 5703 ιιι,
2850 5632 2908 5689 2.

567 5846 684 5919 (50)
708 5845 808 5906 ilic
830 5854 1010 5908 textus
1041 5848 1244 5918 deﬁcit,
1282 5860 1355 5919 et,
1381 5863 1439 5911 ut
1454 5856 1689 5921 videtur,
1713 5856 1827 5915 haec
1850 5855 2071 5916 aliunde

2182 5863 2295 5914 suta
2320 5863 2471 5916 sunt.
