4048 6406
230 356 307 415 l5
1478 375 1766 433 HOMILIA
1804 377 1891 433 DE
1931 378 2278 442 SEMENTE.

3428 351 3583 457 l5"

386 477 535 534 Ούδὲ
574 483 766 540 τοῦτο
799 488 1089 558 ἀνέγνωτε,
1124 492 1153 545 6
1184 493 1408 567 ἐποίησε
1440 496 1638 564 Δαϐίδ;
1679 497 1738 551 '0
1767 498 1832 551 ὲκ

1945 499 2047 556 hoc
2074 501 2297 574 legistis
2334 504 2487 575 quod
2520 502 2650 561 fecit
2680 504 2888 564 David?
2920 506 2999 566 Ex
3028 509 3230 568 Davide
3266 512 3534 573 oriundus

226 567 362 622 Δαϐἰδ
389 576 771 644 μνημονεύει
797 578 896 633 τοῦ
922 580 1110 635 Δαϐίδ·
1133 585 1160 637 ό
1187 586 1251 639 ὲκ
1274 584 1440 640 Δαϐἰδ
1465 587 1608 641 κατὰ
1634 589 1833 661 σάρκα,

228 662 309 734 πρὸ
332 663 390 717 δὲ
422 666 619 721 Δαϐὶδ
662 672 825 726 κατὰ
871 674 1120 747 πνεῦμαο
1169 679 1197 731 6
1222 677 1364 732 κατὰ
1395 679 1575 752 σάρκα
1607 680 1709 752 μὲν
1740 681 1834 736 τοῦ

229 754 363 810 Δαϐὶδ
396 758 548 824 υἰὺς,
590 765 762 818 κατὰ
807 767 1025 839 πνεῦμα
1052 768 1109 822 δὲ
1140 769 1234 823 τοῦ
1272 769 1436 824 Δαϐὶδ
1473 771 1741 845 δεσπότης
1761 791 1775 805 ·
1806 776 1836 828 6

229 848 279 902 ἐκ
303 848 456 920 ῥίζης
490 851 719 909 Ἰεσσαὶ
755 856 1089 931 βλαστήσας,
1122 865 1154 933 ὴ
1184 861 1378 933 ῥάϐδος
1405 865 1439 935 ἡ
1469 863 1771 935 θαυμασία,
1800 868 1835 937 ἡ

229 943 277 996 τὸ
301 944 394 1015 μὲν
441 946 623 1013 γένος
666 952 953 1008 Ἰουδαίων
1011 956 1389 1029 συντρίϐουσα,
1423 957 1534 1012 τῶν
1561 958 1617 1011 δὲ
1669 960 1837 1015 ἐθνῶν

229 1034 449 1103 τὸγένος
508 1037 596 1102 ὡς
625 1041 899 1113 ποίμνιον
933 1045 1255 1114 συνάγουσα.
1298 1047 1471 1111 Αὐτὸς
1495 1047 1604 1122 γάρ
1634 1048 1783 1103 ἐστιν
1806 1052 1835 1104 6

230 1126 448 1199 εἰρηκώς
522 1130 646 1184 Καὶ
676 1132 746 1205 δὴ
768 1134 887 1200 ἄξω
933 1137 1075 1208 ὑμᾶς
1098 1138 1201 1191 ὑπὸ
1226 1139 1328 1210 τὴν
1354 1140 1549 1212 ῥάϐδον
1574 1160 1676 1213 μου
1696 1157 1711 1172 ·
1743 1145 1837 1198 καὶ

233 1219 380 1284 πολὺς
414 1222 445 1274 6
472 1223 619 1294 περὶ
651 1225 763 1296 τῆς
806 1227 1005 1298 ῥάϐδου
1045 1227 1221 1301 Ἰησοῦ
1263 1229 1440 1299 λόγος.
1475 1233 1669 1303 Ἔλεγε
1722 1235 1835 1288 τοί-

232 1328 310 1365 νυν
340 1313 483 1384 πρὸς
518 1316 664 1381 τοὺς
693 1317 1024 1384 Ἰουδαίους·
1067 1342 1084 1373 ι
1128 1323 1263 1377 υύδὲ
1294 1323 1452 1377 τοῦτο
1485 1325 1782 1395 ἀνέγνωτε,
1809 1328 1838 1381 6

235 1403 441 1475 ἐποίησε
473 1406 682 1471 Δαϐἰδ,
728 1409 830 1462 ὅτε
864 1412 1150 1467 ἐπείνασεν
1174 1414 1356 1478 αὐτὸς,
1395 1416 1491 1469 καὶ
1521 1417 1571 1470 οἱ
1596 1420 1712 1488 μετ’
1743 1419 1841 1470 αύ-

234 1493 346 1559 τοῦ;
379 1495 504 1560 πῶς
534 1499 812 1569 εἰσῆλθεν
852 1503 933 1565 εἰς
958 1503 1049 1557 τὸν
1074 1499 1221 1558 οἶκον
1253 1506 1347 1559 τοῦ
1381 1506 1538 1572 Θεοῦ,
1587 1508 1684 1561 καὶ
1712 1508 1838 1573 τοὺς

236 1585 414 1657 άρτους
467 1589 579 1659 τῆς
646 1592 973 1664 προθέσεως
1021 1594 1180 1649 ἔλαϐε
1243 1598 1338 1651 καὶ
1397 1598 1620 1668 ἔφαγεν,
1669 1600 1697 1653 6
1739 1600 1840 1653 οὐκ

235 1678 426 1744 ἑξεττιν
465 1686 659 1737 ποιεῖν
696 1686 749 1738 εἰ
797 1685 876 1756 μὴ
908 1686 1217 1757 μόνοιςτοῖς
1262 1689 1534 1762 ίερεῦσιν;
1590 1711 1607 1742 ι
1652 1692 1710 1744 '0
1741 1692 1838 1763 μὲν

234 1765 314 1822 οὖν
335 1771 496 1840 σορὸς
520 1774 821 1846 ἀκροατὴς
844 1778 942 1830 καὶ
970 1778 1209 1851 συνήθης
1230 1780 1340 1833 τῶν
1367 1781 1838 1853 ὲκκλησιαστικῶν

235 1858 508 1931 δογμάτων
532 1880 600 1918 τε
623 1867 731 1919 καὶ
758 1867 1206 1941 ἀναγνωσμάτων
1222 1868 1330 1925 οἶδε
1346 1872 1444 1943 τὴν
1469 1875 1730 1945 ἱστορίαν,
1744 1876 1837 1930 καί
1871 1854 1911 1907 Β

236 1950 287 2002 οὐ
312 1952 502 2022 χρείαν
545 1953 672 2024 ἔχει
704 1956 812 2027 τῆς
860 1957 1203 2030 διηγήσεως’
1252 1962 1441 2033 ἐπειδὴ
1485 1962 1543 2017 δὲ
1603 1963 1770 2028 πολὺς
1808 1967 1837 2019 6

235 2046 413 2098 νεωστὶ
457 2048 795 2119 συρρεύσας
857 2052 993 2122 ἡμῖν
1054 2052 1210 2118 λαὸς,
1273 2055 1301 2106 6
1362 2056 1461 2126 τὴν
1520 2056 1835 2111 ἐπιπόλαιον

236 2136 487 2205 ἀκρόασιν
540 2140 662 2194 τῶν
697 2140 869 2196 θείων
901 2143 1098 2213 λογίων
1144 2145 1302 2216 ἔχων,
1358 2148 1421 2200 τὸ
1453 2147 1510 2202 δὲ
1544 2148 1706 2219 βάθος
1738 2150 1838 2221 τῆς

231 2231 455 2302 νοήσεως
498 2234 585 2306 μὴ
637 2237 1121 2308 ἑνστερνισμένος,
1169 2239 1350 2303 καλῶς
1386 2239 1531 2311 ἔχειν
1565 2259 1653 2312 μοι
1693 2241 1839 2296 δοκεί

228 2322 546 2396 ἰπιδραμείν
574 2328 683 2380 καί⁸
709 2328 888 2396 δεῖξαι
910 2331 1010 2402 τὴν
1041 2331 1301 2403 ἱστορίαν,
1330 2332 1418 2386 ἴνα
1453 2332 1671 2403 γνῶμεν
1696 2332 1837 2398 τίνος

227 2418 397 2474 ἕνεκεν
446 2420 672 2493 ταύτης
718 2423 1130 2494 ἐμνημόνευσεν
1156 2426 1185 2477 6
1208 2423 1419 2495 Σωτήρ.
1470 2423 1733 2490 Βασιλεύς
1754 2442 1838 2489 τις

223 2506 284 2582 ἦν
311 2515 368 2565 ἐν
405 2516 529 2577 τοῖς
570 2512 865 2583 ἀρχαίοις,
901 2514 1087 2579 Δαϐὶδ,
1132 2515 1337 2586 ποιμὴν
1382 2514 1451 2569 τὰ
1483 2515 1695 2587 πρῶτα,
1744 2518 1837 2571 καὶ

224 2604 469 2673 βασιλεὺς
509 2605 591 2659 τὰ
622 2605 893 2677 δεύτερα.
944 2606 1056 2676 Τὴν
1102 2606 1159 2659 δὲ
1196 2606 1473 2677 βασιλείαν
1511 2608 1612 2661 οὐκ
1644 2608 1836 2664 ἔλαϐεν

220 2698 488 2768 ἁρπάσας,
534 2698 718 2762 ἀλλὰ,
765 2698 866 2751 τοῦ
919 2692 1093 2753 Σαοὺλ
1124 2700 1547 2773 ἁμαρτήσαντος
1578 2704 1672 2757 καὶ
1703 2706 1838 2759 άπο-

220 2781 539 2862 ϐαλομένου,
563 2789 812 2862 ὲχρίσθη
826 2790 996 2845 Δαϐἰδ
1018 2791 1125 2845 ἀπὸ
1149 2791 1243 2846 τοῦ
1261 2793 1515 2867 Σαμουήλ
1537 2795 1671 2868 (51).
1704 2797 1838 2869 Χρι-

220 2880 353 2945 σθεὶς
374 2882 436 2935 δὲ
466 2884 559 2945 εἰς
598 2881 708 2953 τὴν
743 2880 1052 2951 βασιλείαν,
1109 2883 1207 2953 οὺχ
1238 2882 1356 2954 ἅμα
1385 2885 1604 2957 ἥρπασε
1647 2886 1708 2940 τὸ
1740 2886 1837 2958 βα-

218 2974 423 3039 σίλειον,
460 2972 623 3028 ἀλλὰ
653 2973 886 3045 χρόνοις
936 2973 1150 3039 πολλοῖς
1183 2974 1472 3041 δουλεύσας
1517 2976 1596 3049 τῷ
1639 2978 1832 3043 Σαοὺλ,

219 3066 457 3140 ὕστερον,
486 3069 594 3123 ὅτε
631 3069 776 3132 Θεὸς
815 3069 1104 3142 ἠθέλησεν,
1129 3071 1377 3141 ἐφήψατο
1402 3073 1503 3144 τῆς
1538 3072 1831 3145 βασιλείας.

228 3161 671 3216 Ἐπεϐουλεύετο
706 3158 804 3215 οῦν
834 3160 1052 3215 ὑπὸτοῦ
1086 3162 1280 3226 Σαοὺλ,
1312 3165 1682 3237 εὐεργετήσας
1708 3164 1832 3219 τοῦ-

222 3272 332 3309 τον’
363 3252 792 3309 ἐπεϐουλεύετο
819 3254 881 3308 δὲ
918 3253 1012 3308 καὶ
1058 3256 1165 3309 ὑπὸ
1192 3254 1287 3309 τοῦ
1341 3256 1713 3330 Ἀϐεσσαλὼμ,
1744 3258 1837 3314 τοῦ
1866 3252 1911 3277 ’⁸⁸

221 3349 407 3403 εἰκείου
431 3348 671 3409 τέκνου.

285 3461 337 3517 9.
361 3462 563 3517 Ταῦτα
606 3460 841 3529 άληθῶς
874 3458 976 3529 μὲν
1016 3459 1210 3533 συνέϐη
1237 3460 1315 3532 τῷ
1365 3461 1557 3516 Δαϐίδ·
1592 3453 1748 3525 οῦτος
1783 3460 1839 3515 δέ

227 3574 365 3620 τινας
394 3557 634 3619 εἰκόνας
658 3550 781 3625 εἶχε
815 3552 922 3624 τῆς
949 3552 1042 3606 τοῦ
1072 3553 1323 3626 Σωτῆρος
1348 3554 1673 3627 παρουσίας.
1694 3553 1841 3607 Ἔδει

229 3647 327 3719 γὰρ
356 3649 448 3702 τὸν
477 3646 833 3718 προπάτορα
867 3645 966 3698 καὶ
997 3644 1211 3710 εἰκόνας
1244 3646 1391 3718 ἔχειν
1421 3646 1515 3700 τοῦ
1546 3647 1838 3715 ἀπογόνου.

238 3758 256 3789 ι
292 3740 481 3805 Βίϐλος
506 3739 800 3810 γενέσεως
832 3737 1011 3808 Ἰησοῦ
1049 3739 1285 3811 Χριστοῦ
1324 3740 1441 3793 υίοῦ
1476 3738 1658 3793 Δαϐίδ.
1696 3758 1715 3792 ›
1750 3741 1844 3794 Τιο

233 3831 313 3895 νὸς
363 3833 418 3886 αἱ
466 3832 590 3885 τῶν
658 3830 1016 3902 πραγμάτων
1071 3830 1360 3902 ὁμοιώσεις
1423 3833 1521 3886 ούκ
1588 3832 1839 3903 ἰσότιμοι.

243 3921 581 3994 Ὀμοιούσθω
618 3922 738 3994 γὰρ
781 3923 811 3975 6
857 3920 1047 3986 δοῦλος
1075 3922 1153 3994 τῷ
1188 3922 1424 3996 δεσπότῃ
1451 3941 1464 3955 ·
1495 3924 1557 3977 οὐ
1604 3924 1709 3996 μὴν
1739 3924 1846 3979 ἰσό-

233 4031 379 4086 τιμος
417 4018 668 4087 γίνεται,
711 4014 856 4088 πλὴν
897 4014 1010 4086 ἔχει
1053 4015 1209 4080 τινὰς
1255 4016 1597 4088 ὁμοιότητας.
1648 4018 1705 4070 ’0
1742 4019 1845 4072 Δα-

235 4108 313 4163 ϐἰδ
357 4112 596 4183 ποιμὴν,
660 4112 759 4163 καὶ
804 4110 1014 4180 ποιμὴν
1067 4113 1096 4162 6
1130 4108 1401 4180 Χριστός·
1442 4110 1625 4180 «Ἐγώ
1668 4114 1783 4183 είμι
1814 4112 1843 4165 6

237 4204 431 4275 ποιμὴν
464 4205 496 4256 6
528 4201 730 4266 καλὸς,
760 4221 778 4253 ι
816 4200 1028 4270 ἔλεγεν.
1071 4200 1209 4254 Ἀλλ’
1242 4202 1270 4253 ό
1306 4202 1405 4272 μὲν
1431 4202 1637 4274 ποιμὴν
1678 4201 1847 4275 θρεμ-

240 4297 436 4363 μάτων,
494 4296 526 4348 6
561 4294 627 4348 δὲ
671 4291 884 4364 ποιμὴν
932 4291 1150 4363 ψυχῶνο
1187 4293 1446 4364 ὁμοίωσις
1480 4295 1841 4366 πραγμάτων,

424 4387 482 4440 δὲ
521 4384 865 4457 παραλλαγὴ
889 4383 983 4437 τοῦ
1013 4383 1345 4456 ἀξιώματος.
1368 4386 1591 4456 Ἔχρισε
1625 4386 1717 4440 τὸν
1743 4388 1847 4439 Δα-

1939 589 2033 647 ille
2062 590 2330 651 Davidem
2382 605 2661 653 memorat
2687 617 2700 652 :
2724 600 2818 670 qui
2854 616 2921 657 ex
2951 601 3155 659 Davide
3195 611 3281 660 est
3330 620 3532 662 secun-

1938 681 2069 738 dum
2105 700 2356 751 carnem,
2395 696 2528 744 ante
2556 687 2815 747 Davidem
2861 701 3044 751 autem
3073 696 3374 752 secundum
3418 700 3533 774 spi-

1937 776 2105 832 ritum
2137 796 2152 833 :
2188 781 2284 849 qui
2332 781 2643 836 secundum
2680 798 2898 841 carnem
2942 788 3162 857 quidem
3210 788 3430 846 Davidis
3463 790 3531 845 ti-

1938 867 2075 933 lius;
2112 871 2419 926 secundum
2460 873 2713 944 spiritum
2747 884 2929 932 autem
2963 878 3185 936 Davidis
3220 880 3483 939 Dominus
3512 902 3527 939 :

1938 961 2034 1031 qui
2068 978 2135 1018 ex
2186 963 2376 1019 radice
2424 963 2599 1022 Jessae
2631 970 2980 1038 germinavit.
3021 970 3187 1043 Virga
3235 975 3526 1043 mirabilis,

1938 1071 2060 1126 qum
2098 1055 2417 1113 Judazorum
2462 1075 2637 1131 genus
2686 1063 2941 1127 conterit,
2979 1066 3218 1133 gentium
3265 1083 3396 1122 vero
3430 1084 3533 1139 po-

1940 1145 2129 1215 pulum
2181 1148 2342 1216 quasi
2380 1165 2599 1221 gregem
2640 1152 2868 1222 colligit.
2921 1152 3039 1222 Ipse
3078 1156 3281 1226 quippe
3316 1165 3401 1211 est
3436 1158 3551 1229 qui;

1940 1237 2079 1292 dixit
2113 1258 2127 1294 :
2156 1238 2364 1295 Ducam
2394 1256 2494 1297 vos
2526 1243 2630 1298 sub
2662 1245 2812 1314 virga
2847 1262 2985 1301 mea.
3023 1246 3297 1319 Multaque
3324 1250 3555 1312 mentio.

1939 1339 2024 1385 est
2057 1331 2126 1387 de
2157 1332 2311 1403 virga
2340 1331 2491 1389 Jesu.
2526 1333 2675 1389 Dixit
2721 1337 2887 1407 igitur
2916 1339 2983 1392 ad
3013 1337 3263 1396 Iudaeos:
3296 1359 3315 1392 ι
3338 1339 3532 1398 Nonne

1941 1424 2151 1495 legistis
2189 1426 2322 1495 quid
2358 1426 2550 1481 fecerit
2582 1428 2773 1493 David,
2811 1430 3030 1501 quando
3072 1434 3267 1488 esuriit
3304 1433 3442 1504 ipse,
3475 1444 3533 1492 et

1941 1517 2036 1587 qui
2080 1532 2207 1571 cum
2264 1532 2331 1573 eo
2378 1521 2578 1573 erant?
2614 1520 2891 1591 quomodo
2932 1521 3158 1578 intravit
3203 1525 3260 1579 in
3306 1524 3532 1581 domum

1943 1609 2063 1674 Dei,
2118 1618 2173 1665 et
2218 1624 2394 1680 panes
2443 1613 2844 1682 propositionis
2902 1615 3115 1684 accepit
3165 1622 3220 1670 et
3270 1616 3529 1680 comedit,

1939 1704 2087 1774 quod
2141 1718 2252 1758 non
2297 1704 2427 1760 licet
2462 1703 2643 1760 facere
2675 1705 2785 1761 nisi
2824 1707 2958 1763 solis
2994 1709 3376 1763 sacerdotibus
3398 1706 3478 1763 ’νε
3506 1728 3526 1761 ι

1944 1794 2177 1867 Sapiens
2225 1797 2412 1867 itaque
2463 1796 2705 1861 auditor,
2766 1799 3086 1870 peritusque
3127 1800 3533 1856 ecclesiastico-

1944 1899 2065 1937 rum
2107 1883 2422 1955 dogmatunt
2449 1893 2504 1941 et
2538 1887 2860 1952 lectionum,
2894 1888 3180 1944 historiam
3229 1891 3400 1962 probe
3432 1906 3536 1947 no-

1943 1974 2042 2041 vit,
2080 1991 2180 2030 nec
2220 1984 2344 2048 eget
2384 1976 2771 2049 explicatione.
2808 1978 2878 2033 At
2908 1979 3352 2052 quandoquidem
3389 1983 3537 2037 mul-

1945 2071 2036 2119 tus
2064 2065 2225 2119 nobis
2276 2081 2453 2136 nuper
2486 2066 2750 2121 conﬂuxit
2784 2072 3045 2140 populus,
3082 2072 3176 2142 qui
3209 2072 3430 2128 nonnisi
3458 2073 3538 2129 le-

1943 2171 2063 2210 vem
2099 2156 2415 2211 divinorum
2444 2157 2794 2226 eloquiorum
2817 2159 3189 2228 cognitionem
3221 2160 3414 2217 auditu
3444 2178 3538 2218 ac-

1944 2248 2110 2314 cepit,
2137 2264 2317 2318 neque
2350 2249 2751 2304 sententiarum
2786 2251 3215 2320 profunditatem
3258 2255 3313 2309 in
3352 2266 3537 2312 mente

1945 2340 2337 2410 apprehendit;
2389 2356 2572 2411 operae
2606 2344 2841 2412 pretium
2891 2344 3025 2399 mihi
3077 2346 3317 2415 videtur,
3358 2348 3537 2404 histo-

1943 2430 2081 2485 riam
2115 2431 2320 2487 cursim
2356 2433 2691 2503 explanare:
2721 2442 2779 2487 ut
2825 2436 3067 2492 sciamus
3107 2453 3216 2508 qua
3265 2437 3333 2493 de
3365 2454 3536 2494 causa

1945 2524 2095 2579 illam
2142 2526 2471 2580 memoravit
2525 2525 2797 2581 Salvator.
2843 2526 2990 2584 Inter
3019 2530 3234 2599 priscos
3276 2546 3369 2586 rex
3407 2529 3532 2596 fuit,

1943 2616 2167 2672 nomine
2200 2615 2394 2681 David,
2430 2620 2584 2687 prius
2617 2632 2828 2689 paStor,
2865 2621 3218 2690 postmodum
3254 2637 3373 2678 rex.
3413 2621 3535 2677 Non

1943 2708 2093 2780 quod
2152 2724 2381 2780 regnum
2433 2710 2717 2776 invaserit,
2772 2711 2869 2766 sed
2917 2708 3081 2767 Saule
3127 2714 3198 2768 ob
3248 2724 3537 2784 peccatum

1944 2818 2107 2859 suum
2143 2803 2385 2873 abjecto,
2422 2811 2627 2858 unctus
2659 2814 2743 2860 est
2772 2803 2941 2859 David
2975 2821 3005 2860 a
3040 2804 3318 2864 Satnuele.
3341 2808 3424 2864 Ad
3454 2823 3541 2865 re-

1943 2911 2113 2967 gnum
2144 2895 2407 2951 inunctus
2430 2911 2539 2951 nou
2575 2899 2759 2952 statim
2786 2914 3014 2969 regnum
3046 2901 3367 2969 occupavit;
3391 2900 3537 2954 mul-

1943 2989 2014 3045 tis
2057 2989 2260 3061 quippe
2294 2988 2455 3044 aunis
2500 2987 2651 3045 Sauli
2704 2990 2973 3046 servivit:
3007 3006 3072 3045 ac
3120 2991 3338 3047 demum
3395 3007 3531 3047 cum

1942 3076 2056 3135 Deo
2081 3079 2310 3150 placuit,
2346 3094 2575 3150 regnum
2608 3079 2762 3133 adiit.
2792 3080 3016 3135 lnsidiis
3045 3080 3213 3151 igitur
3238 3080 3534 3150 appeteba-

1943 3180 2033 3225 tur
2065 3187 2095 3226 a
2128 3170 2315 3236 Saule,
2358 3172 2446 3227 cui
2477 3163 2742 3226 beneﬁcia
2771 3172 3105 3241 contulerat,
3137 3171 3357 3229 insidiis
3400 3171 3531 3227 item

1944 3264 2013 3320 ab
2046 3264 2329 3331 Absalom,
2358 3264 2583 3337 proprio
2615 3264 2748 3321 tilio.

2012 3467 2067 3522 9.
2109 3465 2239 3523 Haec
2268 3482 2462 3524 revera
2506 3466 2787 3538 contigere
2813 3464 3008 3521 Davidi
3035 3484 3048 3520 :
3076 3464 3168 3519 hic
3200 3479 3333 3520 vero
3364 3477 3536 3535 quas-

1943 3555 2069 3611 dam
2113 3572 2226 3627 pra:
2272 3572 2334 3611 se
2369 3555 2477 3611 fert
2518 3556 2727 3615 Christi
2779 3556 3049 3611 adventus
3092 3554 3380 3624 imagines.
3422 3550 3533 3606 Par

1944 3647 2049 3703 fuit
2078 3650 2224 3704 enim
2260 3665 2549 3719 proavum,
2575 3649 2895 3721 pronepotis
2926 3648 3011 3703 sui
3044 3647 3258 3716 aliquas
3284 3645 3533 3716 proferre

1945 3739 2360 3796 similitudines.
2404 3758 2423 3792 ι
2453 3739 2614 3796 Liber
2646 3739 3017 3812 generationis
3044 3737 3174 3792 Jesu
3220 3736 3426 3792 Christi
3468 3735 3533 3790 li-

1945 3833 2002 3887 lii
2053 3832 2225 3887 David
2265 3833 2333 3887 ³⁰.
2377 3852 2396 3885 ι
2433 3830 2542 3888 Sed
2586 3834 2642 3887 iu
2691 3833 2864 3886 altero
2907 3845 3091 3885 rerum
3141 3828 3532 3884 similitudines

1947 3941 2061 3980 non
2112 3926 2352 3996 aequales
2404 3935 2553 3982 sunt.
2590 3925 2723 3982 Esto
2776 3924 2974 3980 similis
3021 3938 3217 3979 servus
3259 3920 3531 3988 Domino;

1946 4032 2057 4073 non
2106 4027 2288 4073 tamen
2335 4032 2434 4089 par
2466 4019 2592 4085 erit,
2634 4018 2764 4073 licet
2802 4014 2998 4071 habeat
3026 4014 3292 4086 quasdam
3336 4011 3537 4068 simili-

1947 4110 2189 4168 tudiues.
2222 4109 2420 4167 Pastor
2450 4110 2644 4175 David,
2683 4116 2872 4181 pastor
2902 4109 3032 4164 item
3067 4107 3343 4162 Christus.
3371 4124 3389 4157 ι
3418 4103 3534 4175 Ego

1947 4218 2092 4270 sum,
2135 4222 2154 4254 ι
2188 4204 2387 4275 inquit,
2418 4222 2436 4255 ι
2462 4210 2651 4274 pastor
2681 4202 2861 4258 bonus
2883 4202 2965 4269 ";
3001 4220 3019 4254 ι
3055 4200 3152 4255 sed
3199 4205 3387 4270 pastor
3442 4196 3533 4252 ille

1948 4295 2245 4365 pecudum,
2299 4295 2389 4350 hic
2439 4302 2627 4366 pastor
2675 4296 3006 4350 animarum.
3057 4291 3263 4347 Rerum
3311 4288 3535 4360 quidem

1949 4386 2272 4451 similitudo,
2298 4387 2393 4442 sed
2419 4402 2673 4460 magnum
2696 4386 2994 4444 discrimen
3024 4382 3328 4456 dignitatis.
3367 4378 3535 4435 Unxit

240 4473 318 4527 αδ
345 4478 425 4540 είς
461 4475 705 4548 βασιλέα
733 4473 998 4546 Σαμουὴλ
1030 4475 1059 4527 6
1090 4474 1287 4546 ἱερεὺς,
1326 4473 1587 4529 ὲϐάπτισε
1636 4476 1841 4529 καὶτὸν

1951 4478 2212 4534 Davidem
2263 4480 2320 4534 in
2371 4495 2554 4552 regem
2602 4478 2865 4536 sacerdos
2920 4476 3143 4532 Samuel
3185 4471 3535 4543 :;baptizavit

241 4564 461 4639 Σωτῆρα
520 4570 553 4622 6
619 4568 924 4638 Ἰωάννης,
984 4567 1060 4632 ὡς
1107 4569 1288 4639 ἱερεὺς
1357 4566 1432 4621 ὢν
1492 4568 1588 4622 καὶ
1642 4568 1839 4633 αύτός·

1949 4568 2289 4626 Salvatorem
2317 4569 2582 4636 Joannes,
2607 4579 2798 4641 utpote
2826 4567 3088 4623 sacerdos
3109 4572 3163 4620 et
3189 4564 3327 4635 ipse.
3364 4560 3535 4616 Suni-

239 4658 489 4732 ὁμοιότης
525 4661 633 4733 μὲν
669 4658 783 4712 τῶν
806 4658 1170 4730 πραγμάτων,
1216 4658 1385 4731 πολλὴ
1408 4658 1463 4713 δὲ
1482 4659 1715 4732 διαφορὰ
1736 4661 1844 4713 τῶν

244 4751 646 4825 ὑποκειμένων.
696 4750 968 4824 Χρισθεὶς
1004 4749 1061 4803 δὲ
1105 4752 1134 4804 6
1161 4749 1325 4805 Δαϐὶδ
1355 4751 1435 4815 είς
1475 4750 1718 4822 βασιλέα,
1746 4751 1845 4823 οὐχ

244 4843 353 4915 ἅμα
393 4848 617 4919 ἥρπασε
668 4845 773 4916 τὴν
835 4841 1136 4915 βασιλείαν,
1195 4842 1309 4896 ἀλλ’
1340 4844 1584 4915 ἠνείχετο
1631 4844 1846 4908 πολλοῖς

246 4940 450 5007 ἰώνοις
476 4936 761 4992 δουλεύων
795 4932 879 5006 τῷ
904 4934 1078 4990 Σαούλ
1096 4951 1110 4965 ’
1143 4935 1236 4989 καὶ
1264 4938 1295 4990 6
1322 4936 1515 5008 Σωτὴρ
1541 4936 1699 5007 ἡμῶν
1724 4953 1848 5006 γεν-

252 5030 420 5099 νηθεὶς
446 5029 715 5101 βασιλεὺς
749 5027 863 5099 πρὸ
885 5026 997 5079 τῶν
1030 5026 1263 5092 αἰώνων,
1290 5028 1386 5080 καὶ
1418 5028 1479 5081 ού
1511 5026 1847 5100 πρόσκαιρον

250 5118 377 5189 Elim:
409 5123 507 5195 τὴν
558 5121 877 5193 βασιλείαν,
931 5118 1069 5172 ἀλλὰ
1103 5119 1209 5192 πρὸ
1246 5119 1465 5173 πάντων
1491 5119 1598 5172 τῶν
1634 5118 1846 5174 αἰώνων

249 5206 508 5277 βασιλεὺς,
559 5214 629 5267 ὲκ
680 5209 959 5282 βασιλέως
1009 5207 1143 5262 Θεοῦ
1207 5208 1508 5281 γεννηθεὶς,
1566 5209 1839 5279 ἡνείχετο’

251 5318 268 5351 ι
287 5304 397 5375 Οὐχ
418 5304 727 5378 ἁρπαγμὸν
757 5303 1012 5375 ἡγήσατο
1040 5300 1100 5355 τὺ
1130 5296 1267 5354 εἶναι
1295 5300 1385 5356 ἷσα
1407 5300 1553 5373 Θεῷ⁶
1578 5300 1695 5355 ἀλλ’
1721 5303 1848 5355 ἑαυ-

249 5393 328 5449 τόν
351 5399 610 5463 ὲκένωσε,
644 5395 876 5469 μορφὴν
901 5392 1087 5447 δούλου
1110 5391 1314 5457 λαϐὼν,
1350 5412 1369 5445 ι
1414 5392 1500 5449 ἵνα
1523 5393 1715 5466 τελέσῃ
1746 5394 1845 5465 τὴν

244 5484 566 5561 οἷκονομίαν.
642 5485 881 5541 Ἑδίωκε
925 5482 1019 5537 τὸν
1068 5482 1232 5537 Δαϐὶδ
1274 5483 1467 5553 Σαοὺλ,
1518 5483 1710 5539 ἐδίωκε
1751 5483 1844 5539 τὸν

1945 4660 2121 4717 litudo
2150 4660 2371 4732 quidem
2401 4662 2488 4717 hic
2511 4676 2694 4717 rerum
2727 4667 2845 4724 εει,
2882 4659 2978 4715 sed
3005 4673 3201 4728 magna
3221 4653 3530 4711 diﬂ‘ereutia

1946 4765 2332 4820 personarum.
2370 4748 2576 4806 Unctus
2609 4750 2778 4805 David
2824 4751 2880 4804 in
2925 4763 3142 4819 regem,
3190 4761 3301 4801 non
3345 4743 3533 4800 statim

1946 4857 2178 4914 regnum
2220 4844 2511 4914 occupavit
2540 4864 2554 4900 :
2587 4844 2781 4899 multis
2830 4844 3031 4914 quippe
3062 4841 3223 4896 annis
3268 4835 3534 4893 sustinuit

1951 4934 2103 4991 Sauli
2145 4936 2393 5004 servire;
2423 4934 2675 4991 Salvator
2703 4950 2922 5006 quoque
2952 4942 3142 4990 noster
3176 4930 3394 5001 genitus
3435 4943 3531 4983 rex

1949 5028 2075 5077 ante
2106 5023 2327 5085 Saecula,
2358 5039 2460 5079 nec
2498 5026 2793 5095 temporale
2822 5023 3111 5094 possidens
3136 5032 3363 5089 regnum
3383 5056 3398 5080 ,
3432 5018 3527 5072 sed

1949 5122 2076 5172 ante
2106 5117 2293 5171 omnia
2324 5118 2525 5173 sazcula
2556 5132 2653 5173 rex
2691 5133 2760 5173 ex
2796 5131 2923 5187 rege
2953 5113 3063 5169 Deo
3083 5112 3324 5183 genitus,
3357 5110 3408 5163 id
3439 5124 3535 5165 su-

1954 5207 2150 5264 stinuit
2177 5227 2191 5263 :
2227 5227 2246 5262 ι
2273 5206 2392 5263 Non
2415 5209 2661 5280 rapinam
2690 5208 2990 5263 arbitratus
3009 5211 3094 5259 est
3114 5217 3237 5258 esse
3266 5216 3325 5255 se
3348 5216 3535 5271 aaqua-

1952 5300 2058 5354 lem
2086 5298 2229 5366 Deo;
2262 5300 2359 5356 sed
2384 5302 2736 5371 semetipsum
2763 5296 3087 5359 exinanivit,
3119 5294 3352 5350 formam
3389 5296 3535 5349 servi

1951 5393 2227 5462 accipiens
2247 5392 2291 5424 ³¹
2312 5410 2332 5445 ι
2355 5408 2371 5457 ;
2396 5400 2454 5445 ut
2471 5392 2782 5447 absolveret
2797 5390 3183 5447 mcunomiam.
3199 5385 3545 5443 Persecutus

1951 5491 2037 5541 est
2069 5483 2331 5541 Davidem
2376 5483 2530 5551 Saul,
2560 5487 2883 5556 persecutus
2909 5488 2997 5540 εει
3043 5480 3328 5540 Christum
3358 5476 3537 5536 Hero.-

311 5642 360 5675 ”
396 5643 584 5702 Matth.
626 5659 751 5710 xu,
786 5639 866 5707 5,
900 5638 957 5693 4.
1034 5637 1079 5671 ³ο
1117 5637 1312 5696 Matth.
1349 5654 1403 5711 ι,
1444 5640 1497 5700 l.
1573 5642 1619 5677 ιι
1661 5638 1823 5703 Joan.

1969 5641 2058 5701 ll.
2139 5641 2188 5679 ³⁸
2226 5638 2463 5711 Philipp.
2502 5656 2540 5697 tt
2564 5680 2580 5709 ,
2619 5638 2688 5709 (ἲ,
2722 5638 2777 5697 7.

309 5827 419 5906 (3t)
448 5830 840 5907 Anglicanus,
868 5823 979 5881 ὑπὸ
1003 5821 1095 5881 τοῦ
1121 5823 1318 5884 Σαούλ.
