4048 6406
277 347 356 405 ist
1615 336 1893 426 nemus
1934 369 2021 425 os
2060 370 2399 432 sensura.
3463 383 3570 443 tas

277 466 888 565 ὑπδτοῦ-πνεύ
931 479 1028 533 τοῦ
1057 480 1394 555 ἀκαθάρτου,
1443 483 1651 554 γίνεταί
1684 502 1769 550 τις
1798 502 1887 556 μη-

2010 488 2448 559 quotiescunque
2473 489 2707 547 irrueret
2730 491 2791 547 in
2819 506 2942 547 eum
2968 494 3195 565 spiritus
3226 494 3424 558 malus,
3461 511 3569 550 ac—

276 558 410 631 νοτὴς
427 560 514 630 τῷ
546 561 755 617 Σαούλ
776 583 794 596 ·
832 571 941 624 καὶ
974 572 1145 644 τούτῳ
1168 572 1244 643 τῷ
1265 574 1446 647 τρόπῳ
1467 575 1712 631 καλεῖται
1743 578 1772 629 6
1792 578 1887 629 Δα-

2002 586 2159 646 cepta
2194 558 2371 631 David
2398 580 2607 633 cithara
2648 581 2919 650 pulsabat,
2953 558 3192 653 psalmos
3231 585 3570 656 hymnosque

275 649 354 703 δίδ.
383 651 504 704 Καὶ
545 653 780 721 ὁσάκις
813 660 1109 716 ἐπετίθετο
1137 662 1282 733 αὐτῷ
1303 664 1363 717 τὸ
1393 665 1609 738 πνεῦμα
1634 667 1694 719 τὸ
1726 684 1887 738 πονη-

2001 663 2114 721 Deo
2143 667 2463 727 decantans.

276 742 367 813 ρὸν,
399 742 741 814 λαμϐάνων
780 750 898 821 τὴν
950 752 1181 824 κιθάραν
1229 757 1257 809 6
1302 757 1493 823 Δαϐὶδ,
1551 757 1892 829 ἀνεκρούετο,

274 831 466 902 ψάλλων
490 835 599 887 καὶ
630 834 879 907 ὕμνους
901 840 1079 911 λέγων
1099 843 1177 915 τῷ
1193 843 1333 915 Θεῷ.
1690 840 1700 849 ’

331 923 408 979 ll.
442 925 545 997 Μὴ
573 926 707 1000 γάρ
742 947 852 1000 μοι
886 932 995 1003 τῆς
1013 934 1242 1007 κιθάρας
1266 937 1591 1007 μνημόνευε,
1632 939 1768 994 ἀλλὰ
1797 939 1892 993 τοῦ

276 1014 607 1086 ψαλλομένου
629 1036 648 1050 ι
691 1022 881 1093 μηδὲ,
916 1026 1173 1097 ἁρπάσας
1197 1027 1267 1081 τά
1291 1031 1532 1099 ῥήματα,
1563 1033 1644 1096 είς
1672 1030 1895 1104 θεατρο-

2070 933 2158 986 Η.
2204 932 2445 988 Ne-mihi
2474 936 2618 990 enim
2643 936 2753 1006 jam
2775 938 3000 994 cithara:
3020 937 3353 995 mentionem
3376 939 3567 1004 iacias,

1997 1023 2096 1078 sed
2134 1024 2256 1092 ejus
2287 1026 2431 1094 quod
2468 1026 2678 1081 cithara
2735 1029 3030 1083 cauebatur
3055 1049 3069 1085 :
3098 1047 3230 1086 neve
3281 1046 3345 1085 ex
3385 1031 3570 1087 verbis

283 1111 444 1178 μενεῖς
468 1111 754 1186 ὲμπέσῃς
786 1114 1020 1186 ἡδονάς,
1049 1119 1200 1183 ἀλλὰ,
1219 1122 1598 1192 μνημονεύσας
1620 1124 1726 1176 τῶν
1752 1125 1888 1194 ψαλ-

284 1198 397 1269 μῶν,
423 1204 494 1271 τῇ
528 1203 874 1277 Ἐκκλησία
900 1210 1206 1281 παράμενε.
1232 1213 1325 1276 Εἰς
1345 1215 1531 1283 χεῖρας
1555 1214 1732 1268 τοίνυν
1754 1215 1894 1286 λαμ-

284 1290 438 1344 ϐάνων
463 1291 569 1363 τὴν
596 1294 867 1367 κιθάραν
892 1298 924 1350 6
952 1297 1140 1361 Δαϐὶδ,
1165 1299 1256 1354 καὶ
1282 1299 1498 1369 ψάλλων
1530 1300 1609 1370 τῷ
1629 1301 1768 1372 Θεῷ,
1802 1302 1893 1355 τὸν

284 1382 521 1451 πνίγοντα
566 1384 836 1456 δαίμονα
881 1389 1217 1460 ἀπήλαυνεν.
1270 1392 1335 1444 Ὢ
1382 1392 1625 1463 μεγάλης
1664 1393 1893 1465 ψαλμῶν

283 1474 577 1545 math
616 1477 703 1530 T6
729 1478 973 1549 πνεῦμα
1003 1479 1063 1533 τὸ
1093 1479 1396 1551 ἀκάθαρτον
1427 1480 1621 1549 πνίγον
1647 1482 1894 1552 ἀοράτως

283 1567 538 1636 ἐπνίγετο,
573 1570 683 1622 καὶ
719 1570 1018 1642 άνὲψυχεν
1045 1573 1074 1626 6
1105 1570 1294 1625 Σαούλ.
1341 1571 1586 1641 Ἐφθόνει
1616 1572 1672 1626 δὲ
1693 1571 1771 1643 τῷ
1789 1574 1893 1627 Δα-

281 1659 352 1713 σῶ
376 1657 463 1712 διά
504 1659 748 1714 τοιάνδε
792 1662 1087 1716 ὑπόθεσιν.
1129 1662 1433 1731 Ἀλλόφυλοί
1477 1679 1608 1716 ποτε
1639 1663 1893 1717 ἐπέθεντο

280 1749 343 1820 τῷ
362 1749 505 1819 γένει
528 1750 655 1804 τῶν
692 1751 991 1823 Ἐϐραίων
1009 1770 1027 1785 ο
1063 1751 1155 1807 καί
1178 1770 1263 1817 τις
1308 1751 1500 1807 Γολιάθ
1528 1753 1892 1825 παμμεγέθης

2002 1123 2232 1184 captans
2263 1117 2610 1171 occasionem
2637 1118 2706 1170 ad
2737 1119 3082 1174 theatralium
3116 1123 3450 1191 wluptatum
3472 1137 3569 1175 cu-

1998 1207 2237 1278 pidinem
2273 1208 2569 1275 delabare;
2619 1210 2712 1265 sed
2744 1226 2949 1265 memor
2979 1214 3334 1279 psalmorum,
3375 1214 3426 1266 in
3460 1211 3567 1267 Ee-

1999 1298 2165 1352 clesia
2193 1313 2439 1352 remane.
2472 1298 2694 1353 Cithara
2724 1300 2889 1370 igitur
2916 1302 3171 1357 manibus
3212 1310 3431 1371 accepta
3463 1300 3568 1355 Da-

1996 1389 2111 1449 vid.
2147 1390 2391 1459 psallens
2432 1389 2562 1450 Deo.
2596 1392 2978 1461 prmfocantem
3015 1395 3313 1447 «benionem
3348 1392 3568 1463 propul-

1998 1479 2177 1535 sabat.
2223 1479 2268 1536 Ο
2313 1496 2566 1551 magnam
2606 1483 2936 1553 psalmorum
2986 1484 3277 1540 virtutem!
3329 1483 3569 1550 Spiritus

1996 1571 2088 1627 ille
2133 1572 2451 1628 immundus
2498 1574 2589 1643 qui
2633 1573 2964 1643 prmfocabat
3010 1577 3198 1639 alium,
3226 1576 3483 1633 invisibili
3513 1580 3571 1630 et

1997 1660 2115 1731 ipse
2147 1660 2309 1715 modo
2340 1660 2763 1732 praefocabatur,
2797 1669 2852 1717 et
2886 1664 3190 1733 respirabat
3231 1662 3361 1719 Saul
3386 1685 3398 1718 :
3424 1665 3568 1721 invi.

1995 1753 2081 1808 dia
2111 1760 2291 1809 tamen
2318 1754 2410 1809 ille
2455 1754 2719 1824 flagrabat
2749 1754 2803 1809 in
2834 1753 3110 1821 Davidem,
3146 1756 3249 1811 bac
3278 1758 3345 1811 de
3377 1773 3563 1815 causa.

281 1842 329 1894 τὸ
353 1840 532 1912 σῶμα,
591 1843 702 1896 καὶ
731 1842 963 1914 θρασὺς
995 1842 1093 1915 ⁴ἰὴν
1112 1843 1309 1915 ψυχήν,
1347 1844 1440 1898 καὶ
1477 1843 1705 1915 φοϐερὸς
1731 1844 1887 1917 ὀφθῇ·

1996 1843 2265 1914 Allophyli
2314 1842 2608 1913 aliquando
2658 1844 2975 1900 invaserant
3040 1854 3255 1917 gentem
3311 1849 3569 1905 Hebraeo-

281 1950 369 1988 ναι.
395 1931 489 1982 ἐπὶ
530 1931 998 2002 τεσσαράκοντα
1026 1933 1240 2004 ἡμέρας
1274 1931 1514 1997 ὠνείδιζε
1536 1934 1627 1987 τὸν
1658 1934 1889 2006 Ἰσραὴλ,

278 2025 357 2079 καὶ
376 2024 492 2095 ᾔτει
523 2025 617 2087 είς
653 2024 1027 2095 μονομαχίαν
1046 2024 1164 2087 ἕνα,
1190 2023 1389 2078 ἀσπίδα
1423 2022 1524 2095 μὲν
1561 2024 1889 2095 παμμεγέθη

277 2115 685 2187 περικείμενος,
748 2113 890 2186 δόρυ
933 2113 994 2167 δὲ
1038 2113 1254 2180 ἐξελὼν,
1294 2116 1388 2169 καὶ
1430 2115 1668 2185 φοϐερὰς
1700 2116 1893 2187 κνημί-

1993 1950 2113 1989 rum
2139 1955 2153 1990 :
2182 1946 2293 1990 tum
2342 1935 2556 1991 Golith
2593 1937 2813 2007 quidam
2848 1939 3072 1993 immani
3111 1948 3347 2004 statura,
3384 1943 3569 1997 animo

1991 2027 2195 2089 feroce.
2232 2029 2353 2084 visu
2386 2030 2675 2093 terribilis,
2713 2045 2811 2100 per
2831 2031 3196 2101 quadraginta
3230 2033 3346 2088 dies
3377 2034 3568 2091 lsraeli

1989 2120 2374 2189 exprobrabat,
2403 2129 2457 2175 et
2484 2121 2551 2175 ad
2582 2122 2865 2191 singulare
2896 2132 3175 2179 certamen
3207 2128 3565 2196 provocabat,

276 2208 383 2271 61g°
414 2208 513 2261 καὶ
562 2208 617 2261 οί
658 2205 984 2277 βλέποντες
1029 2206 1247 2277 ἔφυγον,
1288 2209 1383 2261 καὶ
1411 2209 1439 2260 ὀ
1469 2207 1641 2261 Σαοὺλ
1671 2207 1888 2262 ὲδειλία.

273 2294 429 2355 Ἦκεν
478 2299 965 2370 ἐπισκεψόμενος
1014 2300 1139 2364 τοὺς
1193 2300 1453 2368 ἀδελφοὺς
1495 2303 1525 2353 6
1556 2300 1740 2365 Δαϐὶδ,
1795 2301 1890 2354 καὶ

274 2393 559 2463 συμϐάλλει
591 2394 686 2456 εἰς
722 2393 949 2463 μάχην,
976 2394 1006 2445 6
1034 2392 1237 2464 γυμνὸς
1265 2392 1344 2463 τῷ
1367 2392 1594 2463 ἐνόπλῳ,
1619 2396 1648 2446 6
1676 2395 1891 2469 ἀπειρο-

275 2488 495 2559 πὸλεμος
525 2486 616 2557 τῷ
642 2485 1060 2556 πολυπολέμῳ,
1095 2486 1124 2537 6
1158 2485 1275 2549 νέος
1299 2484 1378 2555 τῷ
1416 2485 1600 2556 ἀνδρίο
1634 2485 1729 2539 καὶ
1756 2487 1890 2539 πάν-

272 2596 364 2633 των
392 2579 778 2649 πτηξάντων,
813 2577 917 2631 καὶ
969 2577 1194 2647 μηδενὸς
1222 2578 1525 2649 τολμῶντος
1558 2577 1884 2644 ἐπεξελθεῖν,

267 2669 414 2722 Δαϐὶδ
434 2668 800 2739 ἀναδέχεται
825 2668 925 2721 τὸν
955 2668 1206 2738 πόλεμον.
1236 2668 1405 2733 Εἰδὼς
1436 2669 1493 2722 δὲ
1522 2669 1768 2739 ἔψαλλεν,
1803 2672 1886 2724 ὅτι

1988 2683 2148 2724 sccns
2177 2686 2302 2723 cum
2343 2669 2484 2725 viro.
2530 2669 2905 2742 Omnibusque
2936 2679 3146 2726 terrore
3176 2673 3465 2742 perculsis,
3493 2688 3558 2727 ac

265 2763 347 2817 τοῦ
375 2763 515 2816 Θεοῦ
542 2765 575 2816 ὀ
611 2762 904 2831 πόλεμος,
936 2760 1032 2814 καὶ
1058 2762 1139 2814 ὃτι
1167 2781 1186 2810 ι
1214 2762 1429 2834 Ψευδής
1456 2763 1624 2825 ἵππος
1666 2764 1748 2825 είς
1778 2780 1884 2816 σω-

1988 2761 2204 2815 nemine
2238 2761 2474 2816 audente
2506 2764 2747 2831 prodire,
2779 2761 2944 2816 David
2976 2778 3209 2834 pugnam
3241 2764 3554 2834 suscipit“.

264 2855 465 2926 τηρίαν,
485 2856 549 2909 ὲν
580 2854 650 2908 δὲ
684 2852 904 2923 πλήθει
924 2853 1207 2924 δυνάμεως
1224 2854 1388 2908 αὑτοῦ
1421 2855 1480 2908 οὐ
1511 2854 1832 2925 σωθήσεται.
1859 2875 1878 2907 ι

1990 2851 2205 2905 Etcum
2250 2867 2357 2906 non
2415 2853 2623 2908 inscius
2669 2860 2836 2919 esset,
2872 2854 3139 2924 psallebat
3167 2873 3179 2908 :
3210 2853 3423 2908 Domini
3471 2863 3557 2910 est

270 2947 406 3019 ᾚδει
435 2948 474 3002 ἃ.
495 2945 760 3017 ἔψαλλεν
781 2961 796 2974 ·
831 2941 983 3016 εἶχεν
998 2945 1158 2999 ὅπλον
1173 2947 1423 3017 μέγιστον
1446 2947 1547 3018 τὴν
1571 2947 1771 3009 πίστιν,
1789 2949 1884 3001 καὶ⁹

1988 2940 2181 2996 bellum
2213 2951 2325 3003 :et,
2353 2961 2371 2993 ι
2404 2943 2589 2999 Fallax
2611 2960 2784 3015 equus
2807 2945 2874 2998 ad
2909 2946 3161 3003 salutem.
3189 2946 3240 2999 in
3273 2945 3557 3000 abundan-

264 3038 718 3109 περικεφαλαίαν
779 3036 1076 3106 περιέθετο
1127 3040 1414 3111 σωτηρίου,
1461 3041 1556 3093 καὶ
1600 3039 1883 3093 ἀναλαϐὼν

1988 3035 2056 3087 tia
2077 3046 2255 3088 autem
2276 3035 2491 3089 virtutis
2510 3051 2622 3090 suae
2637 3051 2744 3089 non
2764 3036 3067 3091 salvabitur
3083 3036 3146 3091 “.
3163 3056 3181 3087 ι
3202 3038 3417 3091 Sciebat
3435 3052 3556 3107 quae

267 3131 447 3201 ράιδον
472 3132 577 3185 καὶ
610 3129 961 3202 σφενδόνην,
988 3130 1080 3183 τὸν
1098 3130 1243 3183 λίθον
1271 3131 1643 3203 περιειλήσας,
1671 3132 1880 3202 πλήξας

1988 3128 2267 3196 psalleret.
2298 3128 2591 3181 Inaximum
2618 3128 2838 3182 tenebat
2864 3129 3053 3193 telum,
3081 3144 3272 3198 nempe
3295 3129 3474 3191 iidem,
3499 3137 3555 3184 et

262 3221 344 3274 τὸν
372 3221 690 3284 ἀντίδικον,
746 3222 1043 3291 συντόμως
1087 3223 1407 3293 κατήνεγκε.
1456 3223 1882 3295 Παρατρέχομεν

1988 3215 2088 3286 5]
2134 3218 2343 3286 galeam
2401 3218 2505 3271 sibi
2551 3218 2746 3273 salutis
2802 3218 3174 3287 imposuerat:
3230 3229 3555 3291 arreptaque

263 3313 361 3385 γάρ
389 3314 458 3368 τὰ
486 3315 761 3386 ῥήματα·
810 3311 1009 3384 ἐπειδὴ
1038 3312 1098 3364 ού
1126 3312 1282 3366 τοῦτο
1307 3314 1403 3367 νῦν
1427 3316 1544 3367 ἐστι
1570 3314 1632 3368 τὸ
1662 3315 1883 3386 προκεί-

1988 3308 2138 3377 virga
2175 3316 2231 3363 et
2290 3307 2479 3372 funda,
2538 3308 2915 3363 circumvolvit
2969 3309 3226 3379 lapidem,
3282 3312 3554 3381 percussit

270 3425 440 3477 μενον.
484 3410 760 3463 Ἔπεσεν
805 3409 837 3461 6
871 3407 1070 3460 Γολιὰθ
1113 3409 1141 3461 6
1172 3408 1346 3479 μέγας
1379 3409 1487 3462 ὑπὸ
1526 3409 1621 3462 τοῦ
1660 3410 1881 3484 μικροῦ,

1988 3399 2389 3463 adversarium,
2421 3401 2713 3471 subitoque
2754 3402 3071 3471 prostravit.
3119 3399 3295 3455 Verba
3327 3417 3556 3471 percur-

1982 3493 2191 3548 rimus:
2234 3493 2288 3547 id
2330 3496 2531 3566 quippe
2579 3510 2687 3549 non
2724 3494 2836 3562 jam
2874 3496 3033 3549 nobis
3077 3498 3414 3567 propositum
3445 3502 3550 3553 est.

1983 3584 2301 3642 Prosltatus
2328 3595 2413 3642 est
2450 3589 2705 3644 immanis
2734 3588 2824 3644 ille
2856 3587 3070 3647 Goliatb
3105 3603 3136 3641 a
3169 3590 3417 3658 parvulo,
3454 3605 3552 3658 pe-

1982 3678 2124 3732 ritus
2150 3679 2218 3732 ab
2266 3680 2516 3748 imperito
2544 3688 2599 3734 et
2648 3681 2998 3750 simpliciore.
3063 3679 3404 3749 Sumensque
3446 3680 3553 3734 Da-

1980 3770 2068 3823 vid
2096 3770 2243 3823 illius
2275 3770 2537 3839 gladium,
2568 3780 2734 3840 caput
2764 3772 2865 3841 ipsi
2910 3772 3180 3841 praecidit.
3222 3772 3398 3841 Caput
3422 3788 3555 3827 vero

1989 2212 2294 2282 praegrandi
2326 2212 2544 2283 quidem
2599 2223 2827 2285 opertus
2878 2217 3092 2287 clypeo,
3143 2218 3356 2273 hastam
3402 2221 3567 2274 attol-

1989 2303 2128 2366 lens,
2161 2304 2574 2373 borrendasque
2601 2322 2797 2375 gerens
2828 2323 3019 2363 ocreas
3046 2327 3059 2363 ε
3089 2325 3252 2379 quem
3289 2310 3378 2378 qui
3412 2311 3565 2367 vide-

1987 2401 2111 2447 rent
2135 2392 2434 2464 fugiebant,
2467 2395 2705 2466 Saulque
2735 2398 3149 2452 reformidabat.
3183 2398 3339 2455 Venit
3365 2400 3563 2457 fratres

1987 2482 2268 2539 iuvisurus
2305 2482 2493 2544 David.
2529 2495 2691 2555 atque
2718 2502 2915 2543 manus
2940 2490 3185 2544 conserit
3215 2490 3393 2546 nudus
3434 2507 3561 2547 cum

1987 2585 2218 2639 armato,
2249 2592 2444 2646 pugna:
2488 2578 2775 2648 imperitus
2817 2594 2939 2634 cum
2975 2582 3324 2650 peritissimo,
3373 2583 3559 2638 adole-

268 3503 355 3554 καὶ
394 3504 425 3554 6
471 3502 772 3572 ἔμπειρος
819 3498 932 3553 ὑπὸ
973 3498 1071 3552 τοῦ
1104 3501 1329 3573 ἀπείρου
1370 3501 1465 3555 καὶ
1502 3501 1882 3572 άφελεστέρου.

267 3592 373 3645 Kal.
397 3592 585 3647 λαϐὼν
615 3590 808 3646 αὐτοῦ
843 3591 910 3644 τὸ
952 3590 1128 3660 ξίφος,
1163 3591 1436 3663 ἀπέτεμεν
1465 3591 1630 3646 αὐτοῦ
1665 3593 1762 3663 τὴν
1789 3609 1882 3645 κε-

270 3683 460 3754 φαλήν.
489 3685 611 3739 Καὶ
635 3685 676 3755 ἡ
702 3682 815 3754 μὲν
840 3679 1055 3752 κεφαλὴ
1075 3682 1353 3753 ἀπηνέχθη
1378 3684 1437 3735 ὲν
1471 3682 1880 3755 Ἱεροσολύμοις·

272 3774 330 3828 τὸ
355 3776 412 3829 δὲ
437 3776 598 3847 ξίφος
634 3774 822 3829 αὑτοῦ
850 3775 1103 3845 ἐτηρεῖτο
1130 3776 1281 3846 παρά
1314 3774 1598 3846 Ἀϐιμελὲχ
1619 3774 1698 3846 τῷ
1725 3777 1880 3847 ἱερεῖ.

286 3865 596 3939 Ἐλυτρώθη
642 3869 678 3921 6
713 3864 853 3929 λαὸς
900 3866 1008 3918 ὑπὸ
1047 3865 1139 3918 τοῦ
1181 3865 1472 3920 ἀντιδίκου.
1524 3865 1772 3938 Ἐξῆλθον
1805 3868 1884 3929 εἰς

278 3950 573 4025 ὑπάντησιν
606 3955 892 4023 γυναῖκες
921 3951 1261 4023 χορεύουσαι·
1297 3953 1533 4025 θυμηδία
1569 3955 1678 4025 γάρ
1714 3949 1783 4025 ἦν
1820 3956 1882 4008 τὸ

280 4045 666 4116 προκείμενον
700 4044 880 4114 φόϐος
906 4043 964 4096 δὲ
987 4043 1171 4115 ἐλύθη,
1193 4046 1222 4098 6
1242 4045 1433 4117 ἐχθρὸς
1463 4046 1677 4112 ἔπεσεν,
1705 4048 1733 4100 6
1754 4046 1882 4111 λαὸς

278 4132 513 4203 ἐπήνθει·
535 4137 789 4207 χορεῖαι,
823 4134 924 4186 καὶ
950 4132 1224 4203 τύμπανα,
1255 4135 1351 4189 καὶ
1380 4135 1636 4207 ἁρμονία,
1670 4137 1764 4190 καὶ
1792 4138 1883 4190 εὐ-

284 4225 517 4296 φροσύνη
548 4227 617 4279 τὸ
652 4223 1051 4297 προκείμενον.
1087 4225 1151 4278 Δί
1187 4225 1244 4279 δὲ
1277 4226 1597 4299 χορεύουσαι
1629 4223 1779 4311 ᾖδον,
1817 4227 1880 4282 οὐ

283 4313 413 4385 πρὸς
446 4316 610 4383 ἀξίαν
645 4313 972 4386 άφορῶσαι,
1004 4313 1137 4367 ἀλλά
1166 4314 1303 4386 πρὸς
1332 4315 1394 4369 τὸ
1423 4316 1736 4387 ἐνεργῆσαι⁸
1765 4316 1881 4369 ἕλε-

279 4421 368 4472 γσν
390 4406 521 4478 γάρ·
553 4426 573 4459 ι
620 4404 938 4472 Ἐπάταξεν
965 4407 993 4459 ὁ
1015 4405 1180 4459 Δαϐὶδ
1205 4409 1263 4460 ὲν
1292 4407 1546 4478 μυριάσιν
1573 4406 1760 4471 αὑτοῦ,
1785 4409 1878 4462 καὶ

1985 3861 2328 3930 deportatum
2351 3872 2432 3916 ρει
2460 3859 2912 3932 Hierosolymam,
2933 3861 3252 3933 gladiusque
3284 3865 3404 3932 ejus
3432 3878 3551 3918 ser-

1980 3952 2213 4005 vabatur
2254 3952 2397 4022 apud
2442 3952 2852 4007 Abimelecbum
2902 3952 3262 4008 sacerdotem.
3313 3952 3449 4008 Tum
3485 3955 3552 4008 li-

1985 4040 2208 4097 beratus
2238 4043 2472 4112 populus
2515 4050 2600 4098 est
2638 4044 2707 4097 ab
2749 4045 3083 4099 adversario.
3139 4043 3385 4116 Egressa:
3422 4055 3551 4101 sunt

1983 4133 2041 4187 in
2088 4148 2382 4187 occursum
2416 4133 2538 4202 ejus
2596 4132 2814 4189 feminae
2843 4135 3073 4192 choreas
3121 4143 3384 4207 agentes:
3431 4138 3550 4193 beta

1979 4224 2179 4293 quippe
2227 4224 2520 4279 admodum
2579 4240 2669 4280 res
2718 4226 2809 4280 illa
2855 4236 2993 4289 erat,
3032 4226 3316 4298 depositus
3349 4236 3548 4294 metus,

1979 4323 2291 4385 prostratus
2334 4315 2533 4380 hostis,
2586 4318 2821 4386 populus
2886 4319 3112 4374 ﬂorente
3172 4319 3322 4373 vultu
3383 4328 3547 4387 erat;

1979 4404 2109 4459 hinc
2143 4406 2375 4466 choreae,
2410 4413 2689 4477 tympana.
2740 4406 3022 4459 harmonia
3064 4412 3117 4459 et
3157 4406 3405 4459 omnium
3458 4404 3548 4459 la:-

279 4496 447 4551 Σαοὺλ
476 4501 538 4552 ὲν
568 4498 817 4569 χιλιάσιν
852 4495 1043 4551 αὐτοῦ.
1083 4517 1100 4548 ι
1138 4498 1249 4551 Καὶ
1283 4496 1366 4568 τῷ
1411 4500 1691 4571 νικήσαντι
1744 4499 1873 4554 ἔδω-

1988 4506 2071 4553 lus
2107 4497 2346 4552 animus.
2380 4494 2553 4550 Porro
2576 4496 2806 4550 choreas
2853 4504 3073 4567 agentes
3099 4496 3225 4557 illae.
3256 4496 3548 4563 canebant,

279 4605 377 4640 καν
399 4590 502 4655 τάς
527 4589 803 4662 χιλιάδας,
829 4588 932 4642 καὶ
959 4588 1061 4642 οὐκ
1087 4583 1261 4651 εἷπον,
1286 4588 1448 4642 πόσαι
1469 4589 1724 4660 χιλιάδες,
1753 4590 1873 4644 οὐδὲ

1988 4604 2090 4644 non
2125 4590 2308 4643 habita
2334 4589 2620 4659 dignitatis
2652 4588 2884 4652 ratione,
2917 4590 3009 4642 sed
3042 4598 3315 4660 gestarum
3344 4603 3548 4652 rerum,

277 4677 441 4733 πίισαι
473 4680 767 4752 μυριάδες.
797 4679 1071 4733 Δύνανται
1098 4678 1153 4731 δὲ
1189 4679 1282 4733 καὶ
1312 4680 1571 4750 μυριάδες
1602 4680 1870 4752 ἀναλυθῆ-

1988 4681 2371 4750 iicebautque:
2409 4698 2428 4730 ι
2457 4679 2736 4735 Percussit
2768 4678 2935 4732 David
2962 4680 3013 4732 in
3048 4679 3384 4750 myriadibus
3408 4678 3546 4741 suis,

277 4786 360 4822 ναι
387 4775 468 4836 εἰς
496 4773 777 4844 χιλιάδας,
815 4774 916 4827 καὶ
954 4770 1189 4842 χιλιάδες
1230 4773 1762 4848 πολυπλασιασθῑψαι
1792 4778 1872 4839 εἰς

1988 4778 2027 4826 ξι
2062 4769 2191 4826 Saul
2224 4771 2279 4824 in
2318 4771 2558 4824 millibus
2587 4771 2725 4826 suis.
2758 4788 2776 4821 ι
2837 4767 3041 4823 Victori
3101 4772 3264 4823 etiam
3310 4767 3544 4839 (Davidi)

278 4861 568 4930 μυριάδας.
615 4865 677 4917 Ὀ
710 4861 912 4926 Σαοὺλ,
938 4861 1198 4928 ἀκούσας,
1237 4864 1448 4938 ἐπλήγη
1479 4865 1577 4938 τήν
1610 4866 1867 4921 διάνοιαν.

1988 4863 2143 4917 nillia
2194 4861 2428 4917 dedere:
2468 4878 2644 4933 neque
2675 4861 2861 4916 dixere
2909 4868 3043 4930 quot
3074 4861 3265 4923 millia,
3299 4860 3380 4913 vel
3415 4866 3547 4926 quin

279 4950 341 5002 Ὦ
370 4944 619 5027 μεγάλης
652 4955 881 5020 άνοίαςε
917 4954 1035 5007 Οὐκ
1067 4955 1171 5009 ἔδει
1200 4957 1304 5010 κᾶν
1329 4957 1391 5010 τὸ
1425 4960 1596 5029 παρὸν
1624 4960 1871 5032 αἰδεσθῆ-

1988 4953 2274 5026 myriadas.
2310 4953 2551 5010 Possunt
2585 4961 2734 5010 certe
2767 4954 3044 5025 myriades
3088 4951 3286 5007 resolvi
3340 4952 3394 5004 in
3429 4949 3546 5003 ehi-

276 5058 390 5109 ναις
419 5047 484 5098 Τί
510 5047 838 5117 βασκαίνεις
865 5044 1142 5118 ἀνθρώπῳ
1169 5052 1384 5121 νικητῇ,
1411 5052 1469 5104 ὲν
1502 5052 1602 5122 μιᾷ
1632 5052 1750 5124 ὥρᾳ
1783 5054 1875 5106 ei»

1988 5050 2173 5114 liadas,
2207 5056 2263 5103 et
2314 5048 2581 5105 cbiliades
2611 5050 2958 5119 multiplicari
3011 5048 3064 5101 in
3120 5043 3409 5116 myriadas.
3448 5040 3546 5097 His

278 5140 637 5211 φημουμένῳ,
666 5142 697 5194 6
725 5140 823 5192 ἐπὶ
857 5140 1272 5210 τεσσαράκοντα
1311 5140 1524 5213 ἡμέρας
1563 5144 1873 5215 κρυπτόμε-

1988 5142 2109 5198 Saul
2143 5143 2349 5222 auditis
2377 5144 2559 5197 animo
2590 5143 2878 5212 perculsus
2907 5147 3011 5195 est.
3052 5137 3097 5192 0
3127 5150 3376 5204 magnam
3407 5134 3545 5188 stul‘

277 5242 396 5294 νοςς
425 5230 541 5284 Τῶν
566 5230 787 5304 ἐχθρῶν
817 5226 1156 5301 ἐλυτρώθης,
1181 5232 1234 5284 τί
1269 5231 1581 5302 βασκαίνεις
1605 5234 1874 5306 ἀνθρώπῳ

1988 5235 2190 5289 litiaml
2242 5233 2434 5289 Nonne
2484 5234 2728 5303 oportuit
2761 5233 2843 5285 vel
2883 5229 3117 5301 quodam
3153 5227 3232 5281 rei
3259 5224 3545 5296 praesentis

277 5315 669 5393 ἐπαινουμένῳ,
700 5321 851 5395 ἔργα
881 5317 1012 5383 ἄξια
1030 5320 1265 5376 ἐπαίνων
1292 5324 1676 5396 ὲργασαμένῳ;
1711 5324 1869 5381 Ἀλλὰ

1988 5326 2185 5397 pudore
2234 5326 2446 5382 teneri?
2510 5324 2650 5390 Quid
2711 5323 2921 5379 invides
2976 5318 3194 5381 victori,
3253 5333 3361 5371 una
3411 5316 3544 5370 liora

279 5409 413 5479 πρὸς
429 5413 614 5468 ἑαυτὸν
644 5410 1129 5481 ἔλεγενοἘδωκαν
1151 5411 1230 5483 τῷ
1259 5413 1425 5468 Δαεὶδ
1449 5416 1547 5480 τὰς
1582 5417 1866 5490 μυριάδας,

1988 5418 2178 5474 faustis
2201 5419 2432 5475 vocibus
2463 5418 2756 5485 celebrato,
2798 5417 2891 5486 qui
2920 5414 2987 5470 ad
3028 5411 3392 5485 quadraginta
3424 5410 3542 5464 dies

278 5502 366 5554 καὶ
408 5506 526 5577 ἐμοὶ
560 5506 665 5571 τὰς
715 5502 1002 5578 χιλιάδας.
1050 5504 1160 5558 Καὶ
1198 5500 1267 5577 ἦν
1317 5506 1750 5579 ύποϐλεπόμενος
1777 5510 1870 5565 τὸν

1988 5509 2226 5566 latuisti?
2277 5509 2361 5565 Ab
2411 5509 2661 5567 hostibus
2704 5514 2942 5577 ereptus.
3003 5503 3130 5575 quid
3177 5503 3397 5557 laudato
3424 5502 3543 5554 viro

276 5593 449 5650 Διδιδ.
962 5616 965 5621 ·
1980 5600 2213 5666 invides,
2248 5599 2342 5670 qui
2384 5598 2641 5656 laudibus
2677 5596 2841 5668 digna
2886 5595 3059 5654 edidit
3098 5590 3384 5653 facinora!
3431 5586 3542 5649 Sed

328 5770 378 5804 “
414 5772 433 5829 Ι
463 5773 601 5849 Reg.
641 5787 805 5839 xm,
845 5767 1007 5827 δἐι.
1079 5770 1121 5805 ⁸⁸
1159 5769 1306 5831 Psat.
1340 5791 1524 5846 uxu,
1559 5776 1646 5833 l7.
1723 5776 1828 5855 “gl
1862 5776 1996 5851 Reg.
2030 5793 2197 5844 xvm,
2231 5776 2282 5833 7.
